4102 6374
395 417 514 479 719

1713 401 2022 468 ΝΙΟΕΤΕ
2063 401 2485 468 ΟΗΟΝΙΔΤΕ

3693 405 3813 472 720

396 545 627 618 quando
657 543 1019 618 Mosynopoli
1050 543 1375 616 praedatum
1414 540 1746 598 exeundum
1815 541 1940 595 erat
1987 542 2045 592 et

2161 532 2282 591 ἀλλ’
2313 530 2344 591 ὅ
2376 536 2472 612 μὶν
2499 542 2598 595 τοῦ
2630 537 2943 616 Στρυμόνος
2972 559 3121 596 επινε
3148 541 3242 597 καὶ
3291 538 3541 612 ἐλούετο,
3590 541 3810 621 φθεῖρον

397 640 765 693 commeatus
794 633 1223 706 importandus.

2152 626 2220 680 τὰ
2275 629 2391 681 κατ’
2436 627 2797 703 Ἀμφίπολιν,
2855 628 2886 684 ὅ
2942 628 2999 685 δὲ
3053 632 3535 707 προπορευόμενον
3582 631 3819 707 γεγηθὸς

396 725 486 781 καὶ
528 726 643 781 οἷον
709 724 1062 801 προαρπάζον
1128 723 1227 792 τήν
1296 720 1373 789 είς
1439 721 1537 788 τὴν
1612 716 2008 793 βασιλεύουσαν
2074 712 2285 771 ε’ίσοδον
2353 719 2490 775 κατὰ
2559 718 2948 778 Μοσυνόπολιν
3016 720 3525 796 ἐστρατοπεδεύετο.
3582 722 3697 780 Ἀεὶ
3757 718 3816 776 δὶ

397 820 651 878 νικῶντες
708 815 796 871 καὶ
863 811 1071 887 μηδένα
1119 813 1210 868 τὸν
1263 812 1316 875 ἐς
1367 816 1559 887 χεῖρας
1615 806 1838 884 ἔχοντες
1894 805 2115 861 ἐπιόντα
2176 806 2603 882 ἀπερισκέπτους
2654 806 2825 885 ἔδρων
2882 811 2976 874 τας
3008 809 3282 886 ἐκδρομὰς
3336 812 3427 867 καὶ
3485 812 3624 868 κατὰ
3685 809 3811 874 ἴλας

400 902 804 970 ἀποδιίσταντο,
862 903 952 959 καὶ
1011 900 1182 965 ἃλλος
1243 899 1466 968 ἄλλοθι,
1524 898 1705 972 ὥσπερ
1762 896 1968 969 ἑκάστῳ
2026 893 2213 971 φίλον,
2281 895 2762 974 ἀπεσκεδάννυντο,
2829 899 2881 956 εἷ’
2942 921 3076 956 ποτε
3143 898 3384 973 δεήσειεν
3452 901 3643 971 ἐξιέναι
3711 920 3812 973 της

400 992 837 1057 Μοσυνοπόλεως
865 992 953 1050 ἐπὶ
985 991 1216 1067 ληϊσμῷ
1235 991 1325 1047 καὶ
1351 994 1431 1063 τῷ
1454 990 1521 1045 τὰ
1550 985 1836 1059 ἐπιτήδεια
1867 985 2285 1063 εἰσενέγκασθαι.

470 1087 753 1144 2.Branas
776 1086 952 1158 igitur
972 1084 1109 1152 dux,
1140 1084 1525 1139 Barbarorum
1549 1077 1904 1152 negligentia
1924 1077 2048 1133 ani-

400 1182 724 1245 madversa,
757 1192 859 1247 per
875 1175 1238 1231 occasionem
1254 1170 1494 1228 adducit
1541 1170 1879 1238 exercitum,
1902 1181 2052 1240 tsgre

400 1267 698 1342 persuasis
722 1266 1012 1322 militibus
1031 1271 1096 1321 ut
1118 1262 1361 1336 paulum
1384 1279 1416 1317 e
1444 1261 1744 1316 montibus
1774 1258 1831 1313 in
1861 1256 2054 1330 plani-

397 1359 535 1415 tiem
556 1354 1116 1419 descenderent.0ui
1138 1369 1276 1410 cum
1293 1351 1474 1425 primo
1488 1365 1806 1420 congressu
1830 1346 2055 1417 aliquot

398 1449 671 1505 cohortes
697 1445 955 1502 hostium
977 1443 1220 1499 feliciter
1241 1441 1708 1513 propulsassent,
1730 1435 2053 1510 Myrmido-

399 1556 539 1594 num
568 1535 822 1591 fabulam
843 1535 1036 1602 reipsa
1057 1530 1408 1587 conﬁrmaro
1421 1532 1504 1595 nt,
1528 1528 1722 1582 statim
1747 1525 1854 1581 viri
1876 1525 2050 1578 fortes

400 1624 818 1689 facti,suhinde
839 1621 913 1677 iis
933 1621 1029 1689 qui
1055 1627 1220 1692 terga
1252 1619 1472 1673 dabant
1503 1615 1738 1681 occisis,
1761 1618 1820 1669 et
1853 1612 2050 1667 hostes

400 1715 471 1772 ad
491 1714 683 1785 ipsam
707 1727 894 1782 usque
933 1713 1191 1780 Mosynot
1216 1707 1355 1763 olim
1405 1704 1715 1778 persecuti.
1750 1701 1819 1759 Ut
1852 1706 2047 1756 autem

402 1821 537 1861 cum
563 1801 787 1858 ceteris
807 1814 1033 1871 quoque
1046 1797 1293 1853 feliciter
1309 1791 1867 1864 dimicarunt,etiam
1891 1788 2052 1861 cppi-

404 1894 547 1950 dum
579 1892 851 1947 invadere
882 1893 1257 1953 statuerunt;
1294 1890 1351 1942 et
1386 1882 1868 1957 portisincensis,
1902 1895 2050 1953 quas

404 1986 605 2039 hostes
628 1981 755 2052 jam
796 1977 981 2034 territi
1013 1975 1443 2041 custodiebant,
1477 1973 1864 2028 Barbarorum
1884 1967 2051 2025 cedi-

402 2072 518 2128 bus
541 2075 672 2142 post
694 2069 1035 2125 diuturnam
1062 2064 1143 2123 rei
1165 2064 1386 2120 bellica:
1408 2064 1621 2118 famem
1642 2062 1784 2116 sunt
1813 2058 2047 2132 expleti.

2230 1076 2295 1150 β“.
2349 1075 2599 1150 Φυλάξας
2629 1078 2810 1135 τοίνυν
2860 1080 2887 1136 ὁ
2938 1080 3238 1156 στρατηγὸς
3298 1082 3508 1155 Βρανᾶς
3549 1079 3619 1135 τὰ
3662 1079 3811 1154 παρά

2153 1168 2262 1220 τῶν
2296 1161 2728 1244 βαρϐάρωνῶδὲ
2765 1191 2842 1242 πῃ
2891 1169 3176 1246 γινόμενα,
3226 1170 3329 1239 τήν
3370 1167 3621 1245 στρατιὰν
3664 1168 3806 1224 ἑπά-

2157 1274 2241 1330 γει
2299 1256 2435 1312 κατά
2484 1258 2697 1334 καιρὸν,
2763 1257 2926 1333 μόλις
2982 1258 3173 1322 πείσας
3245 1258 3548 1325 ἀποστῆναι
3612 1258 3806 1333 μικρὸν

2155 1348 2266 1400 τῶν
2300 1345 2469 1421 ὀρέων
2502 1348 2592 1402 καὶ
2654 1346 2871 1424 βαδίσαι
2920 1349 3056 1405 ποτὶ
3103 1347 3194 1404 καὶ
3239 1345 3422 1403 πεδίον
3471 1345 3809 1418 ἳππήλατον.

2162 1435 2259 1491 Καὶ
2299 1437 2374 1499 ὡς
2431 1433 2630 1505 ⁴ἤνυσάν
2680 1458 2731 1493 τι
2784 1439 3026 1514 χρηστὸν
3085 1438 3146 1494 ἐκ
3201 1439 3430 1514 πρώτης
3487 1438 3668 1513 ὁρμῆς
3722 1437 3814 1494 καὶ

2160 1530 2358 1599 μοῖραν
2390 1524 2683 1600 ἓτρέψαντο
2725 1532 2835 1582 τῶν
2892 1527 3231 1596 ἀντιπάλων,
3289 1529 3382 1582 τὸν
3430 1531 3539 1583 τῶν
3591 1533 3814 1601 Μυρμι-

2158 1609 2330 1668 δόνων
2407 1618 2576 1684 μῦθον
2651 1613 2835 1693 ἔργοις
2911 1615 3098 1679 αὐτοῖς
3156 1614 3547 1687 ἐπιστώσαντο,
3615 1614 3816 1693 αἴφνης

2155 1702 2231 1765 εἰς
2278 1703 2512 1779 ἀγαθοὺς
2560 1701 2754 1780 ἄνδρας
2817 1704 3191 1778 μετατεθέντες
3246 1704 3335 1760 καὶ
3395 1706 3477 1760 ἀεὶ
3525 1706 3617 1760 τὸν
3677 1702 3812 1760 ὄπι-

2154 1802 2274 1856 σθεν
2304 1794 2412 1867 (22)
2443 1791 2763 1856 κτείνοντες.
2814 1788 3023 1864 Συνέϐη
3081 1790 3127 1848 δ’
3176 1791 3496 1862 ἐπιταθῆναι
3548 1795 3648 1864 τὴν
3705 1798 3814 1848 τῶν

2152 1879 2438 1953 πολεμίων
2495 1879 2772 1953 ἐπιδιωξιν
2823 1881 2915 1938 καὶ
2972 1881 3110 1938 κατᾶ
3180 1880 3562 1939 Μοσυνόπολιν
3619 1881 3811 1953 αὐτήν.

2155 1969 2417 2046 Εὐτυχῶς
2456 1968 2514 2026 δὲ
2568 1972 2659 2027 καὶ
2714 1976 2833 2034 τοῖς
2890 1969 3084 2045 ἑφεξῆς
3143 1969 3584 2047 προσπλακὲντες
3639 1970 3812 2027 ἐπιτί-

2153 2061 2330 2114 θενται
2361 2060 2453 2116 καὶ
2482 2066 2601 2122 τοῖς
2647 2064 2745 2116 τοῦ
2789 2059 3135 2134 πολίσματος
3186 2058 3393 2127 ἔνδοθι.
3447 2061 3672 2136 Ἀμέλει
3721 2060 3813 2117 καὶ

401 2136 600 2233 quue
624 2175 898 2215 successu
932 2173 1047 2213 non
1070 2151 1352 2218 contenti,
1382 2154 1452 2209 ad
1475 2168 1575 2208 eos
1601 2150 1753 2206 469
1786 2149 1886 2221 qui
1908 2150 2050 2203 Am-

2161 2149 2252 2212 τὰς
2279 2147 2459 2211 πύλας
2516 2150 2661 2225 παρὰ
2698 2153 2805 2205 τῶν
2864 2147 3150 2222 πολεμίων
3213 2149 3622 2228 φρουρουμένας
3677 2148 3810 2225 (ἤδη

401 2248 690 2323 phipolim
714 2247 990 2304 tenebant
1016 2248 1445 2319 properarunt;
1478 2246 1536 2298 et
1573 2239 1832 2297 hostium
1868 2237 2052 2294 armis

403 2346 581 2411 atque
611 2338 775 2410 equis
808 2335 1100 2402 instructi,
1134 2339 1358 2406 partem
1391 2348 1519 2405 quae.
1552 2328 1746 2387 adhuc
1787 2328 1859 2384 ad
1890 2328 2053 2400 Stry-

401 2444 636 2487 monem
666 2428 1009 2483 versabatur
1029 2428 1170 2480 sunt
1190 2421 1401 2478 adorti.
1437 2420 1518 2477 lbi
1548 2434 1743 2475 rerum
1795 2417 1941 2474 facie
1963 2418 2051 2471 di-

400 2519 621 2576 vinitus
652 2520 894 2587 mutata,
927 2514 1150 2587 pridem
1187 2513 1406 2569 feroces
1446 2514 1503 2567 et
1563 2508 1904 2575 insolentes,
1952 2505 2053 2578 qui

404 2626 466 2665 se
481 2614 643 2665 tanto
655 2623 709 2662 m
728 2622 842 2662 non
858 2608 1085 2661 montes
1098 2602 1285 2658 hastis
1307 2615 1613 2656 eversuros
1654 2598 2053 2667 minabantur,

406 2699 564 2755 fama
584 2698 653 2753 de
675 2710 916 2752 suorum
940 2693 1010 2749 ad
1036 2690 1462 2765 Mosynopolim
1490 2689 1653 2745 clade
1675 2684 2052 2753 consternati,

404 2787 575 2861 quasi
606 2784 851 2842 fulmine
881 2781 979 2839 icti
1012 2787 1115 2839 aut
1141 2779 1396 2849 attoniti,
1427 2794 1683 2852 pugnam
1709 2775 2055 2833 differebant

404 2882 464 2935 et
502 2876 744 2949 segnius
774 2874 835 2930 in
864 2872 1049 2929 aciem
1101 2867 1549 2927 descendebant.
1610 2865 1858 2923 Romani
1901 2881 2053 2932 vero,

403 2966 712 3040 repudiata
741 2962 995 3036 ignavia,
1027 2964 1093 3016 ut
1121 2958 1408 3015 sublimes
1442 2955 1650 3029 aquila
1691 2955 1748 3010 in
1797 2953 2056 3010 humiles

404 3053 664 3114 aviculas
693 3052 980 3125 impetum
1001 3049 1061 3105 in
1083 3064 1183 3106 eos
1206 3050 1391 3104 facere
1413 3047 1680 3113 avebant,
1709 3047 1766 3100 et
1813 3060 1947 3101 cum
1981 3043 2055 3099 iis

403 3143 676 3217 congredi
718 3158 755 3198 ο.
783 3140 1001 3212 quibus
1029 3134 1471 3193 contumeliosis
1501 3134 1693 3190 verbis
1715 3133 1899 3205 spreti
1932 3133 2055 3189 fue-

403 3232 705 3290 rant.Cum
729 3236 927 3286 autem
956 3227 1015 3282 in
1043 3225 1369 3283 Demetrizaa
1418 3239 1626 3296 campo
1670 3226 1918 3294 uterque
1947 3237 2054 3277 ex-

402 3320 620 3380 ercitus
659 3316 1053 3383 convenisset,
1108 3314 1287 3369 Siculi
1353 3321 1573 3368 metum
1629 3326 1804 3368 suum
1866 3309 2056 3381 magis

403 3412 579 3469 etiam
612 3407 982 3465 declararunt
1010 3404 1218 3476 legatis
1247 3402 1319 3459 ad
1353 3401 1605 3457 Branam
1637 3400 1709 3456 de
1748 3414 1889 3472 pace
1920 3399 2058 3455 mis-

2161 2237 2266 2314 γὰρ
2308 2233 2478 2315 φόϐος
2525 2239 2618 2294 καὶ
2666 2239 2975 2315 φρικασμὸς
3033 2238 3229 2302 αὐτοὺς
3287 2240 3645 2315 περιεκέχυτο
3705 2240 3816 2294 σώ-

2167 2331 2355 2402 ματος)
2386 2326 2711 2403 παραδόντες
2740 2330 2894 2407 πυρὶ,
2940 2326 3405 2400 εἴσπεπηδηκότες
3452 2324 3648 2394 ἔσωθεν
3703 2333 3814 2405 (23)

2162 2416 2501 2474 ἐνειπιῶντο
2548 2423 2668 2483 ταῖς
2721 2424 2973 2499 σφαγαῖς,
3024 2417 3113 2475 ἐπὶ
3172 2419 3375 2493 μακρὸν
3423 2418 3673 2473 ἀπόσιτοι
3719 2418 3816 2474 ὅν-

2161 2528 2249 2571 τες
2286 2508 2711 2582 καρυκευμάτων
2763 2507 3020 2583 ἀρεϊκῶν.
3079 2509 3167 2571 Ὠς
3225 2505 3272 2562 δ’
3327 2501 3524 2584 ἔφαγον
3574 2507 3815 2565 πλοῦτον

2163 2596 2327 2652 ἐθνῶν
2364 2595 2773 2669 ἐνεπλήσθησάν
2837 2617 2897 2652 τε
2955 2596 3046 2651 καὶ
3113 2594 3479 2668 ὲλιπάνθησαν
3534 2602 3653 2661 τοῖς
3712 2596 3819 2653 λα-

2164 2689 2630 2766 φυραγωγήμασι,
2668 2687 2760 2743 καὶ
2797 2686 2935 2743 κατὰ
2983 2687 3091 2743 τῶν
3148 2686 3272 2764 περὶ
3325 2688 3425 2756 τὴ)
3473 2686 3812 2766 Ἀμφίπολιν

2163 2774 2734 2854 ἔφρονηματίσθησαν,
2782 2777 2857 2838 ὡς
2907 2771 3085 2831 ἕωλον
3133 2777 3341 2856 τροφὴν
3398 2777 3499 2847 τὴν
3548 2776 3816 2853 πρότριτα

2163 2866 2318 2938 νίκην
2363 2865 2868 2942 ἀντιπαρελθόντες.
2921 2866 3167 2941 Ἀπῆραν
3219 2864 3312 2920 οῦν
3359 2866 3433 2928 ὡς
3481 2861 3807 2941 παρεμϐολή

2163 2960 2299 3013 Θεοῦ
2336 2954 2373 3026 ἤ
2413 2954 2646 3011 λεόντων
2725 2951 3114 3031 στρατόπεδον,
3192 2959 3310 3018 τοῖς
3364 2958 3472 3011 τῶν
3522 2953 3806 3027 πολεμίων

2166 3044 2356 3107 ίπποις
2420 3045 2512 3100 καὶ
2574 3042 2876 3118 ὁπλισμοῖς
2941 3045 3296 3121 φραξάμενοι,
3343 3044 3477 3100 κατὰ
3530 3049 3633 3114 τῆς
3683 3040 3811 3118 περὶ

2164 3134 2256 3191 τὸν
2287 3134 2577 3209 Στρυμόνα
2616 3132 2693 3191 ἔτι
2746 3133 3120 3207 σκηνουμὲνης
3167 3133 3370 3203 λοιπῆς
3428 3129 3651 3208 μερίδος
3705 3137 3816 3187 τῶν

2165 3222 2499 3295 ἀντιπάλων,
2525 3225 2617 3281 ’ὀτε
2645 3224 2736 3280 καὶ
2763 3227 2862 3280 τοῦ
2892 3218 3063 3280 κύϐου
3093 3223 3273 3280 θεόθεν
3324 3220 3514 3285 ἄλλως
3568 3226 3654 3293 [Ρ.
3688 3224 3817 3297 231]

2166 3314 2412 3393 ῥιφέντος
2467 3314 2520 3370 οἳ
2579 3313 2678 3388 μὶν
2724 3312 2917 3389 πρώην
2975 3311 3273 3390 ὑψαύχενες
3325 3311 3416 3368 καὶ
3472 3315 3669 3389 γαῦροι
3725 3312 3815 3367 καὶ

2169 3409 2369 3480 μικροῦ
2421 3409 2539 3466 τοῖς
2600 3400 2818 3479 δόρασιν
2871 3401 2972 3479 ὄρη
3038 3403 3357 3480 μετωρίσειν
3425 3404 3517 3460 καὶ
3577 3402 3819 3477 μεταθή-

403 3501 506 3557 sis.
540 3498 800 3564 Quorum
833 3492 1127 3569 postulata
1153 3508 1282 3548 cum
1313 3489 1594 3565 principio
1618 3488 1898 3546 Romanis
1928 3487 2047 3559 pla-

2167 3515 2276 3550 σειν
2313 3494 2714 3566 κομπάζοντες,
2764 3494 2841 3555 ὡς
2886 3486 3187 3567 καταιϐάτῃ
3234 3491 3538 3569 πληγέντες
3582 3491 3619 3562 ἢ
3655 3492 3819 3568 βρον-

405 3591 619 3659 cerent,
649 3585 860 3643 deinde
890 3583 979 3640 vel
1011 3582 1261 3639 insidias
1291 3582 1535 3637 subesse
1570 3581 1657 3637 vel
1701 3580 1939 3636 evidens
1970 3578 2051 3634 ti-

406 3676 668 3735 morisid
700 3675 940 3749 signum
995 3687 1124 3729 esse
1181 3670 1314 3738 rati,
1348 3670 1590 3726 mutatis
1648 3667 1884 3739 animis,
1935 3684 2052 3724 non

404 3766 545 3825 belli
576 3766 766 3838 signo,
798 3780 916 3820 non
948 3763 1102 3818 tuhze
1134 3760 1475 3829 sonitu,non
1495 3758 1613 3816 ullo
1640 3759 1806 3815 ducis
1827 3757 2051 3814 monitu

401 3859 755 3928 exspectato,
788 3851 1007 3909 strictis
1037 3850 1281 3908 ensibus
1338 3849 1398 3905 in
1447 3848 1645 3905 hostes
1695 3852 1898 3904 ruunt.
1945 3845 2053 3911 Qui

402 3947 558 4002 470
591 3959 724 4001 cum
755 3957 957 3998 eorum
991 3940 1272 4012 impetum
1315 3937 1390 3995 ad
1439 3942 1673 4009 tempus
1721 3937 1967 3992 ﬁdenter
1995 3940 2054 3993 et

401 4033 624 4091 fortiter
653 4030 1029 4098 tolerassent,
1060 4026 1404 4100 aliquandiu
1464 4026 1622 4082 vario
1677 4030 1884 4082 eventu
1939 4041 2047 4098 pu-

395 4128 642 4197 gnatum
675 4126 788 4178 est.
816 4120 928 4179 Sed
963 4118 1199 4175 tandem
1259 4132 1492 4172 summo
1542 4115 1927 4171 Romanorum
1964 4131 2053 4171 ar-

392 4214 532 4270 dore
577 4210 706 4268 loco
757 4208 914 4282 pulsi
972 4208 1150 4264 effuse
1212 4206 1507 4280 fugerunt,
1556 4205 1616 4261 in
1674 4221 1859 4277 eaque
1915 4206 2050 4278 fuga

390 4302 606 4374 partim
639 4297 1035 4373 capti,partim
1067 4296 1267 4364 occisi,
1303 4296 1515 4367 partim
1569 4294 1628 4350 in
1678 4294 2046 4366 Strymonem

391 4390 608 4447 ﬂumen
653 4388 764 4446 acti
805 4392 944 4445 sunt
974 4404 987 4443 ε
1021 4386 1211 4443 nostri
1269 4384 1455 4455 spolia
1500 4384 1787 4457 legerunt.
1822 4385 2048 4441 Accidit

392 4481 502 4537 hoc
528 4478 778 4551 vesperi.
806 4480 843 4531 7
882 4477 976 4532 die
1006 4475 1352 4533 Novembris
1385 4475 1622 4531 mensis.
1680 4473 1847 4546 Capti
1906 4478 2048 4530 sunt

390 4574 448 4627 et
478 4570 596 4626 duo
656 4569 834 4624 duces
891 4566 1203 4630 exercitus,
1273 4563 1556 4619 Rizardus
1615 4565 1793 4618 frater
1848 4562 2046 4618 uxoris

385 4658 623 4733 Tangri,
658 4657 761 4731 qui
789 4655 964 4713 classi
1025 4657 1293 4727 praeerat,
1351 4657 1410 4708 et
1456 4651 1782 4709 Balduinus
1813 4656 2043 4719 contus,

388 4765 506 4807 non
536 4747 635 4805 ille
691 4746 926 4819 quidem
990 4742 1170 4800 nobili
1228 4746 1287 4799 et
1343 4740 1557 4797 illustri
1614 4757 1825 4813 genere
1855 4744 2042 4810 ortus,

2161 3592 2263 3655 τῆς
2301 3580 2434 3663 ἤχῳ
2489 3580 2727 3653 ἑξαισίας
2775 3580 3181 3659 παρακοπέντες
3229 3582 3320 3638 τὸν
3375 3585 3500 3637 νοῦν
3544 3584 3661 3642 τοῖς
3704 3583 3815 3635 τῶν

2156 3677 2294 3733 κατά
2351 3675 2453 3743 τήν
2508 3669 2895 3731 Μοσυνόπολιν
2959 3671 3176 3727 οἰκείων
3241 3668 3589 3733 ἀπευκταίοις
3647 3669 3813 3725 ἂκοῦ-

2155 3783 2377 3839 σμασιν,
2409 3756 2779 3817 ἀνεϐάλλοντο
2807 3762 2907 3831 τὴν
2950 3760 3137 3836 μάχην
3168 3759 3259 3815 καὶ
3309 3757 3653 3833 ἐξετάσσοντο
3708 3759 3812 3835 ῥᾳ-

2156 3854 2361 3928 θύμως.
2399 3853 2467 3911 Οἱ
2500 3849 2559 3906 δὲ
2604 3851 2872 3926 Ῥωμαῖοι
2923 3849 2986 3906 τὸ
3038 3850 3291 3907 ταπεινὸν
3344 3846 3670 3922 ἀποθέμενοι
3715 3850 3814 3903 τοῦ

2155 3946 2506 4026 φρονήματος
2536 3941 2611 4004 ὡς
2643 3939 2720 4002 εἰς
2763 3941 2933 4015 θήραν
2984 3938 3242 4026 ὀρνίθων,
3269 3941 3633 4016 χαμαιπετῶν
3683 3937 3819 4013 ὕψι-

2155 4025 2331 4113 νεφεῖς
2376 4031 2712 4104 ἐξεποτῶντο
2760 4026 3017 4101 ἀετιδεῖς,
3070 4028 3159 4084 καὶ
3209 4025 3402 4106 ὢργων
3447 4026 3665 4104 ἀπτὲρῳ
3714 4027 3818 4082 τά-

2156 4143 2245 4200 χει
2278 4121 2668 4197 συμπλακῆναι
2728 4119 2815 4184 ὑφ⁹
2861 4119 2935 4174 ὧν
2986 4119 3125 4189 ἦσαν
3176 4116 3628 4193 ἀπορνιθοόμενοι
3676 4116 3819 4191 πρό-

2154 4233 2309 4288 τερον
2366 4207 2649 4272 ὀνειδείοις
2701 4207 2963 4287 ῥήμασιν.
3025 4208 3177 4266 Ἐπεὶ
3236 4205 3282 4264 δ’
3342 4206 3419 4271 εἰς
3474 4203 3569 4262 ἕνα
3628 4210 3815 4282 χῶρον

2155 4302 2439 4381 ἀμφότερα
2491 4297 2830 4371 συνήλθοσαν
2880 4297 2947 4355 τὰ
2994 4298 3373 4374 στρατεύματα
3424 4299 3511 4372 (ἧν
3559 4293 3618 4352 δὲ
3657 4296 3817 4360 οὗτος

2156 4393 2184 4448 ὁ
2213 4396 2311 4448 τοῦ
2341 4390 2700 4465 Δημητρίτζη
2734 4388 3038 4465 λεγόμενος
3067 4390 3282 4464 τόπος),
3320 4389 3445 4444 τότε
3498 4384 3557 4443 δὲ
3604 4391 3819 4462 μᾶλλον

2155 4480 2207 4536 οἱ
2270 4476 2498 4535 Σικελοὶ
2562 4473 2947 4548 καθυπὲδειξαν
3015 4478 3045 4533 ὅ
3109 4478 3407 4534 πεπόνθασι
3477 4474 3813 4553 δείλανδρον⁶

2153 4561 2477 4640 συμϐάσεων
2508 4566 2611 4642 γὰρ
2642 4564 2979 4639 ἐμέμνηντο,
3024 4567 3119 4622 καὶ
3170 4566 3379 4622 τούτων
3424 4565 3581 4623 ἕνεκα
3630 4562 3818 4637 διεκη-

2154 4654 2445 4734 ρυκεύοντο
2504 4655 2642 4730 πρὸς
2698 4657 2924 4729 Βρανᾶν.
2984 4656 3089 4713 Καὶ
3141 4656 3211 4712 τὰ
3282 4657 3377 4731 μὲν
3432 4660 3624 4734 πρῶτα
3677 4656 3816 4711 Ῥω-

2157 4742 2341 4820 μαίοις
2381 4739 2580 4814 ἥνδανε
2629 4741 2696 4798 τὰ
2741 4741 3059 4817 αἰτοῦμεναδ
3113 4742 3246 4819 μετᾶ
3298 4746 3480 4822 βραχὺ
3539 4743 3586 4802 δ’
3634 4743 3815 4809 οὐκέθ’

385 4842 489 4896 sed
522 4838 595 4895 ob
630 4836 1031 4893 fortitudinem
1064 4837 1122 4889 et
1154 4831 1233 4887 rei
1265 4829 1540 4887 militaris
1581 4829 1878 4886 solertiam
1921 4830 2041 4903 regi

2161 4835 2203 4891 si
2233 4831 2383 4891 αὐτοὶ
2415 4832 2720 4911 γεγονότες,
2772 4830 2921 4889 ἀλλά
2970 4831 3138 4890 δόλον
3186 4836 3324 4891 εἶναι
3377 4834 3817 4897 ὑποτοπάσαντες

386 4927 597 4983 charus
618 4933 675 4982 et
696 4926 875 4982 totius
908 4921 1195 4980 exercitus
1240 4920 1360 4976 dux
1414 4917 1699 4976 delectus.
1725 4918 1833 4987 Qui
1872 4935 2042 4993 supe-

2161 4924 2214 4982 τὰ
2276 4922 2425 4999 παρὰ
2488 4926 2599 4979 τῶν
2660 4921 2979 4979 ἀντιπάλων
3040 4919 3498 5000 προϐαλλόμενα,
3536 4925 3573 4992 ἢ
3627 4921 3673 4977 εἷ
3726 4924 3807 4996 μή

387 5016 639 5072 rioribus
668 5014 927 5070 victoriis
944 5013 1130 5070 elatus
1156 5026 1219 5066 se
1248 5008 1576 5065 Alexandro
1628 5008 1836 5081 Magno
1876 5025 2039 5066 com-

2161 5016 2326 5084 τοῦτο,
2360 5009 2567 5068 δειλίαν
2597 5015 2730 5088 γοῦν
2781 5010 2842 5067 ἐκ
2893 5016 2992 5067 τοῦ
3038 5012 3449 5094 ἀναμφιλέκτου
3496 5008 3808 5085 πρόδηλον,

385 5104 628 5173 parabat
661 5121 675 5166 ι
709 5120 773 5159 ac
803 5108 1034 5158 tantum
1089 5117 1202 5157 non
1265 5105 1331 5156 ut
1389 5097 1488 5154 ille
1547 5097 1606 5153 in
1658 5104 1885 5170 pectore
1916 5101 2038 5175 plu-

2149 5106 2227 5177 μή
2270 5100 2521 5175 πολέμου
2580 5100 2961 5174 ἀναμείναντες
3017 5103 3289 5177 σύνθημα,
3358 5106 3433 5177 μὴ
3500 5098 3809 5176 σάλπιγγος

394 5211 517 5249 unas
561 5194 731 5248 rostri
789 5202 845 5248 et
891 5191 1112 5249 alarum
1179 5189 1493 5263 imaginem
1556 5201 2035 5260 repraesentantes

2161 5192 2297 5271 ἠχὴν
2331 5192 2471 5264 μήτε
2509 5211 2561 5245 τι
2611 5187 2793 5265 ἕτερον
2854 5191 3221 5268 παράγγελμα
3262 5198 3374 5249 τῶν
3423 5192 3523 5249 ὅσα
3569 5211 3812 5267 στρατη-

385 5281 734 5348 υπιιυοιαδαι,
770 5283 868 5336 sed
900 5289 953 5336 et
1004 5284 1224 5349 maiora
1276 5280 1378 5335 illo
1439 5280 1696 5337 facinora
1735 5299 1798 5339 se
1828 5287 2035 5358 exiguo

2161 5288 2265 5357 (οἷς
2294 5280 2523 5336 ε’ἓθισται
2566 5285 2745 5335 ποιεῖν
2780 5275 2914 5359 ’πρὸ
2969 5287 3081 5338 τῶν
3134 5280 3500 5356 συμπλοκῶν,
3561 5276 3816 5356 συμϐάλ-

388 5380 648 5444 tempore
703 5371 850 5427 citra
900 5387 1247 5442 sangumem
1333 5369 1586 5426 edidisse
1648 5370 2032 5443 gloriabatur.

2145 5369 2303 5427 λουσι
2342 5375 2459 5433 τοῖς
2511 5367 2807 5445 πολεμίοις
2859 5370 2927 5426 τὰ
2978 5371 3102 5451 ξίφη
3167 5372 3577 5448 γυμνώσαντες.
3632 5372 3699 5430 Οἱ
3755 5367 3815 5426 δὲ

1765 5475 1935 5537 Hier.
1983 5474 2199 5537 Wolﬂi
2241 5483 2433 5538 notae.

457 5581 572 5710 5,22)
627 5578 741 5639 'Aet
795 5577 887 5663 τδν
947 5576 1510 5662 3mc0ev._Converti
1568 5596 1658 5638 eo:
1717 5582 1815 5653 qui
1880 5587 2034 5655 terga

381 5654 454 5710 da
489 5658 611 5710 ant.
642 5670 776 5710 cum
807 5651 1075 5710 Videntur
1104 5655 1300 5710 potius
1354 5651 1663 5710 legendum
1701 5653 1795 5708 τὸν
1826 5647 2034 5710 ἔμπρο-

2223 5582 2346 5659 (23)Α
2371 5581 2988 5659 Aller__metap_horice,
3022 5581 3170 5659 alter
3207 5584 3440 5658 proprie
3500 5584 3764 5659 loquitur
3798 5603 3817 5658 ;

489 5647 611 5722 αήι,
642 5670 776 5711 cum
807 5651 1075 5711 videatur
1102 5649 1300 5724 potius
1354 5651 1663 5724 legendum
1701 5647 1795 5708 τὸν
1826 5647 2040 5730 ἔμπρό-
2149 5647 2296 5714 alter
2316 5647 2387 5712 de
2418 5653 2699 5727 cmdibus,
2729 5647 2875 5715 alter
2903 5647 2982 5713 de
3003 5647 3226 5728 spoliis.
3247 5665 3304 5714 et
3317 5647 3491 5717 .fame
3523 5647 3666 5732 ag'it.

382 5735 531 5792 σθεν.
