4102 6428
326 357 443 420 7‘2!

1444 356 1552 418 DE
1592 353 1903 417 ISAACIO
1947 353 2258 418 ANGELO
2300 358 2453 419 LIB.
2500 357 2546 419 Ι.

3634 354 3755 416 ’122

331 500 504 566 μέχρι
565 489 658 565 μὶν
716 507 865 551 τινος
921 485 1192 563 εὒθαρσῶς
1257 487 1351 546 καὶ
1409 485 1669 564 ἀνδρείως
1727 487 1826 558 τὴν
1875 490 1979 544 τῶν

2099 491 2247 547 471
2287 493 2392 559 Qui
2415 509 2548 548 vero
2573 509 2644 550 ex
2664 491 2735 549 iis
2759 492 3038 549 Italorum
3053 489 3388 547 cohortibas
3401 488 3751 562 effugerant,

321 581 616 654 Ῥωμαίων
668 574 916 654 ἐμϐολὴν
977 576 1246 649 ἐδέξαντο,
1294 576 1383 633 καὶ
1427 578 1650 651 καμπάς
1697 599 1848 641 τινας
1892 577 1983 633 καὶ

325 670 525 742 ἑλίξεις
559 670 588 725 6'
617 669 864 742 πόλεμος
896 663 1079 724 ἔλαϐε·
1110 668 1268 731 τέλος
1318 665 1376 722 δὲ
1413 671 1550 744 πρὸς
1596 669 1660 722 τὸ
1711 668 1982 743 ὑπεράγαν

323 755 588 836 ἔνθερμον
635 767 736 830 τῆς
783 760 1098 832 Ῥωμαϊκῆς
1145 759 1426 832 στρατείας
1483 755 1797 819 ὑπενδόντες
1833 752 1984 812 ἔκλι-

321 871 420 905 ναν
464 850 538 912 εἰς
575 852 786 924 τροπὴν
842 849 932 904 καὶ
989 848 1249 922 ἀκόσμως
1315 841 1564 926 ἔφευγον.
1620 848 1778 910 Ὅθεν
1819 867 1985 901 κατα-

323 935 743 1012 λαμϐανόμενοι
800 938 1129 1013 ἀνῃροῦντο,
1187 935 1545 1013 έζωγροῦντο,
1580 936 1820 999 ὠθοῦντο
1849 935 1986 991 κατᾶ

319 1031 576 1101 ποταμοῦ
633 1031 731 1083 τοῦ
801 1025 1136 1101 Στρυμόνος,
1217 1023 1760 1103 έλαφυραγωγοῦντο,
1828 1022 1984 1078 ἐσκυ-

318 1116 576 1179 λεύόντο.
613 1118 814 1192 ’Ἠγετο
839 1114 896 1172 δὲ
926 1111 1137 1188 ἑϐδόμη
1168 1115 1293 1170 τότε
1320 1117 1418 1170 τοῦ
1456 1108 1775 1189 Νοεμϐρίου
1809 1114 1984 1185 μηνὸς

318 1207 411 1261 καί
469 1205 594 1280 περὶ
653 1202 839 1276 δείλην
894 1205 963 1274 ἦν
1026 1204 1128 1272 τήν
1178 1201 1412 1279 ἡμέραν,
1460 1202 1625 1258 ὁπότε
1670 1207 1838 1259 ταῦτα
1869 1203 1982 1275 ἐγί-

316 1315 466 1352 νετο.
519 1289 1016 1368 Συλλαμϐάνονται
1059 1289 1115 1348 δὲ
1162 1297 1251 1348 καὶ
1296 1293 1354 1347 οἰ
1396 1290 1492 1347 δύο
1541 1293 1840 1369 στρατηγοὶ
1886 1298 1984 1348 τοῦ

319 1385 745 1460 στρατεύματος,
807 1382 837 1438 6'
893 1403 952 1439 τε
988 1378 1306 1454 Ῥιτζάρδος
1344 1382 1372 1436 6
1419 1386 1520 1450 τῆς
1576 1381 1829 1454 γυναικὸς
1886 1385 1984 1437 τοῦ

315 1473 531 1548 Ταγκρὲ
585 1474 696 1546 (24)
750 1491 1102 1547 κασιγνητος,
1163 1470 1221 1532 ὅς
1280 1466 1571 1545 ἒναυάρχιι
1609 1466 1707 1524 τοῦ
1735 1473 1844 1525 τῶν
1886 1478 1981 1526 Σι-

313 1560 498 1617 κελῶν
551 1566 826 1633 ναυτικοῦ,
877 1560 968 1616 καὶ
1028 1560 1056 1615 ὁ
1117 1556 1444 1621 Ἀλδουῖνος
1515 1557 1734 1630 Κόντος,
1792 1555 1983 1636 γένους

319 1654 414 1725 μὲν
450 1650 511 1706 ού
562 1653 664 1730 φὺς
719 1651 968 1726 εὐγενοῦς
1021 1651 1114 1705 καὶ
1175 1647 1458 1724 λαμπροῦ,
1493 1645 1582 1704 διὰ
1627 1646 1684 1704 δὲ
1712 1651 1814 1720 τήν
1844 1651 1981 1705 κατὰ

309 1739 560 1814 πόλεμον
614 1738 901 1810 δεξιότητα
948 1736 1232 1812 αἰδέσιμος
1289 1734 1362 1793 ὥν
1422 1742 1502 1810 τῷ
1552 1739 1679 1814 ῥηγὶ
1731 1738 1821 1794 καὶ
1857 1741 1981 1795 τότε

315 1833 452 1907 ὑπὲρ
481 1832 686 1892 πάντας
739 1831 802 1885 τὸ
858 1837 960 1898 τῆς
1017 1828 1350 1921 στρατηγίας
1411 1828 1791 1921 ὑπεζωσμένος
1837 1828 1968 1903 σέμ-
2005 1855 2052 1921 Β

307 1944 494 1998 νωμα,
551 1923 613 1986 ’ὸς
667 1922 758 1976 καὶ
809 1926 929 1983 ταῖς
984 1920 1275 1996 προτέραις
1347 1920 1482 1977 κατᾶ
1543 1921 1832 1994 Ῥωμαίων
1890 1922 1972 1978 νί-

303 2033 428 2074 καις
478 2009 1095 2088 μεγαλοπρὲπευόμενος
1146 2009 1334 2064 ἑαυτὸν
1367 2009 1637 2083 ἐξωμοίου
1697 2016 1778 2083 τῷ
1818 2013 1982 2068 Ἀλε-

311 2099 522 2176 ξάνδρῳ
571 2105 653 2174 τῷ
712 2099 852 2155 πάνυ
908 2103 987 2170 τῷ
1048 2095 1337 2169 Μακεδόνι,
1391 2100 1556 2172 μόνον
1609 2099 1707 2155 ούκ
1751 2100 1804 2154 ἐν
1848 2103 1979 2171 στή-

316 2202 431 2254 θεσι
478 2194 595 2246 κατ’
654 2189 854 2246 ἐκεῖνον
912 2188 1106 2264 τρίχας
1164 2186 1377 2251 δεικνὺς
1437 2187 1686 2267 ῥάμφους
1727 2191 1815 2245 καὶ
1848 2211 1980 2247 πτε-

317 2283 426 2352 ρῶν
495 2278 736 2334 εἷ’κασίαν
805 2277 1264 2357 ὑπεμφαινούσας,
1323 2276 1414 2334 καὶ
1477 2280 1650 2352 μείζω
1695 2280 1730 2349 ἢ
1777 2278 1978 2343 ἐκεῖνος

308 2366 443 2442 ἔργα
512 2365 581 2423 δι’
649 2368 935 2444 ἀκαριαίου
1000 2372 1195 2442 καιροῦ
1260 2368 1352 2423 καὶ
1432 2367 1706 2441 ἀναιμωτὶ
1773 2369 1980 2446 ὑπερη-

320 2456 575 2534 φανεύετο
628 2454 1042 2532 διαπράξασθαι.
1107 2459 1263 2514 Ὃσοι
1329 2454 1385 2512 δὲ
1451 2457 1514 2512 τὸ
1577 2463 1674 2526 τοῦ
1724 2458 1976 2535 πολέμου

321 2544 570 2610 διαταθὶν
623 2546 882 2620 έξήλυξαν
911 2543 1127 2602 δίκτυον
1195 2544 1255 2601 ἔκ
1317 2568 1377 2602 τε
1435 2549 1668 2603 τουτωνὶ
1698 2555 1806 2606 τῶν
1839 2549 1975 2606 ἰλῶν

319 2635 414 2690 καὶ
463 2636 514 2690 οἳ
563 2634 630 2689 τὰ
678 2633 730 2689 ἐν
793 2633 1019 2709 Σέῤῥαις
1078 2635 1259 2710 χωρία
1310 2636 1660 2712 κατέτρεχον,
1695 2637 1850 2702 εὐθὺς
1878 2643 1978 2704 τῆς

321 2725 728 2793 Θεσσαλονίκης
769 2726 966 2794 ἵενται,
1016 2727 1105 2780 καὶ
1153 2731 1261 2781 τῶν
1331 2726 1502 2782 ἐκεῖσε
1577 2734 1798 2804 μακρῶν
1860 2728 1976 2784 έπιο

316 2815 508 2881 ϐάντες
558 2824 708 2888 νηῶν
759 2820 832 2880 ὡς
888 2819 1038 2894 εἶχον
1100 2816 1252 2881 εὐθὺς
1320 2817 1428 2873 ἀπὸ
1475 2824 1576 2887 τῆς
1627 2823 1825 2893 φυγῆς,
1878 2819 1982 2874 οῦκ

315 2905 551 2965 εῦπλουν
620 2909 711 2964 τὸν
780 2907 953 2964 πλοῦν
1013 2905 1282 2981 εὕρισκον·
1350 2908 1512 2987 φοροὶ
1577 2909 1679 2982 γὰρ
1748 2907 1825 2970 εἷς
1875 2909 1974 2977 τὴν

315 2999 491 3054 αὐτῶν
557 2997 803 3075 ἀφάνισιν
881 2997 1250 3072 ἀνεγερθεῖσαι
1317 2996 1588 3061 λαίλαπες
1655 2996 1976 3067 ἀποπλῆσαι

315 3089 410 3143 τὸν
473 3087 641 3163 μόρον
712 3086 908 3148 αὐτοὺς
968 3085 1302 3163 εἰργάσαντο,
1371 3087 1429 3142 δν
1495 3087 1675 3151 θεόθεν
1716 3093 1974 3164 γερσαῖον

316 3175 722 3233 ἐπικλωσθέντα
764 3177 898 3250 μετὰ
960 3175 1139 3252 βραχὺ
1205 3174 1483 3248 μετέθεντο
1517 3176 1652 3230 κατά
1683 3175 1974 3236 θάλατταν.

312 3265 526 3323 Πολλοὶ
593 3263 651 3321 δὲ
712 3265 1032 3341 ἐντυχόντες
1115 3266 1393 3340 τριήρεσιν
1459 3260 1976 3338 ἐπικαταλαμϐανό-

315 3378 465 3431 μενοι
495 3353 573 3411 ἔτι
604 3355 741 3410 κατὰ
785 3356 886 3424 τὴν
935 3353 1338 3426 Θεσσαλονίκην
1382 3353 1664 3422 ἀλύοντες,
1695 3353 1972 3431 πολυτρό-

315 3467 434 3508 πως
497 3444 828 3524 έφθείροντο,
891 3445 981 3500 καὶ
1058 3441 1298 3518 μάλιστα
1351 3443 1455 3498 ὑπὸ
1514 3448 1622 3500 τῶν
1665 3443 1970 3518 ἐπικούρων

2095 590 2151 637 et
2176 583 2272 653 qui
2309 589 2625 639 Serranum
2650 599 2856 653 agrum
2895 580 3341 654 populabantur,
3377 590 3532 636 recta
3563 580 3749 635 Thes-

2096 671 2414 727 salonicam
2450 676 2851 729 contendunt:
2881 676 2937 728 et
2966 671 3157 742 longis
3195 669 3440 725 navibus
3484 671 3682 725 statim
3716 685 3750 724 a

2095 761 2234 832 fuga
2267 766 2625 831 conscensis,
2662 780 2776 818 non
2808 762 3174 817 commodem
3212 761 3636 831 navigationem
3659 775 3749 812 re-

2096 852 2498 922 pererunt,sed
2520 861 2820 907 ventorum
2845 851 3117 923 procellis
3153 855 3208 905 et
3245 850 3522 904 ﬂuctibus
3558 847 3752 904 obruti

2094 938 2408 1010 perierunt,
2444 944 2501 996 et
2548 946 2735 997 morte
2774 939 3546 996 interradivinitusdecreta
3577 937 3749 1008 paulo

2094 1031 2224 1100 post
2253 1029 2310 1083 in
2347 1030 2493 1084 mari
2527 1030 2957 1101 oppetiverunt.
2979 1028 3144 1084 Multi
3186 1044 3322 1084 vero
3347 1027 3448 1099 qui
3478 1027 3750 1082 triremes

2093 1133 2208 1173 non
2242 1119 2432 1189 adepti
2457 1119 2836 1188 erant,adhuc
2868 1120 3022 1176 circa
3053 1117 3532 1174 Thessalonicam
3579 1115 3748 1170 ober-

2092 1210 2314 1276 rantes,
2365 1207 2715 1278 deprehensi
2776 1207 2980 1264 multis
3045 1207 3238 1263 modis
3295 1205 3618 1279 perierunt,
3677 1202 3749 1260 ab

2091 1293 2480 1351 auxiliaribus
2513 1296 2708 1353 Alanis
2741 1297 3120 1369 potissimum
3149 1295 3439 1350 interfecti
3470 1336 3484 1363 ,
3526 1292 3627 1365 qui
3683 1308 3752 1348 ea

2093 1383 2355 1440 facinora
2385 1385 2620 1442 illorum
2666 1386 2876 1443 imitati
2932 1403 3061 1459 quae
3109 1389 3279 1458 capta
3327 1381 3752 1440 Thessalonica

2091 1474 2344 1545 perpessi
2388 1483 2576 1541 erant,
2640 1475 2788 1531 nulli
2861 1475 3119 1532 hostium
3180 1477 3584 1545 pepercerunt,
3644 1471 3746 1527 ad

2091 1561 2242 1619 bivia
2273 1568 2331 1619 et
2375 1564 2721 1620 sacellorum
2781 1563 3065 1621 vestibula
3117 1562 3498 1620 cadaveribus
3544 1561 3750 1633 imple-

2088 1658 2319 1711 verunt.
2353 1653 2701 1726 Rogitabant
2733 1655 2888 1710 enim
2924 1653 3381 1726 comprehensos
3403 1649 3630 1707 Siculos
3645 1651 3748 1707 ubi

2089 1743 2268 1799 frater
2299 1743 2585 1814 ipsorum,
2616 1745 2888 1800 videlicet
2947 1743 3247 1816 popularis
3296 1743 3532 1808 Alanus,
3567 1745 3744 1811 esset,

2087 1849 2263 1905 quem
2299 1834 2440 1889 urbe
2493 1838 2664 1905 capta
2721 1833 3092 1901 occiderant;
3154 1849 3220 1888 ac
3253 1831 3448 1888 statim
3482 1846 3653 1885 enses
3683 1829 3745 1886 in

2089 1922 2163 1978 iis
2194 1923 2544 1993 deﬁgebant.
2579 1925 2646 1978 Et
2709 1924 2767 1978 in
2825 1923 3045 1994 templa
3100 1921 3499 1992 confugientes
3535 1925 3750 1976 macta-

2091 2011 2252 2079 bant,
2285 2012 2382 2067 ubi
2420 2029 2566 2084 papa
2597 2018 2754 2068 esset
2781 2014 3120 2085 rogitantes,
3174 2012 3285 2067 hoc
3333 2016 3442 2078 est,
3483 2011 3748 2066 sacerdo-

2089 2106 2178 2158 tes
2212 2119 2360 2174 quos
2382 2103 2437 2156 in
2472 2103 2708 2175 templis
2740 2105 3095 2160 occiderant.
3127 2103 3274 2159 Tum
3320 2101 3533 2156 mirum
3577 2099 3747 2171 quid-

2091 2191 2226 2248 dam
2258 2191 2474 2248 accidit
2501 2210 2514 2248 :
2551 2198 2720 2264 capta
2750 2195 2906 2248 enim
2947 2191 3364 2249 Thessalonica
3385 2191 3615 2246 nullum
3633 2191 3746 2246 Ro-

2089 2297 2331 2338 manum
2359 2282 2606 2337 cadaver
2630 2299 2802 2338 canes
2827 2287 3098 2354 gustasse
3127 2283 3281 2339 412
3329 2286 3430 2336 aut
3471 2279 3745 2336 dentibus

2088 2371 2378 2429 lacerasse
2409 2373 2621 2440 ferunt,
2656 2372 2997 2429 Latinorum
3042 2389 3177 2430 vero
3230 2374 3511 2428 cadavera
3551 2371 3740 2427 rabie-

2091 2461 2341 2533 quadam
2377 2461 2792 2518 insatiabiliter
2824 2465 3152 2526 devorasse,
3176 2467 3232 2518 et
3254 2461 3544 2532 sepulcris
3564 2461 3740 2517 etiam

2089 2555 2258 2605 eruta
2295 2549 2569 2607 laniasse.
2605 2549 2748 2606 Cum
2809 2550 3040 2607 duobus
3092 2549 3210 2605 illis
3268 2551 3515 2606 ducibus
3563 2549 3738 2605 etiam

2088 2655 2290 2694 vecors
2321 2637 2418 2694 ille
2457 2643 2513 2695 et
2545 2638 2827 2711 pestilens
2858 2640 3188 2695 etomnium
3224 2637 3512 2694 malorum
3541 2642 3742 2694 auctor

2088 2727 2328 2783 Alexius
2385 2727 2722 2784 Comnenus
2777 2735 2981 2797 captus
3081 2737 3167 2784 est
3265 2731 3323 2783 et
3395 2731 3741 2792 excaecatus,

2087 2817 2264 2872 homo
2353 2817 2671 2873 inferorum
2768 2817 2904 2873 sede
3000 2817 3238 2887 dignus.
3333 2815 3580 2879 Quidam
3675 2831 3745 2870 ex

2091 2907 2312 2964 Latinis
2387 2907 2783 2979 Epidamnum
2859 2909 3268 2979 confugerunt,
3300 2922 3478 2978 quam
3554 2904 3746 2960 omnis

2089 3000 2320 3069 generis
2354 2999 2534 3052 armis
2589 2997 2941 3054 instructam
3001 2996 3211 3052 Sicilia
3270 3011 3368 3051 rex
3424 3002 3554 3066 post
3615 3008 3742 3050 sua-

2091 3103 2223 3142 rum
2266 3085 2564 3158 legionum
2599 3087 2899 3142 interitum
2950 3085 3228 3142 Romanis
3281 3101 3392 3140 non
3444 3082 3740 3151 reddebat,

2093 3177 2194 3232 sed
2233 3175 2429 3248 gloriae
2486 3177 2679 3248 inepte
2732 3177 2986 3248 cupidus
3042 3185 3170 3248 post
3230 3173 3520 3230 illustrem
3579 3172 3742 3228 illam

2093 3266 2314 3322 cladem
2350 3271 2407 3321 et
2438 3267 2662 3322 celebre
2694 3265 2946 3322 dedecus
2969 3269 3236 3320 amanter
3283 3265 3589 3319 retinebat.
3625 3264 3740 3318 Cas-

2085 3361 2276 3412 terum
2314 3356 2488 3428 paulo
2519 3361 2652 3428 post
2683 3355 3017 3427 sumptibus
3047 3354 3362 3410 deterritus
3387 3355 3540 3409 ultro
3590 3353 3742 3408 omi-

2086 3447 2184 3502 sit.

313 3536 582 3594 Ἀλανῶν.
635 3535 800 3593 Οὗτοι
856 3538 943 3610 [Ρ.
1004 3537 1130 3608 232]
1189 3538 1292 3610 γὰρ
1349 3534 1643 3612 ἀντίῤῥοπα
1700 3532 1934 3609 δρῶντες
1987 3535 2060 3589 ὧν
2117 3535 2448 3598 πεπόνθασιν
2507 3535 2673 3604 ἡνίκα
2729 3531 3100 3604 Θεσσαλονίκη
3163 3533 3423 3601 ἑάλωκεν,
3475 3530 3537 3588 οὒ
3564 3531 3733 3610 φειδώ

312 3645 460 3689 τινος
489 3630 600 3681 τῶν
653 3622 939 3698 πολεμίων
996 3619 1332 3698 ἐλάμϐανον,
1398 3624 1494 3686 τὰς
1563 3621 1609 3679 δ’
1675 3623 1961 3698 ἀμφόδους
2018 3626 2110 3679 καί
2161 3624 2228 3679 τὰ
2266 3629 2374 3680 τῶν
2436 3623 2593 3688 θείων
2635 3628 2817 3694 σηκῶν
2847 3624 3126 3700 προαύλια
3154 3624 3464 3696 πτωμάτων
3501 3622 3732 3693 ἰνέπλη-

313 3735 433 3772 σαν·
495 3712 814 3788 ἐπερόμενοι
867 3714 968 3790 γὰρ
1044 3713 1176 3777 τοὺς
1255 3709 1817 3788 συλλαμϐανομένους
1901 3713 2162 3775 Σικελοὺς
2218 3717 2326 3770 ποῦ
2381 3715 2514 3769 ποτὶ
2581 3715 2609 3768 6
2669 3712 2922 3794 ἀδελφὸς,
2986 3715 3014 3768 6
3077 3710 3434 3790 συμφυλέτης
3513 3709 3730 3782 δηλαδὴ

329 3803 547 3866 ΛΑανὸς
570 3803 630 3860 ὅν
659 3804 794 3860 κατὰ
822 3805 921 3873 τὴν
957 3798 1164 3860 ἅλωσιν
1222 3801 1340 3859 οἶδε
1395 3804 1735 3872 ἀπέκτειναν,
1793 3804 2006 3880 ἀπῆγον
2065 3805 2177 3876 ἅμα
2233 3808 2314 3876 τῷ
2381 3802 2531 3877 λόγῳ
2567 3805 2629 3860 τὸ
2661 3803 2831 3884 ξίφος.
2878 3802 3052 3860 Ἀλλὰ
3101 3803 3192 3858 καὶ
3223 3801 3350 3865 τοὺς
3382 3803 3742 3876 προσπυομέ-

317 3915 444 3957 νους
503 3895 778 3968 τεμένεσιν
833 3894 1192 3966 ἀπέσφαττον,
1251 3895 1366 3951 Ποῦ
1434 3913 1566 3948 ποτε
1631 3893 1659 3948 6
1715 3897 1938 3962 παπᾶς;
2013 3889 2284 3968 λέγοντες,
2340 3895 2487 3948 τοῦτ’
2555 3890 2696 3950 ἔστιν
2762 3891 2854 3957 οῦς
2909 3889 3242 3968 ἀνῃρήκεσαν
3304 3891 3501 3946 ἐκεῖνοι
3579 3893 3744 3963 ἱερεῖς

321 3982 704 4062 εἰσεφρηκότες
768 3979 921 4039 ἔνδον
983 3987 1094 4039 τῶν
1161 3983 1346 4058 ἱερῶν.
1425 3985 1557 4041 Ὅτε
1595 3983 1686 4038 καὶ
1749 3984 1970 4039 τοιοῦτό
2027 4004 2080 4038 τι
2138 3985 2324 4039 καινὸν
2383 3979 2774 4039 έπισυνέϐαινε·
2841 3981 2968 4046 τοὺς
3033 3983 3135 4058 γὰρ
3205 3981 3364 4044 κύνας
3429 3980 3556 4057 φασὶ
3609 3981 3743 4053 μετὰ

325 4075 419 4147 μὲν
486 4076 586 4143 τήν
644 4081 744 4144 τῆς
811 4071 1030 4137 πόλεως
1098 4073 1304 4128 ἅλωσιν
1378 4069 1609 4145 μηδενὸς
1675 4073 2003 4147 νεκριμαίου
2079 4073 2335 4145 σώματος
2401 4079 2510 4129 τῶν
2585 4073 2965 4149 ἀναιρεθέντων
3029 4070 3320 4144 Ῥωμαίων
3398 4071 3630 4144 ἅψασθαι
3705 4070 3740 4140 ἢ

322 4160 468 4226 ὅλως
519 4161 706 4218 ὀδοῦσι
773 4162 1020 4225 σίνασθαι
1090 4161 1125 4230 ἢ
1193 4161 1522 4230 αἰκίσασθαι,
1588 4160 1712 4216 τότε
1779 4158 1837 4217 δὲ
1902 4161 2078 4223 οὕτως
2145 4160 2407 4232 ἐμμανῶς
2471 4167 2589 4223 τοῖς
2656 4162 2916 4235 πτώμασι
2979 4164 3087 4215 τῶν
3155 4160 3429 4214 πεσόντων
3502 4157 3742 4213 Λατίνων

317 4249 714 4328 προσφέρεσθαι
787 4250 879 4304 καὶ
953 4251 1116 4323 κόρον
1171 4249 1380 4323 μηδένα
1437 4249 1713 4327 μηδαμῶς
1772 4249 1968 4306 εἰδέναι
2036 4246 2404 4324 σαρκοϐορίας
2462 4252 2536 4312 ὡς
2605 4251 2696 4306 καὶ
2750 4245 3144 4325 τυμϐωρυχεῖν
3200 4249 3292 4304 καὶ
3349 4247 3744 4304 ἀνακαλύπτειν

316 4339 386 4392 τὰ
421 4335 796 4411 παραδοθέντα
851 4341 994 4416 ταφῇ
1063 4337 1291 4411 σώματα
1362 4341 1455 4395 καὶ
1530 4342 1715 4416 κύρμα
1787 4345 1953 4396 ταῦτα
2024 4342 2250 4405 τιθέναι.
2290 4346 2593 4419 Ζωγρεῖται
2653 4338 2731 4412 δὲ,
2764 4339 2856 4396 σὺν
2913 4343 2998 4402 οἷς
3039 4338 3263 4414 εἴπομεν
3319 4337 3442 4395 δυσὶ
3498 4359 3738 4413 στρατη-

317 4431 436 4501 γοῖς
484 4425 574 4481 καὶ
607 4427 634 4481 ὁ
667 4425 726 4482 ἐκ
774 4430 1082 4499 Κομνηνῶν
1129 4429 1248 4489 νοὸς
1302 4422 1514 4503 ἕρημος
1568 4431 1659 4486 καὶ
1738 4431 2009 4509 φθόριμος
2042 4429 2286 4504 Ἀλέξιος
2363 4431 2391 4485 ὁ
2465 4429 2675 4485 τούτων
2750 4430 2966 4485 πάντων
3003 4427 3177 4490 α’ἰτιος
3217 4433 3324 4484 τῶν
3367 4432 3572 4497 κακῶν,
3649 4428 3741 4484 καὶ

320 4520 418 4572 τοῦ
467 4520 576 4571 τῶν
637 4516 940 4595 ὀφθαλμῶν
999 4517 1180 4594 φωτὸς
1241 4518 1488 4593 στέρεται
1544 4520 1572 4574 6
1621 4525 1732 4576 τῶν
1791 4522 2120 4596 Χαρωνείων
2181 4520 2449 4591 οἰκήσεων
2485 4517 2652 4591 ἄξιος.
2702 4523 2872 4576 Ἦσαν
2903 4516 2950 4574 δ’
2983 4519 3034 4573 οἳ
3071 4524 3179 4574 τῶν
3210 4517 3455 4574 Λατίνων
3480 4519 3570 4574 καὶ
3604 4519 3742 4594 πρὸς

315 4608 417 4678 τήν
481 4604 818 4681 Ἐπίδαμνον
874 4605 1254 4679 ἀπεσώθησαν,
1313 4607 1405 4662 καὶ
1465 4614 1582 4671 τοῖς
1641 4608 1753 4665 ἐκεῖ
1805 4608 2113 4690 ὁμοφύλοις
2171 4615 2432 4688 φρουροῖς
2487 4616 2591 4680 τῆς
2643 4607 2862 4673 πόλεως
2921 4610 2995 4672 ὡς
3053 4609 3334 4685 σπέρματα
3405 4606 3742 4684 χιλιοστύων

323 4693 557 4751 πολλῶν
607 4694 901 4772 ἀγαπητῶς
977 4693 1347 4766 ἀπεδόθησαν,
1430 4694 1498 4766 ἤν
1584 4698 1671 4752 καὶ
1748 4700 2030 4763 παντοίοις
2112 4697 2312 4763 ὅπλοις
2365 4698 2725 4773 ἀμυντηρίοις
2786 4701 2815 4755 6
2875 4696 3129 4760 Σικελίας
3343 4697 3738 4774 κρατυνάμενος

323 4783 542 4862 ὕστερον
575 4784 674 4841 οὐκ
703 4782 963 4841 ἀπεδίδου
995 4785 1298 4858 Ῥωμαίοις
1330 4785 1464 4859 μετά
1490 4786 1590 4856 τήν
1622 4792 1733 4842 τῶν
1775 4787 1994 4844 οἰκείων
2042 4771 2460 4865 στρατευμάτων
2505 4788 2732 4866 φθορὰν,
2761 4786 2890 4844 ἀλλ’
2921 4790 2983 4858 ἣν
3017 4788 3121 4844 οὐκ
3148 4771 3257 4842 ἔδει
3290 4771 3425 4860 μετὰ
3453 4771 3619 4856 ἧτταν
3647 4771 3740 4841 καὶ

323 4874 591 4954 αἰσχύνην
623 4876 888 4951 περιφάνῆ
917 4870 1074 4945 δόξαν
1103 4873 1281 4946 ἑαυτῷ
1310 4873 1654 4949 θηρώμενος,
1685 4881 1907 4952 κατεῖχε
1938 4873 2350 4955 φρενοϐλαϐῶς.
2381 4879 2536 4936 Μετά
2561 4878 2740 4955 βραχὺ
2771 4874 2830 4933 δὲ
2858 4877 2994 4951 πρὸς
3022 4876 3119 4938 τὰς
3152 4873 3393 4938 δαπάνας
3424 4873 3738 4949 ἀπειρηκὼς

319 4964 438 5022 έκόν
447 4987 555 5029 τως
587 4965 879 5042 ἀπέσχετο.

387 5067 485 5124 Καὶ
516 5066 544 5120 6
581 5065 673 5138 μὲν
705 5068 965 5141 χερσαῖος
1015 5062 1266 5136 πόλεμος
1313 5067 1562 5119 τοιοῦτον
1610 5063 1786 5118 α’ἰσιον
1818 5062 1976 5120 ἀπεί-

2153 5075 2235 5125 Ac
2263 5073 2538 5127 terrestre
2569 5069 2792 5127 bellum
2825 5073 2944 5127 tam
2994 5068 3148 5126 felici
3207 5067 3364 5124 exitu
3417 5071 3509 5123 est
3541 5067 3742 5124 termi-

318 5153 462 5235 ληφε
526 5153 715 5229 πέρας,
785 5151 1049 5210 οὐδέποτε
1129 5150 1216 5209 ἐπὶ
1310 5151 1534 5230 καρδίαν
1598 5156 1760 5227 ἡμῶν
1823 5174 1974 5216 τινος

2090 5161 2314 5221 natum,
2348 5159 2446 5230 qui
2481 5159 2704 5214 nemini
2732 5159 2793 5214 in
2826 5165 3081 5216 mentem
3122 5157 3398 5216 venisset.
3433 5158 3540 5214 Sed
3561 5157 3737 5226 Deus,

317 5243 560 5302 ἀνελθόν.
595 5243 756 5302 Ἀλλ’
783 5246 811 5300 6
842 5241 1057 5299 πάντων
1110 5241 1421 5317 κηδόμενος
1454 5244 1607 5316 Θεὸς,
1641 5245 1727 5300 ὅτι
1758 5245 1974 5300 πάντων

2090 5246 2181 5317 qui
2211 5251 2377 5302 curat
2407 5248 2623 5315 omnia,
2655 5253 2712 5302 et
2769 5264 2965 5303 rerum
3000 5249 3265 5305 omnium
3311 5247 3616 5320 Dominus,
3640 5249 3738 5318 qui

320 5330 588 5404 δεσπόζει,
647 5336 738 5390 καὶ
774 5335 911 5407 μετά
941 5331 1158 5411 φειδοῦς
1216 5331 1440 5403 πολλῆς
1500 5330 1720 5390 διοικῶν
1769 5335 1836 5390 τὰ
1887 5334 1972 5388 ἀν·

2090 5351 2178 5391 res
2205 5335 2496 5390 humanas
2515 5336 2834 5391 clementer
2857 5336 3197 5392 moderatur
3231 5342 3287 5392 et
3331 5337 3592 5393 omnium
3626 5339 3742 5393 mi-

319 5423 566 5500 θρώπινα
603 5423 692 5478 καὶ
752 5423 919 5480 ἐλεῶν
978 5424 1046 5479 τὰ
1095 5422 1290 5496 πάντα,
1358 5423 1441 5478 ὅτι
1499 5423 1672 5480 πάντα
1727 5422 1972 5494 δύναται,

2090 5430 2333 5492 seretur,
2357 5425 2498 5496 quia
2545 5427 2732 5495 potest
2770 5424 2989 5493 omnia,
3025 5425 3078 5480 is
3107 5440 3198 5480 res
3221 5431 3451 5482 nostras
3474 5427 3740 5484 lancibus

1721 5550 1891 5614 Hier.
1939 5549 2153 5612 Wolfii
2183 5554 2370 5611 nota.

385 5656 496 5733 (git)
525 5658 639 5733 Τοῦ
668 5653 898 5732 Ταγκρέ.
932 5657 1302 5715 Tancredum
1332 5657 1634 5731 intelligit,
1666 5657 2106 5716 Salernitanum
2138 5655 2492 5730 principem,
2534 5656 2836 5716 crudelem
2877 5656 3049 5714 illum
3083 5656 3382 5733 pudicitiae
3413 5659 3734 5732 vindicem,

317 5729 369 5790 si
396 5729 601 5790 fabula
627 5729 770 5790 vere
792 5729 1090 5791 narratur.
