  <div class='ocr_page' id='page_1' title='image "/cluster/home/n/w/nwhite01/storage/ocr_20150623/139:no.1/coo.31924054870443/371.png"; bbox 0 0 4102 6398; ppageno 0'>
   <div class='ocr_carea' id='block_1_1' title="bbox 292 297 413 358">
    <p class='ocr_par' dir='ltr' id='par_1_1' title="bbox 292 297 413 358">
     <span class='ocr_line' id='line_1_1' title="bbox 292 297 413 358; baseline 0.008 -1"><span class='ocrx_word' id='word_1_1' title='bbox 292 297 413 358; x_wconf 81' lang='lat'><strong>723</strong></span> 
     </span>
    </p>
   </div>
   <div class='ocr_carea' id='block_1_2' title="bbox 1609 283 2384 348">
    <p class='ocr_par' dir='ltr' id='par_1_2' title="bbox 1609 283 2384 348">
     <span class='ocr_line' id='line_1_2' title="bbox 1609 283 2384 348; baseline -0.003 0"><span class='ocrx_word' id='word_1_2' title='bbox 1609 284 1916 348; x_wconf 65' lang='lat' dir='ltr'><strong>NICETIE</strong></span> <span class='ocrx_word' id='word_1_3' title='bbox 1957 283 2384 346; x_wconf 68' lang='lat' dir='ltr'><strong>CHONIATJE</strong></span> 
     </span>
    </p>
   </div>
   <div class='ocr_carea' id='block_1_3' title="bbox 3607 291 3728 350">
    <p class='ocr_par' dir='ltr' id='par_1_3' title="bbox 3607 291 3728 350">
     <span class='ocr_line' id='line_1_3' title="bbox 3607 291 3728 350; baseline 0 0"><span class='ocrx_word' id='word_1_4' title='bbox 3607 291 3728 350; x_wconf 75' lang='grc'><strong>’724</strong></span> 
     </span>
    </p>
   </div>
   <div class='ocr_carea' id='block_1_4' title="bbox 293 413 1937 500">
    <p class='ocr_par' dir='ltr' id='par_1_4' title="bbox 293 417 1937 500">
     <span class='ocr_line' id='line_1_4' title="bbox 293 417 1937 500; baseline -0.009 -15"><span class='ocrx_word' id='word_1_5' title='bbox 293 426 606 500; x_wconf 86' lang='lat' dir='ltr'><strong>impositas</strong></span> <span class='ocrx_word' id='word_1_6' title='bbox 636 424 800 484; x_wconf 89' lang='lat' dir='ltr'><strong>omni</strong></span> <span class='ocrx_word' id='word_1_7' title='bbox 829 425 979 483; x_wconf 80' lang='lat' dir='ltr'><strong>bona</strong></span> <span class='ocrx_word' id='word_1_8' title='bbox 1010 439 1113 496; x_wconf 86' lang='lat' dir='ltr'><strong>spe</strong></span> <span class='ocrx_word' id='word_1_9' title='bbox 1146 420 1416 492; x_wconf 81' lang='lat' dir='ltr'><strong>firmavit,</strong></span> <span class='ocrx_word' id='word_1_10' title='bbox 1468 422 1526 476; x_wconf 90' lang='lat' dir='ltr'><strong>et</strong></span> <span class='ocrx_word' id='word_1_11' title='bbox 1581 419 1735 474; x_wconf 70' lang='lat'><strong>413</strong></span> <span class='ocrx_word' id='word_1_12' title='bbox 1775 417 1937 474; x_wconf 73' lang='lat' dir='ltr'><strong>nobis</strong></span> 
     </span>
    </p>
   </div>
   <div class='ocr_carea' id='block_1_5' title="bbox 2047 413 3726 500">
    <p class='ocr_par' dir='ltr' id='par_1_5' title="bbox 2065 413 3726 498">
     <span class='ocr_line' id='line_1_5' title="bbox 2065 413 3726 498; baseline 0.005 -28"><span class='ocrx_word' id='word_1_13' title='bbox 2065 415 2223 476; x_wconf 74' lang='grc' dir='ltr'>οὗτος</span> <span class='ocrx_word' id='word_1_14' title='bbox 2282 415 2357 477; x_wconf 82' lang='grc' dir='ltr'><strong>εἰς</strong></span> <span class='ocrx_word' id='word_1_15' title='bbox 2413 413 2590 493; x_wconf 72' lang='grc' dir='ltr'>ῥοπήν</span> <span class='ocrx_word' id='word_1_16' title='bbox 2650 414 2984 494; x_wconf 78' lang='grc' dir='ltr'><strong>πλάστιγγος</strong></span> <span class='ocrx_word' id='word_1_17' title='bbox 3043 415 3334 494; x_wconf 79' lang='grc' dir='ltr'>ἐπαγαγὼν</span> <span class='ocrx_word' id='word_1_18' title='bbox 3385 419 3452 475; x_wconf 69' lang='grc' dir='ltr'>τὰ</span> <span class='ocrx_word' id='word_1_19' title='bbox 3481 417 3726 498; x_wconf 75' lang='grc' dir='ltr'>ἡμέτερα</span> 
     </span>
    </p>
   </div>
   <div class='ocr_carea' id='block_1_6' title="bbox 291 505 1953 588">
    <p class='ocr_par' dir='ltr' id='par_1_6' title="bbox 291 505 1953 588">
     <span class='ocr_line' id='line_1_6' title="bbox 291 505 1953 588; baseline -0.008 -14"><span class='ocrx_word' id='word_1_20' title='bbox 291 517 503 574; x_wconf 85' lang='lat' dir='ltr'><strong>leniter</strong></span> <span class='ocrx_word' id='word_1_21' title='bbox 531 514 835 588; x_wconf 70' lang='lat' dir='ltr'><strong>castigatis</strong></span> <span class='ocrx_word' id='word_1_22' title='bbox 866 513 1068 586; x_wconf 80' lang='lat' dir='ltr'><strong>ﬂagris</strong></span> <span class='ocrx_word' id='word_1_23' title='bbox 1091 515 1326 568; x_wconf 88' lang='lat' dir='ltr'><strong>nostros</strong></span> <span class='ocrx_word' id='word_1_24' title='bbox 1345 509 1544 566; x_wconf 79' lang='lat' dir='ltr'><strong>hostes</strong></span> <span class='ocrx_word' id='word_1_25' title='bbox 1565 505 1739 580; x_wconf 84' lang='lat' dir='ltr'><strong>longe</strong></span> <span class='ocrx_word' id='word_1_26' title='bbox 1762 505 1953 579; x_wconf 91' lang='lat' dir='ltr'><strong>pluri-</strong></span> 
     </span>
    </p>
   </div>
   <div class='ocr_carea' id='block_1_7' title="bbox 291 595 1954 676">
    <p class='ocr_par' dir='ltr' id='par_1_7' title="bbox 291 595 1954 676">
     <span class='ocr_line' id='line_1_7' title="bbox 291 595 1954 676; baseline -0.007 -12"><span class='ocrx_word' id='word_1_27' title='bbox 291 609 404 664; x_wconf 91' lang='lat' dir='ltr'><strong>bus</strong></span> <span class='ocrx_word' id='word_1_28' title='bbox 434 605 652 676; x_wconf 68' lang='lat' dir='ltr'><strong>affecit,</strong></span> <span class='ocrx_word' id='word_1_29' title='bbox 686 620 802 660; x_wconf 88' lang='lat' dir='ltr'><strong>non</strong></span> <span class='ocrx_word' id='word_1_30' title='bbox 863 604 1098 676; x_wconf 88' lang='lat' dir='ltr'><strong>quidem</strong></span> <span class='ocrx_word' id='word_1_31' title='bbox 1160 599 1401 656; x_wconf 86' lang='lat' dir='ltr'><strong>mutatis</strong></span> <span class='ocrx_word' id='word_1_32' title='bbox 1459 595 1786 661; x_wconf 76' lang='lat' dir='ltr'><strong>elementis,</strong></span> <span class='ocrx_word' id='word_1_33' title='bbox 1851 612 1954 652; x_wconf 90' lang='lat' dir='ltr'><strong>nec</strong></span> 
     </span>
    </p>
   </div>
   <div class='ocr_carea' id='block_1_8' title="bbox 292 687 1957 768">
    <p class='ocr_par' dir='ltr' id='par_1_8' title="bbox 292 687 1957 768">
     <span class='ocr_line' id='line_1_8' title="bbox 292 687 1957 768; baseline -0.007 -16"><span class='ocrx_word' id='word_1_34' title='bbox 292 701 448 754; x_wconf 85' lang='lat' dir='ltr'><strong>terra</strong></span> <span class='ocrx_word' id='word_1_35' title='bbox 478 695 782 768; x_wconf 88' lang='lat' dir='ltr'><strong>productis</strong></span> <span class='ocrx_word' id='word_1_36' title='bbox 813 691 1128 760; x_wconf 86' lang='lat' dir='ltr'><strong>culicibus,</strong></span> <span class='ocrx_word' id='word_1_37' title='bbox 1189 707 1305 745; x_wconf 89' lang='lat' dir='ltr'><strong>non</strong></span> <span class='ocrx_word' id='word_1_38' title='bbox 1357 687 1554 744; x_wconf 76' lang='lat' dir='ltr'><strong>fluviis</strong></span> <span class='ocrx_word' id='word_1_39' title='bbox 1613 703 1786 742; x_wconf 86' lang='lat' dir='ltr'><strong>ranas</strong></span> <span class='ocrx_word' id='word_1_40' title='bbox 1833 702 1957 741; x_wconf 86' lang='lat' dir='ltr'><strong>eru-</strong></span> 
     </span>
    </p>
   </div>
   <div class='ocr_carea' id='block_1_9' title="bbox 292 777 1954 856">
    <p class='ocr_par' dir='ltr' id='par_1_9' title="bbox 292 777 1954 856">
     <span class='ocr_line' id='line_1_9' title="bbox 292 777 1954 856; baseline -0.007 -12"><span class='ocrx_word' id='word_1_41' title='bbox 292 785 803 856; x_wconf 82' lang='lat' dir='ltr'><strong>ctantibus,neque</strong></span> <span class='ocrx_word' id='word_1_42' title='bbox 835 781 1221 838; x_wconf 93' lang='lat' dir='ltr'><strong>crabronibus</strong></span> <span class='ocrx_word' id='word_1_43' title='bbox 1271 783 1407 835; x_wconf 88' lang='lat' dir='ltr'><strong>ante</strong></span> <span class='ocrx_word' id='word_1_44' title='bbox 1459 777 1774 833; x_wconf 84' lang='lat' dir='ltr'><strong>exercitum</strong></span> <span class='ocrx_word' id='word_1_45' title='bbox 1811 792 1954 848; x_wconf 64' lang='lat' dir='ltr'><strong>prae-</strong></span> 
     </span>
    </p>
   </div>
   <div class='ocr_carea' id='block_1_10' title="bbox 295 864 1950 942">
    <p class='ocr_par' dir='ltr' id='par_1_10' title="bbox 295 864 1950 942">
     <span class='ocr_line' id='line_1_10' title="bbox 295 864 1950 942; baseline -0.007 -10"><span class='ocrx_word' id='word_1_46' title='bbox 295 876 516 942; x_wconf 88' lang='lat' dir='ltr'><strong>missis,</strong></span> <span class='ocrx_word' id='word_1_47' title='bbox 549 877 654 929; x_wconf 80' lang='lat' dir='ltr'><strong>aut</strong></span> <span class='ocrx_word' id='word_1_48' title='bbox 683 872 800 928; x_wconf 88' lang='lat' dir='ltr'><strong>ullo</strong></span> <span class='ocrx_word' id='word_1_49' title='bbox 832 870 1010 927; x_wconf 82' lang='lat' dir='ltr'><strong>veteri</strong></span> <span class='ocrx_word' id='word_1_50' title='bbox 1068 867 1335 942; x_wconf 83' lang='lat' dir='ltr'><strong>prodigio</strong></span> <span class='ocrx_word' id='word_1_51' title='bbox 1389 867 1590 922; x_wconf 87' lang='lat' dir='ltr'><strong>edito:</strong></span> <span class='ocrx_word' id='word_1_52' title='bbox 1653 865 1752 922; x_wconf 90' lang='lat' dir='ltr'><strong>sed</strong></span> <span class='ocrx_word' id='word_1_53' title='bbox 1805 864 1950 920; x_wconf 91' lang='lat' dir='ltr'><strong>illud</strong></span> 
     </span>
    </p>
   </div>
   <div class='ocr_carea' id='block_1_11' title="bbox 296 957 1954 1031">
    <p class='ocr_par' dir='ltr' id='par_1_11' title="bbox 296 957 1954 1031">
     <span class='ocr_line' id='line_1_11' title="bbox 296 957 1954 1031; baseline -0.005 -11"><span class='ocrx_word' id='word_1_54' title='bbox 296 963 580 1020; x_wconf 87' lang='lat' dir='ltr'><strong>divinitus</strong></span> <span class='ocrx_word' id='word_1_55' title='bbox 611 960 845 1025; x_wconf 88' lang='lat' dir='ltr'><strong>accidit,</strong></span> <span class='ocrx_word' id='word_1_56' title='bbox 871 963 935 1014; x_wconf 89' lang='lat' dir='ltr'><strong>ut</strong></span> <span class='ocrx_word' id='word_1_57' title='bbox 964 961 1065 1031; x_wconf 88' lang='lat' dir='ltr'><strong>qui</strong></span> <span class='ocrx_word' id='word_1_58' title='bbox 1110 957 1532 1014; x_wconf 82' lang='lat' dir='ltr'><strong>occidebantur</strong></span> <span class='ocrx_word' id='word_1_59' title='bbox 1581 970 1954 1027; x_wconf 80' lang='lat' dir='ltr'><strong>percussores</strong></span> 
     </span>
    </p>
   </div>
   <div class='ocr_carea' id='block_1_12' title="bbox 295 1045 1947 1121">
    <p class='ocr_par' dir='ltr' id='par_1_12' title="bbox 295 1045 1947 1121">
     <span class='ocr_line' id='line_1_12' title="bbox 295 1045 1947 1121; baseline -0.007 -10"><span class='ocrx_word' id='word_1_60' title='bbox 295 1052 647 1117; x_wconf 85' lang='lat' dir='ltr'><strong>occiderent,</strong></span> <span class='ocrx_word' id='word_1_61' title='bbox 683 1048 930 1121; x_wconf 87' lang='lat' dir='ltr'><strong>pristina</strong></span> <span class='ocrx_word' id='word_1_62' title='bbox 961 1047 1280 1104; x_wconf 78' lang='lat' dir='ltr'><strong>timiditate</strong></span> <span class='ocrx_word' id='word_1_63' title='bbox 1320 1045 1377 1101; x_wconf 91' lang='lat' dir='ltr'><strong>in</strong></span> <span class='ocrx_word' id='word_1_64' title='bbox 1441 1060 1736 1101; x_wconf 85' lang='lat' dir='ltr'><strong>summam</strong></span> <span class='ocrx_word' id='word_1_65' title='bbox 1770 1045 1947 1100; x_wconf 88' lang='lat' dir='ltr'><strong>auda-</strong></span> 
     </span>
    </p>
   </div>
   <div class='ocr_carea' id='block_1_13' title="bbox 295 1132 1952 1206">
    <p class='ocr_par' dir='ltr' id='par_1_13' title="bbox 295 1132 1952 1206">
     <span class='ocr_line' id='line_1_13' title="bbox 295 1132 1952 1206; baseline -0.005 -8"><span class='ocrx_word' id='word_1_66' title='bbox 295 1141 445 1198; x_wconf 84' lang='lat' dir='ltr'><strong>ciam</strong></span> <span class='ocrx_word' id='word_1_67' title='bbox 478 1154 776 1196; x_wconf 88' lang='lat' dir='ltr'><strong>conversa.</strong></span> <span class='ocrx_word' id='word_1_68' title='bbox 808 1137 956 1192; x_wconf 87' lang='lat' dir='ltr'><strong>Nam</strong></span> <span class='ocrx_word' id='word_1_69' title='bbox 979 1135 1194 1192; x_wconf 89' lang='lat' dir='ltr'><strong>timida</strong></span> <span class='ocrx_word' id='word_1_70' title='bbox 1238 1151 1331 1190; x_wconf 82' lang='lat' dir='ltr'><strong>res</strong></span> <span class='ocrx_word' id='word_1_71' title='bbox 1364 1143 1452 1190; x_wconf 87' lang='lat' dir='ltr'><strong>est</strong></span> <span class='ocrx_word' id='word_1_72' title='bbox 1482 1132 1853 1206; x_wconf 78' lang='lat' dir='ltr'><strong>improbitas,</strong></span> <span class='ocrx_word' id='word_1_73' title='bbox 1885 1149 1952 1189; x_wconf 90' lang='lat' dir='ltr'><strong>ac</strong></span> 
     </span>
    </p>
   </div>
   <div class='ocr_carea' id='block_1_14' title="bbox 292 1227 1948 1304">
    <p class='ocr_par' dir='ltr' id='par_1_14' title="bbox 292 1227 1948 1304">
     <span class='ocr_line' id='line_1_14' title="bbox 292 1227 1948 1304; baseline -0.005 -16"><span class='ocrx_word' id='word_1_74' title='bbox 292 1237 500 1304; x_wconf 89' lang='lat' dir='ltr'><strong>suopte</strong></span> <span class='ocrx_word' id='word_1_75' title='bbox 529 1230 868 1287; x_wconf 88' lang='lat' dir='ltr'><strong>testimonio</strong></span> <span class='ocrx_word' id='word_1_76' title='bbox 899 1227 1288 1295; x_wconf 73' lang='lat' dir='ltr'><strong>convincitur,</strong></span> <span class='ocrx_word' id='word_1_77' title='bbox 1348 1230 1405 1281; x_wconf 86' lang='lat' dir='ltr'><strong>at</strong></span> <span class='ocrx_word' id='word_1_78' title='bbox 1450 1232 1726 1298; x_wconf 82' lang='lat' dir='ltr'><strong>arguente</strong></span> <span class='ocrx_word' id='word_1_79' title='bbox 1775 1240 1948 1280; x_wconf 86' lang='lat' dir='ltr'><strong>cons-</strong></span> 
     </span>
    </p>
   </div>
   <div class='ocr_carea' id='block_1_15' title="bbox 290 1311 1950 1389">
    <p class='ocr_par' dir='ltr' id='par_1_15' title="bbox 290 1311 1950 1389">
     <span class='ocr_line' id='line_1_15' title="bbox 290 1311 1950 1389; baseline -0.004 -14"><span class='ocrx_word' id='word_1_80' title='bbox 290 1319 506 1378; x_wconf 87' lang='lat' dir='ltr'><strong>cientia</strong></span> <span class='ocrx_word' id='word_1_81' title='bbox 527 1318 674 1376; x_wconf 88' lang='lat' dir='ltr'><strong>nihil</strong></span> <span class='ocrx_word' id='word_1_82' title='bbox 707 1318 845 1374; x_wconf 91' lang='lat' dir='ltr'><strong>boni</strong></span> <span class='ocrx_word' id='word_1_83' title='bbox 902 1320 1214 1389; x_wconf 85' lang='lat' dir='ltr'><strong>exspectat.</strong></span> <span class='ocrx_word' id='word_1_84' title='bbox 1269 1315 1416 1372; x_wconf 85' lang='lat' dir='ltr'><strong>Nam</strong></span> <span class='ocrx_word' id='word_1_85' title='bbox 1475 1315 1615 1386; x_wconf 88' lang='lat' dir='ltr'><strong>quid</strong></span> <span class='ocrx_word' id='word_1_86' title='bbox 1663 1312 1844 1369; x_wconf 86' lang='lat' dir='ltr'><strong>Siculi</strong></span> <span class='ocrx_word' id='word_1_87' title='bbox 1879 1311 1950 1368; x_wconf 89' lang='lat' dir='ltr'><strong>de</strong></span> 
     </span>
    </p>
   </div>
   <div class='ocr_carea' id='block_1_16' title="bbox 287 1401 1947 1482">
    <p class='ocr_par' dir='ltr' id='par_1_16' title="bbox 287 1401 1947 1482">
     <span class='ocr_line' id='line_1_16' title="bbox 287 1401 1947 1482; baseline -0.004 -17"><span class='ocrx_word' id='word_1_88' title='bbox 287 1409 565 1466; x_wconf 80' lang='lat' dir='ltr'><strong>Romanis</strong></span> <span class='ocrx_word' id='word_1_89' title='bbox 595 1407 761 1482; x_wconf 88' lang='lat' dir='ltr'><strong>queri</strong></span> <span class='ocrx_word' id='word_1_90' title='bbox 794 1410 1134 1480; x_wconf 88' lang='lat' dir='ltr'><strong>potuerunt,</strong></span> <span class='ocrx_word' id='word_1_91' title='bbox 1185 1421 1334 1478; x_wconf 85' lang='lat' dir='ltr'><strong>quos</strong></span> <span class='ocrx_word' id='word_1_92' title='bbox 1383 1401 1769 1474; x_wconf 86' lang='lat' dir='ltr'><strong>umbrosique</strong></span> <span class='ocrx_word' id='word_1_93' title='bbox 1815 1418 1947 1475; x_wconf 88' lang='lat' dir='ltr'><strong>pro-</strong></span> 
     </span>
    </p>
   </div>
   <div class='ocr_carea' id='block_1_17' title="bbox 288 1493 1947 1571">
    <p class='ocr_par' dir='ltr' id='par_1_17' title="bbox 288 1493 1947 1571">
     <span class='ocr_line' id='line_1_17' title="bbox 288 1493 1947 1571; baseline -0.006 -16"><span class='ocrx_word' id='word_1_94' title='bbox 288 1499 637 1556; x_wconf 84' lang='lat' dir='ltr'><strong>culmontes</strong></span> <span class='ocrx_word' id='word_1_95' title='bbox 659 1496 1023 1571; x_wconf 84' lang='lat' dir='ltr'><strong>pelagusque</strong></span> <span class='ocrx_word' id='word_1_96' title='bbox 1071 1510 1349 1552; x_wconf 88' lang='lat' dir='ltr'><strong>sonorum</strong></span> <span class='ocrx_word' id='word_1_97' title='bbox 1400 1511 1436 1549; x_wconf 89' lang='lat' dir='ltr'><strong>a</strong></span> <span class='ocrx_word' id='word_1_98' title='bbox 1481 1493 1652 1548; x_wconf 91' lang='lat' dir='ltr'><strong>nobis</strong></span> <span class='ocrx_word' id='word_1_99' title='bbox 1684 1507 1947 1547; x_wconf 87' lang='lat' dir='ltr'><strong>remove-</strong></span> 
     </span>
    </p>
   </div>
   <div class='ocr_carea' id='block_1_18' title="bbox 287 1581 1950 1657">
    <p class='ocr_par' dir='ltr' id='par_1_18' title="bbox 287 1581 1950 1657">
     <span class='ocr_line' id='line_1_18' title="bbox 287 1581 1950 1657; baseline -0.004 -12"><span class='ocrx_word' id='word_1_100' title='bbox 287 1589 476 1645; x_wconf 77' lang='lat' dir='ltr'><strong>runt?</strong></span> <span class='ocrx_word' id='word_1_101' title='bbox 505 1587 615 1646; x_wconf 88' lang='lat' dir='ltr'><strong>Sed</strong></span> <span class='ocrx_word' id='word_1_102' title='bbox 652 1587 702 1644; x_wconf 92' lang='lat' dir='ltr'><strong>si</strong></span> <span class='ocrx_word' id='word_1_103' title='bbox 733 1603 946 1644; x_wconf 86' lang='lat' dir='ltr'><strong>arcana</strong></span> <span class='ocrx_word' id='word_1_104' title='bbox 977 1583 1324 1657; x_wconf 83' lang='lat' dir='ltr'><strong>Deijudicia</strong></span> <span class='ocrx_word' id='word_1_105' title='bbox 1354 1583 1556 1639; x_wconf 89' lang='lat' dir='ltr'><strong>rimari</strong></span> <span class='ocrx_word' id='word_1_106' title='bbox 1592 1583 1679 1637; x_wconf 80' lang='lat' dir='ltr'><strong>fas</strong></span> <span class='ocrx_word' id='word_1_107' title='bbox 1719 1581 1950 1651; x_wconf 85' lang='lat' dir='ltr'><strong>est,Do-</strong></span> 
     </span>
    </p>
   </div>
   <div class='ocr_carea' id='block_1_19' title="bbox 287 1674 1942 1749">
    <p class='ocr_par' dir='ltr' id='par_1_19' title="bbox 287 1674 1942 1749">
     <span class='ocr_line' id='line_1_19' title="bbox 287 1674 1942 1749; baseline -0.005 -17"><span class='ocrx_word' id='word_1_108' title='bbox 287 1676 485 1734; x_wconf 88' lang='lat' dir='ltr'><strong>minus</strong></span> <span class='ocrx_word' id='word_1_109' title='bbox 517 1675 812 1749; x_wconf 84' lang='lat' dir='ltr'><strong>percussit</strong></span> <span class='ocrx_word' id='word_1_110' title='bbox 843 1692 973 1742; x_wconf 89' lang='lat' dir='ltr'><strong>nos,</strong></span> <span class='ocrx_word' id='word_1_111' title='bbox 1005 1674 1144 1746; x_wconf 87' lang='lat' dir='ltr'><strong>quia</strong></span> <span class='ocrx_word' id='word_1_112' title='bbox 1202 1676 1438 1745; x_wconf 88' lang='lat' dir='ltr'><strong>peccata</strong></span> <span class='ocrx_word' id='word_1_113' title='bbox 1496 1677 1699 1728; x_wconf 89' lang='lat' dir='ltr'><strong>nostra</strong></span> <span class='ocrx_word' id='word_1_114' title='bbox 1757 1675 1942 1727; x_wconf 90' lang='lat' dir='ltr'><strong>norat.</strong></span> 
     </span>
    </p>
   </div>
   <div class='ocr_carea' id='block_1_20' title="bbox 287 1761 1944 1838">
    <p class='ocr_par' dir='ltr' id='par_1_20' title="bbox 287 1761 1944 1838">
     <span class='ocr_line' id='line_1_20' title="bbox 287 1761 1944 1838; baseline -0.004 -15"><span class='ocrx_word' id='word_1_115' title='bbox 287 1767 398 1823; x_wconf 85' lang='lat' dir='ltr'><strong>Sed</strong></span> <span class='ocrx_word' id='word_1_116' title='bbox 423 1766 562 1838; x_wconf 90' lang='lat' dir='ltr'><strong>quia</strong></span> <span class='ocrx_word' id='word_1_117' title='bbox 591 1764 831 1838; x_wconf 86' lang='lat' dir='ltr'><strong>superbi</strong></span> <span class='ocrx_word' id='word_1_118' title='bbox 863 1773 920 1820; x_wconf 83' lang='lat' dir='ltr'><strong>et</strong></span> <span class='ocrx_word' id='word_1_119' title='bbox 964 1762 1232 1820; x_wconf 88' lang='lat' dir='ltr'><strong>crudeles</strong></span> <span class='ocrx_word' id='word_1_120' title='bbox 1291 1769 1458 1818; x_wconf 87' lang='lat' dir='ltr'><strong>erant</strong></span> <span class='ocrx_word' id='word_1_121' title='bbox 1500 1761 1538 1817; x_wconf 91' lang='lat' dir='ltr'><strong>ii</strong></span> <span class='ocrx_word' id='word_1_122' title='bbox 1571 1761 1672 1834; x_wconf 88' lang='lat' dir='ltr'><strong>qui</strong></span> <span class='ocrx_word' id='word_1_123' title='bbox 1706 1777 1809 1818; x_wconf 83' lang='lat' dir='ltr'><strong>nos</strong></span> <span class='ocrx_word' id='word_1_124' title='bbox 1839 1777 1944 1817; x_wconf 89' lang='lat' dir='ltr'><strong>ca-</strong></span> 
     </span>
    </p>
   </div>
   <div class='ocr_carea' id='block_1_21' title="bbox 285 1849 1941 1928">
    <p class='ocr_par' dir='ltr' id='par_1_21' title="bbox 285 1849 1941 1928">
     <span class='ocr_line' id='line_1_21' title="bbox 285 1849 1941 1928; baseline -0.005 -16"><span class='ocrx_word' id='word_1_125' title='bbox 285 1855 592 1928; x_wconf 80' lang='lat' dir='ltr'><strong>stigandos</strong></span> <span class='ocrx_word' id='word_1_126' title='bbox 623 1855 698 1911; x_wconf 88' lang='lat' dir='ltr'><strong>ab</strong></span> <span class='ocrx_word' id='word_1_127' title='bbox 727 1871 795 1911; x_wconf 88' lang='lat' dir='ltr'><strong>eo</strong></span> <span class='ocrx_word' id='word_1_128' title='bbox 825 1859 1222 1924; x_wconf 87' lang='lat' dir='ltr'><strong>susceperant,</strong></span> <span class='ocrx_word' id='word_1_129' title='bbox 1258 1867 1362 1907; x_wconf 86' lang='lat' dir='ltr'><strong>nec</strong></span> <span class='ocrx_word' id='word_1_130' title='bbox 1394 1851 1500 1922; x_wconf 86' lang='lat' dir='ltr'><strong>ipsi</strong></span> <span class='ocrx_word' id='word_1_131' title='bbox 1533 1849 1788 1924; x_wconf 87' lang='lat' dir='ltr'><strong>ejus,qui</strong></span> <span class='ocrx_word' id='word_1_132' title='bbox 1822 1851 1941 1905; x_wconf 90' lang='lat' dir='ltr'><strong>mi-</strong></span> 
     </span>
    </p>
   </div>
   <div class='ocr_carea' id='block_1_22' title="bbox 288 1939 1940 2014">
    <p class='ocr_par' dir='ltr' id='par_1_22' title="bbox 288 1939 1940 2014">
     <span class='ocr_line' id='line_1_22' title="bbox 288 1939 1940 2014; baseline -0.003 -13"><span class='ocrx_word' id='word_1_133' title='bbox 288 1943 663 2002; x_wconf 87' lang='lat' dir='ltr'><strong>sericordiam</strong></span> <span class='ocrx_word' id='word_1_134' title='bbox 697 1941 820 1998; x_wconf 82' lang='lat' dir='ltr'><strong>vult</strong></span> <span class='ocrx_word' id='word_1_135' title='bbox 849 1947 906 1998; x_wconf 89' lang='lat' dir='ltr'><strong>et</strong></span> <span class='ocrx_word' id='word_1_136' title='bbox 933 1942 1130 1999; x_wconf 88' lang='lat' dir='ltr'><strong>cibum</strong></span> <span class='ocrx_word' id='word_1_137' title='bbox 1182 1945 1503 2014; x_wconf 90' lang='lat' dir='ltr'><strong>potumque</strong></span> <span class='ocrx_word' id='word_1_138' title='bbox 1551 1939 1940 2013; x_wconf 81' lang='lat' dir='ltr'><strong>lacrymarum</strong></span> 
     </span>
    </p>
   </div>
   <div class='ocr_carea' id='block_1_23' title="bbox 289 2038 1946 2114">
    <p class='ocr_par' dir='ltr' id='par_1_23' title="bbox 289 2038 1946 2114">
     <span class='ocr_line' id='line_1_23' title="bbox 289 2038 1946 2114; baseline -0.003 -16"><span class='ocrx_word' id='word_1_139' title='bbox 289 2041 644 2114; x_wconf 86' lang='lat' dir='ltr'><strong>suppeditat,</strong></span> <span class='ocrx_word' id='word_1_140' title='bbox 682 2043 904 2112; x_wconf 82' lang='lat' dir='ltr'><strong>justam</strong></span> <span class='ocrx_word' id='word_1_141' title='bbox 951 2039 1420 2112; x_wconf 87' lang='lat' dir='ltr'><strong>indignationem</strong></span> <span class='ocrx_word' id='word_1_142' title='bbox 1471 2039 1818 2110; x_wconf 75' lang='lat' dir='ltr'><strong>eﬁ&#39;ugerunt.</strong></span> <span class='ocrx_word' id='word_1_143' title='bbox 1877 2038 1946 2093; x_wconf 89' lang='lat' dir='ltr'><strong>Et</strong></span> 
     </span>
    </p>
   </div>
   <div class='ocr_carea' id='block_1_24' title="bbox 288 2126 1947 2204">
    <p class='ocr_par' dir='ltr' id='par_1_24' title="bbox 288 2126 1947 2204">
     <span class='ocr_line' id='line_1_24' title="bbox 288 2126 1947 2204; baseline -0.002 -18"><span class='ocrx_word' id='word_1_144' title='bbox 288 2131 428 2204; x_wconf 87' lang='lat' dir='ltr'><strong>quia</strong></span> <span class='ocrx_word' id='word_1_145' title='bbox 458 2135 524 2186; x_wconf 89' lang='lat' dir='ltr'><strong>ut</strong></span> <span class='ocrx_word' id='word_1_146' title='bbox 553 2147 584 2186; x_wconf 90' lang='lat' dir='ltr'><strong>e</strong></span> <span class='ocrx_word' id='word_1_147' title='bbox 615 2129 761 2186; x_wconf 85' lang='lat' dir='ltr'><strong>silva</strong></span> <span class='ocrx_word' id='word_1_148' title='bbox 787 2128 985 2186; x_wconf 88' lang='lat' dir='ltr'><strong>leones</strong></span> <span class='ocrx_word' id='word_1_149' title='bbox 1017 2129 1320 2184; x_wconf 86' lang='lat' dir='ltr'><strong>irruebant</strong></span> <span class='ocrx_word' id='word_1_150' title='bbox 1347 2132 1406 2184; x_wconf 87' lang='lat' dir='ltr'><strong>et</strong></span> <span class='ocrx_word' id='word_1_151' title='bbox 1438 2131 1502 2183; x_wconf 91' lang='lat' dir='ltr'><strong>ut</strong></span> <span class='ocrx_word' id='word_1_152' title='bbox 1551 2126 1672 2198; x_wconf 86' lang='lat' dir='ltr'><strong>lupi</strong></span> <span class='ocrx_word' id='word_1_153' title='bbox 1715 2127 1947 2182; x_wconf 85' lang='lat' dir='ltr'><strong>vastita-</strong></span> 
     </span>
    </p>
   </div>
   <div class='ocr_carea' id='block_1_25' title="bbox 287 2215 1944 2290">
    <p class='ocr_par' dir='ltr' id='par_1_25' title="bbox 287 2215 1944 2290">
     <span class='ocr_line' id='line_1_25' title="bbox 287 2215 1944 2290; baseline -0.005 -14"><span class='ocrx_word' id='word_1_154' title='bbox 287 2224 405 2278; x_wconf 89' lang='lat' dir='ltr'><strong>tem</strong></span> <span class='ocrx_word' id='word_1_155' title='bbox 443 2219 776 2278; x_wconf 78' lang='lat' dir='ltr'><strong>eiticiebant</strong></span> <span class='ocrx_word' id='word_1_156' title='bbox 817 2227 867 2275; x_wconf 89' lang='lat' dir='ltr'><strong>et</strong></span> <span class='ocrx_word' id='word_1_157' title='bbox 920 2223 985 2275; x_wconf 90' lang='lat' dir='ltr'><strong>ut</strong></span> <span class='ocrx_word' id='word_1_158' title='bbox 1033 2217 1292 2290; x_wconf 89' lang='lat' dir='ltr'><strong>leopardi</strong></span> <span class='ocrx_word' id='word_1_159' title='bbox 1347 2215 1732 2279; x_wconf 86' lang='lat' dir='ltr'><strong>insultabant,</strong></span> <span class='ocrx_word' id='word_1_160' title='bbox 1791 2215 1944 2286; x_wconf 86' lang='lat' dir='ltr'><strong>capti</strong></span> 
     </span>
    </p>
   </div>
   <div class='ocr_carea' id='block_1_26' title="bbox 287 2303 1942 2382">
    <p class='ocr_par' dir='ltr' id='par_1_26' title="bbox 287 2303 1942 2382">
     <span class='ocr_line' id='line_1_26' title="bbox 287 2303 1942 2382; baseline -0.006 -15"><span class='ocrx_word' id='word_1_161' title='bbox 287 2312 432 2368; x_wconf 90' lang='lat' dir='ltr'><strong>sunt</strong></span> <span class='ocrx_word' id='word_1_162' title='bbox 451 2312 548 2382; x_wconf 91' lang='lat' dir='ltr'><strong>qui</strong></span> <span class='ocrx_word' id='word_1_163' title='bbox 573 2305 1185 2380; x_wconf 87' lang='lat' dir='ltr'><strong>captabant,oppressi</strong></span> <span class='ocrx_word' id='word_1_164' title='bbox 1208 2309 1350 2361; x_wconf 90' lang='lat' dir='ltr'><strong>sunt</strong></span> <span class='ocrx_word' id='word_1_165' title='bbox 1371 2304 1470 2374; x_wconf 91' lang='lat' dir='ltr'><strong>qui</strong></span> <span class='ocrx_word' id='word_1_166' title='bbox 1510 2303 1942 2376; x_wconf 86' lang='lat' dir='ltr'><strong>opprimebant,</strong></span> 
     </span>
    </p>
   </div>
   <div class='ocr_carea' id='block_1_27' title="bbox 285 2391 1943 2470">
    <p class='ocr_par' dir='ltr' id='par_1_27' title="bbox 285 2391 1943 2470">
     <span class='ocr_line' id='line_1_27' title="bbox 285 2391 1943 2470; baseline -0.004 -15"><span class='ocrx_word' id='word_1_167' title='bbox 285 2402 344 2455; x_wconf 89' lang='lat' dir='ltr'><strong>et</strong></span> <span class='ocrx_word' id='word_1_168' title='bbox 367 2401 758 2470; x_wconf 86' lang='lat' dir='ltr'><strong>temperatum</strong></span> <span class='ocrx_word' id='word_1_169' title='bbox 801 2414 835 2453; x_wconf 88' lang='lat' dir='ltr'><strong>a</strong></span> <span class='ocrx_word' id='word_1_170' title='bbox 866 2395 1110 2452; x_wconf 90' lang='lat' dir='ltr'><strong>Domino</strong></span> <span class='ocrx_word' id='word_1_171' title='bbox 1140 2393 1354 2450; x_wconf 88' lang='lat' dir='ltr'><strong>erroris</strong></span> <span class='ocrx_word' id='word_1_172' title='bbox 1412 2391 1684 2465; x_wconf 88' lang='lat' dir='ltr'><strong>poculum</strong></span> <span class='ocrx_word' id='word_1_173' title='bbox 1725 2391 1943 2448; x_wconf 82' lang='lat' dir='ltr'><strong>exhau-</strong></span> 
     </span>
    </p>
   </div>
   <div class='ocr_carea' id='block_1_28' title="bbox 284 2480 1940 2560">
    <p class='ocr_par' dir='ltr' id='par_1_28' title="bbox 284 2480 1940 2560">
     <span class='ocr_line' id='line_1_28' title="bbox 284 2480 1940 2560; baseline -0.004 -15"><span class='ocrx_word' id='word_1_174' title='bbox 284 2488 684 2555; x_wconf 73' lang='lat' dir='ltr'><strong>erunt,414</strong></span> <span class='ocrx_word' id='word_1_175' title='bbox 713 2485 1055 2560; x_wconf 84' lang='lat' dir='ltr'><strong>expertique</strong></span> <span class='ocrx_word' id='word_1_176' title='bbox 1111 2487 1250 2540; x_wconf 89' lang='lat' dir='ltr'><strong>sunt</strong></span> <span class='ocrx_word' id='word_1_177' title='bbox 1302 2482 1416 2538; x_wconf 87' lang='lat' dir='ltr'><strong>sibi</strong></span> <span class='ocrx_word' id='word_1_178' title='bbox 1462 2497 1697 2554; x_wconf 89' lang='lat' dir='ltr'><strong>quoque</strong></span> <span class='ocrx_word' id='word_1_179' title='bbox 1747 2480 1940 2538; x_wconf 82' lang='lat' dir='ltr'><strong>inesse</strong></span> 
     </span>
    </p>
   </div>
   <div class='ocr_carea' id='block_1_29' title="bbox 284 2568 1946 2647">
    <p class='ocr_par' dir='ltr' id='par_1_29' title="bbox 284 2568 1946 2647">
     <span class='ocr_line' id='line_1_29' title="bbox 284 2568 1946 2647; baseline -0.006 -13"><span class='ocrx_word' id='word_1_180' title='bbox 284 2575 568 2644; x_wconf 81' lang='lat' dir='ltr'><strong>maculas,</strong></span> <span class='ocrx_word' id='word_1_181' title='bbox 599 2591 818 2647; x_wconf 81' lang='lat' dir='ltr'><strong>easque</strong></span> <span class='ocrx_word' id='word_1_182' title='bbox 848 2573 1148 2630; x_wconf 83' lang='lat' dir='ltr'><strong>coccineae</strong></span> <span class='ocrx_word' id='word_1_183' title='bbox 1171 2573 1243 2629; x_wconf 93' lang='lat' dir='ltr'><strong>ob</strong></span> <span class='ocrx_word' id='word_1_184' title='bbox 1269 2570 1709 2644; x_wconf 82' lang='lat' dir='ltr'><strong>sanguinariam</strong></span> <span class='ocrx_word' id='word_1_185' title='bbox 1737 2568 1813 2625; x_wconf 90' lang='lat' dir='ltr'><strong>im</strong></span> <span class='ocrx_word' id='word_1_186' title='bbox 1826 2586 1946 2625; x_wconf 88' lang='lat' dir='ltr'><strong>ma-</strong></span> 
     </span>
    </p>
   </div>
   <div class='ocr_carea' id='block_1_30' title="bbox 281 2663 1944 2737">
    <p class='ocr_par' dir='ltr' id='par_1_30' title="bbox 281 2663 1944 2737">
     <span class='ocr_line' id='line_1_30' title="bbox 281 2663 1944 2737; baseline -0.005 -15"><span class='ocrx_word' id='word_1_187' title='bbox 281 2667 548 2736; x_wconf 82' lang='lat' dir='ltr'><strong>nitatem,</strong></span> <span class='ocrx_word' id='word_1_188' title='bbox 580 2681 708 2737; x_wconf 74' lang='lat' dir='ltr'><strong>quaa</strong></span> <span class='ocrx_word' id='word_1_189' title='bbox 742 2663 1006 2720; x_wconf 75' lang='lat' dir='ltr'><strong>eluendae</strong></span> <span class='ocrx_word' id='word_1_190' title='bbox 1065 2665 1279 2719; x_wconf 86' lang='lat' dir='ltr'><strong>essent.</strong></span> <span class='ocrx_word' id='word_1_191' title='bbox 1341 2663 1543 2732; x_wconf 87' lang='lat' dir='ltr'><strong>Itaque</strong></span> <span class='ocrx_word' id='word_1_192' title='bbox 1592 2663 1754 2715; x_wconf 83' lang='lat' dir='ltr'><strong>extra</strong></span> <span class='ocrx_word' id='word_1_193' title='bbox 1801 2675 1944 2715; x_wconf 87' lang='lat' dir='ltr'><strong>suos</strong></span> 
     </span>
    </p>
   </div>
   <div class='ocr_carea' id='block_1_31' title="bbox 285 2750 1947 2825">
    <p class='ocr_par' dir='ltr' id='par_1_31' title="bbox 285 2750 1947 2825">
     <span class='ocr_line' id='line_1_31' title="bbox 285 2750 1947 2825; baseline -0.004 -15"><span class='ocrx_word' id='word_1_194' title='bbox 285 2755 501 2812; x_wconf 88' lang='lat' dir='ltr'><strong>limites</strong></span> <span class='ocrx_word' id='word_1_195' title='bbox 531 2753 753 2825; x_wconf 80' lang='lat' dir='ltr'><strong>evagati</strong></span> <span class='ocrx_word' id='word_1_196' title='bbox 800 2757 1035 2809; x_wconf 86' lang='lat' dir='ltr'><strong>nostros</strong></span> <span class='ocrx_word' id='word_1_197' title='bbox 1085 2751 1232 2808; x_wconf 83' lang='lat' dir='ltr'><strong>fines</strong></span> <span class='ocrx_word' id='word_1_198' title='bbox 1288 2750 1690 2814; x_wconf 88' lang='lat' dir='ltr'><strong>incursarunt,</strong></span> <span class='ocrx_word' id='word_1_199' title='bbox 1722 2753 1780 2804; x_wconf 83' lang='lat' dir='ltr'><strong>et</strong></span> <span class='ocrx_word' id='word_1_200' title='bbox 1810 2765 1947 2820; x_wconf 87' lang='lat' dir='ltr'><strong>pau-</strong></span> 
     </span>
    </p>
   </div>
   <div class='ocr_carea' id='block_1_32' title="bbox 285 2839 1755 2918">
    <p class='ocr_par' dir='ltr' id='par_1_32' title="bbox 285 2839 1755 2918">
     <span class='ocr_line' id='line_1_32' title="bbox 285 2839 1755 2918; baseline -0.006 -17"><span class='ocrx_word' id='word_1_201' title='bbox 285 2845 370 2901; x_wconf 89' lang='lat' dir='ltr'><strong>cis</strong></span> <span class='ocrx_word' id='word_1_202' title='bbox 400 2843 590 2918; x_wconf 83' lang='lat' dir='ltr'><strong>plagis</strong></span> <span class='ocrx_word' id='word_1_203' title='bbox 622 2843 794 2900; x_wconf 89' lang='lat' dir='ltr'><strong>nobis</strong></span> <span class='ocrx_word' id='word_1_204' title='bbox 824 2841 1006 2898; x_wconf 85' lang='lat' dir='ltr'><strong>illatis</strong></span> <span class='ocrx_word' id='word_1_205' title='bbox 1038 2841 1152 2914; x_wconf 87' lang='lat' dir='ltr'><strong>ipsi</strong></span> <span class='ocrx_word' id='word_1_206' title='bbox 1182 2840 1382 2913; x_wconf 84' lang='lat' dir='ltr'><strong>plures</strong></span> <span class='ocrx_word' id='word_1_207' title='bbox 1412 2839 1755 2896; x_wconf 80' lang='lat' dir='ltr'><strong>tolerarunt.</strong></span> 
     </span>
    </p>
   </div>
   <div class='ocr_carea' id='block_1_33' title="bbox 2059 502 3726 584">
    <p class='ocr_par' dir='ltr' id='par_1_33' title="bbox 2059 502 3726 584">
     <span class='ocr_line' id='line_1_33' title="bbox 2059 502 3726 584; baseline 0.003 -25"><span class='ocrx_word' id='word_1_208' title='bbox 2059 503 2150 559; x_wconf 77' lang='grc' dir='ltr'>καὶ</span> <span class='ocrx_word' id='word_1_209' title='bbox 2219 506 2472 580; x_wconf 73' lang='grc' dir='ltr'>χρηστὴν</span> <span class='ocrx_word' id='word_1_210' title='bbox 2539 502 2745 562; x_wconf 71' lang='grc' dir='ltr'>ἒλπίδα</span> <span class='ocrx_word' id='word_1_211' title='bbox 2809 511 2980 563; x_wconf 81' lang='grc' dir='ltr'>πᾶσαν</span> <span class='ocrx_word' id='word_1_212' title='bbox 3041 507 3369 583; x_wconf 78' lang='grc' dir='ltr'>ἂπενεγκὼν,</span> <span class='ocrx_word' id='word_1_213' title='bbox 3411 511 3559 584; x_wconf 78' lang='grc' dir='ltr'>ἡμᾶς</span> <span class='ocrx_word' id='word_1_214' title='bbox 3599 531 3726 566; x_wconf 87' lang='grc' dir='ltr'>παι-</span> 
     </span>
    </p>
   </div>
   <div class='ocr_carea' id='block_1_34' title="bbox 2061 589 3724 675">
    <p class='ocr_par' dir='ltr' id='par_1_34' title="bbox 2061 589 3724 675">
     <span class='ocr_line' id='line_1_34' title="bbox 2061 589 3724 675; baseline 0.005 -27"><span class='ocrx_word' id='word_1_215' title='bbox 2061 589 2250 656; x_wconf 72' lang='grc' dir='ltr'>δεύσας</span> <span class='ocrx_word' id='word_1_216' title='bbox 2313 595 2544 671; x_wconf 66' lang='grc' dir='ltr'>βραχέα,</span> <span class='ocrx_word' id='word_1_217' title='bbox 2613 594 2740 658; x_wconf 69' lang='grc' dir='ltr'>τοὺς</span> <span class='ocrx_word' id='word_1_218' title='bbox 2798 596 3030 672; x_wconf 81' lang='grc' dir='ltr'>ἐχθροὺς</span> <span class='ocrx_word' id='word_1_219' title='bbox 3079 598 3242 672; x_wconf 78' lang='grc' dir='ltr'>ἡμῶν</span> <span class='ocrx_word' id='word_1_220' title='bbox 3312 596 3362 653; x_wconf 82' lang='grc' dir='ltr'>ἐν</span> <span class='ocrx_word' id='word_1_221' title='bbox 3430 601 3724 675; x_wconf 77' lang='grc' dir='ltr'>μυριότητι</span> 
     </span>
    </p>
   </div>
   <div class='ocr_carea' id='block_1_35' title="bbox 2063 681 3727 763">
    <p class='ocr_par' dir='ltr' id='par_1_35' title="bbox 2063 681 3727 763">
     <span class='ocr_line' id='line_1_35' title="bbox 2063 681 3727 763; baseline 0.004 -25"><span class='ocrx_word' id='word_1_222' title='bbox 2063 681 2456 759; x_wconf 66' lang='grc' dir='ltr'><strong>ἐμαστίγωσεν,</strong></span> <span class='ocrx_word' id='word_1_223' title='bbox 2509 683 2570 740; x_wconf 76' lang='grc' dir='ltr'>οὐ</span> <span class='ocrx_word' id='word_1_224' title='bbox 2641 686 2932 762; x_wconf 78' lang='grc' dir='ltr'><strong>στοιχείων</strong></span> <span class='ocrx_word' id='word_1_225' title='bbox 3003 689 3527 763; x_wconf 78' lang='grc' dir='ltr'>μεθαρμοζομένων,</span> <span class='ocrx_word' id='word_1_226' title='bbox 3599 687 3727 746; x_wconf 76' lang='grc' dir='ltr'>οὐδὲ</span> 
     </span>
    </p>
   </div>
   <div class='ocr_carea' id='block_1_36' title="bbox 2059 773 3726 852">
    <p class='ocr_par' dir='ltr' id='par_1_36' title="bbox 2059 773 3726 852">
     <span class='ocr_line' id='line_1_36' title="bbox 2059 773 3726 852; baseline 0.005 -25"><span class='ocrx_word' id='word_1_227' title='bbox 2059 780 2162 849; x_wconf 77' lang='grc' dir='ltr'>γῆς</span> <span class='ocrx_word' id='word_1_228' title='bbox 2198 774 2294 846; x_wconf 72' lang='grc' dir='ltr'>μὲν</span> <span class='ocrx_word' id='word_1_229' title='bbox 2326 773 2620 851; x_wconf 68' lang='grc' dir='ltr'>ἐξαγούσης</span> <span class='ocrx_word' id='word_1_230' title='bbox 2671 776 2887 847; x_wconf 84' lang='grc' dir='ltr'>πλῆθος</span> <span class='ocrx_word' id='word_1_231' title='bbox 2935 781 3200 848; x_wconf 88' lang='grc' dir='ltr'>σκνιπῶν,</span> <span class='ocrx_word' id='word_1_232' title='bbox 3251 783 3504 852; x_wconf 75' lang='grc' dir='ltr'><strong>ποταμοῦ</strong></span> <span class='ocrx_word' id='word_1_233' title='bbox 3541 776 3585 834; x_wconf 84' lang='grc' dir='ltr'>δ’</span> <span class='ocrx_word' id='word_1_234' title='bbox 3619 779 3726 851; x_wconf 74' lang='grc' dir='ltr'>ἐξει-</span> 
     </span>
    </p>
   </div>
   <div class='ocr_carea' id='block_1_37' title="bbox 2060 861 3722 949">
    <p class='ocr_par' dir='ltr' id='par_1_37' title="bbox 2060 861 3722 949">
     <span class='ocr_line' id='line_1_37' title="bbox 2060 861 3722 949; baseline 0.004 -31"><span class='ocrx_word' id='word_1_235' title='bbox 2060 862 2392 939; x_wconf 86' lang='grc' dir='ltr'>ρευγομένου</span> <span class='ocrx_word' id='word_1_236' title='bbox 2445 861 2641 940; x_wconf 78' lang='grc' dir='ltr'>ἔνυδρα</span> <span class='ocrx_word' id='word_1_237' title='bbox 2718 871 2831 936; x_wconf 87' lang='grc' dir='ltr'><strong>ζῶα</strong></span> <span class='ocrx_word' id='word_1_238' title='bbox 2911 866 3244 946; x_wconf 72' lang='grc' dir='ltr'><strong>βατράχους,</strong></span> <span class='ocrx_word' id='word_1_239' title='bbox 3315 865 3440 924; x_wconf 70' lang='grc' dir='ltr'>οὐδὲ</span> <span class='ocrx_word' id='word_1_240' title='bbox 3498 874 3722 949; x_wconf 71' lang='grc' dir='ltr'>σφηκῶν</span> 
     </span>
    </p>
   </div>
   <div class='ocr_carea' id='block_1_38' title="bbox 2059 950 3720 1029">
    <p class='ocr_par' dir='ltr' id='par_1_38' title="bbox 2059 950 3720 1029">
     <span class='ocr_line' id='line_1_38' title="bbox 2059 950 3720 1029; baseline 0.004 -23"><span class='ocrx_word' id='word_1_241' title='bbox 2059 950 2560 1027; x_wconf 73' lang='grc' dir='ltr'>ἀποστελλομένων</span> <span class='ocrx_word' id='word_1_242' title='bbox 2591 951 2928 1029; x_wconf 78' lang='grc' dir='ltr'><strong>προδρόμων</strong></span> <span class='ocrx_word' id='word_1_243' title='bbox 2967 960 3064 1010; x_wconf 72' lang='grc' dir='ltr'>τοῦ</span> <span class='ocrx_word' id='word_1_244' title='bbox 3095 953 3462 1028; x_wconf 82' lang='grc' dir='ltr'>στρατοπέδου</span> <span class='ocrx_word' id='word_1_245' title='bbox 3502 957 3536 1027; x_wconf 74' lang='grc' dir='ltr'><strong>ἢ</strong></span> <span class='ocrx_word' id='word_1_246' title='bbox 3567 978 3720 1022; x_wconf 87' lang='grc' dir='ltr'>τινος</span> 
     </span>
    </p>
   </div>
   <div class='ocr_carea' id='block_1_39' title="bbox 2059 1039 3715 1123">
    <p class='ocr_par' dir='ltr' id='par_1_39' title="bbox 2059 1039 3715 1123">
     <span class='ocr_line' id='line_1_39' title="bbox 2059 1039 3715 1123; baseline 0.005 -29"><span class='ocrx_word' id='word_1_247' title='bbox 2059 1039 2246 1114; x_wconf 73' lang='grc' dir='ltr'>ἑτέρου</span> <span class='ocrx_word' id='word_1_248' title='bbox 2295 1045 2403 1096; x_wconf 87' lang='grc' dir='ltr'><strong>τῶν</strong></span> <span class='ocrx_word' id='word_1_249' title='bbox 2455 1039 2709 1097; x_wconf 81' lang='grc' dir='ltr'>παλαιῶν</span> <span class='ocrx_word' id='word_1_250' title='bbox 2767 1041 3036 1115; x_wconf 73' lang='grc' dir='ltr'>ἐξαισίων,</span> <span class='ocrx_word' id='word_1_251' title='bbox 3087 1041 3230 1100; x_wconf 73' lang='grc' dir='ltr'>ἀλλὰ</span> <span class='ocrx_word' id='word_1_252' title='bbox 3293 1050 3400 1101; x_wconf 85' lang='grc' dir='ltr'><strong>τῶν</strong></span> <span class='ocrx_word' id='word_1_253' title='bbox 3464 1047 3715 1123; x_wconf 83' lang='grc' dir='ltr'>ἀναιρου-</span> 
     </span>
    </p>
   </div>
   <div class='ocr_carea' id='block_1_40' title="bbox 2061 1129 3710 1216">
    <p class='ocr_par' dir='ltr' id='par_1_40' title="bbox 2061 1129 3710 1216">
     <span class='ocr_line' id='line_1_40' title="bbox 2061 1129 3710 1216; baseline 0.003 -31"><span class='ocrx_word' id='word_1_254' title='bbox 2061 1129 2238 1202; x_wconf 82' lang='grc' dir='ltr'>μένων</span> <span class='ocrx_word' id='word_1_255' title='bbox 2297 1129 2728 1187; x_wconf 78' lang='grc' dir='ltr'>ἀποκτεινόντων</span> <span class='ocrx_word' id='word_1_256' title='bbox 2793 1131 2921 1196; x_wconf 69' lang='grc' dir='ltr'>τοὺς</span> <span class='ocrx_word' id='word_1_257' title='bbox 2997 1133 3248 1210; x_wconf 75' lang='grc' dir='ltr'>φονευτᾶς</span> <span class='ocrx_word' id='word_1_258' title='bbox 3311 1139 3392 1208; x_wconf 83' lang='grc' dir='ltr'><strong>τῷ</strong></span> <span class='ocrx_word' id='word_1_259' title='bbox 3456 1133 3710 1216; x_wconf 73' lang='grc' dir='ltr'><strong>ἐξαίφνης</strong></span> 
     </span>
    </p>
   </div>
   <div class='ocr_carea' id='block_1_41' title="bbox 2058 1217 3709 1299">
    <p class='ocr_par' dir='ltr' id='par_1_41' title="bbox 2058 1217 3709 1299">
     <span class='ocr_line' id='line_1_41' title="bbox 2058 1217 3709 1299; baseline 0.005 -27"><span class='ocrx_word' id='word_1_260' title='bbox 2058 1218 2134 1280; x_wconf 86' lang='grc' dir='ltr'>εἷς</span> <span class='ocrx_word' id='word_1_261' title='bbox 2184 1219 2499 1292; x_wconf 82' lang='grc' dir='ltr'>ἀποτόμονς</span> <span class='ocrx_word' id='word_1_262' title='bbox 2563 1222 2666 1277; x_wconf 85' lang='grc' dir='ltr'>ὑπὸ</span> <span class='ocrx_word' id='word_1_263' title='bbox 2717 1226 2852 1278; x_wconf 77' lang='grc' dir='ltr'><strong>Θεοῦ</strong></span> <span class='ocrx_word' id='word_1_264' title='bbox 2911 1217 3324 1296; x_wconf 71' lang='grc' dir='ltr'>μεταϐληθῆναι</span> <span class='ocrx_word' id='word_1_265' title='bbox 3353 1223 3709 1299; x_wconf 76' lang='grc' dir='ltr'>πολεμιστὰς,</span> 
     </span>
    </p>
   </div>
   <div class='ocr_carea' id='block_1_42' title="bbox 2058 1305 3712 1390">
    <p class='ocr_par' dir='ltr' id='par_1_42' title="bbox 2058 1305 3712 1390">
     <span class='ocr_line' id='line_1_42' title="bbox 2058 1305 3712 1390; baseline 0.004 -26"><span class='ocrx_word' id='word_1_266' title='bbox 2058 1305 2172 1364; x_wconf 60' lang='lat' dir='ltr'><strong>insi</strong></span> <span class='ocrx_word' id='word_1_267' title='bbox 2203 1310 2291 1364; x_wconf 77' lang='grc' dir='ltr'><strong>καὶ</strong></span> <span class='ocrx_word' id='word_1_268' title='bbox 2328 1307 2508 1365; x_wconf 88' lang='grc' dir='ltr'>δειλόν</span> <span class='ocrx_word' id='word_1_269' title='bbox 2553 1331 2607 1366; x_wconf 88' lang='grc' dir='ltr'><strong>τι</strong></span> <span class='ocrx_word' id='word_1_270' title='bbox 2657 1315 2886 1390; x_wconf 82' lang='grc' dir='ltr'>πρᾶγμα</span> <span class='ocrx_word' id='word_1_271' title='bbox 2931 1315 2965 1382; x_wconf 80' lang='grc' dir='ltr'>ἡ</span> <span class='ocrx_word' id='word_1_272' title='bbox 3016 1313 3271 1389; x_wconf 77' lang='grc' dir='ltr'><strong>πονηρία,</strong></span> <span class='ocrx_word' id='word_1_273' title='bbox 3331 1311 3452 1387; x_wconf 75' lang='grc' dir='ltr'>ἰδίῳ</span> <span class='ocrx_word' id='word_1_274' title='bbox 3491 1311 3712 1370; x_wconf 79' lang='grc' dir='ltr'>γαταδι-</span> 
     </span>
    </p>
   </div>
   <div class='ocr_carea' id='block_1_43' title="bbox 2053 1398 3722 1480">
    <p class='ocr_par' dir='ltr' id='par_1_43' title="bbox 2053 1398 3722 1480">
     <span class='ocr_line' id='line_1_43' title="bbox 2053 1398 3722 1480; baseline 0.002 -26"><span class='ocrx_word' id='word_1_275' title='bbox 2053 1398 2354 1471; x_wconf 81' lang='grc' dir='ltr'>καζόμενον</span> <span class='ocrx_word' id='word_1_276' title='bbox 2391 1399 2648 1475; x_wconf 75' lang='grc' dir='ltr'>μάρτυρι,</span> <span class='ocrx_word' id='word_1_277' title='bbox 2709 1403 2795 1455; x_wconf 78' lang='grc' dir='ltr'><strong>καὶ</strong></span> <span class='ocrx_word' id='word_1_278' title='bbox 2852 1401 3221 1480; x_wconf 71' lang='grc' dir='ltr'>προσείληφεν</span> <span class='ocrx_word' id='word_1_279' title='bbox 3254 1401 3336 1458; x_wconf 81' lang='grc' dir='ltr'>ἀεὶ</span> <span class='ocrx_word' id='word_1_280' title='bbox 3367 1403 3435 1458; x_wconf 71' lang='grc' dir='ltr'>τὰ</span> <span class='ocrx_word' id='word_1_281' title='bbox 3475 1403 3722 1479; x_wconf 77' lang='grc' dir='ltr'>χαλεπὰ,</span> 
     </span>
    </p>
   </div>
   <div class='ocr_carea' id='block_1_44' title="bbox 2053 1487 3716 1568">
    <p class='ocr_par' dir='ltr' id='par_1_44' title="bbox 2053 1487 3716 1568">
     <span class='ocr_line' id='line_1_44' title="bbox 2053 1487 3716 1568; baseline 0.004 -27"><span class='ocrx_word' id='word_1_282' title='bbox 2053 1491 2123 1562; x_wconf 79' lang='grc' dir='ltr'><strong>τῇ</strong></span> <span class='ocrx_word' id='word_1_283' title='bbox 2173 1487 2348 1560; x_wconf 79' lang='grc' dir='ltr'>οἰκείᾳ</span> <span class='ocrx_word' id='word_1_284' title='bbox 2404 1489 2770 1564; x_wconf 76' lang='grc' dir='ltr'>συνεχόμενον</span> <span class='ocrx_word' id='word_1_285' title='bbox 2828 1487 3154 1561; x_wconf 79' lang='grc' dir='ltr'>συνειδήσει.</span> <span class='ocrx_word' id='word_1_286' title='bbox 3189 1491 3251 1547; x_wconf 93' lang='grc' dir='ltr'>Τί</span> <span class='ocrx_word' id='word_1_287' title='bbox 3295 1491 3399 1567; x_wconf 74' lang='grc' dir='ltr'>γὰρ</span> <span class='ocrx_word' id='word_1_288' title='bbox 3433 1493 3524 1546; x_wconf 84' lang='grc' dir='ltr'><strong>καὶ</strong></span> <span class='ocrx_word' id='word_1_289' title='bbox 3555 1493 3716 1568; x_wconf 80' lang='grc' dir='ltr'>εἶχον</span> 
     </span>
    </p>
   </div>
   <div class='ocr_carea' id='block_1_45' title="bbox 2056 1571 3719 1656">
    <p class='ocr_par' dir='ltr' id='par_1_45' title="bbox 2056 1571 3719 1656">
     <span class='ocr_line' id='line_1_45' title="bbox 2056 1571 3719 1656; baseline 0.003 -26"><span class='ocrx_word' id='word_1_290' title='bbox 2056 1571 2230 1632; x_wconf 86' lang='grc' dir='ltr'>δεινὸν</span> <span class='ocrx_word' id='word_1_291' title='bbox 2287 1575 2609 1653; x_wconf 83' lang='grc' dir='ltr'>ἐπεγκαλεῖν</span> <span class='ocrx_word' id='word_1_292' title='bbox 2655 1577 2956 1652; x_wconf 81' lang='grc' dir='ltr'>Ῥωμαίοις</span> <span class='ocrx_word' id='word_1_293' title='bbox 3008 1581 3059 1633; x_wconf 79' lang='grc' dir='ltr'>οἱ</span> <span class='ocrx_word' id='word_1_294' title='bbox 3115 1578 3360 1652; x_wconf 75' lang='grc' dir='ltr'>Σικελοὶ,</span> <span class='ocrx_word' id='word_1_295' title='bbox 3413 1577 3506 1644; x_wconf 73' lang='grc' dir='ltr'>οὕς</span> <span class='ocrx_word' id='word_1_296' title='bbox 3555 1578 3719 1656; x_wconf 73' lang='grc' dir='ltr'>οὔρεά</span> 
     </span>
    </p>
   </div>
   <div class='ocr_carea' id='block_1_46' title="bbox 2052 1675 3714 1757">
    <p class='ocr_par' dir='ltr' id='par_1_46' title="bbox 2052 1675 3714 1757">
     <span class='ocr_line' id='line_1_46' title="bbox 2052 1675 3714 1757; baseline 0.002 -26"><span class='ocrx_word' id='word_1_297' title='bbox 2052 1695 2112 1731; x_wconf 83' lang='grc' dir='ltr'><strong>τε</strong></span> <span class='ocrx_word' id='word_1_298' title='bbox 2144 1675 2390 1732; x_wconf 78' lang='grc' dir='ltr'>σκιόεντα</span> <span class='ocrx_word' id='word_1_299' title='bbox 2446 1675 2690 1742; x_wconf 77' lang='grc' dir='ltr'>θάλασσά</span> <span class='ocrx_word' id='word_1_300' title='bbox 2737 1698 2796 1732; x_wconf 89' lang='grc' dir='ltr'><strong>τε</strong></span> <span class='ocrx_word' id='word_1_301' title='bbox 2841 1677 3096 1753; x_wconf 72' lang='grc' dir='ltr'>ἠχήεσσα</span> <span class='ocrx_word' id='word_1_302' title='bbox 3146 1677 3403 1734; x_wconf 84' lang='grc' dir='ltr'>πλεῖστον</span> <span class='ocrx_word' id='word_1_303' title='bbox 3436 1677 3522 1757; x_wconf 72' lang='grc' dir='ltr'>ἀφ’</span> <span class='ocrx_word' id='word_1_304' title='bbox 3553 1679 3714 1751; x_wconf 77' lang='grc' dir='ltr'>ἡμῶν</span> 
     </span>
    </p>
   </div>
   <div class='ocr_carea' id='block_1_47' title="bbox 1976 1761 3715 1874">
    <p class='ocr_par' dir='ltr' id='par_1_47' title="bbox 1976 1761 3715 1874">
     <span class='ocr_line' id='line_1_47' title="bbox 1976 1761 3715 1874; baseline 0.001 -53"><span class='ocrx_word' id='word_1_305' title='bbox 1976 1809 2023 1874; x_wconf 78' lang='grc' dir='ltr'><strong>Β</strong></span> <span class='ocrx_word' id='word_1_306' title='bbox 2056 1763 2406 1836; x_wconf 75' lang='grc' dir='ltr'>ἐξετόπισανς</span> <span class='ocrx_word' id='word_1_307' title='bbox 2447 1765 2576 1823; x_wconf 84' lang='grc' dir='ltr'>ἀλλ’</span> <span class='ocrx_word' id='word_1_308' title='bbox 2609 1765 2760 1842; x_wconf 74' lang='grc' dir='ltr'>ε’ἰπερ</span> <span class='ocrx_word' id='word_1_309' title='bbox 2816 1761 2929 1822; x_wconf 74' lang='grc' dir='ltr'>ἔστι</span> <span class='ocrx_word' id='word_1_310' title='bbox 2987 1771 3094 1824; x_wconf 87' lang='grc' dir='ltr'><strong>τῶν</strong></span> <span class='ocrx_word' id='word_1_311' title='bbox 3158 1767 3467 1844; x_wconf 68' lang='grc' dir='ltr'>βαθυτέρων</span> <span class='ocrx_word' id='word_1_312' title='bbox 3533 1767 3715 1822; x_wconf 83' lang='grc' dir='ltr'>ἀνεπι-</span> 
     </span>
     <span class='ocr_line' id='line_1_48' title="bbox 2067 1851 3525 1874; baseline 0 0"><span class='ocrx_word' id='word_1_313' title='bbox 2067 1851 2118 1874; x_wconf 43' lang='grc' dir='ltr'><strong>ηἹ</strong></span> <span class='ocrx_word' id='word_1_314' title='bbox 2158 1855 2170 1874; x_wconf 85' lang='grc' dir='ltr'><strong><em>Ι</em></strong></span> <span class='ocrx_word' id='word_1_315' title='bbox 2377 1854 2398 1873; x_wconf 77' lang='grc' dir='ltr'><em>η</em></span> <span class='ocrx_word' id='word_1_316' title='bbox 2425 1857 2436 1874; x_wconf 86' lang='lat' dir='ltr'><strong>I</strong></span> <span class='ocrx_word' id='word_1_317' title='bbox 2529 1866 2548 1874; x_wconf 64' lang='grc' dir='ltr'><strong>Α</strong></span> <span class='ocrx_word' id='word_1_318' title='bbox 2823 1853 2835 1874; x_wconf 70' lang='grc'><strong><em>1</em></strong></span> <span class='ocrx_word' id='word_1_319' title='bbox 3032 1862 3064 1874; x_wconf 72' lang='grc' dir='ltr'><strong>Α</strong></span> <span class='ocrx_word' id='word_1_320' title='bbox 3131 1859 3158 1871; x_wconf 60' lang='grc' dir='ltr'>υ</span> <span class='ocrx_word' id='word_1_321' title='bbox 3247 1859 3279 1874; x_wconf 71' lang='lat' dir='ltr'><strong>li</strong></span> <span class='ocrx_word' id='word_1_322' title='bbox 3301 1856 3314 1874; x_wconf 73' lang='grc'><strong><em>1</em></strong></span> <span class='ocrx_word' id='word_1_323' title='bbox 3502 1853 3525 1874; x_wconf 67' lang='grc' dir='ltr'><strong>,ν</strong></span> 
     </span>
    </p>
   </div>
   <div class='ocr_carea' id='block_1_48' title="bbox 2054 1851 3717 1930">
    <p class='ocr_par' dir='ltr' id='par_1_48' title="bbox 2054 1851 3717 1930">
     <span class='ocr_line' id='line_1_49' title="bbox 2054 1851 3717 1930; baseline 0 -22"><span class='ocrx_word' id='word_1_324' title='bbox 2054 1851 2318 1924; x_wconf 70' lang='grc' dir='ltr'>πλήκτως</span> <span class='ocrx_word' id='word_1_325' title='bbox 2377 1854 2612 1930; x_wconf 66' lang='grc' dir='ltr'>ἅψασθαι</span> <span class='ocrx_word' id='word_1_326' title='bbox 2669 1853 2952 1929; x_wconf 62' lang='grc' dir='ltr'>χριμάτων</span> <span class='ocrx_word' id='word_1_327' title='bbox 3027 1859 3184 1924; x_wconf 77' lang='grc' dir='ltr'>Θεοῦ,</span> <span class='ocrx_word' id='word_1_328' title='bbox 3246 1856 3442 1930; x_wconf 81' lang='grc' dir='ltr'>Κύριος</span> <span class='ocrx_word' id='word_1_329' title='bbox 3500 1853 3717 1912; x_wconf 83' lang='grc' dir='ltr'>ἔπαισεν</span> 
     </span>
    </p>
   </div>
   <div class='ocr_carea' id='block_1_49' title="bbox 2056 1939 3720 2020">
    <p class='ocr_par' dir='ltr' id='par_1_49' title="bbox 2056 1939 3720 2020">
     <span class='ocr_line' id='line_1_50' title="bbox 2056 1939 3720 2020; baseline 0 -23"><span class='ocrx_word' id='word_1_330' title='bbox 2056 1945 2226 2016; x_wconf 77' lang='grc' dir='ltr'>ἡμᾶς,</span> <span class='ocrx_word' id='word_1_331' title='bbox 2278 1941 2363 1998; x_wconf 77' lang='grc' dir='ltr'><strong>ὅτι</strong></span> <span class='ocrx_word' id='word_1_332' title='bbox 2410 1939 2638 2020; x_wconf 78' lang='grc' dir='ltr'>ἔγνωκεν</span> <span class='ocrx_word' id='word_1_333' title='bbox 2703 1943 3078 2018; x_wconf 76' lang='grc' dir='ltr'>ἁμαρτήματα</span> <span class='ocrx_word' id='word_1_334' title='bbox 3128 1947 3316 2018; x_wconf 73' lang='grc' dir='ltr'>ἡμῶν.</span> <span class='ocrx_word' id='word_1_335' title='bbox 3366 1945 3525 2002; x_wconf 81' lang='grc' dir='ltr'>Ἀλλ’</span> <span class='ocrx_word' id='word_1_336' title='bbox 3577 1943 3720 2001; x_wconf 78' lang='grc' dir='ltr'>ἐπει-</span> 
     </span>
    </p>
   </div>
   <div class='ocr_carea' id='block_1_50' title="bbox 2057 2028 3722 2106">
    <p class='ocr_par' dir='ltr' id='par_1_50' title="bbox 2057 2028 3722 2106">
     <span class='ocr_line' id='line_1_51' title="bbox 2057 2028 3722 2106; baseline 0.002 -21"><span class='ocrx_word' id='word_1_337' title='bbox 2057 2028 2230 2106; x_wconf 80' lang='grc' dir='ltr'>δήπερ</span> <span class='ocrx_word' id='word_1_338' title='bbox 2289 2033 2425 2100; x_wconf 78' lang='grc' dir='ltr'>ἦσαν</span> <span class='ocrx_word' id='word_1_339' title='bbox 2486 2031 2673 2106; x_wconf 78' lang='grc' dir='ltr'>ίταμοί</span> <span class='ocrx_word' id='word_1_340' title='bbox 2730 2054 2788 2088; x_wconf 86' lang='grc' dir='ltr'><strong>τε</strong></span> <span class='ocrx_word' id='word_1_341' title='bbox 2844 2035 2935 2088; x_wconf 78' lang='grc' dir='ltr'>καὶ</span> <span class='ocrx_word' id='word_1_342' title='bbox 2993 2033 3366 2106; x_wconf 62' lang='grc' dir='ltr'>ἄνελε-ἥμονες</span> <span class='ocrx_word' id='word_1_343' title='bbox 3433 2035 3486 2090; x_wconf 76' lang='grc' dir='ltr'>οἱ</span> <span class='ocrx_word' id='word_1_344' title='bbox 3543 2034 3722 2091; x_wconf 87' lang='grc' dir='ltr'>θεόθεν</span> 
     </span>
    </p>
   </div>
   <div class='ocr_carea' id='block_1_51' title="bbox 2056 2117 3724 2198">
    <p class='ocr_par' dir='ltr' id='par_1_51' title="bbox 2056 2117 3724 2198">
     <span class='ocr_line' id='line_1_52' title="bbox 2056 2117 3724 2198; baseline 0.002 -23"><span class='ocrx_word' id='word_1_345' title='bbox 2056 2117 2347 2198; x_wconf 78' lang='grc' dir='ltr'>εἰληφότες</span> <span class='ocrx_word' id='word_1_346' title='bbox 2394 2123 2542 2193; x_wconf 76' lang='grc' dir='ltr'>ἡμᾶς</span> <span class='ocrx_word' id='word_1_347' title='bbox 2593 2121 2669 2182; x_wconf 82' lang='grc' dir='ltr'>εἷς</span> <span class='ocrx_word' id='word_1_348' title='bbox 2724 2121 3084 2196; x_wconf 86' lang='grc' dir='ltr'>μαστίγωσιν,</span> <span class='ocrx_word' id='word_1_349' title='bbox 3138 2120 3252 2178; x_wconf 81' lang='grc' dir='ltr'>οὐδ’</span> <span class='ocrx_word' id='word_1_350' title='bbox 3286 2125 3370 2197; x_wconf 86' lang='grc' dir='ltr'><strong>[Ρ,</strong></span> <span class='ocrx_word' id='word_1_351' title='bbox 3404 2126 3533 2197; x_wconf 81' lang='lat'><strong>233]</strong></span> <span class='ocrx_word' id='word_1_352' title='bbox 3565 2122 3724 2180; x_wconf 76' lang='grc' dir='ltr'>αὐτοὶ</span> 
     </span>
    </p>
   </div>
   <div class='ocr_carea' id='block_1_52' title="bbox 2051 2203 3724 2284">
    <p class='ocr_par' dir='ltr' id='par_1_52' title="bbox 2051 2203 3724 2284">
     <span class='ocr_line' id='line_1_53' title="bbox 2051 2203 3724 2284; baseline 0.002 -20"><span class='ocrx_word' id='word_1_353' title='bbox 2051 2212 2148 2264; x_wconf 78' lang='grc' dir='ltr'><strong>τοῦ</strong></span> <span class='ocrx_word' id='word_1_354' title='bbox 2187 2209 2279 2264; x_wconf 84' lang='grc' dir='ltr'>τὸν</span> <span class='ocrx_word' id='word_1_355' title='bbox 2341 2203 2494 2264; x_wconf 78' lang='grc' dir='ltr'>ἔλεον</span> <span class='ocrx_word' id='word_1_356' title='bbox 2555 2208 2807 2273; x_wconf 66' lang='grc' dir='ltr'>θέλοντος</span> <span class='ocrx_word' id='word_1_357' title='bbox 2864 2211 2952 2265; x_wconf 87' lang='grc' dir='ltr'><strong>καὶ</strong></span> <span class='ocrx_word' id='word_1_358' title='bbox 3012 2211 3364 2284; x_wconf 81' lang='grc' dir='ltr'>ψωμίζοντος</span> <span class='ocrx_word' id='word_1_359' title='bbox 3420 2211 3585 2284; x_wconf 78' lang='grc' dir='ltr'>ἄρτον</span> <span class='ocrx_word' id='word_1_360' title='bbox 3635 2211 3724 2268; x_wconf 72' lang='lat' dir='ltr'><strong>8a-</strong></span> 
     </span>
    </p>
   </div>
   <div class='ocr_carea' id='block_1_53' title="bbox 2053 2295 3718 2377">
    <p class='ocr_par' dir='ltr' id='par_1_53' title="bbox 2053 2295 3718 2377">
     <span class='ocr_line' id='line_1_54' title="bbox 2053 2295 3718 2377; baseline 0.002 -25"><span class='ocrx_word' id='word_1_361' title='bbox 2053 2296 2233 2372; x_wconf 80' lang='grc' dir='ltr'>κρόων</span> <span class='ocrx_word' id='word_1_362' title='bbox 2295 2298 2383 2352; x_wconf 81' lang='grc' dir='ltr'><strong>καὶ</strong></span> <span class='ocrx_word' id='word_1_363' title='bbox 2442 2299 2762 2369; x_wconf 85' lang='grc' dir='ltr'>ποτίζοντος</span> <span class='ocrx_word' id='word_1_364' title='bbox 2834 2295 2885 2353; x_wconf 86' lang='grc' dir='ltr'>ἐν</span> <span class='ocrx_word' id='word_1_365' title='bbox 2963 2295 3218 2376; x_wconf 74' lang='grc' dir='ltr'>δάκρυσιν</span> <span class='ocrx_word' id='word_1_366' title='bbox 3275 2297 3328 2356; x_wconf 84' lang='grc' dir='ltr'>ὲν</span> <span class='ocrx_word' id='word_1_367' title='bbox 3385 2300 3567 2377; x_wconf 69' lang='grc' dir='ltr'>μέτρῳ</span> <span class='ocrx_word' id='word_1_368' title='bbox 3621 2303 3718 2358; x_wconf 90' lang='grc' dir='ltr'><strong>τὸν</strong></span> 
     </span>
    </p>
   </div>
   <div class='ocr_carea' id='block_1_54' title="bbox 2053 2385 3710 2466">
    <p class='ocr_par' dir='ltr' id='par_1_54' title="bbox 2053 2385 3710 2466">
     <span class='ocr_line' id='line_1_55' title="bbox 2053 2385 3710 2466; baseline 0.004 -24"><span class='ocrx_word' id='word_1_369' title='bbox 2053 2385 2262 2442; x_wconf 70' lang='grc' dir='ltr'>δίκαιον</span> <span class='ocrx_word' id='word_1_370' title='bbox 2302 2386 2477 2466; x_wconf 90' lang='grc' dir='ltr'>χόλον</span> <span class='ocrx_word' id='word_1_371' title='bbox 2511 2385 2780 2466; x_wconf 69' lang='grc' dir='ltr'>ἐξέφυγον,</span> <span class='ocrx_word' id='word_1_372' title='bbox 2823 2385 2951 2443; x_wconf 85' lang='grc' dir='ltr'>ἀλλ’</span> <span class='ocrx_word' id='word_1_373' title='bbox 3000 2388 3074 2452; x_wconf 85' lang='grc' dir='ltr'><strong>ὡς</strong></span> <span class='ocrx_word' id='word_1_374' title='bbox 3125 2386 3186 2443; x_wconf 81' lang='grc' dir='ltr'>ἐκ</span> <span class='ocrx_word' id='word_1_375' title='bbox 3245 2386 3457 2465; x_wconf 66' lang='grc' dir='ltr'>δρυμοῦ</span> <span class='ocrx_word' id='word_1_376' title='bbox 3489 2389 3710 2456; x_wconf 66' lang='grc' dir='ltr'>λέοντες</span> 
     </span>
    </p>
   </div>
   <div class='ocr_carea' id='block_1_55' title="bbox 2053 2475 3706 2553">
    <p class='ocr_par' dir='ltr' id='par_1_55' title="bbox 2053 2475 3706 2553">
     <span class='ocr_line' id='line_1_56' title="bbox 2053 2475 3706 2553; baseline 0.002 -20"><span class='ocrx_word' id='word_1_377' title='bbox 2053 2475 2412 2550; x_wconf 72' lang='grc' dir='ltr'>ὶμπίπτοντες</span> <span class='ocrx_word' id='word_1_378' title='bbox 2469 2477 2559 2531; x_wconf 81' lang='grc' dir='ltr'><strong>καὶ</strong></span> <span class='ocrx_word' id='word_1_379' title='bbox 2628 2477 2702 2540; x_wconf 85' lang='grc' dir='ltr'>ὠς</span> <span class='ocrx_word' id='word_1_380' title='bbox 2753 2475 2994 2540; x_wconf 77' lang='grc' dir='ltr'>λυκιδεῖς</span> <span class='ocrx_word' id='word_1_381' title='bbox 3055 2476 3436 2553; x_wconf 79' lang='grc' dir='ltr'>όλοθρεόοντες</span> <span class='ocrx_word' id='word_1_382' title='bbox 3491 2479 3582 2536; x_wconf 83' lang='grc' dir='ltr'><strong>καὶ</strong></span> <span class='ocrx_word' id='word_1_383' title='bbox 3633 2482 3706 2545; x_wconf 84' lang='grc' dir='ltr'>ὡς</span> 
     </span>
    </p>
   </div>
   <div class='ocr_carea' id='block_1_56' title="bbox 2052 2563 3704 2643">
    <p class='ocr_par' dir='ltr' id='par_1_56' title="bbox 2052 2563 3704 2643">
     <span class='ocr_line' id='line_1_57' title="bbox 2052 2563 3704 2643; baseline 0.004 -23"><span class='ocrx_word' id='word_1_384' title='bbox 2052 2563 2324 2640; x_wconf 74' lang='grc' dir='ltr'>πάρδαλις</span> <span class='ocrx_word' id='word_1_385' title='bbox 2378 2564 2774 2638; x_wconf 65' lang='grc' dir='ltr'>ἐσαλλόμενοι,</span> <span class='ocrx_word' id='word_1_386' title='bbox 2831 2565 3148 2641; x_wconf 70' lang='grc' dir='ltr'>γεγένηνται</span> <span class='ocrx_word' id='word_1_387' title='bbox 3231 2567 3588 2643; x_wconf 80' lang='grc' dir='ltr'>αἰχμάλωτοι</span> <span class='ocrx_word' id='word_1_388' title='bbox 3653 2573 3704 2626; x_wconf 78' lang='grc' dir='ltr'>οἱ</span> 
     </span>
    </p>
   </div>
   <div class='ocr_carea' id='block_1_57' title="bbox 2053 2653 3718 2730">
    <p class='ocr_par' dir='ltr' id='par_1_57' title="bbox 2053 2653 3718 2730">
     <span class='ocr_line' id='line_1_58' title="bbox 2053 2653 3718 2730; baseline 0.004 -20"><span class='ocrx_word' id='word_1_389' title='bbox 2053 2653 2570 2730; x_wconf 83' lang='grc' dir='ltr'>αἰχμαλωτίσαντες</span> <span class='ocrx_word' id='word_1_390' title='bbox 2647 2656 2736 2708; x_wconf 77' lang='grc' dir='ltr'><strong>καὶ</strong></span> <span class='ocrx_word' id='word_1_391' title='bbox 2821 2657 3312 2730; x_wconf 74' lang='grc' dir='ltr'>κατεκυριεύθησαν</span> <span class='ocrx_word' id='word_1_392' title='bbox 3371 2658 3423 2713; x_wconf 68' lang='grc' dir='ltr'>οἱ</span> <span class='ocrx_word' id='word_1_393' title='bbox 3480 2681 3718 2716; x_wconf 82' lang='grc' dir='ltr'>κατακυ-</span> 
     </span>
    </p>
   </div>
   <div class='ocr_carea' id='block_1_58' title="bbox 2056 2741 3712 2826">
    <p class='ocr_par' dir='ltr' id='par_1_58' title="bbox 2056 2741 3712 2826">
     <span class='ocr_line' id='line_1_59' title="bbox 2056 2741 3712 2826; baseline 0.005 -28"><span class='ocrx_word' id='word_1_394' title='bbox 2056 2743 2384 2818; x_wconf 72' lang='grc' dir='ltr'>ριεύσαντες,</span> <span class='ocrx_word' id='word_1_395' title='bbox 2459 2741 2551 2799; x_wconf 79' lang='grc' dir='ltr'><strong>καὶ</strong></span> <span class='ocrx_word' id='word_1_396' title='bbox 2627 2743 2910 2819; x_wconf 74' lang='grc' dir='ltr'>κεκέρακεν</span> <span class='ocrx_word' id='word_1_397' title='bbox 2984 2743 3170 2808; x_wconf 82' lang='grc' dir='ltr'>αὐτοῖς</span> <span class='ocrx_word' id='word_1_398' title='bbox 3270 2747 3472 2824; x_wconf 83' lang='grc' dir='ltr'>Κύριος</span> <span class='ocrx_word' id='word_1_399' title='bbox 3566 2747 3712 2826; x_wconf 77' lang='grc' dir='ltr'>ὕδωρ</span> 
     </span>
    </p>
   </div>
   <div class='ocr_carea' id='block_1_59' title="bbox 2053 2831 3708 2915">
    <p class='ocr_par' dir='ltr' id='par_1_59' title="bbox 2053 2831 3708 2915">
     <span class='ocr_line' id='line_1_60' title="bbox 2053 2831 3708 2915; baseline 0.005 -27"><span class='ocrx_word' id='word_1_400' title='bbox 2053 2832 2400 2905; x_wconf 63' lang='grc' dir='ltr'>κλανήσεως,</span> <span class='ocrx_word' id='word_1_401' title='bbox 2460 2831 2635 2906; x_wconf 78' lang='grc' dir='ltr'>δείξας</span> <span class='ocrx_word' id='word_1_402' title='bbox 2695 2835 2768 2897; x_wconf 81' lang='grc' dir='ltr'>ὡς</span> <span class='ocrx_word' id='word_1_403' title='bbox 2824 2836 2914 2890; x_wconf 86' lang='grc' dir='ltr'><strong>καὶ</strong></span> <span class='ocrx_word' id='word_1_404' title='bbox 2965 2837 3144 2915; x_wconf 75' lang='grc' dir='ltr'>σφίσιν</span> <span class='ocrx_word' id='word_1_405' title='bbox 3193 2837 3330 2908; x_wconf 76' lang='grc' dir='ltr'>ἦσαν</span> <span class='ocrx_word' id='word_1_406' title='bbox 3361 2839 3588 2911; x_wconf 83' lang='grc' dir='ltr'>κηλῖδες</span> <span class='ocrx_word' id='word_1_407' title='bbox 3618 2839 3708 2896; x_wconf 77' lang='grc' dir='ltr'><strong>διὰ</strong></span> 
     </span>
    </p>
   </div>
   <div class='ocr_carea' id='block_1_60' title="bbox 275 2921 3702 3009">
    <p class='ocr_par' dir='ltr' id='par_1_60' title="bbox 275 2921 3702 3009">
     <span class='ocr_line' id='line_1_61' title="bbox 275 2921 3702 3009; baseline -0.001 -21"><span class='ocrx_word' id='word_1_408' title='bbox 275 2933 342 2988; x_wconf 63' lang='grc' dir='ltr'><strong>τὸ</strong></span> <span class='ocrx_word' id='word_1_409' title='bbox 371 2937 468 2988; x_wconf 74' lang='grc' dir='ltr'><strong>τοῦ</strong></span> <span class='ocrx_word' id='word_1_410' title='bbox 498 2933 710 3006; x_wconf 85' lang='grc' dir='ltr'>τρόπου</span> <span class='ocrx_word' id='word_1_411' title='bbox 738 2931 962 3008; x_wconf 70' lang='grc' dir='ltr'>φονικὸν</span> <span class='ocrx_word' id='word_1_412' title='bbox 1018 2929 1096 2987; x_wconf 81' lang='grc' dir='ltr'><strong>εἰς</strong></span> <span class='ocrx_word' id='word_1_413' title='bbox 1144 2932 1420 3009; x_wconf 75' lang='grc' dir='ltr'>φοινικοῦν</span> <span class='ocrx_word' id='word_1_414' title='bbox 1465 2927 1817 3002; x_wconf 76' lang='grc' dir='ltr'>χρῶζόμεναι</span> <span class='ocrx_word' id='word_1_415' title='bbox 1854 2925 1944 2982; x_wconf 81' lang='grc' dir='ltr'><strong>καὶ</strong></span> <span class='ocrx_word' id='word_1_416' title='bbox 1991 2922 2187 3000; x_wconf 89' lang='grc' dir='ltr'>νίτρων</span> <span class='ocrx_word' id='word_1_417' title='bbox 2237 2921 2512 2998; x_wconf 74' lang='grc' dir='ltr'>δεόμεναι,</span> <span class='ocrx_word' id='word_1_418' title='bbox 2547 2923 2755 2982; x_wconf 67' lang='grc' dir='ltr'>Οὐκοῦν</span> <span class='ocrx_word' id='word_1_419' title='bbox 2790 2924 2880 2980; x_wconf 83' lang='grc' dir='ltr'><strong>καί</strong></span> <span class='ocrx_word' id='word_1_420' title='bbox 2907 2926 2974 2982; x_wconf 78' lang='grc' dir='ltr'><strong>τὰ</strong></span> <span class='ocrx_word' id='word_1_421' title='bbox 3006 2925 3182 2982; x_wconf 79' lang='grc' dir='ltr'>οἰκεῖα</span> <span class='ocrx_word' id='word_1_422' title='bbox 3215 2927 3340 3004; x_wconf 80' lang='grc' dir='ltr'>ὅρια</span> <span class='ocrx_word' id='word_1_423' title='bbox 3376 2924 3702 3002; x_wconf 74' lang='grc' dir='ltr'>ὑπερϐάντες</span> 
     </span>
    </p>
   </div>
   <div class='ocr_carea' id='block_1_61' title="bbox 275 3011 2854 3096">
    <p class='ocr_par' dir='ltr' id='par_1_61' title="bbox 275 3011 2854 3096">
     <span class='ocr_line' id='line_1_62' title="bbox 275 3011 2854 3096; baseline -0.002 -20"><span class='ocrx_word' id='word_1_424' title='bbox 275 3018 604 3096; x_wconf 70' lang='grc' dir='ltr'>εἰσέδραμον</span> <span class='ocrx_word' id='word_1_425' title='bbox 636 3020 703 3075; x_wconf 85' lang='grc' dir='ltr'>τὰ</span> <span class='ocrx_word' id='word_1_426' title='bbox 733 3019 996 3094; x_wconf 75' lang='grc' dir='ltr'>ἡμὲτερα,</span> <span class='ocrx_word' id='word_1_427' title='bbox 1027 3021 1420 3094; x_wconf 80' lang='grc' dir='ltr'>μαστιγοῦντες</span> <span class='ocrx_word' id='word_1_428' title='bbox 1460 3019 1611 3088; x_wconf 79' lang='grc' dir='ltr'>ἡμᾶς</span> <span class='ocrx_word' id='word_1_429' title='bbox 1645 3011 1858 3093; x_wconf 82' lang='grc' dir='ltr'>βραχέα</span> <span class='ocrx_word' id='word_1_430' title='bbox 1889 3013 1977 3069; x_wconf 71' lang='grc' dir='ltr'><strong>καὶ</strong></span> <span class='ocrx_word' id='word_1_431' title='bbox 2027 3011 2572 3089; x_wconf 78' lang='grc' dir='ltr'>μαστιγωθησόμενοι</span> <span class='ocrx_word' id='word_1_432' title='bbox 2605 3012 2854 3072; x_wconf 82' lang='grc' dir='ltr'>πλείονα.</span> 
     </span>
    </p>
   </div>
   <div class='ocr_carea' id='block_1_62' title="bbox 355 3107 1936 3184">
    <p class='ocr_par' dir='ltr' id='par_1_62' title="bbox 355 3107 1936 3184">
     <span class='ocr_line' id='line_1_63' title="bbox 355 3107 1936 3184; baseline -0.005 -16"><span class='ocrx_word' id='word_1_433' title='bbox 355 3113 495 3168; x_wconf 78' lang='grc' dir='ltr'><strong>3.Αο</strong></span> <span class='ocrx_word' id='word_1_434' title='bbox 514 3109 935 3184; x_wconf 88' lang='lat' dir='ltr'><strong>equitatusbas</strong></span> <span class='ocrx_word' id='word_1_435' title='bbox 967 3125 1168 3181; x_wconf 74' lang='lat' dir='ltr'><strong>pmnas</strong></span> <span class='ocrx_word' id='word_1_436' title='bbox 1207 3107 1468 3163; x_wconf 79' lang='lat' dir='ltr'><strong>exsolvit.</strong></span> <span class='ocrx_word' id='word_1_437' title='bbox 1507 3107 1708 3176; x_wconf 68' lang='lat' dir='ltr'><strong>Longas</strong></span> <span class='ocrx_word' id='word_1_438' title='bbox 1740 3109 1936 3160; x_wconf 89' lang='lat' dir='ltr'><strong>autem</strong></span> 
     </span>
    </p>
   </div>
   <div class='ocr_carea' id='block_1_63' title="bbox 285 3195 1937 3271">
    <p class='ocr_par' dir='ltr' id='par_1_63' title="bbox 285 3195 1937 3271">
     <span class='ocr_line' id='line_1_64' title="bbox 285 3195 1937 3271; baseline -0.004 -14"><span class='ocrx_word' id='word_1_439' title='bbox 285 3197 743 3271; x_wconf 86' lang='lat' dir='ltr'><strong>naves,amplius</strong></span> <span class='ocrx_word' id='word_1_440' title='bbox 763 3213 961 3268; x_wconf 88' lang='lat' dir='ltr'><strong>cc,nec</strong></span> <span class='ocrx_word' id='word_1_441' title='bbox 983 3197 1126 3268; x_wconf 75' lang='lat' dir='ltr'><strong>ipsa:</strong></span> <span class='ocrx_word' id='word_1_442' title='bbox 1165 3195 1457 3251; x_wconf 89' lang='lat' dir='ltr'><strong>malorum</strong></span> <span class='ocrx_word' id='word_1_443' title='bbox 1487 3199 1754 3266; x_wconf 85' lang='lat' dir='ltr'><strong>expertes</strong></span> <span class='ocrx_word' id='word_1_444' title='bbox 1784 3199 1937 3250; x_wconf 89' lang='lat' dir='ltr'><strong>retro</strong></span> 
     </span>
    </p>
   </div>
   <div class='ocr_carea' id='block_1_64' title="bbox 283 3283 1936 3346">
    <p class='ocr_par' dir='ltr' id='par_1_64' title="bbox 283 3283 1936 3346">
     <span class='ocr_line' id='line_1_65' title="bbox 283 3283 1936 3346; baseline -0.003 -2"><span class='ocrx_word' id='word_1_445' title='bbox 283 3287 412 3346; x_wconf 86' lang='lat' dir='ltr'><strong>vela</strong></span> <span class='ocrx_word' id='word_1_446' title='bbox 438 3289 743 3344; x_wconf 88' lang='lat' dir='ltr'><strong>dederunt.</strong></span> <span class='ocrx_word' id='word_1_447' title='bbox 776 3287 921 3342; x_wconf 85' lang='lat' dir='ltr'><strong>Nam</strong></span> <span class='ocrx_word' id='word_1_448' title='bbox 945 3302 1078 3341; x_wconf 91' lang='lat' dir='ltr'><strong>cum</strong></span> <span class='ocrx_word' id='word_1_449' title='bbox 1111 3285 1180 3341; x_wconf 87' lang='lat' dir='ltr'><strong>ad</strong></span> <span class='ocrx_word' id='word_1_450' title='bbox 1212 3287 1565 3340; x_wconf 84' lang='lat' dir='ltr'><strong>Astacenum</strong></span> <span class='ocrx_word' id='word_1_451' title='bbox 1609 3283 1803 3339; x_wconf 87' lang='lat' dir='ltr'><strong>sinum</strong></span> <span class='ocrx_word' id='word_1_452' title='bbox 1837 3283 1936 3339; x_wconf 87' lang='lat' dir='ltr'><strong>de-</strong></span> 
     </span>
    </p>
   </div>
   <div class='ocr_carea' id='block_1_65' title="bbox 285 3370 1934 3444">
    <p class='ocr_par' dir='ltr' id='par_1_65' title="bbox 285 3370 1934 3444">
     <span class='ocr_line' id='line_1_66' title="bbox 285 3370 1934 3444; baseline -0.005 -10"><span class='ocrx_word' id='word_1_453' title='bbox 285 3392 561 3434; x_wconf 90' lang='lat' dir='ltr'><strong>scensum</strong></span> <span class='ocrx_word' id='word_1_454' title='bbox 594 3375 888 3440; x_wconf 78' lang='lat' dir='ltr'><strong>fecissent,</strong></span> <span class='ocrx_word' id='word_1_455' title='bbox 941 3373 1110 3428; x_wconf 88' lang='lat' dir='ltr'><strong>multi</strong></span> <span class='ocrx_word' id='word_1_456' title='bbox 1161 3389 1194 3428; x_wconf 89' lang='lat' dir='ltr'><strong>a</strong></span> <span class='ocrx_word' id='word_1_457' title='bbox 1251 3371 1528 3428; x_wconf 81' lang='lat' dir='ltr'><strong>Romanis</strong></span> <span class='ocrx_word' id='word_1_458' title='bbox 1579 3371 1762 3444; x_wconf 88' lang='lat' dir='ltr'><strong>copiis</strong></span> <span class='ocrx_word' id='word_1_459' title='bbox 1803 3370 1934 3428; x_wconf 69' lang='lat' dir='ltr'><strong>caesi</strong></span> 
     </span>
    </p>
   </div>
   <div class='ocr_carea' id='block_1_66' title="bbox 284 3461 1936 3538">
    <p class='ocr_par' dir='ltr' id='par_1_66' title="bbox 284 3461 1936 3538">
     <span class='ocr_line' id='line_1_67' title="bbox 284 3461 1936 3538; baseline -0.005 -14"><span class='ocrx_word' id='word_1_460' title='bbox 284 3472 580 3538; x_wconf 66' lang='lat' dir='ltr'><strong>sunt,quae</strong></span> <span class='ocrx_word' id='word_1_461' title='bbox 603 3464 822 3536; x_wconf 87' lang='lat' dir='ltr'><strong>passim</strong></span> <span class='ocrx_word' id='word_1_462' title='bbox 855 3463 911 3518; x_wconf 87' lang='lat' dir='ltr'><strong>in</strong></span> <span class='ocrx_word' id='word_1_463' title='bbox 948 3461 1245 3518; x_wconf 87' lang='lat' dir='ltr'><strong>littoribus</strong></span> <span class='ocrx_word' id='word_1_464' title='bbox 1277 3461 1662 3534; x_wconf 81' lang='lat' dir='ltr'><strong>prohibebant</strong></span> <span class='ocrx_word' id='word_1_465' title='bbox 1709 3461 1936 3534; x_wconf 83' lang='lat' dir='ltr'><strong>quomi-</strong></span> 
     </span>
    </p>
   </div>
   <div class='ocr_carea' id='block_1_67' title="bbox 287 3551 1936 3627">
    <p class='ocr_par' dir='ltr' id='par_1_67' title="bbox 287 3551 1936 3627">
     <span class='ocr_line' id='line_1_68' title="bbox 287 3551 1936 3627; baseline -0.005 -15"><span class='ocrx_word' id='word_1_466' title='bbox 287 3573 400 3614; x_wconf 89' lang='lat' dir='ltr'><strong>nus</strong></span> <span class='ocrx_word' id='word_1_467' title='bbox 429 3553 806 3627; x_wconf 79' lang='lat' dir='ltr'><strong>appellarent,</strong></span> <span class='ocrx_word' id='word_1_468' title='bbox 840 3568 946 3608; x_wconf 91' lang='lat' dir='ltr'><strong>nec</strong></span> <span class='ocrx_word' id='word_1_469' title='bbox 977 3568 1231 3624; x_wconf 86' lang='lat' dir='ltr'><strong>usquam</strong></span> <span class='ocrx_word' id='word_1_470' title='bbox 1286 3567 1385 3607; x_wconf 91' lang='lat' dir='ltr'><strong>eos</strong></span> <span class='ocrx_word' id='word_1_471' title='bbox 1427 3551 1820 3607; x_wconf 82' lang='lat' dir='ltr'><strong>continentem</strong></span> <span class='ocrx_word' id='word_1_472' title='bbox 1857 3555 1936 3605; x_wconf 84' lang='lat' dir='ltr'><strong>at-</strong></span> 
     </span>
    </p>
   </div>
   <div class='ocr_carea' id='block_1_68' title="bbox 281 3639 1930 3718">
    <p class='ocr_par' dir='ltr' id='par_1_68' title="bbox 281 3639 1930 3718">
     <span class='ocr_line' id='line_1_69' title="bbox 281 3639 1930 3718; baseline -0.003 -18"><span class='ocrx_word' id='word_1_473' title='bbox 281 3645 508 3718; x_wconf 84' lang='lat' dir='ltr'><strong>tingere</strong></span> <span class='ocrx_word' id='word_1_474' title='bbox 539 3643 932 3716; x_wconf 78' lang='lat' dir='ltr'><strong>patiebantur.</strong></span> <span class='ocrx_word' id='word_1_475' title='bbox 969 3642 1187 3708; x_wconf 87' lang='lat' dir='ltr'><strong>Quodsi</strong></span> <span class='ocrx_word' id='word_1_476' title='bbox 1219 3640 1456 3713; x_wconf 87' lang='lat' dir='ltr'><strong>quando</strong></span> <span class='ocrx_word' id='word_1_477' title='bbox 1486 3639 1670 3696; x_wconf 73' lang='lat' dir='ltr'><strong>Siculi</strong></span> <span class='ocrx_word' id='word_1_478' title='bbox 1705 3643 1930 3696; x_wconf 88' lang='lat' dir='ltr'><strong>autter-</strong></span> 
     </span>
    </p>
   </div>
   <div class='ocr_carea' id='block_1_69' title="bbox 277 3729 1934 3806">
    <p class='ocr_par' dir='ltr' id='par_1_69' title="bbox 277 3729 1934 3806">
     <span class='ocr_line' id='line_1_70' title="bbox 277 3729 1934 3806; baseline -0.004 -16"><span class='ocrx_word' id='word_1_479' title='bbox 277 3750 401 3792; x_wconf 88' lang='lat' dir='ltr'><strong>ram</strong></span> <span class='ocrx_word' id='word_1_480' title='bbox 428 3732 800 3806; x_wconf 87' lang='lat' dir='ltr'><strong>spectabant,</strong></span> <span class='ocrx_word' id='word_1_481' title='bbox 822 3736 918 3787; x_wconf 89' lang='lat' dir='ltr'><strong>aut</strong></span> <span class='ocrx_word' id='word_1_482' title='bbox 942 3730 1130 3786; x_wconf 87' lang='lat' dir='ltr'><strong>scalas</strong></span> <span class='ocrx_word' id='word_1_483' title='bbox 1150 3730 1542 3802; x_wconf 76' lang='lat' dir='ltr'><strong>proferebant,</strong></span> <span class='ocrx_word' id='word_1_484' title='bbox 1577 3729 1776 3785; x_wconf 89' lang='lat' dir='ltr'><strong>statim</strong></span> <span class='ocrx_word' id='word_1_485' title='bbox 1801 3729 1934 3784; x_wconf 88' lang='lat' dir='ltr'><strong>telis</strong></span> 
     </span>
    </p>
   </div>
   <div class='ocr_carea' id='block_1_70' title="bbox 277 3819 1931 3896">
    <p class='ocr_par' dir='ltr' id='par_1_70' title="bbox 277 3819 1931 3896">
     <span class='ocr_line' id='line_1_71' title="bbox 277 3819 1931 3896; baseline -0.002 -18"><span class='ocrx_word' id='word_1_486' title='bbox 277 3834 560 3896; x_wconf 86' lang='lat' dir='ltr'><strong>tanquam</strong></span> <span class='ocrx_word' id='word_1_487' title='bbox 591 3821 870 3877; x_wconf 84' lang='lat' dir='ltr'><strong>ﬂuctibus</strong></span> <span class='ocrx_word' id='word_1_488' title='bbox 900 3821 1096 3876; x_wconf 92' lang='lat' dir='ltr'><strong>obruti</strong></span> <span class='ocrx_word' id='word_1_489' title='bbox 1130 3837 1244 3874; x_wconf 92' lang='lat' dir='ltr'><strong>non</strong></span> <span class='ocrx_word' id='word_1_490' title='bbox 1269 3819 1629 3890; x_wconf 82' lang='lat' dir='ltr'><strong>sliterquam</strong></span> <span class='ocrx_word' id='word_1_491' title='bbox 1681 3819 1931 3874; x_wconf 81' lang='lat' dir='ltr'><strong>testudi-</strong></span> 
     </span>
    </p>
   </div>
   <div class='ocr_carea' id='block_1_71' title="bbox 273 3907 1930 3970">
    <p class='ocr_par' dir='ltr' id='par_1_71' title="bbox 273 3907 1930 3970">
     <span class='ocr_line' id='line_1_72' title="bbox 273 3907 1930 3970; baseline -0.002 -2"><span class='ocrx_word' id='word_1_492' title='bbox 273 3913 366 3970; x_wconf 86' lang='lat' dir='ltr'><strong>nis</strong></span> <span class='ocrx_word' id='word_1_493' title='bbox 399 3911 651 3968; x_wconf 85' lang='lat' dir='ltr'><strong>concbas</strong></span> <span class='ocrx_word' id='word_1_494' title='bbox 684 3911 918 3966; x_wconf 89' lang='lat' dir='ltr'><strong>navium</strong></span> <span class='ocrx_word' id='word_1_495' title='bbox 953 3909 1218 3966; x_wconf 86' lang='lat' dir='ltr'><strong>tabulata</strong></span> <span class='ocrx_word' id='word_1_496' title='bbox 1247 3907 1546 3965; x_wconf 83' lang='lat' dir='ltr'><strong>subibant.</strong></span> <span class='ocrx_word' id='word_1_497' title='bbox 1584 3907 1700 3964; x_wconf 87' lang='lat' dir='ltr'><strong>Etsi</strong></span> <span class='ocrx_word' id='word_1_498' title='bbox 1733 3914 1930 3964; x_wconf 87' lang='lat' dir='ltr'><strong>autem</strong></span> 
     </span>
    </p>
   </div>
   <div class='ocr_carea' id='block_1_72' title="bbox 268 3997 1932 4067">
    <p class='ocr_par' dir='ltr' id='par_1_72' title="bbox 268 3997 1932 4067">
     <span class='ocr_line' id='line_1_73' title="bbox 268 3997 1932 4067; baseline -0.002 -9"><span class='ocrx_word' id='word_1_499' title='bbox 268 4005 498 4058; x_wconf 87' lang='lat' dir='ltr'><strong>tantum</strong></span> <span class='ocrx_word' id='word_1_500' title='bbox 522 4016 834 4056; x_wconf 89' lang='lat' dir='ltr'><strong>numerum</strong></span> <span class='ocrx_word' id='word_1_501' title='bbox 857 4000 1090 4056; x_wconf 87' lang='lat' dir='ltr'><strong>navium</strong></span> <span class='ocrx_word' id='word_1_502' title='bbox 1123 3997 1436 4067; x_wconf 84' lang='lat' dir='ltr'><strong>habebant,</strong></span> <span class='ocrx_word' id='word_1_503' title='bbox 1470 4001 1668 4054; x_wconf 81' lang='lat' dir='ltr'><strong>tamen</strong></span> <span class='ocrx_word' id='word_1_504' title='bbox 1719 4005 1932 4054; x_wconf 65' lang='lat' dir='ltr'><strong>nostrae</strong></span> 
     </span>
    </p>
   </div>
   <div class='ocr_carea' id='block_1_73' title="bbox 271 4087 1933 4163">
    <p class='ocr_par' dir='ltr' id='par_1_73' title="bbox 271 4087 1933 4163">
     <span class='ocr_line' id='line_1_74' title="bbox 271 4087 1933 4163; baseline -0.004 -15"><span class='ocrx_word' id='word_1_505' title='bbox 271 4107 387 4149; x_wconf 89' lang='lat' dir='ltr'><strong>non</strong></span> <span class='ocrx_word' id='word_1_506' title='bbox 411 4090 666 4163; x_wconf 83' lang='lat' dir='ltr'><strong>amplius</strong></span> <span class='ocrx_word' id='word_1_507' title='bbox 699 4106 730 4145; x_wconf 93' lang='lat' dir='ltr'><strong>c</strong></span> <span class='ocrx_word' id='word_1_508' title='bbox 763 4106 896 4145; x_wconf 79' lang='lat' dir='ltr'><strong>eum</strong></span> <span class='ocrx_word' id='word_1_509' title='bbox 931 4089 1014 4144; x_wconf 86' lang='lat' dir='ltr'><strong>eis</strong></span> <span class='ocrx_word' id='word_1_510' title='bbox 1044 4087 1358 4160; x_wconf 76' lang='lat' dir='ltr'><strong>conﬂigere</strong></span> <span class='ocrx_word' id='word_1_511' title='bbox 1388 4087 1933 4160; x_wconf 85' lang='lat' dir='ltr'><strong>cupiebant.Neque</strong></span> 
     </span>
    </p>
   </div>
   <div class='ocr_carea' id='block_1_74' title="bbox 267 4177 1929 4248">
    <p class='ocr_par' dir='ltr' id='par_1_74' title="bbox 267 4177 1929 4248">
     <span class='ocr_line' id='line_1_75' title="bbox 267 4177 1929 4248; baseline -0.003 -10"><span class='ocrx_word' id='word_1_512' title='bbox 267 4198 403 4239; x_wconf 87' lang='lat' dir='ltr'><strong>vero</strong></span> <span class='ocrx_word' id='word_1_513' title='bbox 433 4180 669 4240; x_wconf 86' lang='lat' dir='ltr'><strong>classici</strong></span> <span class='ocrx_word' id='word_1_514' title='bbox 699 4181 986 4236; x_wconf 79' lang='lat' dir='ltr'><strong>duntaxat</strong></span> <span class='ocrx_word' id='word_1_515' title='bbox 1020 4179 1334 4248; x_wconf 80' lang='lat' dir='ltr'><strong>fervebant,</strong></span> <span class='ocrx_word' id='word_1_516' title='bbox 1397 4179 1492 4233; x_wconf 79' lang='lat' dir='ltr'><strong>sed</strong></span> <span class='ocrx_word' id='word_1_517' title='bbox 1557 4177 1723 4233; x_wconf 78' lang='lat' dir='ltr'><strong>multi</strong></span> <span class='ocrx_word' id='word_1_518' title='bbox 1756 4177 1929 4233; x_wconf 87' lang='lat' dir='ltr'><strong>etiam</strong></span> 
     </span>
    </p>
   </div>
   <div class='ocr_carea' id='block_1_75' title="bbox 269 4266 1929 4338">
    <p class='ocr_par' dir='ltr' id='par_1_75' title="bbox 269 4266 1929 4338">
     <span class='ocr_line' id='line_1_76' title="bbox 269 4266 1929 4338; baseline -0.004 -10"><span class='ocrx_word' id='word_1_519' title='bbox 269 4288 337 4328; x_wconf 82' lang='lat' dir='ltr'><strong>ex</strong></span> <span class='ocrx_word' id='word_1_520' title='bbox 365 4271 526 4328; x_wconf 87' lang='lat' dir='ltr'><strong>urbis</strong></span> <span class='ocrx_word' id='word_1_521' title='bbox 547 4269 776 4338; x_wconf 74' lang='lat' dir='ltr'><strong>incolis,</strong></span> <span class='ocrx_word' id='word_1_522' title='bbox 805 4268 1094 4326; x_wconf 85' lang='lat' dir='ltr'><strong>naviculis</strong></span> <span class='ocrx_word' id='word_1_523' title='bbox 1152 4269 1488 4325; x_wconf 82' lang='lat' dir='ltr'><strong>conscensis</strong></span> <span class='ocrx_word' id='word_1_524' title='bbox 1511 4271 1568 4324; x_wconf 86' lang='lat' dir='ltr'><strong>et</strong></span> <span class='ocrx_word' id='word_1_525' title='bbox 1600 4267 1784 4324; x_wconf 86' lang='lat' dir='ltr'><strong>armis</strong></span> <span class='ocrx_word' id='word_1_526' title='bbox 1805 4266 1929 4324; x_wconf 86' lang='lat' dir='ltr'><strong>obi-</strong></span> 
     </span>
    </p>
   </div>
   <div class='ocr_carea' id='block_1_76' title="bbox 272 4357 1929 4432">
    <p class='ocr_par' dir='ltr' id='par_1_76' title="bbox 272 4357 1929 4432">
     <span class='ocr_line' id='line_1_77' title="bbox 272 4357 1929 4432; baseline -0.002 -16"><span class='ocrx_word' id='word_1_527' title='bbox 272 4365 362 4418; x_wconf 89' lang='lat' dir='ltr'><strong>ter</strong></span> <span class='ocrx_word' id='word_1_528' title='bbox 402 4361 649 4432; x_wconf 85' lang='lat' dir='ltr'><strong>arreptis</strong></span> <span class='ocrx_word' id='word_1_529' title='bbox 678 4359 1064 4426; x_wconf 80' lang='lat' dir='ltr'><strong>instructi,ad</strong></span> <span class='ocrx_word' id='word_1_530' title='bbox 1088 4358 1288 4414; x_wconf 87' lang='lat' dir='ltr'><strong>hostes</strong></span> <span class='ocrx_word' id='word_1_531' title='bbox 1347 4358 1708 4414; x_wconf 81' lang='lat' dir='ltr'><strong>invadendos</strong></span> <span class='ocrx_word' id='word_1_532' title='bbox 1740 4357 1929 4429; x_wconf 88' lang='lat' dir='ltr'><strong>parati</strong></span> 
     </span>
    </p>
   </div>
   <div class='ocr_carea' id='block_1_77' title="bbox 270 4447 1927 4520">
    <p class='ocr_par' dir='ltr' id='par_1_77' title="bbox 270 4447 1927 4520">
     <span class='ocr_line' id='line_1_78' title="bbox 270 4447 1927 4520; baseline -0.002 -14"><span class='ocrx_word' id='word_1_533' title='bbox 270 4455 455 4507; x_wconf 87' lang='lat' dir='ltr'><strong>erant.</strong></span> <span class='ocrx_word' id='word_1_534' title='bbox 489 4451 598 4506; x_wconf 84' lang='lat' dir='ltr'><strong>Sed</strong></span> <span class='ocrx_word' id='word_1_535' title='bbox 631 4449 688 4504; x_wconf 92' lang='lat' dir='ltr'><strong>id</strong></span> <span class='ocrx_word' id='word_1_536' title='bbox 722 4449 796 4504; x_wconf 87' lang='lat' dir='ltr'><strong>ab</strong></span> <span class='ocrx_word' id='word_1_537' title='bbox 827 4448 1178 4520; x_wconf 83' lang='lat' dir='ltr'><strong>imperatore</strong></span> <span class='ocrx_word' id='word_1_538' title='bbox 1224 4453 1281 4502; x_wconf 85' lang='lat' dir='ltr'><strong>et</strong></span> <span class='ocrx_word' id='word_1_539' title='bbox 1318 4451 1522 4505; x_wconf 88' lang='lat' dir='ltr'><strong>senatu</strong></span> <span class='ocrx_word' id='word_1_540' title='bbox 1573 4447 1660 4504; x_wconf 89' lang='lat' dir='ltr'><strong>eis</strong></span> <span class='ocrx_word' id='word_1_541' title='bbox 1689 4463 1927 4503; x_wconf 88' lang='lat' dir='ltr'><strong>conces-</strong></span> 
     </span>
    </p>
   </div>
   <div class='ocr_carea' id='block_1_78' title="bbox 267 4535 1926 4608">
    <p class='ocr_par' dir='ltr' id='par_1_78' title="bbox 267 4535 1926 4608">
     <span class='ocr_line' id='line_1_79' title="bbox 267 4535 1926 4608; baseline -0.003 -11"><span class='ocrx_word' id='word_1_542' title='bbox 267 4555 400 4597; x_wconf 88' lang='lat' dir='ltr'><strong>sum</strong></span> <span class='ocrx_word' id='word_1_543' title='bbox 417 4539 566 4596; x_wconf 73' lang='grc'><strong>475</strong></span> <span class='ocrx_word' id='word_1_544' title='bbox 589 4555 701 4593; x_wconf 88' lang='lat' dir='ltr'><strong>non</strong></span> <span class='ocrx_word' id='word_1_545' title='bbox 718 4537 936 4608; x_wconf 89' lang='lat' dir='ltr'><strong>est,qui</strong></span> <span class='ocrx_word' id='word_1_546' title='bbox 958 4553 1070 4591; x_wconf 90' lang='lat' dir='ltr'><strong>non</strong></span> <span class='ocrx_word' id='word_1_547' title='bbox 1088 4540 1314 4592; x_wconf 89' lang='lat' dir='ltr'><strong>tantum</strong></span> <span class='ocrx_word' id='word_1_548' title='bbox 1335 4535 1696 4592; x_wconf 86' lang='lat' dir='ltr'><strong>alacritatem</strong></span> <span class='ocrx_word' id='word_1_549' title='bbox 1712 4535 1926 4592; x_wconf 87' lang='lat' dir='ltr'><strong>civium</strong></span> 
     </span>
    </p>
   </div>
   <div class='ocr_carea' id='block_1_79' title="bbox 266 4625 1924 4703">
    <p class='ocr_par' dir='ltr' id='par_1_79' title="bbox 266 4625 1924 4703">
     <span class='ocr_line' id='line_1_80' title="bbox 266 4625 1924 4703; baseline -0.002 -19"><span class='ocrx_word' id='word_1_550' title='bbox 266 4627 744 4703; x_wconf 78' lang='lat' dir='ltr'><strong>spectabant,sed</strong></span> <span class='ocrx_word' id='word_1_551' title='bbox 771 4625 1268 4682; x_wconf 79' lang='lat' dir='ltr'><strong>ctiamhostilium</strong></span> <span class='ocrx_word' id='word_1_552' title='bbox 1313 4625 1548 4681; x_wconf 85' lang='lat' dir='ltr'><strong>navium</strong></span> <span class='ocrx_word' id='word_1_553' title='bbox 1595 4625 1924 4682; x_wconf 79' lang='lat' dir='ltr'><strong>multitudi-</strong></span> 
     </span>
    </p>
   </div>
   <div class='ocr_carea' id='block_1_80' title="bbox 1966 3329 2017 3394">
    <p class='ocr_par' dir='ltr' id='par_1_80' title="bbox 1966 3329 2017 3394">
     <span class='ocr_line' id='line_1_81' title="bbox 1966 3329 2017 3394; baseline 0 0"><span class='ocrx_word' id='word_1_554' title='bbox 1966 3329 2017 3394; x_wconf 79' lang='grc' dir='ltr'><strong>Ο</strong></span> 
     </span>
    </p>
   </div>
   <div class='ocr_carea' id='block_1_81' title="bbox 2119 3101 3695 3180">
    <p class='ocr_par' dir='ltr' id='par_1_81' title="bbox 2119 3101 3695 3180">
     <span class='ocr_line' id='line_1_82' title="bbox 2119 3101 3695 3180; baseline 0.002 -20"><span class='ocrx_word' id='word_1_555' title='bbox 2119 3103 2186 3177; x_wconf 87' lang='grc' dir='ltr'><strong>γ’.</strong></span> <span class='ocrx_word' id='word_1_556' title='bbox 2221 3102 2326 3158; x_wconf 81' lang='grc' dir='ltr'>Καὶ</span> <span class='ocrx_word' id='word_1_557' title='bbox 2357 3104 2455 3172; x_wconf 80' lang='grc' dir='ltr'>τὴν</span> <span class='ocrx_word' id='word_1_558' title='bbox 2491 3104 2584 3177; x_wconf 72' lang='grc' dir='ltr'>μὲν</span> <span class='ocrx_word' id='word_1_559' title='bbox 2613 3101 2782 3159; x_wconf 75' lang='grc' dir='ltr'>’ίππον</span> <span class='ocrx_word' id='word_1_560' title='bbox 2822 3103 2998 3168; x_wconf 68' lang='grc' dir='ltr'>οὕτως</span> <span class='ocrx_word' id='word_1_561' title='bbox 3051 3107 3085 3176; x_wconf 78' lang='grc' dir='ltr'>ἠ</span> <span class='ocrx_word' id='word_1_562' title='bbox 3145 3103 3268 3178; x_wconf 83' lang='grc' dir='ltr'>δίκη</span> <span class='ocrx_word' id='word_1_563' title='bbox 3305 3107 3594 3180; x_wconf 72' lang='grc' dir='ltr'>μετῆλθενο</span> <span class='ocrx_word' id='word_1_564' title='bbox 3637 3109 3695 3163; x_wconf 69' lang='grc' dir='ltr'>αἱ</span> 
     </span>
    </p>
   </div>
   <div class='ocr_carea' id='block_1_82' title="bbox 2049 3188 3704 3268">
    <p class='ocr_par' dir='ltr' id='par_1_82' title="bbox 2049 3188 3704 3268">
     <span class='ocr_line' id='line_1_83' title="bbox 2049 3188 3704 3268; baseline 0.005 -23"><span class='ocrx_word' id='word_1_565' title='bbox 2049 3188 2106 3246; x_wconf 74' lang='grc' dir='ltr'>δὲ</span> <span class='ocrx_word' id='word_1_566' title='bbox 2140 3191 2342 3268; x_wconf 79' lang='grc' dir='ltr'>μακραὶ</span> <span class='ocrx_word' id='word_1_567' title='bbox 2400 3199 2526 3262; x_wconf 76' lang='grc' dir='ltr'>νῆες</span> <span class='ocrx_word' id='word_1_568' title='bbox 2604 3193 2734 3268; x_wconf 77' lang='grc' dir='ltr'>ὑπὲρ</span> <span class='ocrx_word' id='word_1_569' title='bbox 2811 3195 2906 3256; x_wconf 79' lang='grc' dir='ltr'>τὰς</span> <span class='ocrx_word' id='word_1_570' title='bbox 2983 3192 3064 3258; x_wconf 82' lang='grc' dir='ltr'><strong>δὶς</strong></span> <span class='ocrx_word' id='word_1_571' title='bbox 3139 3196 3323 3251; x_wconf 73' lang='grc' dir='ltr'>ἑκατὸν</span> <span class='ocrx_word' id='word_1_572' title='bbox 3371 3195 3704 3266; x_wconf 77' lang='grc' dir='ltr'>οὗσαι,οὗδ’</span> 
     </span>
    </p>
   </div>
   <div class='ocr_carea' id='block_1_83' title="bbox 2048 3281 3700 3362">
    <p class='ocr_par' dir='ltr' id='par_1_83' title="bbox 2048 3281 3700 3362">
     <span class='ocr_line' id='line_1_84' title="bbox 2048 3281 3700 3362; baseline 0.005 -26"><span class='ocrx_word' id='word_1_573' title='bbox 2048 3281 2206 3336; x_wconf 82' lang='grc' dir='ltr'>αὗται</span> <span class='ocrx_word' id='word_1_574' title='bbox 2279 3285 2388 3338; x_wconf 86' lang='grc' dir='ltr'><strong>τῶν</strong></span> <span class='ocrx_word' id='word_1_575' title='bbox 2461 3287 2638 3338; x_wconf 74' lang='grc' dir='ltr'>κακῶν</span> <span class='ocrx_word' id='word_1_576' title='bbox 2719 3283 2941 3349; x_wconf 80' lang='grc' dir='ltr'>ἀπαθεῖς</span> <span class='ocrx_word' id='word_1_577' title='bbox 3015 3285 3260 3361; x_wconf 65' lang='grc' dir='ltr'>πρόμναν</span> <span class='ocrx_word' id='word_1_578' title='bbox 3355 3283 3700 3362; x_wconf 76' lang='grc' dir='ltr'>ἐκρούσαντο.</span> 
     </span>
    </p>
   </div>
   <div class='ocr_carea' id='block_1_84' title="bbox 2045 3365 3698 3449">
    <p class='ocr_par' dir='ltr' id='par_1_84' title="bbox 2045 3365 3698 3449">
     <span class='ocr_line' id='line_1_85' title="bbox 2045 3365 3698 3449; baseline 0.003 -21"><span class='ocrx_word' id='word_1_579' title='bbox 2045 3365 2344 3428; x_wconf 78' lang='grc' dir='ltr'>Ἀποϐἆσαι</span> <span class='ocrx_word' id='word_1_580' title='bbox 2405 3372 2508 3449; x_wconf 71' lang='grc' dir='ltr'>γὰρ</span> <span class='ocrx_word' id='word_1_581' title='bbox 2569 3373 2704 3430; x_wconf 83' lang='grc' dir='ltr'>κατᾶ</span> <span class='ocrx_word' id='word_1_582' title='bbox 2755 3373 2851 3429; x_wconf 87' lang='grc' dir='ltr'><strong>τὸν</strong></span> <span class='ocrx_word' id='word_1_583' title='bbox 2911 3375 3240 3440; x_wconf 84' lang='grc' dir='ltr'>Ἀστακηνὸν</span> <span class='ocrx_word' id='word_1_584' title='bbox 3291 3373 3501 3432; x_wconf 83' lang='grc' dir='ltr'>κόλπον</span> <span class='ocrx_word' id='word_1_585' title='bbox 3559 3376 3698 3433; x_wconf 91' lang='grc' dir='ltr'>πολ-</span> 
     </span>
    </p>
   </div>
   <div class='ocr_carea' id='block_1_85' title="bbox 2041 3456 3776 3542">
    <p class='ocr_par' dir='ltr' id='par_1_85' title="bbox 2041 3456 3776 3542">
     <span class='ocr_line' id='line_1_86' title="bbox 2041 3456 3776 3542; baseline 0.004 -28"><span class='ocrx_word' id='word_1_586' title='bbox 2041 3457 2173 3522; x_wconf 80' lang='grc' dir='ltr'>λοὺς</span> <span class='ocrx_word' id='word_1_587' title='bbox 2204 3456 2545 3517; x_wconf 74' lang='grc' dir='ltr'>ἀπεϐαλοντο</span> <span class='ocrx_word' id='word_1_588' title='bbox 2593 3467 2700 3517; x_wconf 83' lang='grc' dir='ltr'><strong>τῶν</strong></span> <span class='ocrx_word' id='word_1_589' title='bbox 2753 3460 3088 3536; x_wconf 75' lang='grc' dir='ltr'>πλωτήρων,</span> <span class='ocrx_word' id='word_1_590' title='bbox 3132 3465 3468 3539; x_wconf 78' lang='grc' dir='ltr'>Ῥωμαϊκαῖς</span> <span class='ocrx_word' id='word_1_591' title='bbox 3504 3463 3698 3542; x_wconf 78' lang='grc' dir='ltr'>ἐυκόρ-</span> <span class='ocrx_word' id='word_1_592' title='bbox 3764 3509 3776 3527; x_wconf 83' lang='grc'><strong>,</strong></span> 
     </span>
    </p>
   </div>
   <div class='ocr_carea' id='block_1_86' title="bbox 2039 3549 3694 3628">
    <p class='ocr_par' dir='ltr' id='par_1_86' title="bbox 2039 3549 3694 3628">
     <span class='ocr_line' id='line_1_87' title="bbox 2039 3549 3694 3628; baseline 0.004 -25"><span class='ocrx_word' id='word_1_593' title='bbox 2039 3569 2195 3604; x_wconf 87' lang='grc' dir='ltr'>σασαι</span> <span class='ocrx_word' id='word_1_594' title='bbox 2257 3556 2554 3626; x_wconf 83' lang='grc' dir='ltr'>στρατιαῖς,</span> <span class='ocrx_word' id='word_1_595' title='bbox 2612 3549 2669 3605; x_wconf 59' lang='lat' dir='ltr'><strong>at&quot;:</strong></span> <span class='ocrx_word' id='word_1_596' title='bbox 2725 3551 2822 3614; x_wconf 80' lang='grc' dir='ltr'><strong>τὰς</strong></span> <span class='ocrx_word' id='word_1_597' title='bbox 2878 3549 3184 3628; x_wconf 81' lang='grc' dir='ltr'>ἐνορμίσεις</span> <span class='ocrx_word' id='word_1_598' title='bbox 3241 3551 3415 3610; x_wconf 70' lang='grc' dir='ltr'>αὺτῶν</span> <span class='ocrx_word' id='word_1_599' title='bbox 3476 3554 3694 3610; x_wconf 83' lang='grc' dir='ltr'>ἀπεκώ-</span> 
     </span>
    </p>
   </div>
   <div class='ocr_carea' id='block_1_87' title="bbox 2039 3646 3696 3726">
    <p class='ocr_par' dir='ltr' id='par_1_87' title="bbox 2039 3646 3696 3726">
     <span class='ocr_line' id='line_1_88' title="bbox 2039 3646 3696 3726; baseline 0.004 -23"><span class='ocrx_word' id='word_1_600' title='bbox 2039 3646 2169 3704; x_wconf 90' lang='grc' dir='ltr'>λυον</span> <span class='ocrx_word' id='word_1_601' title='bbox 2202 3647 2343 3726; x_wconf 78' lang='grc' dir='ltr'>ἀμφὶ</span> <span class='ocrx_word' id='word_1_602' title='bbox 2399 3649 2494 3712; x_wconf 73' lang='grc' dir='ltr'><strong>τὰς</strong></span> <span class='ocrx_word' id='word_1_603' title='bbox 2552 3649 2715 3714; x_wconf 71' lang='grc' dir='ltr'>ἀκτὰς</span> <span class='ocrx_word' id='word_1_604' title='bbox 2755 3649 3124 3726; x_wconf 71' lang='grc' dir='ltr'>ἑλισσόμεναι,</span> <span class='ocrx_word' id='word_1_605' title='bbox 3166 3653 3255 3708; x_wconf 82' lang='grc' dir='ltr'>καὶ</span> <span class='ocrx_word' id='word_1_606' title='bbox 3288 3658 3463 3709; x_wconf 79' lang='grc' dir='ltr'>πᾶσαν</span> <span class='ocrx_word' id='word_1_607' title='bbox 3496 3649 3696 3710; x_wconf 77' lang='grc' dir='ltr'>ἄϐατον</span> 
     </span>
    </p>
   </div>
   <div class='ocr_carea' id='block_1_88' title="bbox 2037 3735 3698 3816">
    <p class='ocr_par' dir='ltr' id='par_1_88' title="bbox 2037 3735 3698 3816">
     <span class='ocr_line' id='line_1_89' title="bbox 2037 3735 3698 3816; baseline 0.005 -25"><span class='ocrx_word' id='word_1_608' title='bbox 2037 3735 2251 3792; x_wconf 72' lang='grc' dir='ltr'>ἐποίουν</span> <span class='ocrx_word' id='word_1_609' title='bbox 2285 3737 2536 3814; x_wconf 67' lang='grc' dir='ltr'>ἤπειρον.</span> <span class='ocrx_word' id='word_1_610' title='bbox 2589 3741 2662 3796; x_wconf 90' lang='grc' dir='ltr'>Τὸ</span> <span class='ocrx_word' id='word_1_611' title='bbox 2721 3740 2827 3816; x_wconf 82' lang='grc' dir='ltr'>γὰρ</span> <span class='ocrx_word' id='word_1_612' title='bbox 2885 3741 3176 3798; x_wconf 84' lang='grc' dir='ltr'>Σικελικὸν</span> <span class='ocrx_word' id='word_1_613' title='bbox 3205 3743 3456 3798; x_wconf 82' lang='grc' dir='ltr'>ναυτικὸν</span> <span class='ocrx_word' id='word_1_614' title='bbox 3487 3741 3542 3803; x_wconf 77' lang='grc' dir='ltr'><strong>εἷ’</strong></span> <span class='ocrx_word' id='word_1_615' title='bbox 3565 3765 3698 3800; x_wconf 87' lang='grc' dir='ltr'>ποτε</span> 
     </span>
    </p>
   </div>
   <div class='ocr_carea' id='block_1_89' title="bbox 2035 3828 3700 3911">
    <p class='ocr_par' dir='ltr' id='par_1_89' title="bbox 2035 3828 3700 3911">
     <span class='ocr_line' id='line_1_90' title="bbox 2035 3828 3700 3911; baseline 0.006 -29"><span class='ocrx_word' id='word_1_616' title='bbox 2035 3829 2174 3884; x_wconf 73' lang='grc' dir='ltr'>κατὰ</span> <span class='ocrx_word' id='word_1_617' title='bbox 2228 3829 2426 3905; x_wconf 79' lang='grc' dir='ltr'>χέρσον</span> <span class='ocrx_word' id='word_1_618' title='bbox 2486 3828 2793 3906; x_wconf 67' lang='grc' dir='ltr'>προῧκυψεν</span> <span class='ocrx_word' id='word_1_619' title='bbox 2844 3834 2878 3904; x_wconf 72' lang='grc' dir='ltr'>ἢ</span> <span class='ocrx_word' id='word_1_620' title='bbox 2929 3828 3241 3911; x_wconf 78' lang='grc' dir='ltr'>ἀποϐάθραν</span> <span class='ocrx_word' id='word_1_621' title='bbox 3291 3831 3508 3908; x_wconf 70' lang='grc' dir='ltr'>ἔθαΛεν,</span> <span class='ocrx_word' id='word_1_622' title='bbox 3541 3837 3700 3901; x_wconf 80' lang='grc' dir='ltr'>εὐθὺς</span> 
     </span>
    </p>
   </div>
   <div class='ocr_carea' id='block_1_90' title="bbox 2035 3917 3698 3998">
    <p class='ocr_par' dir='ltr' id='par_1_90' title="bbox 2035 3917 3698 3998">
     <span class='ocr_line' id='line_1_91' title="bbox 2035 3917 3698 3998; baseline 0.003 -25"><span class='ocrx_word' id='word_1_623' title='bbox 2035 3923 2154 3981; x_wconf 88' lang='grc' dir='ltr'>τοῖς</span> <span class='ocrx_word' id='word_1_624' title='bbox 2211 3917 2427 3994; x_wconf 77' lang='grc' dir='ltr'>βέλεσιν</span> <span class='ocrx_word' id='word_1_625' title='bbox 2485 3920 2560 3983; x_wconf 85' lang='grc' dir='ltr'>ὡς</span> <span class='ocrx_word' id='word_1_626' title='bbox 2619 3917 2818 3984; x_wconf 80' lang='grc' dir='ltr'>ὕδατος</span> <span class='ocrx_word' id='word_1_627' title='bbox 2899 3923 3122 3998; x_wconf 85' lang='grc' dir='ltr'>σταγόσι</span> <span class='ocrx_word' id='word_1_628' title='bbox 3190 3925 3446 3980; x_wconf 75' lang='grc' dir='ltr'>πάντοθεν</span> <span class='ocrx_word' id='word_1_629' title='bbox 3501 3945 3698 3981; x_wconf 86' lang='grc' dir='ltr'>καταν-</span> 
     </span>
    </p>
   </div>
   <div class='ocr_carea' id='block_1_91' title="bbox 2033 4005 3698 4089">
    <p class='ocr_par' dir='ltr' id='par_1_91' title="bbox 2033 4005 3698 4089">
     <span class='ocr_line' id='line_1_92' title="bbox 2033 4005 3698 4089; baseline 0.005 -27"><span class='ocrx_word' id='word_1_630' title='bbox 2033 4005 2363 4082; x_wconf 73' lang='grc' dir='ltr'>τλούμενον,</span> <span class='ocrx_word' id='word_1_631' title='bbox 2396 4008 2472 4071; x_wconf 83' lang='grc' dir='ltr'><strong>ὡς</strong></span> <span class='ocrx_word' id='word_1_632' title='bbox 2503 4007 2740 4089; x_wconf 74' lang='grc' dir='ltr'>κὲλυιρος</span> <span class='ocrx_word' id='word_1_633' title='bbox 2790 4008 3032 4088; x_wconf 84' lang='grc' dir='ltr'>χελῶναι</span> <span class='ocrx_word' id='word_1_634' title='bbox 3089 4012 3156 4068; x_wconf 82' lang='grc' dir='ltr'><strong>τὰ</strong></span> <span class='ocrx_word' id='word_1_635' title='bbox 3205 4017 3314 4069; x_wconf 82' lang='grc' dir='ltr'><strong>τῶν</strong></span> <span class='ocrx_word' id='word_1_636' title='bbox 3371 4019 3520 4085; x_wconf 69' lang='grc' dir='ltr'>νηῶν</span> <span class='ocrx_word' id='word_1_637' title='bbox 3571 4015 3698 4071; x_wconf 75' lang='grc' dir='ltr'><strong>ὑπέ-</strong></span> 
     </span>
    </p>
   </div>
   <div class='ocr_carea' id='block_1_92' title="bbox 2033 4098 3696 4173">
    <p class='ocr_par' dir='ltr' id='par_1_92' title="bbox 2033 4098 3696 4173">
     <span class='ocr_line' id='line_1_93' title="bbox 2033 4098 3696 4173; baseline 0.006 -23"><span class='ocrx_word' id='word_1_638' title='bbox 2033 4116 2199 4173; x_wconf 86' lang='grc' dir='ltr'>τρεχε</span> <span class='ocrx_word' id='word_1_639' title='bbox 2233 4099 2690 4173; x_wconf 81' lang='grc' dir='ltr'>καταστρώματα.</span> <span class='ocrx_word' id='word_1_640' title='bbox 2750 4107 2881 4164; x_wconf 85' lang='grc' dir='ltr'>Ταῖς</span> <span class='ocrx_word' id='word_1_641' title='bbox 2938 4098 2997 4157; x_wconf 80' lang='grc' dir='ltr'>δὶ</span> <span class='ocrx_word' id='word_1_642' title='bbox 3051 4103 3206 4158; x_wconf 84' lang='grc' dir='ltr'>ναυσὶ</span> <span class='ocrx_word' id='word_1_643' title='bbox 3263 4105 3554 4167; x_wconf 77' lang='grc' dir='ltr'>τοσαύταις</span> <span class='ocrx_word' id='word_1_644' title='bbox 3597 4102 3696 4160; x_wconf 69' lang='grc' dir='ltr'><strong>οὔ·</strong></span> 
     </span>
    </p>
   </div>
   <div class='ocr_carea' id='block_1_93' title="bbox 2036 4187 3700 4270">
    <p class='ocr_par' dir='ltr' id='par_1_93' title="bbox 2036 4187 3700 4270">
     <span class='ocr_line' id='line_1_94' title="bbox 2036 4187 3700 4270; baseline 0.007 -29"><span class='ocrx_word' id='word_1_645' title='bbox 2036 4207 2154 4248; x_wconf 86' lang='grc' dir='ltr'>σαις</span> <span class='ocrx_word' id='word_1_646' title='bbox 2216 4187 2308 4242; x_wconf 87' lang='grc' dir='ltr'>τὸν</span> <span class='ocrx_word' id='word_1_647' title='bbox 2366 4187 2595 4264; x_wconf 85' lang='grc' dir='ltr'>ἀριθμὸν</span> <span class='ocrx_word' id='word_1_648' title='bbox 2656 4191 2710 4244; x_wconf 74' lang='grc' dir='ltr'>αἱ</span> <span class='ocrx_word' id='word_1_649' title='bbox 2769 4192 3034 4265; x_wconf 74' lang='grc' dir='ltr'>ἡμετεραι</span> <span class='ocrx_word' id='word_1_650' title='bbox 3087 4192 3308 4264; x_wconf 71' lang='grc' dir='ltr'>εἰσάπαξ</span> <span class='ocrx_word' id='word_1_651' title='bbox 3348 4193 3534 4249; x_wconf 77' lang='grc' dir='ltr'>ἑκατὸν</span> <span class='ocrx_word' id='word_1_652' title='bbox 3571 4216 3700 4270; x_wconf 87' lang='grc' dir='ltr'>συγ-</span> 
     </span>
    </p>
   </div>
   <div class='ocr_carea' id='block_1_94' title="bbox 2034 4273 3698 4352">
    <p class='ocr_par' dir='ltr' id='par_1_94' title="bbox 2034 4273 3698 4352">
     <span class='ocr_line' id='line_1_95' title="bbox 2034 4273 3698 4352; baseline 0.005 -24"><span class='ocrx_word' id='word_1_653' title='bbox 2034 4273 2398 4349; x_wconf 71' lang='grc' dir='ltr'>κροτούμεναι</span> <span class='ocrx_word' id='word_1_654' title='bbox 2469 4275 2735 4352; x_wconf 74' lang='grc' dir='ltr'>μάχεσθαι</span> <span class='ocrx_word' id='word_1_655' title='bbox 2796 4275 3157 4352; x_wconf 71' lang='grc' dir='ltr'>ἀπεθάῤῥουν.</span> <span class='ocrx_word' id='word_1_656' title='bbox 3261 4280 3363 4336; x_wconf 87' lang='grc' dir='ltr'><strong>Καὶ</strong></span> <span class='ocrx_word' id='word_1_657' title='bbox 3469 4279 3530 4336; x_wconf 85' lang='grc' dir='ltr'>οὐ</span> <span class='ocrx_word' id='word_1_658' title='bbox 3633 4281 3698 4336; x_wconf 83' lang='grc' dir='ltr'>τὸ</span> 
     </span>
    </p>
   </div>
   <div class='ocr_carea' id='block_1_95' title="bbox 2033 4361 3696 4440">
    <p class='ocr_par' dir='ltr' id='par_1_95' title="bbox 2033 4361 3696 4440">
     <span class='ocr_line' id='line_1_96' title="bbox 2033 4361 3696 4440; baseline 0.005 -25"><span class='ocrx_word' id='word_1_659' title='bbox 2033 4362 2284 4418; x_wconf 74' lang='grc' dir='ltr'>ναυτικὸν</span> <span class='ocrx_word' id='word_1_660' title='bbox 2353 4361 2678 4440; x_wconf 77' lang='grc' dir='ltr'>ἐκαρδίωττε</span> <span class='ocrx_word' id='word_1_661' title='bbox 2739 4367 2921 4438; x_wconf 84' lang='grc' dir='ltr'>μόνον,</span> <span class='ocrx_word' id='word_1_662' title='bbox 2978 4365 3126 4423; x_wconf 74' lang='grc' dir='ltr'>ἀλλὰ</span> <span class='ocrx_word' id='word_1_663' title='bbox 3191 4367 3282 4424; x_wconf 79' lang='grc' dir='ltr'><strong>καὶ</strong></span> <span class='ocrx_word' id='word_1_664' title='bbox 3339 4365 3547 4425; x_wconf 86' lang='grc' dir='ltr'>πολλοὶ</span> <span class='ocrx_word' id='word_1_665' title='bbox 3586 4373 3696 4426; x_wconf 90' lang='grc' dir='ltr'><strong>τῶν</strong></span> 
     </span>
    </p>
   </div>
   <div class='ocr_carea' id='block_1_96' title="bbox 2033 4450 3698 4534">
    <p class='ocr_par' dir='ltr' id='par_1_96' title="bbox 2033 4450 3698 4534">
     <span class='ocr_line' id='line_1_97' title="bbox 2033 4450 3698 4534; baseline 0.004 -28"><span class='ocrx_word' id='word_1_666' title='bbox 2033 4450 2413 4506; x_wconf 78' lang='grc' dir='ltr'>ἀστυπολιτῶν</span> <span class='ocrx_word' id='word_1_667' title='bbox 2469 4457 2588 4514; x_wconf 80' lang='grc' dir='ltr'>ταῖς</span> <span class='ocrx_word' id='word_1_668' title='bbox 2647 4451 2862 4509; x_wconf 76' lang='grc' dir='ltr'>ἁλιάσιν</span> <span class='ocrx_word' id='word_1_669' title='bbox 2921 4451 3185 4530; x_wconf 60' lang='grc' dir='ltr'>ἐμϐάντες</span> <span class='ocrx_word' id='word_1_670' title='bbox 3237 4455 3326 4512; x_wconf 75' lang='grc' dir='ltr'><strong>καὶ</strong></span> <span class='ocrx_word' id='word_1_671' title='bbox 3390 4457 3501 4531; x_wconf 74' lang='grc' dir='ltr'>ὅτῳ</span> <span class='ocrx_word' id='word_1_672' title='bbox 3527 4459 3698 4534; x_wconf 71' lang='grc' dir='ltr'>τῦχοι</span> 
     </span>
    </p>
   </div>
   <div class='ocr_carea' id='block_1_97' title="bbox 2033 4538 3694 4628">
    <p class='ocr_par' dir='ltr' id='par_1_97' title="bbox 2033 4538 3694 4628">
     <span class='ocr_line' id='line_1_98' title="bbox 2033 4538 3694 4628; baseline 0.006 -34"><span class='ocrx_word' id='word_1_673' title='bbox 2033 4538 2498 4615; x_wconf 80' lang='grc' dir='ltr'>καθοπλισάμενοι</span> <span class='ocrx_word' id='word_1_674' title='bbox 2530 4543 2624 4597; x_wconf 89' lang='grc' dir='ltr'>τὸν</span> <span class='ocrx_word' id='word_1_675' title='bbox 2673 4542 2847 4600; x_wconf 75' lang='grc' dir='ltr'>πλοῦν</span> <span class='ocrx_word' id='word_1_676' title='bbox 2899 4543 2952 4607; x_wconf 77' lang='grc' dir='ltr'>ἒς</span> <span class='ocrx_word' id='word_1_677' title='bbox 3007 4545 3136 4608; x_wconf 73' lang='grc' dir='ltr'>τοὺς</span> <span class='ocrx_word' id='word_1_678' title='bbox 3187 4545 3491 4620; x_wconf 72' lang='grc' dir='ltr'>πολεμίους</span> <span class='ocrx_word' id='word_1_679' title='bbox 3533 4547 3694 4628; x_wconf 71' lang='grc' dir='ltr'>ἕσφυ-</span> 
     </span>
    </p>
   </div>
   <div class='ocr_carea' id='block_1_98' title="bbox 2035 4628 3695 4711">
    <p class='ocr_par' dir='ltr' id='par_1_98' title="bbox 2035 4628 3695 4711">
     <span class='ocr_line' id='line_1_99' title="bbox 2035 4628 3695 4711; baseline 0.005 -28"><span class='ocrx_word' id='word_1_680' title='bbox 2035 4635 2125 4700; x_wconf 84' lang='grc' dir='ltr'><strong>ζον</strong></span> <span class='ocrx_word' id='word_1_681' title='bbox 2159 4628 2360 4684; x_wconf 70' lang='grc' dir='ltr'>θέσθαι·</span> <span class='ocrx_word' id='word_1_682' title='bbox 2398 4631 2460 4686; x_wconf 75' lang='grc' dir='ltr'>οὗ</span> <span class='ocrx_word' id='word_1_683' title='bbox 2497 4637 2908 4707; x_wconf 72' lang='grc' dir='ltr'>συνεχιυροῦντο</span> <span class='ocrx_word' id='word_1_684' title='bbox 2964 4631 3021 4690; x_wconf 74' lang='grc' dir='ltr'>δὲ</span> <span class='ocrx_word' id='word_1_685' title='bbox 3080 4635 3218 4711; x_wconf 82' lang='grc' dir='ltr'>πρὸς</span> <span class='ocrx_word' id='word_1_686' title='bbox 3277 4639 3374 4691; x_wconf 79' lang='grc' dir='ltr'><strong>τοῦ</strong></span> <span class='ocrx_word' id='word_1_687' title='bbox 3427 4637 3695 4711; x_wconf 84' lang='grc' dir='ltr'>βασιλέως</span> 
     </span>
    </p>
   </div>
   <div class='ocr_carea' id='block_1_99' title="bbox 265 4697 1937 4798">
    <p class='ocr_par' dir='ltr' id='par_1_99' title="bbox 265 4716 1923 4787">
     <span class='ocr_line' id='line_1_100' title="bbox 265 4716 1923 4787; baseline -0.003 -12"><span class='ocrx_word' id='word_1_688' title='bbox 265 4734 401 4775; x_wconf 87' lang='lat' dir='ltr'><strong>nem</strong></span> <span class='ocrx_word' id='word_1_689' title='bbox 428 4716 872 4774; x_wconf 80' lang='lat' dir='ltr'><strong>considerabant</strong></span> <span class='ocrx_word' id='word_1_690' title='bbox 903 4733 918 4782; x_wconf 82' lang='lat'><strong>;</strong></span> <span class='ocrx_word' id='word_1_691' title='bbox 955 4731 1138 4787; x_wconf 86' lang='lat' dir='ltr'><strong>caque</strong></span> <span class='ocrx_word' id='word_1_692' title='bbox 1171 4716 1239 4772; x_wconf 81' lang='lat' dir='ltr'><strong>rl-e</strong></span> <span class='ocrx_word' id='word_1_693' title='bbox 1269 4731 1446 4772; x_wconf 83' lang='lat' dir='ltr'><strong>causa</strong></span> <span class='ocrx_word' id='word_1_694' title='bbox 1491 4719 1698 4770; x_wconf 65' lang='lat' dir='ltr'><strong>nostrae</strong></span> <span class='ocrx_word' id='word_1_695' title='bbox 1747 4731 1923 4771; x_wconf 88' lang='lat' dir='ltr'><strong>naves</strong></span> 
     </span>
    </p>
   </div>
   <div class='ocr_carea' id='block_1_100' title="bbox 2047 4697 3694 4798">
    <p class='ocr_par' dir='ltr' id='par_1_100' title="bbox 2047 4718 3694 4798">
     <span class='ocr_line' id='line_1_101' title="bbox 2047 4718 3694 4798; baseline 0.003 -23"><span class='ocrx_word' id='word_1_696' title='bbox 2047 4721 2123 4775; x_wconf 85' lang='grc' dir='ltr'>ιαὶ</span> <span class='ocrx_word' id='word_1_697' title='bbox 2155 4724 2262 4775; x_wconf 81' lang='grc' dir='ltr'><strong>τῶν</strong></span> <span class='ocrx_word' id='word_1_698' title='bbox 2295 4718 2868 4797; x_wconf 76' lang='grc' dir='ltr'>συνδιασκεπτομένων</span> <span class='ocrx_word' id='word_1_699' title='bbox 2918 4723 3070 4798; x_wconf 75' lang='grc' dir='ltr'>αὐτῷ</span> <span class='ocrx_word' id='word_1_700' title='bbox 3123 4726 3190 4781; x_wconf 75' lang='grc' dir='ltr'><strong>τὰ</strong></span> <span class='ocrx_word' id='word_1_701' title='bbox 3246 4726 3426 4798; x_wconf 81' lang='grc' dir='ltr'>κοινὰ,</span> <span class='ocrx_word' id='word_1_702' title='bbox 3479 4725 3579 4782; x_wconf 79' lang='grc' dir='ltr'>οὐκ</span> <span class='ocrx_word' id='word_1_703' title='bbox 3619 4726 3694 4790; x_wconf 89' lang='grc' dir='ltr'>εἷς</span> 
     </span>
    </p>
   </div>
   <div class='ocr_carea' id='block_1_101' title="bbox 265 4805 1918 4868">
    <p class='ocr_par' dir='ltr' id='par_1_101' title="bbox 265 4805 1918 4868">
     <span class='ocr_line' id='line_1_102' title="bbox 265 4805 1918 4868; baseline -0.002 -2"><span class='ocrx_word' id='word_1_704' title='bbox 265 4811 338 4866; x_wconf 92' lang='lat' dir='ltr'><strong>ad</strong></span> <span class='ocrx_word' id='word_1_705' title='bbox 369 4809 670 4868; x_wconf 87' lang='lat' dir='ltr'><strong>Cionicum</strong></span> <span class='ocrx_word' id='word_1_706' title='bbox 704 4807 871 4864; x_wconf 87' lang='lat' dir='ltr'><strong>littus</strong></span> <span class='ocrx_word' id='word_1_707' title='bbox 901 4807 958 4864; x_wconf 88' lang='lat' dir='ltr'><strong>in</strong></span> <span class='ocrx_word' id='word_1_708' title='bbox 997 4805 1224 4864; x_wconf 85' lang='lat' dir='ltr'><strong>ancoris</strong></span> <span class='ocrx_word' id='word_1_709' title='bbox 1255 4811 1482 4864; x_wconf 87' lang='lat' dir='ltr'><strong>stantes</strong></span> <span class='ocrx_word' id='word_1_710' title='bbox 1527 4806 1772 4862; x_wconf 82' lang='lat' dir='ltr'><strong>ulterius</strong></span> <span class='ocrx_word' id='word_1_711' title='bbox 1805 4825 1918 4863; x_wconf 78' lang='lat' dir='ltr'><strong>non</strong></span> 
     </span>
    </p>
   </div>
   <div class='ocr_carea' id='block_1_102' title="bbox 268 4895 1922 4972">
    <p class='ocr_par' dir='ltr' id='par_1_102' title="bbox 268 4895 1922 4972">
     <span class='ocr_line' id='line_1_103' title="bbox 268 4895 1922 4972; baseline -0.002 -17"><span class='ocrx_word' id='word_1_712' title='bbox 268 4898 803 4972; x_wconf 83' lang='lat' dir='ltr'><strong>progrediebantur.</strong></span> <span class='ocrx_word' id='word_1_713' title='bbox 838 4896 1056 4952; x_wconf 84' lang='lat' dir='ltr'><strong>Classis</strong></span> <span class='ocrx_word' id='word_1_714' title='bbox 1109 4913 1242 4952; x_wconf 89' lang='lat' dir='ltr'><strong>vero</strong></span> <span class='ocrx_word' id='word_1_715' title='bbox 1265 4895 1498 4952; x_wconf 87' lang='lat' dir='ltr'><strong>hostilis</strong></span> <span class='ocrx_word' id='word_1_716' title='bbox 1535 4913 1602 4952; x_wconf 88' lang='lat' dir='ltr'><strong>cu</strong></span> <span class='ocrx_word' id='word_1_717' title='bbox 1617 4913 1668 4950; x_wconf 90' lang='lat' dir='ltr'><strong>m</strong></span> <span class='ocrx_word' id='word_1_718' title='bbox 1695 4896 1765 4950; x_wconf 87' lang='lat' dir='ltr'><strong>ad</strong></span> <span class='ocrx_word' id='word_1_719' title='bbox 1799 4897 1922 4952; x_wconf 86' lang='lat' dir='ltr'><strong>dics</strong></span> 
     </span>
    </p>
   </div>
   <div class='ocr_carea' id='block_1_103' title="bbox 267 4985 1920 5060">
    <p class='ocr_par' dir='ltr' id='par_1_103' title="bbox 267 4985 1920 5060">
     <span class='ocr_line' id='line_1_104' title="bbox 267 4985 1920 5060; baseline -0.001 -16"><span class='ocrx_word' id='word_1_720' title='bbox 267 4988 676 5060; x_wconf 76' lang='lat' dir='ltr'><strong>septemdecim</strong></span> <span class='ocrx_word' id='word_1_721' title='bbox 711 4988 768 5046; x_wconf 87' lang='lat' dir='ltr'><strong>in</strong></span> <span class='ocrx_word' id='word_1_722' title='bbox 804 4986 1016 5043; x_wconf 88' lang='lat' dir='ltr'><strong>insulis</strong></span> <span class='ocrx_word' id='word_1_723' title='bbox 1047 4986 1528 5044; x_wconf 76' lang='lat' dir='ltr'><strong>consrdissctncc</strong></span> <span class='ocrx_word' id='word_1_724' title='bbox 1552 4985 1920 5058; x_wconf 86' lang='lat' dir='ltr'><strong>popularium</strong></span> 
     </span>
    </p>
   </div>
   <div class='ocr_carea' id='block_1_104' title="bbox 268 5073 1918 5148">
    <p class='ocr_par' dir='ltr' id='par_1_104' title="bbox 268 5073 1918 5148">
     <span class='ocr_line' id='line_1_105' title="bbox 268 5073 1918 5148; baseline 0.001 -20"><span class='ocrx_word' id='word_1_725' title='bbox 268 5093 624 5148; x_wconf 82' lang='lat' dir='ltr'><strong>quemquam</strong></span> <span class='ocrx_word' id='word_1_726' title='bbox 658 5082 812 5131; x_wconf 88' lang='lat' dir='ltr'><strong>terra</strong></span> <span class='ocrx_word' id='word_1_727' title='bbox 841 5076 1115 5132; x_wconf 87' lang='lat' dir='ltr'><strong>accedere</strong></span> <span class='ocrx_word' id='word_1_728' title='bbox 1172 5075 1442 5144; x_wconf 85' lang='lat' dir='ltr'><strong>vidisset,</strong></span> <span class='ocrx_word' id='word_1_729' title='bbox 1478 5091 1701 5131; x_wconf 86' lang='lat' dir='ltr'><strong>moram</strong></span> <span class='ocrx_word' id='word_1_730' title='bbox 1759 5073 1918 5130; x_wconf 85' lang='lat' dir='ltr'><strong>illam</strong></span> 
     </span>
    </p>
   </div>
   <div class='ocr_carea' id='block_1_105' title="bbox 267 5164 1918 5238">
    <p class='ocr_par' dir='ltr' id='par_1_105' title="bbox 267 5164 1918 5238">
     <span class='ocr_line' id='line_1_106' title="bbox 267 5164 1918 5238; baseline -0.002 -16"><span class='ocrx_word' id='word_1_731' title='bbox 267 5164 414 5222; x_wconf 86' lang='lat' dir='ltr'><strong>nihil</strong></span> <span class='ocrx_word' id='word_1_732' title='bbox 444 5165 578 5221; x_wconf 89' lang='lat' dir='ltr'><strong>boni</strong></span> <span class='ocrx_word' id='word_1_733' title='bbox 605 5165 948 5236; x_wconf 86' lang='lat' dir='ltr'><strong>portendere</strong></span> <span class='ocrx_word' id='word_1_734' title='bbox 963 5164 1228 5221; x_wconf 83' lang='lat' dir='ltr'><strong>arbitrati</strong></span> <span class='ocrx_word' id='word_1_735' title='bbox 1261 5165 1329 5220; x_wconf 84' lang='lat' dir='ltr'><strong>de</strong></span> <span class='ocrx_word' id='word_1_736' title='bbox 1353 5165 1541 5220; x_wconf 86' lang='lat' dir='ltr'><strong>reditu</strong></span> <span class='ocrx_word' id='word_1_737' title='bbox 1569 5165 1918 5238; x_wconf 82' lang='lat' dir='ltr'><strong>cogitarunt,</strong></span> 
     </span>
    </p>
   </div>
   <div class='ocr_carea' id='block_1_106' title="bbox 261 5255 1918 5328">
    <p class='ocr_par' dir='ltr' id='par_1_106' title="bbox 261 5255 1918 5328">
     <span class='ocr_line' id='line_1_107' title="bbox 261 5255 1918 5328; baseline 0 -17"><span class='ocrx_word' id='word_1_738' title='bbox 261 5258 620 5328; x_wconf 85' lang='lat' dir='ltr'><strong>incensaque</strong></span> <span class='ocrx_word' id='word_1_739' title='bbox 649 5255 966 5328; x_wconf 84' lang='lat' dir='ltr'><strong>Calonymo</strong></span> <span class='ocrx_word' id='word_1_740' title='bbox 1024 5255 1221 5312; x_wconf 87' lang='lat' dir='ltr'><strong>insula</strong></span> <span class='ocrx_word' id='word_1_741' title='bbox 1276 5261 1333 5312; x_wconf 87' lang='lat' dir='ltr'><strong>et</strong></span> <span class='ocrx_word' id='word_1_742' title='bbox 1382 5255 1650 5312; x_wconf 77' lang='lat' dir='ltr'><strong>ﬁnitimis</strong></span> <span class='ocrx_word' id='word_1_743' title='bbox 1692 5257 1751 5312; x_wconf 90' lang='lat' dir='ltr'><strong>in</strong></span> <span class='ocrx_word' id='word_1_744' title='bbox 1785 5256 1918 5313; x_wconf 88' lang='lat' dir='ltr'><strong>sinu</strong></span> 
     </span>
    </p>
   </div>
   <div class='ocr_carea' id='block_1_107' title="bbox 263 5344 1773 5418">
    <p class='ocr_par' dir='ltr' id='par_1_107' title="bbox 263 5344 1773 5418">
     <span class='ocr_line' id='line_1_108' title="bbox 263 5344 1773 5418; baseline 0.001 -17"><span class='ocrx_word' id='word_1_745' title='bbox 263 5345 662 5418; x_wconf 70' lang='lat' dir='ltr'><strong>llellespontio</strong></span> <span class='ocrx_word' id='word_1_746' title='bbox 693 5344 838 5401; x_wconf 82' lang='lat' dir='ltr'><strong>lucis</strong></span> <span class='ocrx_word' id='word_1_747' title='bbox 870 5347 1108 5401; x_wconf 88' lang='lat' dir='ltr'><strong>domum</strong></span> <span class='ocrx_word' id='word_1_748' title='bbox 1141 5362 1343 5403; x_wconf 87' lang='lat' dir='ltr'><strong>versus</strong></span> <span class='ocrx_word' id='word_1_749' title='bbox 1377 5351 1773 5418; x_wconf 82' lang='lat' dir='ltr'><strong>perrexerunt.</strong></span> 
     </span>
    </p>
   </div>
   <div class='ocr_carea' id='block_1_108' title="bbox 2027 4808 3692 4894">
    <p class='ocr_par' dir='ltr' id='par_1_108' title="bbox 2027 4808 3692 4894">
     <span class='ocr_line' id='line_1_109' title="bbox 2027 4808 3692 4894; baseline 0.004 -31"><span class='ocrx_word' id='word_1_750' title='bbox 2027 4809 2088 4864; x_wconf 83' lang='grc' dir='ltr'>τὸ</span> <span class='ocrx_word' id='word_1_751' title='bbox 2131 4808 2417 4884; x_wconf 68' lang='grc' dir='ltr'>πρόθυμον</span> <span class='ocrx_word' id='word_1_752' title='bbox 2474 4814 2582 4865; x_wconf 82' lang='grc' dir='ltr'><strong>τῶν</strong></span> <span class='ocrx_word' id='word_1_753' title='bbox 2639 4811 2922 4888; x_wconf 69' lang='grc' dir='ltr'>ἡμετέρων</span> <span class='ocrx_word' id='word_1_754' title='bbox 2989 4814 3196 4892; x_wconf 74' lang='grc' dir='ltr'>ἀφορᾷν</span> <span class='ocrx_word' id='word_1_755' title='bbox 3233 4813 3394 4888; x_wconf 87' lang='grc' dir='ltr'>μόνον</span> <span class='ocrx_word' id='word_1_756' title='bbox 3426 4813 3692 4894; x_wconf 79' lang='grc' dir='ltr'>ἐχόντων,</span> 
     </span>
    </p>
   </div>
   <div class='ocr_carea' id='block_1_109' title="bbox 2031 4895 3684 4978">
    <p class='ocr_par' dir='ltr' id='par_1_109' title="bbox 2031 4895 3684 4978">
     <span class='ocr_line' id='line_1_110' title="bbox 2031 4895 3684 4978; baseline 0.004 -26"><span class='ocrx_word' id='word_1_757' title='bbox 2031 4895 2177 4954; x_wconf 81' lang='grc' dir='ltr'><strong>ἀλλά</strong></span> <span class='ocrx_word' id='word_1_758' title='bbox 2252 4899 2341 4953; x_wconf 75' lang='grc' dir='ltr'>καὶ</span> <span class='ocrx_word' id='word_1_759' title='bbox 2422 4899 2718 4974; x_wconf 84' lang='grc' dir='ltr'>ὑπερπαῖον</span> <span class='ocrx_word' id='word_1_760' title='bbox 2774 4903 3183 4978; x_wconf 69' lang='grc' dir='ltr'>προορωμένων</span> <span class='ocrx_word' id='word_1_761' title='bbox 3277 4909 3384 4959; x_wconf 81' lang='grc' dir='ltr'><strong>τῶν</strong></span> <span class='ocrx_word' id='word_1_762' title='bbox 3462 4905 3684 4978; x_wconf 84' lang='grc' dir='ltr'>ἀντιμα-</span> 
     </span>
    </p>
   </div>
   <div class='ocr_carea' id='block_1_110' title="bbox 2033 4988 3690 5067">
    <p class='ocr_par' dir='ltr' id='par_1_110' title="bbox 2033 4988 3690 5067">
     <span class='ocr_line' id='line_1_111' title="bbox 2033 4988 3690 5067; baseline 0.002 -25"><span class='ocrx_word' id='word_1_763' title='bbox 2033 4988 2289 5063; x_wconf 75' lang='grc' dir='ltr'>χομένων</span> <span class='ocrx_word' id='word_1_764' title='bbox 2337 4992 2505 5059; x_wconf 79' lang='grc' dir='ltr'>νηῶν.</span> <span class='ocrx_word' id='word_1_765' title='bbox 2550 4990 2651 5046; x_wconf 69' lang='grc' dir='ltr'>Καὶ</span> <span class='ocrx_word' id='word_1_766' title='bbox 2697 4990 2834 5045; x_wconf 78' lang='grc' dir='ltr'>κατᾶ</span> <span class='ocrx_word' id='word_1_767' title='bbox 2878 4995 3046 5048; x_wconf 73' lang='grc' dir='ltr'>τοῦτο</span> <span class='ocrx_word' id='word_1_768' title='bbox 3095 4993 3219 5067; x_wconf 68' lang='grc' dir='ltr'>περὶ</span> <span class='ocrx_word' id='word_1_769' title='bbox 3269 4994 3368 5064; x_wconf 72' lang='grc' dir='ltr'><strong>τήν</strong></span> <span class='ocrx_word' id='word_1_770' title='bbox 3412 4998 3516 5050; x_wconf 82' lang='grc' dir='ltr'><strong>τῶν</strong></span> <span class='ocrx_word' id='word_1_771' title='bbox 3558 4991 3690 5052; x_wconf 82' lang='grc' dir='ltr'>Κιό-</span> 
     </span>
    </p>
   </div>
   <div class='ocr_carea' id='block_1_111' title="bbox 2035 5076 3690 5158">
    <p class='ocr_par' dir='ltr' id='par_1_111' title="bbox 2035 5076 3690 5158">
     <span class='ocr_line' id='line_1_112' title="bbox 2035 5076 3690 5158; baseline 0.004 -29"><span class='ocrx_word' id='word_1_772' title='bbox 2035 5099 2140 5132; x_wconf 86' lang='grc' dir='ltr'><strong>νων</strong></span> <span class='ocrx_word' id='word_1_773' title='bbox 2217 5076 2375 5146; x_wconf 75' lang='grc' dir='ltr'>ἠιόνα</span> <span class='ocrx_word' id='word_1_774' title='bbox 2449 5079 2504 5134; x_wconf 84' lang='grc' dir='ltr'>αὶ</span> <span class='ocrx_word' id='word_1_775' title='bbox 2576 5081 2822 5157; x_wconf 62' lang='grc' dir='ltr'>τριήρεις</span> <span class='ocrx_word' id='word_1_776' title='bbox 2901 5081 3226 5138; x_wconf 70' lang='grc' dir='ltr'>σαλεύουσαι</span> <span class='ocrx_word' id='word_1_777' title='bbox 3278 5083 3340 5139; x_wconf 74' lang='grc' dir='ltr'>οὗ</span> <span class='ocrx_word' id='word_1_778' title='bbox 3390 5083 3690 5158; x_wconf 83' lang='grc' dir='ltr'>περαιτέρω</span> 
     </span>
    </p>
   </div>
   <div class='ocr_carea' id='block_1_112' title="bbox 2031 5165 3694 5246">
    <p class='ocr_par' dir='ltr' id='par_1_112' title="bbox 2031 5165 3694 5246">
     <span class='ocr_line' id='line_1_113' title="bbox 2031 5165 3694 5246; baseline 0.005 -26"><span class='ocrx_word' id='word_1_779' title='bbox 2031 5165 2321 5242; x_wconf 60' lang='grc' dir='ltr'><strong>προνξγεσοιν⁹</strong></span> <span class='ocrx_word' id='word_1_780' title='bbox 2377 5169 2405 5222; x_wconf 84' lang='grc' dir='ltr'>ὁ</span> <span class='ocrx_word' id='word_1_781' title='bbox 2453 5165 2509 5223; x_wconf 74' lang='grc' dir='ltr'>δὲ</span> <span class='ocrx_word' id='word_1_782' title='bbox 2553 5174 2662 5224; x_wconf 84' lang='grc' dir='ltr'><strong>τῶν</strong></span> <span class='ocrx_word' id='word_1_783' title='bbox 2717 5169 2964 5226; x_wconf 75' lang='grc' dir='ltr'>ἐναντίων</span> <span class='ocrx_word' id='word_1_784' title='bbox 3018 5171 3218 5236; x_wconf 87' lang='grc' dir='ltr'>στόλος</span> <span class='ocrx_word' id='word_1_785' title='bbox 3250 5175 3373 5246; x_wconf 86' lang='grc' dir='ltr'>περὶ</span> <span class='ocrx_word' id='word_1_786' title='bbox 3403 5175 3501 5237; x_wconf 68' lang='grc' dir='ltr'><strong>τὰς</strong></span> <span class='ocrx_word' id='word_1_787' title='bbox 3530 5173 3694 5229; x_wconf 76' lang='grc' dir='ltr'>ἐπταο</span> 
     </span>
    </p>
   </div>
   <div class='ocr_carea' id='block_1_113' title="bbox 2029 5253 3703 5339">
    <p class='ocr_par' dir='ltr' id='par_1_113' title="bbox 2029 5253 3703 5339">
     <span class='ocr_line' id='line_1_114' title="bbox 2029 5253 3703 5339; baseline 0.006 -29"><span class='ocrx_word' id='word_1_788' title='bbox 2029 5253 2248 5311; x_wconf 81' lang='grc' dir='ltr'>καίδεκα</span> <span class='ocrx_word' id='word_1_789' title='bbox 2292 5253 2500 5330; x_wconf 75' lang='grc' dir='ltr'>ἡμέρας</span> <span class='ocrx_word' id='word_1_790' title='bbox 2558 5259 2658 5328; x_wconf 71' lang='grc' dir='ltr'><strong>τήν</strong></span> <span class='ocrx_word' id='word_1_791' title='bbox 2717 5259 2912 5332; x_wconf 74' lang='grc' dir='ltr'>κώπην</span> <span class='ocrx_word' id='word_1_792' title='bbox 2964 5261 3172 5338; x_wconf 78' lang='grc' dir='ltr'>σχάσας</span> <span class='ocrx_word' id='word_1_793' title='bbox 3224 5261 3276 5318; x_wconf 85' lang='grc' dir='ltr'>ἐν</span> <span class='ocrx_word' id='word_1_794' title='bbox 3327 5268 3448 5324; x_wconf 83' lang='grc' dir='ltr'>ταῖς</span> <span class='ocrx_word' id='word_1_795' title='bbox 3486 5265 3703 5339; x_wconf 73' lang='grc' dir='ltr'>νήσοις,</span> 
     </span>
    </p>
   </div>
   <div class='ocr_carea' id='block_1_114' title="bbox 2031 5343 3696 5434">
    <p class='ocr_par' dir='ltr' id='par_1_114' title="bbox 2031 5343 3696 5434">
     <span class='ocr_line' id='line_1_115' title="bbox 2031 5343 3696 5434; baseline 0.007 -35"><span class='ocrx_word' id='word_1_796' title='bbox 2031 5345 2105 5408; x_wconf 84' lang='grc' dir='ltr'>ὡς</span> <span class='ocrx_word' id='word_1_797' title='bbox 2165 5343 2356 5401; x_wconf 70' lang='grc' dir='ltr'>οὐδένα</span> <span class='ocrx_word' id='word_1_798' title='bbox 2414 5368 2530 5410; x_wconf 85' lang='grc' dir='ltr'><strong>πως</strong></span> <span class='ocrx_word' id='word_1_799' title='bbox 2591 5347 2733 5422; x_wconf 73' lang='grc' dir='ltr'>ἑώρα</span> <span class='ocrx_word' id='word_1_800' title='bbox 2772 5355 2878 5405; x_wconf 86' lang='grc' dir='ltr'><strong>τῶν</strong></span> <span class='ocrx_word' id='word_1_801' title='bbox 2939 5351 3240 5430; x_wconf 62' lang='grc' dir='ltr'>ὁμοφύλων</span> <span class='ocrx_word' id='word_1_802' title='bbox 3302 5355 3440 5408; x_wconf 72' lang='grc' dir='ltr'>κατὰ</span> <span class='ocrx_word' id='word_1_803' title='bbox 3493 5353 3696 5434; x_wconf 85' lang='grc' dir='ltr'>χέρσον</span> 
     </span>
    </p>
   </div>
   <div class='ocr_carea' id='block_1_115' title="bbox 269 5429 3695 5518">
    <p class='ocr_par' dir='ltr' id='par_1_115' title="bbox 269 5429 3695 5518">
     <span class='ocr_line' id='line_1_116' title="bbox 269 5429 3695 5518; baseline 0.003 -28"><span class='ocrx_word' id='word_1_804' title='bbox 269 5435 584 5512; x_wconf 82' lang='grc' dir='ltr'>προσιόντα,</span> <span class='ocrx_word' id='word_1_805' title='bbox 619 5431 718 5487; x_wconf 77' lang='grc' dir='ltr'><strong>οὐκ</strong></span> <span class='ocrx_word' id='word_1_806' title='bbox 750 5431 954 5505; x_wconf 70' lang='grc' dir='ltr'>ἀγαθήν</span> <span class='ocrx_word' id='word_1_807' title='bbox 987 5431 1206 5498; x_wconf 73' lang='grc' dir='ltr'>εἷκᾶσας</span> <span class='ocrx_word' id='word_1_808' title='bbox 1233 5435 1332 5504; x_wconf 73' lang='grc' dir='ltr'>τήν</span> <span class='ocrx_word' id='word_1_809' title='bbox 1365 5429 1637 5504; x_wconf 67' lang='grc' dir='ltr'>ἀναϐολήν</span> <span class='ocrx_word' id='word_1_810' title='bbox 1671 5435 2073 5510; x_wconf 81' lang='grc' dir='ltr'>μεθαρμόζεται</span> <span class='ocrx_word' id='word_1_811' title='bbox 2103 5435 2238 5510; x_wconf 79' lang='grc' dir='ltr'>πρὸς</span> <span class='ocrx_word' id='word_1_812' title='bbox 2281 5433 2611 5494; x_wconf 78' lang='grc' dir='ltr'>ἀπόπλοιαν.</span> <span class='ocrx_word' id='word_1_813' title='bbox 2648 5439 2742 5494; x_wconf 84' lang='grc' dir='ltr'><strong>Καὶ</strong></span> <span class='ocrx_word' id='word_1_814' title='bbox 2779 5436 2845 5508; x_wconf 75' lang='grc' dir='ltr'>δὴ</span> <span class='ocrx_word' id='word_1_815' title='bbox 2877 5441 2978 5508; x_wconf 71' lang='grc' dir='ltr'><strong>τὴν</strong></span> <span class='ocrx_word' id='word_1_816' title='bbox 3012 5429 3180 5510; x_wconf 70' lang='grc' dir='ltr'>νῆσον</span> <span class='ocrx_word' id='word_1_817' title='bbox 3211 5443 3311 5512; x_wconf 70' lang='grc' dir='ltr'>τὴν</span> <span class='ocrx_word' id='word_1_818' title='bbox 3344 5429 3695 5518; x_wconf 70' lang='grc' dir='ltr'>Καλῶνυμον</span> 
     </span>
    </p>
   </div>
   <div class='ocr_carea' id='block_1_116' title="bbox 268 5519 3697 5605">
    <p class='ocr_par' dir='ltr' id='par_1_116' title="bbox 268 5519 3697 5603">
     <span class='ocr_line' id='line_1_117' title="bbox 268 5519 3697 5603; baseline 0.003 -25"><span class='ocrx_word' id='word_1_819' title='bbox 268 5520 655 5598; x_wconf 67' lang='grc' dir='ltr'>πυρπολήσας,</span> <span class='ocrx_word' id='word_1_820' title='bbox 687 5521 776 5575; x_wconf 79' lang='grc' dir='ltr'><strong>καὶ</strong></span> <span class='ocrx_word' id='word_1_821' title='bbox 809 5521 906 5575; x_wconf 79' lang='grc' dir='ltr'><strong>ὅσα</strong></span> <span class='ocrx_word' id='word_1_822' title='bbox 955 5519 1174 5594; x_wconf 73' lang='grc' dir='ltr'>πάραλα</span> <span class='ocrx_word' id='word_1_823' title='bbox 1204 5527 1375 5576; x_wconf 75' lang='grc' dir='ltr'>κεῖται</span> <span class='ocrx_word' id='word_1_824' title='bbox 1423 5522 1559 5578; x_wconf 81' lang='grc' dir='ltr'>κατᾶ</span> <span class='ocrx_word' id='word_1_825' title='bbox 1605 5524 1696 5577; x_wconf 78' lang='grc' dir='ltr'><strong>τὸν</strong></span> <span class='ocrx_word' id='word_1_826' title='bbox 1729 5522 1936 5578; x_wconf 85' lang='grc' dir='ltr'>κόλπον</span> <span class='ocrx_word' id='word_1_827' title='bbox 1971 5523 2062 5578; x_wconf 82' lang='grc' dir='ltr'><strong>τὸν</strong></span> <span class='ocrx_word' id='word_1_828' title='bbox 2092 5522 2548 5597; x_wconf 72' lang='grc' dir='ltr'>Ἑλλησπόντιον,</span> <span class='ocrx_word' id='word_1_829' title='bbox 2582 5526 2763 5603; x_wconf 76' lang='grc' dir='ltr'>ε’ἰγετο</span> <span class='ocrx_word' id='word_1_830' title='bbox 2793 5533 2890 5582; x_wconf 77' lang='grc' dir='ltr'>τοῦ</span> <span class='ocrx_word' id='word_1_831' title='bbox 2924 5525 3109 5583; x_wconf 80' lang='grc' dir='ltr'>οἷ’καδε</span> <span class='ocrx_word' id='word_1_832' title='bbox 3149 5529 3312 5587; x_wconf 75' lang='grc' dir='ltr'>πλοῦ.</span> <span class='ocrx_word' id='word_1_833' title='bbox 3356 5531 3497 5588; x_wconf 76' lang='grc' dir='ltr'>Φασὶ</span> <span class='ocrx_word' id='word_1_834' title='bbox 3531 5529 3588 5588; x_wconf 74' lang='grc' dir='ltr'>δὲ</span> <span class='ocrx_word' id='word_1_835' title='bbox 3619 5533 3697 5596; x_wconf 84' lang='grc' dir='ltr'><strong>ὡς</strong></span> 
     </span>
    </p>
   </div>
   <div class='ocr_carea' id='block_1_117' title="bbox 261 5607 3696 5696">
    <p class='ocr_par' dir='ltr' id='par_1_117' title="bbox 261 5607 3696 5696">
     <span class='ocr_line' id='line_1_118' title="bbox 261 5607 3696 5696; baseline 0.002 -29"><span class='ocrx_word' id='word_1_836' title='bbox 261 5612 352 5667; x_wconf 74' lang='grc' dir='ltr'>κκῖ</span> <span class='ocrx_word' id='word_1_837' title='bbox 399 5610 607 5666; x_wconf 69' lang='grc' dir='ltr'>τούτων</span> <span class='ocrx_word' id='word_1_838' title='bbox 657 5608 864 5674; x_wconf 85' lang='grc' dir='ltr'>πολλαὶ</span> <span class='ocrx_word' id='word_1_839' title='bbox 909 5607 1191 5684; x_wconf 75' lang='grc' dir='ltr'>ἃντανδροι</span> <span class='ocrx_word' id='word_1_840' title='bbox 1235 5614 1314 5682; x_wconf 77' lang='grc' dir='ltr'><strong>τῷ</strong></span> <span class='ocrx_word' id='word_1_841' title='bbox 1366 5613 1515 5687; x_wconf 77' lang='grc' dir='ltr'>βυθῷ</span> <span class='ocrx_word' id='word_1_842' title='bbox 1564 5608 1882 5681; x_wconf 76' lang='grc' dir='ltr'>κατέδυσαν,</span> <span class='ocrx_word' id='word_1_843' title='bbox 1935 5611 2270 5675; x_wconf 81' lang='grc' dir='ltr'>ἀντιπνοίαις</span> <span class='ocrx_word' id='word_1_844' title='bbox 2303 5613 2694 5689; x_wconf 45' lang='grc' dir='ltr'>πεισιπεσοῦσαί</span> <span class='ocrx_word' id='word_1_845' title='bbox 2747 5616 2837 5673; x_wconf 74' lang='grc' dir='ltr'><strong>καὶ</strong></span> <span class='ocrx_word' id='word_1_846' title='bbox 2867 5615 3316 5692; x_wconf 84' lang='grc' dir='ltr'>καταιγιδώδεσιν</span> <span class='ocrx_word' id='word_1_847' title='bbox 3354 5619 3696 5696; x_wconf 70' lang='grc' dir='ltr'>δμιλήσασαι</span> 
     </span>
    </p>
   </div>
   <div class='ocr_carea' id='block_1_118' title="bbox 266 5693 1900 5775">
    <p class='ocr_par' dir='ltr' id='par_1_118' title="bbox 266 5693 1900 5775">
     <span class='ocr_line' id='line_1_119' title="bbox 266 5693 1900 5775; baseline 0 -17"><span class='ocrx_word' id='word_1_848' title='bbox 266 5700 552 5774; x_wconf 78' lang='grc' dir='ltr'>πνεύμασι.</span> <span class='ocrx_word' id='word_1_849' title='bbox 589 5697 690 5756; x_wconf 70' lang='grc' dir='ltr'>Καὶ</span> <span class='ocrx_word' id='word_1_850' title='bbox 717 5697 882 5775; x_wconf 79' lang='grc' dir='ltr'>λιμὸς</span> <span class='ocrx_word' id='word_1_851' title='bbox 917 5695 974 5755; x_wconf 74' lang='grc' dir='ltr'>δὲ</span> <span class='ocrx_word' id='word_1_852' title='bbox 1004 5700 1094 5754; x_wconf 84' lang='grc' dir='ltr'><strong>καί</strong></span> <span class='ocrx_word' id='word_1_853' title='bbox 1125 5698 1286 5763; x_wconf 85' lang='grc' dir='ltr'>νόσος</span> <span class='ocrx_word' id='word_1_854' title='bbox 1321 5693 1460 5756; x_wconf 75' lang='grc' dir='ltr'>ἔστιν</span> <span class='ocrx_word' id='word_1_855' title='bbox 1496 5699 1556 5765; x_wconf 66' lang='grc' dir='ltr'><strong>ἃς</strong></span> <span class='ocrx_word' id='word_1_856' title='bbox 1593 5701 1900 5772; x_wconf 73' lang='grc' dir='ltr'>ἐξεκενωσε.</span> 
     </span>
    </p>
   </div>
  </div>
