4102 6420
331 388 446 450 725

1490 388 1593 450 DE
1639 382 1949 449 ISAACIO
1995 382 2308 446 ANGELO
2352 384 2497 445 LIB.
2544 384 2592 445 Ι.

3636 391 3753 456 726

402 519 498 578 Καὶ
532 519 675 576 οὕτω
711 519 805 595 μὶν
860 521 921 577 οὗ
985 523 1139 593 μεῖον
1171 518 1206 592 ἢ
1240 517 1367 577 δέκα
1426 518 1675 597 χιλιάδες
1728 520 1979 595 μαχίμωι

2179 519 2395 576 Ferunt
2425 523 2617 575 autem
2652 518 2870 576 multas
2902 536 3075 578 naves
3108 537 3236 578 cum
3271 526 3596 583 vectoribus
3654 529 3756 584 ad-

327 606 537 685 ἀνδρῶν
596 609 648 665 ἐν
708 608 893 666 τοῖσδε
948 616 1069 673 τοῖς
1123 610 1395 683 πολέμοις
1455 611 1768 668 ἀπώλοντο·
1842 607 1996 664 αὐτοὶ

329 695 389 755 δὲ
445 700 494 753 οἱ
543 701 904 774 ζωγρηθέντες
962 702 1079 755 κατ’
1137 701 1479 777 ἀμφοτέρους
1536 701 1662 763 τοὺς
1710 696 1996 771 πολέμους
2047 772 2054 779 ⁸

323 783 461 862 ὒπέρ
548 789 643 852 τας
718 788 975 864 τέσσαρας
1052 786 1314 865 χιλιάδας
1386 788 1782 864 ἀριθμούμενοι
1874 793 1992 848 ταῖς

327 873 627 951 δημοσίαις
670 876 940 954 φυλακαῖς
971 877 1356 954 ἐνείρχοησαν.
1415 880 1509 947 Μὴ
1567 878 1627 932 ἐκ
1693 875 1993 950 βασιλικῶν

330 963 393 1022 δὲ
444 969 825 1042 ψωμιζόμενοι
883 969 1144 1042 ταμιείων
1246 990 1393 1031 τινος
1453 973 1559 1025 τῶν
1618 969 1718 1023 ’ὀσα
1774 967 1837 1022 τὸ
1898 970 1991 1039 ζῇν

330 1055 617 1127 σκνίστησι
698 1056 1202 1133 μεταλαγχάνοντες
1275 1055 1512 1113 ἄλλοθέν
1586 1068 1779 1128 ποθεν,
1842 1053 1990 1130 ἄρτῳ

326 1141 388 1201 δέ
423 1146 577 1219 μόνῳ
614 1142 904 1217 διαζῶντες
934 1146 1340 1226 χορηγουμένῳ
1370 1147 1506 1221 πρὸς
1562 1150 1670 1202 τῶν
1720 1144 1989 1223 θεοφιλῶς

322 1234 800 1307 ἐπισκεπτομένων
857 1234 984 1298 τοὺς
1043 1235 1093 1291 ἐν
1151 1241 1269 1298 ταῖς
1330 1234 1593 1311 εἱρκταῖς,
1651 1239 1833 1297 κακῶς
1896 1234 1989 1312 ἐφ-

325 1324 591 1397 θείροντο,
626 1322 759 1389 ὥσθ’
798 1325 825 1380 ὁ
874 1326 975 1394 τὴν
1017 1326 1196 1401 ἆρχήν
1250 1332 1351 1395 τῆς
1413 1324 1669 1388 Σικελίας
1726 1323 1985 1399 χειρίζων

318 1413 406 1469 καί
436 1414 537 1484 τὴν
569 1415 694 1470 τότε
724 1415 861 1469 κατὰ
915 1415 1204 1487 Ῥωμαίων
1255 1414 1470 1486 κίνησιν
1530 1412 1777 1486 θέμενος,
1817 1418 1983 1468 τοῦτο

300 1504 631 1578 οπυθόμενος
688 1501 777 1559 διὰ
827 1504 1167 1580 γραμμάτων
1250 1505 1342 1559 τὸν
1426 1504 1652 1579 βασιλέα
1711 1506 1793 1577 [Ρ.
1855 1505 1982 1576 234]

316 1590 612 1668 ἐχλεύαζεν
666 1593 742 1655 ὡς
774 1593 1210 1674 ἀφιλανθρώπως
1272 1593 1447 1649 ἐῶντα
1502 1591 1657 1665 λιμῷ
1714 1592 1805 1648 καί
1838 1614 1984 1666 γυμ-

307 1685 497 1755 νότητι
543 1683 1001 1758 παρνπόλλυσθαι
1062 1682 1310 1755 τηλίκων
1379 1685 1470 1740 καὶ
1527 1685 1805 1740 τοσούτων
1866 1683 1977 1739 στί-

311 1793 420 1850 χας
479 1771 709 1849 ἀνδρῶν,
772 1774 1009 1849 ἐναργῶς
1089 1775 1183 1846 μέν
1261 1772 1546 1847 ἀραμένων
1622 1771 1769 1828 ὅπλα
1843 1775 1979 1829 κατά

306 1863 604 1938 Ῥωμαίων
659 1863 817 1936 νόμῳ
873 1860 1146 1934 πολέμου,
1201 1864 1543 1937 Χριστιανῶν
1586 1858 1634 1916 δ’

315 1971 448 2009 των’
497 1950 589 2006 καί
646 1952 698 2007 οἰ
755 1947 1210 2025 παραδεδομένων
1269 1949 1346 2012 εἰς
1399 1956 1590 2025 χεῖρας
1658 1952 1763 2007 ὑπὸ
1820 1956 1976 2009 Θεοῦ.

318 2046 531 2118 Χρῆναι
566 2040 614 2097 δ’
645 2037 803 2117 ἔλεγε
850 2043 939 2097 τὸν
999 2045 1237 2098 νικῶντα
1387 2042 1760 2117 πανωλεθρίαν
1819 2042 1978 2108 εὐθὺς

319 2137 430 2187 τῶν
492 2133 877 2207 ζωγρηθέντων
926 2130 1419 2206 καταψηφίζεσθαι,
1472 2131 1547 2194 εἰς
1625 2132 1820 2203 θηρίου
1877 2134 1975 2210 φύ-

317 2239 427 2274 σιν·
473 2218 534 2274 ἐκ
589 2220 808 2276 πολλοῦ
868 2223 965 2277 τοῦ
1021 2218 1342 2297 παραλόγου
1405 2222 1833 2299 μεταμειφθέντα
1888 2222 1978 2278 καὶ

313 2309 410 2365 τὸν
453 2310 795 2385 ανθρώπινον
854 2309 1018 2383 νόμον
1072 2305 1590 2385 παραϐλεψάμενον·
1623 2310 1659 2380 ἢ
1694 2313 1769 2385 μή
1828 2308 1979 2367 δοκι-

322 2395 568 2470 μάσαντα
631 2400 818 2466 τοῦτο,
879 2395 1246 2473 συνειληφότα
1332 2393 1389 2451 δὲ
1459 2397 1550 2452 καὶ
1605 2399 1977 2472 καθείρξαντα,

303 2487 509 2563 τρύφος
539 2489 668 2562 γοῦν
699 2485 866 2562 ἂρτου
898 2483 1249 2563 διαθρύπτειν
1301 2480 1695 2560 ὀκτάϐλωμον,
1753 2488 1800 2542 εἴ
1850 2487 1976 2562 περί

304 2578 406 2647 τήν
442 2573 639 2650 διαρκῆ
675 2572 944 2647 διαίτησιν
1005 2570 1408 2648 κιμϐικεὺεται,
1466 2574 1614 2632 άΛλὰ
1670 2579 1745 2650 μή
1796 2597 1973 2650 τιμω-

309 2670 420 2739 ρεῖν
465 2669 562 2719 τού
618 2661 707 2719 διὰ
762 2665 946 2741 ξίφους
1004 2664 1092 2718 καί
1152 2664 1345 2720 αὐτίκα
1406 2664 1580 2740 μόρου
1645 2665 1976 2740 μακρότερα,

311 2754 634 2828 λιμώττειν,
668 2755 963 2829 παρεικότο
1021 2755 1112 2809 καὶ
1164 2759 1381 2830 παγετῷ
1437 2754 1526 2810 καὶ
1571 2758 1767 2829 κρυμῷ
1824 2751 1975 2828 διαρ-

314 2844 614 2921 ῥήγνυσθαι
646 2847 827 2906 κακῶς
861 2846 961 2911 τήν
991 2844 1202 2919 ψυχήν,
1248 2844 1336 2898 καὶ
1391 2843 1558 2918 φόνου
1608 2842 1781 2898 αἰτίαν
1834 2842 1973 2900 ἐπά-

1691 1862 1845 1936 ὅμως
1885 1857 1974 1917 ὄν·
2005 1889 2054 1953 Β

2104 609 2288 665 versis
2310 609 2498 664 ventis
2536 615 2590 664 et
2644 609 2985 667 turbinibus
3042 612 3344 669 demersas
3401 632 3549 685 esse,
3609 617 3755 675 alias

2104 698 2307 754 morbo
2339 703 2395 754 et
2425 700 2576 754 fame
2607 699 3039 757 exhaustaslta
3071 719 3108 757 χ
3132 701 3393 759 millibus
3417 703 3571 761 haud
3607 723 3749 777 pau-

2101 785 2284 841 ciores
2310 785 2404 841 his
2439 785 2601 842 bellis
2626 788 2942 860 perierunt.
2978 789 3141 845 Ultra
3191 807 3244 846 ιν
3287 791 3471 848 millia
3504 801 3750 868 utroque

2102 873 2250 930 bello
2285 876 2343 930 in
2375 891 2635 931 carceres
2664 877 2914 946 inclusa,
2945 896 3081 935 eum
3105 880 3249 935 nihil
3285 882 3356 937 ab
3404 882 3751 955 imperatore

2099 968 2199 1019 aut
2230 963 2466 1020 aliunde
2497 967 2972 1038 suppeditaretur
3002 976 3209 1041 praeter
3238 987 3463 1042 panem,
3492 974 3591 1044 qui
3623 973 3746 1045 pie-

2099 1055 2233 1108 tatis
2264 1070 2396 1124 erga
2428 1072 2462 1109 a
2494 1056 2795 1112 nonnullis
2825 1057 3411 1132 subministrabatur,
3464 1062 3612 1118 male
3652 1080 3749 1134 pe-

2098 1143 2341 1198 rierunt.
2377 1143 2499 1208 Quo
2529 1162 2627 1200 rex
2684 1146 2916 1217 Siciliae,
2974 1147 3134 1205 illius
3193 1150 3327 1207 belli
3387 1156 3745 1218 auetor,au-

2096 1231 2216 1287 dito
2249 1232 2587 1304 imperatori
2638 1252 2736 1305 per
2793 1234 3017 1292 litteras
3061 1239 3491 1296 immanitatem
3536 1259 3746 1314 expro-

2096 1321 2303 1390 bravit,
2339 1322 2438 1392 qui
2470 1322 2624 1380 fame
2672 1329 2728 1379 et
2762 1326 2916 1381 ατο
2968 1326 3179 1398 frigore
3218 1332 3303 1385 tot
3347 1331 3498 1388 viros
3557 1334 3746 1403 perire

2093 1415 2409 1483 pateretur,
2432 1411 2556 1482 qui,
2588 1412 2700 1469 etsi
2728 1430 2887 1470 more
2908 1413 3040 1470 belli
3075 1420 3272 1488 aperto
3321 1435 3486 1475 arma
3511 1420 3744 1476 intulis-

2093 1504 2245 1566 sent,
2280 1505 2473 1555 tauien
2504 1500 2818 1557 Christiani
2859 1509 3054 1559 essent
3096 1510 3153 1560 et
3195 1522 3230 1561 a
3276 1506 3392 1563 Deo
3444 1508 3503 1562 in
3536 1525 3744 1565 manus

2090 1588 2219 1660 ejus
2252 1588 2469 1645 traditi.
2504 1590 2645 1646 Esse
2675 1596 2872 1647 autem
2906 1609 2941 1648 a
2987 1592 3203 1650 victore
3259 1601 3361 1651 aut
3416 1598 3614 1655 statim
3649 1616 3742 1654 ca-

2089 1678 2227 1749 pitis
2248 1678 2617 1735 damnandos
2643 1680 2923 1752 captivos,
2983 1684 3176 1739 omnis
3231 1683 3616 1742 humanitatis
3665 1691 3738 1744 ob

2087 1766 2415 1839 insperatos
2445 1785 2757 1826 successus
2786 1769 2966 1827 oblito
2996 1775 3053 1826 et
3082 1771 3142 1827 in
3190 1773 3372 1830 feram
3406 1791 3685 1833 converso
3721 1796 3735 1846 ;

2088 1863 2189 1911 aut
2221 1856 2272 1912 si
2302 1856 2361 1912 id
2394 1857 2559 1926 nolit,
2594 1857 2800 1914 saltem
2838 1860 3090 1916 frustum
3125 1863 3295 1934 panis
3343 1865 3590 1936 captivis
3621 1864 3737 1922 im-

2092 1948 2483 2017 pertiendum,
2519 1947 2569 2003 si
2602 1948 2680 2003 ita
2706 1949 2979 2006 sordidus
3010 1950 3089 2007 sit
3121 1955 3186 2007 ut
3214 1970 3312 2009 eos
3364 1952 3519 2010 alere
3571 1954 3736 2011 nolit.

2090 2038 2205 2095 Etsi
2239 2038 2395 2093 enim
2425 2054 2524 2094 eos
2547 2039 2742 2110 gladio
2772 2056 2886 2094 non
2938 2041 3192 2112 trajiciat
3237 2058 3343 2098 nec
3374 2042 3557 2100 telum
3615 2061 3744 2102 cru-

2089 2132 2294 2183 entum
2324 2126 2700 2183 evisceribus
2748 2145 2948 2185 eorum
3007 2130 3296 2201 extrahat,
3337 2136 3534 2189 tamen
3603 2151 3738 2190 cum

2089 2233 2188 2274 eos
2228 2215 2438 2288 frigore
2496 2222 2554 2272 et
2623 2218 2775 2273 fame
2833 2218 3147 2276 crudeliter
3200 2221 3495 2290 conficiat,
3555 2223 3739 2281 nihilo

2091 2307 2290 2363 minus
2320 2306 2493 2362 caedis
2551 2323 2681 2363 esse
2731 2324 2916 2363 reum.
2978 2313 3179 2382 Neque
3238 2312 3394 2366 enim
3454 2312 3738 2370 interesse

2090 2401 2288 2453 utrum
2322 2395 2446 2468 ipse
2505 2396 2737 2452 occidas
2796 2414 2868 2451 an
2930 2398 3106 2453 caedis
3164 2415 3403 2456 causam
3459 2401 3739 2471 praebeas.

2087 2485 2304 2542 Verum
2337 2485 2654 2556 imperator
2683 2485 2815 2542 istis
2857 2487 3069 2543 litteris
3127 2504 3334 2559 parum
3397 2494 3592 2548 motus
3626 2493 3739 2548 mi-

2089 2591 2251 2630 seros
2281 2574 2506 2631 Siculos
2537 2591 2699 2647 aeque
2732 2580 2798 2631 ut
2822 2584 2988 2632 antea
3036 2578 3226 2648 perire
3273 2577 3524 2651 sinebat,
3569 2582 3736 2653 quasi

2087 2681 2220 2721 vero
2238 2664 2454 2720 liceret
2482 2664 2758 2736 quicquid
2792 2664 3084 2724 libuisset.
3116 2668 3273 2739 Saepe
3321 2668 3500 2741 igitur
3531 2669 3736 2726 eodem

2089 2754 2181 2811 die
2212 2754 2334 2811 bini
2364 2759 2421 2810 et
2453 2754 2624 2823 terni,
2658 2753 2783 2810 sine
2816 2754 3062 2826 inferiis,
3097 2766 3357 2814 extrema
3404 2758 3644 2826 lotione,
3675 2760 3738 2817 in

2088 2842 2421 2901 cmmeteria
2450 2849 2506 2899 et
2534 2860 2808 2900 cavernas
2838 2845 3316 2915 conjiciebantur.

310 2934 517 3011 γέσθαι,
550 2932 717 2988 εἰκαί
766 2935 841 3006 μή
897 2933 964 2988 τὰ
1020 2932 1207 3008 στέρνα
1266 2930 1508 3008 διατορεῖ
1564 2930 1750 3008 δόρατι
1807 2933 1843 3003 ἤ
1900 2935 1963 2989 τὸ
2023 2931 2186 3007 βέλος
2242 2931 2615 3008 ἁρπαζόμενον
2673 2938 2792 2995 τοῖς
2864 2932 3172 3010 σπλάχνοῖς
3232 2937 3322 2991 καὶ
3382 2932 3742 3013 ἐμϐαπτόμε-

326 3043 416 3078 νον
454 3020 738 3093 δείκνυσιν,
771 3021 886 3079 ἐπεὶ
923 3020 1065 3097 μηδέ
1112 3020 1381 3102 διαφέρειν
1427 3023 1489 3077 τὸ
1545 3026 1798 3099 φονεῦσαι
1843 3024 1931 3078 καὶ
1993 3022 2158 3098 φόνου
2206 3027 2507 3098 παρασχεῖν
2567 3020 2854 3100 πρόφασιν.
2917 3022 3185 3087 Βασιλεὺς
3244 3022 3301 3081 δὲ
3358 3027 3489 3083 ὠσίν
3548 3025 3738 3103 ἄκροις

319 3109 771 3187 παραδεξάμενος
810 3111 877 3168 τὰ
933 3113 1272 3190 γραφόμενα,
1336 3111 1482 3168 ε’ἰασε
1539 3111 1666 3174 τοὺς
1723 3111 1959 3173 τάλανας
2021 3109 2287 3174 Σικελοὺς
2343 3111 2419 3174 ὡς
2475 3111 2739 3188 πρότερον
2792 3111 3091 3187 φθίνεσθαι,
3147 3115 3220 3179 ὠς
3278 3115 3330 3171 ἐν
3383 3116 3529 3189 αύτῷ
3588 3113 3742 3190 ὄντος

315 3204 415 3255 τοῦ
448 3200 476 3255 ’ὀ
508 3200 560 3255 τί
590 3203 709 3256 ποτ’
747 3200 806 3255 ἄν
838 3200 1033 3263 αὐτοὺς
1087 3200 1349 3277 βούλοιτο
1408 3199 1619 3278 δρᾶσαι.
1676 3199 1882 3256 Σύνδυο
1942 3202 2034 3256 οὖν
2082 3201 2173 3256 καὶ
2232 3199 2476 3276 σύντρεις
2529 3199 2803 3265 πολλάκις
2855 3209 2957 3273 τῆς
3015 3201 3225 3280 ἡμέρας
3291 3204 3738 3281 ἐκκομιζόμενοι,

317 3288 687 3368 νεκροταφίων
746 3288 973 3366 ἄμοιροι
1033 3290 1122 3346 καὶ
1181 3292 1303 3367 ἄτερ
1371 3297 1479 3348 τῶν
1556 3290 1882 3348 τελευταίων
1961 3290 2235 3368 λουτρῶν,
2312 3291 2447 3346 κατά
2519 3295 2626 3347 τῶν
2701 3288 3082 3369 πολυανδρίων
3170 3294 3564 3368 ἐξετινάσσοντο
3647 3300 3741 3357 καὶ

309 3377 655 3436 καταδύσεων
683 3384 791 3435 τῶν
823 3379 1119 3454 ὑπογείων.

382 3468 618 3534 Καθίσας
647 3467 695 3523 δ’
743 3469 771 3523 ὁ
816 3465 1072 3544 βασιλεὺς
1130 3468 1218 3524 ἐπὶ
1269 3466 1463 3546 δίφρου
1510 3469 1969 3545 χρυσοκολλήτου
2014 3474 2056 3541 C

312 3561 402 3615 καὶ
443 3556 666 3634 περιδὺς
732 3558 834 3627 τὴν
907 3556 1278 3633 λιθύστρωτον
1344 3553 1632 3630 τήϐειναν,
1706 3558 1860 3634 βῆμά
1922 3580 1979 3615 τε

317 3650 885 3726 πολυανθρωπότατον
920 3650 1222 3725 ἡθροικὼς,
1256 3650 1330 3711 ὡς
1364 3647 1447 3720 εἴη
1508 3650 1585 3723 μή
1635 3654 1752 3712 τοῖς
1802 3646 1978 3705 ἀλλο-

317 3742 520 3820 φώνοις
556 3741 720 3814 μόνον
754 3736 902 3796 ἀλλὰ
947 3739 1039 3795 καί
1092 3744 1212 3802 τοῖς
1256 3737 1559 3813 Ῥωμαίοις
1609 3738 1802 3802 αὐτοῖς
1857 3737 1977 3794 ἐπι-

316 3826 661 3911 φοϐώτατος,
714 3829 1015 3907 εἰσάγεσθαι
1080 3827 1290 3885 κελεύει
1351 3827 1477 3893 τοὺς
1533 3833 1629 3883 τοῦ
1684 3827 1979 3884 Σικελικοῦ

317 3919 716 3998 στρατεύματος
749 3919 1055 3997 ἂρχηγοὺς,
1100 3915 1316 3990 δηλαδή
1377 3917 1468 3973 τὸν
1520 3915 1839 3976 Ἀλδιιυῖνον
1889 3917 1979 3973 καί

313 4011 404 4066 τὸν
437 4007 781 4085 Ῥιτζσὶρδον.
821 4009 890 4066 Οἱ
918 4006 976 4064 δὲ
1004 4009 1065 4065 τὸ
1115 4005 1338 4085 ἐριῶδες
1389 4014 1491 4079 τῆς
1544 4007 1788 4086 κεφαλῆς
1836 4007 1975 4063 ἀπο-

315 4100 527 4175 θέμενοι
593 4098 864 4173 κάλυμμα
956 4099 1043 4153 καὶ
1141 4095 1545 4175 δουλικωτέραν
1603 4097 1976 4174 πρασκύνησιν

313 4188 723 4262 ἀπονείμαντες,
755 4189 1126 4261 ἠρωτήθησαν
1157 4188 1304 4262 παρὰ
1355 4192 1453 4244 τοῦ
1508 4188 1778 4264 βασιλέως
1826 4187 1975 4250 ὅπως

314 4278 474 4334 αὐτὸν
507 4276 732 4351 χριστὸν
767 4273 897 4330 ὅντα
924 4275 1124 4350 Κυρίου
1157 4274 1523 4353 ἐκακολόγουν
1575 4276 1627 4333 ἐν
1675 4281 1790 4341 τοῖς
1839 4277 1978 4352 πρὸς

313 4367 475 4422 αὐτὸν
527 4365 871 4442 γράμμασιν,
936 4362 1062 4420 οὐδὲ
1122 4366 1216 4439 μὲν
1265 4362 1489 4429 δικαίως
1540 4363 1761 4444 ἔχοντες
1819 4366 1975 4441 ἐπεγ⁸

315 4455 528 4528 καλεῖν,
566 4458 635 4529 τῇ
667 4451 712 4509 δ’
741 4451 1010 4529 ἐνεστώσῃ
1046 4451 1192 4531 τύχῃ
1232 4456 1377 4530 παρὰ
1424 4456 1486 4510 τὸ
1527 4454 1643 4512 δέον
1692 4458 1977 4534 χρώμενοι

315 4548 403 4602 καὶ
465 4541 829 4621 κυδρούμενοι
882 4541 976 4598 καί
1032 4547 1112 4615 τῷ
1171 4546 1405 4615 ήττῆσαι
1462 4547 1598 4601 κατὰ
1664 4545 1859 4623 κράτος
1914 4547 1975 4600 τὸ

318 4634 589 4710 πολέμιον
622 4634 957 4712 φυσώμενοι.
991 4631 1169 4696 Αὐτὸς
1199 4633 1302 4711 γὰρ
1334 4635 1362 4690 ὁ
1399 4633 1654 4710 βασιλεὺς
1715 4636 1976 4698 Ἰσαάκιος

317 4729 416 4797 τὴν
480 4724 759 4802 βασιλείαν
814 4722 935 4798 ἄρτι
994 4719 1351 4799 παραλαϐὼν,
1406 4720 1667 4799 πρέσϐεις
1723 4725 1975 4782 ἀποστεί-

2159 3477 2483 3544 Imperator
2520 3489 2676 3541 vero,
2709 3473 2854 3530 sella
2883 3490 3061 3530 aurea
3091 3483 3395 3550 occupata,
3448 3482 3506 3536 et
3572 3496 3737 3553 gem-

2083 3566 2237 3616 mata
2267 3577 2526 3633 purpura
2585 3562 2851 3633 indutus,
2902 3566 3051 3620 477
3105 3571 3423 3639 coactaque
3481 3570 3737 3626 maxima

2078 3648 2389 3705 hominum
2423 3650 2838 3720 frequentia,ut
2872 3669 2985 3707 non
3012 3654 3333 3725 peregrinis
3364 3658 3595 3711 tantum
3628 3660 3729 3713 sed

2078 3738 2358 3794 Romanis
2388 3737 2562 3794 etiam
2599 3740 2848 3796 maxime
2891 3741 3276 3798 formidabilis
3318 3750 3491 3814 esset,
3550 3744 3728 3801 Siculi

2078 3828 2370 3884 exercitus
2401 3828 2580 3884 duces
2607 3828 2962 3885 Balduinum
3014 3835 3070 3886 et
3125 3831 3477 3889 Riebardum
3518 3835 3729 3890 adduci

2072 3916 2577 3988 jubet.Qui,pileis
2609 3918 2917 3989 depositis,
2948 3918 3218 3977 servilem
3278 3920 3339 3976 in
3385 3924 3626 3979 modum
3660 3940 3727 3981 eo

2082 4007 2344 4074 adorato,
2376 4007 2561 4079 rogati
2594 4007 2667 4063 ab
2700 4024 2766 4063 eo
2797 4017 2937 4064 sunt
2960 4024 3065 4064 cur
3119 4026 3181 4066 se
3224 4016 3465 4067 unctum
3493 4014 3727 4069 Domini

2081 4098 2205 4154 suis
2237 4097 2448 4153 litteris
2478 4096 2746 4153 insectati
2794 4101 3012 4166 essent,
3046 4115 3180 4154 cum
3241 4099 3463 4156 nullam
3503 4102 3728 4171 justam

2082 4186 2507 4258 querimoniam
2533 4186 2835 4254 haberent,
2868 4191 3095 4243 tantum
3145 4189 3386 4245 fortuna!
3437 4192 3730 4246 successi-

2084 4276 2193 4331 bus
2226 4279 2283 4330 et
2312 4273 2549 4330 victoria
2578 4280 2781 4330 contra
2809 4274 3069 4331 officium
3102 4276 3311 4333 inﬂati.
3365 4278 3529 4347 Nam
3563 4283 3725 4335 Isaa-

2080 4364 2203 4420 cius
2233 4363 2479 4436 imperio
2501 4381 2700 4421 recens
2723 4370 3022 4437 suscepto,
3039 4383 3173 4423 cum
3198 4366 3539 4424 Latinorum
3563 4385 3725 4425 exer-

2080 4455 2232 4512 citus
2262 4456 2450 4512 adhuc
2482 4462 2636 4513 esset
2667 4458 2911 4531 integer,
2958 4476 3059 4530 per
3115 4458 3337 4533 legatos
3378 4460 3524 4518 nihil
3573 4463 3727 4535 quod

2079 4548 2147 4604 ad
2173 4548 2635 4626 pacificationem
2669 4550 2946 4607 attineret
2977 4567 3108 4607 cum
3168 4551 3418 4609 ducibus
3469 4552 3727 4610 hostium

2080 4640 2298 4710 egerat,
2332 4654 2520 4706 neque
2571 4639 2917 4697 muneribus
2967 4639 3167 4697 missis
3230 4657 3421 4714 neque
3482 4642 3726 4699 benevo-

2080 4727 2258 4784 lentia
2280 4727 2585 4784 simulata:
2611 4728 2711 4785 sed
2736 4730 3008 4801 quamvis
3031 4731 3251 4786 incerto
3279 4730 3471 4787 adhuc
3485 4747 3726 4787 suarum

318 4816 418 4880 λας
451 4812 530 4872 ἔτι
560 4821 662 4885 τῆς
705 4814 939 4884 Λατίνης
1000 4817 1257 4889 στρατιᾶς
1315 4814 1651 4885 συνεστώσης
1710 4813 1861 4871 οὐδέν
1920 4835 1972 4870 τι

2089 4834 2277 4874 rerum
2312 4822 2492 4886 statu,
2525 4833 2628 4889 pro
2660 4817 2906 4889 imperio
2936 4818 3239 4875 interitum
3288 4824 3347 4874 et
3382 4818 3730 4876 internecio-

314 4911 420 4964 τῶν
480 4905 615 4981 πρὸς
675 4901 984 4980 διαλλαγὴν
1042 4904 1310 4981 φερόντων
1396 4907 1517 4967 τοῖς
1573 4908 1967 4980 στρατηγοῦσιν

315 4995 554 5071 ἐλάλησε
617 5000 715 5051 τοῦ
773 4993 1013 5051 ἐναντίου
1075 4992 1501 5068 στρατεύματος,
1575 4996 1714 5068 μήτε
1766 4993 1969 5069 δώροις

311 5086 567 5164 ἀγάλλων
614 5086 744 5161 μήτ’
776 5082 984 5147 εὐνοίας
1046 5083 1392 5161 ὑπαγόμενος
1444 5083 1785 5158 πλάσμασιν,
1838 5082 1966 5140 ἀλλ’

309 5177 617 5238 ἐπιστείλας
674 5175 1051 5250 ἀρχικώτερον
1129 5173 1221 5230 καὶ
1306 5174 1503 5235 πάσαῐς
1594 5176 1689 5247 μὲν
1749 5174 1970 5244 αἰτίαις,

307 5272 437 5323 πᾶσι
471 5264 527 5323 δὲ
588 5264 809 5341 βάλλων
869 5263 1211 5340 ἐγκλήμασιν
1276 5259 1629 5339 ἐσοϐαρεύετο
1690 5264 1829 5339 πρὸς
1882 5262 1969 5319 ἄν·

311 5359 440 5436 δρας
460 5355 539 5416 ἔτι
570 5361 836 5420 νικῶντας
884 5357 1017 5412 κάπὶ
1072 5354 1200 5419 τοὺς
1249 5356 1452 5410 ἑαυτῶν
1499 5352 1672 5417 πόδας
1733 5354 1972 5418 τιθέντας

310 5452 449 5507 ’ἁπαν
481 5448 543 5504 τὸ
593 5446 645 5502 ἓν
697 5444 1022 5519 Ῥωμαίοις,
1067 5444 1159 5500 καὶ
1216 5444 1277 5500 τὸ
1339 5444 1546 5499 οἰκεῖον
1605 5445 1856 5517 ἀνυμνῶν
1897 5443 1972 5516 ξί-

314 5561 418 5618 φος
468 5538 556 5593 καί
612 5534 934 5611 μεγαλύνων
1003 5535 1079 5598 ὠς
1128 5535 1548 5609 τμηοικώτατον
1612 5530 1972 5604 διηπειλεῖτο,

315 5628 399 5706 ἐφ’
465 5631 549 5693 οἷς
610 5624 686 5684 ἔτι
762 5624 1102 5703 διηπορεῖτο,
1174 5623 1549 5701 ἐξολόθρευσιν
1643 5625 1820 5681 αὐτῶν
1885 5626 1975 5680 καὶ

316 5716 619 5791 ἀπώλειαν,
652 5717 697 5774 εἰ
742 5719 819 5792 μὴ
875 5711 1446 5794 μεταϐουλευσάμενοι
1495 5712 1843 5791 παλίμποδες
1888 5714 1976 5793 γέ-

2083 4923 2217 4963 nem
2249 4906 2333 4963 eis
2364 4907 2623 4963 minatus
2657 4907 2863 4975 fuerat,
2917 4908 3033 4963 nisi
3080 4908 3323 4963 mutatis
3369 4906 3631 4964 consiliis
3662 4926 3728 4965 eo

2082 4996 2341 5052 redirent
2388 5000 2543 5052 unde
2580 4995 2894 5051 venissent.
2947 4996 3165 5053 Verum
3222 4997 3539 5054 Balduinus
3597 5014 3730 5055 cum

2083 5085 2302 5159 alioqui
2338 5087 2517 5154 ferox,
2553 5088 2615 5140 ut
2646 5102 2737 5141 res
2795 5085 3128 5154 declaravit,
3182 5091 3301 5143 tum
3353 5088 3731 5145 successibus

2085 5176 2229 5232 utris
2262 5177 2449 5232 instar
2478 5175 2739 5242 inﬂatus,
2772 5174 2841 5230 its
2873 5174 3084 5230 litteris
3135 5177 3403 5233 irritatus
3454 5176 3727 5234 insolenti

2086 5280 2364 5336 responso
2395 5262 2653 5335 gladium
2696 5264 3064 5336 imperatoris
3120 5266 3274 5322 478
3332 5267 3613 5325 irridebat
3666 5275 3732 5325 ut

2087 5353 2144 5410 in
2176 5354 2511 5410 effeminata
2541 5369 2784 5425 corpora
2818 5361 3054 5410 acutum
3086 5354 3319 5426 (quibus
3371 5356 3565 5413 verbis
3622 5358 3730 5414 Ha-

2084 5442 2650 5516 giochristophoritaa
2730 5442 2944 5498 caedem
3036 5443 3361 5518 innuebat),
3419 5451 3476 5502 et
3546 5446 3737 5519 ipsum

2085 5532 2371 5590 Isaacium
2402 5536 2465 5588 ut
2496 5532 2794 5588 imbellem
2831 5533 3255 5604 subsannabat,
3289 5535 3387 5608 qui
3435 5552 3740 5610 nunquam

2087 5622 2197 5680 sub
2225 5622 2320 5679 dio
2349 5623 2408 5679 in
2468 5622 2669 5696 clypeo
2739 5624 3098 5695 dormiisset,
3152 5639 3455 5697 nunquam
3511 5625 3740 5700 galeam

2088 5712 2488 5785 sustinuisset,
2522 5729 2711 5785 neque
2740 5713 2992 5771 thoracis
3032 5713 3233 5772 sordes
3280 5713 3603 5787 tolerasset,
3635 5717 3739 5774 sed
