4102 6426
249 363 260 372 “
286 387 411 449 727

1589 382 1906 446 NICETJE
1951 382 2387 446 CHONIATE

3593 385 3715 452 728

290 525 454 582 fumo
476 523 950 582 lucubrationum
971 524 1256 593 sorderet,
1279 541 1312 580 a
1331 521 1549 579 teneris
1579 521 1748 578 annis
1767 519 1941 576 ludos

2058 537 2255 574 νωνται
2287 521 2406 585 ὃθεν
2469 519 2710 598 ἐξῄεσαν.
2779 525 2842 582 Ὀ
2911 521 2968 580 δὲ
3033 522 3356 587 Ἀλδουῖνος
3425 523 3712 605 ἀγέρωχος

292 618 664 690 frequentare
686 617 987 682 solitue,et
1012 619 1410 673 membranam
1432 613 1703 670 tabellam
1730 618 1786 667 et
1815 629 1940 684 gra-

293 707 502 778 phium
525 711 750 773 tenens,
768 707 1014 762 subinde
1029 707 1251 776 virgam
1265 710 1320 760 et
1336 703 1610 759 manibus
1643 702 1945 758 etnatibus

293 797 700 853 imminentem
735 795 1013 863 timuerit,
1039 797 1284 866 ejusque
1329 793 1512 849 solius
1553 792 1856 862 strepitum
1889 794 1947 846 et

297 885 522 941 noverit
541 889 598 940 et
621 883 906 951 maluerit,
935 885 1034 939 sed
1063 883 1261 938 Martis
1307 883 1496 938 minas
1529 895 1832 952 nunquam
1856 884 1947 936 to-

293 972 706 1044 lerarit,neque
729 988 985 1044 unquam
1010 971 1270 1027 sonitum
1293 969 1623 1041 iaculorum
1638 969 1944 1025 audiverit.

293 1063 489 1133 Neque
511 1079 641 1120 vero
664 1061 784 1118 hac
807 1061 1062 1117 ludibria
1080 1062 1364 1117 duntaxat
1392 1060 1707 1130 scribebat,
1722 1061 1816 1115 sed
1841 1061 1942 1114 ad-

295 1155 674 1210 monitionem
707 1169 938 1226 quoque
997 1153 1411 1226 subjungebat,
1457 1161 1510 1209 et
1565 1169 1698 1208 cum
1758 1151 1946 1210 hostis

293 1251 467 1313 esset,
495 1243 1051 1301 consiliariimunus
1067 1243 1318 1312 subibat,
1345 1241 1746 1314 suadebatque
1761 1243 1942 1298 ntim-

289 1335 642 1408 peratoriam
666 1349 943 1390 coronam
971 1339 1296 1406 caeteraque
1319 1333 1518 1389 omnia
1540 1333 1769 1404 imperii
1807 1331 1948 1388 insi-

289 1425 429 1499 gnia
445 1425 780 1496 deponeret,
812 1439 998 1496 eaque
1011 1424 1315 1495 potentiori
1333 1429 1391 1480 et
1415 1423 1615 1480 victori
1634 1423 1946 1496 diligenter

288 1519 620 1572 asservaret
641 1514 878 1584 (quibus
893 1513 1082 1569 verbis
1097 1513 1402 1570 dominum
1423 1529 1595 1569 suum
1615 1514 1715 1568 inn
1727 1511 1941 1585 nebat),

289 1617 345 1665 et
367 1607 552 1663 multo
579 1612 714 1662 ante
736 1605 984 1678 supplex
1005 1607 1076 1661 de
1092 1609 1210 1662 vita
1230 1605 1596 1678 impetranda
1629 1603 1942 1670 laboraret,

291 1713 357 1752 ac
377 1695 528 1752 419
562 1695 655 1751 bis
672 1694 743 1751 de
768 1694 962 1751 causis
993 1696 1384 1766 imperatoria
1431 1694 1722 1765 judicium
1757 1693 1940 1748 addu-

289 1785 672 1852 cebatduces,
699 1784 1036 1840 Davidicum
1063 1784 1206 1840 illud
1231 1801 1346 1840 non
1399 1784 1590 1842 ferens
1615 1801 1629 1840 :
1654 1806 1683 1834 «
1719 1783 1945 1856 Lingua

2055 605 2130 661 ὢν
2161 609 2253 664 καὶ
2282 607 2490 674 ἂιιλως.
2525 613 2600 676 ὡς
2645 609 2834 684 ἒδειξε,
2888 615 3013 670 τότε
3063 613 3120 670 δὲ
3167 615 3253 669 καὶ
3304 620 3426 678 ταῖς
3483 615 3708 670 ἐνεστώ-

2054 719 2174 760 σαις
2239 700 2436 781 τύχαις
2487 703 2562 768 ὡς
2617 702 2780 766 ἀσκὸς
2852 702 3252 777 ἐξοιδούμενος,
3315 705 3416 760 οὐκ
3478 703 3710 780 ἐνεγκὼν

2053 789 2121 843 τὰ
2151 787 2520 865 ἐπεσταλμένα
2557 788 2840 866 ἀμείϐεται
2892 795 2984 849 τὸν
3048 795 3278 870 βασιλέα
3317 792 3507 870 λόγοις
3565 816 3710 869 κομ-

2053 880 2354 953 ψευτικοῖς.
2413 883 2489 940 Τό
2539 903 2597 938 τε
2643 885 2749 958 γὰρ
2795 883 2947 962 ξίφος
2992 883 3160 940 αὑτοῦ
3206 881 3573 958 ἐκωμῷδησεν
3631 885 3708 948 ὡς

2055 970 2430 1048 σκιατραφέσιν
2466 971 2788 1046 ὀξυνόμενον
2830 974 3078 1047 σώμασιν
3136 972 3484 1049 (ὑπῃνίττετο
3534 971 3592 1029 δὲ
3641 973 3708 1029 τὰ

2052 1060 2366 1136 γραφόμενα
2436 1062 2528 1117 τὸν
2603 1065 2702 1118 τοῦ
2769 1061 3354 1140 Ἀγιοχριστοφορίτου
3417 1065 3505 1136 [Ρ.
3574 1065 3704 1138 235]

2056 1150 2324 1223 θάνατον),
2363 1151 2452 1206 καὶ
2487 1151 2648 1208 αὑτὸν
2683 1150 2740 1210 δὲ
2783 1155 2878 1210 τὸν
2929 1155 3193 1212 Ἰσαάκιον
3251 1153 3325 1215 ὡς
3383 1153 3707 1228 ἀπάλαμνον

2054 1236 2330 1314 ἐμωκᾶτοο
2375 1239 2518 1314 μηδὲ
2570 1243 2676 1318 γὰρ
2733 1244 3074 1318 θυραυλῆσαί
3130 1263 3262 1299 ποτε
3315 1243 3406 1298 καὶ
3463 1241 3548 1298 ἐπὶ
3609 1254 3706 1308 θυ-

2055 1335 2190 1406 ρεῶν
2263 1331 2578 1402 εὖνασθῆναι
2653 1335 2690 1402 ἢ
2766 1337 2896 1408 γοῦν
2999 1331 3296 1408 μαρὺλλης
3382 1331 3707 1408 ἀνασχέσθαι

2053 1419 2286 1495 κράνους
2341 1421 2432 1476 καὶ
2507 1420 2798 1498 ὑπενέγκαι
2871 1421 3161 1496 μολυσμὸν
3223 1423 3494 1497 θώρακος,
3563 1421 3711 1476 ἀλλὰ

2053 1515 2244 1582 καπνῷ
2319 1509 2667 1586 γραμμάτων
2734 1513 3093 1586 προσανέχειν
3161 1511 3216 1572 ἐς
3281 1513 3708 1587 γραμματιστοῦ

2053 1596 2328 1672 φοιτῶντα
2359 1597 2412 1669 ἐξ
2451 1598 2674 1654 ἁπαλῶν
2733 1595 2814 1655 ἔτι
2872 1599 3090 1676 ὀνύχων
3147 1601 3236 1655 καὶ
3299 1597 3478 1675 δέῤῥιν
3533 1601 3704 1674 ἐξημο

2057 1687 2240 1762 μένον,
2316 1685 2622 1743 πινακίδιον
2695 1709 2756 1744 τε
2827 1691 2919 1744 καὶ
2993 1695 3254 1767 γραφεῖον
3328 1689 3428 1746 ἀνά
3515 1695 3706 1770 χεῖρας

2050 1769 2252 1853 ἔχοντα
2297 1779 2399 1848 τήν
2471 1778 2745 1849 σκυτάλην
2801 1779 2977 1854 συχνὰ
3014 1773 3418 1836 ὑποϐλέπεσθαι
3481 1769 3712 1858 καταφε-

289 1880 491 1932 nostra
521 1889 702 1946 penes
737 1889 842 1930 nos
862 1877 952 1930 est
977 1873 1146 1945 :quis
1177 1874 1454 1930 dominus
1501 1880 1700 1930 noster
1745 1872 1880 1930 est?
1914 1893 1942 1922 »

2058 1867 2294 1943 ρομένην
2320 1871 2428 1922 τῶν
2457 1872 2660 1943 χειρῶν
2694 1867 2864 1922 αὑτοῦ
2891 1869 2984 1922 καὶ
3023 1872 3130 1923 τῶν
3161 1872 3374 1946 πυγῶν,
3428 1869 3518 1924 καὶ
3565 1870 3706 1924 ταὺ-

2276 1955 2289 1970 ,
2475 1953 2554 1970 με.
2769 1958 2782 1970 .
2851 1953 2876 1970 κ
2914 1954 2939 1970 κ
2983 1956 2994 1970 .
3219 1957 3232 1970 .
3447 1955 3504 1970 ς.

289 1965 358 2020 Et
379 1962 598 2036 scripta
617 1961 717 2018 illa
741 1961 1254 2036 ultimojsupplicio
1269 1962 1797 2019 multabat.Verum
1813 1961 1911 2018 Bal
1927 1993 1942 2004 -

287 2053 595 2120 duinus,ut
616 2050 891 2109 secundis
915 2051 1088 2107 rebus
1107 2052 1179 2108 ad
1202 2053 1638 2124 objurgaudum
1672 2057 1936 2123 paratus,

287 2139 373 2197 sic
396 2145 626 2197 mutata
649 2141 885 2196 fortuna
907 2138 1178 2196 adulandi
1201 2140 1375 2196 etiam
1405 2156 1678 2196 summus
1715 2139 1942 2212 artifex,

289 2245 411 2300 quia
443 2245 537 2286 res
567 2229 768 2286 omnia
803 2245 989 2298 arma,
1023 2243 1230 2285 omnes
1260 2228 1565 2284 machinas
1596 2230 1713 2284 fere
1744 2229 1942 2298 vincit,

292 2319 666 2392 imperatoris
687 2317 1055 2374 iracundiam
1087 2317 1315 2389 depulit
1371 2323 1428 2374 et
1483 2317 1943 2385 indignationem

294 2409 602 2482 mitigavit,
633 2407 894 2481 gladium
927 2408 1057 2479 ejus
1087 2413 1152 2463 ut
1181 2423 1415 2462 summo
1458 2407 1699 2479 imperio
1721 2406 1944 2480 dignis-

291 2500 510 2558 simum
542 2507 594 2554 et
626 2497 918 2570 exquisita
946 2496 1071 2554 acie
1129 2497 1436 2568 praeditum
1499 2495 1856 2563 extollendo,
1890 2501 1946 2552 et

296 2605 425 2662 qua
456 2587 810 2662 scripsisset,
855 2603 969 2643 non
1025 2585 1178 2642 levia
1233 2589 1292 2643 et
1348 2587 1548 2642 inania
1600 2587 1795 2652 verba,
1839 2585 1946 2641 sed

287 2680 538 2737 veritate
569 2677 811 2735 sull‘ulta
842 2683 900 2734 et
929 2693 1110 2734 manu
1161 2676 1264 2733 Dei
1319 2675 1560 2734 omnino
1602 2675 1947 2750 consignata

288 2770 472 2827 fuisse
501 2769 873 2826 afﬁrmando.
914 2767 1108 2841 Neque
1137 2783 1272 2824 vero
1333 2782 1416 2835 se,
1479 2767 1634 2840 quod
1675 2765 1948 2822 acerbius

287 2859 709 2932 rescripsisset,
773 2861 1081 2930 propterea
1143 2858 1640 2914 contemnendum
1691 2855 1946 2926 judicari

287 2948 492 3006 orabat
525 2965 539 3004 :
573 2965 710 3004 nam
743 2947 958 3004 hostile
985 2947 1186 3003 odium
1211 2947 1348 3018 jure
1379 2951 1600 3002 natura!
1655 2945 1817 3002 omni
1846 2963 1950 3001 va-

284 3055 415 3095 care
446 3037 712 3094 crimine.

2054 1977 2156 2026 της
2219 1955 2394 2030 μόνης
2445 1953 2638 2012 εἰδέναι
2697 1958 2785 2013 καὶ
2849 1953 3081 2012 δεδιέναι
3145 1957 3236 2012 καὶ
3275 1955 3712 2034 κροταλίσματα,

2054 2044 2288 2118 ἀπειλὴν
2345 2043 2392 2100 δ’
2448 2047 2647 2122 Ἀρεος
2700 2046 3022 2126 ὑφίστασθαι
3067 2043 3360 2120 μηδαμῶς,
3405 2047 3547 2121 μηδὲ
3585 2044 3712 2103 δοῦ-

2051 2157 2154 2191 πον
2212 2135 2450 2192 ἀκόντων
2497 2135 2844 2211 ἐνηχηθῆναί
2882 2156 3038 2192 ποτε.
3107 2134 3184 2193 Οὐ
3223 2139 3390 2191 ταῦτα
3430 2134 3489 2192 δὲ
3548 2138 3714 2211 μόνον

2055 2224 2428 2301 ἐπικερτομῶν
2485 2219 2736 2304 ἔγραφεν,
2783 2221 2931 2281 ἀλλὰ
2984 2224 3076 2280 καὶ
3131 2223 3466 2304 παραίφασιν
3525 2226 3716 2302 εῗσῆγε

2053 2315 2146 2369 καὶ
2207 2313 2406 2390 ἐχθρὸς
2479 2311 2552 2368 ὢν
2623 2311 2964 2392 σομφάδμων
3029 2313 3254 2389 ἐγίνετο,
3331 2315 3423 2370 καὶ
3498 2313 3712 2390 ἐνῆγεν,

2056 2401 2391 2478 ἀποθέμενον
2445 2403 2509 2458 τὸ
2569 2401 2852 2478 βασίλειον
2897 2403 3223 2481 στεφάνωμα
3269 2404 3362 2458 καὶ
3417 2405 3487 2459 τὰ
3539 2403 3715 2461 λοιπὰ

2055 2491 2152 2559 τῆς
2173 2493 2357 2568 ἀρχῆς
2403 2487 2818 2564 ἀποϐαλόμενον
2869 2491 2960 2546 καὶ
3010 2493 3394 2566 συμπτύξαντα
3441 2495 3512 2550 τὰ
3568 2493 3712 2568 σύμ-

2055 2577 2198 2638 ϐολα
2225 2581 2432 2636 τούτων
2470 2581 2563 2655 μὲν
2603 2581 2930 2650 ὑπεκστῆναι
2977 2581 3069 2637 καὶ
3118 2587 3308 2656 τηρεῖν
3358 2587 3439 2656 τῷ
3486 2589 3710 2640 νικῶντι

2054 2671 2146 2727 καὶ
2184 2671 2480 2748 κρείττονι,
2549 2671 2641 2726 τὸν
2705 2669 2898 2726 ἑαυτοῦ
2963 2671 3152 2746 κύριον
3221 2673 3370 2728 οὕτω
3413 2673 3508 2730 τὸν
3567 2675 3711 2752 ῥῆγα

2057 2760 2256 2838 λέγων,
2287 2760 2452 2817 αὑτὸν
2483 2757 2541 2817 δὲ
2595 2761 2884 2816 ὑποπεσεῖν
2940 2761 3032 2817 καὶ
3079 2761 3206 2840 περὶ
3257 2767 3356 2819 τοῦ
3406 2764 3568 2838 μόνον
3613 2767 3710 2838 ζῇν

2059 2849 2498 2908 ἐπανατείνεσθαι
2543 2847 2753 2921 δέησιν.
2787 2844 2904 2906 ’Καὶ
2957 2851 3218 2926 βασιλεὺς
3265 2853 3362 2928 μὲν
3412 2851 3502 2909 διὰ
3545 2857 3711 2909 ταῦτα

2060 2941 2149 2996 ὑπ’
2191 2938 2417 3007 εὐθύνην
2467 2939 2575 3016 ἦγε
2621 2939 2748 2996 τότε
2794 2940 2930 3003 τοὺς
2979 2942 3345 3018 στρατηγοὺς,
3397 2943 3473 3014 μή
3533 2939 3708 3021 φέρων

2056 3031 2120 3085 τὸ
2149 3033 2246 3084 τοῦ
2296 3023 2463 3084 Δαϐὶδ
2510 3027 2648 3083 κατά
2693 3031 2844 3097 νοῦν,
2904 3054 2933 3082 ι(
2971 3030 3039 3088 Ἦ
3094 3028 3316 3108 γλῶσσα
3370 3032 3534 3103 ἡμῶν
3583 3029 3710 3104 παρ’

283 3129 425 3201 ἡμῖν
459 3125 598 3182 ἐστι·
628 3124 714 3189 τίς
773 3127 936 3197 ἡμῶν
993 3123 1182 3199 κύριός
1235 3123 1386 3192 ἐστι;
1420 3147 1449 3176 ››
1508 3124 1600 3179 καὶ
1655 3123 1885 3178 θανατου
1943 3119 2108 3193 ἔτίμα
2167 3119 2234 3174 τὰ
2289 3120 2664 3196 γεγραμμένα.
2724 3121 2786 3179 ⁴Ο
2843 3117 2902 3176 δὲ
2957 3117 3277 3182 Ἀλδουῖνος
3334 3119 3434 3174 οὑκ
3486 3120 3553 3189 ἦν
3610 3117 3713 3194 ἂρα

284 3215 450 3288 μόνον
501 3211 670 3276 δεινὸς
727 3211 1047 3283 ἐπιπλῆξαι,
1114 3214 1214 3282 τήν
1267 3211 1450 3286 τύχην
1511 3207 1592 3266 ἔτι
1651 3207 1796 3286 ἔχων
1861 3205 2448 3288 ὑπερηφανευομένην,
2505 3208 2652 3265 ἀλλᾶ
2709 3209 2800 3266 καὶ
2855 3208 3170 3266 κολακεύειν
3229 3210 3442 3282 ἤσκητο
3509 3207 3712 3285 ἃκρως,

285 3303 425 3377 πρὸς
453 3303 483 3357 ’ὀ
518 3303 688 3374 μόνον
721 3305 824 3357 πᾶν
859 3299 1030 3357 ὅπλον
1083 3301 1174 3356 καὶ
1241 3306 1386 3356 πᾶσα
1435 3298 1634 3374 μικροῦ
1686 3300 1920 3374 μηχανὴ
1981 3300 2219 3374 πέφυκεν
2285 3297 2678 3374 ἀσθενέστερον,
2729 3297 2782 3354 ἐν
2839 3301 2924 3362 οἷς
2991 3295 3361 3361 ἀπολελοιπὸς
3417 3297 3487 3367 ἦν
3547 3297 3709 3353 αὑτὸν

289 3393 354 3448 τὸ
417 3389 776 3465 εὑδαιμονεῖν’
835 3391 1116 3466 ἐξέκρουσε
1171 3389 1274 3467 γὰρ
1331 3397 1432 3460 τῆς
1501 3391 1676 3465 ὀργῆς
1733 3389 1822 3444 καὶ
1870 3385 2142 3460 καθήδυνε
2195 3389 2288 3444 τὸν
2359 3386 2592 3464 βασιλέα
2659 3388 3120 3462 ὑποσκυζόμενον,
3185 3388 3247 3444 τὸ
3313 3388 3467 3466 ξίφος
3551 3385 3714 3442 αὑτοῦ

296 3483 610 3560 μεγεθύνειν
642 3481 941 3558 ἀρξάμενος
971 3483 1046 3545 ὡς
1097 3479 1382 3559 βασιλικὸν
1430 3477 1601 3544 ὅντως
1639 3480 1731 3536 καὶ
1771 3501 2070 3554 τμητικον,
2109 3479 2201 3534 καὶ
2261 3481 2338 3553 μὴ
2400 3479 2779 3558 κουφολογίαν
2841 3481 3124 3551 ἀνόνητον,
3186 3477 3406 3556 ῥήματα
3461 3475 3520 3534 δὲ
3577 3476 3716 3548 ἀλη-

291 3572 436 3636 θείας
493 3573 632 3628 εἶναι
683 3573 750 3629 τὰ
808 3573 954 3647 παρὰ
1014 3577 1114 3628 τοῦ
1186 3569 1458 3648 βασιλέως
1521 3571 1791 3648 γραφέντα
1857 3567 2142 3626 διετείνετο
2197 3570 2290 3624 καὶ
2347 3569 2592 3646 ἀτεχνῶς
2648 3568 3049 3643 ἐνσημανθέντα
3103 3569 3252 3645 χειρὶ
3317 3572 3470 3624 Θεοῦ.
3531 3567 3710 3626 Ἀλλά

297 3662 390 3718 καὶ
447 3663 635 3718 ἑαυτὸν
696 3662 797 3718 οὐκ
851 3657 1172 3733 ἀπόϐλητον
1228 3659 1403 3717 ἐδεῖτο
1459 3661 1737 3739 ἡγεῖσθαι,
1797 3658 1846 3715 εἴ
1899 3657 2200 3734 δριμύτερα
2272 3657 2584 3715 ἐπέστελλεο
2662 3659 2725 3716 τὸ
2797 3658 2902 3736 γὰρ
2985 3657 3046 3714 ἐκ
3098 3663 3208 3714 τῶν
3267 3655 3481 3733 ἐχθρῶν
3555 3659 3718 3730 μῖσος

296 3752 388 3808 καὶ
415 3754 450 3822 ἡ
484 3751 642 3826 φύσις
672 3750 812 3808 οἶδεν
841 3751 1194 3830 ἀνέγκλητον.

370 3843 424 3899 4.
455 3843 542 3900 Ad
569 3860 640 3900 ea
667 3845 842 3901 verba
899 3843 1180 3901 conticuit
1233 3844 1576 3916 imperator,
1635 3842 1793 3899 haud
1835 3842 1948 3898 scic

2141 3835 2187 3892 δ’
2222 3836 2364 3914 Ηρᾶς
2441 3837 2578 3914 ἅπερ
2653 3839 3009 3910 ἀπεσιώπησε
3083 3835 3366 3914 βασιλεὺς,
3429 3835 3598 3912 μηδέν
3671 3858 3728 3892 τι

298 3949 372 3988 an
431 3932 768 3988 adulatione
825 3933 1221 4000 effeminatus,
1281 3949 1353 3987 an
1407 3948 1544 3988 vero
1619 3931 1948 3988 defensione

2063 3929 2322 4002 προσθεὶς
2350 3925 2558 4002 ἕτερον,
2593 3929 2695 3984 οὑκ
2721 3927 2827 3984 οἶδ’
2872 3927 2981 3984 εἴτε
3027 3931 3097 4002 τῇ
3145 3925 3412 3999 κολακείᾳ
3461 3925 3730 3998 ἐκθηλῦν-

292 4025 498 4104 motus
533 4038 547 4090 ;
578 4025 636 4078 et
677 4021 798 4078 illis
854 4021 915 4078 in
973 4022 1243 4078 eamdem
1302 4021 1631 4078 custodiam
1679 4023 1948 4088 reductis,

2064 4017 2176 4078 θεὶς
2210 4014 2323 4071 εἷ’τε
2349 4021 2418 4092 τῇ
2453 4017 2791 4094 ὑπερηγορίᾳ
2820 4015 3217 4080 καταπεισθείς.
3261 4015 3368 4072 Καὶ
3404 4013 3571 4104 ,αὑτοὶ
3627 4015 3724 4088 μὶν

299 4099 432 4170 aliis
465 4111 638 4168 rebus
669 4115 1012 4184 occupatus,
1044 4112 1116 4168 iis
1149 4111 1248 4185 qui
1292 4113 1540 4167 aderant
1595 4112 1869 4168 omnibus
1901 4115 1948 4167 el

2064 4105 2267 4170 ἐκεῖθεν
2331 4105 2653 4178 ἐξήλθοσαν,
2709 4106 2802 4162 καὶ
2860 4105 3146 4182 γεγόνασιν
3198 4106 3351 4171 αὗθις
3399 4099 3724 4182 ἔμφρουρον

298 4201 374 4258 iis
406 4201 507 4274 qui
533 4201 775 4258 aberant
807 4207 926 4258 tam
976 4200 1205 4258 civibus
1270 4217 1445 4273 quam
1501 4201 1824 4274 peregrinis
1853 4201 1955 4256 de-

299 4290 522 4347 clarare
549 4290 804 4347 instituit
833 4307 896 4348 se
927 4291 999 4347 ab
1031 4307 1097 4347 eo
1129 4290 1247 4358 die,
1291 4291 1556 4362 quamvis
1617 4291 1955 4346 mortalium

301 4380 566 4436 omnium
589 4379 1040 4436 inimicissimus
1071 4379 1149 4436 sit
1179 4396 1407 4452 suoque
1439 4381 1684 4452 imperio
1740 4385 1798 4436 et
1826 4379 1955 4436 vitae

299 4468 976 4535 insidietur,occisurum
1000 4474 1102 4524 aut
1132 4471 1540 4525 mutilaturum
1591 4485 1720 4526 esse
1781 4471 1958 4526 nemi-

301 4573 457 4615 nem.
489 4557 645 4615 480
674 4559 754 4614 Ac
782 4557 822 4612 ii
857 4559 955 4630 qui
997 4563 1122 4613 tum
1184 4559 1242 4614 in
1301 4559 1546 4616 consilio
1596 4560 1859 4627 aderant,
1889 4575 1958 4614 ea

299 4647 471 4704 verba
492 4653 557 4704 ut
578 4647 863 4704 divinitus
886 4645 1110 4718 prolata
1131 4647 1384 4702 summis
1405 4646 1684 4704 laudibus
1715 4657 1768 4704 et
1814 4648 1958 4704 laetis

302 4736 826 4795 acclamationibus
858 4741 1000 4792 sunt
1031 4735 1579 4808 prosecuti.0mnes
1609 4739 1680 4794 ad
1706 4753 1954 4808 quorum

299 4843 472 4884 aures
503 4844 572 4884 ea
601 4828 864 4898 pervenit
893 4827 1099 4894 oratio,
1134 4825 1479 4882 dilficultate
1532 4827 1660 4898 ejus
1694 4829 1770 4882 rei
1815 4845 1957 4884 con-

303 4915 576 4983 siderata,
636 4921 694 4972 et
749 4914 976 4988 ingenti
1033 4915 1488 4972 mansuetudine
1548 4915 1954 4987 obstupefacti,

303 5003 638 5060 absolutum
699 5003 800 5060 Dei
860 5005 1080 5060 donum
1137 5004 1553 5076 imperatorem
1610 5004 1780 5060 illum
1827 5021 1956 5062 esse

303 5093 696 5149 affirmat-unt.
729 5093 929 5164 Neque
959 5093 1114 5150 enim
1151 5111 1324 5166 posse
1353 5111 1738 5168 quemquam,
1771 5095 1955 5168 impe-

2069 4193 2328 4272 βασιλεὺς
2395 4193 2442 4252 δ’
2499 4195 2707 4272 ἑτέραις
2767 4198 3033 4276 προσχὼν
3091 4195 3374 4260 ὑποθέσεσι
3429 4195 3726 4270 προσέθετο

2063 4289 2154 4346 καὶ
2219 4294 2335 4353 τοῖς
2386 4293 2620 4364 παροῦσι
2668 4286 3160 4366 διατρανώσασθαι,
3202 4287 3294 4344 καὶ
3342 4293 3462 4352 τοῖς
3500 4285 3724 4350 λοιποῖς

2065 4376 2122 4436 δὲ
2159 4383 2320 4435 πᾶσιν
2351 4381 2609 4444 ἀστοκοῖς
2639 4380 2731 4435 καὶ
2757 4379 3018 4442 ἀλλοίοις
3069 4377 3171 4435 οὑκ
3218 4379 3352 4435 εἶναι
3401 4377 3548 4439 ὅλως
3595 4378 3730 4450 ἀνή-

2063 4490 2194 4525 κοον
2223 4465 2440 4538 ἤθελεν,
2473 4469 2550 4532 ὡς
2609 4468 2717 4525 ἀπὸ
2761 4475 2862 4539 τῆς
2907 4470 3120 4546 ἡμέρας
3169 4467 3376 4539 ἐκείνης
3429 4465 3622 4523 οὐδένα
3673 4465 3730 4529 ἐς

2063 4558 2127 4614 τὸ
2167 4563 2328 4632 σῶμα
2368 4553 2796 4630 διαλωϐήσεται,
2848 4557 2946 4615 κᾶν
3079 4579 3165 4620 τις
3210 4555 3419 4633 ἀνδρῶν
3469 4554 3725 4632 ἔχθιστος

2063 4649 2156 4704 καὶ
2187 4651 2255 4721 τῇ
2296 4647 2462 4704 αὐτοῦ
2511 4648 2672 4725 βιοτῇ
2714 4649 2806 4706 καὶ
2859 4646 3112 4724 βασιλείᾳ
3157 4641 3530 4704 ἐπιϐουλεύων
3575 4645 3718 4718 ἀλῶ.

2065 4737 2164 4792 Καὶ
2197 4737 2248 4792 οἱ
2283 4737 2379 4810 μὲν
2405 4738 2470 4794 τὸ
2503 4735 2792 4814 βασιλικὸν
2827 4738 2983 4814 βῆμα
3009 4737 3136 4794 τότε
3163 4735 3508 4811 πληροῦντες
3565 4737 3725 4791 ἐπευ-

2065 4829 2327 4908 φήμησαν
2367 4832 2482 4890 τοῖς
2512 4825 2924 4901 λελαλημένοις
2954 4827 3172 4891 τούτοις
3215 4827 3302 4883 καὶ
3355 4825 3722 4905 ἐπερρόθησαν

2067 4917 2142 4980 ὡς
2179 4921 2377 4992 μικροῦ
2405 4924 2594 4994 φωνῆς
2620 4916 2922 4988 ἀκηκοότες
2951 4923 3108 4988 Θεοῦ,
3142 4917 3233 4973 καὶ
3274 4921 3380 4979 πᾶς
3429 4915 3480 4972 ἐν
3494 4915 3724 4992 ηχηθεὶς

2063 5007 2127 5062 τὸ
2167 5007 2319 5082 ῥῆμα
2367 5006 2520 5062 τουτὶ
2583 5004 2819 5084 δώρημα
2877 5012 3013 5064 Θεοῦ
3060 5008 3152 5064 τὸν
3223 5003 3455 5082 βασιλέα
3513 5003 3724 5062 τέλειον

2063 5095 2235 5174 ἔλεγε,
2277 5097 2414 5172 πρὸς
2470 5099 2570 5169 τὴν
2621 5103 2720 5154 τοῦ
2773 5097 3199 5176 ἒπηγγελμένου
3255 5092 3518 5174 ἐργωδίαν
3575 5096 3713 5168 ὁρῶν

303 5189 552 5237 ratorem
579 5183 928 5254 praesertim,
963 5183 1400 5256 improbitatem
1442 5189 1665 5240 naturae
1699 5185 1948 5243 inemen-

2063 5187 2248 5286 X'k‘t‘rt‘)
2277 5193 2377 5256 τῆς
2403 5188 2489 5262 [Ρ.
2522 5189 2649 5262 236]
2679 5189 2996 5264 πραότητος
3051 5185 3197 5243 πολὺ
3247 5185 3714 5286 ἐκπληττόμενος.

302 5271 556 5329 debilem
591 5272 856 5344 tolerare,
886 5279 988 5329 aut
1021 5276 1170 5331 ferre
1208 5275 1563 5331 desertorem
1621 5281 1680 5332 et
1725 5277 1958 5350 imperii

299 5361 790 5431 vastatorem,etsi
821 5362 1094 5419 Davidica
1125 5362 1342 5420 virtute
1386 5365 1466 5421 sit
1523 5367 1824 5438 praeditus,
1856 5367 1957 5439 qui

303 5451 524 5507 malum
561 5449 716 5505 malo
749 5468 860 5506 non
905 5456 1111 5523 penset
1171 5459 1274 5508 aut
1333 5452 1680 5524 periculosis
1737 5459 1955 5528 tempo-

303 5539 467 5595 ribus
498 5543 669 5592 canat
704 5555 716 5593 :
756 5561 786 5590 «
809 5540 1334 5598 Circumdederunt
1363 5559 1457 5597 me
1485 5549 1550 5599 ut
1575 5560 1713 5610 apes
1737 5544 1957 5612 favum,

303 5645 410 5701 ego
435 5640 572 5682 vero
603 5627 839 5686 nomine
896 5627 1132 5684 Domini
1175 5646 1274 5685 eos
1335 5632 1690 5702 prepulsavi.
1724 5653 1754 5684 »
1787 5635 1960 5690 Caete-

302 5731 432 5772 rum
459 5714 588 5784 ipse
615 5710 928 5788 imperator
953 5717 1108 5774 brevi
1134 5723 1334 5790 postea
1363 5719 1480 5792 egit
1501 5735 1629 5792 quas
1659 5736 1795 5778 cum
1827 5721 1955 5792 ejus

2073 5270 2215 5348 μηδὲ
2268 5273 2372 5351 γὰρ
2414 5273 2604 5345 ἐξεῖναί
2674 5297 2803 5347 τινι,
2871 5276 2961 5331 καὶ
3031 5275 3270 5348 μάλιστα
3343 5270 3718 5350 βασιλεύοντι,

2064 5367 2376 5442 μοχθηρίαν
2409 5367 2622 5447 φύσεως
2655 5368 2834 5441 φέρειν
2867 5368 3132 5439 ἀκίνητον
3169 5367 3308 5444 πρὸς
3357 5367 3424 5424 τὰ
3471 5371 3722 5441 κρεῖττον

2058 5457 2094 5526 ἢ
2147 5453 2566 5530 δυσμετάθετον,
2633 5455 2670 5527 ἤ
2739 5457 2940 5532 στέγειν
3007 5459 3290 5533 ἄνθρωπον
3358 5455 3722 5513 ἀποστατικὸν

2058 5544 2149 5600 καὶ
2191 5544 2526 5620 λῃστεύοντα
2566 5548 2666 5617 τήν
2717 5545 2920 5622 ἀρχὴν,
2977 5549 3074 5601 κᾶν
3117 5547 3316 5619 ἀρετῆς
3363 5551 3722 5622 μεταποιοῖτο

2063 5633 2301 5706 μάλιστα
2338 5635 2431 5691 καὶ
2465 5637 2600 5709 μετά
2629 5621 2799 5692 Δαϐὶδ
2829 5635 2932 5690 οὐκ
2962 5633 3354 5708 ἀνταποδιδοίη
3394 5641 3514 5701 τοῖς
3558 5621 3720 5691 ἀντα-

2057 5718 2344 5779 ποδιδοῦσι
2397 5723 2558 5795 κακὰ,
2588 5723 2623 5795 ἢ
2656 5720 2888 5799 ψάλλων
2937 5721 3023 5798 εἴη
3073 5726 3195 5781 κατ’
3242 5723 3448 5783 ἐκεῖνον
3487 5723 3540 5782 ἐν
3591 5743 3718 5780 και-
