4102 6456
427 410 546 472 729

1585 406 1685 467 DE
1727 404 2036 467 ISAACIO
2080 405 2398 468 ANGELO
2440 406 2594 468 LIB.
2643 408 2691 468 Ι.

3727 400 3854 462 730

434 547 552 618 pbi’:
595 538 998 596 κινδυνώδεσινο
1068 561 1099 596 «
1158 536 1505 597 Ἐκόκλωσαὶν
1569 559 1636 612 με
1665 536 1793 592 ὡσεὶ
1825 537 2076 610 μέλισσαι

2192 540 2453 595 oratione
2483 539 2728 594 minime
2758 537 3200 595 consentiebant
3235 555 3247 599 :
3301 538 3359 591 et
3391 539 3456 591 ut
3503 535 3562 591 in
3594 535 3842 591 dicendo

431 634 651 703 κηρίον,
713 631 800 686 xui
858 637 936 704 τῷ
986 631 1214 702 ὀνόματι
1241 631 1439 703 Κυρίου
1472 628 1768 701 ἠμυνάμην
1802 627 2016 690 αὐτούς.
2053 651 2081 679 ››

433 723 614 784 Αὐτὸς
680 721 866 795 μέντοι
927 719 1184 794 βασιλεὺς
1242 718 1741 798 ἀντιφθεγγομὲνην
1783 716 2082 793 προδήλως

432 816 502 884 τῇ
544 810 764 886 γλώττῃ
792 810 1139 886 καθυπέφηνε
1172 809 1304 883 μετᾶ
1335 809 1514 884 βραχὺ
1580 809 1679 876 τὴν
1742 807 2083 882 προαίρεσιν,

433 901 523 956 καὶ
547 899 726 974 ὣσπερ
769 901 821 953 ἐν
844 904 923 970 τῷ
957 898 1132 974 λεγειν
1166 899 1228 954 οὐ
1256 896 1612 964 διεστείλατο,
1667 898 1811 951 οὕτω
1842 898 1938 952 κάν
2006 899 2084 970 τῷ

432 993 688 1064 πράττειν
713 988 774 1042 οὐ
821 987 1216 1056 συνεστείλατο,
1259 986 1406 1042 ἀλλὰ
1467 991 1668 1062 μικροῦ
1727 984 2078 1060 διημιλλήθη

2197 630 2357 685 nulla
2389 629 2783 700 distinctione,
2815 628 2896 684 ita
2925 629 3097 684 etiam
3133 628 3187 682 in
3245 627 3468 699 agendo
3510 625 3650 681 adeo
3685 625 3848 680 nulla

2194 720 2590 775 moderatione
2615 736 2758 774 usus
2789 723 2899 786 est,
2932 723 2995 772 ut
3028 733 3232 789 parum
3276 716 3506 771 abesset
3558 715 3698 787 quin
3751 715 3848 769 ul-

2192 809 2480 864 ciscendis
2512 808 2766 864 inimicis
2796 808 3190 862 Andronicum
3229 804 3851 874 imitaretur,negleclo

2191 898 2291 954 illo
2321 899 2672 964 Salomonio,
2705 914 2821 969 quo
2851 897 3067 951 dicitur
3098 918 3127 946 ‹‹
3163 900 3437 967 praestare
3488 909 3603 948 non
3667 895 3855 948 facere

2191 993 2390 1044 votum
2425 1005 2601 1060 quam
2636 995 2836 1040 votum
2872 1002 2986 1041 non
3011 985 3269 1040 reddere.
3308 1005 3336 1033 »

429 1079 765 1152 Ἀνδρονίκῳ
795 1079 856 1133 τὸ
889 1077 1293 1153 προσεκρουκὸς
1326 1079 1632 1151 σινόμενος,
1666 1079 1741 1150 μή
1775 1077 1836 1132 τὸ
1865 1081 1961 1132 τοῦ
1995 1077 2365 1151 Σολομῶντος
2397 1077 2680 1150 ἒπῃνεκὼς
2710 1075 2740 1129 ὅ
2774 1093 2968 1150 φησιν’
3006 1096 3033 1124 ‹‹
3071 1073 3296 1147 ’Δγαθὸν
3324 1071 3387 1127 τὸ
3430 1072 3504 1144 μὴ
3541 1067 3787 1140 εὔξασθαι
3819 1071 3853 1140 ἢ

433 1166 680 1239 εὔξασθαι
713 1169 806 1223 καὶ
841 1170 917 1240 μή
951 1165 1266 1222 ἀποδοῦναι.
1315 1191 1341 1219 ››

501 1259 563 1312 Ἦ
599 1255 656 1313 δὲ
688 1279 751 1332 γε
801 1261 896 1312 τοῦ
956 1257 1182 1315 Ἰκονίου
1233 1254 1532 1318 σουλτάνος
1590 1257 1675 1325 (ἦν
1719 1253 1776 1310 δὲ
1823 1255 1985 1311 εἲσὲτι
2053 1257 2082 1311 ὁ

429 1345 831 1418 Κλιτζασθλὰν,
876 1346 1136 1421 εὐγηρίαν
1167 1344 1312 1420 ἂγων
1353 1345 1443 1401 καὶ
1504 1346 1742 1419 γεγονὼς
1799 1345 1930 1418 ὑπὲρ
1987 1341 2080 1414 ἔτη

427 1437 494 1492 τὰ
532 1434 936 1509 ἑϐδομήκοντα)
964 1437 1055 1491 τὸν
1087 1432 1438 1509 Ἀνδρονίκου
1489 1433 1798 1498 ἑνωτισθεὶς
1859 1435 2085 1488 θάνατον

426 1527 515 1582 καὶ
572 1526 670 1594 τήν
727 1524 1017 1600 ἀνάρῥησιν
1087 1523 1359 1581 Ἰσαακίου
1436 1523 1770 1594 πυθόμενος,
1819 1543 2086 1578 καταστο-

427 1619 651 1694 χάζεται
684 1617 921 1691 ἀρίστως
964 1613 1062 1670 ὅσα
1112 1614 1258 1677 sua;
1318 1612 1409 1667 ἐπὶ
1468 1617 1589 1674 ταῖς
1647 1613 1759 1667 τῶν
1817 1611 2086 1688 βασιλέων

434 1705 753 1781 μεταθάσεσί
785 1726 843 1760 τε
872 1705 962 1760 xui
995 1702 1336 1778 παραλύσεσι
1405 1701 1670 1776 γίνεσθαι,
1729 1701 1818 1755 καὶ
1873 1701 2087 1775 μᾶλλον

2265 1259 2504 1313 Interim
2538 1255 2717 1313 Iconii
2771 1255 3043 1310 sultanus
3100 1252 3510 1308 Clizasthlanis
3558 1250 3708 1306 felici
3755 1266 3851 1305 se-

2197 1352 2366 1403 necta
2383 1346 2530 1401 ultra
2556 1362 2775 1401 annum
2805 1362 2912 1399 Lxx
2946 1359 3314 1416 progressus,
3348 1358 3481 1396 cum
3540 1337 3854 1395 Andronici

2195 1437 2520 1506 interitum,
2571 1435 2664 1490 cui
2720 1435 3100 1490 successisset
3156 1433 3436 1498 Isaacius,
3507 1429 3852 1498 audivisset,

2196 1535 2249 1581 et
2280 1543 2346 1581 ea
2378 1543 2509 1598 qua:
2551 1527 2608 1580 in
2658 1525 3080 1595 imperatorum
3133 1521 3557 1576 mutationibus
3594 1519 3855 1574 accidere

2197 1614 2406 1685 solenl,
2441 1615 2589 1671 481
2646 1613 2961 1686 praesertim
3020 1613 3066 1668 si
3129 1611 3344 1666 bellum
3406 1609 3477 1665 ab
3533 1608 3850 1664 Occidente

2197 1705 2613 1776 gravissimum
2650 1709 2872 1774 urgeat,
2890 1700 3271 1774 sagacissime
3294 1699 3632 1763 divinasset,
3655 1697 3852 1751 lectis-

432 1796 477 1852 εἰ
510 1795 759 1868 πόλεμος
790 1793 1043 1857 ἀνθέλκει
1073 1792 1344 1868 ἑσπέριος,
1392 1792 1482 1846 καὶ
1542 1791 1803 1864 πολέμων
1863 1793 1890 1846 ὁ
1955 1793 2076 1867 κρά-

2197 1793 2349 1848 simo
2389 1792 2652 1864 equitatu
2681 1797 2737 1846 et
2767 1790 2947 1846 armis
2979 1789 3439 1844 instructissimo
3464 1787 3520 1841 in
3542 1784 3850 1840 Thraciam

429 1902 638 1947 τιστος·
681 1885 772 1938 καὶ
804 1881 870 1952 δὴ
905 1877 1164 1952 εἰσϐολήν
1184 1887 1420 1936 ποιεῖται
1449 1882 1582 1936 κατά
1633 1885 1730 1936 τοῦ
1780 1886 1888 1936 τῶν
1945 1889 2085 1954 Θρᾳ-

438 1974 646 2044 κησίων
680 1976 912 2043 θεματος
955 1969 1028 2025 δι’
1059 1970 1292 2026 εὐίππου
1317 1970 1408 2026 καὶ
1440 1969 1678 2026 εὑόπλου
1733 1972 2080 2046 στρατεύμα-

430 2083 546 2132 τος,
598 2065 697 2117 τοῦ
746 2067 905 2134 Σαμῆ
967 2060 1156 2134 ἀμηρᾶ
1213 2064 1667 2136 στρατηγοῦντος.
1729 2059 1937 2117 Οὐκοῦν
1989 2060 2081 2115 ἀν-

430 2149 573 2225 δρῶν
601 2150 973 2224 κεκενωμένον
1021 2150 1192 2221 εὑρὼν
1257 2151 1320 2204 τὸ
1375 2155 1479 2206 τοῦ
1538 2145 1849 2207 Κελὸιανοῦ
1904 2151 2082 2223 κλίμα

423 2241 569 2296 ὅπλα
636 2240 815 2313 φέρειν
873 2237 1096 2295 εἰδότων
1183 2240 1402 2309 (πάντες
1457 2241 1559 2316 γὰρ
1638 2241 1713 2302 ὡς
1781 2239 2080 2318 χείμαρροι

427 2326 800 2403 μετερῥύησαδ
831 2329 966 2404 πρὸς
999 2329 1090 2384 τὸν
1133 2331 1326 2385 νεωστί
1371 2331 1470 2399 τήν
1515 2327 1813 2404 ἁλουργίδα
1871 2329 2079 2404 ἐμπορ-

2199 1880 2652 1952 impressionem
2689 1880 2846 1944 iacit,
2881 1879 3053 1936 Same
3085 1886 3299 1933 Amera
3357 1878 3522 1931 duce.
3577 1874 3685 1940 Qui
3718 1889 3852 1928 cum

2193 1973 2536 2031 Celbianum
2562 1980 2811 2029 tractum
2830 1973 3122 2028 bellicosis
3145 1971 3285 2026 viris
3313 1984 3558 2024 vacuum
3592 1966 3851 2023 invenis-

2192 2063 3182 2139 set(omnesenimtorrentisinstar
3221 2062 3291 2116 ad
3338 2059 3622 2115 Isaacium
3648 2073 3853 2113 recens

2190 2153 2438 2225 imperio
2494 2155 2743 2226 potitum
2803 2151 3252 2221 conﬂuxerant),
3308 2150 3530 2204 multos
3578 2146 3850 2201 homines

2191 2244 2363 2315 cepit,
2381 2248 2651 2298 armenta
2681 2252 2738 2298 et
2766 2257 2974 2314 greges
3031 2241 3218 2318 omnis
3275 2237 3508 2310 generis
3560 2234 3753 2306 abegit
3791 2237 3850 2288 et

2189 2330 2391 2386 multis
2423 2329 2719 2385 manubiis
2750 2345 2921 2384 suum
2949 2327 3266 2383 exercitum
3298 2322 3693 2396 locupletavit.

429 2418 743 2492 πησάμενον
774 2420 1066 2492 Ἰσαάκιον)
1107 2420 1424 2494 ἀνθρώπους
1457 2440 1514 2474 τε
1543 2417 1792 2484 πολλοὺς
1822 2419 2161 2498 ἐχειρώσατο
2200 2419 2290 2474 καὶ
2325 2420 2478 2488 ζώων
2513 2417 2717 2488 ἤλασεν
2745 2415 2945 2492 ἀγέλας
2974 2411 3358 2485 παντοδαπῶν,
3409 2411 3499 2467 καὶ
3559 2406 3842 2487 ὠφελειῶν

429 2506 616 2562 ἄλλων
646 2508 709 2562 τὸ
740 2507 938 2562 οἰκεῖον
968 2506 1236 2578 ἐνέπλησε
1274 2507 1600 2583 στράτευμα.

496 2595 918 2672 ’Πρεμήσάντων
953 2593 1011 2650 δὲ
1050 2597 1140 2650 καὶ
1173 2600 1279 2651 τῶν
1327 2598 1477 2670 ἑῴων
1533 2597 1700 2654 ἐθνῶν
1758 2595 1954 2660 ἄλλοις
2013 2619 2072 2654 τε

421 2685 780 2761 προσκαίροις
831 2683 1295 2763 φιλοτιμήμασιν,
1359 2686 1504 2742 ἀλλά
1562 2684 1628 2757 δὴ
1690 2687 1780 2741 καὶ
1838 2687 2071 2758 ἐτησίων

423 2775 739 2848 ἀπολήψεσι
771 2774 954 2851 φόρων
989 2774 1159 2846 (οὕτω
1189 2773 1294 2850 γὰρ
1327 2775 1380 2829 οἱ
1439 2774 1490 2839 ἐς
1555 2778 1703 2848 ἡμᾶς
1763 2776 2069 2851 ὑπερκαθή-

425 2885 578 2938 μενοι
627 2864 913 2936 Ῥωμαίων
984 2862 1228 2936 μετιέναι
1276 2861 1420 2919 ἴσασι
1461 2867 1525 2920 τὸ
1574 2865 1919 2940 ἀλλόφυλον,
1970 2869 2069 2936 τήν

417 2952 693 3027 οῗκουρίαν
730 2949 1156 3026 μεταδιώκοντες
1191 2952 1282 3007 ῒσα
1312 2954 1413 3022 {xui
1477 2953 1904 3027 θαλαμηπόλοις
1953 2956 2070 3011 νεά-

415 3062 579 3111 νισιν,
627 3039 684 3096 α⁹ί
734 3041 856 3116 περὶ
908 3039 1171 3097 ταλασίαν
1215 3039 1646 3117 διαπονοῖηται),
1695 3043 1965 3116 ἠθέλησεν

422 3129 762 3195 ἀλλοεθνοῦς
810 3132 997 3207 γένους
1063 3131 1242 3204 ἑαυτῷ
1313 3133 1741 3205 μνηστεύσασθαι
1807 3137 2071 3211 γαμετήνο

2255 2600 2360 2658 Ubi
2391 2599 2713 2656 Orientales
2772 2605 2973 2670 gentes
3025 2614 3159 2653 cum
3221 2595 3353 2652 aliis
3413 2611 3514 2667 pro
3582 2601 3840 2662 tempore

2183 2690 2549 2758 muneribus,
2581 2693 2709 2745 tum
2731 2689 2945 2745 annuis
2967 2687 3179 2744 tribuis
3212 2685 3448 2759 placata:
3491 2683 3841 2756 quieverunt

2184 2780 2289 2852 (sic
2319 2780 2476 2836 enim
2531 2786 2728 2836 nostra
2783 2783 2949 2835 aetate
3003 2778 3398 2834 Romanorum
3458 2774 3842 2845 imperatores

2184 2889 2318 2928 cum
2351 2872 2619 2927 Barbarie
2650 2887 2820 2942 agere
2859 2869 3069 2938 solent,
3127 2867 3284 2924 domi
3332 2868 3516 2923 instar
3577 2863 3842 2920 nentium

2186 2960 2515 3034 puellarum
2548 2961 2919 3032 desidentes),
2952 2975 3130 3015 uxore
3154 2960 3431 3013 defuncta
3447 2955 3838 3027 alienigenam

2185 3051 2396 3107 ducere
2426 3051 2649 3119 statuit,
2683 3056 2739 3106 et
2771 3065 2872 3122 per
2899 3049 3124 3122 legatos
3164 3047 3308 3104 Belin
3341 3044 3649 3118 Hungariae
3681 3045 3837 3116 regis

2186 3141 2392 3211 ﬁliam,
2427 3142 2689 3196 nondum
2723 3141 2921 3195 decem
2957 3156 3141 3194 annos
3200 3143 3416 3207 natam,
3458 3135 3664 3192 ambit.
3724 3133 3836 3189 Sed

420 3220 488 3291 ἥν
530 3220 631 3298 γὰρ
687 3218 1086 3294 ἐμνηστεύσατο
1146 3217 1432 3296 πρότερον,
1485 3224 1698 3296 θανάτῳ
1745 3220 2074 3283 ἀπεϐάλετο.

2191 3233 2332 3286 dum
2365 3246 2433 3286 ex
2463 3231 2773 3285 tenacitate
2802 3229 3040 3300 nuptias
3096 3245 3164 3284 ex
3222 3227 3342 3283 ﬁsci
3407 3225 3650 3298 pecunia
3690 3223 3836 3279 cele-

421 3311 522 3366 Kui
549 3307 616 3379 δή
649 3308 1185 3386 κοινολογησάμενος
1227 3308 1318 3365 διὰ
1345 3308 1622 3388 πρεσϐἐων
1655 3318 1734 3385 τῷ
1776 3322 1877 3384 τῆς
1937 3315 2082 3391 Οὐγ..

431 3400 590 3475 γρίας
623 3397 755 3474 ῥηγὶ
778 3402 860 3472 τῷ
892 3398 1036 3468 Βελᾷ
1073 3395 1260 3476 ἄγεται
1308 3398 1384 3463 εἷς
1444 3407 1674 3477 γυναῖκα
1715 3405 1816 3472 τήν
1874 3404 2082 3460 ἐκείνου

441 3489 726 3564 θυγατέρα,
775 3494 876 3557 τῆς
929 3485 1309 3562 δεκαετηρίδος
1370 3486 1524 3545 οὔπω
1575 3486 1816 3566 ἀκριϐῶς
1867 3493 2081 3567 ἀψαμὲ-

427 3599 547 3649 νην.
597 3580 672 3632 Τὰ
739 3574 797 3632 δὲ
836 3574 1168 3650 γαμοδαίσια
1222 3578 1364 3642 θύειν
1411 3579 1516 3634 ἀπὸ
1574 3582 1882 3656 χρημάτων
1913 3581 2081 3656 δημο·

429 3669 562 3723 σίων
592 3665 1150 3744 σμικρολογούμενος
1177 3667 1363 3744 ἀγισθὶ
1399 3672 1570 3724 ταῦτα
1596 3669 1655 3724 ἐκ
1696 3676 1804 3726 τῶν
1861 3672 2080 3728 οἷ’κείων

429 3755 686 3832 συνέλεγε
711 3756 936 3832 χώρων·
990 3756 1081 3810 καὶ
1130 3749 1291 3812 ἔλαθε
1341 3753 1432 3812 διὰ
1471 3762 1938 3834 σμικροπρὲπειαν
1988 3765 2074 3818 καὶ

427 3846 602 3910 ἄλλας
639 3847 734 3922 μὶν
763 3847 957 3910 πόλεις
981 3845 1469 3921 καλαμησάμενος,
1495 3847 1548 3904 αἵ
1603 3851 1721 3905 κατ’
1780 3852 2078 3928 Ἀγχίαλον

427 3937 818 4011 συνῳκίζοντο,
841 3939 1016 4010 ἑαυτῷ
1048 3935 1106 3994 δὲ
1138 3938 1376 4010 μάλιστα
1405 3941 1491 3995 xui
1553 3941 1850 4014 Ῥωμαίοις
1913 3945 2080 4000 ἐκπο-

427 4026 684 4101 λεμώσας
713 4027 842 4090 τοὺς
874 4029 1013 4083 κατὰ
1051 4028 1145 4083 τὸν
1179 4029 1356 4101 Αἷμον
1384 4030 1445 4083 τὸ
1476 4025 1602 4104 ὅρος
1637 4027 1970 4108 Βαρϐάρους,
2022 4033 2078 4089 οῗ

425 4118 602 4176 Μυσοὶ
629 4118 894 4192 πρότερον
926 4118 1300 4189 ὠνομάζοντο,
1327 4119 1443 4174 νυνὶ
1504 4117 1562 4175 δὲ
1610 4120 1826 4202 Βλάχοι
1878 4123 2076 4195 κικλή·

426 4227 668 4274 σκονται,
740 4207 907 4264 Οὗτοι
967 4208 1067 4282 γὰρ
1133 4212 1252 4268 ταῖς
1340 4205 1678 4284 δυσχωρίαις
1732 4211 2074 4284 πεποιθότες,

425 4295 516 4348 xui
559 4299 676 4354 τοῖς
727 4295 1014 4372 φρουρίοις
1062 4295 1451 4371 θρασυνόμενοι
1500 4299 1534 4352 ἅ
1576 4299 1806 4354 πλεῖστά
1852 4302 1910 4356 τέ
1972 4302 2076 4356 εἰσι

424 4384 514 4436 xui
573 4382 709 4458 ὀρθὰ
765 4389 881 4438 κατ’
941 4385 1258 4458 ἀποτόμους
1315 4389 1538 4460 κείμενα
1588 4391 1814 4466 πέτρας,
1873 4391 1962 4447 καὶ
1985 4389 2076 4448 όίλ-

423 4470 553 4528 λοτε
613 4473 707 4546 μὲν
766 4473 904 4528 κᾶτά
964 4473 1253 4547 Ῥωμαίων
1308 4474 1795 4554 ἐμεγαλαόχησαν,
1854 4481 1976 4536 τότε
2019 4481 2077 4536 δὲ

423 4562 691 4638 πρόφασιν
744 4562 1056 4636 εὑρηκότες,
1101 4561 1132 4616 ὅ
1189 4561 1256 4632 δὴ
1317 4564 1552 4641 λέγεται,
1612 4567 1926 4644 Πάτροκλον
1972 4572 2071 4641 τὴν

421 4654 527 4706 τῶν
559 4649 776 4706 οἰκείων
812 4653 1144 4726 θρεμμάτων
1171 4652 1477 4730 ἀπαγωγὴν
1507 4656 1598 4711 xui
1657 4659 1894 4715 κάκωσιν
1952 4662 2075 4717 ἑαυ-

421 4745 551 4808 τῶν,
581 4739 632 4802 ἐς
662 4740 992 4796 ἀποστασίαν
1029 4744 1116 4815 [Ρ.
1163 4745 1291 4817 237]
1351 4742 1610 4818 λαμπρὰν
1670 4749 2072 4824 ἀνεσκίρτησαν.

420 4832 590 4887 Ἦσαν
651 4827 709 4884 δὲ
767 4831 819 4885 oi
875 4834 973 4885 τοῦ
1038 4835 1206 4886 κακοῦ
1259 4837 1606 4910 πρωτουργοῖ
1655 4837 1746 4892 καὶ
1792 4840 1854 4895 τὸ
1923 4841 2073 4906 ἔθνος

421 4919 550 4975 δλον
599 4919 966 4982 ἀνασείσαντες
1023 4919 1223 4996 ῘΙέτρος
1270 4943 1351 4984 τις
1405 4926 1496 4978 καὶ
1553 4925 1734 4996 Ἀσὰν,
1796 4930 2076 5006 ὁμογενεῖς

418 5010 507 5065 καὶ
569 5011 925 5085 ταυτόποροι,
955 5008 1008 5064 ο⁹ί
1045 5011 1134 5064 καὶ
1186 5013 1262 5085 μή
1331 5009 1564 5086 δρῶντες
1607 5017 1708 5086 τήν
1762 5020 2071 5094 νεωτέρισιν

422 5099 832 5177 ἀπροφάσιστον
868 5099 1126 5174 προσίασι
1163 5100 1411 5175 βασιλεῖν
1443 5107 1800 5180 σκηνουμένῳ
1845 5107 1898 5164 ἐν
1955 5116 2073 5174 τοῖς

420 5187 761 5264 Κυψὲλλοις,
876 5189 1192 5263 αἰτούμενοι
1273 5193 1852 5270 συστρατολογηθῆναῖ
1935 5199 2072 5255 Ῥω-

422 5277 603 5350 μαίοις
633 5278 720 5332 καὶ
769 5275 858 5332 διὰ
927 5278 1206 5352 βασιλείου
1249 5283 1576 5357 γράμματὸς
1634 5287 1778 5363 σφίσι
1844 5285 2071 5364 βραϐευ-

416 5369 570 5437 θῆναι
603 5367 812 5447 χωρίον
844 5389 897 5422 τι
933 5369 1394 5448 βραχυπρόσοδον
1425 5375 1560 5429 κατὰ
1597 5375 1686 5430 τὸν
1739 5377 1916 5449 Αἶμον
1970 5379 2070 5434 κεί-

421 5477 603 5544 μενον.
677 5454 837 5514 Ἀλλ’
893 5455 1167 5534 ἀπέτυχον
1236 5465 1332 5516 τοῦ
1389 5461 1714 5536 αἰτήματος’
1781 5467 1848 5536 ἦν
1895 5469 2001 5544 γὰρ
2037 5471 2070 5539 ἦ

423 5544 536 5598 θεία
575 5543 990 5618 ἐπικρατεστὲρα
1049 5547 1279 5616 κίνησις·
1345 5551 1799 5628 ’Υπετονθόρυσαν
1850 5554 1940 5610 οὗν
1976 5543 2074 5622 νὼς

421 5635 806 5709 παροφθὲντες,
851 5633 1070 5699 είκαίως
1116 5635 1172 5692 δὲ
1229 5639 1318 5694 xui
1358 5641 1457 5708 τὴν
1513 5641 1727 5714 αἴτησιν
1787 5645 2068 5702 ἐπανατει-

419 5722 645 5797 νάμενοι
702 5722 1047 5800 παρέπτυσάν
1097 5747 1148 5781 τι
1197 5727 1286 5784 καὶ
1336 5729 1490 5806 ῥῆμα
1563 5731 1914 5812 θερμότερον,
1971 5738 2070 5809 τήν

2192 3322 2360 3377 brare
2382 3320 2536 3376 482
2568 3319 2911 3376 reformidat
2940 3324 2999 3375 et
3019 3322 3293 3388 sumptus
3333 3317 3461 3373 illos
3495 3315 3566 3372 ab
3599 3314 3840 3373 urbibus

2188 3415 2247 3466 et
2275 3410 2592 3482 provinciis
2613 3409 2835 3466 affatim
2869 3409 3071 3481 exigit,
3103 3424 3237 3463 cum
3270 3407 3419 3462 alias
3469 3405 3662 3474 urbes,
3697 3421 3839 3476 pre-

2189 3500 2388 3555 scrtim
2417 3499 2696 3556 Anchialo
2722 3500 3027 3567 ﬁnitimas,
3083 3499 3311 3565 afflixit,
3370 3502 3496 3553 tum
3557 3495 3842 3553 Barbaros

2188 3589 2368 3645 Haemi
2404 3589 2619 3644 montis
2651 3589 2877 3644 accolas
2909 3589 3021 3644 sibi
3069 3593 3126 3643 et
3184 3589 3444 3644 Romano
3477 3585 3723 3658 imperio
3754 3586 3837 3640 in-

2187 3678 2543 3734 festissimos
2574 3677 2842 3744 reddidit,
2877 3678 2976 3750 qui
3022 3677 3156 3733 olim
3215 3678 3379 3746 Mysi,
3433 3692 3588 3731 nunc
3638 3675 3835 3730 Bl'achi

2187 3767 2580 3823 nominantur.
2609 3766 2674 3821 Hi
2733 3767 2888 3821 enim
2951 3765 3239 3839 angustiis
3293 3772 3352 3820 et
3397 3763 3650 3820 castellis
3679 3764 3833 3834 freti,

2186 3874 2312 3929 quae
2342 3858 2596 3929 plurima
2622 3857 2840 3912 habent
2887 3857 3200 3928 praeruptis
3257 3855 3411 3911 saxis
3465 3853 3832 3920 inaediﬁcata,

2185 3964 2318 4003 cum
2354 3947 2516 4020 prius
2544 3946 2718 4002 etiam
2761 3947 3051 4002 Romanos
3102 3961 3307 4016 parum
3361 3948 3655 4012 curarent,
3707 3948 3831 3999 tum

2185 4054 2286 4110 per
2326 4054 2565 4093 causam
2625 4035 2812 4092 abacti
2870 4035 3096 4107 pecoris
3161 4044 3215 4090 et
3270 4035 3640 4090 vexationum
3685 4051 3834 4105 quas

2185 4126 2534 4183 tolerassent
2590 4131 2790 4198 aperte
2845 4125 3204 4181 defecerunt.
3264 4126 3404 4195 Ejus
3490 4125 3834 4180 defectionis

2184 4217 2478 4288 principes
2500 4221 2556 4270 et
2575 4220 2838 4272 auctores
2863 4217 3022 4271 fuere
3043 4216 3156 4270 duo
3180 4231 3249 4270 ex
3269 4214 3370 4270 illa
3393 4220 3563 4286 gente
3606 4213 3829 4281 fratres,

2183 4305 2387 4360 Petrus
2419 4309 2478 4360 et
2507 4310 2660 4360 Asan
2687 4320 2702 4359 :
2730 4304 2833 4377 qui
2864 4320 2935 4360 ne
2964 4304 3088 4359 sine
3119 4321 3296 4360 causa
3338 4320 3432 4360 res
3482 4321 3662 4359 novas
3714 4321 3833 4359 mo-

2182 4392 2271 4448 liri
2312 4393 2668 4462 viderentur,
2727 4394 3136 4465 imperatorem
3195 4392 3476 4466 Cypsellis
3526 4396 3830 4464 degentem

2183 4483 2696 4554 adeunt,petentes
2720 4488 2784 4538 ut
2806 4483 2862 4537 in
2888 4482 3184 4540 Romanas
3205 4483 3464 4556 legiones
3485 4484 3832 4552 referantur,

2184 4575 2240 4626 et
2269 4570 2378 4627 sibi
2412 4573 2694 4643 praedium
2752 4572 2944 4645 exigui
3001 4573 3226 4628 reditus
3283 4573 3340 4629 in
3405 4574 3600 4628 Hiemo
3640 4578 3837 4629 monte

2186 4661 2363 4716 situm
2399 4662 2753 4733 assignetur.
2787 4666 2864 4717 Ea
2895 4679 2954 4718 re
2985 4680 3100 4718 non
3148 4663 3457 4735 impetrata
3502 4663 3660 4735 (nam
3697 4664 3836 4718 fato-

2187 4769 2312 4808 rum
2335 4753 2422 4808 vis
2448 4752 2813 4824 prudentiam
2841 4753 3156 4808 humanam
3178 4752 3537 4824 superabat),
3557 4753 3834 4807 submur-

2187 4843 2502 4898 murabant
2532 4847 2598 4898 ut
2628 4843 2945 4914 contempti
2968 4842 3156 4898 etvoti
3183 4842 3434 4912 impotes
3459 4860 3472 4910 ;
3497 4847 3554 4897 et
3592 4843 3831 4899 verbum

2185 4933 2468 4988 audacius
2500 4933 2848 4995 emiserunt,
2908 4948 3022 5002 quo
3086 4933 3469 4986 defectionem
3530 4936 3587 4986 et
3615 4949 3684 4987 ea
3709 4949 3832 5003 quae

2187 5023 2430 5078 domum
2457 5022 2670 5078 reversi
2692 5021 2876 5077 acturi
2900 5021 3464 5088 essentinnuebant,
3497 5023 3647 5078 Asan
3696 5039 3836 5094 pras-

2185 5113 2411 5180 sertim,
2443 5110 2620 5166 homo
2651 5111 2931 5166 audacior
2960 5117 3016 5166 et
3047 5110 3358 5174 crudelior,
3393 5109 3486 5166 cui
3527 5110 3598 5167 ob
3648 5111 3837 5183 impu-

2185 5202 2444 5256 dentiam
2480 5200 2726 5256 Joannis
2788 5200 3269 5256 sebastocratoris
3320 5202 3488 5272 jussu
3553 5200 3838 5273 colaphus

2183 5292 2337 5346 483
2369 5290 2729 5360 infringitur.
2764 5293 2845 5347 Ita
2879 5309 2990 5346 non
3027 5292 3239 5347 infecta
3273 5293 3446 5348 modo
3479 5309 3538 5348 re
3579 5293 3832 5363 dimissi,

2183 5383 2280 5436 sed
2317 5380 2689 5436 contumeliis
2721 5382 2896 5436 etiam
2929 5380 3136 5436 irritati
3169 5380 3437 5438 homines
3488 5383 3584 5438 isti
3628 5383 3834 5438 nefarii

2181 5475 2237 5526 et
2263 5469 2639 5526 conscelerati
2669 5470 2962 5541 quomodo
3010 5475 3210 5526 contra
3251 5471 3539 5527 Romanos
3587 5471 3834 5544 grassati

2183 5561 2322 5627 sint,
2355 5559 2488 5630 quis
2513 5559 2700 5614 verbis
2733 5559 3179 5632 consequatur‘?
3203 5577 3330 5631 quas
3378 5560 3560 5617 oratio
3601 5567 3828 5617 tantum

2183 5652 2469 5710 malorum
2504 5652 2747 5726 pelagus
2776 5653 3248 5727 complectatur?
3295 5655 3406 5711 Sed
3457 5655 3716 5713 nondum
3761 5657 3832 5712 de

2183 5742 2297 5814 his,
2335 5758 2406 5800 ne
2440 5741 2690 5801 historiae
2723 5741 2907 5802 series
2938 5745 3419 5817 interrumpatur.
