4102 6456
206 360 320 424 731

1533 360 1844 422 NICETIE
1888 361 2314 425 CHONIATAE

3519 375 3638 438 732

208 492 538 550 ἀποστασίαν
570 491 912 572 ὐπεμφαῖνον
940 492 1029 548 καὶ
1061 489 1160 550 ὅσα
1181 492 1484 556 ἐπανιόντες
1515 489 1700 548 οἷ’καδε
1731 487 2010 568 δράσουσι,
2041 493 2132 549 καὶ
2161 494 2368 551 τούτων
2403 496 2638 569 μάλιστα
2671 498 2700 554 ὁ
2733 499 2887 558 ’Ᾱσαν
2939 501 2967 555 ὁ
3025 500 3116 556 καὶ
3167 501 3494 581 θρασύτερος
3551 507 3642 563 καί

210 583 516 659 ὠμότερος,
550 580 609 644 ὅς
648 587 740 638 καί
769 581 1026 638 τύπτεται
1048 583 1184 640 κατὰ
1211 587 1318 638 τῶν
1345 582 1658 657 προσώπων
1690 581 1926 668 ἐπιταγῇ
1957 587 2054 638 τοῦ
2085 579 2579 663 σεϐαστοκράτορος
2628 589 2896 662 Ἰωάννου,
2947 589 3317 668 ἐπιπληχθεῖς
3357 579 3434 658 εἷς
3489 595 3636 652 ἀναί-

215 669 382 729 δειαν.
418 671 525 728 Καὶ
557 671 609 726 oi
645 673 739 747 μὶν
769 671 1035 746 ἄπρακτοι
1069 670 1244 733 οὕτως
1276 669 1582 740 ἐπανῆλθον
1610 672 1703 726 καὶ
1734 667 2132 747 περιύϐριστοι*
2185 673 2285 730 ὅσα
2316 673 2374 731 δὲ
2429 679 2570 732 κατὰ
2619 678 2908 752 Ῥωμαίων
2963 683 3013 735 οἱ
3076 667 3424 758 ἀνοσιουργοὶ
3485 683 3634 746 οὗτοι

209 762 301 819 καὶ
337 762 524 838 μιαροὶ
555 759 954 838 διεπράξαντοι,
983 761 1067 824 τίς
1099 759 1158 817 ἄν
1197 760 1445 838 ἐφίκοιτο
1473 761 1671 840 λόγος,
1703 760 1740 832 ἤ
1773 761 1904 819 ποία
1937 761 2197 838 διήγησις
2247 766 2512 830 τοσαύτας
2561 773 2742 824 κακῶν
2793 767 3028 835 Ἰλιάδας
3087 771 3566 848 συμπεριλήψεται
3612 784 3625 834 ;

207 849 560 926 ἆλλὰμήπω
593 852 714 928 περὶ
741 852 969 922 τούτων,
998 852 1062 906 τὸ
1093 849 1151 907 δὲ
1181 850 1356 928 λέγειν
1390 847 1730 929 προϐαινὲτω
1773 874 1866 928 μοι
1910 857 2031 919 καθ’
2053 856 2264 930 εἰρμόν.

271 945 327 1001 5.
359 949 654 1002 Comneno
687 944 908 999 lsaacio
958 947 1208 1015 Cyprum
1259 945 1452 1000 adhuc
1513 949 1768 1016 tenente,
1829 961 1860 1001 a
1890 949 1942 1014 Α

205 1050 316 1106 qua
349 1051 541 1106 neque
575 1035 836 1106 pecunia:
869 1032 1394 1105 pollicitationibus
1447 1048 1638 1106 neque
1687 1035 1868 1108 impe-

208 1123 422 1180 ratoris
445 1122 765 1179 reverentia
799 1122 1271 1193 abstrahebatur,
1295 1139 1482 1195 neque
1522 1125 1592 1179 de
1623 1123 1868 1180 crudeli-

207 1219 327 1270 tate
357 1229 491 1282 erga
522 1211 813 1268 insulares
846 1210 1166 1284 quidquam
1203 1213 1558 1280 remittente,
1593 1213 1696 1270 sed
1727 1213 1862 1271 sub-

204 1305 342 1360 inde
376 1321 527 1360 nova
567 1303 862 1376 supplicia
907 1303 1292 1374 excogitante,
1351 1303 1601 1360 classem
1661 1309 1866 1361 contra

206 1410 339 1452 eum
375 1395 693 1466 imperator
718 1393 953 1450 mittere
983 1393 1210 1463 statuit,
1245 1397 1301 1450 et
1335 1410 1441 1450 Lxx
1464 1393 1654 1466 longis
1701 1393 1862 1449 navi-

203 1483 620 1542 busJoannem
646 1483 1212 1555 Contostephanum,
1275 1483 1575 1540 hominem
1637 1500 1863 1555 senem,

203 1578 260 1630 et
287 1572 552 1629 Alexium
588 1571 952 1628 Comnenum
987 1570 1110 1644 (qui
1149 1571 1256 1628 etsi
1290 1573 1377 1628 vir
1421 1571 1588 1628 fortis
1631 1577 1688 1628 et
1721 1573 1864 1630 inte-

203 1681 318 1738 grae
352 1663 539 1719 aetatis
567 1668 691 1719 erat
748 1667 806 1717 et
854 1662 1224 1734 imperatoris
1283 1679 1489 1735 nepos,
1545 1666 1740 1720 tamen
1789 1665 1862 1720 ob

205 1754 448 1811 eiYossos
504 1752 576 1810 ab
634 1751 962 1809 Andronico
1021 1751 1221 1808 oculos
1279 1751 1448 1808 adid
1495 1768 1712 1808 munus
1746 1769 1860 1809 non

205 1845 381 1901 modo
400 1842 756 1912 inutilis,sed
785 1841 1002 1898 malum
1029 1858 1197 1898 omen
1223 1857 1458 1915 quoque
1491 1841 1562 1898 ab
1587 1841 1863 1899 omnibus

195 1932 600 2006 judicabatur)
622 1931 942 1988 navarcbos
974 1931 1277 2004 praeponit.
1335 1933 1416 1988 Ac
1466 1931 1756 2004 navigatio
1801 1933 1860 1988 in

207 2023 461 2097 Cyprum
491 2021 733 2096 periculi
789 2037 994 2094 expers
1056 2021 1184 2088 fuit,
1217 2020 1494 2077 secundis
1539 2029 1591 2077 et
1632 2021 1862 2078 lenibus

192 2115 384 2171 ventis
417 2111 843 2184 aspirantibus.
874 2111 986 2167 Sed
1020 2109 1120 2166 ubi
1177 2111 1237 2166 in
1290 2110 1580 2183 portubus
1613 2111 1856 2183 appule-

206 2206 365 2274 runt,
425 2200 862 2258 atrocissimam
916 2203 1328 2272 tempestatem
1416 2203 1558 2256 sunt
1615 2199 1858 2271 experti.

2046 946 2102 1000 ε’.
2137 947 2256 1003 Ἔτι
2312 953 2410 1002 τοῦ
2469 947 2529 1004 ἐκ
2588 947 2881 1022 Κομνηνοῦ
2939 950 3212 1008 Ἰσαακίου
3287 973 3613 1030 κατατυραν-

1975 1035 2219 1099 νεύοντος
2245 1044 2344 1107 τῆς
2377 1037 2622 1114 Κύπρου,
2678 1039 2768 1095 καὶ
2823 1043 2962 1112 μήτε
3020 1041 3326 1116 χρημάτων
3388 1043 3627 1125 ὑποσχὲ-

1976 1145 2118 1180 σεσιν
2177 1126 2514 1206 ἀποσχέσθαι
2569 1129 2774 1198 ταύτης
2828 1129 3223 1205 προτιθεμένου
3279 1132 3410 1205 μήθ’
3486 1133 3620 1190 ὑπο-

1973 1212 2308 1288 κλινομένου
2336 1215 2416 1290 τῷ
2449 1217 2686 1292 βασιλεῖ,
2731 1219 2854 1275 οὗτε
2913 1221 3020 1292 μὴν
3077 1221 3144 1276 τὰ
3195 1217 3339 1276 δεινᾶ
3399 1224 3614 1297 μετριά-

1975 1311 2162 1376 ζοντος
2196 1307 2294 1363 ὅσα
2351 1307 2673 1384 ἐκακούργει
2732 1310 2868 1365 κατᾶ
2927 1309 3178 1384 Κυπρίων
3237 1311 3318 1366 ἀεὶ
3375 1314 3608 1367 καινοτὲο

1973 1415 2068 1473 ρας
2127 1395 2380 1461 κολάσεις
2427 1397 2681 1470 ἐπινοῶν,
2759 1394 2902 1475 ἔγνω
2959 1403 3076 1456 κατ’
3165 1399 3337 1458 αὐτοῦ
3429 1399 3621 1457 στόλον

1971 1487 2320 1564 καταρτύσειν
2363 1489 2391 1544 6
2451 1487 2729 1564 βασιλεύς.
2787 1489 2893 1545 Καὶ
2945 1487 3134 1560 ἐπειδὴ
3213 1492 3435 1566 μακραὶ
3501 1497 3626 1561 νῆες

1971 1578 2384 1653 ἡτοιμάσθησαν
2430 1575 2834 1652 ἐϐδομήκοντα,
2885 1579 3160 1656 ναύαρχοι
3219 1579 3626 1636 ἀναδείκνυνται

1972 1667 2000 1722 6
2069 1664 2496 1745 Κοντοστὲφανος
2565 1667 2843 1739 Ἰωάννης,
2913 1665 3083 1724 οὐδοὖ
3145 1663 3342 1732 ἐπιϐὰς
3390 1671 3620 1746 γήραος.

1969 1756 2062 1812 καὶ
2093 1757 2122 1812 6
2153 1756 2740 1831 ΚομνηνὸςἈλέξιος,
2771 1752 2831 1821 ὅς
2876 1758 2921 1814 εἰ
2979 1757 3070 1813 καὶ
3135 1756 3324 1831 εὖήλιξ
3383 1761 3497 1831 (25)
3557 1759 3625 1827 ἦν

1970 1847 2061 1901 καὶ
2102 1845 2348 1924 ἀνδρεῖος
2399 1847 2489 1903 καὶ
2545 1851 2641 1904 τοῦ
2703 1847 3086 1924 βασιλεύοντος
3141 1846 3436 1922 ἐξανεψιὸς,
3495 1846 3626 1906 ἀλλ’

1970 1933 2219 1999 ἐκκοπεὶς
2248 1937 2344 1999 τὰς
2399 1937 2564 2012 κόρας
2628 1937 2718 1993 ὐπ’
2779 1934 3138 2012 Ἀνδρονίκου
3197 1939 3423 2014 ἀχρεῖος
3485 1939 3622 2014 πρὸς

1971 2027 2078 2080 τῶν
2111 2022 2257 2080 ὅλων
2309 2023 2387 2089 εἷς
2439 2025 2540 2094 τήν
2585 2024 2710 2080 τότε
2767 2027 3138 2102 στρατήγησιν
3199 2022 3622 2100 συλλελόγιστο,

1969 2113 2053 2170 ναὶ
2087 2113 2198 2187 μὴν
2222 2111 2338 2168 οὐδ’
2365 2110 2542 2176 αἴσιος
2573 2111 2812 2188 ἐκρίνετο
2839 2112 3052 2175 οἰωνός.
3080 2113 3184 2171 Καὶ
3227 2111 3294 2183 δὴ
3329 2115 3357 2169 6
3421 2115 3518 2188 μὶν
3569 2115 3622 2177 ἐς

1970 2202 2188 2278 Κύπρον
2219 2203 2394 2266 πλοῦς
2425 2199 2706 2263 ἀκίνδυνος
2755 2203 2848 2258 καὶ
2893 2203 2956 2260 τὸ
2987 2206 3200 2276 πνεῦμα
3253 2201 3375 2260 λίαν
3425 2206 3620 2285 φορὸν,

199 2293 350 2350 Nam
386 2290 646 2348 lsaacius
676 2291 843 2364 Cypri
879 2295 1164 2362 tyrannus
1194 2306 1294 2346 eos
1321 2297 1370 2345 et
1407 2289 1548 2344 vicit
1574 2294 1633 2346 et
1663 2289 1855 2360 cepit;

1971 2293 2149 2368 ἠρέμα
2179 2313 2296 2356 πως
2330 2293 2604 2365 ἐμπῖπτον
2653 2291 2770 2354 τοίς
2829 2291 3068 2370 λαίφεσι,
3115 2293 3184 2347 τὰ
3242 2290 3287 2348 δ’
3345 2292 3470 2364 ἑξῆς
3527 2295 3619 2349 καὶ

201 2387 260 2440 et
292 2381 635 2455 potissimus
693 2380 884 2452 pirata
951 2378 1106 2436 484
1164 2378 1467 2450 Megarita,
1527 2377 1630 2450 qui
1685 2394 1853 2450 opem

205 2473 428 2530 ferebat
459 2471 704 2537 Isaacio,
761 2469 912 2527 clam
972 2485 1149 2526 naves
1194 2485 1406 2525 vacuas
1465 2467 1750 2524 militibus
1781 2470 1850 2524 ad

201 2569 472 2620 terrestre
515 2559 782 2634 praelium
815 2562 1068 2633 egressis
1101 2559 1426 2630 occupavit.
1460 2559 1662 2630 Itaque
1718 2557 1854 2614 trie-

197 2651 424 2708 rarchos
449 2666 564 2706 non
589 2649 760 2706 modo
779 2648 1005 2705 nullum
1027 2647 1256 2704 illustre
1277 2646 1502 2704 facinus
1523 2647 1856 2717 ediderunt,

197 2741 298 2798 sed
332 2740 584 2814 denique
616 2737 790 2795 etiam
827 2739 884 2794 in
911 2737 1172 2796 hostium
1205 2753 1417 2794 manus
1436 2741 1721 2793 venerunt
1754 2753 1768 2806 ;
1803 2741 1859 2794 et

197 2829 490 2904 Megaritas
522 2828 764 2885 arbitrio
796 2827 1074 2901 permissi
1124 2827 1197 2884 ab
1247 2827 1468 2885 Isaacio
1518 2826 1694 2901 paulo
1727 2831 1859 2899 post

201 2922 274 2979 ad
305 2918 512 2976 Siciliae
544 2925 885 2992 tyrannum,
926 2919 993 2974 ad
1057 2934 1232 2990 quem
1291 2916 1389 2974 ille
1449 2921 1514 2974 ut
1555 2917 1854 2974 dominum

201 3027 342 3068 suas
371 3009 633 3066 actiones
689 3007 998 3076 referebat,
1059 3011 1202 3064 sunt
1258 3006 1550 3080 perducti.
1602 3006 1858 3063 Isaacius

201 3117 336 3157 vero
369 3103 502 3172 post
529 3098 827 3154 victoriam
856 3097 1074 3152 n‘ultos
1130 3099 1426 3152 Romanos
1480 3096 1538 3150 in
1597 3111 1732 3152 suas
1761 3111 1856 3152 co-

203 3189 402 3246 hortes
433 3185 652 3256 retulit,
685 3185 909 3242 multos
940 3185 1280 3241 crudelibus
1311 3184 1500 3256 pcenis
1545 3183 1760 3254 ati'ecit,
1795 3188 1861 3240 ut

203 3282 331 3335 erat
359 3281 544 3333 tortor
571 3275 969 3343 inexorabilis,
1006 3279 1181 3346 atque
1222 3273 1376 3330 inter
1428 3276 1670 3330 caeteros
1701 3272 1856 3328 Ren-

202 3378 473 3426 lacenum
515 3367 821 3436 Basilium,
853 3367 947 3424 cui
979 3365 1226 3422 alterum
1255 3365 1457 3439 pedem
1487 3383 1520 3421 a
1549 3380 1703 3438 genu
1765 3380 1857 3420 se-

201 3457 632 3516 curiresecuit.
692 3461 825 3515 Erat
883 3457 934 3513 is
991 3457 1079 3512 vir
1135 3455 1648 3524 bellicosissimus,
1681 3458 1739 3512 et
1797 3459 1862 3511 ut

199 3548 486 3606 Achillem
518 3548 782 3617 thnix,
820 3547 900 3604 ita
933 3547 1058 3618 ipse
1082 3545 1222 3603 olim
1249 3545 1532 3603 lsaacium
1563 3549 1622 3601 et
1651 3545 1707 3600 in
1741 3543 1857 3602 elo-

205 3637 450 3712 quenlia
480 3642 535 3694 et
565 3637 624 3694 in
655 3653 716 3692 re
748 3635 992 3692 militari
1021 3634 1334 3692 erudierat.
1369 3637 1447 3691 Ac
1487 3633 1589 3691 tali
1625 3635 1860 3706 praemio

1970 2383 2105 2457 μετᾶ
2131 2382 2195 2436 τὸ
2241 2386 2539 2457 προσσχεῖν
2591 2381 2666 2443 εἰς
2715 2381 2844 2443 τοὺς
2903 2381 3143 2456 Κυπρὸοι
3203 2379 3427 2454 λιμένας
3475 2383 3618 2438 ἁπάο

1969 2493 2068 2544 σης
2126 2472 2434 2548 ἀγριώτερα
2490 2469 2782 2532 λαίλαπος
2853 2469 3048 2532 αὐτούς
3085 2491 3143 2526 τε
3190 2471 3295 2547 γὰρ
3329 2473 3356 2526 6
3387 2479 3486 2541 τῆς
3523 2473 3620 2530 Κύ-

1968 2582 2110 2636 πρου
2167 2565 2378 2637 κρατῶν
2447 2561 2711 2622 Ἰσαὰκιος
2775 2553 3068 2616 συλλαϐὼν
3123 2559 3495 2636 ἐτροπώσατο,
3530 2564 3618 2619 καὶ

1969 2653 1998 2708 6
2048 2655 2156 2708 τῶν
2206 2652 2333 2707 τότε
2375 2651 2512 2706 κατὰ
2557 2647 2828 2705 θάλατταν
2880 2653 3156 2724 πειρατῶν
3209 2649 3519 2725 κράτιστος,
3591 2654 3618 2709 6

1969 2740 2311 2817 Μεγαριίτης
2361 2737 2728 2813 καλούμενος,
2787 2736 3078 2812 ἐπαμύνων
3143 2739 3398 2815 Ἰσαακίῳ
3455 2741 3619 2798 ἆνωῖ-

1972 2831 2056 2888 στὶ
2087 2830 2306 2896 ἐπέθετο
2350 2835 2471 2892 ταῖς
2526 2829 2705 2898 ναυσὶ,
2761 2826 3134 2902 κεκενωμένας
3183 2829 3356 2906 εὑρὼν
3387 2835 3494 2886 τῶν
3525 2832 3615 2887 ἆνο

1971 2918 2113 2996 δρῶν
2147 2918 2224 2982 είς
2253 2919 2347 2975 τὸν
2377 2921 2634 2994 χερσαῖον
2667 2915 2916 2986 ἐξιόντων
2956 2915 3228 2990 πόλεμον.
3261 2919 3326 2975 Oi
3381 2915 3437 2974 δὲ
3494 2937 3616 2994 τρι.

1975 3010 2221 3086 ηράρχαι
2251 3009 2316 3064 οὐ
2379 3008 2543 3081 μόνον
2601 3003 2753 3061 οὐδέν
2811 3027 2866 3062 τι
2923 3007 3172 3082 γενναῖον
3229 3007 3612 3082 κατώρθωσαν,

1971 3098 2120 3157 ἀλλὰ
2139 3100 2229 3156 καὶ
2251 3097 2410 3174 χερσὶ
2441 3101 2547 3154 τῶν
2587 3095 2836 3152 ἐναντίων
2877 3097 3128 3170 εὐμαρῶς
3187 3093 3453 3152 ἑάλωσαν.
3518 3097 3614 3154 Καὶ

1974 3187 2168 3250 αὐτοὺς
2233 3189 2329 3262 μὲν
2388 3191 2469 3260 τῷ
2526 3184 2836 3264 Μεγαρείτῃ
2889 3182 3168 3241 ἐκδίδωσιν
3199 3184 3465 3249 Ἰσαάκιος
3494 3184 3546 3248 ἐς
3589 3186 3618 3241 ὅ

1971 3297 2024 3332 τι
2077 3274 2340 3354 βούλεται
2383 3277 2714 3356 χρήσασθαι·
2761 3274 2851 3330 καὶ
2881 3276 3014 3352 ξεῖχε
3061 3271 3286 3336 τούτους
3347 3274 3485 3344 μετὰ
3531 3295 3624 3346 μι-

1972 3367 2102 3444 κρὸν
2135 3365 2361 3423 Σικελία
2414 3365 2504 3422 καὶ
2566 3365 2594 3421 6
2646 3364 2851 3436 ταύτης
2902 3365 3182 3438 τύραννος,
3223 3363 3300 3428 εἲς
3323 3364 3382 3418 ὅν
3433 3363 3508 3426 ὡς
3539 3361 3625 3419 δε·-

1975 3459 2180 3528 σπότην
2224 3457 2252 3512 6
2293 3455 2634 3533 Μεγαρείτης
2657 3455 2877 3534 ἀνέφερε
2903 3455 2972 3510 τὰ
3000 3455 3217 3511 ἑαυτοῦ.
3251 3454 3314 3512 Ὀ
3355 3450 3402 3509 δ’
3449 3453 3620 3510 Ἰσαά-

1972 3569 2092 3610 κιος
2141 3544 2389 3609 πολλοὺς
2437 3546 2532 3620 μὲν
2592 3549 2701 3601 τῶν
2751 3542 3044 3618 Ῥωμαίων
3101 3545 3238 3618 μετᾶ
3293 3544 3391 3612 τὴν
3449 3543 3618 3614 ἠτταν

1973 3643 2090 3700 τοῖς
2122 3637 2348 3699 οἰκείοις
2385 3634 2636 3706 κατέλεξε
2679 3633 2885 3703 τέλεσι,
2918 3632 3172 3696 πολλοὺς
3205 3630 3265 3688 δὲ
3292 3633 3381 3689 καὶ
3412 3633 3627 3707 ἀγρίαις

201 3709 464 3784 Isaacius
494 3725 755 3784 omnium
801 3723 1139 3783 mortalium
1200 3724 1454 3782 maxime
1512 3724 1858 3794 iracundus,

1971 3731 2191 3792 ποιναῖς
2218 3721 2621 3795 καθυπὲϐαλεν,
2663 3725 2856 3786 ὁποῖος
2915 3722 3076 3786 οὗτος
3125 3723 3500 3799 ἀπαραίτητος
3545 3727 3618 3778 ῶν

203 3825 260 3874 et
291 3817 351 3872 in
381 3817 467 3872 ira
513 3815 720 3872 lebetis
777 3815 965 3872 instar
1043 3819 1393 3886 exmstuans,
1450 3830 1517 3870 ac
1578 3818 1860 3870 tremente

208 3911 408 3962 mento
441 3905 692 3961 absurde
720 3905 994 3976 loquens,
1027 3905 1408 3976 paedagogum
1441 3919 1616 3959 suum
1650 3911 1736 3960 est
1769 3919 1862 3960 re-

207 3998 577 4052 muneratus.
609 3995 917 4051 Nautieam
975 4009 1111 4051 vero
1167 3992 1416 4063 turbam,
1456 4010 1570 4066 quo
1614 3983 1860 4066 quisque

204 4083 398 4154 vellet,
431 4085 592 4142 abire
613 4084 767 4142 sivit.
801 4083 910 4150 Qui
944 4089 1225 4158 tanquam
1261 4099 1332 4140 ex
1379 4082 1659 4140 diuturno
1707 4101 1857 4141 nau-

204 4176 410 4249 fragio,
445 4192 576 4232 sero
609 4175 850 4232 domum
886 4176 1208 4244 redierunt,
1251 4174 1300 4231 si
1336 4174 1485 4232 485
1521 4174 1620 4246 qui
1654 4189 1722 4230 ex
1751 4174 1855 4231 tri-

205 4265 317 4322 bus
348 4263 520 4322 malis
555 4282 690 4336 uno,
751 4263 1018 4321 videlicet
1072 4264 1242 4332 mari,
1299 4262 1455 4321 fame
1513 4267 1615 4320 aut
1653 4267 1854 4334 morte,

205 4370 322 4411 non
350 4355 664 4427 perierant.

1966 3814 2268 3884 κολαστὴς,
2327 3814 2380 3870 ἐν
2451 3815 2538 3878 οἷς
2592 3815 2680 3869 καὶ
2750 3811 2842 3870 τὸν
2906 3812 3254 3884 Ῥιντακηνὸν
3312 3809 3622 3881 Βασίλειον,

1973 3906 2056 3980 [Ρ.
2080 3906 2206 3978 238]
2242 3903 2456 3960 πελέκει
2487 3901 2548 3958 ἐκ
2575 3907 2676 3958 τοῦ
2708 3903 2937 3980 γόνατος
2987 3903 3207 3978 θάτερον
3255 3905 3360 3956 τῶν
3416 3897 3600 3956 ποδῶν

1970 3995 2234 4070 ἐκτεμὼν.
2266 3997 2371 4054 Ἦν
2403 3993 2462 4051 δὲ
2491 3996 2520 4051 6
2571 3996 2710 4070 ἀνήρ
2759 3996 2917 4060 οὗτος
2965 3994 3183 4072 ἄριστος
3232 3994 3300 4052 τὰ
3346 3994 3614 4069 πολέμια,

1965 4086 2056 4143 καὶ
2113 4090 2192 4156 τῷ
2245 4085 2496 4159 Ὶσαακίῳ
2543 4083 2724 4160 τούτῳ
2786 4086 2863 4150 ὡς
2919 4083 3178 4161 Ἀχιλλεῖ
3240 4105 3376 4142 ποτε
3421 4084 3614 4154 Φοῖνιξ

1971 4171 2156 4246 μύθων
2187 4192 2246 4227 τε
2277 4171 2458 4247 ῥητήρ
2491 4171 2582 4227 καὶ
2611 4175 2719 4226 τῶν
2761 4170 3084 4246 πολεμικῶν
3135 4165 3310 4246 ἔργων
3371 4167 3620 4226 διδάσκα-

1969 4259 2066 4324 λος
2094 4261 2372 4338 πεφηνώς⁶
2411 4257 2788 4336 ὀργιλώτατος
2829 4257 2876 4314 δ’
2907 4259 2982 4315 ὢν
3012 4260 3316 4333 ἀνθρώπων
3367 4259 3395 4314 6
3445 4255 3622 4316 Ἰσαά-

1965 4373 2087 4416 κιος
2148 4351 2236 4408 καὶ
2293 4353 2429 4408 κατὰ
2507 4346 2718 4422 λέϐητα
2791 4349 3086 4428 καχλάζων
3150 4350 3232 4407 ἀεὶ
3297 4355 3376 4423 τῷ
3435 4351 3616 4424 θυμῷ,

203 4442 496 4520 παραφορὰ
553 4462 612 4496 τε
670 4443 1038 4518 φθεγγόμενος
1092 4441 1144 4498 ἐν
1203 4446 1284 4515 τῷ
1340 4439 1515 4517 χολᾷν
1577 4440 1668 4497 καὶ
1720 4441 1820 4512 τὴν
1868 4440 2018 4498 κάτω
2070 4443 2222 4517 γένυν
2241 4437 2554 4517 τρομαλέαν
2589 4437 2820 4510 δεικνὺς,
2862 4441 2952 4495 καὶ
2986 4439 3176 4504 ἄλλως
3208 4437 3265 4496 δὲ
3296 4439 3408 4514 οὐχ
3454 4436 3622 4514 ἱλαρα

202 4529 442 4605 θρέπτρα
493 4529 720 4586 ἐκτίνειν
778 4526 960 4601 εἰδὼς,
1025 4529 1250 4604 τοιαύτῃ
1308 4529 1554 4604 τιμωρίᾳ
1608 4531 1700 4586 τὸν
1759 4531 1954 4587 ἑαυτοῦ
2010 4525 2428 4596 καθυποϐἀλλει
2488 4526 2863 4607 παιδαγωγόν.
2923 4530 2996 4588 Τὸ
3054 4526 3114 4585 δὲ
3169 4528 3421 4585 ναυτικὸν
3475 4526 3619 4598 πλῆ-

202 4632 294 4684 θος
327 4616 447 4676 ἔνθα
477 4620 529 4674 οἱ
558 4619 696 4682 πδὸς
739 4617 950 4696 βουλῆς
981 4615 1240 4698 διαφῆκεν
1266 4619 1468 4701 ’ἰεσθαιδ
1497 4619 1550 4675 οἳ
1577 4620 1666 4676 καὶ
1699 4620 1773 4684 ὡς
1801 4619 1863 4676 ἐκ
1885 4620 2134 4696 ναυαγίου
2165 4625 2374 4696 μακροῦ
2403 4619 2620 4696 χρόνιοι
2647 4620 2715 4674 τὰ
2736 4619 2880 4676 ο¹ῗκοι
2911 4614 3232 4691 κατέλαϐον,
3285 4618 3406 4673 ’ὅσοι
3468 4617 3604 4680 τέως

203 4711 281 4784 μή
314 4714 479 4786 τριῶν
504 4710 580 4766 ἑνί
607 4731 714 4766 τινι
747 4709 896 4784 κακῷ
925 4705 1201 4780 θαλάσσης
1230 4709 1321 4764 καὶ
1352 4707 1524 4784 λιμοῦ
1563 4711 1652 4766 καὶ
1682 4708 1912 4781 τελετῆς
1945 4711 2292 4788 ἀπεγένοντο.

271 4805 410 4858 Cum
445 4801 616 4876 Mysti
643 4805 845 4875 aperte
887 4800 1263 4872 defecissent,
1323 4799 1396 4856 ab
1427 4801 1501 4857 iis
1534 4818 1682 4874 quos
1732 4801 1849 4858 dixi

2027 4802 2152 4858 Τῶν
2202 4797 2260 4856 δὲ
2327 4803 2525 4858 Μυσῶν
2581 4797 2907 4855 ἀποστασίαν
2987 4797 3403 4873 μελετησάντων
3461 4817 3614 4873 περι-

198 4891 460 4964 impulsi,
491 4892 808 4965 imperator
837 4891 1056 4948 bellum
1084 4889 1168 4947 eis
1199 4889 1394 4947 infert.
1431 4891 1541 4947 Sed
1574 4907 1680 4948 nec
1711 4890 1856 4948 illud

202 4983 670 5053 praetereundum
705 4985 811 5038 est.
847 4981 987 5038 Cum
1047 4979 1244 5037 Blachi
1308 4980 1600 5052 principio
1661 4980 1732 5036 ab
1791 4996 1858 5036 eo

197 5075 411 5126 conatu
445 5071 514 5126 ad
538 5088 710 5144 quem
751 5089 784 5128 a
831 5076 998 5128 Petro
1059 5075 1119 5126 et
1158 5074 1344 5127 Asane
1403 5069 1854 5140 inducebantur,

198 5161 278 5216 rei
310 5158 654 5217 difficultate
684 5161 893 5234 territi,
923 5161 1324 5229 abhorrerent,
1386 5161 1617 5230 fratres,
1659 5164 1724 5217 ut
1752 5177 1854 5234 po-

1969 4898 2132 4968 φανῇ,
2165 4891 2257 4946 καὶ
2288 4891 2558 4972 ἀρχηγῶν
2587 4893 2683 4946 τοῦ
2709 4893 2878 4946 κακοῦ
2935 4886 3094 4946 τοῦδε
3150 4889 3225 4943 ὠν
3284 4885 3480 4964 εἷ’ρηκα
3535 4907 3620 4964 γε·

1967 4978 2307 5056 γενημὲνων,
2348 4977 2506 5052 ἔξεισι
2571 4977 2829 5056 βασιλεὺς
2895 4979 3014 5034 κατ’
3071 4976 3269 5036 αὐτῶν.
3323 4979 3432 5052 (26)
3491 4977 3615 5049 Χρὴ

1967 5067 2025 5125 δὲ
2086 5070 2308 5126 κάκεῖνα
2373 5072 2450 5144 μὴ
2515 5066 2760 5146 παριδεῖν
2829 5068 3179 5146 ἀνιστόρητα.
3253 5067 3321 5127 Οἱ
3399 5065 3612 5141 Βλάχοι

1967 5155 2172 5215 ὤκνουν
2205 5160 2274 5216 τά
2319 5163 2512 5233 πρῶτα
2559 5159 2648 5214 καὶ
2679 5155 2975 5230 ἀπεπήδων
3033 5157 3169 5232 πρὸς
3228 5159 3325 5226 τὴν
3377 5154 3614 5212 ἀπόστοι⁹

1590 5278 1757 5341 Hier.
1790 5278 2004 5340 Wolﬁi
2033 5284 2220 5342 notas.

260 5418 372 5488 (25)
405 5417 603 5488 Posset
632 5413 694 5467 τὸ
725 5411 918 5488 eam};
952 5415 1131 5488 etiam
1181 5415 1254 5470 ad
1303 5415 1564 5488 corporis
1595 5416 1848 5487 proceri-

189 5485 622 5574 tatemnreferri,
655 5485 793 5557 quia
832 5485 1024 5555 ἡλικία
1071 5496 1126 5542 et
1163 5485 1425 5543 {etatem_
1453 5485 1848 5559 etjstaturam

196 5560 877 5707 El?£é?¥::'descri_bitur
901 5629 1002 5707 hic
1033 5629 1220 5696 locus,
1255 5633 1468 5707 utnon
1500 5632 1646 5707 satis
1675 5647 1848 5707 appa-

207 5699 302 5762 eat
358 5699 564 5760 utrum
629 5699 950 5760 subornata
1017 5718 1085 5760 an
1135 5717 1270 5760 vera
1337 5701 1573 5761 illorum
1615 5699 1846 5762 insania

1958 5416 2152 5472 fuerit.
2179 5415 2236 5472 Si
2271 5414 2650 5484 simularunt,
2685 5417 2850 5470 atrox
2876 5417 2966 5470 est
3021 5421 3077 5469 et
3126 5413 3243 5484 fere
3273 5412 3406 5483 plus
3439 5427 3619 5480 quam

1959 5488 2186 5544 Iberica
2234 5486 2535 5544 simulatio
2565 5483 2715 5542 ferro
2750 5502 2812 5540 se
2846 5484 3197 5541 lacerare.Si
3231 5483 3629 5548 insanierunt,

1957 5575 2075 5632 quo
2109 5565 2278 5629 pacto
2309 5560 2538 5616 edoceri
2593 5565 2904 5632 potuerunt
2961 5561 3027 5611 ut
3082 5573 3150 5612 ea
3210 5555 3472 5611 dicerent
3499 5573 3628 5626 quae

1957 5628 2130 5689 A'sani
2153 5637 2212 5688 et
2247 5631 2418 5690 Petro
2449 5628 2802 5705 placebant?

2020 6394 2344 6406 ...νε-
