4102 6446
398 376 517 443 733

1547 378 1645 439 DE
1689 378 2002 440 ISAACIO
2046 378 2371 442 ANGELO
2417 379 2569 442 LIB.
2618 384 2669 442 Ι.

3705 385 3826 445 734

397 535 481 569 σιν
515 511 592 576 εἷς
625 510 691 583 ἥν
718 510 986 588 ἰνήγοντο
1020 509 1155 588 πρὸς
1185 514 1283 566 τοῦ
1313 508 1521 586 Πέτρου
1551 511 1642 567 καὶ
1706 514 1803 566 τοῦ
1862 511 2020 568 Ἀσάν

2163 512 2466 583 pularibus
2498 514 2622 571 suis
2647 530 2783 572 eum
2817 517 3036 572 metum
3098 517 3445 584 adimerent,
3477 518 3663 574 edem
3708 536 3818 575 no-

398 606 461 661 τὸ
485 608 583 659 τοῦ
613 600 938 678 πράγματος
974 603 1207 675 μέγεθος
1243 601 1612 678 ὑφορώμενοι,
1650 603 1758 670 Γῆς
1817 597 1874 655 δὲ
1932 597 2043 655 δει-

399 692 519 755 λίας
552 692 752 762 ταύτης
792 691 920 753 τοὺς
953 690 1236 766 ὁμογενεῖς
1267 690 1563 764 ἀπάγοντες
1609 690 1661 744 οἱ
1717 690 2041 762 ταυτόαιμοι

395 781 681 856 εύκτήριον
745 779 1032 855 ἐδείμαντο
1094 780 1241 835 οἶκον
1309 778 1393 834 ἐπ’
1448 780 1673 852 ὀνόματι
1724 778 2043 854 Δημητρίου

388 876 488 928 τοῦ
539 871 1011 946 καλλιμάρτυρος,
1070 870 1147 933 εἰς
1204 869 1262 924 ὅν
1312 867 1561 931 πολλοὺς
1615 873 1724 923 τῶν
1782 866 2044 941 δαιμονο-

393 960 619 1032 λήπτων
653 959 1071 1035 συνηθροικότες
1094 958 1140 1029 ἐξ
1176 958 1432 1033 ἑκατέρου
1483 959 1694 1035 γένους,
1753 957 2042 1031 αἱμωποὺς

389 1052 481 1108 καὶ
515 1049 875 1129 διαστρόφους
915 1051 1009 1112 τὰς
1060 1050 1246 1124 κόρας,
1308 1048 1658 1125 λυσιχαίτας,
1715 1048 1807 1133 καὶ
1864 1047 2044 1104 τᾶλλα

389 1135 633 1216 ἀκριϐῶς
665 1137 1033 1210 διασώζοντας
1063 1138 1237 1194 ὁπόσα
1271 1140 1327 1193 οἱ
1358 1144 1475 1201 τοῖς
1519 1136 1749 1212 δαίμοσι
1804 1139 2041 1214 κάτοχοι

389 1229 837 1306 διαπράττονται,
892 1228 1077 1286 τοιάδε
1139 1230 1359 1292 τούτοις
1419 1229 1766 1284 ἐνθουσιῶσιν
1863 1228 2042 1283 ὑπετί-

392 1331 517 1385 θουν
552 1318 899 1400 φθέγγεσθαι,
932 1320 1011 1384 ὡς
1051 1320 1079 1375 ὁ
1110 1320 1246 1381 Θεὸς
1278 1322 1374 1373 τοῦ
1406 1322 1515 1374 τῶν
1562 1318 1897 1394 Βουλγάρων
1950 1317 2041 1372 καὶ

386 1414 494 1464 τῶν
551 1408 791 1484 Βλάχων
860 1409 1050 1485 γένους
1106 1406 1418 1482 ἐλευθερίαν
1477 1404 1754 1477 ηύδόκητε
1808 1406 1895 1460 καὶ
1945 1405 2042 1467 τοῦ

385 1499 609 1577 χρονίου
637 1503 799 1574 ζυγοῦ
837 1497 1128 1559 ,ἐπένευσεν
1176 1496 1558 1572 ἀπαυχένισιν,
1615 1496 1676 1549 οὗ
1736 1497 1903 1573 χάριν
1950 1495 2040 1549 καὶ

383 1610 475 1644 τον
531 1588 991 1664 Χριστομάρτυρα
1041 1587 1356 1660 Δημήτριον
1420 1583 1713 1639 ἀπολιπεῖν
1778 1584 1875 1656 μέν
1941 1585 2041 1651 τὴν

385 1677 824 1735 Θεσσαλονικέων
877 1674 1227 1751 μητρόπολιν
1294 1674 1382 1730 καὶ
1440 1674 1574 1728 νεὼν
1634 1674 1725 1729 τὸν
1783 1672 1895 1728 ἐκεῖ
1951 1673 2040 1727 καὶ

383 1769 479 1829 τὰς
509 1768 657 1842 παρὰ
689 1766 988 1838 Ῥωμαίοις
1038 1758 1341 1839 διατριϐὰς,
1392 1763 1446 1826 ἐς
1495 1759 1541 1818 δ’
1591 1761 1790 1825 αὐτοὺς
1840 1758 2036 1842 ἀφικέ-

384 1859 506 1913 σθαι
564 1856 638 1916 ὡς
723 1853 1062 1929 ἐπαρήξοντα
1133 1853 1226 1908 καὶ
1311 1851 1673 1927 συλλήπτορα
1725 1856 1825 1907 τοῦ
1879 1851 2039 1927 ἔργου

389 1947 667 2021 ἐσόμενον.
704 1945 1219 2019 Ἀνακωχευόμενοι
1271 1941 1327 1998 δὲ
1364 1944 1498 2018 ηρὸς
1538 1943 1721 2022 βραχὺ
1766 1945 1820 1998 οἱ
1860 1942 2035 2017 παρά-

394 2034 761 2114 φοροιοῦτοι,
820 2034 911 2089 καὶ
967 2034 1168 2113 αἳφνης
1214 2034 1276 2089 τὸ
1333 2038 1547 2106 πνεῦμα
1611 2032 1804 2087 πλεῖον
1836 2030 2037 2088 συλλέ-

400 2147 611 2201 γοντες,
689 2125 1184 2198 ἐπιληπτευόμενοι
1279 2122 1434 2189 αὖθις
1508 2118 1852 2179 διεσοϐοὖντο
1939 2123 2031 2179 καὶ

390 2210 563 2269 ἐϐόων
616 2214 952 2270 ἐνθεαστικὸν
1011 2214 1101 2267 καὶ
1141 2210 1395 2289 διάτορον
1456 2214 1533 2286 μή
1593 2216 1733 2269 εἶναι
1791 2214 1855 2268 τὸ
1931 2213 2037 2266 ἀπὸ

386 2299 547 2358 τοῦδε
575 2301 735 2376 ἓδρας
768 2303 972 2375 ἀκμὴν,
1006 2300 1134 2358 ἀλλ’
1189 2301 1336 2357 ὅπλα
1406 2301 1542 2376 μετὰ
1606 2307 1796 2377 χεῖρας
1850 2295 2038 2356 λαϐεῖν

385 2392 476 2447 καὶ
506 2390 807 2464 Ῥωμαίοις
838 2390 1008 2464 ὁμόσε
1074 2397 1301 2469 χωρεῖν,
1362 2392 1489 2455 τοὺς
1554 2388 1612 2445 δὲ
1665 2412 1726 2465 γε
1779 2390 2034 2463 συλλαμ-

385 2476 719 2556 ϐανομένους
749 2481 887 2536 κατὰ
915 2481 1159 2554 πόλεμον
1206 2482 1281 2552 μή
1319 2485 1564 2556 ζωγρεῖν,
1594 2478 1724 2535 ἀλλ’
1768 2479 2041 2557 ἀποσφάτι

376 2590 488 2625 τειν
554 2569 643 2625 καὶ
702 2568 1043 2625 κατακαίνειν
1104 2569 1374 2640 ἀνηλεῶς,
1430 2566 1560 2641 μηδ’
1647 2566 1736 2624 ἒπὶ
1809 2567 2039 2643 λύτροις

378 2660 612 2738 ἀφιέναι,
673 2658 803 2734 μηδ’
865 2659 1298 2734 ἐπικάμπτεσθαι
1367 2656 1609 2730 δεήσεσι,
1666 2656 1809 2734 μηδὲ
1874 2680 2035 2735 γονυ-

378 2749 620 2814 κλισίαις
680 2749 1031 2822 θηλύνεσθαι,
1096 2749 1224 2806 ἀλλ’
1282 2748 1465 2826 ὥσπερ
1517 2751 1670 2813 τινὰς
1729 2748 2036 2825 ὰδάμαντας

379 2842 516 2915 πρὸς
548 2846 721 2896 πᾶσαν
765 2836 1083 2903 ἀνενδότους
1150 2837 1284 2894 εἶναι
1332 2837 1679 2915 παράκλησιν
1735 2839 1824 2893 καὶ
1882 2838 2034 2913 φθεί-

382 2949 491 3004 ρειν
563 2927 942 3001 ἁπαξάπαντας
995 2926 1125 2991 τοὺς
1186 2927 1622 3005 συλληφθέντας.
1711 2928 1840 2983 ’Υπὸ
1923 2930 2039 2983 θεο-

378 3019 607 3094 πρόπων
638 3017 733 3073 οὖν
790 3017 1056 3074 τοιούτων
1095 3016 1224 3073 ὅλον
1278 3019 1343 3073 τὸ
1410 3018 1563 3093 γένος
1621 3017 2034 3093 ἰξομιληθέντες

377 3112 486 3162 τῶν
521 3105 710 3163 ὅπλων
743 3108 974 3169 ἅπαντες
1000 3105 1264 3181 γίνονται.
1298 3107 1404 3165 Καὶ
1455 3107 1532 3171 ὠς
1576 3106 1770 3164 αὐτίκα
1828 3107 2033 3180 εύημε-

382 3199 524 3274 ρήθη
556 3197 773 3260 τούτοις
802 3198 870 3252 τὰ
898 3204 998 3268 τῆς
1039 3198 1390 3268 ἁποστασὶας,
1442 3197 1520 3254 ἔτι
1582 3198 1798 3273 μᾶλλον
1851 3195 2033 3257 ἔθεντο

378 3292 448 3362 τῇ
478 3285 762 3363 ἐλευθερίᾳ
790 3308 939 3365 σφων
970 3284 1283 3343 ἐπευδοκεῖν
1310 3289 1402 3344 τὸν
1459 3289 1606 3345 Θεόν.
1667 3288 1773 3345 Καὶ
1835 3290 2028 3363 μικρὸν

377 3378 727 3453 ἡγησάμενοι
756 3377 819 3433 τὸ
873 3384 993 3442 καθ’
1051 3379 1276 3442 ἑαυτοὺς
1330 3377 1518 3434 ἄνετον
1585 3379 1676 3434 καὶ
1733 3377 2028 3449 ἀπόλυτον,

380 3466 470 3523 καῖ
499 3469 633 3523 κατὰ
679 3472 789 3523 τῶν
847 3465 1043 3523 ἃποθεν
1103 3472 1201 3522 τοῦ
1257 3465 1437 3541 Α’ίμου
1494 3466 1874 3542 κωμοπόλεων
1937 3470 2025 3524 καὶ

379 3559 725 3633 συγκτησεων
776 3555 1240 3629 ἐμπλατύνονται.
1300 3564 1529 3632 Ἀτερος
1585 3554 1643 3610 δὲ
1696 3560 1809 3612 τῶν
1865 3558 2026 3630 ὁμαισ

382 3648 562 3723 μόνων
595 3649 623 3703 ὁ
678 3647 884 3722 Πέτρος
943 3645 1034 3701 καὶ
1095 3645 1428 3724 στεφανίσκῳ
1486 3644 1705 3721 χρυσέῳ
1762 3642 2028 3701 διαδεῖται

374 3740 474 3809 τὴν
516 3738 781 3815 κεφαλὴν,
812 3738 1051 3799 καὶτοῖς
1116 3735 1278 3791 ποσὶν
1333 3733 1674 3812 ὑπορῤάπτει
1730 3734 1821 3790 καὶ
1874 3754 2026 3810 περι-

375 3827 559 3898 τίθησι
650 3821 988 3905 κοκκοϐαφὲς
1062 3824 1307 3882 πέδιλον.
1387 3828 1473 3899 Τῇ
1549 3822 1607 3880 δὲ
1707 3821 2028 3899 Πρισθλάϐᾳ

376 3911 781 3992 προσϐαλόντες
836 3913 1027 3987 (πόλις
1080 3911 1128 3970 δ’
1187 3915 1322 3985 αὕτη
1391 3913 1623 3992 ὠγυγία,
1684 3913 1743 3969 ἐκ
1791 3913 2027 3978 πλίνθου

372 4011 513 4062 πᾶσα
546 4006 743 4076 ὀπτῆς,
774 4008 867 4060 καὶ
937 4004 1202 4077 πλείστην
1257 4006 1388 4076 ὅσην
1444 4005 1567 4080 περὶ
1599 4004 1689 4060 τὸν
1722 4007 1896 4078 Αἶμον
1927 4005 2025 4073 τήν

376 4096 706 4172 περίμετρον
756 4093 981 4171 ἔχουσα)
1038 4096 1113 4157 ὡς
1170 4094 1270 4151 οὐκ
1325 4093 1609 4150 ἀκίνδυνον
1665 4095 1851 4168 ἑώρων
1922 4095 2023 4164 τήν

371 4183 762 4256 πολιόρκησιν,
796 4182 974 4255 ξαύτήν
1016 4185 1099 4256 [Ρ.
1161 4186 1289 4258 239]
1350 4184 1444 4258 μὲν
1504 4181 2023 4257 ἀντιπαρέρχονται,

370 4275 460 4327 τὸν
500 4270 546 4326 δ’
598 4274 783 4344 Αἷμον
845 4269 1341 4351 ύποκατέρχονται,
1398 4275 1736 4348 Ῥωμαϊκαῖς
1795 4271 1841 4327 δ’
1910 4273 2024 4328 έτέ-

374 4380 493 4436 ραις
550 4360 1078 4436 ἐπικαταρῥαγέντες
1160 4363 1567 4438 ἀπροσδόκητοι
1659 4360 2022 4436 κωμοπόλεσι

370 4448 557 4506 πολλὰ
594 4452 686 4524 μὶν
722 4450 950 4523 σώματα
980 4451 1273 4523 Ῥωμαίων
1313 4450 1593 4528 ἐλεύθερα,
1653 4450 1907 4515 πολλοὺς
1966 4451 2022 4508 δὲ

370 4542 503 4615 βόας
554 4540 642 4596 καὶ
702 4540 968 4615 ὑποζύγια
1021 4541 1117 4597 καὶ
1194 4546 1301 4598 τῶν
1372 4541 1560 4599 ἄλλων
1653 4544 2020 4617 βοσκημάτων

370 4631 567 4707 χρῆμά
593 4652 645 4686 τι
671 4631 774 4687 οὐκ
817 4628 1113 4705 ἐλάχιστον
1179 4629 1590 4703 διαρπάζουσιν.
1633 4633 1836 4704 Ἔξεισι
1901 4632 2017 4688 τοί-
2061 4636 2097 4697 ᾗ

373 4743 464 4776 νυν
499 4722 616 4777 κατ’
655 4720 830 4776 αὐτῶν
865 4721 1152 4788 Ἰσαάκιος,
1194 4721 1262 4779 Οἱ
1294 4718 1352 4776 δὲ
1402 4726 1512 4776 τῶν
1562 4719 1894 4798 δυσχωριῶν
1932 4724 2023 4778 καὶ

370 4805 733 4887 ἀπροσϐάτων
767 4810 923 4874 αὗθις
953 4805 1346 4881 ἐπιλαϐόμενοι
1391 4810 1653 4886 ἀντέσχον
1710 4810 1797 4865 ἐπὶ
1854 4810 2021 4868 πολύ.

368 4900 573 4978 Γνόφου
605 4897 661 4953 δέ
700 4899 845 4972 παρᾶ
876 4896 1031 4970 δόξαν
1064 4894 1362 4959 ἀναϐάντος
1407 4899 1509 4954 ὑπὸ
1566 4904 1721 4969 Θεοῦ,
1781 4898 1841 4961 ὅς
1902 4901 2024 4954 σκό-

365 4992 456 5052 τος
520 4989 706 5059 τίθησι
766 4988 865 5058 τὴν
927 4987 1132 5044 οἴκείαν
1199 4983 1546 5061 ἂποκρυϐἡν,
1604 4987 1694 5043 καὶ
1759 4990 1824 5043 τὰ
1918 4986 2020 5063 ὅρη

366 5076 709 5154 καλύψαντος
739 5079 770 5133 ἃ
803 5077 1029 5151 ἐτήρουν
1064 5078 1115 5132 οἱ
1157 5073 1426 5153 Βάρϐαροι
1452 5077 1545 5139 τὰς
1595 5081 1703 5133 τῶν
1752 5076 2018 5151 παρόδων

370 5167 553 5229 στενὰς
654 5165 1110 5243 προλοχίσαντες,

2155 601 2308 657 mine
2338 603 2603 675 prwclari
2649 606 2923 678 martyris
2981 606 3252 662 Demetrii
3311 607 3694 678 aediﬁcarunt,
3757 609 3814 665 in

2156 708 2405 765 eamque
2438 693 2657 749 multos
2679 694 3073 751 daemoniacos
3125 694 3436 767 utriusque
3479 713 3653 752 sexus
3684 714 3815 754 cos-

2151 784 2495 854 gerunt,qui
2529 784 2790 839 cruentis
2813 788 2870 840 et
2902 786 3192 856 perversis
3226 785 3467 857 pupillis
3499 786 3818 858 effusisque

2151 871 2420 927 crinibus
2443 881 2649 927 caetera
2671 874 2869 929 omnia
2891 873 3184 945 exquisite
3224 876 3655 946 exprimebant,
3684 893 3812 949 quae

2151 960 2207 1015 id
2241 975 2428 1033 genus
2450 960 2756 1017 hominum
2791 963 3027 1034 propria
3045 962 3258 1032 habet;
3287 979 3503 1034 eosque
3526 964 3812 1020 docebant

2151 1049 2211 1105 in
2246 1050 2440 1106 furore
2470 1052 2736 1123 proloqui
2762 1056 2873 1107 Deo
2896 1053 3084 1109 visum
3106 1069 3235 1109 esse
3267 1058 3333 1108 ut
3366 1069 3509 1126 gens
3533 1052 3813 1125 Bulgaro-

2150 1155 2276 1194 rum
2306 1144 2364 1195 et
2385 1140 2736 1197 Blachorum
2762 1142 3043 1198 diuturno
3088 1143 3229 1213 jugo
3278 1159 3527 1199 excusso
3577 1142 3813 1200 liberta-

2148 1232 2266 1284 tem
2291 1235 2715 1303 consequatur,
2750 1246 2935 1304 eaque
2957 1232 3029 1287 de
3052 1247 3232 1288 causa
3254 1231 3474 1289 Christi
3498 1236 3810 1305 martyrem

2149 1319 2534 1388 Demetrium,
2567 1320 2768 1375 relicta
2800 1321 3111 1392 metropoli
3142 1320 3565 1378 Thessalonica
3595 1330 3649 1377 et
3686 1323 3806 1378 aeds

2146 1411 2666 1481 Romanorumque
2695 1410 3219 1481 consuetudine,ad
3252 1410 3411 1483 ipsos
3446 1412 3804 1483 pervenisse,

2153 1498 2495 1567 adjuturum
2529 1499 2585 1553 id
2620 1517 2788 1570 opus.
2822 1499 3005 1572 Igitur
3054 1500 3330 1556 vecordes
3380 1500 3479 1556 isti
3536 1500 3806 1559 homines

2148 1587 2385 1659 paulum
2419 1588 2654 1656 morati,
2687 1595 2740 1644 el
2773 1588 2969 1645 subito
3028 1589 3251 1660 majore
3313 1589 3519 1659 spiritu
3566 1589 3807 1647 collecto

2147 1692 2358 1732 rursus
2389 1675 2648 1743 alienati,
2682 1678 3147 1749 exagitabantur,
3176 1681 3235 1733 et
3277 1677 3435 1734 clara
3471 1695 3612 1735 voce
3650 1679 3805 1736 486

2148 1766 2316 1838 quasi
2349 1766 2591 1822 numine
2611 1767 2793 1822 afﬂati
2814 1765 3199 1824 clamitabant
3230 1784 3343 1824 non
3377 1768 3633 1841 amplius
3656 1769 3809 1825 desi-

2149 1854 2259 1910 diae
2284 1871 2413 1911 esse
2443 1854 2661 1923 locum,
2695 1857 2795 1913 sed
2825 1856 3071 1929 arreptis
3113 1857 3296 1913 armis
3318 1856 3613 1914 Romanos
3644 1858 3805 1915 inva-

2149 1943 2373 2000 dendos
2401 1960 2531 2001 esse
2562 1962 2576 2013 ;
2612 1949 2669 2001 et
2700 1945 2881 2017 quiin
2915 1946 3067 2002 bello
3098 1951 3465 2019 caperentur,
3499 1964 3614 2005 non
3666 1965 3806 2006 con-

2150 2037 2468 2089 servandos
2502 2040 2604 2091 aut
2658 2036 3017 2106 vendendas,
3077 2038 3179 2093 sed
3240 2036 3625 2094 inclementer
3652 2039 3805 2095 occi-

2151 2122 2374 2178 dendos
2405 2139 2555 2190 esse,
2589 2126 2646 2179 et
2679 2139 2842 2193 prece
2872 2128 2930 2180 et
2986 2127 3171 2198 pretio
3230 2126 3574 2198 repudiatis,
3618 2142 3805 2200 neque

2149 2212 2336 2284 magis
2368 2212 2488 2268 ulla
2512 2212 2898 2269 obtestatione
2930 2214 3146 2271 moveri
3167 2221 3432 2287 oportere
3459 2233 3635 2288 quam
3671 2217 3807 2273 ada-

2149 2306 2433 2357 mantem.
2463 2303 2608 2358 Tota
2640 2302 2819 2373 igitur
2846 2319 2991 2376 gens
3021 2321 3054 2360 a
3084 2304 3302 2361 talibus
3341 2305 3574 2363 vatibus
3604 2305 3805 2363 conci-

2148 2393 2269 2446 tata
2298 2393 2366 2446 ad
2404 2408 2571 2449 arma
2601 2393 2946 2463 concurrit;
3011 2398 3067 2450 et
3124 2399 3190 2449 ut
3245 2394 3414 2451 initia
3460 2395 3801 2453 defectionis

2147 2480 2443 2553 auspicata
2477 2482 2731 2549 fuerunt,
2792 2482 2975 2553 magis
3033 2484 3208 2540 etiam
3262 2485 3562 2541 credidere
3613 2485 3797 2541 Deum

2146 2568 2408 2625 libertati
2444 2587 2564 2627 suae
2594 2571 2797 2627 favere.
2831 2573 2945 2627 Nec
2974 2588 3042 2628 ea
3076 2574 3332 2629 contenti
3366 2574 3422 2629 in
3483 2575 3701 2648 oppida
3747 2581 3803 2631 et

2147 2659 2367 2730 praedia
2398 2659 2469 2714 ab
2500 2664 2701 2715 Haemo
2733 2665 2956 2717 remota
2985 2662 3417 2720 diffunduntur.
3458 2663 3617 2719 Alter
3669 2680 3802 2720 vero

2147 2749 2393 2804 fratrum
2426 2752 2631 2806 Petrus
2662 2765 2901 2806 auream
2934 2750 3211 2807 corollam
3246 2752 3493 2825 imponit
3533 2753 3710 2826 capiti
3744 2758 3804 2811 et

2147 2839 2396 2911 pedibus
2455 2840 2759 2897 coccineos
2815 2838 3039 2897 calceos
3099 2840 3365 2898 inducit.‘
3402 2841 3798 2900 Pristhlabam

2147 2929 2406 3002 aggressi
2442 2929 2606 3002 (urbs
2639 2946 2705 2987 ea
2736 2931 2957 3005 Ogygia
2984 2932 3502 3001 est,totalatericia
3521 2937 3579 2988 et
3613 2934 3801 2990 maxi-

2146 3035 2309 3076 mum
2343 3020 2525 3077 Haemi
2552 3021 2811 3093 spatium
2843 3021 3167 3095 complexa)
3204 3026 3268 3078 ut
3298 3022 3799 3095 oppugnationem

2146 3126 2261 3166 non
2299 3126 2429 3167 esse
2450 3114 2636 3166 tutam
2671 3112 2963 3181 videbant,
3026 3129 3094 3168 ex
3152 3113 3446 3186 praeterita
3501 3131 3570 3169 ex
3604 3113 3803 3170 Haemo

2144 3201 2507 3257 descendunt
2541 3226 2556 3269 ;
2582 3207 2641 3257 et
2668 3201 2933 3258 Romana
2962 3203 3177 3275 oppida
3206 3203 3401 3260 subito
3433 3203 3621 3260 adorti
3652 3203 3806 3259 mul-

2074 3270 2116 3335 C
2147 3294 2237 3348 tos
2268 3292 2555 3364 ingenuos
2586 3291 2876 3361 homines,
2937 3270 3155 3351 multos
3214 3294 3388 3351 boves
3445 3300 3504 3351 et
3531 3294 3807 3364 jumenta

2145 3381 2510 3453 aliarumque
2570 3382 2860 3455 pecudum
2924 3383 3222 3455 ingentem
3282 3384 3432 3440 487
3486 3399 3800 3440 numerum

2145 3472 2462 3528 abducunt.
2486 3472 2704 3528 Isaacio
2732 3473 3082 3528 adventante
3104 3490 3312 3529 rursus
3342 3473 3401 3529 in
3425 3473 3715 3546 angustiis
3747 3477 3805 3530 et

2143 3559 2461 3616 inaccessis
2494 3559 2638 3616 locis
2669 3560 2851 3616 abditi
2878 3561 2977 3616 diu
3007 3561 3368 3619 restiterunt.
3400 3563 3509 3618 Sed
3553 3562 3804 3636 caligine
3868 3630 3873 3637 ι

2142 3653 2350 3720 praeter
2375 3650 2869 3720 exspectationem
2904 3667 2938 3705 ο.
2968 3654 3107 3715 Deo,
3142 3651 3316 3720 cujus
3349 3650 3584 3725 latebras
3612 3652 3672 3707 in
3702 3656 3801 3708 te-

2143 3737 2339 3795 nebris
2371 3744 2532 3805 sunt,
2566 3738 2840 3806 excitata,
2873 3742 2930 3794 et
2962 3742 3194 3794 montes
3219 3756 3367 3811 quos
3388 3739 3799 3797 Barbariaditu

2140 3827 2548 3900 angustiarum
2609 3829 2854 3885 obsesso
2916 3829 3239 3885 tuebantur
3287 3830 3635 3902 involvente,
3688 3831 3800 3888 Ro-

2141 3918 2297 3973 mani
2331 3934 2431 3974 eos
2481 3919 2884 3991 imprudentes
2943 3924 3408 3991 oppresserunt;
3468 3924 3526 3977 et
3581 3925 3800 3978 terrore

2139 4007 2420 4064 attonitos
2449 4007 2531 4063 ita
2561 4007 2949 4080 dissiparant,
2981 4013 3049 4064 ut
3086 4008 3225 4066 mali
3258 4010 3428 4066 istius
3450 4015 3720 4068 auctores
3739 4015 3799 4069 et

2136 4098 2317 4155 duces
2349 4115 2482 4154 cum
2517 4099 2840 4155 amicorum
2873 4103 3051 4166 cantu,
3084 4103 3149 4155 ut
3180 4098 3276 4156 ille
3303 4116 3610 4172 porcorum
3652 4117 3794 4174 grex

2137 4186 2194 4241 in
2226 4186 2522 4260 evangelio
2555 4188 2612 4242 in
2648 4203 2826 4253 mare,
2855 4188 2937 4243 ita
2966 4187 3076 4259 ipsi
3113 4188 3169 4242 in
3211 4189 3429 4245 Istrum
3491 4189 3683 4263 illapsi
3719 4192 3789 4246 ad

2136 4275 2421 4331 finitimos
2451 4276 2697 4349 Scythas
2728 4277 3084 4348 trajicerent.
3123 4278 3449 4350 Imperator
3476 4295 3634 4349 vero,
3660 4296 3795 4336 cum

2134 4364 2370 4421 nemine
2401 4381 2641 4436 prorsus
2675 4365 3021 4437 prohibente
3080 4369 3265 4422 totam
3309 4368 3553 4441 Mysiam
3590 4385 3792 4439 perva-

2133 4453 2258 4528 gari
2288 4458 2346 4510 et
2378 4455 2646 4528 prasidia
2676 4455 2733 4509 in
2765 4455 2963 4523 urbes,
2996 4471 3120 4524 quae
3151 4455 3441 4530 pleraeque
3473 4458 3532 4513 in
3592 4458 3788 4516 Hmmo

2133 4547 2289 4613 sunt,
2324 4544 2424 4599 sed
2461 4542 2657 4615 plures
2689 4560 2756 4598 ac
2788 4542 2984 4616 potius
3017 4544 3135 4600 fere
3165 4546 3449 4603 omnesin
3483 4550 3795 4621 praeruptis

2133 4632 2379 4705 rupibus
2397 4636 2453 4689 et
2483 4632 2791 4689 altissimis
2818 4631 3065 4689 tumulis
3087 4636 3794 4704 exslructzeﬁntroducere

2135 4719 2642 4788 liceret,neutrum
2670 4720 2935 4786 fecit,sed
2960 4721 3217 4776 cumulis
3240 4723 3512 4778 frumenti
3534 4723 3795 4779 incensis

2135 4809 2472 4883 supplicum
2499 4808 2848 4865 Blachorum
2877 4809 3141 4865 conﬁctis
3167 4810 3362 4866 verbis
3376 4812 3654 4884 deceptus
3669 4817 3793 4867 sta-

2133 4903 2239 4958 tim
2267 4906 2419 4957 retro
2439 4899 2832 4967 abiit,relictis
2858 4900 2976 4957 illis
3000 4900 3176 4956 rebus
3199 4902 3393 4958 adhuc
3416 4902 3584 4971 plane
3627 4902 3790 4959 exul-

2133 4992 2362 5048 ceratis.
2423 4989 2588 5047 Unde
2648 4990 2862 5046 factum
2924 4994 2989 5044 ut
3030 4989 3258 5047 Barbari
3288 4991 3573 5049 Romanis
3604 4993 3789 5049 auda-

2134 5082 2261 5137 cius
2292 5080 2665 5136 insultarent.

1195 5162 1389 5223 ἔλαθον
1467 5168 1727 5244 Ῥωγαῖοι
1804 5165 1981 5242 λάθρα
2055 5166 2240 5231 αὐτοῖς
2314 5166 2648 5237 ἐπιστάντες,
2724 5165 2814 5221 καὶ
2893 5163 3334 5239 διασκεδάζουσιν
3413 5170 3558 5225 οὕτω
3631 5192 3794 5227 κατα-

364 5261 580 5332 πλῆγας
621 5257 859 5331 θέμενοι.
911 5256 1015 5313 Καὶ
1047 5256 1099 5312 οἳ
1134 5256 1228 5330 μὶν
1261 5255 1509 5332 ἀρχηγοὶ
1537 5260 1635 5310 τοῦ
1699 5259 1867 5310 κακοῦ
1942 5256 2032 5311 καὶ
2064 5263 2165 5329 τῆς
2240 5259 2515 5333 στρατιᾶς,
2547 5256 2574 5311 ὃ
2623 5256 2829 5332 Πέτρος
2874 5254 3090 5327 δηλαδή
3151 5259 3240 5314 καὶ
3300 5261 3480 5331 Ἀσὰν,
3516 5262 3607 5315 καὶ
3666 5260 3790 5317 ὅσον

362 5346 716 5423 περὶαύτοὺς
794 5346 1067 5421 ἑταιρικὸν
1127 5347 1509 5418 ἀποστατικὸν,
1585 5345 1721 5400 κατὰ
1757 5345 1856 5413 τήν
1934 5350 2043 5401 τῶν
2120 5343 2488 5423 εὐαγγελικῶν
2558 5344 2768 5422 χοίρων
2830 5344 3032 5422 ἀγέλην
3103 5348 3177 5411 ὡς
3238 5348 3314 5412 εἷς
3366 5349 3638 5407 Θάλασσαν
3693 5352 3788 5407 τὸν

362 5438 572 5511 Ἴστρον
633 5432 926 5510 ὢρμησαν,
997 5437 1092 5490 καὶ
1149 5440 1342 5491 τοῦτον
1400 5432 1877 5509 διαπλωϊσάμενοι
1951 5439 2070 5499 τοῖς
2111 5434 2171 5491 ἐκ
2227 5430 2478 5509 γειτόνων
2532 5433 2771 5498 Σκύθαις
2829 5435 3183 5509 προσέμιξαν’
3270 5439 3298 5492 ὁ
3373 5436 3431 5495 δὲ
3529 5438 3787 5517 βασιλεὺς

359 5526 492 5581 κατὰ
548 5522 774 5594 πολλὴν
832 5528 929 5580 τοῦ
982 5523 1332 5589 κωλύσοντος
1414 5523 1648 5599 ἐρημίαν
1746 5529 1917 5579 πᾶσαν
1996 5525 2096 5594 τὴν
2158 5523 2367 5583 Μυσίαν
2431 5520 2583 5598 ’ἔχων
2667 5521 2973 5598 περιελθεῖν
3048 5525 3140 5580 καὶ
3197 5529 3439 5605 φρουρὰν
3497 5527 3787 5599 ἐπιστῆσαι

359 5619 474 5676 ταῖς
551 5612 723 5669 ἐκεῖσε
797 5611 1048 5682 πόλεσιν,
1079 5614 1135 5669 αἳ
1210 5614 1416 5671 πολλαὶ
1471 5615 1564 5690 μὲν
1641 5613 1746 5669 εἶσι
1821 5613 1959 5670 κατᾶ
2032 5614 2126 5669 τὸν
2186 5615 2386 5686 Αἷμον,
2462 5612 2518 5667 αἶ
2594 5608 2651 5666 δὶ
2688 5612 2991 5687 πλείομςῆ
3025 5620 3156 5692 γοῦν
3189 5616 3391 5673 ἅπασαι
3428 5616 3627 5694 σχεδὸν
3666 5618 3783 5673 ἐπὶ·

357 5709 567 5779 πετρῶν
597 5700 893 5778 ἀποτόμων
966 5704 1056 5759 καὶ
1135 5708 1432 5785 μερινεφῶν
1511 5702 1778 5784 γηλόφων
1833 5701 2251 5781 πεπολισμέναι,
2325 5705 2575 5759 τοιοζτον
2657 5702 2844 5775 μέντοι
2884 5701 3038 5760 οὐδὲν
3115 5726 3169 5763 τι
3244 5706 3334 5762 καὶ
3410 5705 3777 5784 διαπέπραχε,
