4102 6408
316 387 434 447 ’139

1639 383 1946 446 ΝΙΕΕΤλΕ
1989 385 2420 446 CHONIA'I‘AS

3575 421 3580 428 ε
3627 393 3750 452 740

318 539 628 582 manorum
653 539 783 596 quae
841 525 1143 595 acceperat
1200 522 1344 579 satis
1404 521 1619 578 habere
1663 520 1873 577 virium
1905 519 1974 576 ad

2089 517 2180 574 καὶ
2229 519 2277 575 εἰ
2335 518 2750 584 διαπετάσαντες
2803 521 2900 584 τὰς
2957 523 3135 588 πύλας
3190 523 3351 580 αὐτὸν
3383 520 3712 596 εἰσδέξονται

310 614 606 686 juvandos
637 617 884 671 conatus
915 629 1054 670 suos
1083 617 1244 668 ratus
1274 613 1434 682 (nam
1479 610 1759 667 ltomanis
1804 608 1978 682 legio-

322 706 503 761 nibus
532 707 766 759 tantum
801 719 914 758 non
951 701 1167 785 fidebat
1197 709 1259 757 ut
1297 701 1383 757 eis
1441 701 1752 758 consilium
1803 714 1976 755 suum

323 793 551 864 aperire
583 792 840 862 auderet)
871 793 1138 846 eamdem
1171 790 1325 846 viam
1357 797 1415 847 et
1445 791 1570 862 ipse
1595 789 1823 862 ingredi
1867 793 1980 844 sta-

318 883 436 938 tuit
463 899 592 955 quas
625 881 911 936 Isaacium
943 883 1013 936 ad
1049 880 1361 950 imperium
1397 878 1982 952 perduxissethitur

321 988 600 1043 magnum
635 970 692 1026 S.
727 970 958 1042 Sophiaa
993 969 1272 1041 templum
1305 970 1628 1041 ingressus,
1669 970 1728 1023 in
1784 967 1978 1024 medio

317 1065 486 1116 stans
508 1075 678 1131 opem
706 1058 1130 1114 introeuntium
1155 1064 1362 1114 contra
1387 1059 1646 1129 iniquam
1669 1061 1726 1114 et
1749 1072 1978 1128 perver-

319 1167 440 1207 sam
472 1149 843 1222 imperatoris
884 1150 1053 1216 iram,
1089 1165 1262 1220 quem
1315 1149 1479 1206 nulla
1529 1165 1590 1204 re
1639 1148 1982 1204 offendisset

318 1256 509 1311 neque
539 1238 862 1310 quidpuam
901 1247 1108 1310 praeter
1169 1238 1450 1294 mandata
1507 1243 1566 1294 et
1623 1237 1976 1294 voluntatem

314 1329 444 1399 ejus
474 1327 730 1392 fecisset,
767 1327 1133 1399 implorat,et
1162 1343 1255 1383 res
1277 1331 1477 1400 gestas
1501 1343 1642 1384 suas
1685 1326 1978 1382 celebrare

313 1417 618 1474 instituit:
657 1439 686 1466 ‹‹
717 1420 807 1471 An
839 1415 1144 1488 ignoratis,
1181 1417 1395 1489 inquit,
1437 1415 1568 1486 viri,
1600 1431 1780 1488 quam
1813 1415 1978 1471 forti-

314 1517 400 1565 ter
423 1509 481 1564 in
513 1507 684 1563 hellis
711 1523 803 1563 me
822 1507 1103 1578 gesserim
1128 1506 1156 1562 ?
1178 1513 1242 1562 nt
1263 1507 1465 1564 hostes
1489 1500 1708 1563 iterum
1759 1521 1826 1561 ae
1855 1509 1976 1560 ter-

316 1598 458 1654 tium
494 1595 789 1653 industria
815 1612 946 1652 mea
976 1595 1302 1667 superarint
1326 1595 1354 1651 ‘?
1387 1617 1412 1648 υ
1450 1597 1518 1652 Ει
1576 1595 1858 1668 populum
1905 1595 1975 1649 ad

316 1684 668 1742 seditionem
697 1684 969 1741 concitat.
1037 1684 1108 1741 Ut
1165 1689 1363 1740 autem
1425 1700 1487 1741 se
1521 1683 1667 1740 nihil
1699 1683 1980 1754 proiicere

318 1775 575 1845 videbat,
609 1773 983 1846 promissaab
1011 1772 1364 1846 imperatore
1403 1773 1756 1844 impunitate
1775 1770 1981 1843 eceptis

2087 611 2310 684 σωτῆρά
2355 631 2414 666 τι
2458 610 2549 666 καὶ
2607 610 2896 687 εὐεργέτην
2957 611 3300 688 εύρήσοολσινο
3333 614 3383 668 εἴ
3414 611 3472 668 δὲ
3511 610 3602 668 διὰ
3629 616 3726 684 τῆς

2088 697 2255 774 θύρας
2313 700 2532 756 εἰσιόντι
2589 700 2679 756 καὶ
2736 702 2812 774 μή
2882 698 3182 757 ἀναϐαίνειν
3243 701 3558 778 ἀλλαχόθεν
3629 703 3743 769 ἐθέ-

2086 785 2238 842 λοντι
2312 783 2580 845 ἀντιϐαῖεν
2659 787 2838 861 δήπου
2931 790 3021 845 καὶ
3125 791 3446 859 ἀντισταῖεν,
3524 791 3740 857 πάντως

2084 875 2289 952 κλέψας
2346 880 2444 948 τήν
2505 877 2718 934 εἷ’σοδον
2783 880 2874 936 καὶ
2936 879 3237 954 λῃστεύσας
3291 881 3395 949 τήν
3455 880 3740 957 βασιλείαν

2083 963 2262 1021 ἐκεῖνα
2313 967 2731 1045 ἀνεπεγκλήτως
2787 967 3074 1044 ἐργάσαιτο
3133 969 3306 1024 ὁπόσα
3337 969 3427 1024 καὶ
3481 969 3740 1043 ὠμησταὶ

2086 1061 2248 1128 θῆρες
2292 1057 2420 1118 τοὺς
2469 1057 2738 1130 ποιμένας
2791 1067 3176 1134 παρωσάμενοι
3228 1057 3322 1114 καὶ
3381 1059 3458 1133 μὴ
3509 1057 3598 1114 διὰ
3637 1069 3739 1132 τῆς

2084 1143 2260 1214 αὐλῆς
2307 1149 2417 1200 τῶν
2466 1141 2781 1220 προϐάτων,
2835 1144 2963 1201 ἀλλ’
3009 1147 3266 1220 ἑτέρωθεν
3322 1147 3452 1202 ε’ἰσω
3509 1150 3738 1224 παριόν.

2083 1253 2192 1294 τες.
2248 1237 2430 1290 Ταῦτα
2484 1235 2577 1290 καὶ
2632 1237 2844 1290 τοιαῦθ’
2913 1232 3070 1309 ἕτερα
3138 1234 3589 1311 μεγαλαυχήσας,
3647 1238 3736 1292 καὶ

2084 1323 2196 1398 ἅμα
2271 1324 2567 1399 παράταξιν
2641 1321 3012 1399 ἐνδειξάμενος
3097 1325 3290 1388 ὁποίας
3363 1323 3526 1402 χρεία
3621 1331 3737 1386 τοῖς

2083 1410 2484 1484 ἑτοιμασθεῖσιν
2531 1411 2612 1474 εἷς
2660 1412 2934 1486 πόλεμον,
2985 1413 3122 1487 πρὸς
3168 1415 3228 1468 τὸ
3277 1413 3478 1468 οἷ’κεῖον
3512 1414 3743 1488 στρατό-

2083 1497 2245 1555 πεδον
2283 1503 2364 1573 [Ρ.
2397 1503 2521 1574 242]
2565 1502 2914 1572 ὁπενόστησε.
2982 1505 3066 1576 Τῇ
3128 1499 3174 1556 δ’
3234 1502 3462 1576 ἐπιούσῃ
3496 1501 3616 1576 ἄρτι
3648 1507 3746 1558 τοῦ

2085 1588 2252 1658 ἡλίου
2303 1588 2370 1642 τὰ
2420 1589 2528 1659 ἑῷα
2585 1585 3052 1663 φαυσιϐολοῦντος
3106 1592 3242 1665 πρὸς
3309 1595 3427 1652 τοῖς
3503 1591 3744 1667 τείχεσιν

2085 1677 2238 1739 αὖθις
2267 1683 2367 1746 τῆς
2396 1676 2616 1739 πόλεως
2667 1679 2901 1754 γίνεται,
2949 1679 3082 1734 κάπὶ
3128 1685 3248 1743 ταῖς
3297 1678 3580 1754 χερσαίαις
3637 1679 3745 1735 πύ-

2085 1764 2209 1828 λαις
2266 1765 2550 1836 ἀντιτάξας
2607 1769 2706 1837 τήν
2765 1769 3042 1842 στρατιὰν,
3097 1767 3152 1822 α’ί
3199 1772 3297 1822 τοῦ
3355 1767 3597 1842 Χαρσίου
3651 1765 3744 1822 λέ-

321 1865 568 1931 destitit,
627 1865 828 1919 eadem
889 1863 1209 1935 cupiditate
1260 1861 1648 1918 nihilominus
1705 1865 1974 1928 retenta;

2087 1875 2295 1931 γονται,
2355 1855 2432 1917 εἷς
2491 1851 2662 1925 δεξιὸν
2716 1857 2808 1910 καὶ
2866 1855 3146 1930 εὐώνυμον
3201 1855 3361 1930 κέρας
3393 1857 3562 1927 αὐτὴν
3596 1854 3742 1912 διαι-

2146 1949 2170 1959 -
2321 1945 2332 1959 .
2433 1945 2446 1960 ι
2571 1944 2582 1961 ,
2807 1944 2820 1961 ,
2873 1945 2888 1961 ς
3015 1943 3028 1961 ,
3087 1945 3098 1961 ,
3330 1953 3356 1961 ..
3515 1943 3557 1961 ,κ

317 1953 490 2024 cujus
520 1953 672 2008 492
731 1957 858 2007 tum
913 1951 1212 2023 explendae
1269 1951 1575 2007 occasione
1633 1951 1788 2017 data,
1835 1965 1970 2004 eum

319 2043 497 2098 totius
527 2043 640 2098 dux
673 2043 962 2098 exercitus
993 2046 1151 2096 esset
1179 2041 1532 2106 declaratus,
1562 2055 1690 2110 qua:
1722 2039 1818 2094 diu
1852 2037 1972 2094 ani-

314 2148 410 2188 mo
442 2131 656 2188 celarat
686 2132 744 2186 in
777 2135 1047 2203 apertum
1095 2129 1359 2202 protulit.
1412 2129 1806 2200 Cognatisque
1846 2126 1972 2182 suis

314 2221 372 2277 in
412 2221 730 2278 consilium
789 2219 1092 2283 adhibitis,
1141 2221 1244 2292 qui
1294 2217 1757 2291 Adrianopolim,
1818 2227 1878 2274 ut
1918 2221 1974 2273 et

320 2311 466 2383 ipse,
501 2311 750 2382 patriam
786 2310 1100 2376 habebant,
1165 2307 1368 2364 multis
1415 2312 1472 2362 et
1512 2307 1847 2378 potentibus
1889 2307 1972 2361 vi-

317 2401 423 2470 ris,
455 2401 696 2457 rubrum
751 2401 1014 2456 calceum
1074 2399 1312 2466 induit;
1373 2404 1549 2470 atque
1607 2399 1742 2453 inde
1773 2399 1831 2452 in
1867 2415 1973 2470 pa-

321 2490 495 2546 triam
527 2491 851 2562 digressus,
904 2493 962 2543 et
1017 2487 1090 2542 ab
1147 2486 1309 2542 omni
1369 2486 1621 2543 exercitu
1658 2487 1975 2558 imperator

319 2579 634 2650 salutatus,
667 2578 740 2633 ad
775 2577 980 2632 urbem
1035 2575 1472 2648 imperatricem
1531 2575 1858 2642 contendit,
1917 2578 1976 2630 et

317 2670 530 2730 castris
563 2667 632 2724 ad
667 2665 918 2724 exterius
949 2664 1346 2737 Philopatium
1373 2662 1584 2736 positis
1605 2663 1827 2735 vesperi
1843 2679 1974 2719 cum

320 2756 802 2818 instructissimis
859 2753 1046 2827 copiis
1097 2755 1167 2810 ad
1229 2755 1446 2809 moenia
1511 2753 1758 2822 accedit,
1825 2768 1976 2824 equo

323 2849 494 2922 plane
525 2849 691 2920 nigro
745 2845 1034 2912 insidens,
1098 2843 1212 2900 nisi
1267 2842 1427 2917 quod
1473 2842 1534 2899 in
1564 2843 1753 2899 fronte
1783 2842 1976 2898 albam

323 2939 618 2996 maculam
649 2938 836 2994 instar
866 2935 1091 2992 lunaris
1122 2935 1279 2990 orbis
1328 2933 1603 3003 habebat,
1633 2936 1693 2987 et
1734 2931 1979 3003 impera-

321 3031 500 3088 torios
541 3028 759 3084 milites
780 3031 838 3082 et
859 3027 1035 3094 cives,
1077 3027 1176 3097 qui
1201 3041 1270 3080 ex
1294 3021 1712 3079 mmnibusilla
1749 3027 1976 3093 speeta-

323 3115 682 3185 bant,simul
711 3122 768 3172 et
801 3121 998 3171 monet
1027 3121 1083 3170 et
1117 3112 1294 3168 minis
1324 3116 1521 3167 terret.
1555 3110 1700 3166 Nam
1724 3110 1770 3166 si
1796 3109 1976 3182 portis

329 3206 548 3280 apertis
568 3206 720 3261 ultro
754 3207 809 3260 in
844 3209 1038 3275 partes
1079 3219 1218 3258 suas
1274 3199 1696 3268 concesserint,
1729 3204 1980 3255 servato-

332 3313 456 3354 rem
491 3299 548 3352 et
578 3293 995 3350 benefactorem
1023 3290 1330 3347 habituros
1358 3309 1372 3359 ;
1397 3289 1486 3346 sin
1512 3305 1612 3360 per
1649 3289 1897 3361 januam
1924 3291 1981 3344 et

330 3402 448 3442 non
481 3382 650 3441 aliter
679 3381 903 3454 ingredi
963 3379 1218 3452 cupienti
1275 3379 1617 3446 restiterim,
1668 3379 1872 3450 utique
1929 3377 1979 3434 i

329 3471 482 3530 clam
514 3470 820 3542 ingressus
874 3473 930 3525 et
990 3465 1304 3542 imperium
1363 3466 1673 3522 latrocinio
1725 3466 1978 3538 quodam

327 3564 679 3619 consecutus
711 3557 907 3627 fuerit,
932 3573 996 3614 se
1025 3573 1266 3613 causam
1295 3555 1634 3611 habiturum
1659 3554 1745 3612 sic
1767 3554 1978 3627 agendi

326 3667 459 3707 cum
492 3649 576 3706 eis
603 3652 668 3704 ut
696 3647 987 3704 immanes
1020 3647 1172 3712 ferae,
1223 3661 1352 3716 quae
1401 3644 1588 3716 pulsis
1647 3643 1978 3716 pastoribus

327 3737 527 3796 caulas
560 3737 963 3811 perfregerint.
997 3735 1132 3802 Quae
1163 3751 1297 3790 cum
1323 3734 1632 3805 jactasset,
1663 3733 1785 3789 acie
1822 3731 1981 3788 velut

325 3829 399 3886 ad
431 3843 688 3902 pugnam
723 3827 1012 3882 instructa
1045 3824 1104 3880 in
1129 3829 1322 3881 castra
1346 3823 1674 3880 revertitur.
1693 3821 1980 3878 Postridie

327 3918 451 3975 sole
481 3922 606 3974 orto
629 3916 782 3973 493
815 3931 1024 3972 rursus
1055 3914 1128 3970 ad
1159 3913 1324 3970 urbis
1374 3913 1588 3968 mmnia
1628 3913 1888 3979 accedit;
1923 3915 1980 3967 et

325 4005 682 4075 exercitu,ad
712 4008 1041 4061 terrestrem
1101 4006 1352 4074 portam,
1410 4017 1533 4074 qua;
1579 4001 1805 4058 Charsii
1838 4000 1978 4055 dici-

325 4097 510 4168 tur,in
533 4096 802 4152 dextrum
827 4092 1112 4149 etlaevum
1153 4107 1336 4148 cornu
1382 4091 1688 4160 instructo,
1722 4090 1976 4144 mediam

324 4183 680 4256 phalangem
707 4183 834 4254 ipse
863 4179 1134 4236 obtinens
1155 4179 1348 4252 c0pias
1371 4178 1513 4234 urbe
1532 4177 1750 4232 eii'usas
1773 4191 1976 4248 aggre-

327 4273 507 4330 ditur.
569 4273 892 4343 Imperator
947 4267 1105 4326 enim
1164 4283 1304 4324 suo
1356 4267 1572 4325 milites
1653 4283 1770 4325 non
1845 4272 1978 4323 tan-

316 4367 443 4419 tum
465 4363 612 4418 intra
645 4366 846 4433 portas
901 4359 1066 4416 urbis
1123 4359 1465 4428 collocarat,
1494 4361 1596 4414 sed
1658 4365 1717 4414 et
1749 4362 1974 4429 partem

317 4467 496 4524 quam
517 4449 862 4522 longissime
883 4463 1190 4504 excurrere
1207 4455 1368 4504 extra
1389 4447 1576 4504 fossas
1593 4452 1650 4504 et
1673 4465 1808 4504 cum
1835 4449 1974 4504 hos-

314 4539 474 4596 tibus
496 4539 772 4611 congredi
795 4542 852 4594 et
877 4537 1150 4610 l‘atig.tos
1193 4537 1471 4593 hostibus
1517 4538 1866 4609 urgentibus
1896 4538 1968 4593 ad

2085 1949 2189 2018 ρεῖ,
2247 1945 2335 1999 καὶ
2392 1945 2456 1999 τὸ
2518 1944 2680 2018 μέσον
2762 1944 2929 2007 αὐτὸς
3010 1943 3225 2020 ἐπέχων
3289 1953 3390 2016 τῆς
3459 1943 3743 2026 φάλαγγος

2081 2030 2268 2111 ἐφίησι
2301 2037 2417 2095 τοῖς
2475 2030 2833 2112 ἐκχεομένοις
2895 2040 2996 2104 τῆς
3049 2034 3270 2097 πόλεως
3329 2041 3582 2112 στρατοῖς
3611 2057 3748 2110 συμ-

2081 2122 2393 2178 πλέκεσθαι.
2455 2121 2596 2180 Οὐδὲ
2650 2123 2751 2199 γὰρ
2815 2125 2981 2197 μόνον
3039 2123 3190 2186 ἐντὸς
3250 2129 3359 2181 τῶν
3415 2123 3606 2181 πυλῶν
3647 2133 3748 2196 τῆς

2081 2209 2298 2273 πόλεως
2341 2211 2404 2265 τὸ
2454 2211 2793 2287 ὑπερπονοῦν
2844 2212 3038 2267 ἑαυτοῦ
3089 2214 3412 2289 κατεμέρισε
3464 2212 3746 2289 βασιλεὺς,

2085 2301 2197 2358 ἔστι
2251 2299 2297 2356 δ’
2354 2303 2383 2358 ’ὁ
2435 2304 2523 2358 καὶ
2581 2307 2688 2359 τῶν
2738 2309 2938 2380 τειχῶν
2995 2302 3196 2370 ἄνωθεν
3253 2305 3500 2376 ἐπέταξεν
3524 2305 3746 2384 ἐφεστά-

2082 2413 2188 2462 ναι,
2265 2391 2412 2448 ἀλλᾶ
2484 2393 2574 2447 καὶ
2665 2393 2828 2469 μέρος
2929 2392 3360 2469 ἀποδιελόμενος
3460 2395 3747 2470 ἐπέτρεψεν

2084 2479 2351 2536 ἐπεκθέειν
2406 2481 2596 2553 ἔξωθεν
2659 2483 2938 2538 ἑκαστάτω
3020 2491 3122 2554 τῆς
3204 2485 3412 2562 τάφρου
3477 2485 3566 2540 καὶ
3623 2491 3742 2548 τοῖς

2084 2568 2380 2644 πολεμίοις
2411 2571 2488 2634 ὡς
2533 2571 2648 2626 ἐνον
2695 2572 3090 2652 ἀντοφέρεσθαι.
3155 2574 3215 2630 Εἰ
3266 2571 3325 2629 δέ
3380 2595 3446 2649 γε
3493 2575 3746 2648 κάμωσιν

2085 2655 2480 2734 ἐπιϐρισάντων
2538 2665 2646 2716 τῶν
2728 2661 3007 2732 ἐναντίων,
3093 2665 3459 2738 προσρύεσθαι
3513 2665 3751 2740 παρῄνει

2085 2755 2202 2813 τοῖς
2260 2753 2524 2829 τείχεσιν,
2584 2751 2734 2814 ὅπως
2800 2751 2856 2806 οἷ’
2905 2756 3014 2807 τῶν
3073 2749 3470 2831 πυργοϐάρεων
3548 2754 3749 2811 ἄνωθεν

2087 2837 2274 2904 αὐτοῖς
2327 2838 2701 2914 ἐπαμύνωσιν.
2753 2842 2900 2903 Ἓως
2977 2842 3074 2914 μὲν
3141 2844 3235 2898 οὖν
3319 2847 3588 2918 σταθηρᾶς
3648 2866 3747 2917 με·

2087 2923 2363 3004 σημϐρίας
2408 2928 2676 3003 τοξασμοὶ
2754 2931 2846 2985 καὶ
2921 2926 3325 3006 ἀκροϐολισμοὶ
3382 2935 3511 3008 παρ’
3563 2931 3744 2986 ἑκατέ-

2089 3037 2197 3092 ρων
2253 3017 2504 3091 ἐγίνοντο
2560 3022 2668 3074 τῶν
2727 3020 2928 3096 μερῶν,
2982 3022 3074 3076 καὶ
3135 3022 3311 3098 βραχύ
3359 3043 3411 3076 τι
3463 3022 3556 3094 μὲν
3605 3017 3740 3094 ἄχρι

2085 3107 2234 3170 τινὸς
2280 3105 2538 3180 ἐκράτουν
2581 3111 2690 3162 τῶν
2746 3112 2843 3163 τοῦ
2889 3109 3161 3184 βασιλέως
3206 3110 3258 3164 οἱ
3308 3113 3406 3164 τοῦ
3457 3112 3638 3183 Βρανᾶ
3665 3108 3742 3171 ὡς

2087 3193 2351 3270 πολέμων
2407 3191 2684 3272 ἔμπειροι,
2743 3199 2834 3253 καὶ
2889 3200 3096 3255 τούτων
3150 3198 3386 3272 μάλιστα
3442 3199 3496 3254 οἱ
3555 3198 3618 3254 ἐκ
3644 3201 3744 3253 τοῦ

2089 3289 2381 3340 Λατινικοῢ
2465 3289 2690 3355 πεζικοῦ
2780 3288 3243 3364 συγκροτούμενοι
3311 3287 3554 3367 στίφους,
3623 3285 3742 3342 ἐπεὶ

2089 3373 2180 3428 καὶ
2231 3371 2283 3428 οτί
2337 3379 2454 3436 τοῖς
2515 3375 2676 3444 ζῶσιν
2724 3374 2802 3431 ἔτι
2859 3377 3278 3448 συνεξητάζοντο
3309 3375 3369 3432 ἐκ
3395 3381 3493 3432 τοῦ
3524 3381 3742 3450 ζωγρη-

2091 3463 2274 3528 θέντος
2329 3461 2624 3520 Σικελικοῦ
2683 3465 3112 3541 στρατεύματός,
3167 3468 3392 3530 τούτους
3425 3467 3454 3523 ὁ
3485 3463 3744 3543 βασιλεὺς

2087 3559 2188 3624 τῆς
2232 3558 2470 3632 φρουρᾶς
2521 3556 2663 3618 ἀνεὶς
2720 3557 2811 3612 καὶ
2873 3553 3088 3630 δεσμῶν
3146 3556 3236 3612 καὶ
3267 3556 3569 3632 ὁπλισμοῖς
3612 3555 3746 3612 ὑπα-

2087 3647 2272 3722 γαγὼν
2326 3649 2463 3724 πρὸς
2522 3649 2727 3723 Βρανᾶν
2788 3648 3076 3705 ἀπέστειλε
3131 3653 3232 3718 τήν
3301 3650 3354 3714 ἐς
3405 3651 3496 3707 τὸν
3569 3649 3744 3723 Αἶμον

2091 3735 2479 3810 στελλόμενον,
2538 3737 2627 3792 καὶ
2684 3737 2822 3806 ἦσαν
2883 3737 3144 3811 κρατίστη
3205 3737 3418 3817 φάλαγξ
3473 3743 3582 3794 τῶν
3615 3737 3742 3812 περὶ

2089 3828 2251 3883 αὐτὸν
2311 3830 2531 3896 πεζικὴ,
2609 3829 2820 3898 ἱππικῷ
2893 3829 3068 3902 θυρεῷ
3137 3828 3227 3882 καὶ
3286 3828 3424 3906 ξίφει
3480 3830 3746 3900 ἐπιμήκει

2087 3917 2178 3972 καὶ
2253 3913 2440 3990 δόρατι
2507 3916 2734 3990 ἐγχήρει
2792 3917 3178 3992 φραττόμενοι.
3240 3911 3750 3988 Ἐπιϐοηθίίσαντος

2091 4005 2147 4060 δὲ
2195 4006 2282 4059 καὶ
2333 4007 2430 4058 τοῦ
2486 4005 2622 4060 κατὰ
2677 4010 2812 4078 σφᾶς
2863 4006 3187 4068 ἱππεύοντος
3247 4007 3550 4082 τάγματος,
3611 4007 3750 4060 κατὰ

2086 4095 2282 4170 κράτος
2326 4093 2468 4150 οὓτω
2505 4093 2632 4156 τοὺς
2685 4093 2733 4164 ἐξ
2791 4092 2980 4158 ἄστεος
3044 4097 3330 4171 τρέπονται
3388 4097 3463 4158 ὡς
3522 4095 3746 4166 καῖτὴν

2086 4185 2288 4262 τάφρον
2358 4183 2583 4248 ἄκοντας
2643 4179 2899 4256 διαϐῆναι
2955 4187 3044 4241 καὶ
3101 4189 3408 4263 προσφῦναι
3461 4191 3580 4248 τοῖς
3631 4188 3746 4241 τεί-

2085 4293 2262 4352 χεσιν
2321 4272 2596 4348 ἐπήμυνον
2649 4271 2707 4330 δὲ
2754 4275 2937 4338 αὐτοῖς
2979 4276 3029 4330 οἱ
3075 4280 3182 4331 τῶν
3229 4279 3434 4354 τειχῶν
3477 4275 3742 4352 ὑπερφαι-

2084 4366 2322 4440 νόμενοι.
2377 4365 2482 4422 Καὶ
2538 4367 2606 4420 τὰ
2665 4365 2758 4438 μὲν
2813 4371 2914 4435 τῆς
2974 4365 3090 4429 τόθ’
3155 4364 3358 4440 ἡμέρας
3413 4363 3466 4420 ἐν
3522 4365 3742 4428 τούτοις

2085 4451 2296 4528 ἔληξεν·
2333 4453 2630 4528 ἀνοχεύσας
2683 4451 2730 4509 δ’
2781 4452 2862 4532 ἐφ’
2923 4455 3158 4530 ἡμέραις
3216 4452 3374 4510 πέντε
3417 4455 3512 4518 τὰς
3543 4453 3746 4518 οἰκείας

2087 4540 2342 4616 δυνάμεις
2401 4541 2430 4597 ὁ
2467 4562 2726 4617 τύραννος
2783 4547 2894 4598 τῶν
2953 4542 3130 4599 αὐτῶν
3189 4545 3279 4600 καὶ
3337 4542 3503 4600 πάλιν
3555 4542 3742 4620 ἔχεται

315 4629 535 4686 mmnia
554 4627 1110 4700 refugerejusscrat,
1145 4632 1210 4682 ut
1251 4626 1326 4681 ab
1366 4625 1438 4681 iis
1487 4625 1587 4697 qui
1623 4628 1679 4682 in
1705 4627 1968 4683 turribus

2083 4634 2282 4703 πόνων,
2341 4637 2459 4696 τοῖς
2516 4627 2840 4708 περιϐόλοις
2900 4631 3124 4698 ἐπιστάς
3151 4640 3251 4704 τῆς
3283 4634 3519 4698 πόλεως.
3556 4637 3744 4691 Ποιῶν

316 4723 539 4777 starent
555 4719 1006 4790 juvarentur.Ae
1030 4732 1215 4787 usque
1234 4715 1305 4771 ad
1326 4715 1630 4772 meridiem
1653 4715 1880 4786 sagittis
1910 4721 1969 4772 et

311 4808 526 4879 jaculis
549 4807 825 4880 utrinque
848 4805 1192 4862 dimicatum
1216 4809 1325 4875 est,
1357 4804 1556 4860 Brants
1587 4805 1840 4861 factione
1861 4805 1966 4862 ali-

315 4899 578 4971 quandiu
613 4897 881 4955 nonnihil
903 4897 1206 4969 superiore
1227 4896 1301 4951 ob
1322 4895 1454 4950 belli
1481 4911 1676 4959 usum,
1701 4899 1876 4967 atque
1907 4896 1966 4952 in

313 5004 382 5044 ea
409 4987 751 5044 Latinorum
813 4986 1074 5060 peditatu
1127 4983 1528 5056 potissimum.
1589 4983 1732 5042 Nam
1771 4985 1870 5056 qui
1899 5001 1968 5041 ex

309 5077 506 5134 Siculo
537 5077 786 5133 exercitu
821 5077 1014 5132 adhuc
1037 5076 1098 5131 in
1123 5075 1266 5131 vivis
1302 5079 1487 5141 erant,
1521 5089 1621 5130 eos
1649 5073 1970 5147 imperator

311 5167 579 5221 custodia
609 5171 667 5222 et
695 5165 945 5221 vinculis
973 5165 1256 5221 liberatos
1278 5163 1462 5220 armis
1480 5164 1631 5219 datis
1662 5165 1862 5220 Brants
1894 5167 1965 5222 ad

311 5255 574 5312 Haemum
605 5254 999 5327 proficiscenti
1037 5253 1297 5322 miserat,
1331 5254 1429 5325 qui
1489 5253 1770 5326 optimam
1821 5255 1965 5327 pha-

313 5343 547 5416 langem
583 5344 912 5415 pedestrem
945 5341 1274 5415 eXplebant,
1307 5349 1477 5400 scuto
1515 5345 1795 5416 equestri,
1829 5362 1968 5417 prie-

310 5433 488 5505 longo
518 5449 660 5489 ense
690 5437 748 5488 et
779 5433 978 5489 lancea
1008 5431 1241 5488 armati.
1277 5434 1419 5488 Cum
1451 5437 1645 5488 autem
1694 5435 1964 5506 equitum

315 5537 551 5595 quoque
584 5527 786 5577 turmae
818 5521 892 5578 iis
921 5536 1090 5593 Opem
1121 5520 1606 5589 tulisset,urbani
1647 5522 1700 5577 vi
1747 5523 1970 5595 pellun-

313 5615 431 5682 tur,
466 5614 524 5666 et
553 5609 822 5682 quamvis
849 5609 1038 5677 inviti,
1071 5609 1232 5664 fossa
1289 5614 1586 5680 superata,
1638 5611 1708 5666 ad
1757 5613 1968 5670 mmnia

313 5716 375 5758 se
414 5697 727 5772 recipiunt,
784 5695 1323 5774 propugnatoribus
1381 5714 1480 5755 eos
1537 5698 1963 5772 adjutantibus.

2079 4719 2127 4778 δ’
2175 4717 2442 4802 ἐπίφοϐον
2490 4727 2609 4784 τοῖς
2661 4721 2918 4786 άστυκοῖς
2978 4724 3168 4778 ἑαυτὸν
3219 4723 3311 4780 καί
3345 4722 3742 4794 διαστασιάζειν

2074 4812 2141 4868 τὰ
2170 4808 2324 4867 ἔνδον
2357 4813 2726 4887 πειρώμενος,
2763 4814 2958 4888 μοῖράν
3015 4834 3138 4869 τινα
3199 4821 3300 4884 τῆς
3353 4815 3548 4870 ἑαυτοῦ
3581 4833 3745 4888 στρα-

2076 4908 2196 4965 τιᾶς
2244 4901 2621 4979 παρελόμενος
2671 4901 2936 4976 ἐκπέμπει
2993 4904 3130 4960 κατὰ
3177 4905 3276 4974 τὴν
3326 4903 3544 4979 βόρειον
3589 4902 3742 4958 ἀντί-

2076 4993 2325 5068 πορθμον
2383 4999 2485 5063 τῆς
2542 4991 2762 5054 πόλεως
2837 4991 3098 5068 πλευρὰν,
3175 4995 3293 5062 ἣτις
3356 4994 3529 5070 πόρος
3596 4993 3736 5056 Βοὸς

2074 5081 2455 5152 κικλήσκεται,
2532 5081 2624 5159 ἀφ’
2697 5081 2767 5151 ἧς
2823 5085 3132 5162 καταφανής
3191 5081 3335 5138 ἐστιν
3393 5077 3634 5159 ἀκριϐῶς
3705 5081 3733 5135 ὁ

2080 5169 2246 5248 μέχρι
2323 5176 2429 5226 τῶν
2508 5169 2560 5224 ἔν
2642 5169 2978 5250 Βλαχέρναις
3057 5171 3366 5242 ἀνακτόρων
3436 5172 3734 5246 συρόμενος

2076 5259 2365 5326 θαλάττιος
2425 5259 2618 5330 ὁλκὸς,
2689 5261 2779 5316 καὶ
2856 5259 2955 5316 ὅσα
3031 5261 3168 5336 πρὸς
3245 5260 3438 5334 ἄνεμον
3527 5261 3739 5340 Βοῤῥᾶν

2076 5349 2443 5406 ἐπινενεύκασι
2505 5348 2645 5424 μέρη
2697 5357 2799 5420 τῆς
2849 5348 3092 5412 πόλεως.
3144 5349 3246 5406 Καὶ
3296 5349 3356 5406 οἵ
3403 5373 3463 5428 γε
3519 5351 3581 5406 τὸ
3614 5351 3743 5408 ἐπι-

2074 5441 2452 5514 τετραμμένον
2504 5437 2654 5494 τέλει
2714 5436 2982 5511 διδόντες,
3041 5440 3166 5502 τοὺς
3226 5437 3398 5496 ἐκεῖσέ
3423 5463 3500 5513 πη
3537 5441 3747 5515 μετεώο-

2079 5549 2206 5606 ρους
2237 5526 2531 5608 γηλόφους
2589 5529 2831 5594 ἀνιόντες
2881 5530 2975 5592 τὰς
3030 5529 3268 5604 σημαίας
3323 5530 3638 5606 ἠνέμωσαν.
3683 5531 3746 5588 Ὁ

2078 5616 2136 5674 δὲ
2166 5617 2334 5689 ἣλιος
2389 5624 2514 5682 τοῖς
2571 5618 2802 5692 θώραξιν
2847 5618 3137 5692 ἐμπίπτων
3167 5621 3257 5675 καὶ
3285 5626 3402 5684 τοῖς
3434 5626 3541 5678 τῶν
3577 5641 3744 5698 στρα-

2075 5713 2290 5766 τιωτῶν
2361 5703 2736 5788 προσϐάλλων
2789 5707 2990 5786 θώραξι
3059 5712 3418 5786 νεοσμήκτοις
3472 5711 3592 5768 οὖσι
3648 5701 3741 5769 καὶ
