4102 6384
352 390 466 452 741

1509 379 1613 440 DE
1654 374 1958 439 lSAAClO
2000 374 2325 436 ANGELO
2370 371 2513 435 LIB.
2562 373 2612 433 Ι.

3657 373 3777 433 742

355 521 529 584 λείοις
590 515 765 575 ἐποίει
835 511 1250 577 ἀποπάλλεσθαι
1316 510 1524 567 τούτων
1587 511 1725 566 κατὰ
1787 511 2012 584 καμπὴν

2149 509 2433 583 Pyrannus
2453 523 2589 565 vero
2604 507 2730 566 suis
2753 507 2822 564 ad
2848 509 3004 567 494
3033 509 3158 565 dies
3192 525 3226 564 ν
3256 509 3529 565 recreatis
3572 525 3780 566 rursus

357 612 449 668 καὶ
495 605 758 667 ἐπάνοδον
816 609 927 661 τῶν
997 602 1224 660 ἀκτίνων
1298 600 1714 678 σελαγισμάτων
1781 599 2024 675 ἐκπυρη-

361 702 621 772 νίσματα,
683 697 761 758 ὡς
819 695 937 751 καθ’
1016 691 1320 769 ὁμηγύρεις
1377 692 1467 746 τὸν
1532 689 1757 746 ἂστυκὸν
1826 687 2027 744 συλλέ-

361 801 548 868 γεσθαι
597 785 779 860 δῆμον
835 783 913 846 εἷς
964 785 1030 839 τὰ
1088 781 1422 854 ἀνεστηκότα
1475 787 1576 850 τῆς
1624 778 1858 868 ,πόλεως
1915 781 2025 853 γή-

367 867 513 958 λοφα
541 877 630 933 καὶ
682 877 750 930 τὰ
798 873 1146 950 πραττόμενα
1191 873 1408 927 θεᾶσθαι
1473 869 1562 925 καὶ
1619 867 1708 925 διὰ
1764 868 2025 923 πλείστου

362 957 606 1034 τίθεσθαι
675 964 973 1039 θαύματος.
1043 962 1198 1021 Μετὰ
1269 959 1327 1016 δὲ
1375 965 1535 1016 τοῦτο
1592 959 1685 1015 καὶ
1741 957 1869 1020 τοὺς
1924 965 2025 1027 τῆς

361 1054 733 1133 Προποντίδος
799 1054 1099 1128 οἰκήτορας
1190 1051 1265 1115 εἷς
1336 1048 1559 1114 ἑαυτοὺς
1633 1047 2026 1117 ἐπεσπάσαντο,

373 1145 427 1201 ο’ί
465 1146 656 1221 μάχης
692 1145 785 1219 μὲν
820 1142 883 1198 οὐ
912 1141 1110 1202 πάντες
1154 1137 1394 1216 Ἱστορες,
1443 1140 1635 1210 κώπην
1688 1135 1736 1193 δ’
1784 1135 2028 1193 ἐλαύνειν

373 1234 697 1309 παμπληθεῖ
758 1234 994 1308 ἄριστοι.
1053 1232 1210 1295 Ὃθεν
1262 1231 1332 1286 τά
1396 1229 1532 1304 πρὸς
1594 1227 1804 1303 ἰχθύων
1863 1224 2026 1302 ἄγραν

374 1328 502 1400 παρ’
553 1325 731 1379 αὐτῶν
798 1321 1222 1397 ναυπηγούμενα
1287 1319 1464 1398 σκάφη
1536 1318 1613 1380 εἰς
1679 1322 2031 1390 πολεμιστη-

374 1416 527 1494 ρίους
586 1412 987 1488 συνεκρότησαν
1080 1409 1230 1464 οὗτοι
1293 1412 1443 1477 ναῦς,
1531 1407 1703 1461 σανίσι
1772 1404 2030 1479 παχείαις

371 1491 699 1579 ἐκατέρωθεν
755 1502 894 1556 αὐτὰ
951 1497 1320 1577 διειληφότες,
1383 1497 1471 1552 καὶ
1539 1497 1591 1550 οἱ
1653 1497 1747 1568 μὶν
1803 1491 2033 1579 σφενδό-

369 1617 484 1660 ναις
530 1578 865 1659 ὡπλίσαντο,
917 1591 968 1645 οἱ
1018 1586 1077 1644 δῖε
1118 1588 1247 1659 τόξα
1297 1588 1388 1643 καὶ
1437 1586 1683 1663 γωρυτὸν
1746 1578 2028 1642 ἀνέλαϐον.

372 1688 477 1747 Καὶ
535 1686 708 1747 οὕτως
766 1684 845 1748 εἰς
902 1681 1157 1757 ἀρεϊκοῦς
1216 1677 1412 1754 avem
1499 1678 1558 1733 ἐκ
1616 1675 2030 1734 δικτυοπλόκων

380 1774 895 1853 μετασκευασθὲντες
973 1770 1109 1825 κατὰ
1182 1772 1290 1824 τῶν
1370 1767 1671 1843 βασιλικῶν
1750 1769 1834 1841 [Ρ.
1905 1766 2032 1840 243]

384 1865 641 1945 ἰσχύουσι
688 1864 775 1919 καὶ
827 1863 1209 1937 κραταιοῦνται
1267 1856 1556 1934 τριηρέων,
1618 1855 1673 1911 αῖ
1728 1857 1828 1927 τὴν
1873 1855 2035 1920 πόλιν
2068 1890 2112 1955 Β

389 1959 703 2028 περιιοῦσαι
765 1951 859 2013 τὰς
928 1950 988 2006 ἐκ
1049 1954 1148 2004 τοῦ
1214 1949 1615 2023 στρατεύματος
1679 1950 1776 2002 τοῦ
1860 1950 2036 2022 Βρανᾶ

388 2042 699 2119 νυκτερινὰς
744 2038 969 2119 ἐφόδους
1016 2039 1279 2095 ἐσκόπουν
1326 2038 1416 2093 καὶ
1469 2037 1694 2111 ἐτήρουν
1755 2034 2036 2109 ἐπιμελῶς

383 2134 478 2189 τὸν
508 2130 773 2206 πορθμὸν,
808 2130 1032 2202 μήπως
1096 2129 1195 2198 τὴν
1240 2124 1329 2181 διὰ
1376 2131 1485 2181 τῶν
1530 2125 1802 2204 χερσαίων
1847 2121 2039 2179 πυλῶν

382 2217 621 2293 πάροδον
670 2221 697 2274 ὁ
754 2219 1013 2294 τύραννος
1072 2215 1345 2291 ἀπογνοὺς
1406 2215 1494 2271 διὰ
1551 2220 1659 2270 τῶν
1719 2215 2035 2290 παρακτίων

385 2309 549 2374 λάθοι
607 2304 817 2364 ἔνδοθεν
886 2305 1199 2383 παρεισδύς.
1265 2308 1328 2362 Οἱ
1387 2304 1436 2362 δ’
1500 2305 1588 2362 ἐπὶ
1646 2311 1752 2362 τῶν
1817 2309 2039 2381 μακρῶν

381 2404 528 2470 νηῶν
588 2400 655 2454 τὰ
699 2399 792 2472 μὲν
837 2402 1028 2473 πρῶτα
1080 2398 1362 2472 μαίνεσθαι
1411 2394 1587 2470 ᾤοντο
1635 2397 1879 2471 ἀτεχνῶς
1909 2394 2038 2459 τοὺς

393 2493 501 2546 τῶν
545 2487 754 2563 ῗχθύων
806 2486 1089 2564 ἀγρευτᾶς,
1146 2486 1204 2565 ,εἰ
1261 2485 1433 2549 οὕτως
1492 2484 1582 2541 ἐπὶ
1636 2491 1745 2541 τῶν
1796 2482 2038 2542 ἁλιάδων

400 2579 564 2653 μόλις
623 2577 944 2640 σαλεύοντες
1015 2576 1296 2652 ἐγχρίψειν
1373 2575 1557 2638 αὐτοῖς
1634 2574 2037 2650 ἀπεθάῤῥησανο

388 2669 464 2730 ὡς
497 2663 555 2722 δὲ
583 2662 772 2741 καιρὸς
805 2664 1104 2737 ἐνειστήκει
1152 2669 1249 2721 τοῦ
1304 2664 1529 2740 βάλλειν
1574 2665 1663 2719 καὶ
1720 2662 2038 2740 βάλλεσθαι,

386 2758 443 2813 αἱ
478 2758 573 2831 μὲν
608 2756 747 2830 μετὰ
796 2756 1044 2831 βυκάνων
1093 2754 1183 2810 καὶ
1229 2752 1547 2831 σαλπίγγων
1594 2751 1817 2831 ἕξορμοι
1866 2754 2041 2828 γίνον-

382 2867 497 2917 ται,
529 2845 595 2900 τὰ
635 2842 694 2899 δὲ
746 2849 854 2899 τῶν
905 2844 1285 2902 ἀσπαλιευτῶν
1330 2845 1603 2918 πορθμεῖα
1644 2846 1795 2920 σιγῇ,
1849 2841 1938 2897 καὶ
1988 2843 2040 2897 οἱ

390 2936 475 2992 ἐπ’
531 2935 707 2991 αὐτῶν
757 2933 919 3008 μένεα
1000 2933 1250 2997 πνέοντες
1307 2929 1534 2990 ἔτυπτον
1587 2935 1690 3003 τήν
1768 2930 2039 2996 θάλασσαν

387 3020 661 3101 ἐρετμοῖς,
719 3022 810 3078 καὶ
867 3017 1245 3096 συμϐαλόντες
1331 3022 1683 3097 ὑπερτεροῦσι
1728 3024 1836 3077 τῶν
1888 3021 2043 3076 ἀντι-

385 3111 578 3167 πάλων
613 3114 881 3187 μεγίστων
918 3117 1136 3187 σκαφῶν
1187 3112 1278 3167 καὶ
1330 3113 1453 3173 ταῖς
1499 3118 1599 3181 τῆς
1644 3109 1864 3176 πόλεως
1912 3110 2042 3186 ᾐόσι

391 3200 761 3277 συγκλείουσι.
793 3201 878 3258 Teir
930 3202 1024 3276 μὲν
1072 3201 1173 3275 γὰρ
1223 3198 1312 3255 διὰ
1362 3201 1425 3256 τὸ
1477 3201 1715 3273 μήκιστα
1764 3202 1900 3255 εἶναι
1950 3200 2043 3256 καὶ

2129 600 2364 655 eosdem
2394 598 2626 655 labores
2655 597 3036 672 oppugnandi
3069 599 3281 655 mcenia
3312 599 3781 671 capessit,simul

2132 692 2196 743 ut
2224 704 2286 744 se
2317 688 2559 744 urbanis
2590 688 3018 745 formidabilem
3053 690 3357 760 praeberet,
3391 688 3569 744 simul
3606 690 3780 745 etiam

2132 782 2198 832 ut
2220 777 2535 833 dissidium
2560 776 2712 834 inter
2743 778 2897 833 cives
2928 780 3176 834 exitaret
3205 802 3213 843 -,
3247 795 3312 833 ac
3346 784 3565 848 partem
3588 779 3785 850 copia-

2132 883 2264 921 rum
2296 867 2368 921 ad
2402 867 2858 937 septentrionale
2886 867 3042 923 latus
3076 868 3203 922 urbi
3236 868 3547 923 obversum
3582 866 3785 933 mittil,

2133 955 2234 1026 qui
2264 960 2556 1027 Bosporus
2587 957 2823 1012 dicitur.
2845 957 3003 1013 Unde
3026 962 3246 1013 tractus
3271 959 3450 1013 maris
3475 956 3574 1029 qui
3599 971 3787 1027 usque

2136 1047 2210 1103 ad
2234 1047 2647 1105 Blachernium
2678 1049 2963 1120 palatium
2997 1050 3249 1122 pertinet
3278 1055 3476 1122 aperte
3504 1050 3784 1116 cernitur,

2136 1140 2475 1208 castamque
2507 1143 2700 1209 partes
2759 1138 2922 1194 urbis
2979 1156 3107 1211 quzs
3165 1138 3240 1194 ad
3278 1139 3626 1209 Aquilonem
3658 1154 3784 1195 ver-

2137 1229 2303 1297 gunt.
2336 1226 2383 1279 Ii
2414 1241 2551 1299 ergo
2573 1227 2744 1296 jussa
2775 1236 3181 1300 exsequentes,
3213 1227 3435 1285 vexillis
3494 1228 3553 1283 in
3599 1227 3786 1284 altum

2137 1313 2327 1383 elatis,
2364 1316 2621 1372 tumulos
2652 1322 2960 1389 occupant.
2991 1322 3066 1373 At
3090 1316 3231 1373 solis
3256 1318 3404 1375 radii
3435 1318 3537 1389 qui
3567 1318 3623 1373 in
3648 1317 3786 1373 tho-

2141 1421 2303 1460 races
2334 1409 2391 1460 et
2420 1422 2585 1460 arma
2617 1404 2873 1460 militum
2914 1423 3114 1463 recens
3148 1406 3325 1477 polita
3353 1413 3410 1463 et
3446 1407 3612 1463 laavia
3639 1407 3786 1463 inci-

2139 1494 2377 1564 debant,
2436 1495 2664 1553 retracti
2723 1496 2878 1565 ignis
2943 1497 3131 1552 instar
3184 1498 3540 1554 relucebant.
3587 1497 3788 1568 Itaque

2140 1587 2402 1640 urbanus
2434 1584 2684 1656 populus
2721 1586 3025 1641 turmatim
3053 1587 3113 1641 in
3136 1585 3411 1642 editiores
3433 1585 3609 1642 colles
3629 1585 3790 1642 urbis

2140 1671 2298 1729 illius
2329 1673 2648 1746 spectaculi
2681 1674 2869 1746 gratia
2897 1673 3233 1744 convolans,
3254 1691 3487 1730 summa
3532 1674 3790 1730 admira-

2140 1762 2296 1819 tione
2327 1762 2601 1818 afficitur.
2663 1763 2880 1818 Dcinde
2946 1763 3317 1834 Propontidis
3358 1763 3531 1819 etiam
3569 1762 3789 1820 incolas

2142 1855 2529 1919 attraxerant,
2565 1868 2678 1907 non
2714 1852 2773 1907 in
2806 1869 2866 1907 re
2899 1853 3135 1908 militari
3167 1853 3265 1907 sed
3299 1852 3357 1907 in
3413 1851 3590 1908 remis
3621 1868 3794 1924 agen-

2142 1940 2235 1996 dis
2267 1941 2522 1997 maximo
2575 1958 2818 1997 numero
2867 1941 3399 1999 exercitatissimos.
3457 1942 3499 1998 li
3541 1943 3793 2015 scaphas

2143 2031 2215 2087 ad
2246 2031 2498 2102 piscium
2528 2035 2835 2103 captarem
2868 2031 3183 2088 fabricatas
3216 2032 3273 2086 in
3326 2048 3504 2087 naves
3551 2031 3793 2088 bellicas

2144 2126 2464 2184 mutarunt,
2497 2121 2651 2177 495
2707 2121 2924 2176 crassis
2975 2120 3195 2177 tabulis
3253 2121 3530 2193 utrinque
3577 2119 3788 2189 afﬁxis,

2141 2208 2240 2265 alii
2276 2209 2494 2278 fundis,
2527 2210 2624 2265 alii
2656 2211 2909 2265 arcubus
2931 2213 2988 2265 et
3017 2209 3309 2282 pharetris
3339 2210 3569 2266 armati.
3601 2212 3790 2281 Atque

2144 2298 2224 2354 ita
2252 2315 2322 2355 ex
2346 2298 2736 2370 piscatoribus
2767 2299 2826 2354 in
2865 2298 3181 2355 Mavortios
3208 2299 3362 2355 viros
3411 2298 3621 2355 mutati
3651 2315 3788 2356 cum

2142 2389 2536 2461 imperatoriis
2567 2389 2901 2445 triremibus
2934 2389 3154 2446 fortiter
3191 2389 3491 2446 dimicant.
3525 2391 3659 2456 Quae
3692 2406 3790 2445 ur-

2143 2478 2274 2535 bem
2308 2479 2742 2536 circumeuntes
2773 2485 3092 2535 nocturnas
3128 2479 3332 2535 Branas
3370 2478 3793 2552 impressiones

2144 2570 2547 2636 observabant,
2582 2588 2649 2626 ac
2681 2571 2893 2627 fretum
2949 2570 3273 2643 diligenler,
3335 2571 3672 2640 tuebantur,
3716 2586 3789 2626 ne

2144 2661 2291 2717 forte
2318 2665 2602 2733 tyrannus
2636 2660 2946 2731 desperato
3004 2677 3107 2732 per
3136 2666 3433 2717 terrestres
3458 2665 3654 2731 portas
3707 2676 3795 2714 1n-

2146 2766 2354 2821 gressu
2386 2749 2534 2806 clam
2572 2767 2672 2820 per
2704 2749 2988 2806 littorales
3010 2751 3433 2822 ingrederetur.
3464 2752 3545 2806 Ac
3588 2750 3799 2822 princi-

2147 2838 2241 2913 pio
2270 2840 2589 2912 piscatores
2618 2839 2875 2895 insanire
2899 2838 3024 2908 visi,
3057 2839 3215 2910 quod
3237 2854 3385 2913 aegre
3407 2838 3466 2894 in
3511 2838 3795 2896 naviculis

2147 2929 2809 3001 ﬂuctuantesimpetum
2858 2929 2917 2985 in
2940 2928 3147 3001 longas
3201 2946 3376 2985 naves
3407 2929 3594 2986 facere
3615 2928 3799 2985 aude—

2149 3024 2279 3075 rent
2313 3036 2326 3074 :
2365 3020 2463 3076 ubi
2494 3019 2568 3075 ad
2599 3036 2762 3076 arma
2789 3024 3031 3076 ventum
3063 3022 3173 3087 est,
3207 3019 3491 3075 maximas
3535 3018 3795 3076 hostium

2151 3126 2325 3166 naves
2356 3126 2489 3165 cum
2514 3108 2776 3166 buccinis
2799 3115 2856 3166 et
2886 3109 3044 3166 tubis
3075 3109 3332 3165 invectas
3352 3109 3528 3166 tacite
3561 3108 3798 3180 quidem

2149 3200 2252 3255 sed
2284 3198 2512 3255 fortiter
2540 3199 2729 3255 adorti
2763 3202 3046 3272 superant
3105 3203 3163 3254 et
3219 3198 3278 3253 in
3339 3198 3561 3254 urbana
3606 3197 3804 3253 littora

391 3290 739 3349 δυσδιὲλικτα
769 3293 871 3347 οὐκ
919 3290 980 3347 ἐκ
1021 3294 1118 3346 τοῦ
1168 3290 1360 3347 αὐτίκα
1407 3290 1632 3347 ἐκάκουν
1679 3291 1743 3347 τὸ
1791 3290 2039 3355 ἂνθιστά-

2155 3289 2536 3360 compellunt.
2568 3289 2715 3345 Nam
2743 3268 2996 3360 eae‘quia
3018 3287 3377 3361 longissimae
3407 3292 3571 3344 erant
3593 3291 3650 3343 et
3683 3290 3801 3343 tar-

392 3403 565 3456 μενον,
607 3381 675 3437 τὰ
725 3379 783 3438 δὲ
840 3379 1195 3458 συμφορηδὸν
1242 3379 1465 3436 ἐπιόντα
1519 3381 1610 3436 καὶ
1669 3379 1859 3436 πολλᾶ
1916 3381 2041 3454 μίαν

388 3473 590 3548 τριήρη
662 3468 978 3545 συμμίγδην
1033 3469 1312 3545 περιόντα,
1400 3467 1460 3525 ἔκ
1516 3488 1576 3524 τε
1630 3469 1886 3542 πρύμνης
1951 3469 2043 3525 καὶ

384 3562 609 3637 πρώρας
642 3560 732 3615 καὶ
782 3558 910 3630 παρ’
958 3556 1210 3634 ἑκάτερον
1263 3562 1458 3633 τοῖχον
1507 3558 1817 3633 μαχόμενα,
1863 3558 1938 3619 ὡς
1986 3555 2040 3613 ἐν

383 3650 697 3726 στενοπόρῳ
746 3651 984 3725 πορθμῷ
1040 3649 1141 3717 τήν
1199 3646 1350 3719 νίκην
1409 3648 1567 3726 εἶχον
1628 3645 2042 3721 ἐπινηχομὲνην

383 3740 569 3803 αὐτοῖς
626 3738 718 3796 καὶ
760 3737 1018 3817 λαμπρόν
1076 3738 1306 3794 ἇνίστων
1375 3737 1638 3813 τρόπαιον
1695 3740 1824 3810 (29).
1887 3735 2047 3793 Ἀλλ’

392 3832 494 3887 οὐκ
524 3828 578 3892 ἒς
610 3828 754 3886 πολὺ
797 3828 860 3883 τὸ
919 3827 980 3883 ἐκ
1026 3834 1128 3898 τῆς
1181 3827 1354 3898 ἥττης
1409 3828 1609 3903 αἶσχος
1662 3825 2046 3903 ὑπενεγκόντες

390 3922 445 3976 οἱ
474 3925 572 3975 τοῦ
604 3917 803 3976 στόλου
834 3922 929 3974 τοῦ
967 3916 1234 3993 βασιλέως
1266 3915 1528 3989 παλίωξιν
1581 3922 1687 3972 τῶν
1736 3914 2050 3990 λεμὸαδίων

393 4010 621 4071 τιθέασι,
655 4012 815 4087 Τάχα
847 4007 891 4065 δ’
925 4007 983 4065 ἅν
1017 4010 1106 4064 καὶ
1145 4013 1225 4082 τῷ
1275 4010 1422 4086 ὑγρῷ
1474 4010 1606 4085 πυρὶ
1654 4010 1719 4064 τε
1775 4009 2052 4083 πορθμεῖα

390 4100 681 4177 ἠφάνισαν,
711 4101 755 4156 εἰ
793 4103 867 4174 μὴ
902 4098 962 4155 ἐκ
1008 4103 1103 4155 τοῦ
1148 4097 1344 4175 σχεδὸν
1395 4100 1623 4161 ἑστῶτες
1672 4096 2047 4169 ἐπεϐοήθησαν

2152 3378 2259 3449 ἀρε,
2283 3378 2496 3435 lembis
2518 3379 2872 3450 piscatorum
2896 3394 3010 3434 non
3036 3378 3234 3435 statim
3257 3393 3463 3434 nocere
3487 3380 3754 3449 poterant
3786 3392 3801 3432 :

2151 3466 2212 3523 hi
2241 3484 2375 3523 vero
2405 3468 2545 3539 quia
2603 3467 2912 3525 confertim
2971 3467 3275 3525 irruebant
3324 3472 3382 3522 et
3420 3467 3593 3523 multi
3625 3481 3803 3523 unam

2153 3556 2448 3613 triremem
2472 3557 2941 3625 circumdabant,
2971 3573 3005 3611 a
3043 3556 3222 3628 puppi
3260 3559 3318 3612 et
3346 3557 3500 3612 490
3533 3572 3704 3627 prora
3745 3559 3806 3612 et

2155 3649 2402 3716 utroque
2425 3643 2603 3700 latere
2621 3650 2970 3718 pugnantes,
3004 3644 3063 3699 in
3109 3650 3359 3717 angusto
3384 3645 3530 3700 freto
3560 3645 3809 3702 victoria

2155 3734 2322 3806 potiti
2353 3732 2581 3789 illustre
2620 3741 2898 3805 tropaeum
2948 3739 3275 3789 erexerunt.
3306 3735 3414 3789 Sed
3448 3734 3808 3805 imperatorii

2157 3822 2590 3891 classiarii,non
2624 3823 2724 3879 diu
2753 3839 2820 3879 eo
2862 3822 3143 3879 dedecore
3193 3821 3458 3892 tolerato,
3503 3823 3808 3879 naviculas

2159 3914 2419 3972 vicissim
2452 3914 2691 3987 fugant;
2726 3929 2942 3987 easque
3002 3912 3245 3969 forsitan
3306 3912 3425 3985 igni
3475 3913 3672 3969 Graico
3704 3915 3811 3969 ab-

2160 4008 2574 4080 sumpsissent,
2608 4006 2723 4062 nisi
2758 4006 2952 4061 Brants
2988 4005 3201 4061 milites
3249 4022 3315 4061 ex
3343 4005 3590 4061 celiibus
3616 4006 3688 4061 ad
3722 4005 3813 4061 lit-

2157 4103 2286 4155 tora
2315 4097 2561 4169 digressi
2593 4096 2894 4168 suppetias
2921 4094 3039 4150 illis
3070 4095 3363 4150 tulissent.

392 4191 449 4242 οἱ
483 4194 581 4243 τοῦ
612 4193 785 4262 Βρανᾶ
818 4189 1169 4265 ὁπλομάχοι,
1206 4188 1266 4245 ἐκ
1299 4193 1407 4244 τῶν
1471 4187 1660 4266 λόφων
1710 4184 2037 4252 καταϐάντες
2087 4185 2178 4241 καὶ
2219 4185 2311 4241 τὸν
2353 4182 2600 4259 αῗγιαλὸν
2652 4181 3107 4257 ἐπιπορευόμενοι
3155 4178 3310 4237 ἕνεκα
3357 4186 3452 4236 τοῦ
3508 4181 3806 4260 ἐπαρήγειν

396 4280 476 4346 τῷ
502 4282 756 4347 ναυτικῷ.

466 4362 525 4430 ζ’,
590 4359 741 4418 Ἰδὼν
791 4363 849 4421 δὲ
891 4367 918 4422 ὁ
952 4368 1260 4440 ἀποστάτης
1308 4368 1384 4433 ὡς
1442 4363 1566 4422 οὔτε
1624 4366 1878 4423 κλέπτειν
1928 4368 2049 4444 ’ἐχει
2083 4374 2128 4440 D

394 4451 493 4520 τὴν
552 4451 789 4528 πάροδον
844 4455 968 4512 οὒτε
1015 4460 1120 4531 μὴν
1177 4456 1411 4532 πολέμῳ
1472 4454 1509 4526 ἤ
1567 4462 1751 4521 πειθοῖ
1816 4455 2053 4530 ἀνύσιμά

401 4539 535 4595 εἰσίν
565 4542 617 4597 οἱ
661 4542 727 4596 τὰ
778 4543 1149 4620 μελετώμενα,
1192 4545 1370 4618 ἄλλην
1425 4546 1718 4622 τραπέσθαι
1766 4543 2048 4602 διενοεῖτο·

398 4629 434 4700 ἤ
465 4633 567 4707 γὰρ
601 4631 754 4707 λιμῷ
784 4635 883 4703 τήν
919 4634 1178 4711 βασιλίδα
1213 4639 1666 4713 παραστήσασθαι
1714 4636 1897 4702 πόλιν,
1953 4657 2052 4711 με-

395 4722 586 4796 γίστην
638 4722 930 4795 ἐπιστήσας
977 4727 1120 4800 αὐτῇ
1171 4727 1260 4780 καὶ
1309 4726 1603 4801 κρατίστην
1649 4723 1905 4781 ἑλέπολιν
1953 4728 2053 4795 τήν

390 4816 498 4866 τῶν
529 4808 816 4886 ἐδωδίμων
876 4814 1228 4870 ὖποσπάνισιν
1275 4813 1407 4885 (ἤδη
1458 4816 1560 4890 γὰρ
1697 4815 1806 4887 ἑῴα
1855 4835 1914 4869 τε
1962 4815 2051 4869 καὶ

395 4902 645 4977 ἑσπέριος
691 4902 794 4959 ὑπὸ
850 4901 1156 4975 Ῥωμαίους
1206 4900 1361 4975 λῆξις
1419 4904 1568 4974 ηὐτῷ
1612 4904 2050 4977 προσεχώρησε),

399 4990 671 5065 μηδεμίαν
738 4992 1043 5066 ἐπισκήψας
1103 4995 1208 5056 νῆα
1262 4992 1568 5070 σιταγωγὸν
1638 4991 1912 5068 καταίρειν
1974 4992 2054 5055 εἷς

389 5081 454 5137 τὸ
485 5082 792 5152 Βυζάντιον,
835 5082 869 5151 ἢ
901 5075 1233 5156 προσϐαλεῖν
1273 5083 1385 5155 μετ’
1429 5082 1800 5154 ἀκμαιοτέρου
1853 5080 2052 5137 στόλου

390 5173 481 5229 καὶ
513 5173 793 5237 πλείονος.
838 5177 1047 5231 Ἐκεῖνα
1101 5170 1148 5228 δ’
1206 5175 1272 5243 ἦν
1322 5171 1619 5229 ἀνελίττων
1668 5173 1809 5229 κατὰ
1854 5177 1981 5228 νοῦν
2022 5174 2055 5228 ἅ

394 5266 469 5338 μὴ
525 5265 588 5321 τὸ
649 5271 801 5322 Θεῖον
858 5263 1081 5334 ἐπιτελῆ
1140 5265 1395 5340 γενέσθαι
1455 5263 1781 5322 κατένευσεν.
1837 5265 1897 5322 Ὀ
1949 5263 2052 5339 γὰρ

2231 4368 2286 4423 7.
2322 4365 2603 4422 Caeterum
2640 4365 2737 4421 ubi
2802 4363 3109 4420 seditionis
3158 4368 3363 4421 auctor
3401 4364 3815 4421 animadvertit

2162 4474 2222 4513 se
2255 4473 2443 4528 neque
2467 4456 2616 4512 clam
2653 4461 2955 4529 penetrare
2989 4471 3094 4512 nec
3149 4459 3355 4528 aperta
3412 4456 3463 4511 vi
3498 4455 3813 4512 consilium

2163 4564 2337 4604 suum
2368 4547 2607 4619 exsequi
2636 4563 2827 4619 posse,
2888 4545 3002 4601 alia
3055 4546 3150 4602 via
3206 4562 3328 4601 rem
3356 4546 3809 4618 aggrediendam

2163 4636 2411 4707 censuit,
2446 4653 2512 4694 ac
2541 4637 2971 4708 imperatricem
3029 4637 3233 4690 urbem
3272 4640 3375 4689 aut
3418 4636 3572 4689 fame
3612 4635 3680 4688 ad
3717 4634 3813 4689 de-

2163 4727 2440 4783 ditionem
2465 4726 2955 4799 compellendam,
2988 4742 3233 4781 annonas
3266 4725 3511 4796 penuria
3542 4723 3816 4780 machina

2164 4816 2506 4873 firmissima
2523 4822 2579 4872 et
2602 4817 2885 4872 acerrima
2910 4816 3145 4870 admota
3166 4815 3311 4885 (jam
3337 4813 3490 4868 enim
3516 4819 3574 4868 et
3613 4812 3817 4868 Orien-

2164 4905 2306 4961 tales
2331 4912 2387 4961 et
2408 4903 2811 4961 Occidentales
2830 4903 3141 4975 provinciae
3172 4904 3241 4957 ad
3294 4919 3429 4957 cum
3463 4903 3816 4972 deiecerant,

2165 4997 2381 5068 quibus
2420 4996 2680 5052 edixerat
2710 5011 2783 5051 ne
2815 5011 2933 5067 qua
2979 4994 3361 5049 frumentaria
3394 4995 3558 5049 navis
3593 4997 3817 5066 Byzan-

2163 5085 2310 5142 tium
2336 5085 2966 5157 appelleret),autcum
2998 5084 3258 5139 ﬁrmiore
3285 5087 3341 5139 et
3385 5084 3601 5155 majore
3633 5084 3822 5139 classe

2165 5175 2450 5247 impetum
2474 5173 3046 5231 faciendum.Verum
3072 5189 3136 5229 ea
3170 5174 3434 5229 volvebat
3467 5173 3664 5229 animo
3692 5190 3819 5244 qua:

2165 5264 2322 5321 Deus
2353 5262 2507 5322 haud
2538 5280 2931 5320 concessurus
2962 5266 3104 5319 erat.
3164 5261 3306 5319 Nam
3360 5263 3667 5335 imperator
3686 5278 3817 5319 cum

1787 5449 1955 5512 Hier.
1992 5447 2204 5510 Wolﬁi
2239 5455 2428 5511 notae.

463 5631 578 5705 (29)
597 5631 869 5705 Turpiter
900 5631 1128 5705 fugiunt
1159 5629 1543 5705 imperatorii,
1576 5636 1633 5686 et
1664 5628 1817 5686 inter
1853 5630 2038 5687 navali

2149 5649 2172 5687 ε
2200 5630 2539 5698 includunt,
2573 5629 2622 5686 si
2656 5630 2829 5687 modo
2859 5627 3135 5705 ἰξάρτυσις
3171 5626 3292 5684 ἀντὶ
3339 5625 3682 5700 ναυνταθμοῦ
3728 5625 3816 5682 in-

397 5702 580 5775 telligi
612 5702 800 5760 debet.
