4102 6394
356 359 474 423 743

1681 346 1989 413 NlOETJE
2031 347 2448 413 ΕΗΟΝΙΑΤᾹΞ

3653 356 3779 417 ’744

334 503 650 559 urbanum
686 498 969 573 populum
1000 492 1111 551 sibi
1144 490 1447 548 addictum
1479 501 1605 543 esse
1649 501 1716 543 ac
1761 484 2010 541 Branam

2131 480 2390 573 βασιλεὺς
2450 484 2593 560 ὁρῶν
2641 485 2794 560 αὐτῷ
2849 487 3241 563 προσκείμενον
3286 489 3351 544 τὸ
3404 493 3506 557 τῆς
3560 487 3780 553 πόλεως

355 594 497 648 adeo
591 590 742 646 497
817 585 1067 643 aversari
1148 583 1413 637 cerneret
1490 588 1542 632 ul
1622 575 1796 631 etiam
1855 590 2016 630 exse-

353 686 638 748 craretur,
690 677 793 735 Dei
840 672 1167 732 Genetricis
1227 668 1507 739 imagine,
1555 681 1682 737 quas
1757 662 1828 720 ab
1902 667 2017 719 Ho-

362 771 533 844 degio
612 765 964 824 monasterio
1050 758 1388 831 Rodegotria
1486 758 1880 825 nuncupatur,
1958 751 2017 807 in

365 842 580 916 mmnia
622 874 722 929 pro
796 854 946 910 vallo
1022 845 1460 920 inexpugnabili
1537 842 1839 912 translata,
1882 858 2018 897 cum

366 953 576 1022 suapte
610 945 906 1002 industria
937 943 1008 999 ad
1042 954 1300 1013 pugnam
1334 935 1616 991 incitatus
1690 938 1799 1000 est,
1860 931 2016 1003 quod

366 1040 706 1095 diuturnam
745 1033 1112 1090 obsidionem
1160 1043 1192 1084 ο
1252 1042 1313 1082 re
1387 1041 1495 1080 sua
1568 1039 1682 1078 non
1760 1036 1889 1078 esse
1963 1024 2020 1075 et

366 1126 588 1198 aliquid
664 1121 891 1180 adversi
969 1131 1368 1187 novarumque
1463 1128 1659 1168 rerum
1755 1109 2016 1165 studium

365 1215 677 1271 allaturum
723 1210 988 1282 putabat,
1065 1211 1191 1262 tum
1266 1202 1513 1259 Conradi
1589 1200 1829 1255 Cesaris
1888 1198 2017 1256 hor-

360 1309 485 1360 tatu
520 1301 776 1358 maxime
808 1297 1125 1370 impulsus.
1156 1297 1287 1349 Erat
1336 1293 1389 1347 is
1440 1291 1530 1347 vir
1586 1304 1802 1362 genere
1863 1289 2021 1351 Lom_

356 1396 598 1461 bardus,
630 1390 1050 1449 Montisferrati
1096 1386 1321 1444 domini
1375 1384 1555 1453 ﬁlius,
1601 1382 1914 1455 prudentia
1963 1386 2022 1437 et

361 1485 709 1543 fortitudine
742 1487 971 1539 tantum
1000 1476 1292 1535 excellens
1325 1479 1389 1530 ut
1433 1490 1545 1529 non
1597 1474 1753 1544 apud
1805 1471 2018 1528 Roma-

362 1593 470 1632 nos
508 1576 791 1631 duntaxat
848 1575 1007 1627 esset
1056 1566 1323 1635 celebris,
1383 1562 1635 1620 Manueli
1694 1562 2017 1634 prmeerlim

360 1663 597 1726 Charus,
626 1667 693 1716 ut
723 1662 794 1716 ab
828 1659 954 1727 ipsa
986 1665 1193 1713 nalura
1250 1659 1307 1711 et
1365 1652 1585 1725 ingenii
1635 1659 1686 1707 et
1734 1664 2018 1707 manuum

360 1752 707 1808 dexteritate
737 1747 1064 1804 luculenter
1092 1749 1356 1810 ornatus,
1399 1742 1497 1799 sed
1561 1740 1713 1812 apud
1777 1738 2018 1811 popula-

2130 570 2437 647 πλήρωμα,
2468 574 2558 629 καὶ
2601 577 2678 649 μὴ
2733 576 2897 649 μόνον
2954 576 3051 633 οὑκ
3094 576 3427 653 ἀνεχόμενον
3478 577 3783 654 βασιλεύειν

2129 664 2362 737 Βρανᾶν,
2395 664 2543 735 ἀληά
2579 666 2670 720 καὶ
2732 663 2947 738 μᾶλλον
3006 666 3299 739 ἀναθέματι
3354 664 3782 732 καθυποϐάλλον

2127 749 2349 823 ἐκεῖνον,
2383 749 2491 808 ἄνω
2531 758 2638 809 τῶν
2686 752 2917 835 τειχέων
2974 755 3257 831 ἀναγαγὼν
3310 757 3403 812 οἷά
3454 778 3513 812 τε
3560 758 3781 833 ἄμαχον

2127 842 2401 917 ὀχύρωμα
2454 845 2545 900 καὶ
2594 844 2877 901 ἀνάλωτον
2928 848 3236 922 χαράκωμα
3284 848 3381 917 τήν
3445 847 3627 904 εἰκόνα
3676 851 3778 915 τῆς

2126 934 2486 1007 θεομήτορος,
2519 933 2643 1003 ἥτις
2691 933 2751 989 ὲκ
2801 942 2900 1005 τῆς
2950 940 3059 990 τῶν
3108 932 3354 1013 Ὀδηγῶν
3417 944 3616 1010 μονῆς,
3663 939 3780 993 ⁸ιιοιθ’

2123 1017 2190 1089 ἤν
2251 1022 2767 1099 προσκεκλήρωται,
2824 1021 3157 1101 Ὃδηγήτρια
3239 1025 3615 1097 ἐπικέκληται,
3676 1027 3784 1105 ἠρ-

2125 1112 2332 1186 ῥενώθη
2385 1114 2482 1187 μὶν
2535 1115 2625 1169 καὶ
2683 1115 2894 1171 οἴκοθεν
2953 1117 3086 1189 πρὸς
3144 1115 3533 1195 ἀντιμάχησιν,
3586 1117 3780 1192 κρίνας

2130 1200 2427 1272 ἀλυσιτελῆ
2460 1204 2558 1273 τήν
2602 1205 2826 1279 χρόνιον
2877 1204 3022 1266 έντὸς
3080 1209 3175 1260 σοῦ
3234 1203 3434 1268 ἄστεως
3482 1206 3774 1281 κάθειρξιν,

2125 1290 2219 1346 καὶ
2270 1290 2592 1348 ἀπευκταῖον
2658 1292 2715 1350 δέ
2776 1316 2829 1350 τι
2896 1295 3388 1364 καινοποιήσουσαν
3456 1294 3535 1348 ἐπ’
3598 1296 3770 1370 αὐτῷ,

2125 1378 2402 1446 πλειόνως
2440 1378 2488 1437 δ’
2549 1383 2729 1454 ὑπεῖξε
2785 1390 2906 1449 ταῖς
2960 1381 3281 1454 ἐπιπλήξεσι
3350 1381 3619 1457 Καίσαρδς
3673 1390 3774 1440 τοῦ

2129 1468 2430 1545 Κοῤῥάδου.
2489 1473 2589 1528 Ἦν
2624 1470 2681 1528 δὲ
2712 1474 2741 1529 6
2772 1475 2909 1547 ἂνήρ
2960 1471 3118 1535 οὗτος
3166 1472 3227 1527 τὸ
3281 1473 3376 1546 μὲν
3423 1471 3581 1550 γένος
3640 1474 3779 1528 ἰτα-

2128 1557 2362 1629 λιώτης.
2394 1562 2599 1638 πατρὸς
2632 1559 2680 1617 δ’
2710 1560 2863 1641 ἐξέφυ
2892 1567 2990 1617 τοῦ
3029 1562 3130 1632 τήν
3184 1562 3372 1638 χώραν
3415 1568 3516 1631 τῆς
3560 1561 3780 1632 Μόντης

2126 1648 2391 1723 φεράντης
2445 1651 2795 1727 κατέχοντος.
2861 1654 3133 1707 Τοσοῦτον
3193 1648 3238 1705 δ’
3296 1650 3375 1704 ἐπ’
3436 1648 3627 1726 ἀνδρίᾳ
3690 1650 3783 1706 καὶ

2126 1736 2328 1794 συνέσει
2357 1736 2597 1817 διέφερεν
2647 1738 2786 1796 ὥστε
2834 1740 2897 1795 οὐ
2946 1741 3094 1815 παρὰ
3149 1738 3447 1813 Ῥωμαίοις
3499 1740 3663 1813 μόνον
3712 1741 3778 1811 ἦν

357 1858 451 1898 res
481 1857 713 1912 quoque
745 1854 885 1896 suos
934 1834 1210 1905 inclytus.
1276 1831 1375 1887 Hic
1432 1836 1544 1899 est,
1602 1828 1699 1901 qui
1748 1827 2010 1885 maximis

2120 1830 2488 1903 περιώνυμος,
2523 1830 2612 1885 καὶ
2647 1828 2885 1903 μάλιστα
2933 1834 3013 1903 τῷ
3072 1828 3289 1905 βασιλεῖ
3336 1827 3603 1898 Μανουήλ
3655 1828 3778 1886 ἐπι-

357 1930 772 2004 largitionibus
830 1945 863 1982 a
919 1927 1189 1983 Manuale
1235 1922 1522 1994 intpulsus
1553 1920 2011 1977 Alamannorum

358 2021 476 2093 regi
503 2019 746 2086 restitit,
774 2023 833 2074 et
864 2015 1274 2088 Moguntinum
1326 2012 1670 2084 episcopum
1720 2006 2015 2065 cancella-

356 2114 508 2169 rium
537 2109 692 2182 regis
722 2105 1044 2179 superavit,
1079 2103 1179 2177 qui
1210 2119 1345 2159 cum
1379 2098 1650 2157 maximis
1682 2098 1866 2169 copiis
1898 2096 2015 2152 im-

357 2200 722 2274 pressionem
754 2199 810 2253 in
847 2195 1080 2252 Italiam
1115 2194 1329 2249 fecerat
1363 2207 1377 2259 ;
1410 2204 1659 2260 eumque
1689 2189 1748 2243 in
1779 2186 2016 2242 vincula

357 2292 689 2362 conjectum
746 2286 917 2344 aliter
973 2301 1036 2341 se
1091 2283 1481 2339 dimissurum
1543 2278 1797 2348 negavit,
1836 2276 2013 2333 nisia

360 2381 761 2438 Romanorum
819 2376 1171 2448 imperatore
1220 2372 1550 2443 juberetur.
1612 2373 1756 2423 Tum
1813 2370 2010 2422 autem

352 2488 489 2527 cum
524 2471 842 2541 imperator
874 2465 1130 2521 lsaacius
1190 2461 1265 2517 ad
1322 2462 1564 2516 fratrem
1620 2460 1752 2529 ejus
1782 2455 2015 2512 Bonifa-

340 2561 509 2627 cium
540 2558 765 2631 legatos
798 2555 1059 2613 misisset
1082 2554 1156 2609 de
1186 2567 1383 2609 sorore
1414 2549 1723 2606 Theodore
1767 2546 1852 2602 illi
1887 2547 2013 2602 dss-

355 2648 692 2722 pondenda,
723 2647 774 2703 is
802 2661 935 2701 vero
959 2646 1083 2716 jam
1117 2658 1249 2699 cum
1279 2639 1391 2696 alia
1434 2638 1672 2710 nuptias
1720 2635 2014 2694 celebras-

354 2746 465 2811 Set,
497 2738 674 2811 legati
706 2752 932 2809 magnae
965 2734 1260 2791 felicitatis
1288 2732 1415 2788 loco
1454 2728 1609 2785 498
1654 2727 2010 2794 habuerunt,

351 2829 507 2902 quod
541 2828 634 2883 hic
693 2826 1005 2896 coniugem
1065 2822 1382 2889 amisisset,
1437 2835 1506 2874 ao
1560 2818 1780 2873 bonum
1839 2814 2012 2886 longe

350 2920 545 2989 majus
570 2917 918 2989 judicarunt
973 2928 1149 2985 quam
1210 2911 1260 2966 si
1316 2910 1375 2964 id
1422 2906 1813 2963 confecissent
1841 2904 2012 2973 cujus

348 3008 539 3078 gratia
569 3008 868 3072 venerant,
909 3007 967 3058 et
1021 2999 1359 3057 Conradum
1407 2994 1678 3051 maximis
1726 2991 2012 3065 pollicita-

347 3099 610 3156 tionibus
640 3094 962 3168 impulsum
995 3107 1189 3149 secum
1247 3087 1639 3145 adduxerunt.
1681 3083 1825 3140 Cum
1876 3098 2010 3138 vero

2120 1917 2362 1989 πόθητον
2396 1917 2648 1993 ἄκουσμα
2670 1919 2744 1981 ὡς
2778 1923 2987 1996 φύσεως
3021 1917 3211 1995 λαχὼν
3256 1921 3343 1993 [Ρ.
3393 1922 3522 1995 244]
3572 1918 3774 1990 εὐκλη-

2124 2005 2239 2081 ρίαν
2296 2008 2387 2062 καὶ
2443 2004 2679 2071 διανοίας
2740 2008 2968 2082 ὀξύτητα
3025 2008 3115 2064 καὶ
3172 2013 3375 2084 χειρῶν
3442 2005 3767 2085 δραστηριόι

2118 2125 2277 2175 τητα,
2326 2103 2473 2161 ἀλλὰ
2520 2105 2609 2161 καὶ
2658 2106 2803 2181 παρὰ
2857 2110 2979 2168 τοῖς
3035 2107 3353 2183 ὁμογενέσιν
3414 2106 3561 2181 αύτῷ
3619 2128 3779 2184 περι-

2118 2192 2392 2256 κλεῖστός.
2450 2195 2620 2258 Οὗτός
2679 2196 2819 2251 ἐστιν
2892 2196 2921 2249 6
2981 2195 3260 2273 μεγίστοις
3336 2194 3772 2275 φιλοδωρήμασι

2118 2284 2263 2357 παρά
2316 2287 2413 2339 τοῦ
2462 2281 2732 2360 βασιλέως
2780 2284 3043 2356 Μανουήλ
3092 2282 3345 2361 ἐπαρθείς
3400 2285 3492 2341 καὶ
3535 2287 3773 2363 ἀντάρας

2121 2378 2311 2448 χεῖρας
2343 2377 2423 2446 τῷ
2449 2381 2549 2444 τῆς
2579 2373 2926 2448 Ἀλαμανίας
2968 2373 3124 2451 ῥηγὶ,
3175 2374 3266 2430 καὶ
3322 2374 3466 2450 μάζῃ
3517 2376 3607 2431 τὸν
3659 2375 3783 2433 ἐπί-

2119 2484 2323 2519 σκοπον
2355 2464 2672 2539 Μαγέντζης
2699 2464 3001 2535 νενικηκὼς
3042 2462 3454 2541 καγκελλάριον
3501 2462 3634 2521 ὄντα
3675 2471 3773 2523 τοῦ

2121 2551 2288 2629 ῥηγὸς
2364 2552 2453 2609 καὶ
2527 2554 2667 2610 κατά
2738 2555 2839 2623 τήν
2918 2551 3155 2609 Ἰταλίαν
3228 2549 3550 2627 ἔμϐαλόντα
3647 2559 3784 2631 μετά

2118 2642 2393 2699 πλείστων
2455 2640 2752 2716 δυνάμεῶν,
2813 2640 3158 2717 συνειληφώς
3203 2664 3262 2699 τε
3318 2645 3481 2700 αὐτὸν
3539 2645 3633 2700 καὶ
3692 2643 3778 2701 δε-

2119 2737 2282 2803 σμοῖς
2307 2726 2645 2807 περιϐαλὼν,
2692 2732 2782 2787 καὶ
2831 2730 2931 2786 οὐκ
2979 2729 3168 2795 ἄλλως
3218 2731 3514 2789 ἀπολύσειν
3566 2734 3782 2810 ίσχυρι-

2119 2821 2349 2895 ζύμενος
2382 2821 2428 2875 εἰ
2463 2822 2538 2894 μὴ
2586 2819 2671 2890 εἴη
2721 2824 2884 2876 τοῦτο
2929 2820 3022 2876 καὶ
3076 2825 3159 2894 τῷ
3211 2822 3499 2897 Ῥωμαίων
3561 2821 3783 2898 βασιλεῖ

2115 2911 2486 2989 προσταχθέν.
2544 2910 2682 2969 Τότε
2738 2908 2796 2966 δὲ
2875 2913 2972 2966 τοῦ
3036 2909 3308 2985 βασιλέως
3360 2913 3628 2968 Ἰσαακίου
3682 2912 3775 2965 τὸν

2118 2998 2284 3054 αὑτοῦ
2314 2999 2591 3073 ὁμαίμονα
2639 2999 2964 3078 Βοτιφάτιον
3016 2996 3108 3055 διά
3153 2996 3429 3075 πρέσϐεων
3477 3016 3765 3070 μεταστει-

2117 3086 2378 3162 λαμένου,
2436 3088 2512 3151 ὡς
2570 3088 2706 3144 κατά
2765 3090 2946 3165 γάμον
3001 3090 3290 3162 συναφθείη
3367 3083 3621 3162 Θεοδώρᾳ
3692 3090 3764 3161 τῇ

351 3204 466 3243 non
504 3185 688 3241 multo
739 3187 875 3255 post
930 3198 1028 3237 eas
1096 3178 1334 3250 nuptias
1387 3179 1608 3230 Branas
1658 3171 1891 3237 defecit,
1949 3171 2007 3226 in

2120 3178 2283 3233 αὐτοῦ
2338 3180 2674 3255 κασιγνήτῳ,
2734 3177 2851 3233 ἐπεὶ
2917 3178 3134 3256 νύμφην
3195 3177 3398 3241 ἐκεῖνος
3476 3174 3766 3250 ἡρμόσατο

351 3273 725 3347 imperatoris
755 3271 1023 3328 animum
1074 3267 1297 3340 erigere
1354 3268 1414 3321 et
1452 3264 1605 3318 bona
1635 3278 1740 3334 spe
1769 3264 2002 3317 susten-

348 3371 475 3422 tare
499 3367 619 3435 jam
658 3363 1054 3420 labascentem
1116 3362 1175 3415 et
1221 3354 1728 3413 remollescentem
1787 3351 2003 3408 conﬁr-

348 3470 507 3511 mare
538 3469 655 3509 non
688 3450 953 3518 destitit;
1009 3448 1230 3521 quippe
1285 3446 1387 3517 qui
1445 3443 1518 3500 iis
1569 3442 1875 3499 monachis
1902 3441 2004 3513 qui

343 3540 520 3604 nudis
547 3545 779 3619 peditus
811 3542 1152 3598 incedentes
1199 3543 1256 3595 et
1300 3537 1467 3593 humi
1512 3536 1794 3593 cubantes
1822 3532 2005 3590 veluti

343 3636 641 3695 columnis
671 3633 827 3690 ultra
887 3631 1134 3687 humum
1188 3628 1535 3693 efferuntur,
1595 3626 1656 3682 in
1718 3623 2001 3696 palatium

343 3726 734 3799 congregatis,
771 3728 882 3779 Deo
914 3720 1277 3794 supplicaret
1307 3722 1373 3773 ut
1401 3716 1567 3772 civile
1608 3714 1827 3772 bellum
1869 3729 2002 3784 pro-

344 3818 611 3889 pulsaret
639 3830 745 3870 nec
786 3812 952 3870 alteri
1010 3810 1268 3866 traderet
1325 3806 1660 3877 imperium,
1707 3820 1825 3859 rem
1868 3819 2001 3859 vero

342 3905 611 3962 bellicam
644 3902 880 3975 penitus
937 3899 1279 3972 negligeret,
1331 3895 1493 3952 omni
1548 3910 1651 3966 spe
1681 3910 1787 3948 sua
1815 3893 1875 3946 in
1908 3908 2004 3947 ar-

344 3996 456 4052 mis
489 3993 734 4067 spiritus
763 3990 1067 4048 collocata.
1098 3990 1379 4044 Caeterum
1413 3983 1716 4040 Conradus
1745 3996 1903 4046 eum,
1939 3982 2003 4034 ut

341 4101 553 4141 cancer
607 4083 872 4155 pinnam,
922 4078 1175 4134 subinde
1229 4073 1536 4133 vellicabat
1595 4075 1653 4126 et
1691 4069 2001 4135 excitabat,

345 4191 591 4232 monens
622 4188 694 4228 ne
721 4171 779 4227 in
807 4169 1098 4227 mendicis
1130 4165 1262 4222 istis
1293 4179 1527 4219 omnem
1564 4158 1840 4216 fiduciam
1884 4155 2002 4214 col-

342 4266 584 4332 locaret,
615 4262 716 4318 sed
750 4260 832 4317 rei
875 4258 1155 4314 militaris
1203 4255 1378 4311 etiam
1429 4251 1713 4307 rationem
1765 4248 2003 4308 haberet

344 4360 404 4409 et
429 4352 673 4409 armatis
707 4348 1102 4422 phalangibus
1150 4345 1432 4402 seditioso
1481 4342 1836 4405 occurreret,
1899 4354 2005 4393 neo

345 4443 567 4499 dextris
598 4441 883 4497 duntaxat
939 4436 1138 4504 armis,
1172 4435 1281 4490 hoc
1343 4437 1434 4489 est
1474 4436 1815 4489 sanctorum
1846 4430 2000 4484 viro~

2115 3266 2205 3324 καὶ
2238 3264 2366 3338 ᾅσας
2400 3267 2522 3342 εἶχε
2544 3268 2838 3344 προπχῶς
2867 3269 2958 3324 τὸν
2990 3266 3263 3341 ὑμέναιον,
3313 3266 3471 3329 οὗτος
3518 3267 3618 3335 τὴν
3667 3268 3767 3320 τοῦ

2120 3356 2242 3433 βίου
2315 3357 2578 3413 κοινωνὸν
2656 3357 2866 3431 θανάτῳ
2938 3352 3357 3430 ἀποϐαλόμενος
3404 3355 3480 3417 ὠς
3535 3353 3764 3429 ’ὲρμαιον

2114 3454 2233 3512 τοῖς
2284 3444 2542 3524 πρέσϐεσι
2593 3449 2831 3525 κρίνεται
2880 3448 2972 3505 καὶ
3024 3448 3088 3504 τὸ
3136 3446 3405 3525 πάρεργον
3454 3449 3553 3501 τοῖ’)
3609 3440 3769 3519 ἔργου

2119 3544 2304 3613 μεῖζον
2341 3539 2477 3595 κατά
2505 3536 2672 3598 πολύ.
2706 3539 2806 3594 Ναὶ
2843 3541 2950 3612 μὴν
3012 3538 3370 3618 ὑποσχέσεσιν
3418 3538 3470 3592 οἱ
3514 3529 3765 3610 πρέσϐεις

2120 3629 2398 3702 μεγίσταις
2472 3628 2563 3684 τὸν
2640 3624 2915 3704 Κοῤῥάδον
2992 3627 3345 3704 κουφίσαντες
3438 3625 3530 3680 σὺν
3620 3621 3768 3697 αὐτῷ

2113 3715 2486 3787 έπανέζευξαν,
2516 3715 2605 3771 καὶ
2663 3716 2738 3777 ὡς
2785 3714 3041 3771 εἷστιάκει
3088 3713 3217 3776 τοὺς
3264 3716 3478 3789 γάμους
3528 3714 3555 3768 6
3607 3714 3769 3788 βασι-

2115 3813 2263 3883 λεὺς,
2299 3815 2433 3887 μετὰ
2480 3814 2672 3887 μικρὸν
2728 3810 2784 3866 δὲ
2838 3812 2874 3881 ἡ
2932 3815 3029 3866 τοῦ
3088 3814 3265 3884 Βρανᾶ
3316 3808 3766 3880 ἐπηκολούθησεν

2114 3902 2495 3971 ἐπανάστασις,
2527 3901 2590 3956 οὐ
2624 3898 2838 3956 διέλιπε
2881 3899 2946 3955 τὸ
2993 3902 3091 3955 τοῦ
3154 3898 3425 3975 βασιλέως
3483 3895 3773 3957 διανιστῶν

2115 3992 2374 4069 φρόνημα
2416 3990 2507 4045 καὶ
2549 3994 2669 4053 ταῖς
2730 3989 3135 4064 χρηστοτέραις
3185 3985 3505 4052 ἀναθάλπων
3556 3987 3771 4045 ἐλπίσιν

2116 4074 2431 4150 ἂπεσϐηκὸς
2464 4076 2574 4150 ¹ἢδη
2606 4082 2699 4134 καὶ
2740 4077 2815 4141 εἷς
2864 4078 3057 4154 ἀγεννῆ
3114 4072 3457 4147 καταϐληθὲν
3512 4075 3775 4152 χαλαρό-

2113 4189 2274 4240 τητα,
2316 4169 2403 4224 καὶ
2447 4166 2630 4243 ὥσπερ
2666 4168 2834 4239 ἀκόνη
2894 4171 2975 4239 τῷ
3046 4165 3264 4242 βασιλεῖ
3322 4167 3459 4242 πρὸς
3515 4167 3609 4222 τὸν
3675 4172 3775 4223 τοῦ

2115 4258 2366 4332 πολέμου
2442 4259 2599 4332 ξυρὸν
2676 4258 2980 4336 γινόμενος.
3062 4255 3283 4330 Ἀμέλει
3360 4257 3449 4312 καὶ
3516 4256 3774 4331 βασιλεὺς

2123 4348 2220 4423 μὶν
2250 4348 2378 4411 τοὺς
2408 4345 2767 4423 γυμνόποδας
2822 4347 2913 4403 καὶ
2962 4348 3305 4421 χαμαιεύνας
3349 4350 3454 4402 τῶν
3512 4351 3772 4422 μοναχῶν

2118 4437 2416 4514 ἠθροικὼς,
2447 4437 2537 4493 καὶ
2568 4437 2687 4492 ὅσοι
2717 4435 2861 4491 κίοσι
2921 4440 3034 4509 (30)
3078 4443 3179 4505 τῆς
3227 4439 3333 4511 γῆς
3385 4434 3767 4511 ὑπερήρθησαν

347 4548 478 4589 rum
537 4525 1086 4593 intercessionibus,
1144 4522 1248 4580 sed
1301 4522 1564 4578 sinistris
1607 4520 1760 4576 499
1801 4520 2003 4583 etiam,

2120 4526 2194 4590 εἰς
2235 4527 2302 4581 τὰ
2352 4527 2549 4601 ἀρχεῖα
2601 4525 2998 4600 συνηθροικὼς,
3058 4522 3231 4580 ἐδεῖτο
3299 4521 3369 4579 δι’
3434 4523 3612 4580 αὐτῶν
3670 4528 3768 4579 τοῦ

345 4636 475 4693 quae
501 4633 641 4674 ense
670 4621 728 4673 et
758 4615 998 4672 thorace
1041 4614 1405 4678 constarent,
1455 4609 1650 4665 hostes
1684 4600 2007 4663 ulciscere-

344 4719 457 4766 tur.
489 4707 693 4782 Neque
723 4704 1083 4778 parcendum
1117 4716 1247 4757 esse
1286 4697 1573 4773 pecuniae,
1626 4697 1727 4753 sed
1773 4697 1844 4752 ad
1879 4712 2008 4752 con-

345 4798 724 4857 scribendum
783 4793 1032 4851 militem
1078 4789 1561 4863 impendendam.
1621 4786 1767 4842 Nam
1802 4789 2012 4858 praeter

345 4883 1055 4961 cognatosimperatoris,
1107 4886 1166 4938 et
1212 4895 1310 4937 eos
1360 4877 1551 4949 quiin
1583 4876 1728 4932 urbe
1776 4875 2007 4931 habita-

344 4978 505 5047 bant,
538 4976 729 5033 caeteri
759 4989 966 5031 omnes
988 4973 1192 5029 Branas
1246 4984 1310 5025 se
1359 4965 1786 5032 submiserant,
1817 4981 2010 5037 neque

347 5065 489 5121 foris
519 5064 698 5136 copias
726 5063 912 5134 parari
948 5062 1237 5133 poterant.
1268 5057 1492 5123 Quibus
1522 5053 1767 5111 Cesaris
1815 5054 2008 5110 verbis

346 5155 508 5211 velut
553 5154 809 5211 assiduis
867 5151 1128 5209 stimulis
1183 5154 1418 5221 torpore
1478 5146 1579 5202 illo
1638 5150 1696 5202 et
1746 5146 2010 5203 socordia

353 5259 624 5311 excussa,
672 5241 890 5298 auxilia
947 5239 1289 5297 contrahere
1384 5236 1659 5293 instituit.
1737 5237 1807 5291 Et
1873 5235 2010 5307 quia

352 5334 462 5390 sibi
489 5331 798 5405 pecuniam
836 5330 1041 5386 deesse
1071 5329 1444 5400 querebatur,
1467 5342 1607 5383 vasa
1655 5342 1721 5382 ex
1753 5327 2004 5398 impera-

2121 4619 2255 4671 Θεοῦ
2291 4611 2743 4684 διασκεδασθῆναι
2770 4614 2862 4670 τὸν
2894 4614 3166 4694 ἐφεστῶτα
3198 4611 3468 4691 ἐμφύλιον
3520 4613 3766 4687 πόλεμον

2117 4703 2206 4759 καὶ
2266 4704 2343 4776 μὴ
2407 4697 2706 4777 μεταϐῆναι
2763 4701 2798 4772 ἦ
2860 4702 3171 4773 ἀποπτῆναι
3248 4703 3312 4759 τὸ
3375 4703 3574 4779 κράτος
3634 4701 3772 4777 πρὸς

2115 4793 2322 4870 ἓτερον,
2350 4797 2460 4848 τῶν
2491 4789 2549 4848 δὲ
2596 4793 2731 4848 κατά
2786 4791 3055 4866 πόλεμον,
3114 4790 3387 4867 ἠτημέλει
3434 4791 3770 4865 παντάπαιτι⁹

2115 4885 2213 4946 τὰς
2274 4880 2502 4945 ἐλπίδας
2554 4884 2728 4946 πάσας
2778 4880 3097 4939 ἐπανάπτων
3177 4885 3247 4956 τῇ
3304 4884 3604 4957 παντευχίᾳ
3669 4885 3769 4936 τοῦ

2117 4971 2445 5044 πνεύματος·
2476 4970 2504 5024 6
2536 4966 2594 5024 δὲ
2624 4969 2698 5032 ὡς
2731 4970 2760 5025 6
2806 4972 3061 5044 καρκίνος
3106 4971 3205 5039 τὴν
3261 4970 3451 5025 πίνναν
3500 4966 3771 5031 πολλάκις

2116 5064 2309 5116 τοῦτον
2343 5056 2591 5129 διύπνιζε
2634 5057 2725 5114 καὶ
2780 5060 3092 5115 ὑπονύττων
3149 5058 3416 5131 διανίστα,
3468 5058 3639 5122 πείθω
3687 5057 3765 5130 μή

2118 5150 2294 5204 πάντα
2322 5152 2438 5210 τοῖς
2466 5143 2646 5210 ἀϐίοις
2676 5149 2892 5211 τούτοις
2936 5147 3170 5225 θαῤῥεῖν,
3211 5146 3341 5204 ἀλλ’
3386 5148 3437 5203 έν
3490 5152 3569 5219 τῷ
3622 5146 3773 5220 μέρει

2119 5237 2211 5293 καί
2262 5240 2506 5309 στρατῶν
2555 5236 2912 5311 ἐπιμέλεσθαι
2967 5238 3057 5292 καὶ
3106 5235 3368 5315 φάλαγξιν
3416 5235 3778 5311 ὁπλομάχοις

2120 5328 2257 5384 κατά
2285 5327 2382 5382 τού
2411 5326 2730 5382 ἀντιστᾶτου
2769 5333 3095 5403 κεχρῆσθαι,
3137 5327 3287 5390 ὅπως
3338 5324 3424 5398 εἴη
3479 5328 3556 5402 μὴ
3614 5326 3778 5400 μόνον

1745 5489 1917 5551 Hier.
1953 5491 2165 5553 Wolfii
2195 5498 2383 5556 notae.

421 5657 534 5735 (30)
562 5654 721 5713 Ὅσοι
750 5650 916 5711 κίοσι.
952 5649 1244 5711 Fortassis
1280 5647 1408 5704 ὡσεὶ
1438 5648 1605 5721 κίοσι,
1636 5652 1722 5708 vel
1753 5649 1953 5715 κίονες.
