4102 6386
319 396 444 457 ’145

1480 388 1582 449 DE
1626 386 1940 449 ISAACIO
1984 384 2291 447 ANGELO
2336 386 2481 449 LIB.
2529 387 2577 446 Ι.

3635 390 3754 473 ’146

312 528 402 585 διὰ
430 533 539 584 τῶν
573 524 763 598 δεξιῶν
809 520 1019 594 ὅπλων,
1076 526 1187 577 τῶν
1245 520 1543 594 συνάρσεων
1592 518 1811 592 δηλαδὴ
1863 524 1965 576 τῶν

2089 521 2252 575 toriis
2281 521 2512 578 scriniis
2544 523 2887 593 deprompta
2917 521 3171 593 templis,
3205 538 3334 593 qum
3382 540 3591 581 aurum
3633 525 3738 582 ba-

312 621 485 698 ἀγίων
542 616 776 691 ἀνδρῶν,
843 613 990 671 ἀλλὰ
1053 613 1144 669 καὶ
1211 610 1302 667 διὰ
1361 617 1470 670 τῶν
1525 612 1821 688 ἀριστερῶν
1870 616 1978 666 τῶν

310 711 739 787 κρατυνομὲνων
792 705 930 783 ξίφει
989 702 1080 759 καὶ
1134 703 1340 778 θώρακι
1396 703 1489 759 τὸν
1550 702 1980 774 ἀντικαθήμενον

310 799 586 872 πολέμιον
669 796 894 870 μετιὼν,
977 790 1121 867 μηδὲ
1178 792 1488 871 χρημάτων
1546 790 1826 864 ὑποτιθεῗς
1864 789 1980 868 φεί-

312 886 521 957 δεσθαι,
554 884 701 942 ἂλλά
746 884 838 939 καὶ
886 880 1059 938 ταῦτα
1114 879 1444 961 διαφθείρειν
1507 880 1585 943 είς
1640 878 1978 954 στρατευμά-

315 1000 423 1033 των
466 975 818 1054 συναγωγήν,
877 973 990 1028 ἐπεὶ
1041 971 1133 1028 καὶ
1190 969 1316 1027 ἄνευ
1376 977 1484 1027 τῶν
1524 972 1642 1036 καθ’
1704 970 1844 1043 αἷμα
1898 973 1979 1040 τῷ

315 1064 538 1143 βασιλεῖ
595 1064 1018 1136 συναπτομένων
1073 1062 1162 1115 καὶ
1220 1065 1328 1116 τῶν
1404 1061 1523 1115 ὅσοι
1578 1060 1675 1122 τὰς
1735 1058 1976 1129 οἰκήσεις

323 1157 398 1228 μὴ
451 1153 605 1216 ἐκτὸς
652 1154 810 1228 εἶχον
862 1157 963 1220 τῆς
1019 1148 1261 1220 πόλεως,
1317 1149 1513 1211 πάντες
1572 1147 1846 1221 ὑπέκυψαν
1899 1149 1978 1218 τῷ

312 1246 551 1318 Βαρανᾷ,
613 1242 718 1297 κάκ
772 1247 882 1297 τῶν
939 1234 1135 1310 ἔξωθεν
1222 1239 1324 1294 οὐκ
1380 1240 1445 1307 ἦν
1505 1236 1976 1310 ἐπεισενέγκασθαι

312 1336 645 1411 στράτευμα.
706 1335 811 1395 Οἷς
870 1330 937 1402 δὴ
997 1335 1095 1387 τοῦ
1152 1331 1427 1405 Καίσαρος
1486 1328 1680 1405 λόγοις
1733 1328 1974 1400 καθάπερ

312 1421 590 1498 ἐνδελεχει
670 1421 959 1498 βουπλῆγι
1033 1419 1369 1495 τιτρώμενος
1446 1417 1672 1492 ἀνενηψέ
1747 1438 1807 1471 τε
1877 1420 1976 1472 τοῦ

309 1513 477 1589 κάρου
541 1513 634 1567 καὶ
697 1518 798 1581 τῆς
857 1509 1089 1581 ἆκηδίας
1159 1510 1540 1583 μεθήρμοστο,
1611 1507 1699 1561 καὶ
1768 1506 1974 1580 ἤρξατο

313 1602 595 1673 συλλέγειν
645 1597 1027 1674 συμμαχικόν.
1082 1600 1170 1668 Μὴ
1222 1596 1469 1671 εὐπορεῖν
1506 1593 1563 1651 δὲ
1607 1594 1785 1670 λέγων
1836 1613 1977 1670 χρυ-

312 1696 471 1766 σίων,
532 1694 592 1748 ἐκ
645 1696 753 1748 τῶν
817 1689 1121 1766 βασιλικῶν
1178 1688 1443 1762 ταμιείων
1502 1686 1733 1762 ἀργύρεα
1809 1684 1973 1754 σκεύη

312 1782 649 1857 ἀνελόμενος
704 1780 1105 1856 παρακατέθετο
1156 1782 1324 1833 ταῦτα
1367 1782 1487 1839 τοῖς
1530 1775 1763 1852 χρυσίου
1804 1776 1976 1831 εὐπο-

319 1878 472 1950 ροῦσι
530 1873 800 1945 τεμένεσι,
838 1869 928 1926 καὶ
976 1869 1042 1925 τὰ
1089 1867 1288 1924 ἐκεῖθεν
1336 1866 1661 1943 πορισθέντα
1707 1868 1973 1942 χρήματα
2005 1904 2049 1969 Β

316 1962 391 2021 εἷς
450 1959 730 2037 συλλογὴν
791 1956 1016 2014 διέδωκε
1067 1962 1341 2032 στρατιᾶς,
1399 1954 1496 2011 κᾶν
1553 1955 1775 2030 ὕστερον
1835 1953 1970 2030 μετᾶ

317 2051 419 2118 τὴν
453 2049 604 2119 νίκην
648 2049 738 2103 καὶ
783 2049 846 2104 τὸ
884 2046 1114 2124 χρυσίον
1166 2047 1266 2101 οὐκ
1314 2042 1560 2101 ἀπέδωκε
1619 2044 1706 2099 καὶ
1748 2045 1816 2097 τὰ
1861 2063 1969 2097 πα-

322 2139 741 2214 ρακατατεθέντα
815 2137 1074 2194 ἀνείλετο.
1149 2134 1373 2210 Ἀμέλει
1459 2135 1550 2189 καὶ
1644 2133 1695 2188 ἐν
1767 2135 1969 2208 βραχεῖ

317 2232 493 2301 καιρῷ
550 2229 577 2282 ὁ
638 2228 731 2301 μὲν
792 2225 1065 2304 Κορῥοὶδος
1124 2226 1231 2282 ἀπὸ
1286 2230 1395 2281 τῶν
1451 2224 1590 2280 κατὰ
1643 2226 1743 2294 τήν
1802 2221 1966 2277 πόλιν

317 2319 627 2396 συναγήοχε
660 2317 902 2372 Λατίνων
937 2318 1171 2379 ἱππότας
1213 2317 1301 2389 [Ρ.
1349 2316 1478 2389 245]
1533 2313 1657 2390 περὶ
1704 2312 1833 2375 τοὺς
1883 2308 1965 2374 δὶς

311 2405 498 2461 ἑκατὸν
566 2405 656 2460 καὶ
709 2408 1067 2477 πεντήκοντα,
1127 2405 1334 2466 πάντας
1423 2401 1796 2478 ἆρειμανίους,
1873 2409 1965 2463 καὶ

310 2497 508 2566 πεζοὺς
536 2498 952 2560 πεντακοσίους.
996 2495 1110 2554 Οὐκ
1152 2494 1338 2571 ὀλίγοι
1387 2491 1434 2549 δ’
1480 2492 1964 2568 ἱστρατολίογήθηο

306 2608 402 2642 σαν
438 2587 529 2643 καὶ
590 2588 695 2643 ἀπὸ
756 2587 1122 2661 Ἰσμαηλιτῶν
1178 2587 1268 2642 καὶ
1320 2589 1429 2641 τῶν
1496 2584 1647 2657 ἑῴων
1716 2579 1962 2658 Ἰϐήρων,

307 2680 423 2732 κατ’
502 2677 770 2752 ἐμπορίαν
849 2675 1219 2751 στειλαμένων
1293 2678 1394 2744 τὴν
1472 2674 1526 2736 ἐς
1564 2676 1665 2744 τὴν
1709 2670 1965 2749 βασιλίδα

305 2770 413 2822 τῶν
441 2766 681 2823 πόλεων.
726 2767 806 2824 Τὸ
860 2763 1094 2841 δὲ’περὶ
1140 2766 1232 2821 τὸν
1287 2762 1516 2841 βασιλέα
1564 2763 1834 2838 ἐπίσημον
1885 2768 1964 2836 τῷ

309 2855 580 2933 γένει’καὶ
639 2855 826 2918 ἄλλως
879 2857 999 2931 περὶ
1053 2856 1153 2926 τὴν
1216 2852 1494 2931 βασιλειον
1550 2851 1726 2923 αὐλήν
1789 2851 1965 2909 εἰλού-

320 2967 479 3019 μενον
528 2948 651 3022 περὶ
692 2946 818 3008 τοὺς
868 2944 1090 3021 χιλίους
1148 2944 1452 3019 ἠρίθμητο.
1506 2942 1790 3014 Τοσαύτην
1841 2941 1888 2998 δ’
1936 2942 1964 2998 ὁ

310 3032 593 3112 Κορῥάδος
657 3036 789 3110 ὑπὲρ
836 3039 933 3090 τοῦ
1007 3038 1333 3110 κρατοῦντος
1397 3034 1745 3110 εἰσηνέγκατο
1794 3053 1966 3088 σπου-

234 3188 239 3195 ,
314 3122 415 3194 δὴν
449 3122 587 3181 ὣστε
619 3124 967 3199 θεόπεμπτον
1001 3125 1202 3200 ἀγαθὸν
1233 3123 1371 3180 κατὰ
1401 3124 1587 3199 καιρὸν
1623 3127 1703 3196 τῷ
1748 3121 1964 3199 βασιλεῖ

309 3211 528 3271 ἐπιστάν
601 3220 719 3277 τοῖς
797 3214 991 3269 ἅπασίν
1069 3213 1374 3290 ἐλογίζετο.
1452 3214 1605 3271 Ἔστι
1658 3210 1706 3267 δ’
1752 3214 1844 3269 ὅτε
1886 3216 1966 3287 τῷ

315 3303 528 3379 βασιλεῖ
559 3303 790 3360 ἐσθίοντι
823 3304 1113 3384 ἐποφθείς,
1134 3328 1161 3355 ιι
1193 3302 1322 3361 Ε’ἱθε
1352 3301 1549 3374 οὕτως,
1582 3325 1610 3355 ››
1666 3302 1971 3361 ὑποστενά-.

310 3396 399 3468 ξας
435 3393 642 3469 εἶ’ρηκε,
684 3419 713 3447 ‹‹
763 3398 872 3449 τῶν
931 3393 1069 3449 κατὰ
1114 3394 1206 3448 τὸν
1258 3392 1533 3470 ἐῳεστῶτα
1582 3392 1827 3465 πόλεμον
1878 3392 1968 3447 ἒπ-

311 3483 535 3559 εμέλου,
574 3481 757 3559 ὣσπερ
788 3482 917 3559 γίνῃ
948 3478 1359 3559 τρεχέδειπνος,
1392 3480 1481 3535 ἐπὶ
1508 3481 1575 3536 τὰ
1631 3480 1965 3556 προκείμενα

314 3574 583 3650 βρώματα
613 3571 1006 3649 λιχνευόμενος
1047 3571 1136 3626 καὶ
1189 3569 1327 3641 ὅλην
1376 3571 1476 3639 τήν
1536 3567 1797 3647 φροντίδα
1844 3575 1963 3633 τοῖς

305 3663 810 3739 παρακενουμένοις
888 3658 1174 3737 διαχαλῶν
1250 3656 1660 3734 δαιτρεύμασιν.
1699 3683 1726 3712 n
1771 3660 1832 3718 Ὀ
1907 3656 1965 3715 δὲ

301 3751 617 3830 ἐρυθριάσας
648 3751 737 3809 ἐπὶ
768 3757 846 3824 τῷ
902 3752 1110 3826 ῥήματι
1170 3750 1348 3824 τούτῳ
1395 3748 1485 3805 καί
1539 3747 1964 3826 πυῤῥωπότερος

302 3844 489 3920 φανεὶς
523 3845 716 3899 ἑαυτοῦ
773 3842 865 3897 καὶ
923 3838 1205 3914 μειδιάσας
1260 3835 1615 3915 βεϐιασμένον
1667 3834 1961 3895 ἐπελάϐετο

302 3941 402 4003 τῆς
435 3933 701 4012 χλανίδος
731 3938 830 3989 τοῦ
862 3931 1155 4007 Καίσαρος,
1213 3929 1303 3985 καὶ
1358 3924 1765 4000 διασεσοϐῃκὼς
1814 3931 1960 3985 εἶπεν

305 4023 381 4086 ὡς
438 4045 460 4074 α
507 4024 650 4080 Κατὰ
698 4026 912 4098 καιρὸν,
962 4023 1008 4076 ὦ
1059 4021 1238 4091 οὗτος,
1289 4015 1724 4093 ἑστιαθησόμεοά
1767 4041 1825 4074 τε
1872 4020 1960 4075 καὶ

310 4113 684 4188 μαχεσόμεθα.
747 4138 775 4165 ››
834 4110 1116 4187 Ἐγένοντο
1167 4107 1226 4164 δὲ
1273 4111 1364 4165 καί
1441 4107 1757 4183 διοσημεῖαι
1814 4130 1963 4181 τηνι-

306 4207 499 4256 καῦτα·
562 4200 773 4274 ἡμέρας
826 4202 929 4275 γὰρ
989 4200 1203 4274 ἀστέρες
1262 4198 1550 4273 ἐφάνησαν,
1616 4199 1704 4253 καὶ
1766 4199 1793 4252 ὁ
1852 4198 1958 4273 ἀὴρ

307 4286 641 4360 ταραχώδης
715 4286 900 4364 ὢφθη,
962 4291 1063 4367 ,καὶ
1140 4287 1263 4364 περὶ
1315 4288 1409 4342 τὸν
1447 4285 1611 4358 ἣλιον
1651 4288 1797 4357 πάθη
1838 4289 1961 4342 τινὰ

308 4368 718 4445 συμϐεϐήκασιν
773 4380 807 4432 ἅ
863 4398 1021 4455 φασιν
1102 4378 1342 4445 ἅλωνας,
1432 4378 1507 4440 ὡς
1569 4375 1709 4449 μηδὲ
1763 4380 1954 4433 τοῦτον

304 4463 539 4538 καθαρὸν
573 4464 664 4519 καὶ
694 4465 999 4536 ἀθόλωτον,
1033 4466 1162 4525 ἄλλ’
1215 4465 1527 4545 ὠχρότερον
1581 4463 1953 4522 ἀποδισκεύειν

299 4553 360 4607 τὸ
410 4557 549 4631 φῶς.
612 4556 897 4626 Τοσαύτην
959 4554 1027 4625 δ’,
1088 4558 1162 4622 ὡς
1223 4555 1461 4613 ἐνεδίδου
1518 4557 1583 4612 τὰ
1637 4556 1951 4631 πράγματα,

300 4646 675 4718 συνηθροικὼς
727 4647 755 4701 ὁ
809 4647 1070 4721 βασιλεὺς
1118 4650 1372 4723 στρατιὰν
1432 4644 1569 4724 ἔγνω
1621 4650 1698 4722 μὴ
1756 4645 1956 4703 ἀναδύ-

299 4735 449 4789 εσθαι
479 4739 570 4788 mi
605 4734 828 4808 μέλλειν
864 4737 1026 4791 εἰσέτι
1069 4739 1377 4810 καθήμενος
1440 4737 1779 4816 ὑπωρόφιος,
1830 4735 1958 4793 ἀλλ’

298 4822 353 4878 ἐν
380 4827 460 4898 τῷ
513 4821 665 4896 μέρει
726 4823 815 4879 καὶ
875 4824 1040 4887 αὐτὸς
1099 4825 1335 4903 ξιφήρης
1394 4825 1625 4900 ὀφθῆναι
1684 4829 1764 4896 τῷ
1823 4825 1962 4879 ἀπο-

300 4911 484 4988 στάτῃ.
521 4913 660 4976 Στᾶς
689 4913 870 4969 τοίνυν
904 4913 1293 4990 θωρακοφόρος
1341 4911 1471 4968 εἷ’σω
1514 4911 1612 4969 τοῦ
1658 4909 1960 4989 περιϐόλου

300 5009 401 5072 τῆς
428 5002 670 5074 πόλεως,
702 5002 819 5060 ὅν”ὁ
866 5000 1120 5080 βασιλεὺς
1162 5002 1419 5079 ἀνήγειρε
1470 5004 1738 5073 Μανουήλ
1786 4996 1962 5079 ἔρυμα

302 5095 412 5147 τῶν
446 5092 499 5147 ἐν
535 5093 874 5174 Βλαχέρναις
926 5092 1190 5169 ἀρχείων,
1241 5093 1611 5170 παρεθάρῥυνε
1659 5092 1851 5169 λόγοις
1896 5094 1962 5149 τὸ

303 5182 554 5257 συγγενὲς
630 5185 721 5240 καὶ
794 5185 858 5239 τὸ
943 5184 1226 5259 παρεστὼς
1326 5182 1545 5259 ἐγγύθεν
1648 5180 1957 5252 ὁπλιτικὸν,

296 5269 485 5327 τοιάδε
540 5269 1071 5349 παρακελεινόμενος⁵
1133 5298 1161 5325 ι(
1223 5274 1486 5348 Κρεῖσσόν
1567 5271 1680 5328 ἐστι
1747 5269 1957 5344 δήπου·-

295 5361 406 5430 θεν,
448 5362 540 5416 καὶ
590 5363 736 5438 παρά
782 5383 844 5439 γε
891 5366 1008 5435 Θεῷ
1054 5361 1486 5437 ἀνεπίγκλητον,
1549 5366 1647 5418 τοῦ
1715 5359 1961 5436 ἐννόμως

295 5454 623 5518 κρατοῦντος
672 5449 1111 5528 προκινδυνεύειν
1162 5451 1292 5515 τοὺς
1344 5452 1433 5507 ὑπ’
1487 5452 1691 5528 ἀρχὴν,
1751 5451 1785 5521 ἢ
1826 5454 1955 5527 γοῦν

291 5539 621 5615 προσρέπειν
667 5539 822 5617 ἀνδρὶ
866 5545 1195 5618 νεωτεριστῇ
1242 5542 1333 5597 καὶ
1383 5542 1502 5597 κατ’
1554 5540 1823 5612 ἀλλήλων
1872 5539 1957 5596 ἐκ·

293 5622 689 5703 πολεμώσαντι
728 5632 791 5686 τὸ
822 5633 1198 5709 ὁμόγλωττον.
1233 5632 1301 5691 Εἰ
1335 5629 1392 5689 δὲ
1435 5653 1581 5695 τινες
1631 5632 1735 5687 εἶεν
1795 5652 1956 5706 μετα-

294 5715 672 5797 κυειυομὲνην
726 5714 946 5797 ἔχοντες
974 5722 1075 5792 τὴν
1122 5722 1351 5800 γνώμην
1405 5721 1497 5778 καὶ
1544 5718 1959 5799 ἆμφιτάλαντον

536 5843 806 5908 ΡΑτιιοι..
853 5811 961 5906 (ια’.
1009 5814 1333 5910 CXXXIX.

2090 610 2324 676 hebant,
2358 612 2789 683 Oppignoravit,
2823 616 2880 667 et
2909 612 3216 684 pecuniam
3255 613 3392 669 inde
3444 619 3742 686 acceptam

2089 703 2159 755 ad
2195 701 2587 773 colligendum
2614 703 2931 757 exercitum
2966 703 3581 774 distribuit,quamvis
3614 713 3747 775 post

2088 789 2390 845 victoriam
2424 805 2526 846 nec
2583 790 2890 862 pecuniam
2951 790 3167 846 restitit
3222 797 3280 845 et
3326 808 3461 845 vasa
3491 790 3590 846 illa
3620 792 3749 847 abs-

2088 876 2243 932 tulit.
2279 878 2582 935 Conradus
2613 896 2747 935 vero
2779 879 2988 950 exiguo
3021 882 3285 951 tempore
3330 879 3556 950 equites
3599 879 3751 935 Lati-

2088 982 2196 1020 nos
2222 967 2278 1020 in
2317 968 2455 1021 urbe
2485 966 2715 1022 circiter
2745 967 2873 1022 CCL
2896 967 3086 1038 coegit.
3115 982 3321 1022 omnes
3376 967 3532 1023 viros
3565 968 3742 1022 belli-

2088 1054 2443 1123 cosissitnos,
2468 1061 2526 1111 et
2558 1056 2781 1127 pedites
2818 1057 2881 1125 ι),
2915 1073 3022 1112 nec
3056 1056 3219 1128 pauci
3245 1073 3312 1112 ex
3335 1057 3668 1126 Ismaelitis,
3689 1051 3746 1113 οι

2087 1143 2469 1200 Orientalium
2504 1145 2735 1201 Iberum
2771 1147 2963 1215 multi,
2990 1146 3083 1218 qui
3112 1146 3448 1219 negotiandi
3472 1164 3650 1203 causa
3681 1147 3742 1203 in

2089 1231 2290 1288 urbem
2351 1239 2650 1299 venerant,
2713 1235 2951 1291 nomine.
3010 1236 3232 1291 militias
3291 1236 3597 1292 dederunt.
3659 1235 3742 1291 Ex

2085 1337 2298 1393 genere
2329 1321 2659 1378 illustribus
2691 1328 2749 1378 et
2778 1324 2995 1396 alioqui
3036 1325 3322 1396 palatium
3371 1325 3741 1396 frequentare

2086 1410 2277 1468 solitis
2309 1412 2376 1467 ad
2400 1412 2559 1468 mille
2592 1413 3003 1470 connumerati
3049 1418 3209 1469 sunt.
3245 1413 3548 1469 Conradus
3604 1430 3739 1469 vero

2084 1505 2245 1557 tanta
2274 1502 3203 1577 contentionebooimperatoris
3257 1510 3446 1576 partes
3486 1504 3736 1561 tuendas

2086 1591 2365 1662 suscepit,
2409 1597 2474 1647 ut
2519 1593 2591 1647 ab
2651 1593 2928 1648 omnibus
2986 1593 3271 1648 divinitus
3330 1596 3549 1649 missus
3603 1610 3734 1650 esse

2084 1685 2342 1752 tempore
2362 1683 2616 1737 maxime
2666 1682 2992 1738 necessario
3032 1682 3384 1737 crederetur.
3420 1685 3607 1754 Atque
3638 1683 3739 1737 ati-

2085 1771 2319 1841 quando
2343 1771 2412 1827 ad
2437 1770 2844 1844 imperatorem
2863 1772 3262 1828 comedentem
3285 1773 3737 1845 ingressuscum

2084 1858 2339 1930 suspirio
2361 1858 2543 1913 dixit:
2577 1880 2602 1912 σ
2631 1860 2861 1916 Utinam
2916 1860 2997 1915 ita
3037 1877 3157 1916 rem
3188 1859 3453 1915 bellicam
3479 1876 3736 1928 curares,

2083 1946 2432 2004 utalacriter
2453 1949 2523 2003 ad
2548 1965 2723 2004 coenae
2755 1949 3023 2005 lauticias
3073 1949 3334 2006 accurrie
3384 1954 3440 2005 et
3467 1950 3734 2006 animum

2080 2036 2139 2090 in
2175 2037 2391 2107 patinis
2422 2036 2625 2094 habes.
2661 2060 2689 2087 »
2715 2039 2791 2094 Eo
2822 2037 2976 2095 dicto
3030 2040 3349 2110 imperator
3387 2038 3645 2105 erubuit,
3676 2047 3738 2094 et

2081 2125 2370 2197 prehenso
2391 2125 2551 2182 illius
2582 2127 2759 2199 pallio
2780 2145 2913 2182 cum
2936 2128 3055 2184 risu
3093 2133 3291 2183 coacto
3310 2127 3530 2183 dixitm
3574 2127 3733 2184 Heus

2082 2220 2165 2282 tu,
2200 2231 2307 2272 suo
2338 2219 2600 2288 tempore
2656 2221 2711 2272 et
2768 2216 3131 2274 cmuabimus
3187 2223 3245 2273 et
3294 2216 3665 2274 bellabimus.
3700 2237 3728 2267 η

2079 2305 2227 2360 Tum
2262 2321 2494 2378 quoque
2520 2309 2745 2363 ostenta
2775 2312 3194 2380 apparuerunt.
3230 2307 3376 2363 Nam
3425 2305 3607 2362 stellae
3640 2306 3729 2361 in-

2077 2396 2266 2453 terdiu
2300 2402 2442 2454 sunt
2472 2403 2817 2470 conspectas,
2872 2415 2972 2455 aer
3021 2398 3400 2455 turbulentus
3458 2399 3588 2467 fuit,
3622 2397 3727 2454 cir-

2078 2486 2195 2542 culi
2235 2504 2381 2558 quas
2411 2505 2579 2545 areas
2608 2493 2819 2543 vocant
2874 2488 3055 2544 solem
3120 2488 3491 2544 ambiverunt
3529 2504 3542 2555 ;
3576 2488 3732 2543 unde

2080 2574 2279 2632 lumen
2334 2578 2461 2649 ejus
2510 2594 2626 2634 non
2681 2594 2894 2651 purum
2970 2578 3069 2634 sed
3133 2576 3408 2650 pallidius
3463 2577 3729 2634 emicuit.

2078 2666 2398 2738 Imperator
2453 2683 2588 2723 vero
2645 2671 2805 2723 tanto
2865 2668 3119 2723 exercitu
3187 2675 3384 2723 coacto
3443 2671 3730 2738 quantum

2078 2771 2168 2811 res
2191 2756 2484 2826 sinebant,
2512 2773 2626 2811 non
2663 2757 2884 2812 diutius
2919 2757 3316 2812 cunctandum
3352 2760 3408 2811 et
3438 2756 3548 2811 sub
3580 2758 3732 2812 tecto
3763 2752 3767 2755 ⁷

2077 2844 2464 2900 desidendum
2496 2862 2625 2902 esse
2656 2849 2817 2901 ratus
2842 2851 2950 2912 est,
2983 2846 3084 2902 sed
3116 2845 3378 2901 vicissim
3425 2861 3588 2901 arma
3636 2862 3729 2901 se-

2077 2934 2309 2991 ditiosis
2364 2936 2685 2991 inferenda.
2758 2936 2959 3008 Itaque
3038 2936 3377 2993 thoracatus
3462 2939 3616 2993 intra
3662 2952 3729 2993 ea

2079 3025 2293 3081 muenia
2325 3025 2539 3096 quibus
2569 3024 2798 3081 Manuel
2826 3025 3144 3097 imperator
3187 3024 3592 3081 Blachernium
3628 3042 3725 3099 pa-

2077 3112 2285 3169 latium
2311 3115 2542 3180 muniit,
2568 3120 2733 3170 stans
2770 3114 3110 3185 hujusmodi
3156 3115 3417 3171 oratione
3447 3119 3726 3186 cognatos

2079 3209 2135 3259 et
2156 3206 2419 3276 proxime
2449 3210 2709 3261 astantes
2741 3204 2960 3261 milites
2983 3205 3353 3261 confirmavit
3377 3221 3390 3259 :
3414 3227 3442 3255 «
3473 3205 3730 3261 Omnino

2081 3299 2338 3364 praestat,
2370 3294 2608 3367 Deoque
2636 3295 2862 3363 gratius
2920 3299 3030 3362 est,
3066 3299 3130 3350 ut
3168 3294 3392 3351 subditi
3453 3312 3555 3367 pro
3587 3293 3729 3367 legi-

2076 3382 2220 3438 timo
2253 3384 2601 3454 imperatore
2622 3384 2772 3441 50]
2838 3392 3100 3456 pugnent
3157 3401 3336 3456 quam
3404 3400 3533 3441 cum
3576 3385 3726 3440 sedi-

2075 3472 2220 3530 tioso
2252 3490 2318 3530 ac
2349 3475 2535 3531 civilis
2566 3475 2700 3532 belli
2732 3479 2967 3534 auctore
2998 3493 3061 3533 se
3117 3479 3498 3549 conjungant.
3530 3475 3592 3532 Si
3624 3477 3730 3548 qui

2075 3577 2208 3617 vero
2239 3568 2377 3618 sunt
2411 3579 2663 3633 quorum
2696 3565 2880 3619 animi
2913 3564 3184 3620 vacillent
3205 3581 3272 3620 ac
3294 3565 3597 3630 ﬂuctuant,
3629 3571 3732 3622 aut

2075 3651 2316 3707 omnino
2347 3652 2418 3706 ad
2452 3651 2800 3708 seditiosum
2835 3669 3047 3725 magno
3104 3651 3329 3723 impetu
3360 3648 3608 3708 'amoris
3649 3653 3734 3708 fe-

2075 3745 2365 3811 rantur,et
2397 3758 2567 3812 quem
2599 3741 2725 3797 heri
2758 3746 2821 3796 ut
2853 3741 3149 3815 mancipia
3194 3741 3500 3799 dominum
3543 3741 3735 3798 colue-

2074 3838 2235 3902 runt,
2267 3849 2400 3889 eum
2434 3832 2605 3888 hodie
2628 3832 2921 3905 rejiciant,
2956 3835 3025 3889 ab
3048 3833 3119 3889 iis
3140 3832 3515 3907 impetratam
3547 3831 3723 3889 velim

2073 3939 2194 3978 rem
2215 3923 2453 3979 omnino
2485 3922 2909 3994 aequissimam,
2936 3929 2996 3977 ut
3041 3923 3199 3978 domi
3233 3924 3503 3979 sedentes
3537 3922 3728 3980 neutri

2073 4013 2452 4085 opitulentur,
2486 4012 2671 4068 donee
2701 4010 2897 4083 proelio
2957 4013 3248 4084 dirempta
3284 4012 3457 4067 fuerit
3485 4017 3721 4068 contro-

2069 4103 2274 4171 versia,
2311 4119 2378 4159 ac
2408 4108 2532 4157 tum
2594 4108 2659 4157 ut
2714 4102 2902 4157 caeteri
2951 4118 3085 4158 cum
3137 4103 3349 4157 victore
3381 4118 3443 4158 se
3471 4101 3717 4173 conjun-

2069 4198 2210 4263 gant
2234 4218 2248 4259 ;
2273 4200 2374 4248 aut
2395 4196 2591 4249 statim
2618 4198 2751 4249 ante
2775 4209 3026 4265 pugnam
3054 4194 3126 4249 ad
3151 4193 3375 4248 hostem
3409 4193 3623 4248 abeant
3653 4208 3717 4249 ac

2071 4299 2173 4354 pro
2195 4282 2324 4353 ejus
2349 4281 2536 4337 salute
2559 4281 2860 4349 dimicent,
2893 4297 3009 4353 quo
3040 4282 3288 4353 gratiam
3339 4282 3411 4337 ab
3443 4298 3509 4338 eo
3539 4282 3719 4337 victo-

2071 4375 2216 4430 riam
2250 4376 2459 4446 adepto
2493 4375 2768 4444 majorem
2800 4374 3020 4430 ineant.
3050 4373 3198 4431 Nam
3227 4392 3320 4432 me
3358 4375 3600 4448 quidem
3634 4377 3717 4431 la-

2070 4463 2177 4519 biis
2206 4462 2516 4531 honorare,
2550 4463 2724 4518 corde
2754 4478 2887 4518 vero
2941 4462 3108 4521 alteri
3168 4462 3432 4521 addictos
3481 4480 3611 4521 esse
3653 4480 3719 4520 ac

2066 4569 2239 4609 omne
2269 4553 2532 4609 studium
2568 4554 2811 4618 deferre,
2844 4552 3001 4609 haud
3035 4554 3154 4609 scio
3182 4572 3257 4610 an
3314 4553 3387 4610 ab
3436 4554 3555 4610 ullo
3584 4571 3717 4626 pro-

1994 4633 2034 4698 D
2067 4642 2193 4700 bari
2224 4650 2323 4700 aut
2349 4642 2465 4699 Deo
2490 4642 2719 4716 placere
2779 4644 2985 4714 possit,
3009 4644 3110 4715 qui
3158 4644 3450 4715 equitatis
3508 4659 3720 4699 amans

2073 4735 2133 4789 in
2164 4733 2494 4789 animorum
2527 4748 2794 4788 recessus
2822 4731 3090 4804 inquirit.
3123 4733 3268 4788 Nam
3326 4733 3400 4786 ab
3458 4748 3523 4788 eo
3563 4731 3719 4802 quod

2070 4822 2144 4878 iis
2175 4823 2344 4894 pejus
2374 4826 2463 4877 est
2492 4838 2559 4878 ac
2580 4823 2846 4877 omnium
2869 4820 3721 4891 impudentissimum,animus

2071 4927 2304 4984 quoque
2339 4911 2636 4977 abhorret,
2669 4910 2932 4967 videlicet
2960 4926 3029 4965 ne
3063 4911 3165 4982 qui
3216 4926 3425 4982 pugnae
3457 4913 3721 4981 tempore

2070 5001 2142 5057 ad
2174 5007 2489 5074 tyrannum
2550 4999 2829 5055 deﬁciant
2892 5004 2949 5056 et
3006 5001 3282 5072 probatos
3333 4999 3508 5055 etiam
3566 5002 3721 5057 viros

2069 5090 2332 5161 exemplo
2364 5107 2471 5146 suo
2503 5094 2902 5161 corrumpant.
2937 5088 2997 5144 Id
3057 5089 3213 5160 quod
3246 5089 3304 5144 in
3338 5088 3543 5145 avibus
3586 5106 3716 5161 qua

2070 5180 2355 5252 gregatim
2386 5177 2581 5234 volant
2603 5178 2886 5234 cernitur.
2919 5177 3064 5233 Nam
3099 5178 3194 5233 ubi
3225 5195 3341 5234 una
3378 5177 3722 5247 subvolarit,

2071 5268 2309 5341 reliquae
2340 5284 2546 5324 omnes
2602 5285 2719 5323 una
2779 5266 3047 5322 avolant:
3095 5267 3194 5322 ubi
3227 5284 3345 5324 una
3374 5268 3724 5339 consederit,

2070 5360 2306 5431 reliquas
2337 5359 2514 5415 etiam
2537 5359 2907 5414 consident.»
2936 5361 3067 5414 Haec
3118 5363 3425 5430 propterea
3471 5358 3719 5430 dicebat,

2070 5451 2223 5521 quod
2278 5447 2563 5505 Joannem
2621 5448 2775 5504 502
2853 5446 3371 5504 sebastocratorem
3448 5453 3723 5521 patruum

2070 5556 2243 5597 suum
2269 5546 2607 5610 suspectum
2632 5537 2882 5606 habebat
2903 5542 2965 5594 ut
2988 5543 3046 5594 et
3076 5539 3254 5595 veteri
3289 5538 3726 5595 necessitudine

2067 5635 2125 5686 et
2155 5628 2368 5685 recenti
2392 5626 2677 5682 attinitate
2706 5643 2841 5682 cum
2883 5627 3071 5684 Brana
3120 5629 3523 5699 conjunctum,
3557 5628 3726 5698 cujus

2067 5718 2249 5777 filiam
2283 5734 2396 5776 non
2433 5716 2514 5772 ita
2534 5714 2763 5788 pridem
2786 5716 2904 5773 ﬁlio
2927 5733 3034 5776 suo
3053 5718 3459 5792 desponderat.
3494 5717 3721 5785 Quibus

3411 5836 3491 5900 ιι
