4102 6396
310 407 424 469 ἠτ

1622 401 1929 466 ΝῙΟΕΤΕ
1971 401 2399 468 CHONIATE

3615 411 3733 472 768

314 546 500 605 verbis
532 563 665 604 cum
699 561 904 604 omnes
924 544 1022 601 alii
1066 543 1398 610 doluerunt,
1430 544 1558 597 tum
1603 541 1950 597 sebastocra-

2067 538 2103 610 ἢ
2152 547 2593 618 προσκεχηνυῖαν
2643 539 2782 613 ὅλην
2843 545 2926 614 τῷ
2983 539 3285 613 ἀποστάτῃ,
3349 543 3440 598 καὶ
3489 540 3734 616 δυσερώ-

310 643 420 706 tor,
455 641 520 693 ut
549 653 780 694 omnem
811 636 1204 708 suspicionem
1237 649 1270 688 a
1296 649 1358 687 se
1388 637 1696 698 amoveret,
1729 647 1962 686 omnem

311 727 593 784 familiam
627 744 794 783 suam
843 732 898 780 et
944 723 1326 792 semetipsum
1385 722 1768 776 atrocissimis
1821 719 1966 775 diris

309 817 700 885 devovebat,si
745 831 1004 886 unquam
1053 813 1128 868 ad
1177 817 1425 867 Branam
1473 810 1719 866 deficere
1754 809 1812 864 in
1845 810 1965 864 ani-

309 923 408 978 mp
441 905 760 960 habuisset.
795 904 994 974 Neque
1026 901 1178 956 enim
1206 916 1268 954 se
1292 899 1375 955 ita
1402 916 1530 955 esse
1547 899 1720 954 ofﬁcii
1759 899 1962 954 rudem

307 1004 406 1052 aut
434 997 596 1051 senio
629 993 896 1058 delirare,
932 998 994 1046 ut
1026 992 1219 1046 fratris
1254 989 1441 1045 illium
1471 990 1907 1062 imperatorem,
1931 1005 1965 1046 a

308 1101 425 1156 quo
458 1084 528 1139 ab
558 1082 672 1138 alia
703 1081 992 1152 dignitate
1018 1080 1088 1135 ad
1120 1080 1296 1136 aliam
1330 1083 1631 1151 promotus
1661 1082 1828 1146 esset,
1861 1079 1961 1135 ad-

302 1190 458 1230 venae
490 1172 597 1228 sub
629 1172 723 1226 dio
753 1169 1031 1238 versanti,
1055 1169 1224 1240 cujus
1257 1169 1516 1224 animum
1549 1185 1687 1240 erga
1703 1185 1767 1224 se
1797 1167 1964 1224 inex-

301 1263 584 1333 ploratum
637 1259 893 1330 haberet,
971 1260 1046 1315 ob
1133 1257 1240 1314 ﬁlii
1333 1259 1570 1330 nuptias
1651 1257 1962 1330 posthabe-

2075 651 2184 686 τως
2225 633 2393 688 αὐτοῦ
2431 632 2734 709 ἐξέχονται,
2786 634 2875 689 καὶ
2917 634 2976 689 δν
3026 634 3158 710 χθὲς
3205 634 3279 696 ὡς
3333 631 3602 707 δεσπότην
3651 622 3734 690 δε-

2074 723 2372 799 σμόχειρες
2431 723 2772 800 ἐθεράπευον,
2837 727 3031 778 τοῦτον
3115 724 3364 788 ἀθετοῦσι
3457 726 3726 800 σήμερον,

2079 809 2292 882 αἶ’τησιν
2347 813 2546 884 ταύτην
2604 811 2801 874 αὐτοὺς
2857 811 3114 884 αἰτοῦμαι
3190 809 3568 885 δικαιοτάτην,
3637 813 3727 870 ἐπὶ

2073 899 2228 956 οἴκου
2291 900 2486 970 ἱζάνειν
2544 898 2741 977 μηδενὶ
2784 901 3181 976 ἐπαρήγοντας,
3227 898 3332 966 ἕως
3378 901 3438 957 ἄν
3490 903 3724 978 πολέμῳ

2074 985 2378 1064 διακριθείη
2412 990 2480 1046 τὰ
2529 991 2829 1066 πράγματα
2879 990 2968 1044 καὶ
3013 989 3094 1061 τῷ
3139 993 3361 1044 νικῶντι
3409 991 3547 1066 πρὸς
3607 997 3727 1056 τοῖς

2073 1075 2271 1140 ἄλλοις
2307 1079 2727 1147 ὑποπεσοῦνται,
2775 1077 2811 1147 ἤ
2865 1084 3202 1154 μεταχωρεῖν
3249 1076 3304 1140 ἒς
3341 1079 3433 1134 τὸν
3481 1079 3724 1136 ἀποστά-

2071 1187 2171 1238 την
2207 1166 2259 1238 ἐξ
2308 1167 2478 1238 αὐτῆς
2523 1167 2613 1222 καὶ
2656 1166 2764 1242 πρὸ
2813 1165 2980 1236 τῆσδε
3025 1174 3124 1236 τῆς
3175 1167 3498 1240 συμπλοκῆς
3543 1169 3724 1226 κάκεί-

2075 1277 2170 1312 νου
2228 1257 2608 1332 προπολεμεῖν
2663 1277 2722 1312 τε
2776 1255 2868 1311 καὶ
2925 1253 3377 1331 προκινδυνεύειν,
3435 1257 3584 1320 ὅπως
3631 1261 3721 1314 καὶ

304 1358 408 1407 ret.
2075 1348 2235 1422 χάριν
2309 1344 2507 1402 εἴσεται
2582 1347 2814 1402 πλείονα
2886 1347 3175 1423 τροπαίοις
3251 1343 3561 1417 ἀναδηθείς.
3634 1349 3723 1410 Ὧς

304 1440 436 1513 τόγε
491 1435 615 1510 ἐμοὶ
692 1439 786 1512 μὲν
845 1433 1295 1512 προσκολλᾶσθαι
1356 1435 1444 1490 καὶ
1505 1433 1718 1510 χείλεσι
1775 1439 1962 1507 τιμᾷ-ι,
2020 1433 2187 1509 ἐτέρῳ
2246 1432 2303 1490 δὶ
2359 1437 2803 1510 προσνενευκέναι
2861 1441 2930 1510 τῇ
2979 1433 3176 1511 καρδίᾳ
3235 1434 3466 1509 κάκείνῳ
3537 1435 3730 1491 ἀπονέ-

308 1549 429 1603 μειν
487 1527 628 1582 ἀπαν
685 1527 749 1582 τὸ
807 1528 1118 1602 πρόθυμον,
1177 1525 1278 1580 οὐκ
1334 1520 1456 1578 οἶδα
1514 1521 1569 1578 εἷ’
1618 1544 1703 1586 τις
1760 1525 1852 1579 καὶ
1910 1523 2270 1594 ἐπαινέσεται,
2323 1521 2361 1594 ἥ
2411 1523 2563 1588 ὅπως
2611 1525 3040 1602 ζυγοστατηθείη
3094 1525 3240 1600 παρὰ
3315 1529 3454 1598 Θεῷ,
3525 1523 3584 1588 ὅς
3631 1526 3730 1589 τὰς

299 1618 390 1676 ἐπι
447 1620 681 1690 στήθους
733 1616 945 1678 ἐννοίας
995 1615 1226 1686 ἐξετάζει
1278 1609 1663 1691 φιλοδικαίως.
1741 1613 1817 1668 T6
1881 1613 1985 1688 γὰρ
2045 1609 2123 1668 ἔτι
2185 1613 2392 1668 τούτων
2454 1619 2642 1690 χεῖρον
2697 1615 2787 1670 καὶ
2845 1611 3220 1670 ἀναιδέστατον
3279 1612 3404 1670 οὐδὲ
3463 1615 3726 1689 βαλεσθαι

299 1709 613 1782 προάγομαι
673 1705 807 1760 κατά
860 1708 1008 1774 νοῦν,
1074 1701 1319 1758 τουτέστι
1369 1702 1460 1758 τὸν
1519 1707 1618 1758 τοῦ
1677 1700 1930 1776 πολέμου
1983 1703 2170 1778 καιρὸν
2253 1701 2595 1778 αὐτομολίας
2673 1703 2992 1780 ἐργάζεσθαι
3071 1705 3207 1778 πρὸς
3291 1705 3384 1759 τὸν
3439 1706 3720 1778 τύραννον,

299 1795 391 1852 καὶ
423 1795 590 1851 κακὸν
621 1799 740 1859 τοῖς
769 1792 1049 1855 ἐκλεκτοῖς
1099 1789 1325 1866 ἀνδράσι
1373 1794 1691 1868 προκεῖσθαι
1743 1795 1830 1866 [Ρ.
1881 1795 2008 1864 246]
2054 1789 2404 1869 παράδειγμα
2453 1792 2532 1858 εἷς
2575 1794 2637 1849 τὸ
2686 1793 3152 1868 συμμεθίστασθαι
3205 1814 3353 1873 σφισι
3404 1793 3494 1848 καὶ
3548 1814 3720 1869 προσ-

300 1883 550 1956 απαίρειν
626 1883 702 1946 εἷς
776 1879 981 1956 ἓτερον,
1060 1880 1092 1937 6'
1163 1881 1300 1937 κάπὶ
1373 1885 1493 1944 τοῖς
1536 1878 1842 1962 ,ἀγεληδὸν
1921 1880 2246 1956 πεταμένοις
2323 1888 2551 1952 πτηνοῖς
2627 1885 2840 1958 ὁρῶμεν
2912 1885 3220 1958 γινόμενονο
3277 1883 3395 1944 ένὸς
3437 1884 3543 1960 γὰρ
3591 1883 3723 1939 ἀνα-

301 1973 537 2037 πτάντος
595 1972 688 2029 καὶ
743 1973 812 2028 τὰ
867 1970 1040 2028 λοιπὰ
1097 1968 1352 2046 ῥοιζηδὸν
1413 1970 1838 2045 συνανίπτανται,
1897 1970 1988 2026 καὶ
2076 1974 2146 2045 τῇ
2219 1977 2318 2027 τοῦ
2393 1971 2576 2047 ἑτέρου
2650 1970 2979 2028 καταπαύσει
3057 1971 3439 2027 συστέλλουσιν
3513 1974 3725 2030 ἅπαντα

299 2065 364 2118 τὸ
394 2063 614 2139 πτερόν.
649 2086 678 2116 ››
742 2063 924 2120 Ταῦτα
977 2058 1026 2117 δ’
1084 2059 1380 2138 ἐφθέγγετο
1433 2057 1502 2114 δι’
1575 2061 1812 2134 ὑποψίας
1870 2055 2016 2136 ἔχων
2073 2063 2164 2116 τὸν
2225 2061 2360 2135 πρὸς
2413 2063 2620 2136 πατρὸς
2673 2063 2816 2118 θεῖον
2869 2061 2961 2117 τὸν
3023 2056 3487 2138 σεϐαστοκράτορα
3543 2063 3725 2120 Ἰωάν-

299 2176 399 2226 νην
460 2157 535 2219 ὡς
591 2153 762 2210 πάλαι
817 2173 876 2208 τε
920 2157 1003 2225 τῷ
1060 2153 1239 2227 Βρανᾷ
1309 2154 1516 2222 συνήθη
1576 2151 1666 2206 καὶ
1721 2149 1895 2225 ὀλίγῳ
1951 2151 2215 2227 πρότερον
2272 2159 2374 2222 τῆς
2431 2152 2756 2216 ἀποστασίας
2819 2154 3000 2229 γάμον
3083 2153 3204 2208 υἱοῦ
3277 2153 3509 2216 θύσαντα
3587 2154 3724 2228 μετᾶ

303 2244 572 2320 θυγατρὸς
623 2247 722 2300 τοῦ
780 2244 980 2318 Βρανᾶ.
1031 2242 1150 2318 Ἐφ’
1193 2243 1278 2305 οἷς
1335 2241 1424 2296 καὶ
1497 2238 1616 2295 ὅσοι
1665 2241 1760 2314 μὲν
1813 2239 2094 2316 ἐπλήρουν
2147 2243 2240 2297 τὸν
2284 2242 2408 2297 τότε
2459 2241 2730 2319 σύλλογον
2781 2241 2844 2298 οὐ
2899 2246 3110 2317 μικρῶς
3177 2241 3534 2313 ἐπαθήναντο,
3591 2244 3620 2299 6
3667 2239 3724 2298 δὲ

301 2329 756 2408 σεϐαστοκράτωρ
823 2330 964 2386 ἅπαν
1024 2330 1221 2386 ἑαυτοῦ
1274 2333 1540 2404 μεθιστῶν
1599 2328 1840 2386 ὕποπτον
1898 2329 2406 2405 παλαμναιοτάταις
2466 2330 2620 2408 ἀραῖς
2676 2331 2804 2395 τοὺς
2873 2333 2992 2386 κατ’
3069 2331 3220 2387 οἶκον
3298 2332 3539 2396 ἅπαντας
3596 2333 3724 2388 ἐαυ-

295 2424 394 2477 τοῦ
439 2421 531 2476 καὶ
579 2419 765 2475 ἑαυτὸν
826 2416 893 2489 δὴ
943 2411 1380 2484 καθυπέϐαλλεν,
1430 2415 1480 2471 εἲ
1533 2415 1679 2480 ὅλως
1732 2414 1956 2493 ἐγνώκει
2003 2418 2138 2474 ποτε
2187 2422 2265 2489 τῷ
2313 2420 2486 2492 Βρανᾷ
2533 2421 2959 2492 προσθήσεσθαι·
3010 2415 3152 2492 μηδὲ
3199 2419 3304 2496 γὰρ
3353 2419 3532 2484 οὕτως
3579 2420 3718 2476 εἶναι

295 2515 396 2567 τοῦ
434 2513 778 2582 καθήκοντος
837 2507 1222 2580 ἀδαῆς,ἢτὸν
1279 2511 1404 2562 νοῦν
1461 2508 1565 2563 ὑπὸ
1625 2512 1728 2562 τοῦ
1781 2510 1970 2584 γήρως
2028 2507 2445 2566 ἀπολωλεκέναι
2501 2510 2592 2564 καὶ
2645 2508 2952 2580 ἠλιθιάζειν
3008 2511 3368 2578 παντάπασιν,
3423 2511 3499 2575 ὡς
3553 2509 3720 2568 ἀδελ·

299 2597 568 2678 φόπαιδος
631 2596 900 2674 βασιλέως
955 2597 1047 2654 καὶ
1096 2596 1204 2653 ἀπὸ
1263 2594 1425 2668 δόξης
1485 2597 1562 2658 εἷς
1640 2593 1794 2667 δόξαν
1870 2596 2275 2673 μετωρίσαντος
2344 2599 2436 2654 τὸν
2511 2599 2774 2675 ὕπαιθρον
2849 2599 2941 2654 καὶ
3011 2595 3220 2671 ἔπηλυν
3279 2598 3717 2672 ἀνταλλάξασθαι

295 2687 368 2745 δι’
416 2688 736 2769 ἀγχιστείαν
793 2685 1014 2759 παιδὸς,
1073 2687 1164 2743 καὶ
1215 2681 1272 2742 ὅν
1319 2687 1430 2769 οὐκ
1488 2685 1665 2758 ἴσησιν
1725 2681 1970 2762 ἀκριϐῶς
2028 2686 2072 2742 εἶ
2132 2685 2485 2759 διανοήσαιτο
2543 2685 2816 2759 δήπουθεν
2875 2687 2957 2744 ἐπ’
3015 2689 3162 2763 αὐτῷ
3219 2690 3309 2746 καὶ
3379 2689 3591 2766 δράσειε
3648 2691 3720 2748 τὰ

295 2765 662 2859 χρηστότερα.
1319 2765 1328 2778 δ

363 2871 418 2926 8.
441 2871 586 2928 Cum
619 2870 840 2926 Branas
870 2885 1009 2924 suos
1065 2865 1280 2922 milites
1331 2865 1390 2922 in
1440 2866 1625 2922 aciem
1679 2866 1950 2924 eduxisse

2131 2866 2194 2930 θ’.
2255 2867 2408 2923 Ἐπεὶ
2473 2863 2518 2921 δ’
2597 2865 2781 2923 ἐκάλει
2867 2869 3058 2945 καιρὸς
3150 2869 3442 2944 παράταξιν
3525 2869 3616 2925 καὶ
3683 2870 3713 2924 6

295 2959 671 3016 nuntiaretur
698 2963 756 3014 et
778 2973 986 3030 pugna
1013 2963 1248 3028 tempus
1283 2971 1413 3011 esse
1452 2954 1765 3019 videretur,
1799 2970 1950 3026 aper-

2067 2954 2379 3026 ἀποστάτης
2411 2953 2683 3011 ἐκτάσσειν
2711 2956 2808 3021 τὰς
2841 2957 3042 3021 οἰκείας
3073 2956 3329 3033 δυνάμεις
3383 2956 3710 3032 ἠγγέλλετο,

295 3049 374 3106 tis
405 3049 590 3120 portis
607 3047 824 3104 milites
846 3050 1189 3117 erumpunt,
1223 3047 1642 3117 protostratore
1687 3042 1950 3100 Manuele

2066 3041 2441 3099 ἀνακλίνονται
2501 3045 2596 3118 μὶν
2649 3047 2706 3100 αἱ
2753 3045 2923 3103 πύλαι
2977 3055 3078 3118 τῆς
3136 3048 3372 3113 πόλεως,
3423 3043 3710 3124 ἐκχέονται

295 3142 556 3209 Camyze,
591 3137 690 3209 qui
725 3134 1062 3207 imperatori
1097 3134 1167 3188 ad
1201 3132 1653 3188 conducendum
1706 3131 1954 3187 militem

299 3241 416 3282 non
431 3239 669 3297 parvam
689 3223 999 3296 pecuniam
1017 3222 1629 3294 suppeditaret,cornu
1647 3219 1952 3276 sinistrum

299 3315 622 3372 obtinente.
655 3317 797 3368 Nam
853 3329 986 3368 cum
1040 3311 1241 3366 Branaa
1298 3309 1750 3366 inimicissimus
1801 3314 1957 3366 esset

298 3419 490 3476 neque
520 3418 683 3476 spem
712 3403 928 3458 bonam
988 3401 1224 3467 foveret,
1283 3399 1330 3456 si
1395 3401 1447 3454 is
1486 3400 1638 3456 σου
1678 3401 1953 3468 vinceret,

297 3509 506 3550 omnes
534 3509 674 3549 suae
712 3508 853 3564 opes
883 3489 1216 3562 imperatori
1244 3495 1552 3562 aperuerat
1573 3495 1630 3544 et
1662 3494 1948 3560 quantum

295 3581 469 3638 vellet
503 3581 638 3638 inde
668 3596 902 3639 sumere
935 3579 1300 3652 permiserat,
1361 3576 1572 3634 melius
1625 3592 1754 3634 esse
1785 3582 1948 3634 ratus

295 3673 534 3742 propter
562 3669 973 3741 imperatorem
1005 3668 1254 3722 amicum
1287 3671 1342 3722 et
1385 3672 1699 3739 cognatum
1751 3681 1949 3722 omnia

295 3778 406 3818 sua
433 3761 587 3817 bona
613 3759 929 3826 effundere,
960 3773 1166 3830 eaque,
1197 3757 1247 3814 si
1269 3755 1524 3823 vicisset,
1557 3773 1689 3812 cum
1729 3756 1948 3829 gratia-

297 3866 426 3907 rum
459 3853 687 3906 actione
717 3854 776 3906 et
805 3850 1003 3905 fenore
1035 3847 1312 3920 recipere,
1347 3862 1524 3918 quam
1552 3847 1708 3901 domi
1749 3861 1940 3902 asser-

293 3955 427 3996 vare
447 3939 672 3996 homini
691 3937 901 4006 alieno,
934 3937 1148 3993 infesto
1199 3943 1252 3992 et
1294 3935 1544 4008 ingrato,
1577 3935 1636 3992 in
1677 3934 1938 3991 derisum

297 4045 468 4086 suum
502 4034 558 4086 et
588 4043 884 4084 summam
919 4026 1080 4082 illius
1109 4025 1608 4082 commoditatem.
1651 4024 1712 4079 In
1747 4024 1948 4082 dextro
1987 4030 2030 4095 C
2062 4028 2236 4086 πλείω

295 4135 475 4176 cornu
509 4118 637 4191 ipse
685 4117 1004 4190 imperator
1077 4114 1320 4183 curavit,
1379 4113 1435 4168 in
1476 4129 1588 4184 quo
1641 4112 1949 4170 lectissimi

296 4209 515 4282 quique
545 4213 602 4264 et
631 4207 814 4262 armis
845 4206 1106 4278 insignes
1131 4211 1316 4260 erant.
1349 4202 1603 4258 Medium
1645 4203 1949 4260 Conradus

293 4303 484 4354 Caesar
503 4312 638 4354 cum
666 4293 1065 4368 stipendiariis
1084 4293 1310 4348 Latinis
1325 4296 1439 4347 tam
1459 4292 1756 4364 equitibus
1771 4307 1948 4364 quam

295 4386 594 4460 peditibus
624 4385 972 4458 occupabat.
1035 4381 1274 4438 Hostilis
1325 4381 1628 4454 phalangis
1685 4381 1946 4438 medium

295 4477 519 4533 Branas
550 4491 685 4532 cum
718 4473 986 4546 cognatis
1019 4472 1142 4528 suis
1173 4477 1232 4528 et
1253 4473 1462 4528 amicis
1483 4480 1538 4529 et
1561 4472 1948 4528 nobilissimis

295 4583 362 4624 ac
394 4563 734 4622 fortissimis
761 4563 1094 4636 quibusque
1157 4561 1514 4618 obtinebat:
1578 4563 1636 4616 in
1705 4572 1948 4634 ulroque

291 4673 475 4716 cornu
511 4672 645 4714 cum
679 4653 778 4711 alii
812 4654 1011 4721 duces,
1037 4655 1161 4706 tum
1203 4651 1475 4724 Elpames
1520 4652 1736 4724 Scytha
1775 4668 1947 4708 cura-

296 4748 457 4804 bant.
487 4748 636 4804 Ante
667 4744 970 4802 meridiem
1032 4741 1178 4799 levia
1229 4741 1555 4798 certamina
1603 4747 1659 4797 et
1689 4741 1947 4798 insultus

295 4841 366 4894 ab
398 4842 648 4909 utroque
677 4834 930 4891 exercitu
994 4833 1128 4889 facti
1185 4837 1341 4898 sunt,
1371 4831 1738 4902 pedestribus
1765 4831 1946 4903 copiis

295 4943 553 5000 pugnam
587 4923 928 4996 auspicatis.
992 4923 1131 4978 Cum
1187 4937 1322 4978 vero
1382 4920 1502 4977 sole
1529 4923 1650 4992 jam
1687 4922 1945 4976 medium

295 5015 424 5074 caeli
453 5014 651 5070 lumen
675 5016 994 5084 occupante
1023 5012 1261 5084 signum
1295 5011 1455 5068 504
1488 5026 1696 5081 pugna:
1742 5010 1944 5064 datum

293 5111 469 5170 esset,
501 5103 802 5160 Conradus
832 5101 1060 5174 primus
1091 5117 1224 5156 cum
1284 5101 1430 5168 suis,
1472 5115 1724 5171 quorum
1781 5115 1946 5156 arma

2067 3129 2126 3188 δὲ
2181 3134 2248 3190 τὰ
2297 3134 2689 3211 στρατεύματα.
2743 3137 2849 3193 Καὶ
2898 3137 2961 3192 τὸ
3017 3137 3112 3209 μὶν
3166 3137 3447 3209 εὐώνυμον
3489 3135 3652 3212 κέρας
3685 3137 3714 3193 6

2064 3225 2506 3299 πρωτοστράτωρ
2578 3223 2767 3302 ἐπεῖχε
2852 3225 3112 3298 Μανουήλ
3169 3226 3197 3281 6
3256 3225 3578 3299 Καμύτζης,
3655 3224 3716 3289 ὅς

2065 3309 2165 3367 οὐκ
2239 3311 2394 3391 ἑλίγα
2468 3319 2546 3387 τῷ
2625 3315 2845 3391 βασιλεῖ
2915 3316 3227 3393 ἐχορήγησε
3288 3317 3556 3395 χρήματα
3619 3335 3720 3370 κα-

2061 3400 2129 3455 τὰ
2169 3401 2270 3470 τὴν
2327 3403 2453 3458 τότε
2501 3403 2800 3478 γενομένην
2851 3409 2960 3460 τῶν
3028 3404 3271 3460 ὁπλιτῶν
3339 3401 3716 3480 ξενολόγησινο

2061 3483 2312 3564 ἔχθιστος
2340 3493 2442 3568 γὰρ
2484 3490 2558 3546 ὢν
2611 3497 2692 3566 τῷ
2747 3496 2949 3568 Βρανᾷ,
3010 3491 3143 3569 μηδ’
3197 3493 3424 3570 ἀγαθαῖς
3483 3491 3714 3554 ἐννοίαις

2061 3575 2415 3653 βαλλόμενος
2488 3579 2641 3657 εἵπερ
2719 3581 2802 3653 εἴη
2887 3582 3330 3660 ἔπικρατέστερος
3385 3583 3414 3638 6
3479 3583 3711 3656 Βρανᾶς,

2057 3673 2228 3724 πᾶσαν
2287 3671 2386 3740 τήν
2445 3671 2635 3727 οὐσίαν
2695 3671 2920 3748 βασιλοῖ
2972 3671 3298 3748 ἀνεκάλυψε,
3363 3672 3454 3726 καὶ
3505 3671 3708 3744 ταύτης

2055 3761 2246 3817 ὁπόσιν
2307 3761 2568 3838 βούλοιτο
2637 3763 2802 3838 μέρος
2858 3761 3219 3819 ἐποδάσασθαι
3289 3765 3708 3840 συγκεχώρηκε,

2051 3855 2298 3926 κρεῖσσον
2375 3851 2584 3922 οέηθείς
2662 3852 2795 3926 ὑπὲρ
2874 3850 3147 3927 βασιλέως
3223 3851 3538 3930 φιλοῦντος,
3614 3853 3710 3907 καὶ

2051 3945 2386 4015 προογενοῦς
2453 3939 2854 4014 καταπροέσθαι
2921 3943 2986 3996 τὰ
3051 3940 3181 3996 ὅντα
3247 3940 3551 4016 ξύμπαντα,
3614 3939 3711 3996 καὶ

2316 4029 2578 4091 νικῶντος
2685 4031 2802 4104 μετ’
2889 4030 3238 4107 εὐχαριστίας
3325 4029 3712 4106 ἀπολήψεσθαι

2059 4118 2299 4194 ὕστερον,
2332 4115 2371 4187 ἥ
2403 4117 2470 4173 τά
2515 4118 2664 4174 οἲκοι
2720 4117 3026 4197 ἀλλοτρίῳ,
3083 4121 3176 4178 καὶ
3229 4120 3410 4194 τούτῳ
3457 4119 3714 4194 ἀσπόνδῳ

2055 4229 2114 4266 τε
2168 4207 2258 4264 καὶ
2315 4211 2623 4286 ἀγνώμονι,
2681 4213 2959 4286 ταμιεύειν
3007 4213 3083 4275 εἷς
3139 4211 3454 4290 κατάγελων
3513 4212 3717 4270 οῗκεῖον

2056 4298 2307 4354 κάκείνου
2368 4299 2644 4376 ῥᾳστώνην
2710 4301 2965 4381 ἄφθονον.
3059 4304 3132 4360 Τὸ
3199 4300 3256 4358 δὲ
3321 4299 3492 4372 δεξιὸν
3549 4303 3715 4366 αὐτὸς

2059 4386 2264 4446 διεῖπεν
2340 4389 2368 4444 6
2447 4389 2706 4465 βασιλεὺς
2778 4391 3074 4464 Ἰσαάκιος,
3152 4391 3204 4447 ἐν
3280 4393 3326 4464 ᾧ
3402 4391 3714 4469 συνείλεκτο

2060 4479 2198 4535 ἃπαν
2258 4478 2312 4534 εἷ’
2365 4499 2420 4533 τι
2476 4481 2763 4554 κράτιστον
2821 4482 2913 4536 καὶ
2969 4480 3168 4544 ὃπλοις
3227 4482 3710 4556 ἀριπρεπέστατον,

2057 4571 2121 4628 τὸ
2152 4568 2210 4624 δὲ
2243 4569 2403 4641 μέσον
2442 4570 2470 4623 6
2501 4567 2785 4647 Κοῤῥάδος
2815 4574 3024 4647 Καῖσαρ
3060 4573 3196 4646 μετὰ
3232 4576 3340 4628 τῶν
3392 4571 3480 4628 ἐπὶ
3533 4575 3712 4645 μισθῷ

2057 4657 2450 4736 ἀγηγερμένων
2529 4659 2776 4716 Λατίνων
2833 4661 3044 4717 ἱππέων
3094 4682 3152 4717 τε
3198 4662 3290 4717 καὶ
3345 4666 3543 4731 πεζῶν.
3598 4663 3712 4720 Τοῦ

2057 4745 2103 4802 δ’
2153 4747 2573 4822 ἀντιταξαμένου
2629 4747 2994 4826 στρατοπέδου
3070 4752 3132 4808 τὸ
3211 4752 3307 4826 μὲν
3387 4752 3552 4826 μέσον
3608 4757 3714 4821 τῆς

2057 4835 2362 4916 φάλαγγος,
2396 4835 2521 4894 ἔνθα
2575 4839 2666 4895 καὶ
2713 4841 2776 4896 τὸ
2829 4843 3080 4918 συγγενὶς
3126 4841 3218 4897 καὶ
3275 4839 3461 4920 φίλιον
3511 4840 3711 4911 ἢλιστο

2055 4932 2134 5000 τῷ
2167 4932 2341 5002 Βρανᾷ
2367 4929 2459 4984 καὶ
2521 4929 2570 4985 εἲ
2616 4949 2670 4984 τι
2725 4935 2834 4986 τῶν
2893 4930 3482 5002 συνακολουθησάντων
3525 4929 3712 5003 ἐκείνῳ

2057 5017 2329 5092 ἐπίσημον
2403 5021 2482 5092 τῷ
2556 5020 2702 5095 γένει
2777 5022 2869 5076 καὶ
2946 5021 3220 5094 εὐθαρσὲς,
3297 5022 3457 5082 αὐτὸς
3521 5019 3710 5094 ἐπεῖχε

2057 5111 2382 5184 Βρανᾶς,τᾶ
2431 5108 2480 5165 δ’
2537 5111 2867 5186 ἑκατέρωθεν
2925 5113 3190 5186 ἱστάμενα
3245 5119 3494 5187 τάγματα
3541 5108 3704 5166 ἄλλοι

292 5209 653 5270 purpureum
683 5193 914 5263 insigne
944 5191 1260 5258 habebant,
1293 5189 1576 5262 impetum
1611 5191 1668 5246 in
1714 5190 1939 5247 hostem

2060 5220 2109 5254 te
2151 5201 2480 5276 στρατηγίας
2536 5199 2826 5276 εἰδήμονες
2879 5203 2969 5257 καὶ
3033 5204 3060 5257 6
3116 5201 3326 5272 Σκύθης
3361 5201 3707 5273 Ἐλπούμης.

290 5287 450 5349 facit,
479 5301 544 5340 ac
577 5283 704 5338 sine
735 5281 934 5354 clypeo
988 5284 1112 5335 tum
1176 5281 1498 5352 pugnabat,
1559 5281 1658 5336 sed
1717 5285 1942 5336 textum

287 5375 509 5431 lineum
551 5375 783 5427 austero
815 5375 870 5425 et
901 5368 1072 5422 silito
1104 5367 1236 5424 vino
1277 5369 1453 5438 probe
1499 5375 1853 5425 maceratum
1885 5375 1944 5425 et

290 5463 547 5534 amplius
605 5457 796 5515 decies
853 5457 1029 5514 octies
1084 5457 1494 5527 complicatum
1555 5475 1656 5528 pro
1705 5459 1943 5515 thorace

287 5554 532 5610 indutus
563 5554 706 5617 erat,
739 5551 818 5604 ita
875 5547 1110 5602 ﬁrmum
1145 5550 1209 5601 ut
1257 5546 1483 5602 nullum
1537 5547 1717 5604 telum
1768 5565 1938 5618 pene-

285 5637 809 5710 traret.Utriusque
837 5636 1126 5694 exercitus
1155 5635 1458 5692 intervallo
1518 5636 1576 5692 in
1620 5645 1939 5710 angustum

287 5735 584 5793 contracto
623 5744 829 5788 rursus
887 5725 1178 5784 consistit.
1233 5729 1551 5799 Postquam
1603 5727 1828 5799 pedites
1879 5742 1942 5790 ut

2057 5292 2236 5360 Μήπω
2317 5292 2414 5365 μὲν
2493 5293 2586 5346 οὗν
2665 5293 2936 5366 μεσούσης
3011 5290 3220 5366 ἡμέρας
3298 5286 3708 5367 ἀκροϐολισμοὶ

2054 5380 2382 5456 ἑκατέρωθεν
2435 5379 2526 5436 καὶ
2583 5379 2925 5455 ἐμπηδήσεις
2971 5382 3090 5436 κατ’
3159 5379 3429 5452 ἀλλήλων
3472 5381 3713 5456 ἐγίνοντο

2051 5469 2177 5541 παρ’
2235 5469 2558 5548 ἀμφοτέρων
2614 5473 2723 5524 τῶν
2807 5470 3246 5546 στρατευμάτων,
3329 5471 3418 5525 καὶ
3495 5466 3715 5540 πεζικαὶ

2051 5553 2504 5632 προϐεϐλημέναι
2583 5556 2838 5633 δυνάμεις
2916 5559 3103 5634 μάχης
3204 5559 3256 5630 ἐξ
3353 5559 3714 5622 ἀντιστάσεως

2049 5645 2310 5716 ἥπτοντο,
2373 5648 2526 5724 Ἐπεὶ
2589 5646 2637 5704 δ’
2695 5650 2724 5704 6
2781 5647 2944 5718 ἣλιος
2998 5648 3137 5704 κατὰ
3193 5651 3437 5728 κορυφὴν
3489 5644 3712 5731 ἔφλεγε,

2047 5736 2172 5792 τότε
2210 5733 2278 5809 δὴ
2308 5737 2375 5796 τὰ
2406 5743 2612 5814 σημεῖα
2656 5743 2757 5808 τῆς
2815 5737 3007 5816 μάχης
3062 5736 3298 5817 α’ίρεται,
3347 5740 3436 5796 καὶ
3486 5742 3714 5817 πρῶτος
