4102 6406
266 483 386 545 ’149

1420 481 1524 542 DE
1566 477 1879 540 ISAACIO
1925 472 2249 539 ANGELO
2294 474 2442 537 LIB.
2489 475 2540 536 Ι.

3576 472 3701 533 ’150

271 621 301 675 ὸ
361 615 651 696 Κορῥάδος
721 613 1061 687 διακινεῖται,
1147 609 1533 694 ῳοινικοϐαιβὲς
1616 613 1749 686 μετὰ
1832 615 1939 667 τῶν

2063 628 2311 686 pugnam
2359 613 2564 669 inituri
2629 611 2861 668 lanceas
2919 611 3105 668 instar
3162 610 3341 667 turris
3400 617 3709 668 erexerunt

273 708 423 782 αὖτῷ
484 709 753 765 συνόντων
814 703 1059 762 Λατίνων
1104 703 1168 760 τὸ
1196 707 1306 758 τῶν
1348 702 1536 759 ὅπλων
1564 701 1715 777 ἔχων
1745 698 1933 770 ἐπίση-

277 813 400 865 μον.
436 792 611 855 Αὐτὸς
646 792 834 865 μέντοι
889 786 1013 844 ἄνευ
1070 791 1271 865 φυρεοῦ
1324 789 1622 857 τηνικαῦτα
1677 782 1936 858 διηγωνί-

272 888 415 952 ζετο,
447 880 508 937 ἐκ
547 880 605 937 δὲ
635 881 791 937 λίνου
818 876 1193 951 πεποιημένον
1226 875 1449 955 ὕφασμα
1490 874 1623 947 οἴνῳ
1681 872 1939 944 αὐστηρῷ

273 974 472 1034 ἱκανῶς
531 970 823 1045 ἠλισμένῳ
890 963 1193 1044 διάϐροχον
1221 964 1501 1026 πολλάκις
1569 963 1938 1040 περιπτυχθὶν

274 1058 430 1133 δίκην
490 1062 739 1136 θώρακος
795 1055 1059 1114 ἐνεδύετο.
1114 1054 1167 1118 ές
1230 1059 1489 1111 τοσοῦτον
1534 1051 1581 1108 δ’
1644 1052 1710 1122 ἦν
1789 1052 1938 1106 ἄντι-

272 1151 437 1212 τυπὲς
492 1148 621 1205 ἁλσὶ
704 1147 796 1203 καὶ
857 1144 988 1219 θ’ίνῳ
1040 1145 1386 1219 συμπιληθὲν
1442 1144 1518 1205 ὡς
1585 1141 1677 1198 καὶ
1744 1139 1940 1217 βέλους

279 1240 412 1296 εἶναι
508 1239 711 1303 παντὸς
792 1237 1215 1311 στεγανώτερονο
1305 1235 1647 1309 ἠριθμοῦντο
1721 1228 1767 1286 δ’
1868 1229 1945 1295 εἷς

285 1324 659 1384 ὀκτωκαίδεκα
688 1324 778 1381 καὶ
821 1325 973 1398 [247]
1013 1321 1208 1378 πλείω.
1230 1321 1296 1378 τὰ
1326 1325 1423 1377 τοῦ
1458 1320 1772 1400 ὑφάσματος
1804 1339 1942 1391 συμ-

282 1417 593 1493 πτόγματα.
655 1418 899 1486 Ποιήσας
955 1413 1013 1469 δὶ
1067 1413 1130 1467 τὸ
1193 1412 1523 1490 μεταίχμιον
1606 1409 1945 1486 βραχύτερον

280 1508 431 1572 αὖθις
462 1506 705 1562 ἵσταται.
766 1505 864 1559 Καὶ
923 1502 1039 1559 ἐπεὶ
1095 1504 1146 1557 οἱ
1215 1503 1311 1576 μὶν
1369 1502 1527 1570 πεζοὶ
1583 1503 1681 1564 τὰς
1729 1498 1943 1575 λόγχας

278 1597 353 1659 ὡς
408 1597 547 1672 πρὸς
600 1592 932 1670 συμπλοκήν
985 1590 1285 1663 ἀνέστησαν
1338 1588 1619 1668 πυργηδὸν
1699 1609 1945 1664 παρατα-

278 1686 495 1759 ξάμενοι
524 1684 707 1759 (ἀσπὶς
739 1684 843 1759 γὰρ
877 1678 1082 1737 ἀσπίδα
1110 1680 1201 1735 καὶ
1262 1681 1424 1755 κόρυς
1476 1680 1680 1753 κόρυθα
1737 1676 1945 1754 ἤρειδε,

284 1775 378 1831 καὶ
422 1777 475 1830 οἱ
507 1776 686 1850 θυρεοὶ
721 1770 1001 1843 ἀλλήλοις
1044 1770 1355 1844 συνέμυον),
1411 1769 1462 1824 οἱ
1530 1767 1588 1824 δὲ
1641 1768 1829 1831 ἱππεῖς
1882 1769 1948 1823 τὰ

285 1861 491 1938 δόρατα
545 1863 923 1938 ἠγκωνίσαντο
982 1860 1072 1917 καὶ
1128 1860 1196 1915 τὰ
1222 1864 1330 1915 τῶν
1394 1855 1579 1915 ποδῶν
1612 1859 1803 1930 κέντρα
1831 1862 1950 1922 τοῖς

286 1950 486 2015 ἵπποις
522 1950 818 2026 ένέπειραν,
848 1948 959 2021 ἤδη
994 1947 1051 2004 δὲ
1080 1948 1170 2004 καὶ
1209 1948 1273 2003 τὸ
1310 1951 1407 2003 τοῦ
1442 1945 1713 2025 βασιλέως
1767 1948 1949 2023 τάγμα

289 2039 687 2107 ἐππκολοόθει,
716 2037 841 2094 οὖδὶ
867 2040 964 2109 τὴν
994 2038 1220 2115 πρώτην
1252 2034 1531 2110 ἔμπτωσιν
1559 2041 1656 2092 τοῦ
1688 2038 1822 2113 ζπερῖ
1850 2038 1945 2092 τὸν

291 2126 574 2205 Κοῤῥάδυν
652 2126 1035 2191 ἀπλιτεῦοντος
1109 2131 1332 2199 πεζικοῦ
1397 2125 1527 2182 οὐδὲ
1597 2128 1700 2197 τὴν
1759 2127 1940 2203 ῥόθιον

292 2219 589 2294 ἐπαγωγὴν
620 2223 728 2275 τῶν
759 2219 964 2274 ἱππέων
1008 2218 1060 2275 οἱ
1120 2220 1245 2293 περῖ
1297 2219 1393 2274 τὸν
1454 2221 1659 2292 Βρανᾶν
1716 2217 1946 2293 ὓπενεγ-

284 2310 497 2376 κόντες,
551 2307 619 2363 τὰ
682 2313 828 2362 νῶτα
914 2304 1317 2382 μεταϐαλόντες
1368 2304 1784 2363 διασκίδνανται.
1853 2305 1944 2361 ἒπὶ

288 2394 345 2453 δὲ
373 2397 592 2461 τούτοις
619 2398 711 2452 καὶ
740 2397 807 2453 τὰ
847 2397 1023 2457 λοιπὰ
1061 2396 1456 2473 διαθροηθέντα
1512 2397 1766 2473 τάγματα
1822 2394 1944 2472 τρέε

286 2507 478 2543 πονται
527 2487 662 2564 πρὸς
724 2490 922 2564 φυγήν.
986 2488 1161 2551 Αὐτὸς
1210 2484 1257 2542 δ’
1323 2490 1350 2543 ὁ
1434 2492 1638 2562 Βρανᾶς
1711 2486 1945 2562 γεγωνὸν

283 2576 564 2653 κεκραγὼς
596 2575 687 2630 καὶ
720 2572 994 2651 διάτορον,
1027 2600 1055 2627 ‹‹
1112 2582 1312 2646 Στῆσε,
1362 2576 1660 2650 Ῥωμαῖοι·
1720 2573 1947 2635 πλείους

286 2667 390 2741 γὰρ
421 2666 555 2739 πρὸς
591 2664 885 2728 ἐλάττονας
923 2661 1303 2745 μαχεσόμεθα,
1332 2666 1423 2721 καὶ
1490 2668 1707 2738 πρῶτος
1770 2660 1949 2739 ἔγωγε

286 2756 421 2811 κατὰ
471 2760 581 2811 τῶν
638 2755 886 2811 ἰνωπίων
948 2751 1180 2830 ἐμϐαλῶ
1236 2755 1540 2831 πολεμίων,
1594 2777 1622 2810 ιο
1686 2756 1775 2811 καὶ
1835 2751 1949 2828 ἅμα

288 2842 430 2918 δρῶν
466 2843 495 2898 8
528 2844 795 2912 πετίθετο,
828 2843 1232 2922 παλίνστροφον
1305 2847 1398 2920 μὶν
1451 2842 1643 2901 οὐδένα
1688 2845 1946 2914 ποιήσειν

293 2931 503 3009 ἴσχυσε,
530 2934 670 2989 κατὰ
699 2932 757 2988 δὶ
795 2939 894 2989 τοῦ
950 2933 1237 3011 Κορῥάδου
1304 2933 1427 3013 ἄτερ
1475 2936 1707 3011 κόρυθος
1765 2952 1951 3009 μαχο-

301 3022 464 3097 μένου
494 3024 557 3079 τὸ
589 3020 721 3098 δόρυ
754 3022 949 3093 ἴθυνεν,
995 3024 1061 3080 οὐ
1118 3024 1349 3101 καιρίως
1418 3024 1464 3080 δ’
1522 3019 1738 3096 ἔϐαλεν,
1804 3021 1953 3078 ἀλλά

292 3114 355 3168 τὸ
436 3113 530 3187 μὶν
604 3113 697 3168 τὸν
737 3119 834 3169 τοῦ
910 3114 1179 3190 Καίσαρος
1220 3115 1374 3188 ὦμον
1446 3112 1743 3191 παραξέσαν
1793 3112 1951 3169 ἅλιον

290 3205 404 3257 τῶν
447 3201 648 3257 ἐκείνου
707 3208 913 3279 χειρῶν
970 3203 1214 3282 ἐξερρύη,
1268 3205 1296 3259 ὁ
1365 3201 1413 3259 δ’
1468 3204 1804 3281 ἀμφοτέραις
1855 3206 1953 3259 τοῦ

297 3291 505 3347 οἰκείου
546 3293 741 3362 ξυστοῦ
808 3289 1115 3367 λαϐόμενος
1183 3293 1493 3390 έὲμπήγνυσι
1539 3299 1703 3351 τοῦτο
1734 3298 1812 3390 τῇ.
1842 3315 1948 3349 παρ
1982 3323 2025 3390 C

298 3385 413 3457 ρειᾷ
457 3385 555 3437 τοῦ
613 3388 816 3457 Βρανᾶ,
868 3385 957 3437 καὶ
1029 3381 1347 3451 σκοτοδίνης
1376 3383 1581 3439 ἱκεῖνον
1616 3380 1949 3457 ἐμπίπλησι,

293 3470 385 3525 καὶ
443 3470 869 3544 κατακρημνίζει
929 3472 1026 3526 τοῦ
1089 3468 1266 3527 ’ίππου
1326 3474 1556 3547 Βρανᾶν.
1628 3472 1697 3526 Τὸ
1763 3469 1812 3525 δ’
1850 3471 1956 3526 ἀπὸ

297 3557 460 3616 τοῦδε
490 3560 838 3635 περιστάντες
874 3560 1039 3615 αὐτὸν
1072 3561 1124 3614 οἱ
1174 3556 1469 3640 δορυφόροι
1528 3564 1626 3616 τοῦ
1685 3560 1956 3633 Καίσαρος

302 3646 809 3724 καταδορατίζουσι.
869 3647 1010 3704 Φασὶ
1072 3647 1128 3703 δὲ
1185 3649 1259 3711 ὡς
1318 3648 1370 3704 έν
1427 3651 1507 3722 τῷ
1558 3648 1793 3723 πρώτως
1854 3646 1957 3701 ὑπὸ

301 3735 590 3816 Κοῤῥάδου
631 3745 911 3814 τρωθῆναι
963 3742 1063 3810 τὴν
1123 3739 1386 3809 τελευτὴν
1452 3738 1714 3808 πτοηθεὶς
1770 3737 1960 3807 ἱκετη-

303 3829 454 3905 ρίασε
512 3829 719 3904 Βρανὰς
776 3833 874 3884 τοῦ
936 3831 1012 3902 μή
1069 3831 1339 3901 τεθνάναι,
1397 3830 1488 3884 τὸν
1545 3826 1603 3884 δὶ
1677 3823 1959 3903 Κοῤῥάδον

299 3916 490 3991 ὃκείνῳ
550 3920 626 3992 μὴ
686 3925 888 3994 χρῆναι
951 3915 1181 3974 δεδιέναι
1239 3919 1654 3995 ἀποκρίνασθαι·
1690 3913 1817 3971 οὐδὲ
1855 3914 1958 3991 γὰρ

301 4004 461 4077 ἀῆδές
492 4028 545 4062 τι
575 4007 817 4064 πείσεται
841 4005 1026 4084 ἕτερον
1057 4010 1093 4078 ἢ
1136 4009 1237 4077 τήν
1292 4007 1537 4084 κεφαλὴν
1600 4007 1764 4081 μόνον
1819 4005 1960 4061 ἀπο-

301 4097 633 4168 κοπγςσετιὶιι.Δ
679 4099 738 4156 Ὀ
789 4098 878 4153 καὶ
932 4104 1278 4175 παραχρῆμα
1334 4098 1621 4162 πέπονθεν.
1682 4096 1960 4169 Ἀκόσμου

303 4182 361 4239 δὲ
416 4193 517 4255 τῆς
567 4195 748 4264 φυγῆς
806 4187 1101 4260 γενομένης
1156 4185 1385 4252 ἕκαστος
1449 4188 1542 4242 τὸν
1602 4186 1718 4240 καθ’
1800 4185 1959 4239 αὐτὸν

305 4269 522 4327 διώκων
580 4273 790 4348 ἀνῄρει.
845 4274 1024 4333 Τοῦτο
1075 4274 1132 4332 δὲ
1190 4275 1508 4353 ἀρχομένης
1585 4269 1794 4347 συμϐὰν
1862 4275 1961 4341 τῆς

309 4365 519 4431 τροπῆς
584 4359 646 4413 οὐ
732 4364 1034 4439 περαιτέρω
1113 4362 1450 4442 προϐέϐηκε·
1536 4364 1626 4419 καὶ
1693 4364 1961 4435 Ῥωμαῖοι

305 4448 407 4522 γὰρ
458 4449 753 4525 ὁμογενοῦς
815 4451 1091 4530 ἐφείδοντο
1167 4455 1422 4529 αἵματος,
1499 4453 1590 4509 καὶ
1659 4454 1815 4509 αὐτοὶ
1909 4448 1965 4506 δὲ

307 4537 358 4591 o't
419 4534 747 4612 διωκόμενοι
815 4543 908 4597 τὸν
998 4547 1122 4619 περὶ
1225 4549 1415 4620 ψυχῆς
1488 4543 1779 4620 τρέχοντες
1847 4541 1965 4615 μεθ’

308 4628 520 4697 ἀπάσης
591 4629 774 4703 ὁρμῆς
855 4629 1270 4709 ἀπεδίδρασκον.
1324 4633 1679 4691 Ἐσκόλευται
1758 4632 1851 4687 οὖν
1936 4630 1964 4686 ὀ

305 4719 477 4791 χάραξ
511 4717 614 4773 ὑπὸ
652 4722 760 4774 τῶν
790 4722 1092 4789 νικώντων,
1140 4725 1229 4778 καὶ
1295 4723 1372 4786 εἰς
1432 4721 1743 4800 διαρπαγὴν
1785 4720 1961 4778 έκκείυ

310 4828 471 4880 μενος
501 4809 567 4877 ἦν
598 4808 659 4863 οὗ
695 4811 859 4882 μόνον
897 4818 1018 4875 τοῖς
1050 4816 1146 4868 τοῦ
1217 4813 1488 4887 βασιλέως
1544 4812 1962 4887 στρατεύμασιν,

305 4894 453 4952 ἀλλὰ
482 4899 717 4961 καὶτοῖς
776 4898 1127 4975 έκχεομένοις
1182 4900 1634 4964 ἀσστυπολίταις.
1698 4902 1962 4974 Ἀναιρεῖο

305 5007 391 5041 ται
452 4985 510 5043 δὲ
564 4989 704 5044 κατὰ
739 4993 933 5045 τοῦτον
991 4989 1081 5044 ιὸν
1115 4989 1363 5065 πόλεμον
1422 4990 1516 5046 καί
1546 4993 1736 5048 Κωνστ
1755 4996 1965 5054 αντῖνος

309 5076 337 5130 ὁ
372 5077 677 5148 Στηθάτος,
709 5080 831 5153 περὶ
865 5079 958 5135 τὸν
992 5074 1246 5156 βουϐῶνα
1285 5078 1469 5157 λόγχῃ
1517 5080 1769 5157 τρωθεὶς,
1829 5077 1966 5155 ἀνὴρ

311 5165 517 5241 ἀγαθὸς
545 5170 636 5224 καὶ
672 5167 953 5245 μείλιχος,
1010 5170 1069 5231 ὃς
1120 5167 1322 5225 διέπων
1378 5173 1479 5241 τήν
1539 5170 1808 5247 έπαρχιαν
1863 5172 1963 5240 τῆς

2049 703 2205 774 (nam
2239 702 2464 774 clipeus
2507 701 2782 774 clipeum,
2840 700 3003 774 galea
3058 700 3288 774 galeam
3349 702 3614 772 urgebat,
3648 707 3709 757 et

2048 798 2218 846 scuta
2255 791 2709 863 collidebantur)
2733 797 2791 847 et
2821 793 3049 864 equites
3078 791 3329 847 subditis
3372 792 3707 847 calcaribus

2048 896 2229 951 equos
2253 881 2489 935 directis
2518 880 2704 936 hastis
2728 882 3120 949 concitarunt,
3137 881 3513 953 imperatoria
3530 880 3707 936 etiam

2050 968 2276 1040 legione
2299 970 2871 1038 subsecuta;Branaa
2894 969 3208 1039 n‘ilites,ne
3244 970 3435 1041 primo
3468 971 3710 1041 quidem

2051 1060 2276 1128 impetu
2304 1059 2604 1114 Corradini
2636 1060 2926 1115 exercitus
2954 1060 3220 1129 tolerato,
3244 1059 3505 1115 obversis
3530 1060 3713 1133 tergis

2052 1146 2442 1218 dissipantur,
2470 1147 2679 1204 deinde
2700 1155 2917 1205 caetera:
2933 1150 3108 1205 etiam
3134 1150 3395 1220 legiones
3418 1150 3477 1204 in
3510 1150 3709 1222 fugam

2048 1240 2379 1305 vertuntur,
2423 1239 2640 1293 Branas
2698 1255 2832 1294 vero
2893 1245 3113 1312 quanta
3163 1255 3298 1295 voce
3338 1244 3561 1311 poterat
3588 1239 3709 1295 cla-

2052 1325 2272 1381 mitans
2301 1343 2313 1381 :
2339 1326 2568 1395 «State,
2604 1328 2847 1383 Romani
2877 1343 2890 1382 :
2917 1327 3114 1400 plures
3137 1327 3295 1384 enim
3322 1344 3451 1383 cum
3475 1328 3710 1399 paucio-

2056 1415 2220 1471 ribus
2241 1415 2657 1488 pugnabimus,
2691 1422 2748 1472 et
2771 1417 2996 1489 primus
3020 1433 3124 1489 ego
3148 1418 3375 1474 hastam
3399 1418 3458 1473 in
3482 1418 3710 1475 hostem

2053 1505 2317 1574 vibrabo,
2354 1527 2381 1556 »
2417 1506 2594 1578 idque
2650 1507 2807 1579 quod
2869 1507 3013 1563 alios
3059 1507 3337 1563 monebat
3366 1522 3713 1579 exsequens,

2054 1594 2338 1651 neminem
2367 1612 2509 1651 sane
2539 1613 2572 1651 a
2604 1598 2735 1665 fuga
2797 1596 3108 1664 revocavit,
3165 1597 3263 1652 sed
3323 1596 3434 1652 telo
3471 1597 3528 1651 in
3564 1596 3714 1651 Con-

2056 1685 2264 1740 radum
2301 1685 2426 1740 sine
2457 1684 2624 1756 galea
2656 1695 3012 1757 pugnantem
3048 1685 3267 1740 directo
3290 1701 3404 1739 non
3440 1684 3716 1741 lethalem

2052 1772 2234 1831 ictum
2271 1773 2354 1828 illi
2388 1773 2611 1845 intulit,
2649 1775 2749 1829 sed
2810 1774 3050 1830 Cwsaris
3088 1774 3236 1830 505
3298 1773 3541 1829 humero
3587 1790 3718 1846 pcr~

2055 1863 2258 1919 stricto
2288 1863 2467 1919 telum
2492 1879 2523 1919 e
2556 1863 2829 1919 manibus
2852 1864 3155 1919 amisit.At
3187 1861 3280 1918 ille
3305 1862 3722 1918 bastamsuam

2055 1956 2303 2023 utraque
2334 1969 2509 2009 manu
2569 1953 2922 2024 prehensam
2982 1952 3060 2008 ita
3113 1952 3169 2007 in
3232 1953 3435 2009 Branae
3477 1951 3721 2008 maxilla

2056 2041 2280 2113 defigit,
2312 2050 2371 2096 ut
2404 2042 2608 2097 oborta
2642 2041 2927 2113 vertigine
2956 2058 3106 2113 equo
3167 2041 3634 2113 praecipitaretur
3658 2048 3719 2099 et

2055 2147 2087 2185 ιι
2119 2129 2473 2186 satellitibus
2528 2129 2774 2185 Caesaris
2832 2130 3262 2186 confoderetur.
3323 2130 3523 2202 Aiunt,
3575 2146 3712 2186 eum

2057 2218 2247 2291 primo
2278 2218 2516 2274 vulnere
2545 2225 2781 2290 accepto
2825 2223 3069 2275 mortem
3098 2219 3529 2291 deprecaretur,
3560 2221 3712 2275 Con-

2058 2306 2266 2363 radum
2300 2323 2434 2364 eum
2464 2307 2617 2364 bono
2650 2306 2847 2363 animo
2880 2323 3004 2363 esse
3026 2308 3300 2379 jussisse,
3330 2324 3516 2379 neque
3551 2309 3708 2364 enim

2058 2395 2380 2469 quidquam
2414 2394 2651 2469 gravius
2702 2413 2880 2469 quam
2934 2396 3142 2469 capitis
3193 2398 3623 2454 truncationem
3659 2399 3714 2455 ei

2060 2488 2439 2543 metuendum
2472 2503 2602 2544 esse
2629 2501 2642 2541 :
2665 2487 2845 2560 idque
2862 2487 3059 2543 statim
3087 2486 3506 2542 accidit.Inilla
3529 2488 3715 2544 ell'usa

2058 2576 2196 2648 fuga
2230 2576 2560 2648 proximum
2596 2592 2957 2649 quemquam
2990 2577 3238 2648 quilibet
3261 2576 3501 2646 occidit;
3539 2576 3717 2648 idque

2060 2666 2345 2738 principio
2374 2667 2520 2739 fugae
2553 2668 2835 2722 duntaxat
2867 2666 3087 2722 factum
3139 2684 3252 2722 non
3297 2664 3538 2723 ulterius
3570 2684 3707 2739 pro-

2059 2755 2408 2812 cessit.Nam
2436 2762 2493 2813 et
2513 2755 2762 2812 Romani
2783 2761 3030 2829 cognato
3051 2757 3323 2830 sanguini
3348 2757 3661 2828 parcebant
3697 2774 3712 2828 ;

2061 2852 2119 2902 et
2150 2846 2191 2904 ii
2224 2864 2372 2919 quos
2405 2848 2930 2919 persequebantur,
2964 2846 3183 2920 quippe
3225 2865 3318 2903 res
3348 2845 3557 2918 capitis
3581 2862 3717 2919 age-

2064 2938 2202 2992 batu
2214 2953 2504 3008 r,summa
2529 2937 2899 2993 festinatione
2918 2935 3529 3008 aufugiebant.Caslra
3549 2953 3583 2992 a
3601 2936 3721 2991 vic-

2065 3026 2292 3083 toribus
2345 3025 2573 3098 direpta
2632 3029 2792 3094 suut,
2843 3041 2952 3082 nec
2992 3025 3279 3081 militibus
3306 3026 3589 3081 duntaxat
3617 3024 3721 3081 sed

2064 3116 2302 3172 urbana:
2334 3115 2508 3171 etiam
2542 3114 2899 3172 multitudini
2960 3116 3163 3188 preciae
3222 3114 3475 3171 fuerunt.
3516 3116 3578 3171 In
3615 3116 3720 3171 hae

2063 3222 2263 3278 pugna
2294 3205 2713 3261 Constantinus
2772 3204 3073 3261 Stetbatus
3125 3204 3418 3272 occubuit,
3454 3204 3622 3261 basta
3661 3204 3723 3261 in

2067 3294 2309 3368 inguine
2345 3294 2711 3362 vulneratus,
2744 3294 2831 3348 vir
2859 3294 3050 3350 bonus
3080 3298 3138 3350 et
3169 3293 3400 3363 suavis;
3451 3293 3554 3366 qui
3586 3309 3721 3349 cum

2069 3384 2340 3441 Anchiali
2370 3386 2678 3457 provincias
2710 3389 3008 3457 praeesset,
3058 3384 3310 3440 Branam
3359 3386 3474 3441 non
3517 3389 3728 3456 sponte
3760 3382 3769 3385 ”

2071 3479 2335 3541 secutus,
2369 3490 2473 3529 nee
2503 3474 2638 3546 ipsi,
2675 3479 2739 3529 ut
2779 3477 3250 3546 exspectabatur,
3308 3473 3727 3540 commodavit,

2070 3581 2175 3619 nec
2206 3564 2594 3636 semetipsum
2626 3565 3011 3636 conservavit,
3064 3565 3385 3636 quominus
3439 3564 3592 3620 ferro
3636 3564 3728 3620 in-

2072 3652 2290 3718 teriret,
2323 3652 2594 3723 quamvis
2652 3652 3076 3723 astrologorum
3136 3653 3266 3723 ejus
3322 3652 3515 3709 aetatis
3571 3653 3727 3709 500

2072 3740 2345 3813 princeps
2378 3759 2393 3811 ;
2427 3740 2708 3796 nimirum
2741 3740 3020 3813 scrupulo
3074 3739 3270 3812 aliquo
3320 3740 3728 3798 minutissime

2073 3832 2352 3903 deceptus
2384 3830 2442 3886 in
2478 3830 2727 3885 tentorio
2751 3834 3070 3895 manserat,
3099 3829 3329 3887 hostem
3349 3832 3727 3902 ingruentem

2074 3918 2221 3977 nihil
2245 3919 2476 3976 timens.
2505 3919 2824 3976 Ferebatur
2855 3923 3052 3975 autem
3099 3919 3301 3976 Branaa
3350 3937 3417 3977 ex
3450 3920 3591 3975 artis
3620 3921 3729 3977 ob-

2075 4010 2403 4067 servatione
2434 4010 2767 4081 praedixisse
2801 4011 2919 4066 fore
2953 4014 3016 4065 ut
3046 4026 3111 4066 eo
3144 4011 3238 4067 die
3286 4011 3486 4067 urbem
3546 4011 3729 4083 ingre-

2075 4100 2309 4157 deretur
2331 4106 2387 4155 et
2417 4117 2627 4172 magno
2652 4116 2783 4155 cum
2803 4099 3113 4171 splendore
3135 4100 3546 4170 triumpharet.
3564 4102 3727 4165 Quod

2078 4195 2272 4244 utrum
2303 4188 2516 4244 dixerit
2549 4205 2751 4258 necne,
2785 4190 3078 4244 afﬁrmare
3111 4205 3224 4244 non
3274 4205 3513 4260 possum
3551 4205 3563 4243 :
3598 4188 3729 4245 novi

2076 4278 2229 4333 enim
2269 4279 2434 4332 famae
2466 4295 2576 4332 non
2608 4294 2841 4348 semper
2882 4277 2940 4332 in
3002 4278 3343 4349 hujusmodi
3394 4278 3731 4334 rumoribus

2079 4367 2249 4423 [idem
2288 4367 2618 4422 habendam
2648 4383 2799 4422 esse.
2835 4368 2942 4421 Sed
2977 4367 3023 4423 si
3056 4367 3157 4422 illa
3187 4367 3337 4423 dixit
3380 4384 3507 4439 qua:
3540 4368 3733 4424 ferun-

2079 4461 2192 4522 tur,
2225 4462 2382 4512 vates
2410 4456 2611 4527 utique
2644 4456 2926 4526 deceptus
2980 4460 3090 4522 est,
3126 4460 3189 4512 ut
3245 4473 3337 4513 res
3384 4457 3513 4529 ipsa
3542 4456 3735 4513 decla-

2079 4546 2246 4611 ravit,
2276 4546 2385 4601 nisi
2421 4546 2550 4615 quis
2612 4546 2757 4601 forte
2815 4545 3143 4619 astrologia;
3184 4546 3418 4602 deditus
3449 4562 3583 4603 eum
3618 4562 3734 4602 non

2081 4651 2318 4707 prorsus
2350 4636 2653 4690 aberrasse
2686 4652 2791 4690 nec
2824 4640 3006 4690 artem
3058 4635 3297 4690 omnino
3345 4651 3557 4692 vanam
3607 4650 3737 4691 esse

2076 4730 2382 4796 propterea
2406 4724 2740 4793 contendat,
2776 4724 2929 4795 quod
2954 4731 3129 4795 caput
3150 4724 3280 4795 ejus
3310 4729 3367 4780 et
3403 4726 3601 4780 dexter
3633 4739 3736 4796 pes

2072 4830 2139 4869 eo
2172 4813 2266 4869 die
2295 4813 2485 4869 hastis
2519 4813 2691 4868 affixa
2719 4829 2822 4885 per
2854 4813 3045 4869 forum
3077 4813 3351 4869 traducta
3396 4818 3552 4881 sunt,
3586 4830 3734 4868 una-

2074 4918 2189 4975 que
2221 4906 2397 4974 caput
2428 4901 2874 4958 circumforanei
2907 4901 3349 4974 eujusdam,qui
3382 4901 3555 4957 Poeta
3584 4901 3736 4957 dice-

2075 4993 2269 5059 batur,
2303 5008 2416 5046 non
2449 4991 2506 5044 in
2542 4990 2696 5046 bello
2728 4990 2885 5059 caesi,
2925 4992 3029 5047 sed
3064 4996 3193 5062 post
3230 4990 3519 5048 illustrem
3571 4990 3734 5048 illam

2072 5080 2377 5137 victoriam
2405 5079 2585 5151 jussu
2618 5079 3009 5150 imperatoris,
3046 5080 3202 5136 haud
3264 5081 3385 5137 seio
3445 5098 3562 5153 quo
3595 5081 3732 5145 fine.

2074 5170 2383 5226 interfecti.

313 5254 619 5332 ’Λγχιάλου
714 5259 823 5334 οὐχ
851 5259 1082 5320 έκόντως
1118 5259 1539 5331 ἕπηκολούθησε
1566 5266 1645 5333 τῷ
1677 5263 1911 5334 Βαρανᾷ,
1954 5257 2079 5316 ἀλλ’
2111 5254 2235 5313 οὕτε
2277 5256 2369 5311 τὸν
2425 5249 2881 5331 προσλαϐόμενον
2956 5250 3137 5327 ὤνησέ
3209 5279 3287 5325 τι,
3370 5259 3554 5323 καθὼς
3644 5254 3753 5335 καῖ,

312 5345 713 5417 προσεδοκᾶτο,
747 5354 973 5425 Βρανᾶν,
1045 5349 1138 5405 καὶ
1166 5350 1376 5421 ἑαυτὸν,
1454 5351 1554 5406 οὐκ
1611 5349 1836 5425 έξέσωσι
1889 5353 1986 5405 τοῦ
2021 5348 2268 5425 μαχαίρᾳ
2306 5352 2510 5416 πεσεῖν,
2554 5351 2662 5401 τῶν
2702 5346 2825 5402 τότε
2853 5346 3212 5423 ἀστρολόγων
3270 5347 3298 5401 ὁ
3343 5344 3729 5422 δοκιμώτατος

314 5432 411 5509 ὢν,
440 5433 589 5491 ἀλλά
616 5457 669 5492 τι
699 5440 797 5508 τὴν
876 5437 1081 5494 ἑκείνου
1156 5441 1359 5517 γνῶσιν
1437 5438 1757 5518 διαδραμὸν,
1800 5441 1875 5502 ὡς
1920 5435 2085 5510 ἔοικε,
2128 5436 2560 5493 λεπτεπίλεπτον
2638 5439 2827 5512 ἡσυχῇ
2908 5440 3084 5511 μένειν
3154 5438 3403 5493 πέπεικεν
3484 5437 3577 5492 ἐπὶ
3635 5445 3737 5509 τῆς

313 5532 546 5598 σκηνῆς,
622 5528 709 5582 καὶ
744 5527 895 5584 ἐπιὸν
925 5530 1027 5586 οὐκ
1082 5527 1255 5586 ἔδεισε
1309 5530 1373 5586 τὸ
1430 5529 1728 5607 πολέμιον.
1773 5531 2029 5604 Ἐλέγετο
2079 5526 2135 5584 δὲ
2190 5533 2270 5602 τῷ
2334 5529 2511 5603 Βρανᾷ
2568 5522 2829 5603 φοιϐάσαι
2886 5526 3298 5604 προρῥητικῶς,
3356 5526 3421 5583 ἐκ
3471 5532 3580 5584 τῶν
3638 5535 3745 5600 τῆς

309 5614 517 5690 τέχνης
578 5612 877 5673 έκϐάσεων·
928 5620 1386 5697 τεκμαιρόμενος,
1466 5621 1542 5685 ὡς
1622 5621 1760 5676 κατὰ
1851 5621 1951 5690 τὴν
2022 5618 2234 5695 ἡμέραν
2312 5615 2520 5687 ἐκείνην
2603 5623 2704 5686 τῆς
2775 5614 2998 5681 πόλεως
3068 5614 3596 5679 έντὸςείσελεύσεται
3654 5615 3746 5674 καὶ

311 5701 667 5780 θριαμϐεόσει
708 5713 1042 5784 περιφανῶς.
1105 5713 1281 5768 Τοῦτο
1330 5710 1389 5768 δὲ
1446 5712 1496 5767 εἲ
1556 5713 1653 5786 μὲν
1707 5711 1873 5773 αὐτὸς
1938 5708 2162 5782 άληθῶς
2216 5707 2431 5784 εἲρηκεν
2493 5707 2521 5763 ὃ
2579 5707 2886 5778 Στηθάτος,
2945 5703 3204 5784 ἀσφαλῶς
3261 5707 3363 5763 υῦκ
3424 5706 3610 5782 ῒσημι,
3660 5707 3745 5763 ὅτι

316 5794 444 5873 μηδ’
502 5794 749 5873 ἀψευδῶς
800 5798 865 5853 τὰ
931 5799 1104 5855 πάντα
1162 5802 1198 5871 ἡ
1233 5803 1395 5880 φήμη
1428 5840 1433 5845 ρ
1469 5802 1777 5879 μυθεύεται,
1805 5800 1981 5856 ὁπόσα
2035 5796 2384 5874 περιλάλητα
2412 5796 2614 5852 τιθέναι
2672 5795 2842 5876 φιλεῖ.
2894 5796 3019 5855 Ὅτι
3083 5792 3162 5868 δὲ,
3222 5795 3269 5851 εἰ
3330 5793 3511 5871 δῶμεν
3570 5795 3745 5853 ὁπόσα
