4102 6396
298 413 412 476 751

1613 413 1920 478 ΝΙΟΕΤΑΞ
1959 411 2168 475 οΗοΝ
2177 409 2391 473 ΙΑΤιΕ

3607 417 3728 479 ’182
3763 447 3768 456 ·

301 550 337 616 ἠ
407 549 570 625 φήμη
630 545 891 620 ἐδίδαξεν,
945 551 1051 605 ὑπὸ
1104 552 1204 606 τοῦ
1261 548 1636 628 προφάντορος
1704 545 1984 616 Στηθάτου
2025 543 2147 599 six:
2211 543 2285 605 ὡς
2346 540 2782 616 ἐξετοξεύθησαν,
2829 540 2985 613 aeta,
3065 543 3217 622 φασί,
3300 543 3368 602 τὰ
3429 566 3732 625 πραγματα

313 635 530 714 ἐφηναν.
565 637 610 692 εἷ
640 640 718 711 μή
748 659 830 701 τις
852 643 922 714 τῇ
947 638 1335 714 ούρανοσκόπῳ
1367 638 1651 714 ἐπιστήμῃ
1713 635 2109 712 προσκείμενος
2174 639 2250 707 μῆ
2311 635 2460 707 [248]
2518 633 2825 688 παντάπασι
2883 629 3195 708 διεψεῦσθαι
3251 636 3470 692 τουτονὶ
3531 635 3732 697 διατεί-

303 755 455 792 νοιτο
521 737 611 792 καὶ
671 739 742 793 τὰ
805 745 906 807 τῆς
944 739 1150 814 τέχνης
1211 740 1288 814 μὴ
1355 738 1596 794 καθόλου
1630 735 1928 808 διαπεσεῖν,
1979 733 2056 796 είς
2109 739 2209 802 τῆν
2262 735 2360 787 τοῦ
2418 732 2597 806 Βρανὰ
2653 732 2900 810 κεφαλήν
2961 735 3207 808 μετάγων
3261 738 3327 791 τὰ
3357 735 3736 812 προρρηθέντα

297 823 390 879 καί
419 825 510 879 τὸν
539 824 727 902 ἓτερον
768 826 932 882 αύτοῦ
964 832 1074 882 τῶν
1102 825 1320 898 ποδῶη,
1355 828 1485 901 ἅπερ
1518 833 1618 896 τῆς
1647 825 1856 900 ἡμέρας
1889 823 2098 894 ἐκείνης
2130 819 2218 877 διὰ
2247 826 2346 890 τῆς
2375 821 2579 898 ἀγορᾶς
2617 819 3106 895 ἐμπεπερονημὶνα
3127 830 3349 888 κοντοῖς
3381 822 3726 900 διεπόμπευ·

294 933 412 983 σαν,
453 914 546 968 σὺν
581 915 717 990 αὐτῇ
748 913 804 970 δὲ
836 917 922 970 καῖ
955 915 1168 993 κεφαλή
1189 938 1337 978 τινος
1372 914 1652 992 ἀγοραίου,
1691 917 1930 985 Ποιητοῦ
1962 909 2286 988 λεγομένου.
2336 906 2404 978 ἤν
2458 905 2689 982 οὐδεμία
2744 908 2985 984 πολεμία
3038 911 3160 986 χείρ
3220 913 3500 989 ἀφείλετο,
3559 917 3726 980 αὐτὸς

295 1000 352 1058 δὲ
409 1002 666 1077 βασιλεὺς
721 1007 854 1076 μετᾶ
919 1007 1019 1074 τὴν
1067 1004 1327 1079 λαμπρὰν
1364 1006 1573 1077 ἐκείνην
1604 1004 1758 1076 νίκην
1787 1003 1878 1060 καὶ
1901 1004 2003 1074 τήν
2033 1006 2143 1057 τῶν
2175 998 2430 1056 ἐναντίων
2460 998 2905 1072 καταπελέμησιν
2941 999 3323 1076 ἀποτμηθῆναι
3355 1003 3704 1078 προσέταξεν,

292 1093 395 1148 ούκ
416 1091 522 1147 οἷδ’
548 1095 634 1170 ἔφ’
663 1095 774 1166 δτῳ
805 1092 1167 1164 συνοίσοντιῆ
1201 1091 1613 1170 κατορθώματι.

365 1183 420 1238 9.
455 1183 532 1238 Eo
565 1183 714 1239 bello
748 1185 899 1242 hunc
931 1187 1150 1242 exitum
1185 1188 1410 1255 sortito,
1461 1188 1776 1259 imperator
1807 1201 1948 1240 con-

293 1271 460 1327 viviO'
505 1275 794 1331 instructo
853 1293 1058 1332 omnes
1120 1279 1266 1332 ante
1327 1287 1523 1350 portas
1583 1278 1826 1349 aperuit.
1887 1281 1954 1332 ut

295 1362 482 1418 victor
511 1379 544 1418 ε
575 1364 886 1436 quibusvis
917 1365 1392 1437 conspiceretur;
1453 1370 1510 1422 et
1567 1383 1699 1421 cum
1745 1381 1954 1422 manus

297 1451 489 1522 epulis
517 1452 861 1508 admoturus
922 1461 1096 1520 esset,
1158 1455 1439 1509 ferculum
1504 1455 1654 1510 haud
1689 1470 1830 1510 sane
1861 1456 1956 1508 de-

300 1555 503 1596 corum
543 1544 600 1596 et
631 1541 779 1597 507
845 1540 1136 1596 ludicrum
1199 1559 1404 1612 parum
1463 1541 1718 1612 elegans,
1753 1541 1953 1597 Branas

295 1628 931 1700 caputinferrijussit,
994 1632 1147 1700 quod
1202 1630 1385 1684 hianti
1449 1629 1597 1686 rictu
1648 1627 1952 1686 etelausis

296 1718 483 1774 oculis
514 1719 676 1773 humi
701 1720 992 1789 abiectum
1031 1720 1145 1774 huc
1174 1725 1347 1790 atque
1391 1720 1532 1775 illuc
1579 1719 1736 1792 globi
1769 1720 1955 1775 instar

294 1807 625 1878 agitabatur
653 1815 707 1862 et
739 1807 956 1877 jaculis
988 1808 1417 1878 trajiciebatur.
1443 1811 1664 1866 Deinde
1712 1808 1952 1881 conjugi

297 1911 530 1968 quoque
559 1897 688 1968 ejus
722 1897 778 1951 in
815 1897 1030 1969 palatio
1061 1897 1302 1956 inclusa:
1348 1897 1608 1954 oblatum
1679 1907 1784 1955 est.
1819 1900 1954 1964 Quae

303 1991 504 2056 rogata
534 2002 678 2041 num
703 1987 878 2042 sciret
901 1988 1070 2058 cujus
1097 1993 1270 2054 esset,
1295 1987 1480 2042 oculis
1531 1989 1588 2042 in
1624 1987 1957 2043 miserabile

304 2071 453 2130 illud
509 2078 568 2130 et
616 2075 1083 2147 inexspectatum
1162 2077 1556 2148 spectaculum
1627 2075 1954 2148 conjectis:

307 2185 336 2214 «
368 2162 828 2235 Novi,inquit,et
850 2165 1474 2236 memiseramjudico.
1513 2187 1541 2216 ››
1607 2167 1741 2222 Erat
1797 2165 1954 2222 enim

310 2253 574 2308 modesta
598 2253 829 2322 mulier,
855 2259 912 2310 et
941 2254 1211 2310 decoram
1246 2255 1534 2312 matronis
1582 2255 1953 2312 taciturnita-

309 2348 424 2399 tem
466 2343 704 2400 maximi
767 2344 1033 2400 faciebat.
1093 2347 1281 2412 Quare
1338 2363 1372 2401 a
1430 2351 1636 2418 patruo
1696 2348 1962 2404 Manuele

313 2433 640 2489 matronale
669 2435 848 2491 decus
877 2441 928 2490 et
965 2436 1200 2490 familia:
1249 2453 1370 2492 suae
1414 2446 1822 2494 ornamenlum
1857 2454 1960 2509 ap-

308 2519 654 2592 pellabatur.
690 2524 988 2578 Exercitus
1019 2539 1151 2578 vero
1182 2525 1283 2596 qui
1341 2541 1474 2580 cum
1517 2529 1704 2580 Brana
1735 2527 1957 2581 defece-

2135 1180 2201 1236 θ’.
2237 1179 2339 1236 Καὶ
2377 1181 2598 1234 τοιοῦτο
2660 1179 2754 1252 μὶν
2818 1179 2847 1232 ὁ
2899 1179 3023 1234 τότε
3067 1177 3216 1256 ἀγὼν
3273 1179 3470 1260 εἴληφε
3526 1180 3722 1254 πέρας,

2064 1268 2226 1331 αὐτὸς
2290 1265 2338 1322 δ’
2384 1268 2412 1322 ὁ
2474 1265 2733 1344 βασιλεὺς
2788 1265 3134 1342 τραπόμενος
3182 1267 3258 1330 εἷς
3292 1267 3521 1325 ἑστίασιν
3555 1275 3723 1328 πᾶσαν

2060 1364 2168 1414 τῶν
2229 1357 2466 1434 ἀρχείων
2521 1357 2685 1428 ἀνῆκε
2751 1357 2936 1430 πύλην
2991 1357 3210 1414 αὔλειον
3267 1358 3357 1413 καὶ
3415 1361 3727 1434 παράθυρον

2061 1449 2415 1522 προσκήνιον,
2486 1444 2623 1508 ὥςτε
2688 1447 2818 1511 τοὺς
2895 1445 3268 1522 βουλομένους
3342 1447 3562 1503 ε’σιέναι
3638 1451 3728 1504 καὶ

2061 1537 2275 1590 θεᾶσθαι
2317 1535 2476 1589 αὐτὸν
2505 1541 2902 1609 τροπαιοῦχον.
2945 1537 3032 1594 Ἐν
3062 1535 3119 1591 δὲ
3160 1541 3241 1609 τῷ
3298 1536 3560 1592 ἅπτεσθαι
3616 1543 3726 1594 τῶν

2063 1623 2250 1678 σιτίων
2301 1621 2502 1699 χανδὸν
2557 1623 2647 1679 καὶ
2706 1623 2801 1687 τὰς
2849 1630 3042 1700 χεῖρας
3096 1630 3261 1681 κινεῖν
3319 1625 3397 1688 είς
3454 1626 3546 1682 τὸν
3618 1631 3728 1682 τῶν

2061 1712 2436 1788 προκειμένων
2507 1711 2735 1768 ἐδεστῶν
2789 1713 3063 1785 πόλεμον,
3127 1713 3432 1770 ἐπεισόδιόν
3499 1715 3551 1770 τί
3629 1715 3731 1771 οὐκ

2063 1801 2324 1876 εὐπρεπὲς
2375 1802 2463 1856 καὶ
2516 1800 2733 1874 ἄθυρμα
2783 1797 3118 1856 ἐπιδείπνιον
3186 1804 3286 1872 τὴν
3363 1807 3462 1858 τοῦ
3547 1806 3728 1876 Βρανᾶ

2062 1893 2495 1966 παρεισαχθῆναι
2561 1888 2848 1946 κεκέλευκε
2913 1893 3160 1964 κεφαλήν
3207 1892 3270 1947 Ἦ
3348 1888 3406 1946 δὲ
3471 1891 3548 1954 ὡς
3619 1892 3730 1948 εἷσ-

2065 1985 2222 2053 ῆκτο,
2272 1982 2355 2038 ἐπ’
2433 1979 2664 2059 ἐδάφους
2716 1976 2942 2058 ἔρριπτο
3001 1988 3267 2057 σεσηρυῖα
3319 1981 3411 2036 καὶ
3485 1987 3728 2057 μεμκυῖα

2063 2072 2142 2127 τὼ
2209 2070 2502 2149 ὀφθαλμὼ,
2569 2068 2677 2126 est
2725 2092 2784 2126 τε
2845 2071 3060 2127 κάκεῖσε
3122 2068 3279 2140 δίκην
3336 2072 3564 2152 σφαίρας
3615 2069 3728 2128 δια·
3823 2067 3830 2072 ’

2065 2159 2276 2238 γομένη
2334 2181 2392 2216 τε
2446 2158 2536 2214 καὶ
2598 2160 2939 2237 μεταγομένη
3003 2157 3398 2232 διηκοντίζετο.
3461 2163 3713 2237 ’Ὕστερον

2068 2248 2125 2306 δὲ
2167 2250 2258 2306 καί
2309 2253 2376 2323 τῇ
2400 2250 2569 2306 αὐτοῦ
2617 2253 2827 2324 γαμετῇ
2885 2244 3038 2305 ἔνδον
3091 2254 3196 2304 τῶν
3229 2250 3542 2324 ἀνακτόρων
3594 2262 3722 2315 καθ-

2067 2340 2324 2417 ειργμένῃ
2417 2340 2850 2417 παρεισφέὸεται,
2950 2339 3041 2394 καὶ
3090 2339 3328 2414 ἀνέρεται
3431 2339 3568 2411 αὕτη
3672 2338 3720 2396 εἷ

2068 2428 2302 2486 σύνειδεν
2333 2431 2460 2486 ὅτου
2488 2430 2628 2485 ἐστὶν
2657 2431 2691 2499 ἡ
2722 2427 2960 2506 κεφαλή.
3019 2429 3082 2486 Ἤ
3128 2427 3185 2485 δὲ
3226 2430 3354 2494 τοὺς
3405 2427 3732 2508 ὀφθαλμοὺς

2068 2519 2254 2592 ἐκείνῳ
2286 2524 2366 2592 τῷ
2413 2523 2597 2595 πικρῷ
2639 2519 2730 2574 καὶ
2773 2518 2976 2594 οἰκτρῷ
3039 2518 3130 2574 καὶ
3195 2518 3419 2592 άέλπτῳ
3506 2521 3738 2594 θεάματι

308 2615 460 2678 rant,
495 2613 641 2668 laxis
673 2611 916 2668 habenis
939 2595 1295 2686 quocunque
1337 2614 1677 2686 fugiebant:
1737 2631 1805 2670 ac
1861 2613 1955 2686 qui

2072 2603 2430 2678 ἐπιϐαλοῦσα,
2481 2633 2510 2662 ‹‹
2551 2607 2708 2680 Οἶδα,
2769 2607 2926 2682 φησὶ,
2973 2609 3062 2663 καὶ
3093 2608 3368 2678 ταλανίζω
3397 2610 3666 2684 ἐμαυτήν.
3704 2631 3734 2660 κ

307 2717 516 2774 pugna:
549 2708 810 2774 tempore
842 2709 970 2775 post
1004 2712 1464 2776 prepugnatnres
1493 2710 1794 2774 steterant,
1827 2722 1960 2760 cum

303 2789 644 2848 inclinatam
679 2809 811 2848 esse
831 2795 1013 2848 aciem
1040 2795 1531 2861 sensissent,fuga
1552 2800 1962 2864 occupata,eos

305 2877 406 2948 qui
439 2896 470 2933 a
500 2883 660 2951 tergo
712 2879 1110 2950 sequebantur
1161 2897 1265 2950 pro
1317 2879 1586 2936 hostibus
1633 2885 1960 2936 metuentes

303 2983 542 3022 cursum
577 2968 979 3034 intendebant,
1010 2984 1082 3024 ne
1134 2975 1501 3040 caperentur.
1537 2969 1644 3036 Qui
1694 2986 1829 3024 vero
1865 2985 1958 3024 se-

303 3059 658 3127 quebantur,
691 3057 1160 3112 antecedentium
1196 3057 1500 3112 incitatam
1523 3059 1721 3129 fugam
1755 3063 1958 3114 utrem

307 3141 624 3199 salutarem
657 3143 810 3200 508
844 3144 1077 3212 imitati,
1112 3150 1170 3200 et
1191 3144 1444 3201 hostium
1496 3147 1956 3216 persecutionem

305 3232 648 3300 veriti,illud
677 3233 880 3304 utique
907 3235 1211 3304 optabant,
1267 3243 1326 3289 ut
1375 3235 1504 3305 equi
1567 3252 1680 3290 non
1719 3235 1959 3308 ungulis

309 3321 556 3377 humum
579 3321 1006 3393 pulsarent,sed
1032 3329 1312 3395 tanquam
1334 3329 1590 3398 Pegasus
1631 3325 1958 3393 volitarent,

309 3410 542 3482 ipsique
567 3410 726 3466 velut
757 3412 874 3466 orci
902 3411 1066 3484 galea
1097 3412 1228 3468 tecti
1272 3431 1304 3468 a
1363 3413 1598 3468 nemine
1649 3414 1959 3486 cormpice-

308 3503 532 3556 rentur.
565 3500 791 3555 Tantus
819 3516 919 3556 eos
950 3508 1134 3556 terror
1180 3501 1492 3570 invaserat,
1554 3504 1655 3574 qui
1713 3503 1959 3560 faciebat

310 3597 372 3646 ut
402 3587 631 3661 quidvis
689 3595 746 3646 et
802 3589 1064 3646 dicerent
1123 3597 1516 3664 et‘optarent.
1555 3596 1634 3646 Ae
1687 3591 1746 3648 in
1789 3599 1961 3664 ponte

307 3679 716 3752 Daphautiano
749 3679 988 3752 plurimi
1020 3680 1355 3752 periissent,
1387 3683 1497 3738 nisi
1551 3681 1787 3753 quidam
1835 3701 1962 3739 ma-

304 3768 480 3826 nibus
513 3769 572 3824 in
604 3767 816 3826 cmlum
848 3771 1126 3838 extensis,
1160 3775 1338 3826 Deum
1371 3775 1622 3828 testatus
1663 3771 1958 3827 neminem

301 3875 336 3914 a
365 3862 529 3931 tergo
559 3859 802 3930 instare,
835 3861 936 3914 sed
995 3860 1244 3915 victores
1288 3860 1638 3930 jamdudum
1699 3879 1732 3916 ιι
1765 3878 1957 3932 perse-

2068 2700 2170 2755 Ἥν
2199 2698 2303 2774 γὰρ
2353 2699 2584 2776 σώφρων
2630 2701 2666 2768 ἡ
2741 2699 2904 2774 γυνὴ,
2979 2695 3070 2752 καί
3145 2699 3243 2767 τὴν
3317 2697 3724 2773 ἐπιπρέπουσαν

2064 2792 2145 2858 τῷ
2182 2789 2346 2858 θήλεϊ
2393 2789 2606 2858 σιωπὴν
2657 2790 2913 2862 τιθεμένη
2965 2787 3089 2862 περὶ
3135 2786 3378 2859 πολλοῦ,
3451 2789 3514 2844 οῦ
3563 2789 3751 2865 χὰριν¹

2066 2877 2157 2931 καὶ
2212 2876 2390 2946 καλὴν
2439 2876 2490 2932 ἐν
2549 2877 2757 2952 γυναιξὶ
2805 2876 3188 2950 κατωνόμαζεν
3262 2879 3290 2932 ὁ
3335 2879 3473 2951 πρὸς
3522 2879 3730 2951 μητρὸς

2067 2967 2235 3036 αὐτῆς
2265 2968 2410 3030 θεῖος
2440 2967 2468 3020 ὁ
2502 2967 2860 3041 αὐτοκράτωρ
2897 2965 3178 3036 Μανουήλ.
3227 2967 3320 3022 καὶ
3373 2965 3490 3021 οἷόν
3529 2985 3581 3018 τι
3625 2969 3736 3020 τῶν

2067 3056 2128 3113 ἐκ
2177 3060 2274 3112 τοῦ
2331 3058 2523 3134 γένους
2581 3053 2894 3133 ὀσφράδιον.
2947 3057 3026 3114 Τὰ
3085 3053 3142 3111 δὲ
3195 3077 3254 3132 γε
3299 3055 3438 3130 πρὸς
3468 3055 3725 3109 ἀποσπα-

2067 3146 2180 3202 σίαν
2250 3151 2330 3219 τῷ
2403 3149 2580 3222 Βρανᾷ
2657 3146 2995 3221 συναράμενα
3059 3145 3456 3220 στρατεύματα,
3557 3141 3726 3208 ὅλους

2066 3235 2251 3292 ἀνέντα
2307 3233 2598 3312 χαλινοὺς,
2660 3236 2756 3298 τὰς
2823 3233 3168 3306 ὁπουδήποτε
3245 3234 3512 3310 φερούσας
3579 3232 3732 3309 ἐτρά.

2063 3345 2216 3384 πετο.
2257 3325 2355 3382 Καὶ
2408 3326 2459 3381 oi
2512 3326 2606 3399 μὲν
2667 3323 2888 3382 ὄπισθεν
2950 3325 3179 3387 ἑστῶτες
3240 3329 3351 3380 τῶν
3405 3321 3723 3399 προμάχων

2065 3415 2203 3471 κατᾶ
2249 3417 2338 3471 τὸν
2385 3417 2573 3490 καιρὸν
2631 3422 2732 3484 τῆς
2785 3415 3139 3489 συμπλοκῆς,
3199 3415 3274 3476 ὡς
3331 3410 3564 3489 ᾔσθεντο
3622 3419 3724 3483 τῆς

2066 3513 2296 3580 τροπῆς,
2341 3505 2611 3580 ἁψάμενοι
2656 3505 2754 3576 ea;
2802 3512 2982 3584 φυγῆς
3031 3505 3290 3579 πρότεροι
3329 3502 3459 3566 τοὺς
3501 3501 3727 3558 κατόπιν

2067 3593 2389 3660 ἐλαύνοντας
2437 3595 2510 3658 ὡς
2575 3593 2880 3669 πολεμίους
2951 3593 3324 3672 ὑφορώμενοι,
3371 3593 3466 3648 τὸν
3520 3589 3726 3668 δρόμον

2067 3686 2140 3748 ὡς
2203 3687 2280 3758 μή
2331 3683 2694 3762 συλληφθεῖεν
2753 3683 3046 3740 ἐπέτεινον·
3098 3683 3151 3738 οἱ
3201 3681 3249 3740 δ’
3291 3677 3618 3758 ἐφεπόμενοι
3665 3681 3730 3737 τὸ

2067 3775 2319 3832 σύντονον
2373 3775 2449 3840 εἰς
2492 3776 2666 3852 φυγήν
2709 3779 2822 3830 τῶν
2868 3774 3220 3848 προαγόντων
3267 3772 3343 3836 ὡς
3397 3771 3588 3846 πρᾶξιν
3623 3777 3722 3840 ζη-

2066 3863 2288 3927 λόῦντες
2347 3864 2650 3932 σώζουσαν,
2707 3863 2797 3917 καὶ
2847 3862 2947 3931 τὴν
2993 3865 3102 3916 τῶν
3163 3857 3451 3932 πολεμίων
3497 3856 3728 3914 ἐπιδιω-

301 3950 534 4021 quando
565 3949 987 4019 destitisse,eos
1008 3951 1335 4006 monuisset
1379 3955 1444 4005 ut
1473 3951 1757 4024 impetum
1811 3953 1955 4024 fugaa

2068 3955 2146 4026 ξιν
2179 3951 2573 4026 δεδιττόμενοι,
2613 3949 2789 4005 ἐκεῖνα
2833 3947 3077 4026 ηὔχοντο
3114 3949 3390 4022 ἄντικρυς,
3449 3945 3578 4012 τοὺς
3629 3947 3724 4022 μὲν

299 4037 673 4094 moderantes
722 4039 924 4094 ordine
970 4044 1025 4094 et
1075 4045 1245 4097 caute
1294 4041 1568 4096 fornicem
1625 4040 1788 4096 illum
1826 4058 1954 4113 per-

297 4126 637 4185 transirent.
670 4130 750 4184 Ac
783 4133 985 4184 tenues
1017 4133 1074 4184 et
1104 4129 1362 4184 obscura)
1406 4129 1653 4185 fortunae
1687 4129 1956 4188 homines

300 4219 446 4274 citra
475 4217 799 4274 molestiam
835 4224 893 4274 et
921 4219 1134 4275 crimen
1159 4219 1400 4274 domum
1439 4219 1762 4286 redierunt,
1797 4220 1956 4276 salu~

303 4305 484 4362 briter
509 4307 867 4363 obscuritate
900 4323 1004 4364 sua
1043 4308 1396 4380 lecti,neque
1429 4313 1756 4365 metuentes
1789 4327 1858 4365 ne
1889 4309 1959 4366 ab

305 4395 425 4450 ullo
454 4394 914 4465 inquirerentur.
969 4397 1078 4462 Qui
1135 4413 1270 4452 vero
1323 4403 1659 4470 autgenere
1699 4397 1962 4455 illustres

305 4489 406 4541 aut
437 4486 883 4559 magistratibus
908 4486 1368 4560 gestisinsignes
1402 4493 1590 4555 erant,
1625 4490 1960 4562 frequentes

302 4589 622 4631 convenere
646 4579 703 4632 et
742 4591 845 4648 per
899 4575 1122 4644 legatos
1181 4577 1408 4632 veniam
1479 4577 1550 4633 ab
1611 4578 1958 4650 imperatore

303 4666 652 4738 petiverunt,
685 4667 837 4738 quod
861 4666 1157 4722 hominem
1208 4665 1550 4723 seditiosum
1584 4668 1766 4724 secuti
1799 4669 1953 4724 defe-

301 4757 544 4814 cissent.
570 4757 788 4825 Quodsi
837 4757 908 4813 ab
960 4755 1313 4830 imperatore
1353 4774 1516 4814 noxae
1543 4759 1956 4826 cximerentur,

303 4862 368 4901 se
402 4847 463 4902 in
509 4852 811 4918 posterum
855 4846 1040 4902 honos
1095 4851 1152 4902 et
1213 4845 1415 4902 ﬁdeles
1475 4847 1779 4903 ministros
1838 4849 1958 4903 fore

303 4934 456 4991 δυο
487 4936 936 5006 pollicebantur,
969 4940 1026 4990 et
1049 4935 1452 5007 paenitentiam
1515 4954 1681 4992 suam
1742 4953 1800 4993 re
1831 4938 1961 5008 ipsa

303 5021 884 5096 declaraturos,quod
902 5033 1104 5081 contra
1127 5025 1428 5080 dominum
1462 5033 1517 5081 et
1542 5027 1953 5097 imperatorem

299 5127 462 5167 arma
491 5112 804 5184 cepissent.
821 5114 919 5168 Sin
944 5114 994 5168 is
1017 5113 1356 5184 inexpiabili
1386 5113 1688 5170 iracundia
1704 5117 1954 5184 arderet,

296 5200 843 5271 atqueinjuriarum
865 5202 1206 5258 memoriam
1225 5209 1504 5274 perpetuo
1546 5215 1951 5260 conservatam

2063 4042 2270 4107 ’ίππους
2306 4045 2380 4117 μὴ
2413 4041 2542 4098 ποσὶ
2572 4041 2792 4096 κόπτειν
2840 4041 2902 4096 τὸ
2955 4037 3208 4108 δάπεδον,
3274 4037 3405 4112 ἀλλ,
3458 4037 3728 4095 ’ίπτασθαι

2064 4133 2202 4190 κατᾶ
2226 4135 2504 4207 Πήγασον,
2539 4129 2737 4192 αὑτοὺς
2787 4127 2846 4186 δὲ
2902 4128 3132 4206 ἆορασίᾳ
3193 4126 3585 4195 καλύπτεσθαι,
3646 4127 3728 4191 ὡς

2067 4223 2113 4278 εἷ
2160 4223 2262 4292 τήν
2300 4223 2498 4292 κυνέην
2539 4217 2713 4294 ’ᾍδου
2773 4217 3057 4276 ὑπέδυσαν.
3116 4221 3185 4276 Ἦ
3239 4216 3428 4287 πολλή
3489 4217 3614 4274 τότε
3654 4216 3722 4286 ἧν

2066 4311 2248 4376 αύτοῖς
2281 4315 2317 4382 ἡ
2345 4308 2640 4383 δειλανσις,
2689 4310 2781 4366 καὶ
2829 4314 2932 4366 πᾶν
2965 4307 3138 4365 ἐποίει
3187 4307 3281 4364 καὶ
3324 4307 3580 4380 πράττειν
3631 4305 3724 4362 καὶ

2066 4401 2337 4478 εὔχεσθαι.
2373 4399 2548 4459 Ἀλλὰ
2577 4400 2823 4477 καὶπερὶ
2877 4400 2977 4470 τὴν
3041 4399 3279 4478 γέφυραν
3347 4395 3599 4453 πλεῖστοι
3660 4395 3723 4450 ἄν

2064 4491 2455 4551 ἆπολισθόντες
2507 4487 2814 4545 ὁλώλεισαν
2855 4491 2981 4554 ῆτις
3027 4486 3161 4550 καςδι
3235 4488 3300 4542 τὸ
3387 4483 3721 4565 Δαφνούτιον

2065 4583 2400 4656 περιάγεται,
2479 4577 2525 4634 εἳ
2605 4579 2680 4652 μὴ
2755 4597 2840 4640 τις
2915 4577 3114 4638 αὖτοὺς
3195 4573 3470 4631 ἐπεπείκει
3557 4573 3728 4629 καθυ-

2067 4669 2240 4749 φείναι
2313 4675 2414 4738 τῆς
2489 4666 2666 4736 ἀξείας
2741 4672 2921 4745 φυγῆς
2995 4663 3134 4721 κατᾶ
3205 4665 3415 4738 κόσμον
3491 4682 3552 4718 τε
3631 4661 3721 4718 καὶ

2069 4760 2145 4834 μή
2187 4757 2503 4838 ἐπισφαλῶς
2554 4755 2645 4813 διὰ
2689 4764 2790 4828 τῆς
2844 4755 3040 4831 ἁψῖδος
3085 4754 3245 4826 ἱέναι,
3333 4753 3412 4818 εἰς
3494 4750 3724 4826 οὐρανὸν

2065 4851 2341 4912 ἀνατείνας
2425 4848 2518 4910 τὰς
2584 4847 2774 4924 χέῖρας
2822 4847 2914 4902 καὶ
2977 4847 3042 4902 τὸ
3088 4850 3243 4902 Θεῖον
3304 4841 3724 4917 ἐπομοσάμενος

2069 4936 2276 5012 μηδένα
2305 4943 2424 4993 κατ’
2463 4937 2639 4993 αὐτῶν
2682 4936 2888 4992 ἐπιέναι
2947 4933 3224 5008 πολέμιον
3275 4931 3517 5001 ὄπισθεν,
3576 4927 3725 4986 ἀλλὰ

2065 5031 2149 5102 [Ρ.
2226 5030 2352 5102 249]
2430 5026 2600 5083 πάλαι
2679 5025 3132 5102 μεταστραφέντας
3215 5022 3524 5085 παύσασθαι
3621 5025 3720 5086 τῆς

2063 5114 2464 5188 καταϐιώξεως.
2488 5119 2646 5176 Ὅσοι
2679 5113 2771 5171 λέν
2801 5116 2893 5170 οὖν
2925 5115 3026 5182 τήν
3065 5113 3244 5192 τύχην
3294 5114 3429 5181 ἦσαν
3483 5108 3718 5187 φλαῦροι

2063 5209 2155 5264 καὶ
2189 5209 2518 5283 περιπὲζιοι,
2567 5207 2720 5262 οὗτοι
2769 5204 3091 5280 ἀνεπαχθῶς
3150 5202 3240 5257 καὶ
3298 5197 3722 5274 ἀνεπεγκλήτως

293 5306 360 5346 ac
385 5295 480 5345 ira:
499 5289 787 5346 scintillas
811 5294 1192 5348 resuscitatus
1213 5291 1402 5361 vellet,
1437 5311 1499 5348 se
1547 5311 1782 5365 quoque
1805 5311 1946 5350 con-

2066 5297 2312 5372 ἄφίκοντο
2345 5292 2548 5361 οἳκαδε,
2604 5297 2704 5366 τήν
2767 5293 2970 5350 οἰκείαν
3022 5285 3368 5368 παράϐυστον
3432 5289 3718 5359 σώζουσαν

290 5384 559 5445 spectum
581 5381 710 5450 ejus
727 5380 1017 5452 fugituros
1035 5387 1089 5435 ct
1113 5388 1434 5436 extremum
1462 5391 1755 5455 receptum
1793 5388 1944 5458 apud

293 5473 498 5540 gentes
525 5470 1064 5528 Romanisinfestas
1087 5474 1460 5542 quaesituros,
1495 5477 1551 5528 et
1582 5474 1639 5528 in
1659 5474 1951 5533 Romanos

293 5574 356 5614 ea
387 5559 811 5617 commissuros
833 5559 1102 5632 quaaillis
1120 5561 1397 5616 deberent
1448 5564 1516 5618 ad
1565 5580 1713 5634 quos
1747 5568 1950 5621 confu-

293 5650 542 5724 gissent.
571 5648 768 5722 Neque
800 5651 955 5706 enim
988 5665 1114 5708 esse
1147 5667 1384 5720 novum,
1418 5653 1470 5708 si
1509 5638 1641 5724 quis
1683 5671 1824 5711 suos
1858 5656 1949 5711 in-

287 5741 478 5800 festos
502 5741 859 5812 experiatur,
915 5744 980 5798 ut
1031 5739 1288 5798 hostium
1347 5741 1664 5799 amicitiam
1716 5749 1949 5818 expetat

2063 5379 2304 5462 ἔχοντες,
2346 5385 2438 5439 καὶ
2495 5381 2706 5458 μηδένα
2755 5380 2996 5444 δεδιότες
3053 5383 3146 5438 τὸν
3205 5378 3295 5434 ἐπὶ
3351 5383 3432 5452 τῷ
3485 5377 3730 5434 κολάσαι

2063 5473 2483 5550 ἂναδιφήσοντα.
2517 5476 2585 5532 Οἱ
2618 5471 2675 5530 δὶ
2701 5475 2768 5530 τὸ
2807 5474 2964 5550 γένος
3022 5469 3272 5546 λαμπροὶ
3307 5469 3398 5524 καὶ
3459 5467 3730 5542 ἐπίσημοι

2062 5563 2132 5620 δι’
2162 5565 2462 5639 ἡγεμονίαν
2493 5563 2529 5635 ἤ
2559 5564 2857 5641 ἀρχηγίαν,
2906 5562 3062 5617 οὗτοι
3114 5559 3168 5626 ἐς
3221 5559 3420 5636 ἄθρουν
3477 5555 3730 5614 ἁλισθέν-

2058 5675 2146 5716 τες
2206 5655 2485 5732 σύνταγμα
2544 5647 3024 5728 διαπρεσϐιύονται
3097 5649 3335 5726 βασιλεῖ,
3393 5647 3732 5724 συγγνώμην

2061 5743 2336 5809 αἰτοῦντες
2367 5746 2454 5808 οἷς
2485 5743 2792 5814 ἀπέστησαν
2845 5741 2936 5796 ἀπ’
2995 5739 3160 5797 αὐτοῦ
3210 5739 3303 5797 καὶ
3368 5743 3452 5816 τῷ
3494 5737 3714 5794 ἀποστά
