4102 6386
335 416 451 483 ’183

1490 408 1591 468 DE
1636 407 1950 470 lSAACIO
1994 407 2308 471 ANGELO
2354 413 2500 474 LIB.
2550 415 2599 475 Ι.

3648 423 3767 483 τοι

330 581 401 635 τῃ
432 552 917 627 ἰπηκολούθησαν,
958 547 1049 604 καὶ
1084 516 1256 623 ’παρὰ
1316 542 1587 623 βασιλέως
1625 541 1997 635 λαμϐάνοντες

2125 563 2328 621 meque
2358 565 2459 621 pro
2489 550 2698 608 amicis
2730 550 2905 608 colat.
2940 553 3075 618 Quae
3115 570 3247 610 cum
3279 554 3451 625 legati
3485 558 3766 615 submur-

332 649 396 704 τὸ
451 642 785 718 ἀνέγκλητον
841 636 1032 715 ἀγαθοὶ
1088 636 1181 691 καὶ
1237 635 1427 692 πιστοὶ
1466 634 1786 712 θεράποντες
1827 634 1881 696 ἇς
1934 635 1999 689 τὸ

336 734 546 813 μέλλον
581 728 795 795 ἔσεσθαι
847 728 1206 793 συνετίθεντο,
1263 724 1369 782 κάκ
1422 729 1531 780 τῶν
1588 721 1764 799 ἔργων
1820 724 1996 780 αὐτῶν

339 812 621 893 ὑποδεῖξαι
650 822 751 890 τὴν
814 816 1101 891 μετάνοιαν
1158 813 1239 893 ἐφ’
1298 816 1385 877 οἶς
1438 812 1497 868 ἐκ
1553 812 1848 888 παρανοίας
1902 833 2001 868 πε-

334 915 696 990 παρῳνήκασι
763 909 901 964 κατὰ
957 910 1056 963 τοῦ
1121 907 1318 981 κυρίου
1375 903 1647 980 βασιλέως
1701 901 1999 981 ἐφοπλισά-

343 1024 516 1080 μενοι.
554 1001 619 1059 Εἰ
652 999 710 1055 δὲ
758 996 1037 1072 βασιλεὺς,
1097 995 1248 1073 φασὶ,
1300 994 1363 1051 τὸ
1419 1000 1517 1064 τῆς
1576 997 1763 1069 ψυχῆς
1796 992 2005 1065 θυμού-

344 1113 503 1167 μενον
559 1089 818 1146 πλουτῶν
870 1086 1192 1159 ἆμετὲθετον
1249 1084 1349 1140 οὐκ
1405 1083 1658 1159 αὐτῆμαρ
1705 1082 2000 1157 καταπέψει

339 1183 438 1251 τὴν
478 1178 840 1256 ὀργιλότητα,
881 1172 1010 1232 ἀλλ’
1070 1174 1314 1230 ἑσέπειτα
1372 1174 1559 1244 στήσει
1614 1173 1681 1227 τὰ
1735 1173 2000 1246 ἡμαρτη-

347 1272 481 1344 μένα
524 1270 704 1345 σφίσιν
743 1266 951 1336 αὐτοῖς,
1009 1262 1067 1319 δν
1129 1264 1362 1336 ὑπέτυφε
1418 1262 1577 1318 κότον
1638 1261 1714 1325 είς
1771 1268 2002 1331 σπινθῆ-

343 1381 440 1437 ρας
480 1357 853 1435 ἀναρριπίζων
910 1357 1108 1429 θυμοῦ,
1168 1352 1260 1408 καὶ
1318 1350 1476 1408 αὐτοὶ
1524 1354 1839 1425 φευξοῦνται
1898 1351 2003 1406 ἀπὸ

342 1449 641 1525 προσώπου
695 1450 793 1501 τοῦ
858 1441 1130 1520 βασιλέως
1189 1442 1279 1497 καὶ
1338 1442 1430 1496 τὸν
1486 1441 1634 1517 παρᾶ
1691 1446 1808 1525 τοῖς
1876 1439 2005 1517 φιλ-

345 1522 636 1615 εχθροῦσιν
713 1530 885 1599 ἔθνεσι
960 1532 1261 1605 Ῥωμαίοις
1337 1532 1666 1601 ζητήσουσιν
1770 1522 2001 1605 ἔσχατον

346 1628 611 1701 σταθμὸν,
677 1624 898 1680 κάκεῖνα
971 1621 1285 1693 Ῥωμαίους
1343 1618 1665 1697 ἒργάσονται
1743 1620 1841 1674 ὅσα
1916 1619 2002 1680 οἷς

2109 645 2466 707 murassent,
2495 639 2815 711 imperator
2843 641 3196 713 impunitate
3228 645 3501 700 omnibus
3537 664 3769 704 conces-

2107 743 2300 791 sa,eos
2332 729 2433 800 qui
2463 731 2810 787 accedebant
2842 732 3095 804 benigne
3137 742 3442 806 susceptos
3493 738 3768 792 monebat

2111 826 2172 871 ut
2229 819 2585 888 paenitentiae
2635 820 2707 874 ob
2764 821 3047 878 violatum
3101 823 3527 895 jusjurandum
3572 826 3767 881 decla-

2112 906 2309 962 randa:
2337 924 2518 963 causa
2548 910 2941 980 patriarcbam
2995 912 3249 981 adirent,
3308 930 3487 985 seque
3531 915 3768 971 anathe-

2113 1001 2268 1049 mate
2299 996 2443 1051 solvi
2477 1004 2762 1069 peterent,
2811 1017 2925 1071 quo
2976 1018 3010 1055 a
3058 1001 3310 1071 civibus,
3353 1020 3489 1059 cum
3526 1004 3765 1060 illorum

2113 1084 2373 1140 facinora
2394 1102 2464 1140 ex
2491 1088 2753 1144 turribus
2778 1095 3129 1161 spectarent,
3152 1092 3415 1148 obstricti
3440 1098 3653 1150 essent.
3689 1096 3767 1150 Ac

2114 1173 2525 1245 multi,quibus
2544 1176 2746 1248 religio
2768 1179 2929 1235 cordi
2969 1185 3116 1248 erat,
3141 1182 3222 1236 ita
3261 1181 3552 1238 fecerunt:
3575 1183 3768 1240 caeteri

2115 1279 2245 1318 vero
2268 1268 2413 1318 nutu
2438 1265 2643 1335 capitis
2685 1266 2966 1323 duntaxat
3005 1269 3388 1326 admonitioni
3436 1272 3519 1327 illi
3545 1273 3769 1329 assensi

2116 1352 2314 1423 magni
2337 1353 2537 1424 templi
2574 1354 2899 1425 ingressum
2927 1361 2983 1412 et
3012 1358 3434 1415 confessionem
3463 1379 3564 1433 pro
3591 1363 3767 1433 nugis

2115 1441 2477 1510 habuerunt;
2504 1461 2572 1499 ne
2587 1444 2776 1499 dicam
2795 1445 2974 1500 fuisse
2989 1450 3277 1517 quosdam
3297 1449 3651 1520 petulantes,
3667 1452 3767 1522 qui

2114 1548 2246 1587 cum
2265 1532 2559 1600 exiissent,
2588 1534 3001 1603 imperatorem
3035 1538 3340 1591 dcriserint
3371 1543 3427 1593 et
3445 1540 3772 1595 subsanna-

2114 1621 2399 1676 rintnibil
2433 1637 2561 1677 esse
2594 1624 2722 1676 novi
2757 1623 3041 1693 dicentes,
3075 1626 3230 1682 5I0
3262 1626 3311 1681 si
3371 1627 3419 1682 is
3460 1628 3561 1699 qui
3589 1629 3768 1685 sacri-

344 1713 759 1793 προσερῥύησαν
827 1711 954 1786 δρᾷν
1023 1704 1282 1790 ὤφειλον,
1351 1709 1465 1764 ἐπεὶ
1538 1705 1679 1782 μηδὲ
1733 1709 1915 1764 καινὸν
1958 1707 2003 1763 εί

2125 1709 2324 1765 ἃουιυε
2350 1710 2488 1766 olim
2507 1712 2888 1784 fuisset(nam
2907 1712 2965 1768 id
2979 1713 3152 1769 etiam
3169 1715 3218 1769 ei
3245 1714 3475 1772 crimini
3498 1716 3768 1787 dabatur)

348 1802 528 1882 διψῴη
558 1824 643 1865 τις
672 1802 764 1858 τὸν
798 1797 1097 1855 ἀντίπαλον
1155 1801 1246 1853 και
1292 1797 1617 1854 κολακεύσει
1674 1798 1888 1854 τουτονί
1930 1797 2002 1858 ὡς

351 1895 560 1973 φίλιον,
590 1896 682 1948 τὸν
716 1892 917 1946 οἰκεῖον
975 1888 1238 1962 εὑρίσκων
1287 1891 1574 1962 πολέμιον.
1607 1889 1789 1947 Ταῦτα
1819 1889 1874 1942 οἱ
1909 1888 2003 1960 μὲν

353 1977 608 2058 πρέσϐεις
667 1979 1107 2053 ὑπετονθόρυσαν”
1171 1978 1426 2053 βασιλεὺς
1494 1975 1553 2032 δὶ
1608 1982 1768 2032 πᾶσιν
1825 1976 2004 2049 ἀμνη-

2117 1799 2263 1872 ipsis
2285 1799 2460 1856 etiam
2486 1815 2553 1855 ea
2585 1802 2979 1870 przescriberet
3014 1819 3140 1874 quae
3168 1820 3202 1859 a
3233 1819 3412 1875 puero
3446 1805 3768 1862 didicisset.

2116 1888 2283 1945 Multi
2314 1889 2416 1960 qui
2472 1890 2544 1945 ad
2599 1891 2853 1945 Asanem
2913 1896 2971 1947 et
3006 1891 3243 1948 Petrum
3288 1911 3351 1949 se
3380 1896 3770 1961 contulerant,

2118 1977 2293 2049 paulo
2322 1986 2452 2049 post
2479 1980 2846 2050 imperatoris
2876 1980 3088 2037 litteris
3122 1982 3368 2040 revocati
3404 1990 3563 2040 sunt.

356 2073 513 2127 στίαν
570 2065 880 2142 ἐϐράϐευσε,
935 2068 1023 2123 καὶ
1084 2067 1209 2130 τοὺς
1286 2068 1611 2144 προσιόντας
1678 2066 1918 2140 εὐμενῶς
1983 2062 2431 2140 προσδεχόμενος
2493 2065 2720 2140 παρῄνει
2801 2068 3107 2141 μετάμελον
3177 2069 3266 2124 ἐπὶ
3331 2075 3400 2144 τῇ
3468 2066 3772 2145 παραϐάσει

352 2167 460 2217 τῶν
527 2159 665 2230 πρὸς
732 2158 890 2214 αὐτὸν
956 2158 1375 2233 ὀμωμοσμένων
1452 2154 1834 2226 ἐνδείκνυσθαι,
1893 2155 1982 2211 καὶ
2042 2157 2289 2231 ἀρχιερεῖ
2357 2156 2675 2211 ὀπτάνεσθαι
2739 2162 2818 2230 τῷ
2889 2159 3139 2231 μεγάλῳ,
3206 2159 3298 2213 καὶ
3376 2165 3559 2229 ζητεῖν
3627 2160 3772 2216 ἐκεῖ·

349 2260 438 2313 θεν
501 2248 657 2304 λύσιν
714 2252 812 2302 τοῦ
865 2247 1198 2320 ἁναθὲματος
1258 2248 1407 2322 ᾧπερ
1458 2245 1655 2310 αὐτοὺς
1714 2246 1766 2300 οἱ
1824 2252 1921 2314 τῆς
1980 2245 2198 2307 πόλεως
2276 2244 2565 2320 οἰκήτορες
2646 2241 3049 2318 καθυπέϐαλον,
3111 2247 3311 2312 ἄνωθεν
3371 2248 3600 2311 ἑστῶτες
3660 2254 3774 2305 τῶν

349 2334 742 2415 πυργοϐάρεων
773 2338 862 2395 καὶ
893 2340 961 2394 τὰ
1012 2340 1141 2413 παρ’
1172 2335 1347 2394 atra,»
1401 2337 1664 2411 θεώμενοι
1724 2333 1996 2411 δρωμενα.
2056 2336 2161 2393 Καὶ
2218 2334 2425 2392 πολλοὶ
2482 2340 2561 2408 τῷ
2620 2336 2934 2413 πατριάρχῃ
2968 2338 3380 2412 προσήλθοσαν,
3420 2339 3574 2402 ὅσοις
3631 2340 3769 2403 τέως

344 2427 634 2495 εὐλαϐείας
706 2434 895 2505 μεθῆν·
967 2433 1020 2486 οἱ
1084 2428 1146 2486 ’δ’
1212 2428 1381 2486 ἄλλοι
1436 2433 1504 2504 τῇ
1571 2429 1882 2485 κατανεύσει
1947 2435 2048 2498 τῆς
2111 2427 2354 2507 κεφαλῆς
2429 2429 2492 2482 τὸ
2565 2430 2731 2503 πέρας
2769 2436 2871 2499 τῆς
2908 2430 3294 2504 παραιφάσεως
3343 2434 3766 2506 συμμετρῆσαν-

341 2543 430 2585 τες
497 2523 571 2584 ὡς
635 2521 808 2597 λῆρον
876 2524 1157 2599 ἡγήσαντο
1212 2523 1313 2590 τήν
1374 2520 1454 2581 εἲς
1511 2521 1603 2575 τὸν
1677 2517 1840 2595 μέγαν
1903 2519 2035 2574 νεὼν
2095 2518 2270 2595 ἄφιξίν
2326 2540 2384 2575 τε
2432 2520 2521 2574 καὶ
2590 2519 2946 2595 ἐξαγόρευσιν.
2980 2523 3089 2579 Ἐὦ
3136 2522 3241 2597 γὰρ
3275 2522 3453 2595 λέγειν
3487 2524 3560 2585 ὡς
3625 2525 3762 2592 ἦσαν

348 2610 401 2668 οἳ
456 2617 566 2668 τῶν
625 2610 943 2668 ἀτασθάλων
994 2612 1129 2685 μετά
1183 2614 1283 2681 τὴν
1344 2608 1404 2665 ἐκ
1459 2610 1758 2685 προσώπου
1814 2613 1911 2664 τοῦ
1983 2606 2258 2683 βασιλέως
2317 2606 2581 2678 ἐξέλευσιν
2642 2607 2997 2685 διεχλεύαζον
3056 2610 3218 2666 αὐτὸν
3297 2613 3386 2666 καὶ
3456 2610 3765 2685 ἐξεμυκτή-

348 2707 522 2779 ριζον,
549 2702 638 2756 καὶ
671 2702 735 2756 ού
766 2701 947 2755 καινὸν
997 2697 1181 2774 ἔλεγον
1232 2700 1278 2754 εἰ
1324 2704 1439 2772 Θεῷ
1488 2694 1752 2771 πρότερον
1806 2698 2139 2767 κληρωθεῖς,
2199 2695 2313 2752 ἐπεὶ
2362 2699 2449 2752 καὶ
2501 2703 2664 2754 τοῦτο
2715 2694 3204 2770 προσοιεϐέϐλητο,
3240 2699 3417 2757 ἐκεῖνα
3445 2704 3533 2756 καὶ
3582 2704 3769 2763 αὐτοῖς

357 2792 644 2869 ὑφηγεῖται
676 2794 767 2845 νῦν
804 2791 977 2844 ὁπόσα
1009 2787 1074 2859 δὴ
1103 2791 1191 2844 καὶ
1226 2788 1276 2859 ἐξ
1304 2786 1511 2857 ἐφήϐου
1544 2785 1874 2843 δεδίδακται.
1911 2786 2124 2841 Πολλοὶ
2150 2784 2207 2842 δὲ
2254 2787 2341 2842 καὶ
2381 2792 2460 2859 τῷ
2504 2789 2665 2845 Ἀσὰν
2703 2792 2793 2844 καὶ
2822 2788 2902 2861 τῷ
2936 2790 3120 2865 Πέτρῳ
3144 2789 3580 2865 προσεῤῥύησαψ
3615 2789 3763 2846 ἀλλᾶ

342 2882 431 2938 καὶ
466 2881 616 2936 οὗτοι
645 2879 930 2955 γράμμασι
968 2879 1274 2954 βασιλικοῖς
1319 2879 1454 2952 μετᾶ
1487 2878 1681 2951 μικρὸν
1723 2875 2115 2946 ἐπανήλθοσαν.

418 2971 468 3026 ι’.
525 2968 708 3026 ’Ἄλλο
774 2966 820 3023 δ’
878 2967 966 3023 ἐπὶ
1023 2968 1240 3029 τούτοις
1298 2965 1787 3041 παρηκολούθησεν
1844 2961 2001 3039 ἔργον

345 3058 829 3135 παραλογώτατον·
901 3059 928 3113 ὁ
996 3059 1100 3136 γὰρ
1182 3056 1437 3131 βασιλεὺς
1514 3062 1673 3112 πᾶσιν
1751 3052 2006 3110 ἐνέδωκεν

347 3147 589 3223 ἀτεχνῶς
670 3149 925 3210 ἀστυκοῖς
982 3167 1039 3201 τε
1119 3146 1210 3202 καὶ
1289 3144 1645 3222 ἀλλοχώροις
1705 3143 2005 3220 διεχεῖσθαι

346 3239 435 3293 καὶ
493 3244 673 3300 κακῶς
726 3235 852 3314 δρᾷν
913 3237 1106 3293 ὀπόσοι
1164 3237 1301 3312 πρὸς
1378 3240 1583 3310 Βρανᾶν
1656 3236 2007 3310 μετετάξαντο

337 3332 451 3405 τῶν
504 3348 563 3383 τε
618 3328 795 3406 ἀγχοῦ
851 3334 954 3396 τῆς
1010 3326 1227 3387 πόλεως
1283 3327 1525 3400 ἀγροτῶν
1585 3325 1674 3380 γαὶ
1734 3330 1839 3381 τῶν
1907 3327 2008 3393 τὴν

345 3415 689 3493 Προποντίδα
738 3413 1027 3491 λαχόντων
1088 3415 1166 3477 εἰς
1222 3412 1461 3485 οἷ’κησιν.
1513 3414 1617 3470 Καὶ
1647 3415 1750 3483 τὴν
1787 3416 1881 3488 μὲν
1910 3421 2009 3481 τῆς

348 3506 558 3582 ἡμέρας
612 3503 821 3576 ἐκείνης
901 3500 1164 3578 διάδοχον
1236 3501 1403 3559 νύκτα
1475 3505 1593 3558 καθ’
1651 3505 1719 3574 ἢν
1798 3506 2009 3574 Βρανᾶς

348 3596 743 3670 κατηγώνιστο,
814 3591 1011 3649 ἐνίεται
1074 3597 1194 3657 ταῖς
1272 3589 1471 3652 οῗκίαις
1543 3596 1653 3647 τῶν
1732 3588 2012 3662 δυστήνων

350 3685 705 3763 Προποντίων
754 3684 817 3740 τὸ
880 3685 968 3755 ίΡ.
1002 3685 1128 3755 250]
1197 3682 1357 3759 ὑγρὸν
1418 3685 1548 3757 πῦρ,
1612 3680 1642 3736 δ
1698 3686 1815 3742 τοῖς
1882 3683 2010 3735 στέ-

351 3797 539 3854 γουσιν
600 3772 866 3849 ἱφυπνοῦν
928 3772 1137 3827 σκεύεσι
1196 3772 1334 3827 κατὰ
1388 3771 1483 3834 τὰς
1539 3771 1819 3845 ἀστραπὰς
1867 3768 2013 3841 ἐξαί-

354 3884 491 3942 φνης
549 3861 780 3939 προΐησι
835 3860 902 3916 τὰ
954 3857 1234 3932 έξάλματα
1317 3858 1407 3915 καὶ
1466 3862 1690 3933 πιμπρᾷ
1754 3861 1877 3922 καθ’
1942 3858 2015 3912 ὧν

354 3949 671 4009 διεκπῖπτον
750 3950 984 4029 ἀφίεται.
1045 3952 1122 4007 Τὸ
1184 3946 1241 4005 δὲ
1301 3944 1507 4026 λάϐρον
1584 3947 1820 4022 ἔμπεσον
1897 3953 2014 4011 τοῖς

355 4040 682 4122 δρυφάκτοις
759 4038 1139 4117 ἐπυρπόλησεν
1213 4040 1351 4094 ἅπαν
1453 4035 1833 4112 οἲκοδόμημα,
1912 4037 2018 4093 εἷ’τε

350 4131 578 4206 τέμενος
644 4136 805 4187 τοῦτο
874 4131 1026 4207 ἅγιον
1103 4130 1170 4199 ἦν
1245 4128 1353 4185 εἲτε
1421 4134 1669 4202 σεμνεῖον
1735 4128 1879 4202 ἱερὸν
1910 4126 2019 4183 εἲτε

355 4219 568 4293 οἴκημα
643 4217 944 4273 ἴδιωτικόν·
1024 4219 1113 4273 καὶ
1208 4221 1306 4273 τοῦ
1380 4221 1550 4273 κακοῦ
1625 4219 1771 4291 παρὰ
1844 4223 2017 4272 πᾶταν

358 4306 581 4377 δόκησιν
630 4306 955 4372 ἐπελθόντος
1004 4310 1064 4365 ού
1128 4307 1293 4383 μόνον
1363 4307 1431 4362 τὰ
1492 4302 1737 4381 μέλαθρα
1792 4307 1854 4361 τὸ
1913 4309 2020 4381 πῦρ

358 4394 648 4469 ἐπενέμετο
679 4397 768 4451 καὶ
802 4399 835 4467 ἡ
872 4396 1007 4475 φλὸξ
1046 4401 1246 4472 μικροῦ
1294 4395 1532 4473 διεῖρπεν
1580 4395 1840 4471 αἰθέριος,
1874 4395 2019 4452 ἀλλὰ

356 4487 449 4543 καὶ
478 4487 575 4549 τὰς
633 4486 819 4552 οὐσίας
874 4482 1198 4545 ἐπεϐόσκετο
1249 4492 1360 4544 τῶν
1418 4486 1746 4561 ἀνθρώπων,
1797 4483 2021 4547 οὐδενὸς

359 4577 600 4653 ἁρπάσαι
655 4598 707 4632 τι
765 4579 853 4633 καὶ
919 4585 1255 4655 μετενεγκεῖν
1309 4576 1541 4658 ἔχοντος
1591 4577 1636 4632 εἰ
1673 4578 1749 4652 μὴ
1782 4576 1882 4633 ὅσα
1910 4580 2019 4631 τῶν

363 4667 669 4743 χρημάτων
732 4663 1026 4742 εὒάγκαλα.
1080 4668 1229 4725 Κατὰ
1286 4665 1344 4723 δὲ
1401 4670 1500 4737 τὴν
1566 4668 1680 4740 μετ’
1741 4667 1908 4737 αὐτὴν
1948 4662 2022 4720 ἓω

360 4753 549 4828 ἔξεισιν
608 4756 683 4819 ὡς
743 4755 803 4810 ἐκ
858 4755 1251 4829 προσκλήσεως
1307 4756 1371 4812 τὸ
1430 4755 1718 4812 Λατινικὸν
1777 4756 2025 4828 στῖφοςδ

359 4850 442 4920 τῷ
480 4842 756 4921 Κοῤῥάδῳ
813 4845 1045 4918 Καίσαρι
1106 4846 1455 4901 συνετέτακτο
1512 4845 1601 4899 καὶ
1652 4844 1713 4899 τὸ
1767 4842 2022 4918 ἀγελαῖον

359 4936 452 4992 καὶ
481 4939 775 5012 πτωχεῦον
808 4933 1023 5003 πλῆθος
1055 4939 1155 5001 τῆς
1197 4930 1440 5004 πόλεως,
1473 4934 1562 4988 καὶ
1603 4935 1671 4987 τὰ
1713 4933 1867 5007 πέριξ
1909 4930 2025 4987 δια-

360 5024 682 5103 δραμόντες,
707 5027 759 5081 οί
793 5026 889 5099 μὲν
931 5020 1011 5079 ἔτι
1068 5022 1136 5078 τὰ
1192 5022 1341 5078 ὅπλα
1379 5023 1655 5099 φέροντες,
1690 5024 1742 5078 οἱ
1776 5022 1823 5079 δ’
1852 5026 2025 5094 ἂμυν-

354 5118 536 5191 τηρίῳ
584 5120 665 5188 τῷ
716 5110 1098 5189 παρευρεθέντι
1160 5112 1467 5190 χρώμενοι,
1500 5111 1553 5167 τί
1584 5113 1678 5184 μὲν
1711 5110 1818 5185 οὐχ
1842 5112 2028 5186 ἣρπα-

358 5226 476 5277 σαν,
536 5203 589 5260 τί
647 5201 705 5258 δὲ
767 5202 1043 5278 χείριστον
1132 5200 1231 5256 οὐκ
1316 5199 1689 5277 εἶργάσαντο;
1749 5199 2028 5272 οἰκήματα

356 5296 718 5370 κατήρειψαν,
779 5294 869 5349 τὸν
930 5286 1077 5347 ἔνδον
1137 5288 1379 5346 πλοῦτον
1440 5285 1859 5366 περιεϐάλοντο,
1908 5286 2028 5363 ἰερὰ

360 5384 732 5460 ἆνηρεύνησαν
791 5382 1204 5458 φροντιστήρια,
1264 5376 1472 5436 ἔπιπλα
1539 5380 1831 5458 ἀφείλοντο
1889 5400 2025 5435 παν-

363 5479 497 5549 αγῆ,
545 5473 708 5542 σκεύη
766 5471 925 5544 τίμια
983 5464 1359 5541 ὲϐεϐήλωσαν,
1421 5473 1634 5542 σεμνῶν
1680 5467 2023 5542 μοναζόντων

365 5563 467 5619 οὐκ
520 5558 825 5636 ᾐδέσθησαν
874 5558 1095 5630 πολιὰν,
1181 5559 1399 5634 ἀρετῆς,
1475 5560 1541 5629 ἢν
1608 5559 1698 5613 καὶ
1755 5554 2025 5630 πολέμιος

352 5649 485 5708 ὀἶδε
538 5653 724 5724 τιμᾷν,
784 5647 1092 5726 ἠλόγησαν,
1149 5653 1238 5703 καὶ
1287 5645 1379 5705 ’ίνα
1430 5648 1499 5704 τὰ
1535 5646 1721 5704 πολλὰ
1754 5644 2023 5719 συντέμω,

371 5748 545 5802 π’ἆσαν
600 5738 837 5797 κάκωσιν
897 5741 1016 5806 καθ’
1073 5739 1148 5796 ὧν
1208 5737 1439 5818 ἰπῄεσαν
1488 5735 1847 5813 ἐπεδείξαντο.
1880 5736 2027 5797 Πολ-

2190 2968 2275 3023 10.
2310 2972 2448 3023 Post
2478 2969 2597 3025 haec
2630 2971 2964 3040 imperator,
2997 2971 3147 3040 quod
3186 2971 3344 3026 haud
3392 2971 3535 3027 satis
3567 2971 3771 3026 mirari

2117 3058 2619 3129 queas,ccncessit
2648 3060 2923 3114 omnibus
2953 3066 3072 3115 tam
3107 3059 3329 3115 civibus
3389 3077 3565 3130 quam
3612 3077 3775 3132 pere-

2117 3147 2326 3220 grinis,
2361 3153 2424 3202 ut
2457 3148 2599 3204 urbe
2630 3148 2796 3203 eii‘usi
2845 3165 3049 3204 omnes
3102 3165 3200 3204 eos
3261 3150 3408 3204 male
3456 3154 3774 3206 tractarent

2118 3237 2217 3308 qui
2251 3238 2319 3291 ad
2358 3237 2604 3292 Branam
2640 3238 2988 3301 defecerant,
3023 3238 3418 3306 suburbanos,
3452 3238 3674 3295 villicos
3713 3242 3771 3295 et

2116 3324 2488 3397 Propontidis
2522 3325 2763 3382 incolas.
2799 3325 2993 3395 anue
3032 3330 3201 3380 nocte
3249 3342 3377 3396 quas
3432 3327 3630 3382 Brants
3678 3326 3771 3381 in-

2116 3416 2353 3470 teritum
2387 3421 2704 3472 consecuta
2732 3420 2840 3481 est,
2899 3415 3134 3472 Grecus
3187 3415 3342 3488 ignis
3400 3417 3668 3473 aediﬁciis
3691 3420 3767 3472 ad

2115 3502 2331 3558 fretum
2360 3504 2492 3560 sitis
2520 3504 2807 3576 injicitur,
2843 3506 2941 3577 qui
2976 3506 3036 3560 in
3068 3505 3222 3561 vasis
3250 3505 3538 3575 occultus,
3572 3507 3767 3563 subito

2120 3592 2370 3664 lulguris
2394 3594 2577 3649 instar
2607 3594 2888 3661 emicans,
2914 3595 3113 3650 omnia
3153 3612 3281 3665 quae
3338 3596 3646 3666 contigerit
3674 3597 3764 3651 in-

2119 3681 2329 3738 cendit.
2365 3681 2473 3748 Qui
2505 3699 2640 3737 cum
2674 3683 2731 3737 in
2767 3682 3032 3738 tabulata
3063 3683 3386 3751 incidisset,
3409 3684 3606 3739 omnia
3637 3684 3780 3739 aedi-

2120 3770 2253 3825 ficia
2282 3776 2400 3825 tam
2435 3787 2601 3825 sacra
2631 3787 2804 3839 quam
2840 3770 3105 3842 profana,
3155 3776 3275 3826 tam
3337 3771 3563 3842 privata
3592 3786 3772 3842 quam

2124 3858 2356 3931 publica
2387 3859 2666 3915 incendit.
2713 3859 2771 3914 Id
2810 3859 3029 3914 malum
3063 3876 3197 3914 cum
3235 3866 3440 3931 praeter
3480 3868 3777 3933 exspecta-

2126 3950 2340 4005 tionem
2367 3949 2820 4018 accidisset,non
2850 3950 3001 4004 mdes
3036 3951 3205 4005 modo
3230 3949 3467 4004 ﬂamma
3498 3950 3555 4005 in
3591 3950 3779 4006 altum

2125 4038 2276 4095 elata
2292 4040 2391 4094 sed
2408 4041 2583 4095 etiam
2599 4040 2749 4095 bona
2766 4039 3112 4096 miserorum
3130 4039 3503 4105 absumebat,
3521 4056 3653 4096 cum
3688 4041 3785 4096 ni-

2128 4128 2209 4183 hil
2234 4128 2456 4198 eripere
2478 4134 2581 4184 aut
2596 4129 2907 4184 transferre
2922 4133 3163 4198 possent
3178 4129 3287 4183 nisi
3307 4145 3480 4199 parva
3494 4134 3759 4200 quaedam
3772 4173 3786 4186 .

2130 4216 2418 4273 Postridie
2441 4233 2612 4272 mane
2647 4215 2852 4271 Latina
2906 4215 3113 4272 cohors
3162 4216 3408 4271 Conradi
3456 4217 3697 4273 Caesaris
3728 4224 3788 4274 et

2132 4307 2470 4379 promiscua
2497 4313 2553 4362 et
2584 4306 2939 4378 paupercula
2966 4307 3139 4362 turba
3171 4307 3313 4361 urbe
3363 4308 3681 4379 egreditur.
3712 4307 3781 4363 Hi

2132 4394 2611 4466 cireumjaeentia
2634 4395 2779 4451 5M
2812 4394 3009 4449 omnia
3035 4393 3349 4466 pervagati,
3366 4393 3576 4467 partim
3593 4395 3784 4450 adhuc

2134 4484 2364 4553 armati,
2393 4484 2601 4554 partim
2636 4482 2772 4538 telis
2799 4483 2985 4539 obiter
3033 4483 3301 4555 arreptis,
3355 4486 3496 4556 quid
3558 4502 3672 4542 non
3705 4502 3792 4541 ra-

2055 4544 2103 4606 θ
2135 4544 2438 4647 ριιθτυιίίῩ
2468 4590 2583 4645 quo
2597 4572 2812 4630 scelere
2836 4544 3787 4644 abstinuerunt?’diruerunt¢sdes,

2135 4681 2273 4735 opes
2310 4664 2702 4736 diripuerunt,
2765 4665 3117 4719 monasteria
3170 4664 3412 4719 scrutati
3459 4664 3793 4736 suppellec—

2138 4754 2262 4810 tilia
2284 4760 2658 4809 sacrosancta
2690 4752 3079 4822 abstulerunt,
3112 4769 3250 4807 vasa
3296 4753 3553 4824 pretiosa
3594 4754 3790 4824 profa—

2142 4843 2765 4909 narunt,venerabilem
2794 4842 3213 4899 monachorum
3266 4845 3626 4897 senectutem
3674 4858 3789 4898 non

2138 4933 2367 4988 reveriti
2392 4940 2563 4989 sunt:
2585 4933 2857 4988 virtutem
2886 4949 3061 5004 quam
3095 4930 3285 4987 hostis
3316 4930 3493 4987 etiam
3526 4932 3789 4988 venerari

2138 5021 2735 5093 solet,neglexerunt;
2768 5023 3021 5093 denique
3053 5038 3123 5076 ne
3157 5022 3268 5076 sim
3308 5018 3602 5092 prolixior,
3625 5038 3791 5077 omne

2139 5112 2423 5168 malorum
2457 5127 2644 5182 genus
2674 5111 2934 5181 quolibet
2984 5126 3183 5166 secum
3243 5108 3591 5166 attulerunt.
3625 5111 3790 5167 Multi

2138 5201 2287 5272 quod
2313 5201 2386 5255 ob
2409 5200 2793 5270 direptionem
2810 5199 3017 5253 mdium
3034 5216 3278 5254 suarum
3295 5206 3791 5268 murmurassent,

2138 5289 2315 5346 occisi
2349 5298 2504 5346 sunt.
2544 5292 2624 5345 Ac
2654 5306 2721 5345 ea
2752 5289 3060 5346 calamitas
3089 5288 3266 5346 latius
3297 5296 3507 5362 vagata
3566 5306 3630 5345 ac
3662 5292 3793 5345 diu-

2139 5381 2259 5436 tius
2290 5387 2346 5438 et
2377 5381 2644 5436 acerbius
2667 5383 2931 5449 grassata
2962 5386 3137 5447 esset,
3184 5379 3297 5434 nisi
3348 5381 3586 5450 quidam
3632 5380 3794 5451 gravi

2138 5471 2333 5526 dolore
2361 5469 2641 5524 commoti
2672 5485 2799 5524 eam
2836 5468 3142 5524 audaciam
3176 5467 3512 5540 imperatori
3534 5469 3792 5525 indicas-

2138 5565 2288 5629 sent,
2332 5575 2586 5630 eumque
2627 5557 3021 5629 perpulissent
3074 5563 3138 5612 ut
3191 5557 3322 5613 viris
3372 5557 3667 5613 nobilibus
3733 5561 3793 5613 et

2136 5651 2417 5722 dignitate
2447 5648 2864 5720 praestantibus
2883 5648 3084 5703 missis
3108 5648 3575 5719 importunorum
3597 5646 3788 5703 homi-

2137 5755 2280 5797 num
2310 5738 2595 5813 impetum
2625 5734 3022 5810 repressisset.
