4102 6402
297 342 414 400 755

1623 332 1935 394 ΝΙΟΕΤᾹΞ
1979 331 2404 394 CHONIATIE

3619 330 3742 390 786

297 469 387 528 λοὶ
418 467 478 526 δὲ
508 467 600 526 καὶ
631 468 712 524 ὅτι
744 473 850 524 τῶν
883 466 1004 523 κατ’
1031 466 1178 522 οἶκον
1211 465 1628 536 σκυλευομένων
1660 464 1970 537 ὑπέμυξαν,
2020 463 2248 527 θάνατον
2299 464 2520 540 εὕραντο
2560 466 2623 522 τὸ
2665 465 2950 538 ζημίωμα.
2984 462 3272 540 Προόκοψε
3301 460 3348 518 δ’
3379 461 3438 518 ἃν
3475 463 3538 518 τὸ
3568 459 3738 518 δεινὸν

295 561 388 616 καὶ
444 559 810 636 χρονιώτερον
865 558 1088 636 γεγονὸς
1148 555 1304 626 ὣφθη
1361 555 1452 609 καὶ
1501 553 1988 629 περιαλγέστερον,
2038 553 2083 607 εἰ
2147 556 2223 626 μή
2265 575 2407 616 τινες
2459 555 2830 630 ἀνενεγκόντες
2887 557 3108 630 βασιλεῖ
3163 554 3228 608 τὰ
3284 551 3591 625 τελούμενα
3645 553 3733 607 καὶ

312 649 810 725 βαρυαλγήσαντες,
841 647 914 708 ὡς
946 647 1112 710 εἰκὸς,
1147 644 1402 714 ὑπένυξαν
1435 643 1572 718 πρὸς
1605 639 1916 717 διόρθωσιν.
1955 641 2056 699 Καὶ
2090 643 2309 703 στείλας
2343 643 2499 706 εὐθύς
2529 665 2677 709 τινας
2721 649 2826 699 τῶν
2873 647 2989 698 κατ’
3029 642 3243 714 ἀξίωσιν
3277 642 3367 696 καὶ
3395 645 3551 716 γένος
3581 661 3739 718 περι-

303 743 487 817 φανῶν
513 736 787 794 ἂνέστειλὲ
817 757 879 792 τε
901 741 995 796 τὰς
1021 739 1130 790 τῶν
1161 733 1406 790 ἂτάκτων
1439 732 1638 806 ὁρμὰς,
1671 731 1760 786 καὶ
1810 731 2107 802 κατέληξεν
2151 732 2329 795 αὕτως
2376 732 2478 807 aet
2526 753 2660 788 ποτε
2690 733 2758 787 τά
2794 733 2871 795 εἰς
2923 731 3056 808 μέγα
3091 731 3254 807 μέρος
3285 732 3597 808 ἀφανισμοῦ
3624 735 3732 787 τῶν

305 828 486 884 ἐκεῖσε
523 826 887 900 τολμώμενα.

373 927 491 983 ΙΙοο
515 927 687 982 modo
701 925 1030 981 vastatione
1045 941 1268 994 magnai
1282 923 1956 995 partissuburbanorum
1991 924 2041 988 Α

301 1016 679 1072 edificiorum
716 1015 804 1070 vix
837 1014 1074 1069 tandem
1103 1015 1288 1078 finita,
1323 1018 1378 1068 et
1395 1013 1467 1068 ab
1492 1012 1832 1068 hominibus
1859 1012 1960 1082 qui

301 1105 552 1161 aliorum
589 1104 761 1160 malis
783 1104 1126 1158 afﬁciuntur
1147 1102 1238 1157 vix
1261 1101 1404 1158 satis
1429 1101 1622 1157 adhuc
1663 1101 1964 1173 deplorata

302 1195 536 1264 opiﬁces
560 1191 794 1257 urbani,
823 1193 922 1264 qni
956 1208 1024 1247 ea
1045 1207 1174 1264 qua:
1199 1191 1320 1262 jam
1354 1191 1594 1262 exposui
1647 1207 1758 1246 non
1807 1187 1962 1246 512

303 1289 646 1356 probarunt,
671 1300 786 1337 non
821 1283 1127 1336 ferendum
1161 1297 1290 1335 esse
1323 1283 1427 1334 rati
1460 1281 1608 1344 quod
1638 1279 1824 1334 Latini
1849 1296 1962 1333 non

299 1373 478 1429 modo
510 1373 687 1426 libere
735 1377 792 1424 et
836 1370 1156 1424 insolenter
1193 1369 1481 1436 jactarent
1523 1371 1767 1420 Brannm
1825 1383 1855 1418 a
1903 1381 1963 1418 se

303 1461 659 1518 debellatum
682 1459 940 1527 esse,sed
974 1459 1051 1512 eti
1075 1474 1150 1510 tm
1183 1457 1630 1510 tnsuburbanes
1673 1454 1964 1511 Romanos

302 1549 754 1606 intolerabiliter
782 1545 1032 1620 grassati
1065 1552 1282 1610 essent,
1333 1545 1392 1598 in
1438 1543 1706 1599 cohortes
1728 1548 1786 1597 et
1817 1543 1964 1612 pha-

304 1638 510 1711 langcs
540 1636 850 1693 centuriati
885 1636 1076 1690 instar
1115 1634 1338 1690 hiberni
1387 1633 1664 1688 torrentis
1698 1635 1758 1686 tn
1809 1630 1963 1685 Lati‘

307 1741 519 1783 norum
543 1727 698 1780 aedes
721 1725 972 1780 irruunt.
988 1723 1173 1794 Igitur
1197 1721 1452 1776 confusae
1475 1733 1646 1776 voces
1669 1735 1782 1776 non
1799 1717 1968 1775 aliter

301 1830 491 1888 quam
523 1813 800 1886 gregibus
830 1827 1039 1884 gruum
1073 1817 1167 1865 aut
1199 1809 1572 1881 graculorum
1621 1808 1964 1881 obstrepen-

305 1901 991 1968 tibue,autvenatoribus
1015 1901 1296 1956 latratum
1317 1915 1530 1955 canum
1557 1897 1964 1967 incitantibus,

307 2006 503 2048 aerem
523 1989 873 2062 implebant,
906 1993 1087 2061 atque
1121 1986 1218 2042 alii
1247 1987 1393 2044 alios
1415 1987 1628 2043 tunicis
1659 1985 1965 2057 prehensis

305 2079 692 2153 instigabant.
725 2079 904 2135 Nemo
935 2078 1016 2134 ibi
1039 2077 1384 2134 audiebatur
1439 2077 1542 2148 qui
1595 2091 1794 2147 pacem
1827 2093 1895 2131 su
1909 2093 1964 2131 ι-

307 2169 484 2227 debat
512 2187 526 2224 :
558 2183 764 2224 omnes
796 2171 858 2222 ut
889 2167 1121 2238 aspides
1150 2183 1322 2222 aures
1360 2166 1733 2233 obturabant,
1767 2181 1840 2219 ne
1869 2180 1963 2220 sa-

2149 917 2309 974 ’Δλλ’
2347 915 2501 974 οὔπω
2542 923 2710 974 ταῦτα
2763 916 3149 992 διετεθρήνητο
3205 913 3448 991 ἀκριϐῶς
3501 919 3730 982 ὁπόσοις

2069 1011 2177 1062 τῶν
2236 1007 2536 1083 ἀνθρώπων
2591 1007 2746 1084 ψυχὴ
2808 1006 3098 1084 φίλοικτος
3147 1007 3237 1062 καὶ
3295 1009 3356 1062 τὸ
3417 1006 3585 1082 δάκρυ
3613 1015 3734 1073 ταῖς

2069 1101 2176 1152 τῶν
2233 1097 2566 1174 πασχόντων
2645 1094 2929 1154 ἀναπιδύει
3009 1095 3337 1171 θερμότερον
3398 1103 3732 1175 συμφοραῖς,

2071 1187 2170 1242 καὶ
2209 1188 2273 1243 τὸ
2303 1195 2403 1258 τῆς
2443 1187 2662 1249 πόλεως
2721 1186 3144 1264 χειρωνακτικὸν
3200 1185 3290 1240 καὶ
3353 1187 3474 1241 ὅσον
3509 1187 3571 1242 οὗ
3604 1206 3734 1242 συν-

2077 1275 2411 1346 επευδόκησε
2468 1284 2584 1339 τοῖς
2649 1277 2873 1340 λοιποῖς
2925 1277 3010 1332 ἐπὶ
3058 1276 3126 1331 τὰ
3155 1273 3484 1350 ἱστορημένα
3511 1273 3622 1344 ἢδη
3652 1280 3732 1349 τῷ

2075 1365 2254 1438 λέγειν
2291 1388 2408 1440 μοι,
2443 1364 2620 1422 δεινὸν
2664 1367 3012 1444 ἡγησάμενοι
3065 1365 3112 1420 εἷ
3159 1365 3272 1438 οὐχ
3316 1364 3466 1425 ’ὁπως
3519 1361 3736 1418 ἐλευθε-

2077 1461 2412 1528 ροστομοῦσι
2471 1460 2699 1509 Λατῖνοι
2754 1455 2843 1508 καὶ
2906 1453 3255 1528 βρενθῦονται
3311 1458 3390 1526 τῷ
3441 1453 3532 1507 ὑπ’
3558 1451 3736 1508 αὐτῶν

2072 1545 2539 1616 καταγωνισθῆναι
2599 1549 2832 1618 Βρανᾶν,
2863 1541 3011 1598 ἀλλὰ
3062 1543 3152 1596 καὶ
3217 1541 3355 1596 κατά
3402 1545 3508 1597 τῶν
3569 1541 3756 1596 ἂστυ--

2071 1635 2330 1712 γειτόνων
2372 1636 2518 1710 σφίσι
2577 1633 2869 1708 Ῥωμαίων
2918 1633 3326 1714 διαπεπράχασι
3383 1635 3453 1690 τὰ
3507 1634 3732 1690 ἀνύποι-

2075 1743 2194 1796 στα,
2225 1724 2364 1780 κατὰ
2413 1723 2690 1799 σάλαγγας
2728 1720 3096 1801 ἀγηγερμένοι
3150 1723 3241 1778 καὶ
3297 1723 3519 1800 σπείρας
3578 1719 3735 1792 δίκην

2075 1811 2382 1894 χειμάρῤου
2431 1819 2550 1876 ταῖς
2606 1817 2714 1870 τῶν
2775 1816 3078 1867 Λατινικῶν
3135 1815 3305 1886 γενῶν
3336 1811 3534 1874 οἰκίαις
3564 1831 3738 1889 προσ-

2079 1907 2390 1982 ρήγνυνται.
2427 1901 2498 1960 A'l
2529 1924 2588 1958 τε
2639 1902 2732 1958 οῦν
2787 1901 3000 1974 ἄσημοι
3057 1902 3230 1978 φωναὶ
3273 1903 3366 1957 τὸν
3395 1897 3525 1977 ἀέρα
3555 1899 3736 1973 ὲπλγξ·

2075 2013 2226 2070 ρουν,
2267 1993 2342 2055 ὡς
2402 1989 2518 2047 οὐδ’
2577 1991 2624 2047 εἰ
2680 1989 2920 2046 κολοιῶν
2954 1991 2991 2059 ἢ
3026 1991 3266 2068 γεράνων
3300 1989 3336 2060 ἢ
3370 1992 3558 2066 ψάρων
3587 1987 3738 2057 ἔθνεα

2073 2079 2398 2158 κλαγγηδὸν
2433 2081 2829 2157 ἐπτερῦσσοντο
2885 2079 2921 2149 ἢ
2979 2078 3289 2150 ἰπέκλωζον
3360 2078 3616 2154 θηρευταὶ
3645 2079 3736 2136 καὶ

2077 2169 2386 2242 ἔπεθώϋζον
2431 2171 2750 2247 κυνηγέται,
2799 2167 3090 2240 ἀλλήλους
3138 2189 3197 2224 τε
3243 2167 3586 2244 παρεκάλουν
3615 2167 3737 2225 ἐπι-

310 2259 567 2333 pientem
606 2271 878 2328 magnum
938 2255 1231 2311 audirent.
1285 2255 1431 2310 Eum
1485 2254 1964 2310 circumforaneae

2079 2261 2361 2334 σπώμενοι
2404 2263 2514 2315 τῶν
2569 2259 2867 2334 χιτωνίων.
2930 2259 3038 2316 Καὶ
3097 2257 3195 2314 οὐκ
3243 2259 3310 2329 ἦν
3351 2258 3462 2314 ἐκεῖ
3506 2279 3590 2324 τις
3622 2263 3733 2315 τῶν

307 2347 497 2404 turba:
527 2360 878 2404 concursum
911 2359 1028 2402 non
1090 2347 1260 2400 modo
1317 2344 1599 2402 cli'renata
1645 2343 1966 2409 iracundia,

311 2438 412 2496 sed
445 2436 621 2492 etiam
655 2435 858 2492 aliene
891 2433 1151 2505 pecunia
1182 2433 1472 2504 cupiditas
1511 2432 1769 2506 regebat.
1801 2432 1968 2488 Puta-

312 2529 454 2584 bant
484 2526 643 2584 enim
678 2541 739 2582 se
769 2523 992 2580 Latinis
1023 2528 1230 2596 exiguo
1259 2523 1458 2580 labore
1497 2524 1720 2579 aedibus
1767 2522 1967 2596 expul-

312 2615 420 2684 sis,
452 2615 739 2688 quidquid
777 2614 834 2669 in
869 2612 942 2670 iis
971 2621 1118 2670 esset
1149 2613 1536 2682 reconditum,
1592 2617 1656 2668 ut
1705 2613 1812 2668 sub
1857 2617 1968 2668 An-

314 2705 557 2762 dronico
588 2703 885 2771 fecissent,
938 2702 1298 2773 direpturos.
1369 2702 1578 2758 Verum
1638 2717 1754 2757 non
1799 2701 1970 2760 modo

317 2809 422 2865 spe
440 2810 551 2850 sua
568 2792 855 2860 frustrati,
871 2792 974 2848 sed
999 2793 1171 2848 etiam
1189 2791 1549 2848 contrarium
1569 2797 1710 2848 sunt
1724 2790 1967 2864 eXperti.

310 2884 458 2940 Nam
486 2881 805 2939 adversarii
837 2881 1245 2937 animadverso
1279 2881 1463 2952 plebis
1483 2886 1689 2936 contra
1722 2897 1786 2936 se
1828 2897 1966 2937 con-

311 2974 504 3029 citatts
527 2973 778 3044 impetu,
805 2971 928 3026 vias
953 2969 1236 3043 publicas,
1275 2985 1402 3041 qua
1425 2970 1496 3024 ad
1521 2970 1784 3042 ipsorum
1817 2970 1968 3025 aedes

317 3061 632 3128 ducebant,
669 3059 938 3115 maximis
993 3058 1260 3114 trabibus
1289 3059 1726 3122 obstruxerunt,
1749 3062 1806 3112 et
1833 3057 1971 3114 tho-

312 3151 492 3206 racati
523 3149 583 3203 in
617 3147 1048 3204 munitionibus
1093 3146 1238 3212 illis,
1269 3147 1435 3202 densi
1457 3147 1611 3204 518
1634 3147 1787 3202 inter
1819 3161 1968 3214 sese,

313 3237 728 3296 constiterunt.
761 3239 835 3291 At
856 3235 1169 3292 collectitia
1200 3235 1371 3292 turba
1401 3251 1551 3306 septe
1582 3234 1799 3290 vallum
1823 3235 1968 3291 illud

318 3326 736 3382 transcendere
763 3329 975 3380 conata
1015 3339 1128 3380 non
1162 3325 1337 3380 modo
1376 3324 1523 3380 nihil
1571 3325 1835 3396 profecit,
1865 3325 1968 3381 sed

2075 2349 2486 2424 εἰσηγουμένων
2539 2347 2608 2404 τά
2661 2347 2800 2423 πρὸς
2855 2346 3079 2423 εθρήνην
3136 2349 3432 2418 κατήκοος,
3493 2346 3619 2404 ἀλλ’
3659 2347 3735 2412 ὡς

2071 2434 2297 2499 ἀσπίδες
2355 2435 2422 2492 τὲ
2478 2435 2594 2490 ὦτα
2664 2436 2884 2510 βύοντες
2939 2435 3116 2490 πάντα
3168 2436 3510 2512 παρέτρεχον
3566 2437 3732 2514 σοφὸν

2073 2525 2386 2608 φαρμακόν.
2445 2524 2778 2600 Ἡγεμόνευε
2834 2521 2893 2580 δι
2946 2531 3049 2594 τῆς
3113 2524 3240 2580 τότε
3290 2529 3400 2580 τῶν
3459 2525 3735 2602 ἀγοραίων

2071 2613 2386 2691 συνδρομῆς
2434 2615 2499 2670 οὖ
2537 2613 2698 2688 μόνον
2732 2611 3140 2692 θυμὸςᾶλογος,
3199 2612 3344 2670 ἀλλὰ
3391 2615 3484 2670 καὶ
3546 2617 3572 2670 ὁ
3624 2621 3733 2672 τῶν

2073 2703 2388 2781 ἀλλοτρίων
2445 2701 2680 2781 ἠῤῥινου
2743 2697 2882 2778 ἔρως
2938 2701 3267 2778 χρημάτων.
3331 2702 3506 2778 ᾢοντο
3545 2705 3649 2780 γὰρ
3683 2703 3735 2761 ἐν

2076 2795 2275 2870 βραχεὶ
2301 2793 2456 2867 πόνῳ
2492 2791 2622 2856 τοὺς
2673 2793 2938 2848 Λατίνους
2988 2793 3246 2862 ἓκστῆσαι
3293 2793 3613 2867 οἳκημάτων
3643 2795 3733 2850 καὶ

2078 2883 2370 2960 διαρπάσαι
2431 2886 2515 2958 [Ρ.
2575 2886 2703 2956 251]
2762 2881 2903 2938 ’ἁπαν
2964 2883 3433 2960 ἀπραγματεύτως
3472 2886 3534 2940 τὸ
3585 2881 3736 2941 ἔνδον
3791 2899 3796 2902 ’

2071 2972 2573 3048 κειμηλιούμενον,
2615 2970 2805 3048 διόπερ
2844 2971 2983 3028 κατὰ
3027 2974 3158 3038 τοὺς
3205 2974 3441 3049 χρόνους
3487 2978 3584 3028 τοῦ
3631 2974 3732 3048 βα-

2079 3059 2286 3126 σιλέως
2353 3059 2706 3136 Ἀνδρονίκου
2765 3059 3194 3138 διαπεπράχασι.
3249 3064 3381 3124 Τοῖς
3413 3059 3471 3118 δὶ
3500 3063 3579 3126 εἷς
3605 3060 3733 3118 τοῦ-

2077 3152 2292 3206 ναντίον
2367 3151 2433 3207 τὶ
2505 3155 2614 3206 τῶν
2692 3149 2935 3208 ἐλπίδων
3015 3152 3430 3226 μετέστραπται.
3500 3153 3568 3209 Ol.
3631 3151 3736 3228 γὰρ

2075 3238 2332 3316 διάφοροι
2394 3241 2469 3304 ὠς
2525 3239 2675 3296 εἶδον
2730 3242 2831 3312 τήν
2887 3241 2972 3297 ἐπ’
3024 3240 3221 3305 αὐτοὺς
3275 3243 3386 3298 τῶν
3419 3239 3730 3318 ξυγκλύδων

2073 3330 2354 3408 σύρροιαν,
2412 3331 2509 3394 τὰς
2583 3352 2642 3386 τε
2701 3329 3018 3407 λεωφόρους
3082 3331 3573 3409 περιεφράγμωσαν
3636 3352 3736 3406 με·-

316 3414 495 3472 etiam
527 3431 560 3470 a
593 3413 814 3470 Latinis
847 3412 998 3468 male
1028 3417 1276 3470 tractata
1330 3417 1441 3468 est.
1474 3413 1620 3470 Nam
1677 3429 1812 3470 cum
1845 3415 1971 3470 sine

2079 3421 2283 3494 γίστοις
2342 3419 2628 3496 σκόλοψιν,
2689 3419 2811 3476 ὅσαι
2869 3423 2988 3477 κατ’
3037 3420 3236 3484 αὖτοὺς
3277 3420 3418 3498 ἦγον
3467 3420 3530 3476 τὸ
3560 3441 3736 3496 παρο-

319 3503 472 3560 ferro
497 3507 556 3560 et
609 3501 778 3570 nudi,
837 3501 1102 3575 plerique
1158 3502 1332 3558 etiam
1391 3503 1526 3558 vino
1577 3503 1792 3570 obruti,
1834 3519 1968 3559 cum

320 3594 565 3650 armatis
591 3593 1104 3664 congrederentur,
1129 3597 1251 3647 tum
1276 3593 1514 3648 demum
1539 3593 1671 3663 quid
1691 3593 1970 3650 fecissent

317 3646 1060 3754 cernebant,E;imetheum
1087 3646 1428 3740 brometheo
1469 3646 1798 3741 stultiorem
1843 3700 1970 3740 esse
1995 3646 2038 3715 α

317 3773 751 3848 intelligebant,
781 3789 919 3830 cum
969 3777 1072 3830 aut
1125 3773 1355 3845 sagittis
1401 3773 1503 3829 icti
1551 3779 1652 3829 aut
1705 3774 1974 3830 cominus

317 3867 607 3922 vulnerati
671 3864 834 3920 humi
892 3863 1374 3936 procumbebant.
1432 3871 1508 3920 Ac
1579 3869 1700 3920 toto
1749 3865 1974 3937 vesperi

320 3969 508 4024 usque
537 3953 599 4009 in
631 3951 1047 4024 crepusculum
1083 3953 1302 4008 malum
1337 3952 1482 4007 illud
1527 3953 1774 4008 duravit.
1810 3958 1974 4011 Mane

318 4051 510 4100 autem
543 4057 678 4097 cum
711 4041 1203 4112 Romanimajore
1245 4042 1470 4111 impetu
1531 4045 1602 4098 ad
1647 4044 1972 4100 secundum

319 4133 582 4208 pmlium
611 4147 674 4190 se
695 4136 993 4204 pararent,
1029 4132 1292 4200 plurimis
1316 4133 1560 4189 armatis
1609 4133 1763 4190 hosti
1793 4151 1976 4208 oppo-

321 4226 474 4289 sitis,
506 4239 643 4280 cum
673 4221 817 4280 clari
850 4223 956 4279 viri
1017 4224 1090 4279 ab
1150 4223 1499 4295 imperatore
1529 4225 1692 4281 missi
1739 4241 1838 4282 eos
1885 4243 1974 4284 re-

323 4317 686 4386 presserunt,
716 4317 843 4368 tum
877 4312 1066 4368 Latini
1101 4311 1298 4368 stultis
1348 4315 1547 4370 fucum
1607 4315 1872 4372 fecerunt
1909 4332 1978 4374 ac

325 4401 583 4458 multum
644 4402 716 4457 de
773 4401 997 4456 fervore
1056 4400 1159 4456 illo
1210 4401 1622 4458 restinxerant.
1681 4403 1976 4462 Romanos

321 4491 477 4546 enim
527 4489 626 4561 qui
681 4489 738 4545 in
790 4505 986 4562 pugna
1038 4489 1388 4559 ceciderant,
1441 4492 1662 4548 Latinis
1720 4496 1978 4552 vestibus

328 4579 570 4635 indutos
601 4577 868 4648 rasisque
907 4577 1108 4634 barbis
1165 4579 1221 4632 in
1281 4596 1522 4636 suarum
1555 4581 1765 4638 aedium
1801 4583 1976 4640 vesti-

324 4669 478 4726 bulis
505 4667 847 4732 collocatos,
900 4684 1003 4738 pro
1066 4667 1450 4740 popularibus
1503 4671 1626 4726 suis
1673 4670 1979 4728 lamentati

322 4763 464 4815 sunt
494 4778 510 4827 ;
539 4766 592 4815 et
625 4757 698 4814 iis
726 4755 824 4828 qui
857 4761 928 4812 ab
962 4757 1314 4829 imperatore
1345 4761 1609 4826 aderant,
1641 4759 1774 4816 illos
1807 4778 1980 4818 mon-

325 4849 884 4920 strando,rogarunt
916 4863 988 4902 ne
1009 4845 1202 4902 denuo
1225 4849 1516 4904 committi
1557 4850 1820 4920 praelium
1854 4867 1980 4908 seve

328 4938 418 4992 bis
433 4936 639 4992 iisdem
663 4935 932 4992 cladibus
954 4951 1101 5008 quas
1121 4946 1420 4992 cernerent
1443 4937 1592 4994 attici
1619 4944 1975 5010 paterentur.

2073 3506 2254 3581 δεῦον,
2285 3509 2372 3564 καὶ
2407 3511 2832 3585 θωρακισθέντες
2863 3508 3036 3585 βύζην
3096 3509 3150 3564 ἐν
3209 3515 3326 3574 τοῖς
3373 3510 3731 3586 ὀχυρώμασιν

2074 3593 2327 3670 ἔστησαν,
2377 3600 2440 3656 Ὀ
2499 3597 2545 3653 δ’
2576 3597 2834 3674 ἀγελαῖος
2889 3597 3068 3674 ὗχλος
3127 3597 3404 3661 πολλάκις
3449 3600 3544 3674 μὲν
3581 3600 3741 3675 ὑπερ-

2077 3683 2243 3758 ϐῆναι
2302 3689 2369 3744 τὰ
2425 3689 2920 3764 περισταυρώματα
2968 3686 3262 3762 ὥρμησαν,
3321 3687 3383 3744 οὐ
3459 3690 3620 3762 μόνον
3686 3685 3746 3744 δὲ

2078 3793 2196 3848 τοῖς
2226 3786 2363 3842 κατᾶ
2394 3789 2594 3842 σκοπὸν
2625 3785 2724 3842 οὐκ
2775 3779 2963 3842 ἔδοσαν
3018 3783 3208 3860 πέρας,
3259 3785 3404 3843 ἂλλᾶ
3443 3787 3532 3842 καὶ
3563 3792 3747 3851 κακῶς

2083 3874 2190 3932 ὑπὸ
2265 3879 2374 3932 τῶν
2459 3877 2703 3930 Λατίνων
2787 3873 3008 3930 ἔπαθον·
3097 3872 3432 3950 ἀσιδηρωτοι
3493 3877 3596 3953 γὰρ
3653 3877 3748 3932 καὶ

2080 3965 2283 4041 γυμνοὶ
2311 3965 2448 4038 πρὸς
2481 3963 2864 4036 ὡπλισμένους
2923 3963 3259 4039 μαχόμενοι,
3309 3965 3361 4019 οἱ
3405 3964 3657 4022 πλεῖστοι
3691 3962 3750 4022 δὲ

2082 4053 2174 4110 καὶ
2226 4051 2550 4131 οἲνόφλυγες
2582 4051 2755 4126 ὄντες,
2813 4052 2938 4109 τότε
2995 4051 3026 4108 ὅ
3080 4053 3171 4108 καὶ
3226 4051 3400 4130 ὶδρων
3445 4053 3746 4132 ἐγίνωσκον

2077 4142 2174 4198 καὶ
2232 4143 2326 4197 τὸν
2383 4139 2696 4216 Ἐπιμηθέα
2750 4147 2849 4198 τοῦ
2910 4145 3250 4220 Προμηθέως
3323 4142 3744 4222 καταδεέστερον

2080 4227 2302 4307 ᾔδεσαν,
2337 4231 2502 4288 ὁπότε
2529 4229 2868 4308 βαλλόμενοι
2924 4233 3029 4289 ἀπὸ
3085 4233 3256 4304 τόξων
3309 4232 3345 4304 ἢ
3396 4233 3746 4310 παρασταδὸν

2083 4317 2450 4392 οὖταζόμενοι
2502 4319 2642 4374 κατὰ
2677 4327 2780 4395 γῆς
2834 4314 3083 4380 ἔπιπτον.
3143 4319 3247 4376 Καὶ
3287 4321 3388 4391 τήν
3425 4321 3519 4394 μὲν
3554 4318 3744 4394 δείλην

2085 4405 2225 4480 ὅλην
2277 4414 2381 4478 τῆς
2438 4403 2649 4484 ἡμέρας
2725 4407 2938 4481 ἐκείνης
3030 4409 3197 4485 μέχρι
3255 4410 3353 4465 καὶ
3408 4409 3462 4474 ἐς
3526 4413 3747 4490 βαθεῖαν

2085 4497 2314 4572 δσπέραν
2377 4497 2520 4553 οὕτω
2577 4499 2841 4574 κατίσχυε
2913 4499 2976 4554 τὸ
3055 4497 3246 4554 δεινόν·
3308 4499 3476 4570 ἡλίου
3537 4499 3597 4558 δέ
3652 4502 3746 4558 τὸν

2085 4585 2340 4662 ὁρίζοντα
2444 4583 2878 4663 ὑπεραναϐάντος
2943 4589 3079 4662 μετὰ
3154 4587 3402 4662 μείζονος
3478 4591 3746 4665 Ῥωμαῖοι

2088 4674 2269 4753 ῥύμης
2347 4675 2421 4738 ὡς
2469 4676 2545 4739 εἰς
2605 4677 2896 4752 ἀγώνισμα
2973 4675 3222 4752 δεύτερον
3301 4683 3747 4756 συνηθροίζοντο,

2085 4763 2380 4830 πλείστους
2412 4767 2547 4838 μετὰ
2590 4770 2698 4821 τῶν
2757 4765 2946 4822 ὅπλων
3004 4763 3473 4842 προϐεϐλημένοι.
3508 4771 3664 4829 Ἀλλ’
3697 4771 3748 4827 ο⁹ί

2083 4875 2146 4910 τε
2175 4853 2526 4919 συνελθόντες
2591 4853 2652 4911 ὲκ
2713 4856 2988 4932 βασιλέως
3045 4856 3278 4934 λόγιμοι
3337 4855 3524 4935 ἄνδρες
3555 4861 3746 4924 αὐτοὺς

2089 4943 2427 5014 ἀνέστειλαν,
2489 4945 2578 5000 καὶ
2639 4945 2691 5001 oi
2751 4946 2812 5002 ἐκ
2865 4953 2967 5016 τῆς
3021 4947 3260 5003 Λατίνων
3307 4947 3487 5028 φυλῆς
3517 4969 3742 5006 κατασο·

325 5025 436 5090 Qui
465 5041 599 5080 cum
621 5025 777 5082 514
809 5025 909 5081 illa
939 5025 1012 5081 ad
1041 5026 1276 5095 opifices
1307 5028 1650 5098 perferrent,
1685 5034 1743 5085 et
1777 5047 1971 5089 mone-

2087 5033 2379 5114 (ρισάμενοι
2427 5033 2556 5097 τοὺς
2644 5034 2856 5107 εὐήθεις
2923 5030 3244 5092 κατέσϐεσαν
3320 5012 3388 5093 ἒδ
3447 5037 3586 5094 πολὺ
3641 5045 3741 5108 τῆς

331 5121 460 5168 rent
490 5115 643 5168 utin
675 5119 940 5171 mortuos
994 5115 1318 5187 defigerent
1369 5116 1594 5186 oculos,
1647 5133 1826 5190 seque
1874 5120 1974 5176 illa

331 5204 576 5274 probare
635 5209 935 5273 negarent,
983 5207 1076 5260 vix
1129 5205 1360 5260 tandem
1417 5206 1612 5280 populi
1672 5208 1976 5267 colluviem

329 5290 592 5347 emollire
620 5296 952 5362 potuerunt,
985 5297 1050 5349 ut
1079 5293 1138 5349 in
1170 5295 1464 5351 otficinum
1515 5298 1763 5371 quisque
1808 5317 1976 5356 suam

331 5383 732 5435 reverteretur.
792 5381 1040 5436 Facilius
1097 5385 1289 5437 tamen
1351 5385 1724 5456 impetratum
1785 5393 1876 5445 est
1915 5397 1980 5446 ut

331 5467 692 5540 gravissimis
719 5469 1182 5538 pariﬁcatoribus
1197 5472 1459 5529 obsecuti
1483 5476 1554 5529 ab
1578 5477 1758 5533 armis
1789 5478 1976 5535 disce-

2088 5124 2292 5199 ὁρμῆςο
2348 5125 2733 5199 συναγαγόντες
2771 5126 2874 5200 γὰρ
2901 5125 3030 5186 τοὺς
3080 5124 3132 5181 ἐν
3177 5129 3258 5198 τῷ
3297 5127 3531 5200 πολέμῳ
3583 5147 3746 5183 κατα-

2087 5209 2350 5274 λύσαντας
2389 5211 2452 5267 τὸ
2501 5216 2598 5284 ζῇν
2644 5213 2979 5287 Ῥωμαίους,
3015 5214 3105 5270 καὶ
3157 5215 3296 5288 μετὰ
3322 5217 3421 5284 τήν
3453 5222 3562 5272 τῶν
3595 5236 3752 5291 περι-

2085 5295 2395 5372 ὅλημάτων
2471 5301 2754 5379 ἀφαίρεσιν
2833 5300 3098 5376 δείξαντες
3172 5303 3224 5359 ἐν
3309 5309 3432 5382 χρῷ
3507 5327 3754 5381 κουριας,

2087 5386 2322 5460 ἐξέθεντο
2375 5390 2512 5444 κατᾶ
2569 5391 2672 5461 τήν
2731 5388 2950 5447 αῧλειον
2999 5394 3168 5466 σφῶν,
3226 5393 3316 5448 καὶ
3365 5395 3626 5460 πλαστῶς
3671 5396 3758 5455 ἐπ’

2085 5479 2270 5545 αὐτοῖς
2324 5481 2400 5543 ὡς
2459 5480 2540 5560 ἐφ’
2621 5483 2910 5560 ὁμογενέσι
2964 5483 3338 5556 παθηνάμενοι
3403 5483 3754 5544 ὑπεδείκνυον

333 5559 555 5626 derent,
591 5557 746 5628 quod
779 5566 840 5612 ut
871 5557 1157 5614 matutino
1189 5569 1445 5632 tempore
1503 5581 1620 5621 non
1659 5574 1971 5626 consuetus

2081 5573 2200 5633 τοῖς
2260 5557 2579 5645 προσιοῦσιν
2658 5557 2757 5628 ἐκ-
2805 5570 3100 5649 βασιλέως,
3177 5573 3268 5629 καὶ
3336 5575 3610 5648 ἱκεσίαζον
3673 5581 3751 5654 μὴ

335 5646 453 5704 dux
483 5644 614 5704 illos
637 5652 909 5720 armarat,
944 5663 1051 5704 nec
1067 5648 1255 5722 magis
1277 5665 1452 5722 quam
1479 5654 1696 5713 ferrum
1722 5662 1974 5716 acueret.

2089 5657 2420 5737 ἀνασχέσθαι
2477 5665 2569 5720 καὶ
2627 5663 2839 5730 ἐσαῦθις
2895 5660 3228 5744 συβραγῆναι
3266 5665 3514 5746 πόλεμον
3545 5668 3638 5726 καὶ
3669 5667 3758 5736 δὶς
