4102 6380
379 368 497 433 757

1523 368 1625 429 DE
1670 368 1978 431 ISAACIO
2019 370 2337 432 ANGELO
2381 374 2533 435 LIB.
2584 374 2657 434 Il.

3691 380 3812 443 758

380 504 576 567 αὐτοὺς
633 500 958 567 πεπονθέναι
1013 500 1196 556 ἁπόσα
1254 500 1344 557 καὶ
1403 502 1530 578 όρᾷν
1589 496 1832 578 ἔχουσιν.
1865 502 1929 558 Οἱ
1980 499 2037 558 δὶ

2151 509 2296 569 Nam
2328 509 2376 565 si
2422 510 2558 566 vino
2616 512 2881 584 occupati
2942 514 3194 571 fuissent
3250 515 3291 570 ii
3331 516 3427 587 qui
3485 516 3693 583 gallam
3752 523 3812 575 et

379 598 517 674 πρὸς
547 599 639 653 τὸν
671 590 1137 671 ἀποχειροϐίοτον
1196 594 1326 650 λαὸν
1379 599 1550 652 ταῦτα
1607 594 2042 672 διαπορθμεόον-

378 709 487 755 τες,
519 687 652 743 κάπὶ
683 686 811 749 τοὺς
863 689 1159 750 τεθνεῶτας
1208 685 1401 741 τείνειν
1450 686 1516 742 τὰ
1573 685 1798 761 ὄμματα
1826 686 2043 752 πείθον-

374 800 485 849 τες,
550 777 682 854 μηδ’
742 777 983 834 ἐπαινεῖν
1034 776 1101 831 τὰ
1151 777 1414 853 γινόμενα
1466 779 1777 852 φάσκοντες,
1807 776 2042 854 ’ἰσχυσαν

377 868 549 931 οὕτως
582 870 682 943 ait
730 888 865 923 ποτε
921 864 1158 940 μαλάξαι
1211 865 1340 929 τοὺς
1392 866 1666 942 σύρφακας
1697 867 1773 932 ὡς
1801 865 2039 947 ἀποχω-

375 966 537 1033 ρῆσαι
613 958 749 1033 πρὸς
823 956 886 1012 τὸ
964 955 1166 1011 οἰκεῖον
1223 955 1451 1011 ’ἑκαστον
1514 954 1877 1030 ἐπιτήδευμα.
1932 958 2039 1012 Καὶ

374 1047 561 1111 ἄλλως
609 1045 666 1104 δὲ
725 1047 917 1118 εἰπεῖν,
979 1048 1056 1120 μὴ
1114 1049 1212 1101 τοῦ
1287 1048 1550 1118 συνήθους
1608 1048 1885 1123 ἡγεμόνος
1941 1051 2039 1102 τοῦ

375 1136 520 1193 οἴνου
551 1143 687 1213 σφᾶς
740 1137 1147 1211 θωρακίσαντος
1202 1131 1331 1209 μηδ’
1392 1131 1775 1213 ἀκριϐέστερον
1805 1133 2036 1211 σιδήρου

372 1229 508 1305 πρὸς
561 1228 653 1283 τὸν
710 1226 894 1302 ἀγῶνα
968 1226 1384 1300 παραθήξαντος
1452 1225 1681 1302 (πρώϊος
1755 1225 1859 1302 γὰρ
1933 1227 2010 1297 ἧη
2081 1225 2108 1280 ὁ
2176 1224 2389 1299 καιρὸς)

2148 617 2320 656 acum
2353 601 2655 672 subigunt,
2685 620 2815 674 quae
2849 603 3061 673 oratio,
3117 604 3252 675 quis
3320 605 3664 677 eloquentia
3695 613 3805 664 tor-

2151 706 2285 746 rens
2317 690 2481 745 illum
2518 692 2821 763 pugnandi
2850 693 3117 748 ardorem
3151 694 3538 757 restinxisset,
3572 704 3673 751 aut
3731 699 3805 752 ad

2150 782 2406 851 quietam
2433 780 2678 836 aliamve
2703 781 3004 837 honestam
3023 781 3307 837 actionem
3325 800 3422 838 eos
3439 785 3807 856 impulisset?

2151 886 2287 924 nam
2320 886 2453 923 cum
2483 869 2585 925 alii
2643 869 2989 941 Byzantinos
3048 874 3112 926 ut
3163 872 3424 927 ebriosos
3455 874 3807 944 perstrinxe-

2149 963 2308 1022 runt,
2343 965 2468 1012 tum
2502 958 2817 1013 Menander
2839 959 2923 1013 sic
2958 976 3056 1015 eos
3083 959 3279 1030 arguit
3311 977 3325 1016 :
3386 983 3414 1010 ‹‹
3464 961 3801 1034 Byzantium

2149 1047 2411 1102 ebriosos
2443 1046 2634 1101 reddit
2659 1045 2941 1118 hospites.
3003 1046 3263 1104 Putando
3318 1054 3516 1105 noctes
3562 1052 3804 1121 perdere

2148 1136 2406 1210 integras
2439 1137 2649 1193 solent.
2683 1158 2712 1188 ››
2746 1141 2935 1209 Atque
2964 1138 3084 1193 hinc
3117 1138 3196 1195 ita
3216 1139 3610 1213 contigerunt.

2484 1221 2808 1295 διελόθήσαν
2870 1226 3124 1301 εὐμαρῶς
3217 1226 3614 1301 ἄναμίλλητοι,
3710 1230 3804 1291 οὗς

375 1318 719 1394 ὑποσχόντες
782 1316 1012 1387 εὖήκοον
1075 1319 1144 1389 τῇ
1210 1315 1534 1391 παρεκτάσει
1590 1319 1698 1370 τῶν
1760 1312 2183 1390 διαλλακτήρων
2247 1315 2515 1387 μεγίστων
2573 1311 2799 1389 ἀνδρῶν.
2869 1314 2934 1371 Ei
2985 1314 3089 1391 γὰρ
3146 1314 3280 1389 οἷ’νῳ
3338 1316 3801 1397 προκατελήφθη-

374 1428 467 1462 σαν
510 1407 563 1461 οἱ
624 1405 713 1460 καὶ
745 1405 1000 1481 ταπύρων
1064 1399 1495 1481 οἱνοϐαρὲστεροι
1554 1407 1690 1479 (31),
1751 1405 1809 1459 o't
1862 1410 1981 1467 ταῖς
2033 1402 2261 1477 σμίλαις
2299 1404 2389 1458 καὶ
2443 1408 2562 1465 ταῖς
2606 1402 2791 1481 ῥαφίσι
2848 1405 3304 1483 προσανέχοντες,
3336 1404 3467 1460 ποία
3494 1427 3577 1469 τις
3605 1405 3800 1470 αὐτοὺς

368 1496 490 1573 ἲυγξ
513 1497 548 1566 ἢ
569 1497 733 1551 τίνων
756 1494 1121 1572 τερετίσματα
1151 1496 1429 1571 Σειρήνων
1458 1495 1594 1569 πρὸς
1627 1496 1849 1570 εἰρήνην
1882 1492 1942 1549 ἂν
1978 1493 2414 1570 μετερῥόθμισαν
2438 1489 2474 1562 ἤ
2500 1493 2636 1569 πρὸς
2657 1492 2838 1568 ἑτέραν
2872 1494 3201 1572 εὐσχήμονα
3230 1495 3420 1569 πρᾶξιν
3444 1495 3755 1568 ,μετέθηκαν
3781 1516 3795 1566 ;

370 1587 443 1641 ὧν
469 1606 529 1661 γε
557 1585 647 1640 καὶ
686 1582 854 1641 ἄλλοι
893 1585 986 1659 μὲν
1010 1585 1085 1648 ὡς
1112 1584 1217 1639 ὑπὸ
1246 1585 1415 1657 μέθης
1444 1581 1808 1660 διαῤῥεόντων
1870 1583 1971 1639 οὐκ
2027 1583 2195 1659 ὀλίγα
2249 1583 2520 1653 ξυνὲθεντο
2565 1583 2874 1656 σκώμματα
2913 1584 3046 1656 (32),
3094 1584 3122 1637 ὁ
3173 1582 3230 1638 δὲ
3258 1581 3565 1660 Μένανδρος
3598 1585 3800 1641 οὑτωσί

369 1696 486 1737 πως
519 1668 974 1748 ἐπιλαμϐάνεται·
1011 1696 1041 1726 ‹‹
1075 1671 1350 1736 Μεθύσους
1380 1673 1508 1736 τοὺς
1550 1673 1828 1748 ἐμπόρους
1872 1678 2024 1729 ποιεῖ
2067 1672 2131 1728 τό
2179 1669 2496 1741 Βυζάντιον·
2550 1668 2686 1740 ὅλην
2725 1664 2913 1726 ἔπινον
2944 1673 3043 1741 τὴν
3076 1671 3261 1730 νύκτα.
3292 1696 3321 1724 ››
3357 1673 3461 1728 Καὶ
3498 1677 3667 1729 ταῦτα
3699 1675 3793 1747 μὶν

376 1762 483 1819 ὧδὲ
511 1767 587 1837 πῆ
620 1763 860 1844 ἐφέρετο.

1758 1894 1930 1957 Hier.
1961 1893 2178 1956 Wolﬁi
2206 1899 2396 1956 notas.

467 2084 581 2158 (3t)
612 2083 1032 2159 Hasc__clausula
1059 2086 1200 2159 quid
1260 2085 1373 2143 sibi
1429 2086 1587 2144 velut
1646 2089 1863 2157 nescio,
1897 2100 1953 2144 et.
1980 2087 2040 2143 in
2076 2093 2123 2158 Β
2152 2100 2363 2157 quoque
2387 2101 2487 2157 per
2515 2087 2841 2159 ebrietatem
2858 2086 3034 2142 multa
3060 2088 3252 2158 inepta
3273 2087 3594 2159 loquuntur,
3616 2096 3801 2144 tamen

389 2155 617 2212 dubbus
647 2157 947 2214 codicibus
974 2155 1283 2215 omittitur.

2152 2160 2217 2213 id
2242 2173 2303 2213 eo
2330 2159 2675 2228 frequentius
2715 2158 3015 2228 Cpolitanis
3040 2162 3266 2231 accidit,
3316 2158 3423 2231 quo
3468 2160 3799 2218 ebriosiore:

596 2228 770 2319 iiunc
801 2228 988 2319 locum
1022 2230 1107 2319 yet
1137 2231 1475 2319 eonomine
1499 2239 1718 2319 vertere
1767 2230 1935 2319 libet,
1966 2248 2039 2319 ne
2146 2234 2296 2296 sunt,
2328 2227 2468 2285 tota:
2495 2232 2677 2286 nocte:
2700 2227 2986 2302 perpotare
3002 2228 3181 2288 soliti.

382 2297 525 2355 solis
542 2297 846 2358 Germanis
868 2301 1121 2359 ebrietas
1140 2303 1455 2374 obiiciatur
1488 2319 1503 2359 :
1553 2304 1628 2359 Ac
1658 2303 1895 2360 tametsi
1916 2297 2039 2360 alii

1752 2705 2180 2804 ΤΟΜΟΣ
2265 2707 2338 2801 Β

1334 2940 1472 2996 ΤΗΣ
1514 2941 1895 2998 ΒΑΣΙΛΕΙΑΣ
1933 2940 2274 2998 ΙΣΑΑΚΙΟΥ
2311 2942 2440 2997 ΤΟΥ
2492 2941 2824 2999 ΑΓΓΕΛΟΥ.

1260 3245 1768 3343 IMPERII
1878 3245 2305 3341 ISAACI
2395 3245 2882 3343 ANGELI

1764 3457 1975 3515 LIBER
2013 3456 2404 3514 SECUNDUS.

443 3807 528 3878 [P.
589 3806 716 3879 252]
776 3805 842 3864 α’.
904 3804 1170 3867 Βασιλεὺς
1229 3801 1287 3858 δὲ
1346 3799 1577 3879 δισσεόει
1633 3800 1770 3857 κατὰ
1828 3804 2025 3860 Μυσῶν

2208 3803 2358 3861 515
2395 3804 2448 3859 4.
2481 3805 2804 3877 Imperator
2862 3821 2995 3860 vero
3056 3805 3260 3861 dolens
3317 3806 3471 3877 quod
3505 3805 3695 3877 prima
3723 3807 3783 3864 in

371 3878 767 3969 ὑστεροϐουλίᾳ
813 3894 1214 3968 πληττόμενος,
1265 3895 1348 3950 δτι
1399 3892 1475 3966 μή
1515 3878 1662 3947 ’κατὰ
1696 3893 1796 3960 τήν
1828 3893 2024 3968 προ·τέ-

372 4008 467 4065 ραν
500 3987 662 4043 αὐτοῦ
694 3982 945 4061 ἐμϐολὴν
991 3987 1056 4042 τὰ
1096 3994 1198 4057 τῆς
1247 3983 1522 4060 πολεμίας
1563 3982 1620 4039 εὖ
1662 3982 1868 4049 διέθετο
1899 3990 2021 4060 γῆς,

370 4075 497 4132 ἀλλ’
524 4075 755 4139 ἀναστὰς
787 4076 969 4155 ᾤχετο
1000 4077 1196 4132 ἐκεῖθεν
1241 4077 1316 4139 ὡς
1358 4076 1404 4130 εἰ
1453 4073 1717 4147 πολέμιοι
1748 4073 2021 4129 ἐπέκειντο

372 4164 696 4243 βάλλοντες,
750 4167 889 4239 μήτε
941 4171 1058 4227 τοῖς
1112 4165 1391 4244 φρουρίοις
1439 4164 1746 4237 Ῥωμαίους
1805 4163 2021 4234 ἐπιστήο

369 4275 461 4316 σας
494 4254 741 4327 φύλακας
805 4257 943 4327 μήτε
1001 4251 1188 4330 ὅμηρα
1243 4250 1429 4310 λαϐὼν
1476 4255 1544 4309 τὰ
1590 4258 1696 4308 τῶν
1731 4248 2018 4330 βαρϐάρων

371 4340 627 4419 φίλτατα.
676 4343 779 4398 Καὶ
837 4342 960 4398 τότε
1017 4343 1112 4415 μὲν
1169 4344 1331 4406 αὐτὸς
1392 4344 1529 4417 μετὰ
1584 4347 1693 4398 τῶν
1748 4341 2018 4397 συνόντων

369 4432 420 4486 οἱ
454 4428 656 4505 ὀλίγων
703 4430 847 4507 ἐξῄει
901 4438 1001 4501 τῆς
1060 4432 1298 4493 πόλεως’
1366 4434 1597 4503 ἠκηκόει
1657 4432 1760 4508 γὰρ
1822 4432 2020 4505 μηκέτι

366 4523 493 4583 τοὺς
548 4521 767 4585 Μύσους
812 4522 881 4577 τὰ
929 4520 1029 4597 ὄρη
1083 4521 1528 4597 περιπαπταῖνειν
1576 4522 1669 4577 καὶ
1716 4523 1844 4584 τοὺς
1890 4521 2021 4597 βου-

366 4611 516 4679 νοὺς,
561 4609 687 4666 ἀλλ’
736 4609 1018 4666 ὁπλιτικὸν
1071 4609 1531 4685 ξενολογήσαντας
1580 4613 1844 4666 Σκυθικὸν
1872 4610 1923 4673 ἐς
1954 4611 2019 4666 τὰ

365 4702 466 4770 τῆς
515 4699 938 4776 Ἀγαθαπόλεως
991 4700 1128 4773 μὲρη
1178 4695 1517 4775 παραϐαλεῖν
1568 4701 1655 4755 καὶ
1688 4705 1855 4756 ταῦτα
1882 4701 2018 4756 κατὰ

366 4791 565 4863 κράτος
626 4788 932 4861 ληίζεσθαι,
1015 4788 1152 4844 κατὰ
1234 4788 1636 4867 ἐργαζομένους
1691 4789 2013 4864 Τερμέρεια·

364 4880 427 4936 τὸ
461 4877 517 4935 δὲ
549 4879 745 4935 λοιπὸν
804 4877 864 4934 ἐκ
919 4876 1314 4954 προσκλήσεως
1372 4881 1630 4953 συνήγετο
1688 4878 2013 4952 στράτευμα.

364 4969 509 5044 Πρδς
559 4970 662 5046 γὰρ
705 4969 804 5038 τὴν
854 4966 1088 5023 ἄελπτον
1135 4968 1225 5022 καὶ
1283 4968 1455 5038 ὀξεῖαν
1501 4964 1693 5047 ἔφοδον
1736 4971 1842 5021 τῶν
1878 4970 2013 5043 Βαρ-

362 5054 542 5134 ϐάρων
612 5058 699 5115 καὶ
758 5057 919 5121 αὐτός
970 5078 1021 5111 τι
1079 5056 1504 5131 τοιουτότροπον
1553 5053 1892 5128 ἐμεθόδευσε,
1923 5057 2012 5111 καὶ

362 5148 634 5220 συστολὴν
691 5146 927 5204 ἒντεῦθεν
982 5147 1111 5211 τοὺς
1166 5144 1399 5225 ἐχθροὺς
1456 5147 1642 5242 παθεῖν
1689 5146 2011 5242 προμηθούο
2044 5179 2091 5242 D

359 5259 540 5313 μενος,
596 5239 688 5294 καὶ
745 5239 872 5300 τοὺς
935 5236 1169 5299 οἰκείους
1226 5237 1302 5308 μή
1359 5231 1755 5305 ἀπαυθαδήσειν
1806 5232 1860 5296 ἐς
1908 5235 2008 5302 τήν

352 5330 498 5405 παρὰ
527 5326 699 5390 πόδας
749 5327 839 5383 καὶ
873 5325 1121 5403 δευτέραν
1176 5325 1313 5380 κατὰ
1360 5329 1465 5380 τῶν
1500 5322 1738 5403 Βλάχων
1770 5323 2011 5398 ἐξόρμη-

352 5440 457 5488 σιν,
517 5419 565 5473 si
620 5417 757 5473 κατὰ
812 5416 1020 5473 τούτων
1078 5420 1297 5490 πρῶτος
1344 5413 1496 5479 αὖθις
1554 5413 1721 5477 αὐτὸς
1765 5413 1832 5468 τὰ
1863 5412 2010 5469 ὅπλα

352 5510 526 5583 ἤρατο
555 5507 647 5563 καὶ
693 5508 786 5562 τὸν
839 5506 1007 5561 ’ἰππον
1047 5500 1213 5575 ἀνέϐη
1262 5503 1353 5559 τὸν
1401 5500 1856 5577 πολεμιστήριον.
1905 5504 2011 5558 Καὶ

359 5600 386 5653 ὁ
423 5599 516 5671 μὲν
575 5596 712 5651 κατᾶ
766 5595 858 5650 τὸν
913 5595 1286 5670 Ταυρόκωμον
1343 5592 1638 5670 γενόμενος
1680 5588 2012 5666 (κτησείδιον

358 5684 418 5743 δι
476 5684 620 5743 ἐστιν
674 5683 830 5749 οὗτος
892 5681 1212 5761 οἰκούμενον
1266 5678 1533 5759 κωμηδὸν
1600 5680 1691 5736 καὶ
1748 5683 1823 5757 μὴ
1870 5680 2012 5738 πάνυ

2137 3893 2378 3966 Mysiam
2415 3894 2799 3965 impressione
2825 3894 3042 3950 bellum
3076 3913 3192 3951 non
3226 3896 3334 3950 rite
3373 3897 3440 3951 ad
3456 3897 3784 3953 ministras-

2134 3985 2348 4050 set,sed
2376 3985 2511 4040 inde
2542 4001 2655 4040 non
2690 3984 2854 4041 aliter
2876 3986 3179 4056 digressus
3201 4002 3378 4056 quam
3429 3986 3479 4040 si
3524 3986 3784 4043 hostium

2135 4073 2261 4129 telis
2292 4083 2617 4146 urgeretur,
2652 4091 2839 4145 neque
2891 4074 3130 4129 castella
3169 4076 3446 4129 Romanis
3498 4076 3784 4145 praesidiis

2132 4168 2495 4234 occupasset,
2529 4180 2714 4233 neque
2740 4162 3126 4218 Barharorum
3160 4163 3312 4218 filios
3360 4163 3595 4219 obsides
3618 4181 3779 4219 sum-

2133 4253 2365 4324 psisset,
2398 4254 2588 4307 denuo
2608 4251 2838 4307 Blacbis
2860 4268 3021 4306 arma
3045 4251 3259 4307 inferre
3283 4253 3512 4307 statuit.
3552 4255 3620 4306 Ac
3649 4257 3779 4308 tum

2131 4343 2257 4412 ipse
2287 4341 2522 4413 quidem
2554 4357 2687 4395 cum
2724 4356 2927 4412 paucis
2958 4340 3055 4411 qui
3098 4340 3285 4396 obiter
3337 4342 3782 4413 reperiebantur

2130 4431 2457 4503 egreditur;
2489 4430 2749 4485 audierat
2800 4429 2957 4485 enim
3015 4429 3215 4485 hostes
3256 4447 3368 4485 non
3415 4430 3670 4502 amplius
3718 4433 3777 4487 in

2132 4521 2430 4576 montibus
2457 4523 2514 4574 et
2546 4517 2796 4574 collibus
2820 4518 3057 4587 versari,
3082 4518 3186 4575 sed
3221 4519 3511 4592 Scythicis
3546 4520 3779 4576 auxiliis

2130 4609 2332 4665 accitis
2366 4612 2420 4664 in
2458 4625 2596 4681 agro
2630 4607 3112 4680 Agathopolitano
3156 4612 3348 4664 castra
3402 4609 3686 4679 posuisse,
3721 4614 3780 4666 et

2130 4701 2255 4756 loca
2295 4698 2395 4755 illa
2422 4700 2604 4757 effuse
2634 4702 2864 4755 vastare
2928 4702 2987 4754 et
3046 4698 3279 4769 magnis
3319 4697 3549 4752 afﬁcere
3604 4698 3779 4753 detri-

2129 4788 2630 4858 mentisﬂcliquaa
2662 4802 2795 4843 vero
2820 4785 3072 4857 legiones
3112 4786 3331 4842 interea
3376 4787 3777 4843 convocaban-

2128 4887 2244 4938 tur.
2277 4881 2421 4936 Nam
2456 4886 2508 4936 et
2540 4880 2667 4951 ipse
2695 4880 3015 4951 imperator
3071 4881 3138 4935 ad
3200 4879 3463 4935 subitum
3522 4884 3579 4934 et
3609 4879 3774 4935 inex-

2125 4976 2449 5041 spectatum
2483 4969 2741 5026 bostium
2773 4968 3094 5024 tumultum
3128 4968 3548 5041 expeditionem
3607 4967 3773 5025 illam

2125 5060 2571 5116 accommodare
2601 5061 2954 5131 cogebatur;
2984 5058 3040 5114 in
3075 5074 3190 5130 quo
3220 5057 3324 5113 illa
3361 5059 3538 5115 etiam
3598 5075 3773 5129 spec-

2129 5150 2309 5219 tabat,
2341 5153 2486 5204 utet
2518 5147 2773 5203 hostium
2809 5148 3091 5219 impetum
3151 5149 3489 5219 reprimeret
3526 5152 3585 5204 et
3635 5165 3775 5205 suos

2121 5238 2272 5295 dicto
2331 5237 2732 5293 audientiores
2811 5236 2962 5292 516
3021 5236 3263 5293 haberet
3320 5243 3387 5293 ad
3441 5240 3773 5295 secundum

2121 5327 2265 5383 illud
2298 5325 2633 5381 Blachicurn
2672 5325 2911 5396 bellum,
2972 5326 3019 5381 si
3075 5325 3202 5398 ipse
3264 5326 3487 5396 primus
3530 5328 3587 5383 in
3621 5346 3772 5402 equo

2122 5415 2331 5471 bellico
2355 5420 2613 5471 armatus
2636 5422 2993 5471 cerneretur.
3028 5415 3135 5471 Ubi
3177 5417 3603 5474 Taurocomum
3631 5437 3771 5492 per-

2120 5506 2279 5561 vcnit
2310 5505 2615 5577 (praedium
2647 5505 2701 5559 id
2735 5510 2846 5570 est,
2880 5506 3031 5577 quod
3064 5506 3294 5561 vicatim
3326 5508 3620 5578 incolitur,
3656 5526 3771 5566 non

2125 5592 3157 5667 proculubAdrianopolidissitum)
3218 5598 3573 5669 exspectavit
3630 5599 3769 5654 dum

2123 5683 2301 5759 copiae
2375 5682 2769 5740 convenirent.
2829 5682 2901 5741 Et
2953 5683 3216 5742 Conrado
3271 5686 3479 5745 (ζῶεαή
3536 5703 3770 5761 quoque
