4102 6404
303 387 420 488 τέο

1611 418 1931 482 ΝῙΟΕΤΛΕ
1972 417 2393 480 ΟΗΟΝΙΑΤᾹΞ

3603 373 3728 479 76o

301 559 597 619 mandavit
652 563 718 616 ut
773 559 916 615 citra
968 559 1400 614 cunctationem
1461 557 1664 612 exiret.
1726 555 1779 608 Is
1821 569 1953 608 vero

2069 548 2260 626 πὸῤῥω
2310 553 2390 626 [Ρ.
2449 553 2578 624 253]
2629 556 2732 620 τῆς
2790 546 3082 624 Ἀδριανοῦ
3159 547 3435 624 κείμενον)
3495 547 3726 623 ἐπίμενε

302 669 434 708 cum
469 651 840 722 imperatoris
903 667 1036 718 erga
1087 667 1147 704 se
1200 647 1642 710 benignitatem,
1677 661 1808 699 cum
1847 659 1954 696 suo

301 757 514 814 genere
545 756 658 795 non
693 739 1150 793 consentientem
1192 741 1249 792 et
1305 739 1376 791 ab
1421 732 1798 806 imperatoria
1824 732 1952 788 afﬁ-

305 829 486 886 nitate
508 827 942 896 abhorrentem,
969 827 1122 880 haud
1142 824 1344 878 dissim
1359 823 1585 878 ulanter
1597 838 1744 894 aegre
1760 821 1951 886 ferret,

304 923 363 974 et
394 915 943 989 magniﬁcamillam
962 932 1124 986 spem
1151 931 1262 970 non
1281 913 1439 968 aliud
1463 913 1668 967 atierre
1693 915 1954 966 cerneret

306 1007 422 1063 nisi
455 1013 518 1062 ut
548 1005 760 1062 calceis
783 1004 1321 1074 Caesareis,avulgo
1343 1002 1658 1068 distinctis,
1697 1005 1953 1056 uteretur

303 1096 392 1168 (eo
425 1095 757 1159 accedebat,
815 1085 970 1165 quod
1033 1109 1204 1148 cruce
1261 1093 1434 1147 domo
1494 1107 1691 1146 secum
1727 1093 1952 1162 gestata

300 1184 668 1239 Palaestinam
691 1183 762 1236 ab
784 1183 1066 1255 Egyptiis
1087 1183 1422 1238 Sarracenis
1459 1186 1583 1252 jam
1609 1183 1948 1251 occupatam

299 1272 551 1328 invisere
573 1273 982 1340 constituerat,
1004 1275 1060 1326 et
1091 1270 1279 1326 obiter
1299 1272 1375 1326 im
1388 1270 1667 1342 peratoris
1689 1284 1950 1324 sororem

299 1362 588 1433 duxerat),
621 1361 828 1417 annuit
861 1360 956 1417 ille
1000 1361 1236 1432 quidem
1273 1378 1334 1416 se
1365 1361 1772 1432 imperatorem
1813 1375 1949 1412 con-

295 1455 608 1508 venturum
636 1456 691 1506 et
723 1449 942 1506 bellum
981 1468 1095 1505 una
1128 1450 1702 1504 administraturum.
1737 1447 1950 1502 Verum

296 1559 428 1597 cum
465 1535 923 1597 [)eus'Romanis
956 1540 1150 1611 plures
1210 1541 1402 1594 clades
1455 1557 1557 1610 per
1617 1537 1828 1609 illyeios
1863 1541 1948 1590 in-

298 1632 445 1688 ferre
477 1631 1077 1698 decrevisset,mutato
1109 1627 1374 1694 consdio,
1410 1645 1552 1682 nave
1610 1628 1950 1682 ﬁrmissima

297 1730 356 1779 et
380 1738 527 1778 nova
559 1737 898 1786 conscensa,
931 1721 987 1776 in
1026 1717 1394 1774 Palaestinam
1453 1720 1771 1774 contendit.
1803 1719 1944 1770 Cum

297 1812 433 1884 Tyri
465 1811 813 1883 appulisset,
845 1827 878 1865 a
905 1808 1286 1880 popularibus
1340 1809 1465 1862 suis
1502 1806 1680 1862 veluti
1728 1821 1945 1861 nomen

297 1901 592 1972 quoddam
625 1905 936 1970 susceptus
966 1897 1302 1953 Sarracenis
1335 1896 1566 1962 restitit,
1598 1900 1656 1950 et
1692 1894 1947 1966 Joppen,
1979 1931 2023 1994 Β

298 2005 425 2062 quae
450 1989 599 2047 511
638 2005 794 2044 nunc
827 1994 940 2044 Acs
971 1986 1204 2054 dicitur,
1237 1985 1469 2057 aliaque
1515 1985 1730 2056 oppida
1774 1999 1941 2038 recu~

297 2080 540 2152 paravit.
573 2080 681 2136 Sed
715 2079 855 2150 quia
908 2077 1028 2133 illis
1081 2093 1316 2149 quoque
1371 2075 1512 2132 locis
1570 2075 1764 2132 fatalis
1794 2074 1946 2131 cala-

297 2169 518 2226 mitatis
548 2165 1123 2240 impendebat,multi
1156 2165 1415 2239 praeclari
1446 2170 1503 2221 et
1533 2165 1713 2222 fortes
1744 2167 1944 2232 duces,

295 2258 397 2330 qui
427 2259 829 2316 Christianum
863 2257 1006 2312 illud
1040 2256 1152 2312 iter
1175 2255 1330 2311 ultro
1359 2261 1418 2312 et
1465 2255 1592 2312 suis
1637 2254 1948 2327 stipendiis

301 2351 700 2420 susceperant,
751 2349 1095 2418 perierunt;
1154 2350 1213 2401 et
1289 2345 1414 2416 ipse
1470 2345 1774 2401 Conradus
1831 2360 1950 2400 non

301 2437 486 2497 multo
517 2441 672 2510 post,
702 2436 794 2492 vix
849 2436 1004 2494 edito
1062 2435 1385 2507 specimine
1425 2436 1654 2492 virtutis
1701 2440 1756 2491 et
1809 2450 1951 2506 pru-

301 2529 512 2587 dentiae
571 2544 712 2596 suas,
764 2532 829 2582 ut
893 2526 1182 2598 Agarenis
1247 2526 1624 2582 admirationi
1683 2531 1860 2590 esset,
1919 2543 1951 2579 a

303 2618 514 2674 Ghasio
543 2617 800 2688 quodam
831 2615 1138 2672 occiditur.
1179 2616 1334 2672 Gens
1364 2621 1560 2672 autem
1605 2615 1950 2672 Chasiorum

305 2723 446 2764 suos
471 2706 768 2779 principes
797 2705 876 2762 ita
903 2707 1088 2761 vereri
1117 2710 1176 2762 et
1205 2707 1514 2761 observare
1566 2709 1624 2760 et
1667 2705 1726 2759 in
1767 2705 1955 2774 jussis

303 2811 503 2853 eorum
533 2794 920 2866 exsequendis
969 2793 1112 2850 adeo
1161 2793 1373 2850 alacris
1397 2810 1525 2850 esse
1542 2793 1781 2860 dicitur,
1815 2801 1876 2848 ut
1906 2793 1955 2848 si

304 2889 534 2943 tantum
567 2885 881 2956 supercilio
913 2885 1298 2958 magistratus
1327 2883 1606 2950 innuerit,
1640 2883 1844 2938 statim
1885 2883 1956 2938 de

307 2975 558 3048 rupibus
585 2991 648 3030 se
669 2974 1052 3046 praecipitent,
1086 2974 1142 3027 in
1170 2987 1342 3029 enses
1391 2973 1642 3040 irruant,
1677 2972 1734 3026 in
1769 2973 1957 3028 undas

305 3062 609 3129 desiliant,
639 3063 700 3117 in
747 3063 941 3134 ignem
973 3078 1035 3118 se
1057 3061 1372 3130 conjiciunt
1394 3077 1409 3126 ;
1431 3066 1489 3116 et
1518 3061 1588 3115 ad
1637 3076 1737 3116 eos
1789 3059 1956 3116 missi

303 3169 454 3226 quos
485 3167 683 3208 eorum
715 3151 1012 3222 principes
1050 3151 1274 3205 occisos
1323 3147 1543 3216 volunt,
1589 3154 1652 3203 ut
1698 3149 1958 3218 hospites

304 3244 364 3297 et
397 3240 568 3296 amici
601 3239 840 3308 adeunt,
866 3242 924 3292 et
947 3243 1052 3294 aut
1081 3254 1144 3293 se
1173 3237 1389 3292 habere
1419 3237 1573 3308 quod
1623 3238 1708 3292 eis
1737 3237 1954 3305 dicant,

2063 640 2158 699 τὰς
2191 637 2446 715 δυνάμεις
2480 639 2774 710 συνελθεῖν,
2811 637 3083 714 ἐπέσκηψε
3130 637 3188 694 δὲ
3234 639 3324 694 καὶ
3356 639 3448 696 τὸν
3481 641 3723 716 Καίσαρα

2065 729 2344 806 Κοῤῥάδον
2425 730 2593 806 μηδὲν
2666 753 2720 788 τι
2783 729 3135 805 μελλήσαντα
3190 731 3448 802 ἐξελθεῖν.
3527 734 3588 791 Ὀ
3665 730 3724 788 δὲ

2063 815 2431 896 δυσχεραίνων
2488 817 2785 895 προδήλως
2836 821 2973 894 πρὸς
3013 818 3080 889 ἦν
3129 819 3327 896 εὕρατο
3358 820 3418 875 ἐκ
3451 819 3721 896 βασιλέ’-ὐς

2061 907 2468 988 φιλοφροσύνης
2501 913 2574 972 ὡς
2619 914 2700 984 τῷ
2751 909 3014 986 βασιλείῳ
3061 905 3218 979 κήδει
3267 909 3602 988 ἀσύμφωνον
3631 911 3722 966 καὶ

2057 1003 2136 1070 τῷ
2188 1000 2380 1055 ἑαυτοῦ
2439 999 2581 1078 γὲνει
2633 996 2962 1070 ἀπᾴδουσανο
3026 999 3166 1071 ὀρῶν
3199 994 3256 1053 δὲ
3286 999 3378 1052 καὶ
3409 999 3504 1061 τὰς
3555 1000 3719 1074 ὑπερ-

2060 1091 2297 1168 ηφάνους
2349 1088 2576 1152 ἐλπίδας
2625 1088 3002 1162 καταληξάσας
3052 1089 3104 1151 ἐς
3161 1089 3322 1160 μόνον
3377 1089 3438 1143 τὸ
3488 1091 3564 1161 μή
3597 1096 3718 1152 τοῖς

2058 1179 2300 1244 πολλοῖς
2354 1181 2701 1259 ὁμόχρωμον
2767 1177 3030 1250 ὑπόδημα
3082 1178 3178 1232 τού
3235 1174 3400 1240 ποδὸς
3466 1178 3549 1251 (τὸ
3605 1183 3714 1233 τῶν

2060 1270 2342 1344 Καισάρων
2404 1269 2550 1346 λέγω
2606 1269 2980 1344 παράσημονί,
3038 1268 3127 1322 καὶ
3187 1265 3374 1328 ἄλλως
3433 1264 3491 1321 δὲ
3549 1288 3713 1322 σταυ-

2059 1361 2372 1437 ροφορτξσας
2423 1357 2632 1421 οἷ’κοθεν
2677 1359 2767 1413 καὶ
2821 1362 2918 1428 τὴν
2980 1356 3033 1419 ἐς
3087 1357 3454 1424 ΠαΛαιστίνην
3497 1353 3714 1411 ὁδεῦσαι

2055 1449 2227 1506 παλαι
2259 1451 2595 1526 προθέμενος
2653 1447 2763 1520 ἤδη
2823 1453 3247 1527 κατασχεθεῖσαν
3293 1447 3396 1502 ὑπὸ
3426 1450 3534 1501 τῶν
3583 1445 3721 1501 κατὰ

2055 1541 2156 1609 τὴν
2218 1537 2494 1613 Α’ἰγυπτον
2559 1542 2914 1612 Σαρακηνῶν,
2975 1537 3064 1590 καὶ
3125 1537 3395 1609 πάρεργον
3457 1533 3588 1590 ὀδοῦ
3617 1537 3718 1604 τήν

2059 1629 2196 1703 μετὰ
2236 1632 2336 1698 τῆς
2395 1626 2638 1706 ἀδελφῆς
2697 1632 2794 1682 τοῦ
2857 1627 3130 1701 βασιλέως
3189 1624 3506 1687 ἐπιτελέσας
3557 1624 3717 1680 συνά-

2055 1739 2231 1797 φειαν,
2261 1715 2508 1773 ἐπένευσε
2541 1718 2638 1789 μὶν
2670 1716 2963 1789 συνεξιέναι
3008 1719 3087 1786 τῶ
3131 1713 3352 1790 βασιλεῖ
3385 1715 3474 1770 καὶ
3505 1712 3717 1770 συνδια·

2053 1806 2236 1862 θέσθαι
2263 1807 2356 1862 τὸν
2389 1805 2750 1882 προκείμενον
2777 1804 3048 1878 πόλεμον,
3083 1804 3158 1868 ὡς
3209 1800 3256 1859 δ’
3301 1803 3624 1880 ἀντέκρουσε
3651 1804 3716 1859 τὶ

2057 1892 2447 1972 βεϐουλεῦσθαι
2496 1896 2624 1952 Θεὸν
2671 1898 2998 1968 καγοτυχεῖν
3048 1892 3210 1948 είσὲτι
3255 1894 3568 1967 Ῥωμαίους
3609 1893 3714 1949 ὑπὸ

2053 1989 2271 2054 Μυσῶν,
2305 1984 2390 2040 ἐπ’
2420 1983 2616 2046 ἄλλοις
2644 1982 2829 2058 τρέπει
2871 1982 2964 2037 τὸν
3014 1985 3164 2038 νοῦν.
3211 1989 3330 2050 Νῆα
3359 1983 3461 2056 γὰρ
3493 1981 3717 2056 ἐξαρτυ-

2055 2095 2150 2138 σας
2173 2074 2387 2148 εὐπαγῆ
2417 2095 2477 2129 τε
2504 2074 2597 2128 καί
2621 2071 3010 2152 νεογόμφωτον
3034 2072 3125 2130 τὸν
3151 2068 3326 2126 πλοῦν
3347 2070 3400 2132 ἐς
3427 2069 3668 2128 Παλαιστ
3679 2072 3721 2127 ί-

2053 2187 2152 2235 νην
2183 2163 2357 2236 ἔθετο,
2409 2163 2502 2219 καὶ
2557 2167 2625 2236 τῇ
2681 2163 2842 2238 Τύρῳ
2898 2160 3278 2237 προσορμίσας
3311 2161 3580 2238 καὶπαρά
3605 2165 3718 2218 τῶν

2055 2254 2226 2310 ἰκεῖσε
2256 2255 2534 2328 ὁμογενῶν
2570 2253 2663 2307 οἷά
2707 2237 2791 2313 τις
2823 2249 3081 2326 κρείττων
3115 2249 3325 2326 ὁραθεὶς
3362 2237 3452 2305 καί
3483 2249 3715 2323 προσδε-

2058 2345 2213 2423 χθεὶς
2245 2341 2475 2416 δύναμις
2523 2348 2642 2404 τοῖς
2701 2347 3042 2417 Σαρακηνοῖς
3102 2340 3442 2420 ἀντεφέρετο,
3488 2341 3716 2412 Ἰόππην

2058 2437 2569 2509 ὲπανασωσάμενος,
2599 2434 2636 2504 ἤ
2665 2439 2757 2490 νῦν
2807 2440 2944 2490 νΔκε
3000 2431 3244 2511 λέγεται,
3275 2434 3362 2489 καὶ
3398 2433 3584 2509 ἑτέρας
3614 2432 3722 2490 πύ-

2059 2525 2176 2588 λεις
2201 2530 2316 2588 τοῖς
2346 2522 2678 2602 ὁμοφύλοις.
2704 2521 2882 2580 Ἀλλᾶ
2903 2523 3006 2599 γὰρ
3031 2523 3118 2580 ὅτι
3145 2523 3237 2578 καὶ
3260 2525 3329 2579 τὰ
3355 2521 3468 2579 ἐκεῖ
3487 2524 3720 2598 πάσχειν

2058 2619 2244 2677 κακῶς
2265 2615 2566 2692 ἀφώριστο,
2589 2612 2755 2670 ἄλλοι
2780 2635 2836 2668 τε
2863 2611 3028 2669 καλοὶ
3050 2613 3142 2668 καὶ
3164 2619 3404 2690 γενναῖοι
3428 2611 3720 2668 ἀπώλοντο

2061 2705 2361 2782 στρατηγοὶ
2417 2706 2518 2774 τήν
2576 2705 2712 2759 κατὰ
2767 2703 3007 2776 Χριστὸν
3072 2703 3288 2767 ἑκόντες
3345 2705 3434 2759 καὶ
3495 2703 3718 2764 οἰκείοις

2062 2795 2320 2869 ὀψωνίοις
2375 2793 2597 2869 πορείαν
2651 2792 3025 2866 στειλάμενοι,
3102 2793 3194 2848 καὶ
3247 2793 3410 2857 αὐτὸς
3464 2791 3522 2849 δὶ
3572 2792 3719 2848 ἀναι-

2063 2889 2234 2960 ρεῖται
2295 2883 2400 2939 ὑπὸ
2460 2883 2741 2953 Χασισίου,
2801 2885 2998 2958 μικρόν
3025 2905 3078 2939 τι
3116 2879 3384 2952 ἐπιϐιοὺς,
3444 2883 3530 2937 καὶ
3591 2882 3716 2936 ὅσον

2061 2978 2252 3049 πεῖραν
2281 2977 2383 3042 τῆς
2420 2971 2585 3027 αὐτοῦ
2615 2970 2866 3048 ἀνδρείας
2909 2993 2969 3029 τε
3025 2974 3113 3028 καὶ
3162 2975 3478 3051 φρονήσεως
3530 2967 3716 3024 δοῦναι

2059 3066 2176 3123 τοῖς
2235 3064 2563 3136 Ἀγαρηνοῖς
2619 3062 2711 3116 καὶ
2768 3063 3154 3135 θαυμεσθῆναι.
3218 3061 3376 3122 Γὲνος
3420 3057 3477 3114 δέ
3505 3057 3636 3113 εἰσιν
3665 3057 3719 3111 oi.

2062 3148 2319 3207 Χασίσιοι
2385 3152 2658 3220 τοσαύτην
2729 3149 3025 3227 λεγόμενον
3094 3155 3278 3224 τηρεῖν
3345 3154 3426 3221 τῷ
3491 3146 3722 3226 ἄρχοντι

2065 3243 2213 3320 σφῶν
2247 3240 2520 3311 συστολὴν
2576 3243 2668 3296 καὶ
2714 3246 2821 3298 τῶν
2874 3239 3274 3314 ἐντελλομένων
3306 3237 3619 3313 πλήρωσιν,
3649 3237 3724 3299 ὡς

309 3296 412 3385 aut
443 3326 666 3398 legatos
697 3296 890 3382 venire
945 3325 1318 3393 simulantes,
1378 3296 1531 3398 saipe
1583 3296 1953 3384 dominorum

2062 3296 2150 3386 καὶ
2212 3332 2348 3387 κατὰ
2405 3337 2668 3407 κρημνῶν
2720 3333 2880 3388 ὠθεῖν
2920 3330 3143 3392 ἑαυτοὺς
3174 3328 3383 3386 ἐκείνου
3414 3328 3496 3384 ἐπ’
3527 3327 3725 3406 ὀφρύσι

310 3431 556 3474 suorum
611 3415 976 3471 adversarios
1036 3414 1388 3485 pugionibus
1445 3415 1744 3485 occidunt,
1794 3416 1953 3474 nulla

2066 3419 2354 3484 νεύσαντος
2435 3423 2598 3497 μόνον
2671 3423 2763 3478 καὶ
2857 3422 3110 3502 χορεύειν
3185 3421 3321 3476 κατὰ
3393 3421 3562 3497 ξιφῶν
3636 3415 3728 3473 καὶ

313 3504 679 3563 difficultatis
711 3509 771 3561 et
799 3503 1081 3577 explorati
1141 3504 1420 3576 supplicii
1479 3505 1702 3561 ratione
1740 3507 1953 3580 habita,

2070 3506 2279 3566 ὑδάτων
2355 3510 2726 3576 καθάλλεσθαι
2816 3512 2908 3567 καὶ
2996 3511 3138 3568 κατᾶ
3208 3510 3382 3582 πυρὸς
3455 3508 3732 3576 ἀκοντίζε-

313 3594 545 3654 etiamsi
577 3593 825 3650 alterum
856 3610 972 3650 non
1002 3594 1343 3650 occiderint.

2071 3611 2214 3664 σθαι.
2248 3601 2474 3674 Ἀμὲλει
2503 3623 2590 3657 τοι
2615 3602 2707 3657 καὶ
2763 3601 2901 3676 πρὸς
2960 3598 3055 3663 οὕς
3113 3599 3173 3654 ἂν
3232 3597 3492 3654 ἐθέλωσιν
3533 3599 3585 3652 οἱ
3616 3601 3726 3652 τῶν

309 3681 591 3742 Χασισίων
651 3681 1050 3755 ἐξουσιάζοντες
1107 3680 1512 3738 ἀποστέλλουσι
1565 3683 1695 3748 τοὺς
1777 3689 1914 3760 σφᾶς
1969 3687 2378 3761 ἀναιρήσοντας·
2447 3691 2498 3744 οἱ
2557 3687 2615 3744 δὲ
2670 3690 2744 3752 ὡς
2803 3687 2981 3766 φίλιοι
3037 3689 3354 3762 προσιόντες
3407 3687 3442 3756 ἢ
3501 3686 3591 3740 καὶ
3648 3685 3725 3747 ὡς

305 3771 578 3846 ἐπήλυδες
608 3773 836 3837 ἐκείνοις
868 3773 1115 3850 ὀφθέντες
1143 3773 1179 3845 ἢ
1209 3794 1260 3830 τι
1290 3777 1398 3828 τῶν
1431 3775 1780 3846 καθηκόντων
1815 3775 1984 3832 εἰπεῖν
2011 3771 2256 3858 ἔχοντες,
2291 3779 2326 3850 ἢ
2357 3780 2448 3836 καὶ
2480 3780 2554 3842 ὡς
2583 3775 2838 3855 πρέσϐεις
2868 3777 2918 3853 ἐξ
2951 3779 3119 3835 ἐθνῶν
3149 3779 3302 3848 ⁵ἥκειν
3332 3777 3722 3852 πλαττόμενοι,

301 3863 609 3935 πλήττουσι
639 3861 913 3925 πολλάκις
968 3859 1336 3940 παραξιφιδίῳ
1389 3863 1481 3918 καὶ
1539 3869 1829 3946 θανατοῦσι
1875 3865 2004 3928 τοὺς
2054 3873 2172 3930 τοῖς
2227 3869 2437 3944 κυρίοις
2466 3868 2642 3924 αὐτῶν
2679 3867 3027 3946 ἀντίφρονας,
3062 3869 3138 3940 μὴ
3171 3867 3236 3922 τὸ
3268 3870 3365 3922 τοῦ
3393 3865 3719 3940 πράγματος

301 3949 535 4028 ἔργῶδις
565 3951 715 4013 ’ὸλως
745 3949 800 4006 ὲν
830 3955 909 4022 νῷ
943 3949 1306 4027 βαλλόμενοι,
1341 3947 1477 4022 μηδ’
1504 3952 1589 4006 ὅτι
1618 3945 1678 4006 ἔκ
1705 3972 1802 4007 του
1833 3949 2106 4024 δήπουθεν
2132 3956 2580 4030 ἀναιρεθήσονται
2607 3959 2738 4034 γοῦν
2770 3945 2950 4026 αὐτοὶ,
2979 3955 3071 4010 καὶ
3103 3956 3180 4027 μὴ
3213 3954 3304 4008 τὸν
3334 3953 3520 4026 ἑτερου
3551 3972 3724 4008 κατα-

303 4039 636 4118 πραξάμενοι
667 4041 912 4104 θάνατον.

373 4135 700 4205 Imperator
728 4147 862 4188 vero
892 4131 1124 4188 circiter
1151 4131 1244 4188 bis
1291 4129 1449 4187 mille
1499 4131 1744 4188 delectis
1795 4132 1953 4202 viris,

2137 4130 2302 4190 Ἀλλ’
2333 4135 2361 4190 ὁ
2396 4135 2490 4208 μὶν
2553 4134 2809 4210 βασιλεὺς
2865 4136 2988 4209 περὶ
3049 4131 3361 4209 δισχιλίους
3402 4129 3726 4194 ἐπιλέκτους

304 4225 520 4298 quibus
549 4241 710 4280 arma
740 4229 799 4280 et
855 4222 1083 4280 veloces
1140 4240 1323 4296 equos
1382 4224 1560 4290 dedit,
1599 4225 1953 4282 Taurocomo

2069 4221 2386 4299 ἀποκρίνας,
2417 4225 2504 4280 καὶ
2559 4227 2779 4282 τούτοις
2846 4221 2994 4280 ὃπλα
3057 4223 3147 4279 καὶ
3201 4221 3410 4285 ἵππους
3437 4216 3728 4283 ὠκύποδας

307 4313 382 4370 ad
407 4313 611 4370 hostes
640 4313 947 4368 contendit
978 4331 992 4380 ;
1025 4313 1448 4386 impedimenta
1477 4313 1696 4384 omnia,
1727 4313 1874 4370 lixas
1905 4319 1953 4370 et

2073 4309 2316 4382 διαδοὺς,
2359 4313 2616 4389 ὥρμησεν
2676 4313 2738 4370 ἐκ
2790 4318 2889 4370 τοῦ
2940 4314 3319 4388 Ταυροκώμου
3364 4310 3500 4387 πρὸς
3531 4311 3593 4365 τὸ
3622 4330 3732 4364 πο·-

306 4403 540 4458 calones
571 4401 1013 4472 Adrianopolim
1047 4403 1128 4457 ire
1152 4402 1354 4472 jussit.
1415 4405 1640 4458 Interea
1693 4403 1959 4474 specula-

305 4495 462 4550 tores
493 4490 648 4549 1518
681 4492 957 4546 nuntiant
987 4491 1232 4547 Blaehos
1263 4491 1390 4546 loca
1421 4491 1652 4548 Lardeae
1710 4493 1962 4550 ﬁnitima

304 4584 552 4651 vastare,
621 4596 688 4635 ac
765 4579 966 4634 multis
1069 4581 1280 4636 occisis
1373 4596 1480 4635 nec
1583 4583 1958 4652 paucioribus

304 4671 492 4743 captis
523 4687 669 4746 cum
721 4673 977 4726 maxima
1037 4671 1228 4740 praeda
1295 4669 1595 4726 discedere
1654 4672 1956 4727 statuisse.

306 4761 490 4834 Igitur
520 4768 696 4818 noctu
729 4761 998 4817 classicis
1027 4758 1374 4817 canentibus
1419 4776 1738 4816 conscenso
1785 4777 1958 4832 equo,

305 4867 437 4907 cum
469 4851 541 4906 ad
601 4849 907 4906 Basternae
965 4849 1098 4923 (loci
1157 4865 1370 4906 nomen
1421 4849 1532 4921 est)
1583 4851 1962 4921 pervenisset,

307 4939 470 4996 nullo
489 4939 658 4995 hoste
681 4945 1016 5010 apparente,
1049 4941 1245 5011 quiete
1263 4937 1594 4993 refecillavit
1620 4939 1957 4997 exercitum.

305 5029 522 5086 Triduo
555 5035 690 5100 post
718 5029 856 5085 inde
886 5029 1206 5103 digressus,
1243 5045 1416 5085 mane
1455 5028 1704 5084 Berroen
1757 5045 1961 5085 versus

306 5120 420 5174 iter
445 5117 797 5187 ingreditur.
829 5119 972 5174 Cum
1007 5121 1272 5175 nondum
1305 5127 1558 5190 quatuor
1599 5134 1960 5190 parasangas

311 5207 711 5278 processisset,
745 5207 884 5262 mali
951 5209 1194 5264 nuntius
1251 5208 1437 5277 adest,
1496 5206 1672 5264 homo
1717 5208 1959 5278 quidam

306 5295 634 5367 expeditus,
673 5299 774 5368 qui
839 5295 1050 5366 spiritu
1119 5313 1190 5352 ex
1265 5296 1640 5354 festinatione
1713 5296 1960 5352 subinde

307 5385 632 5455 interrupto
700 5390 902 5438 narrat
957 5383 1158 5440 hostes
1215 5401 1329 5440 non
1391 5383 1591 5457 procul
1645 5385 1781 5440 inde
1837 5399 1960 5440 cum

309 5474 503 5542 prada
535 5473 764 5542 reverti,
797 5489 864 5527 ac
897 5475 1250 5542 pedetentim
1284 5475 1402 5530 fere
1458 5475 1750 5540 incedere,
1803 5473 1959 5546 quod

309 5567 368 5618 et
399 5561 626 5616 nultum
654 5563 876 5618 hostem
913 5565 996 5618 im
1015 5563 1277 5619 enissent
1305 5570 1362 5620 et
1423 5565 1719 5622 manubiis
1761 5563 1961 5620 onusti

309 5655 523 5709 essent.
549 5653 737 5714 Quare
770 5653 966 5705 statim
994 5653 1245 5708 exercitu
1269 5651 1423 5708 inter
1443 5653 1623 5710 duces
1647 5652 1960 5708 distributo

309 5749 368 5801 et
389 5741 510 5799 acie
542 5743 845 5810 instructa,
875 5760 1004 5801 eam
1065 5743 1217 5801 viam
1277 5745 1490 5802 institit
1518 5761 1636 5818 qua
1690 5745 1960 5802 incedere

2074 4402 2293 4477 λὲμιον,
2325 4405 2425 4472 τὴν
2484 4402 2530 4458 δ’
2581 4405 2892 4473 ἀποσκευὴν
2939 4408 3115 4458 πᾶσαν
3155 4401 3248 4457 καὶ
3275 4401 3368 4456 τὸν
3395 4400 3725 4475 ὓπηρετικὸν

2071 4487 2246 4566 ὅχλον
2307 4492 2360 4556 ἐς
2417 4489 2878 4568 Ἀδριανούπολιν
2935 4491 3144 4556 ἱκέσθαι
3203 4487 3534 4564 διατετάχει·
3577 4488 3628 4544 οἱ
3671 4485 3728 4543 δὲ

2068 4579 2403 4655 ἠγγέλλοντο
2433 4581 2580 4656 παρὰ
2617 4585 2726 4636 τῶν
2773 4581 3030 4656 ὀπτήρων
3070 4579 3139 4634 τὰ
3183 4579 3308 4654 περὶ
3339 4579 3431 4634 τὸν
3483 4574 3724 4653 Λαρδέαν

2067 4669 2424 4748 κατατρέχειν
2476 4669 2680 4746 χωρία,
2737 4671 2832 4726 καὶ
2890 4669 3180 4731 πλείστους
3227 4668 3320 4741 μὲν
3355 4666 3729 4732 ἀπεκτονέναι,

2069 4759 2169 4816 οὐκ
2223 4759 2482 4824 ἐλάττους
2557 4758 2616 4815 δὲ
2679 4758 3089 4833 συνειληφέναι,
3154 4758 3246 4818 καὶ
3303 4758 3379 4820 ὡς
3436 4755 3732 4826 ἐπαναζευ-

2067 4850 2245 4926 γνύειν
2307 4847 2572 4926 ἐγνώκασι
2628 4847 2858 4906 πολλῶν
2915 4847 3370 4922 ἐμπεπλησμένοι
3423 4845 3728 4924 ὠφελειῶν.

2069 4937 2354 5015 Ἐννύχιος
2417 4940 2598 4994 τοίνυν
2659 4939 2762 4994 ὑπὸ
2814 4936 3084 5016 σάλπιγγι
3141 4937 3233 4994 τὸν
3289 4934 3464 4993 Ἵππον
3523 4930 3726 4994 ἀναϐὰς

2070 5027 2380 5102 ἐπορεύετο,
2430 5029 2522 5084 καὶ
2579 5029 2717 5084 κατὰ
2764 5029 2934 5084 τόπον
2989 5027 3108 5083 τινὰ
3155 5025 3459 5100 Βαστέρνας
3489 5023 3722 5098 λεγόμε-

2069 5139 2160 5173 νον
2209 5117 2510 5196 ἀφιγμὲνος
2562 5115 2913 5173 διανὲπαυσεν
2960 5117 3132 5172 ἐκεῖσε
3180 5117 3281 5186 τήν
3323 5115 3602 5192 στρατιὰν,
3645 5112 3721 5185 μή

2068 5205 2504 5286 ἐπιφαινομένων
2561 5211 2670 5262 τῶν
2727 5205 3040 5280 πολεμίων.
3073 5206 3224 5262 Μετὰ
3249 5203 3306 5260 δὲ
3333 5209 3482 5278 τρεῖς
3513 5203 3726 5276 ἡμέρας

2068 5299 2154 5372 [Ρ.
2214 5298 2342 5370 254]
2399 5295 2598 5352 ἐκεῖθεν
2665 5295 2878 5370 ἀπάρας
2954 5301 3056 5362 τῆς
3130 5293 3256 5350 εὐθὺ
3330 5299 3432 5362 τῆς
3490 5291 3730 5368 Βεῤῥόης

2070 5382 2576 5461 ιπορθρευσάμενος
2625 5383 2851 5453 ἥπτετο.
2913 5381 3070 5441 Ἀλλ’
3146 5379 3302 5436 οὔπω
3376 5378 3736 5455 παρασάγγας

2072 5472 2321 5549 παρῆλθε
2349 5472 2628 5550 τέσσαρας,
2681 5471 2770 5528 καί
2813 5493 2896 5534 τις
2945 5469 3186 5541 εὔζωνος
3235 5469 3516 5548 ἐφίσταται
3566 5470 3732 5542 ανὴρ,

2067 5563 2130 5618 τὸ
2158 5569 2260 5633 τῆς
2288 5559 2550 5637 ἀγγελίας
2581 5556 2727 5639 ἔχων
2789 5559 2878 5614 ἐπὶ
2933 5563 3030 5615 τοῦ
3086 5559 3387 5634 προσώπου
3416 5558 3608 5628 κακὸν,
3637 5555 3730 5612 καὶ

2069 5648 2226 5726 ἔλεγε
2295 5651 2360 5706 τὸ
2436 5655 2648 5724 πνεῦμα
2708 5649 2970 5724 συχνάκις
3031 5647 3468 5721 ἀνακαλούμενος
3543 5645 3731 5723 ἀγχοῦ

2069 5761 2175 5796 που
2253 5741 2368 5815 μετ’
2443 5737 2835 5816 αἰχμαλωσίας
2891 5739 2954 5796 τὸ
2993 5738 3286 5796 ἀντίπαλον
3345 5733 3726 5819 ὑποστρέφειν,
