4102 6442
391 446 506 509 761

1532 440 1632 500 DE
1678 437 1987 503 ISAACIO
2031 443 2349 506 ANGELO
2396 445 2541 506 LIB.
2589 446 2663 507 II.

3690 449 3812 509 762

390 579 678 654 ἀνειμένην
704 575 773 631 τὰ
800 573 1033 632 πλεῖστα
1063 573 1159 641 τὴν
1190 570 1408 647 πορείαν
1453 572 1569 627 κατ’
1619 573 1786 647 ἄμφω
1844 594 2026 628 ποιου.

2150 577 2349 634 hostes
2380 579 2730 636 ferebantur.
2791 578 2946 643 Quos
3004 579 3105 636 ubi
3162 578 3416 634 vidimus
3460 584 3517 635 et
3545 581 3807 637 vicissim

393 691 576 744 μενον,
637 666 720 722 ὅτι
776 685 835 719 τε
893 660 1088 718 οὐδένα
1145 662 1380 737 ἑώρακεν
1446 660 1770 741 ἀντίμαχον,
1826 663 1914 717 καὶ
1969 663 2044 725 ὡς

386 753 660 834 ἔμφορτον
736 749 1093 826 παμπόλλων
1173 750 1453 822 ληϊσμῶν.
1530 749 1734 806 Αὐτίκα
1782 757 1915 827 γοῦν
1964 751 2044 807 εἷς

386 845 658 920 ἡγεμόνας
713 844 775 897 τὸ
835 841 989 895 συνὸν
1042 838 1230 912 ἐκείνῳ
1290 836 1489 894 διελῶν
1558 838 1883 913 στράτευμα,
1952 840 2042 896 καὶ

386 943 579 1012 σχῆμα
645 932 997 1007 παρατάξεως
1087 930 1329 1002 θέμενος,
1397 926 1593 983 ὥδευεν
1682 927 1887 997 ἐκείνην
1972 927 2039 999 ἤν

385 1025 700 1100 ὁδοιπορεῖν
741 1021 961 1096 ἐλέγετο
1027 1020 1090 1075 τὸ
1151 1017 1439 1092 πολέμιον.
1497 1020 1647 1075 Έπεῖ
1711 1016 1769 1073 δὲ
1820 1018 2037 1093 ε’ἰδομέν

382 1138 440 1172 τε
476 1115 567 1169 καὶ
618 1113 919 1185 ἐθεάθημεν
969 1109 1326 1183 (συνειπόμην
1380 1108 1483 1184 γὰρ
1530 1108 1619 1162 καὶ
1670 1108 1830 1170 αὐτὸς
1884 1109 2043 1183 βασι-

384 1204 471 1261 λεῖ
528 1199 1093 1282 ὑπογραμματεύων),
1151 1198 1202 1254 οἱ
1262 1199 1357 1271 μὲν
1416 1198 1614 1252 Σκ·5θαι
1671 1198 1761 1253 καὶ
1821 1199 2039 1278 Βλάχὸι

382 1295 482 1363 τὴν
511 1293 661 1350 λείαν
721 1291 1057 1367 παραδόντες
1112 1288 1252 1344 τισὶν
1314 1288 1365 1359 ἐξ
1425 1287 1599 1342 αὐτῶν
1659 1288 1873 1364 μοίραις
1922 1287 2035 1344 ἐκέο

382 1383 576 1440 λευσαν
652 1384 748 1443 τὰς
827 1379 1235 1452 ἐπιτομωτέρας
1312 1376 1665 1452 ἀναλέγεσθαι
1713 1383 1822 1434 τῶν
1893 1376 2035 1433 ὁδῶν

378 1475 469 1528 καὶ
520 1474 620 1542 τὴν
673 1470 895 1545 πορείαν
949 1468 1255 1536 ἐπιτείνειν,
1305 1464 1410 1529 ἕως
1457 1463 1518 1522 ἅν
1569 1466 1878 1545 ἐφάψωνται
1928 1472 2036 1522 τών

380 1562 653 1637 ὀρειαίωνσ
691 1562 742 1615 οἱ
787 1559 833 1614 δ’
889 1558 1057 1614 ἄλλοι
1111 1557 1495 1635 συστραφέντες
1558 1554 1817 1631 ἐδέχοντο
1874 1557 2035 1611 εὐπε-

378 1656 488 1713 τῶς
517 1651 645 1713 τοὺς
687 1650 806 1705 κατ’
858 1648 1034 1702 αὐτῶν
1093 1645 1502 1719 ἱππαζομένους
1558 1646 1890 1720 Ῥωμαίους,
1942 1647 2033 1701 τὸν

378 1744 604 1819 πάτριον
637 1743 823 1802 αὐτοῖς
853 1744 943 1795 καὶ
984 1735 1159 1809 ἠθάδα
1207 1740 1408 1813 τρόπον
1470 1741 1797 1813 μαχόμενοι·
1853 1736 2034 1791 ἐπιόν-

379 1853 465 1893 τες
501 1833 603 1908 γὰρ
635 1831 862 1908 ἠφίεσαν
900 1826 1138 1904 βέλεμνα
1191 1828 1282 1882 καὶ
1332 1824 1518 1903 δόρασι
1568 1825 2032 1902 προσεπλέκοντο,

2158 670 2452 738 conspecti
2485 687 2694 725 sumus
2743 671 2902 740 (nam
2960 674 3021 726 et
3076 686 3182 740 ego
3244 670 3652 740 imperatorem
3706 688 3809 741 pro

2156 758 2351 812 scriba
2380 758 2748 831 comitabar),
2780 762 3003 831 Scythas
3037 766 3089 812 et
3123 757 3342 818 Blachi,
3377 757 3573 829 prieda
3603 758 3812 813 cohor-

2158 846 2316 902 tibus
2348 848 2568 917 aliquot
2599 865 2844 903 suorum
2876 848 3088 904 tradita
3120 865 3219 903 eos
3251 849 3605 920 compendia
3636 848 3810 903 itine-

2157 952 2286 990 rum
2321 938 2528 992 sectari
2562 948 2617 994 et
2656 936 2999 1006 accelerare,
3048 938 3190 993 dum
3245 943 3527 992 montana
3568 938 3813 1008 attinge-

2155 1027 2633 1097 rentjusserunt,
2667 1027 2819 1082 519
2858 1026 3087 1098 Reliqui
3111 1026 3439 1098 conglobati
3474 1025 3806 1081 Romanum

2153 1117 2478 1187 equitatum
2541 1116 2829 1187 intrepide
2883 1122 3253 1186 exceperunt,
3314 1115 3501 1188 patrio
3536 1115 3649 1170 ritu
3694 1132 3809 1187 pu-

2152 1211 2422 1278 gnantes-
2459 1205 2604 1260 Nam
2639 1223 2771 1261 cum
2815 1206 3183 1274 accederent,
3233 1204 3476 1276 sagittas
3536 1203 3807 1275 conjicie-

2152 1298 2289 1351 bant
2320 1301 2376 1351 et
2405 1295 2590 1351 hastis
2648 1295 3199 1367 congrediebantur.
3260 1295 3438 1349 Paulo
3498 1311 3630 1350 vero
3671 1297 3806 1366 post

2151 1386 2370 1457 impetu
2404 1386 2462 1441 in
2499 1388 2693 1458 fugam
2729 1399 3028 1451 converso,
3063 1383 3331 1439 hostibus
3358 1386 3426 1437 ad
3455 1398 3804 1453 persequen-

2151 1475 2585 1539 dumirritatis,
2622 1491 2829 1529 rursus
2889 1473 3075 1528 instar
3131 1473 3433 1529 volucrum
3491 1471 3681 1527 subito
3724 1488 3810 1529 re-

2152 1565 2293 1619 versi
2354 1566 2595 1619 adversa
2655 1565 2840 1619 fronte
2897 1562 3083 1618 multo
3145 1562 3355 1617 fortius
3419 1562 3801 1617 dimicabant.

2149 1654 2269 1717 Quo
2302 1671 2454 1725 saape
2488 1655 2635 1708 facto
2659 1653 2925 1720 cumjam
2952 1652 3285 1721 superiores
3318 1656 3534 1716 essent,
3558 1650 3802 1705 omissis

2150 1743 2265 1798 illis
2298 1743 2657 1799 anfractibus
2715 1741 2944 1813 gladios
2991 1742 3389 1796 strinxerunt:
3438 1745 3494 1794 et
3533 1738 3803 1793 horribili

2148 1832 2402 1889 clamore
2423 1830 2654 1889 sublato
2677 1832 2831 1886 dicto
2855 1831 3031 1885 citius
3055 1830 3112 1883 in
3146 1830 3436 1884 Romanos
3480 1827 3800 1893 irruerunt,

386 1921 520 1994 μετᾶ
553 1920 732 1995 βραχὺ
790 1916 847 1974 δὲ
894 1913 1293 1993 μεταϐαλόντες
1342 1919 1441 1988 τήν
1495 1918 1674 1990 ὁρμὴν
1723 1917 1800 1977 εἷς
1856 1920 2026 1993 φυγήν

2145 1927 2202 1979 et
2233 1927 2652 1994 pugnanteset
2682 1920 2970 1994 fugientes
2998 1937 3069 1976 ex
3117 1936 3282 1990 aequo
3331 1918 3690 1973 occiderunt.
3721 1919 3802 1973 Ac

384 2008 474 2063 καὶ
518 2006 868 2062 καταδιώκειν
919 2005 1095 2061 ὀπίσω
1148 2007 1293 2083 σφῶν
1346 2006 1421 2070 ὡς
1468 2003 1717 2083 φυγάδων
1773 2005 1833 2060 τὸ
1883 2006 2026 2069 ἀνθι-

389 2096 652 2170 στάμενον
728 2094 1076 2171 ἐρεθίζοντες,
1152 2096 1302 2157 αὖθις
1378 2096 1453 2157 ὡς
1529 2093 1656 2151 οὐδὲ
1703 2095 1883 2166 πτηνὰ
1937 2096 2030 2149 τὸν

386 2184 516 2259 ἀέρα
551 2185 807 2259 τέμνοντα
835 2186 902 2240 τὰ
942 2190 1090 2240 νῶτα
1139 2184 1216 2246 εἷς
1264 2187 1365 2254 τήν
1413 2189 1521 2240 τῶν
1581 2185 1757 2258 ὂψεων
1812 2204 2029 2257 μετατι-

383 2275 600 2348 θέμενοι
633 2276 819 2350 χώραν
875 2273 1099 2331 ἐνώπιοι
1155 2281 1273 2339 τοῖς
1324 2273 1565 2329 ἐπιοῦσιν
1611 2273 1889 2349 ἐμάχοντο
1939 2273 2029 2328 καὶ

381 2363 585 2439 πολλῷ
639 2365 1010 2442 γενναιότερον
1055 2363 1471 2421 συνεπλέκοντο.
1521 2366 1623 2422 Καὶ
1671 2368 1836 2421 τοῦτο
1887 2362 2029 2419 πολ-

382 2451 538 2514 λάκις
612 2453 1000 2524 πεποιηκότες,
1078 2452 1154 2514 ὡς
1228 2449 1338 2523 ἤδη
1414 2456 1521 2507 τῶν
1560 2452 1852 2526 Ῥωμαίων
1893 2455 2025 2521 ἦσαν

379 2542 841 2618 ἐπικρατέστεροι,
874 2541 1047 2598 οὐκέτ’
1088 2541 1399 2616 ἐμέμνηντο
1433 2547 1537 2597 τῶν
1582 2541 1828 2613 ἐλίξεων,
1881 2540 2029 2596 ἀλλὰ

372 2632 440 2689 τὰ
472 2633 595 2713 ξίφη
629 2633 1012 2710 γυμνώσαντες
1056 2631 1143 2687 καί
1197 2653 1317 2687 τινα
1372 2634 1508 2707 βοὴν
1570 2630 2025 2703 ἐκπληκτικωτά-

364 2743 466 2794 την
538 2721 857 2796 έκρήξαντες
934 2727 1131 2798 μικροῦ
1212 2723 1303 2777 καὶ
1403 2719 1734 2794 έννοήματο)
1826 2722 2021 2795 τάχιον

362 2811 662 2885 Ῥωμαίοις
700 2811 971 2883 ἐνέπεσον,
1024 2811 1114 2868 καὶ
1165 2812 1257 2866 τὸν
1318 2810 1632 2887 μαχόμενον
1674 2811 1885 2882 ὁμοίως
1930 2810 2021 2864 καὶ

363 2902 457 2956 τὸν
500 2898 911 2981 δειλαινόμενον
972 2896 1487 2976 καταλαμϐάνοντὲς
1550 2899 1867 2975 ἐξεθέριζον.
1920 2900 2019 2954 Καὶ

362 2990 492 3069 τάχ’
534 2988 594 3044 ἄν
634 2991 732 3059 τὴν
809 2990 931 3045 τότε
1004 2989 1214 3067 ἡμέραν
1292 2991 1345 3046 οἱ
1405 2987 1607 3044 Σκύθαι
1685 2988 1821 3064 μέγα
1858 2986 2019 3051 κλέος

366 3079 629 3155 ἀράμενοι
706 3082 1187 3156 κατεκαυχήσαντο
1262 3081 1421 3153 ἡμῶν
1482 3078 1574 3134 καὶ
1643 3078 1762 3151 λαῷ
1826 3080 2018 3156 ἄφρονι

364 3165 573 3231 ὄνειδος
604 3167 1007 3246 παρεδόθημεν,
1039 3170 1084 3224 εί
1139 3171 1216 3244 μή
1258 3170 1424 3234 αὐτὸς
1470 3164 1809 3240 ἐπεϐοήθησε
1862 3169 2019 3244 βασι-

364 3258 490 3320 λεὺς
531 3254 609 3314 ἔτι
651 3261 749 3329 τήν
808 3261 930 3332 περὶ
988 3260 1151 3314 αὐτὸν
1206 3253 1352 3334 ἔχων
1412 3258 1681 3333 ἀκραιφνῆ
1741 3256 2015 3335 φάλαγγα,

362 3348 420 3404 αἳ
457 3369 516 3404 τε
559 3347 858 3426 σάλπιγγες
916 3347 1167 3423 ἐπίτορον
1221 3345 1562 3418 ἀλαλάξασαι
1620 3347 1709 3403 καὶ
1758 3349 1812 3402 αἱ
1873 3345 2012 3423 χαλ-

362 3437 627 3512 κόστομοι
661 3437 911 3500 κώδωνες
952 3436 1292 3513 διηχήσασαι
1324 3439 1389 3493 τά
1428 3458 1488 3493 τε
1545 3442 1652 3494 τῶν
1706 3435 2015 3514 δρακόντων

367 3528 594 3606 ὀφθέντα
635 3527 958 3602 εἰκάσματα,
1014 3527 1048 3582 ’ὰ
1095 3526 1184 3582 ἐπὶ
1234 3524 1479 3602 δοράτων
1525 3527 1811 3603 ᾐώρηνται
1865 3549 2017 3603 περι·

368 3614 673 3693 σοϐούμενα
745 3618 1035 3691 πνεύμασι,
1109 3617 1238 3680 τοὺς
1302 3617 1607 3691 πολεμίους
1675 3615 2016 3687 κατέπληξαν

367 3710 658 3787 φαντασίαν
699 3707 1056 3785 παρασχόντα
1109 3707 1359 3780 μείζονος
1409 3712 1682 3770 στρατιᾶς.
1738 3707 1873 3765 Τότε
1925 3708 2019 3780 μὶν

370 3800 460 3855 οὗν
494 3798 748 3875 βασιλεὺς
783 3797 962 3875 βραχύ
989 3820 1042 3853 τι
1072 3804 1173 3868 τῆς
1222 3796 1609 3873 αἰχμαλωσίας
1660 3799 1734 3859 ὡς
1788 3798 1847 3852 ἐκ
1896 3796 2021 3852 στό-

369 3908 543 3961 ματος
600 3892 782 3964 θηρῶν
838 3886 1155 3965 ἀφαρπάσας
1212 3883 1480 3944 κατέλαϐε
1536 3889 1636 3958 τήν
1701 3885 2019 3964 ’Δδριανοό-

365 3978 553 4045 πολιν,
629 3978 698 4048 ἢν
778 3978 1012 4055 βασίζειν
1088 3977 1354 4050 προύθετο
1430 3982 1722 4052 παρεικῶδ·
1800 3982 1905 4032 τῶν
1965 3973 2022 4031 δὲ

370 4063 660 4142 βαρϐάρωε
691 4069 793 4124 οὐκ
822 4065 1195 4142 ἠρεμούντων,
1226 4067 1292 4137 ἣν
1346 4073 1560 4141 παρῆκε
1605 4067 1819 4141 τρέχειν
1870 4066 2022 4130 αὖθις

367 4156 568 4214 ε’ίλετο.
630 4158 727 4212 Καὶ
787 4155 854 4226 δὴ
911 4156 1203 4232 γενόμενος
1262 4156 1396 4212 κατά
1453 4155 1695 4231 Βεῤῥόην
1765 4158 1860 4219 τὰς
1914 4160 2023 4211 τῶν

371 4248 591 4308 Σκυθῶν
647 4246 740 4300 καὶ
796 4248 995 4302 Μυσῶν
1062 4242 1376 4301 ἀνέστελλεν
1446 4242 1718 4321 ἐκδρομὰς
1801 4244 1891 4300 καὶ
1952 4242 2022 4299 δι’

370 4329 578 4406 ἀνδρῶν
638 4333 733 4404 μὲν
794 4330 1188 4409 ἡκριὸωκότων
1265 4337 1330 4389 τὸ
1396 4339 1742 4409 στρατηγεῖν,
1807 4332 1894 4388 καὶ
1953 4330 2023 4387 δι’

371 4421 563 4475 ἑαυτοῦ
614 4418 671 4475 δὲ
737 4424 846 4500 οὐχ
902 4423 1120 4493 ἥκιστα.
1180 4425 1248 4483 Οἱ
1305 4420 1363 4478 δὲ
1417 4423 1612 4499 καίπερ
1674 4422 2023 4501 ὑφορώμενοι

366 4508 674 4585 Ῥωμαίους
729 4513 819 4567 καὶ
882 4510 1152 4588 βασιλέως
1210 4513 1481 4587 παρόντος
1545 4511 2022 4591 ἐπιστρεφόμενοι,

368 4601 522 4674 ὅμως
552 4601 617 4655 αὗ
650 4599 815 4656 πάλιν
849 4601 1190 4666 ἐπετίθενντο
1222 4601 1518 4679 λαθραίως,
1554 4601 1661 4658 ὧδέ
1688 4624 1765 4673 πη
1809 4596 2023 4675 ἐμϐάλο

370 4688 558 4752 λοντες
591 4690 665 4753 ὡς
722 4690 1192 4764 πολεμησείοντες
1246 4691 1338 4747 καί
1397 4690 1720 4768 καραδοκεῖν
1780 4693 1853 4754 ὡς
1900 4691 2021 4748 ἐπι-

370 4779 526 4841 όντας
558 4779 755 4842 αὐτοὺς
798 4780 1196 4854 παρεχόμενοι,
1254 4778 1455 4845 ὂίλλοθι
1501 4778 1558 4836 δὶ
1609 4776 2022 4855 μεταϐαίνοντες

368 4869 460 4924 καὶ
491 4867 573 4923 ἀεί
600 4890 656 4924 τι
687 4866 918 4941 δρῶντες
950 4866 1231 4945 ἐπιτυχὲς.
1281 4870 1380 4925 Ἠν
1414 4865 1461 4922 δ’
1492 4868 1581 4923 ὅτε
1622 4870 1712 4924 καὶ
1769 4869 2023 4944 βασιλεὺς

374 4959 467 5032 μέν
502 4958 578 5021 εἷς
611 4953 982 5035 Ἀγαθόπολιν
1027 4954 1280 5025 ἤλαυνεν,
1340 4955 1655 5032 έπισχήσων
1706 4959 1832 5021 τοὺς
1884 4960 2024 5034 Βαρ-

369 5042 573 5123 ϐάρους
602 5052 711 5103 τῶν
754 5043 1059 5120 ἐκδρομῶν,
1111 5044 1267 5100 αὐτοὶ
1321 5043 1379 5100 δὲ
1429 5045 1524 5109 τὰς
1577 5047 1770 5120 κώμας
1819 5042 2025 5121 ἔκειρον

370 5137 425 5191 αἳ
482 5137 718 5213 ἃγχιστα
770 5138 906 5204 ἦσαν
975 5140 1077 5204 τῆς
1133 5134 1662 5197 Φιλιππουπόλεως.
1750 5138 1836 5210 [Ρ.
1896 5138 2023 5209 255]

370 5226 635 5283 Κάκείνου
682 5223 818 5300 πρὸς
876 5225 939 5278 τὸ
999 5225 1211 5300 πάσχον
1295 5224 1543 5287 ἐπιόντος
1601 5224 1802 5281 ἐκεῖνοι
1869 5226 2023 5290 αὖθις

367 5313 674 5387 ἐπήλαυνον
708 5313 756 5385 ἐξ
816 5314 889 5369 ὧν
950 5315 977 5368 ὁ
1032 5314 1288 5387 βασιλεὺς
1335 5313 1685 5373 ἀπανίστατο.
1742 5319 1919 5373 Ταῦτα
1977 5314 2023 5371 δ’

368 5403 542 5459 ἐποίει
587 5405 776 5478 ἅτερος
820 5407 926 5459 τῶν
988 5400 1236 5481 ἀδελφῶν
1298 5405 1326 5458 ὁ
1383 5405 1566 5476 Ἀσάν,
1625 5404 1891 5485 ἀγχίνους
1951 5405 2025 5460 ὢν

375 5489 737 5571 διαφερόντως
767 5493 863 5547 κάν
893 5498 1010 5555 τοῖς
1042 5492 1269 5568 ἀπόροις
1327 5493 1613 5565 ἐπινοῆσαι
1659 5495 1725 5550 τὰ
1775 5494 2026 5574 ξύμφορα

370 5585 725 5646 ἱκανώτατος.
784 5585 1034 5658 Ἐγνώκει
1088 5583 1180 5638 οὖν
1215 5586 1243 5640 ὁ
1278 5583 1536 5660 βασιλεὺς
1584 5587 1675 5641 καὶ
1723 5584 1891 5642 πάλιν
1947 5588 2023 5648 εἰς

371 5673 471 5742 τήν
501 5672 740 5748 Ζαγορὰν
783 5672 1065 5744 εἰσελθεῖν,
1122 5675 1213 5730 καὶ
1265 5675 1338 5737 ὡς
1395 5675 1508 5731 οἷόν
1560 5696 1619 5730 τε
1670 5678 2025 5752 πειράσασθαι

368 5763 815 5838 ’παραστήσασθαι
867 5761 994 5822 τοὺς
1055 5764 1296 5828 Μυσούς.
1333 5766 1341 5776 ’
1383 5766 1492 5824 Καὶ
1551 5762 1618 5836 δῆ
1668 5764 1857 5843 ἐξάρας
1918 5768 2025 5823 ἀπὸ

2145 2028 2212 2067 eo
2244 2012 2337 2066 die
2360 2013 2604 2067 fortasse
2635 2026 2910 2082 magnam
2971 2008 3163 2079 adepti
3213 2006 3460 2079 gloriam
3506 2014 3804 2079 contemp-

2144 2100 2357 2157 tissimi
2392 2099 2587 2172 populi
2623 2098 2789 2155 nobis
2848 2097 3258 2163 insultasseut,
3318 2096 3429 2153 nisi
3486 2097 3802 2168 imperator

2142 2207 2271 2245 cum
2308 2190 2594 2262 phalange
2624 2206 2732 2244 sua
2764 2188 2959 2244 adhuc
2982 2188 3211 2259 integra
3258 2185 3714 2258 supervenisset,
3742 2189 3802 2240 et

2143 2281 2418 2335 incitatus
2450 2279 2826 2334 classicorum
2863 2280 3072 2332 cantus
3129 2281 3186 2331 et
3233 2275 3468 2346 clangor
3515 2274 3795 2329 tubarum

2139 2376 2196 2426 et
2229 2370 2409 2424 rictus
2442 2368 2725 2423 hiantium
2755 2368 3099 2430 draconum,
3132 2364 3320 2420 hastis
3369 2365 3643 2435 suspensi
3676 2366 3734 2419 et
3766 2380 3799 2418 a

2136 2459 2329 2516 ventis
2357 2458 2582 2531 agitati,
2626 2458 2824 2512 hostes
2874 2455 3116 2527 majoris
3174 2453 3462 2510 exercitus
3515 2452 3790 2525 opinione

2138 2549 2502 2605 terruissent.
2538 2552 2614 2603 Ac
2645 2554 2781 2602 tunc
2842 2547 3157 2615 imperator
3208 2560 3384 2615 parva
3424 2542 3790 2615 captivorum

2135 2643 2299 2711 parte
2333 2638 2488 2694 velut
2514 2655 2583 2693 ex
2618 2637 2883 2692 faucibus
2945 2636 3199 2690 ferarum
3246 2636 3466 2705 erepta,
3520 2633 3790 2689 instituto

2138 2729 2343 2783 itinere
2374 2728 2617 2796 omisso,
2657 2725 3094 2797 Adrianopolim
3146 2723 3427 2796 pervenit.
3489 2722 3642 2780 520
3682 2724 3791 2777 Sed

2132 2818 2271 2890 quia
2304 2817 2536 2873 barbari
2572 2833 2683 2872 non
2711 2815 3298 2888 quiescebant,quam
3317 2814 3467 2868 viam
3488 2812 3789 2879 omiserat,

2131 2909 2322 2964 denuo
2380 2923 2615 2962 currere
2674 2904 2986 2972 instituit;
3043 2908 3102 2959 et
3159 2902 3408 2957 Berroeu
3468 2902 3790 2973 profectus,

2133 3000 2481 3056 Blachorum
2539 3003 2596 3053 et
2654 2996 3003 3070 Scytharum
3060 2993 3436 3050 excursiones
3488 3009 3622 3048 cum
3683 3008 3803 3063 per.

2129 3091 2305 3146 duces
2366 3091 2446 3144 rei
2506 3086 2723 3143 bellicis
2785 3087 3001 3158 peritos
3059 3090 3182 3140 tum
3246 3100 3344 3153 per
3402 3084 3782 3154 semetipsum

2129 3178 2430 3251 repressit.
2466 3177 2576 3241 Qui
2600 3179 2705 3232 etsi
2734 3176 3029 3231 Romanos
3064 3174 3417 3229 verebantur
3446 3175 3506 3244 et
3528 3171 3781 3243 impera-

2128 3270 2276 3324 toris
2295 3268 2662 3339 prsesentiam
2708 3264 3335 3334 formidabant,tamen
3380 3261 3592 3316 iterum
3629 3260 3781 3315 clam

2130 3358 2585 3421 insidiabantur,
2620 3358 2700 3411 ita
2750 3359 3124 3411 excurrentes
3179 3359 3243 3407 ut
3293 3368 3499 3425 pugnas
3540 3350 3693 3406 avidi
3724 3354 3783 3405 et

2124 3447 2377 3503 subinde
2432 3445 2803 3518 exspectandi
2864 3446 3200 3501 viderentur
3249 3466 3264 3509 ;
3355 3447 3413 3496 et
3469 3439 3614 3495 alias
3666 3438 3779 3494 alio

2126 3536 2587 3603 transibant,nec
2628 3550 2876 3605 usquam
2896 3532 3308 3589 occasionibus
3339 3533 3598 3586 deerant.
3632 3531 3777 3585 Cum

2123 3619 2442 3696 imperator
2472 3625 2541 3681 ad
2567 3641 2664 3679 eos
2690 3621 3090 3694 rcprimendos
3118 3620 3531 3694 AgatbOpolim
3571 3635 3776 3690 prope-

2127 3714 2401 3781 rabat,illi
2438 3711 2618 3786 pages
2650 3711 3038 3783 Philippopoli
3069 3711 3369 3782 proximos
3421 3706 3732 3764 vastabant
3762 3723 3775 3761 :

2127 3821 2256 3860 cum
2287 3803 2515 3859 aiflictas
2560 3803 2706 3874 parti
2766 3800 3166 3863 succurrebat,
3230 3797 3311 3852 illi
3358 3813 3424 3852 eo
3476 3796 3780 3851 irruebant

2131 3895 2283 3949 unde
2314 3893 2409 3948 ille
2437 3893 2808 3947 discesserat.
2841 3895 2973 3945 Haec
3006 3889 3151 3945 alter
3185 3888 3360 3943 frater
3392 3892 3546 3941 Asan
3598 3884 3777 3940 facie-

2128 3984 2249 4049 bat,
2276 3983 2448 4038 homo
2496 3980 2950 4053 ingeniossimus
2974 3983 3029 4034 et
3059 3979 3117 4033 in
3167 3978 3341 4034 rebus
3376 3974 3782 4032 dubiis-soler-

2129 4072 2413 4129 tissimus.
2440 4072 2645 4142 Itaque
2702 4070 3018 4139 imperator
3064 4084 3196 4122 cum
3257 4068 3448 4121 denuo
3495 4064 3776 4134 Zagoram

2129 4163 2421 4232 invadere,
2454 4166 2511 4216 et
2566 4165 2854 4232 quantum
2915 4158 3135 4225 liceret,
3206 4154 3533 4228 periculum
3597 4154 3788 4209 facere

2134 4250 2485 4306 instituisset
2515 4266 2587 4304 an
2650 4249 2843 4318 Mysos
2891 4249 2962 4303 ad
3026 4246 3375 4302 deditionem
3435 4243 3786 4315 compellere

2135 4343 2351 4408 posset,
2388 4336 3130 4410 PbilippopoliTriadizam
3165 4336 3466 4407 digressus
3501 4338 3607 4389 est.
3644 4332 3786 4387 Inde

2130 4428 2286 4484 enim
2345 4427 2606 4483 Haamum
2662 4426 2830 4482 facile
2890 4426 3037 4481 adiri
3100 4440 3290 4496 posse,
3343 4423 3559 4478 alicubi
3609 4421 3782 4477 etiam

2132 4518 2335 4590 planos
2360 4517 2624 4572 tramites
2650 4522 2869 4587 patere,
2900 4514 3037 4571 item
3060 4531 3223 4586 aqua:
3248 4512 3472 4569 aiiatim
3513 4516 3570 4567 et
3601 4511 3785 4583 pabu-

2131 4606 2558 4678 lumjumentis
2581 4611 2888 4679 suppetere
2949 4604 3233 4674 audierat,
3267 4604 3317 4658 si
3349 4602 3482 4675 quis
3513 4619 3581 4658 eo
3632 4604 3779 4657 tem-

2054 4711 2098 4776 ι)
2132 4695 2353 4769 pestive
2409 4696 2893 4767 proficisceretur.
2940 4696 3087 4761 Quia
3143 4709 3277 4747 vero
3358 4693 3571 4747 bruma
3627 4691 3776 4747 521

2135 4785 2413 4852 instabat,
2445 4790 2500 4841 et
2524 4785 2767 4840 ﬂumina
2798 4786 2878 4857 (in
2940 4782 3129 4855 gelido
3185 4782 3285 4838 illo
3327 4786 3388 4836 et
3439 4780 3786 4850 septentrio-

2134 4877 2252 4932 nali
2286 4875 2605 4947 praesertim
2632 4874 2889 4942 climate)
2911 4873 3316 4944 congelabant,
3340 4875 3398 4924 et
3420 4865 3788 4924 densissimis

2134 4968 2296 5022 nives
2338 4982 2450 5021 non
2485 4968 2673 5021 solum
2698 4971 2912 5019 terram
2933 4961 3277 5035 operiebant
3302 4963 3359 5015 et
3387 4957 3564 5014 valles
3590 4953 3782 5028 exple-

2133 5055 2294 5125 bant,
2328 5055 2427 5110 sed
2462 5054 2672 5109 aedium
2709 5068 2942 5125 quoque
2998 5054 3148 5106 fores
3207 5048 3614 5114 obstruebant,
3647 5061 3783 5102 eum

2131 5148 2407 5199 conatum
2442 5143 2499 5197 in
2534 5158 2775 5198 vernum
2812 5149 3041 5211 tempus
3072 5138 3319 5204 distulit,
3341 5147 3397 5194 et
3433 5134 3688 5192 exercitu
3721 5134 3782 5189 in

2132 5234 2234 5288 illa
2264 5232 2560 5304 provincia
2617 5232 2925 5287 hibernare
2965 5233 3157 5301 jusso,
3216 5245 3349 5285 cum
3402 5226 3686 5299 expeditis
3720 5225 3781 5281 in

2133 5322 2329 5378 urbem
2366 5337 2629 5378 reversus
2686 5320 2844 5376 ludis
2901 5318 3273 5375 Circensibus
3328 5322 3385 5373 et
3431 5314 3785 5390 spectaculis

2132 5411 2397 5468 animum
2422 5408 2894 5478 recreavit,Veris
2919 5409 3086 5464 initio
3114 5425 3320 5464 rursus
3342 5412 3548 5462 contra
3596 5405 3785 5473 Mysos

2132 5516 2427 5572 egressus,
2459 5505 2517 5554 et
2543 5499 2730 5555 tribus
2778 5498 3022 5570 integris
3054 5497 3355 5553 mensibus
3388 5496 3444 5549 in
3480 5494 3782 5551 obsidione

2134 5590 2322 5645 Lobizi
2343 5589 2567 5644 castelli
2591 5590 2804 5644 [rustra
2826 5604 2958 5642 cum
2985 5588 3236 5643 maximo
3262 5586 3457 5641 labore
3505 5599 3777 5641 consum-

2132 5680 2267 5753 ptis,
2300 5680 2513 5735 infecta
2569 5695 2629 5734 re
2684 5679 2922 5735 demum
2977 5678 3166 5735 rediit.
3212 5676 3359 5732 Nam
3409 5673 3778 5745 Propontidis

2131 5767 2461 5840 amcsnitas,
2516 5766 2865 5826 suavissima
2932 5765 3273 5832 diversoria,
3333 5763 3666 5822 venationes
3722 5764 3780 5816 et
