4102 6436
310 360 434 426 763

1619 364 1928 428 NICETzE
1971 359 2401 423 CHONIATE

3613 367 3735 432 764

313 495 721 567 equitation‘es,
784 514 911 570 quas
969 497 1122 553 velut
1173 497 1396 554 catenis
1444 498 1842 568 constringere
1871 511 1964 550 so-

2081 487 2591 552 Φιλιππου-πόλεως
2631 489 2706 554 εἰς
2740 489 3086 566 ’Τριάδιτζαν
3134 493 3510 568 παραγίνεται.
3567 497 3738 553 Ἐκεῖ-

315 585 438 639 lent
466 596 672 642 nostras
703 588 892 643 aetatis
948 587 1350 659 imperatores,
1407 605 1519 643 non
1563 589 1663 642 diu
1691 602 1821 641 eum
1856 583 1967 639 sub

310 675 406 729 dio
437 691 567 731 esse
599 675 889 742 sinebant,
924 679 1023 730 sed
1089 675 1264 731 veluti
1321 676 1507 746 clipeo
1539 675 1760 746 abjecto
1796 675 1959 729 aul‘u-

307 777 442 834 gere
475 763 782 835 cogebant.
818 763 938 819 Etsi
969 768 1162 818 autem
1197 770 1254 819 et
1279 764 1484 820 Asanis
1530 779 1766 819 uxorem
1799 778 1964 832 cepc~

307 854 401 906 rat
429 857 487 906 et
517 853 752 908 fratrem
813 855 942 923 ejus
999 852 1281 908 Joannem
1342 855 1604 910 obsidem
1648 855 1962 924 receperat,

309 940 700 996 nihilominus
724 946 915 997 tamen
949 959 1041 999 res
1073 944 1130 998 in
1157 943 1324 1016 pejus
1356 942 1625 998 ruebant.

2078 579 2164 635 θεν
2197 581 2304 656 γὰρ
2333 581 2564 651 ἠκηκόει
2617 583 2692 654 μὴ
2746 577 3146 655 δυσπορεύτους
3212 583 3344 638 εἶναι
3399 584 3534 640 κατὰ
3589 585 3734 643 πολὺ

2075 671 2174 731 τὰς
2223 670 2300 732 εἷς
2356 669 2447 725 τὸν
2490 672 2674 743 Αἷμον
2727 671 2975 745 πορείας,
3034 669 3160 726 ἀλλ’
3208 671 3316 728 ἔσθ’
3364 671 3472 744 ὅπη
3531 676 3623 730 καὶ
3678 673 3734 740 ἒς

2075 757 2285 821 εὐθείας
2342 757 2674 834 ἀνοίγεσθαι,
2740 759 2832 814 καὶ
2890 757 3036 834 ὕδωρ
3095 761 3230 816 εἶναι
3313 763 3390 826 εἰς
3475 761 3728 840 ἄντλημα

2073 848 2408 904 ἱκανώτατον
2465 847 2557 902 καὶ
2615 845 2778 922 χιλὸν
2838 853 2957 909 τοῖς
3017 849 3330 924 ὑποξυγίοις
3389 851 3616 926 ἐνόδιον,
3682 855 3728 910 εἰ

2071 939 2207 994 κατᾶ
2235 938 2420 1013 καιρὸν
2449 935 2561 993 ἐκεῖ
2587 957 2668 1000 τις
2719 935 3028 1012 πορεύοιτο.
3079 934 3168 1000 Ὠς
3218 936 3266 993 δ’
3315 939 3392 1004 εἰς
3441 945 3726 1019 χειμέριον

317 1030 530 1101 τροπὴν
587 1029 954 1105 παρεγκλίνας
1021 1030 1256 1099 ἤλαυνεν
1315 1029 1500 1102 ἣλιος,
1555 1031 1644 1086 καὶ
1697 1027 1938 1102 ποταμοὶ
2001 1028 2094 1102 μὲν
2163 1028 2268 1084 ὑπὸ
2320 1031 2534 1105 ψυχους
2595 1027 2892 1098 έπήσσοντο
2948 1027 3036 1081 καὶ
3097 1026 3284 1090 ἄλλως
3345 1030 3564 1105 βορείου
3639 1033 3732 1088 καὶ

315 1120 534 1193 ψυχροῦ
587 1121 684 1172 τοῦ
745 1117 916 1174 ἐκεῖσε
966 1119 1236 1193 κλίματος
1293 1120 1473 1192 liv-Coc,
1547 1119 1688 1196 χιὼν
1773 1117 1829 1174 δὲ
1912 1116 2146 1190 πλείστη

2239 1119 2623 1196 κατενεχθεῖσα
2693 1117 2756 1173 τὸ
2839 1118 2937 1186 τῆς
2995 1116 3218 1191 ἠφάνισε
3293 1117 3608 1194 πρόσωπον,
3669 1121 3730 1176 οὐ

319 1205 488 1278 μόνον
547 1203 808 1277 πλήσασα
862 1208 1166 1286 φάραγγας,
1227 1208 1372 1266 ἄλλα
1427 1210 1518 1265 καὶ
1579 1211 1743 1284 θύρας
1795 1207 2112 1280 οἰκημάτων
2173 1207 2571 1284 έπιζυγώσασα,
2633 1206 2918 1281 ὑπερέθετο
2976 1207 3036 1260 τὸ
3099 1200 3258 1280 ἔργον
3343 1207 3417 1269 εἰς
3487 1206 3726 1288 ἀνάφαν-

303 1315 388 1350 σιν
441 1291 624 1370 ἔαρος,
685 1297 776 1350 καὶ
835 1295 902 1368 δὴ
957 1299 1056 1367 τὴ»

1125 1300 1218 1372 μὲν
1281 1299 1534 1373 στρατιὰν
1593 1297 1906 1368 αὐλίζεσθαι
1965 1293 2196 1367 διαφῆκε
2253 1296 2387 1352 κατὰ
2443 1297 2543 1365 τὴν
2611 1293 2774 1350 ἐκεῖθι
2834 1291 3121 1369 ἐπαρχίαν,
3190 1293 3349 1356 αὐτὸς
3403 1293 3446 1349 δ’
3501 1295 3735 1364 εὔζωνος

296 1384 398 1452 τὴν
465 1381 726 1458 βασιλίδα
775 1406 911 1440 κατ;.
956 1387 1104 1440 ’μὲν
1173 1385 1414 1460 δ.εχεῖτο
1467 1385 1654 1440 ἵππων
1717 1383 1985 1457 ἁμίλλαις
2043 1383 2132 1438 καὶ
2184 1383 2460 1456 θεωρείοις
2517 1382 2791 1456 ἐγάννυτο.
2851 1383 2999 1455 Ἃμα
3030 1379 3076 1436 δ’
3108 1381 3204 1455 ἦρι
3265 1379 3478 1458 φανέντι
3550 1381 3739 1452 ἔξεισιν

303 1470 457 1536 αὖθις
504 1473 594 1528 καὶ
653 1475 858 1546 μέτεισι
913 1475 1042 1536 τοὺς
1113 1477 1350 1536 Μυσούς.
1408 1473 1612 1536 Ὅλους
1669 1474 1761 1528 οὗν
1828 1475 1999 1545 μῆνας
2057 1476 2205 1545 τρεῖς
2265 1470 2562 1543 ἐξηνυκὼς,
2617 1471 2705 1524 καὶ
2760 1468 2884 1545 περῖ
2943 1469 3042 1537 τήν
3097 1474 3194 1525 τοῦ
3253 1470 3521 1548 φρουρίου
3575 1471 3738 1525 κατά-

305 1579 494 1635 σχεσιν
551 1561 582 1616 6'
641 1559 906 1632 Λοὸιτζὸς
967 1563 1322 1631 ἐπιγέκληται
1379 1562 1610 1618 πλεῖστα
1669 1560 2014 1630 πεπονηκὼς,
2071 1556 2258 1620 ἀτελὲς
2315 1559 2379 1613 τὸ
2439 1557 2752 1634 ἐγχείρημα
2806 1557 2897 1612 καὶ
2958 1555 3122 1612 πάλιν
3181 1557 3468 1612 ἀπολιπὼν
3537 1558 3738 1614 ἐκεῖθεν

314 1649 633 1722 μεθίσταται
683 1651 774 1704 καὶ
833 1653 933 1722 τὴν
994 1649 1252 1727 βασιλίδα
1306 1655 1413 1706 τῶν
1465 1647 1682 1704 πόλεων
1743 1647 1980 1704 εἷ’σεισιψ
2041 1647 2096 1701 αἰ
2149 1647 2252 1724 γὰρ
2307 1653 2408 1716 τῆς
2468 1643 2836 1721 Προποντίδος
2906 1647 3128 1722 χάριτες
3196 1645 3288 1702 καὶ
3346 1648 3412 1702 τὰ
3467 1647 3732 1724 ἐπιτερπῆ

305 1740 429 1792 κατ’
468 1739 638 1806 αὐτὴν
700 1740 1035 1812 σκηνώματα
1092 1740 1160 1794 τά
1217 1760 1276 1794 τε
1331 1736 1624 1813 κυνηγέσια
1678 1737 1769 1792 καὶ
1828 1736 2083 1804 ἰππάσια,
2145 1732 2512 1791 άλυσιδοῦντα
2573 1737 2689 1790 οἷον
2743 1733 2871 1797 τοὺς
2955 1733 3011 1796 ἐς
3085 1737 3234 1808 ἡμᾶς
3307 1735 3736 1812 αὐτοκράτορας,

313 1826 415 1881 οὐκ
445 1825 569 1881 εἷὶον
629 1825 716 1882 ἐπὶ
779 1828 984 1903 μακρὸν
1043 1829 1356 1903 θυραυλεῖν,
1411 1825 1540 1883 ἀλλ’
1597 1827 1672 1890 ὡς
1729 1823 2057 1903 ῥιψάσπιδας
2111 1824 2436 1904 γινομένους
2492 1820 2704 1880 ἔπειθον
2761 1821 3094 1896 αὐτομολεῖν
3149 1825 3226 1887 εἰς
3273 1823 3426 1881 αὐτά.
3477 1826 3614 1882 Τότε
3674 1823 3733 1881 δὲ

301 1914 395 1969 καὶ
449 1914 552 1983 τήν
607 1919 705 1970 τοῦ
767 1917 925 1972 ’Δσὰν
981 1922 1206 1991 γυναῖκα
1261 1917 1524 1992 κατέσχεν
1583 1917 1612 1972 6
1663 1914 1942 1992 βασιλεὺς,
1995 1913 2086 1970 καὶ
2165 1914 2259 1968 τὸν
2338 1911 2572 1993 ἀδελφὸν
2647 1912 2813 1968 αὐτοῦ
2883 1910 3104 1988 θάτερον
3154 1913 3248 1968 τὸν
3320 1914 3580 1984 Ἰωάννην
3659 1913 3736 1977 εἰς

303 2004 518 2080 ὃμηρον
538 2003 787 2083 εἴληφεν.
825 2004 1000 2062 Ἀλλά
1027 2007 1116 2062 καὶ
1148 2005 1321 2069 οὓτως
1351 2005 1440 2062 ἐπὶ
1469 2007 1536 2062 τὰ
1565 2005 1740 2080 χείρω
1778 2005 1846 2060 τὰ
1875 2005 2174 2081 πράγματα
2212 1998 2532 2079 προῦϐαινε.

369 2097 426 2152 2.
458 2096 578 2153 Sub
611 2097 719 2154 hoc
752 2103 987 2171 tempus
1044 2101 1377 2156 Theodorus
1413 2099 1793 2170 Mangaphas,
1833 2097 1965 2152 Phi—
1999 2101 2044 2164 Β

297 2184 742 2259 ladelphieusis,
777 2203 1023 2260 regnum
1058 2187 1387 2257 affectavit;
1421 2204 1488 2244 ac
1519 2191 1778 2260 primum
1833 2187 1964 2258 ejus

303 2276 469 2333 urbis
499 2277 988 2349 frequentissima
1046 2279 1274 2350 plebem
1321 2279 1477 2336 522
1511 2275 1963 2334 audacissimum

301 2365 416 2422 sibi
445 2366 780 2422 conciliavit
810 2371 869 2423 et
922 2368 1311 2439 jurejurando
1345 2367 1686 2432 obstrinxit,
1723 2383 1790 2422 ac
1823 2381 1964 2437 pau-

303 2454 472 2512 latim
505 2472 871 2528 progressus,
909 2456 1086 2531 Lydis
1132 2458 1412 2515 omnibus
1470 2457 1542 2514 ad
1573 2457 1964 2514 defectionem

305 2542 844 2616 impulsio,regium
869 2562 1080 2603 nomen
1107 2547 1433 2619 usurpavit.
1453 2547 1674 2602 Deinde
1697 2545 1968 2601 ﬁnitimis

305 2645 546 2701 quoque
601 2632 916 2701 provinciis
973 2634 1210 2690 tentatis
1275 2637 1612 2706 argenteam
1667 2636 1964 2688 monetam

308 2735 445 2775 cum
479 2736 586 2774 sua
615 2721 870 2792 imagine
902 2723 1212 2795 percussit.
1245 2723 1318 2780 Ut
1347 2727 1541 2780 autem
1585 2723 1830 2779 defectio
1861 2739 1966 2777 an-

310 2809 578 2880 gebatur,
625 2815 683 2866 et
742 2816 806 2866 ut
857 2811 1028 2867 initio
1086 2814 1282 2868 derisa
1338 2813 1546 2880 fuerat,
1606 2812 1692 2868 sic
1757 2811 1968 2868 deinde

311 2898 684 2970 imperatoris
748 2899 1013 2956 animum
1074 2901 1329 2974 graviter
1382 2901 1750 2973 percellebat,
1821 2900 1968 2956 nihil

311 2987 709 3043 cunctandum
734 2994 894 3046 ratus
924 2990 1311 3064 Mangapham
1359 2993 1746 3063 cognomento
1779 2989 1963 3046 Moro-

311 3077 658 3133 tbeodorum
717 3079 791 3132 ob
849 3093 1058 3148 parum
1107 3094 1430 3150 prosperos
1489 3094 1793 3134 successus
1851 3095 1967 3134 non

309 3163 500 3220 multo
528 3170 660 3236 post
681 3166 897 3221 dictum
926 3166 1343 3239 Philadelphia
1385 3166 1634 3224 obsidet.
1668 3166 1782 3224 Sed
1834 3182 1965 3222 cum

311 3253 517 3309 urbem
552 3253 828 3310 diuturna
857 3255 1160 3312 obsidione
1197 3257 1270 3313 ad
1313 3257 1670 3314 deditionem
1711 3256 1966 3329 compel-

313 3343 438 3399 lere
467 3359 583 3398 non
632 3349 848 3416 posset,
907 3346 980 3402 iis
1039 3347 1478 3404 conditionibus
1535 3347 1852 3419 paciscitur
1907 3355 1968 3404 ut

313 3431 660 3488 Theodorus
719 3434 1000 3505 depositis
1061 3436 1219 3508 regni
1288 3435 1626 3510 insignibus
1683 3437 1969 3509 privatam

313 3521 496 3577 vitam
528 3528 662 3595 agat
711 3528 776 3578 ut
833 3523 1023 3596 prius,
1083 3525 1235 3583 cives
1287 3542 1422 3582 vero
1474 3525 1526 3582 ei
1580 3531 1822 3599 pareant
1878 3527 1971 3582 cui

317 3611 486 3682 prius
513 3630 528 3680 ;
559 3616 620 3668 et
648 3611 956 3670 obsidibus
991 3631 1100 3671 suo
1131 3615 1416 3672 arbitratu
1451 3618 1705 3688 acceptis
1738 3615 1794 3672 in
1849 3632 1969 3672 ma-

320 3715 498 3772 gnam
533 3701 737 3757 urbem
771 3704 1095 3762 revertitur.
1132 3706 1194 3760 In
1241 3722 1320 3761 ea.
1363 3722 1595 3778 quoque
1651 3705 1972 3762 defectione

321 3789 493 3845 multi
519 3790 624 3846 viri
666 3791 843 3847 fortes
898 3795 1215 3864 perierunt.
1272 3799 1557 3852 Caeterum
1613 3811 1728 3850 non
1788 3793 1972 3850 multo

319 3884 454 3950 post
475 3879 725 3936 Basilius
749 3881 1036 3946 Batatzes,
1069 3885 1314 3940 obscura
1352 3900 1563 3956 genere
1601 3889 1784 3951 ortus,
1819 3883 1970 3941 528

315 3972 514 4022 tamen
549 3969 622 4024 ob
645 3971 880 4026 ductam
911 3973 1279 4041 imperatoris
1331 3981 1560 4045 neptem
1613 3973 1972 4029 domesticus

323 4057 576 4113 Orientis
604 4063 664 4114 et
692 4059 949 4116 Thracia:
972 4062 1090 4116 dux
1110 4061 1476 4133 designatus,
1513 4062 1799 4132 plurimos
1840 4079 1970 4118 con-

314 4147 547 4218 juratos
566 4147 907 4221 Mangapha?
940 4149 1350 4222 largitionibus
1373 4151 1650 4222 corrupit.
1685 4151 1754 4206 Et
1793 4167 1972 4223 quan-

321 4257 499 4313 quam
524 4239 822 4297 hominem
853 4243 1350 4314 comprehendere
1381 4251 1436 4299 et
1465 4228 1524 4299 in
1555 4243 1791 4299 vincula
1829 4261 1968 4300 con-

309 4333 494 4404 jicere
546 4350 664 4388 non
709 4335 916 4405 potuit,
981 4335 1124 4391 illud
1186 4341 1380 4392 tamen
1463 4336 1650 4391 effecit
1707 4341 1771 4390 ut
1827 4336 1970 4392 urbe

317 4421 651 4494 pelleretur.
685 4425 808 4490 Quo
834 4424 984 4480 facto
1018 4441 1148 4479 cum
1185 4441 1463 4494 magnum
1513 4425 1795 4497 quiddam
1844 4441 1974 4480 con-

322 4514 560 4566 secutus
591 4511 1008 4583 etirnpcratnri
1039 4515 1358 4569 admodum
1404 4514 1771 4585 gratificatns
1813 4514 1970 4570 vide-

320 4607 500 4667 retur,
542 4601 902 4674 Mangaphas
936 4605 1005 4656 nd
1036 4602 1423 4658 Caicbosroen
1461 4603 1635 4658 lconii
1669 4603 1968 4658 sultauum

320 4690 605 4764 profugus
638 4691 856 4748 auxilia
875 4696 1077 4748 contra
1118 4691 1412 4748 Romanos
1463 4709 1576 4748 non
1615 4692 1971 4764 impetravit,

2150 2095 2217 2170 β’.
2256 2095 2399 2150 Κατὰ
2438 2091 2497 2149 δὲ
2517 2094 2611 2149 τὸν
2647 2093 2834 2168 καιρὸν
2883 2096 3076 2148 τοῦτον
3128 2091 3406 2170 τυραννίδι
3453 2093 3734 2169 ἐπικεχεί-

2078 2202 2240 2259 ρηκεν
2275 2185 2303 2238 6
2335 2179 2715 2261 Φιλαδελφεὺς
2765 2179 3048 2258 Θεόδωρος
3081 2185 3108 2238 ὁ
3138 2188 3456 2264 Μαγκαφᾶς.
3511 2185 3621 2241 Καὶ
3669 2186 3736 2240 τὰ

2079 2271 2178 2346 μὲν
2210 2275 2401 2348 πρῶτα
2446 2273 2595 2346 [256]
2644 2273 2706 2328 τὸ
2755 2275 2856 2342 τῆς
2915 2271 3132 2336 πόλεως
3190 2273 3392 2344 ταύτης
3456 2273 3734 2348 ἀγελαῖον,

2076 2358 2598 2438 πολυανδρούμένον
2672 2360 2729 2417 δν
2803 2361 2972 2436 θρασύ
3045 2383 3106 2419 τε
3179 2363 3269 2418 καὶ
3328 2361 3736 2434 ἀναιδέστατον,

2077 2450 2253 2522 ἑαυτῷ
2282 2469 2692 2526 προσῳκειωσε,
2727 2451 2817 2506 καὶ
2853 2451 3038 2526 ὅρκοις
3079 2453 3180 2522 τήν
3226 2452 3303 2516 εἰς
3351 2451 3511 2508 αὐτὸν
3555 2453 3738 2510 πίστιν

2075 2536 2524 2596 κατεοεπὲδωσεν·
2562 2538 2676 2613 ὁδῷ
2727 2536 2785 2596 δὲ
2826 2541 3036 2617 προϊὼν
3077 2542 3167 2596 καὶ
3225 2542 3507 2618 βασιλείας
3556 2542 3734 2616 ἑαυτῷ

2075 2628 2392 2704 περιέθηκεν
2453 2627 2648 2703 ὄνομα,
2697 2629 2825 2692 τοὺς
2877 2626 3090 2694 Λυδοὺς
3139 2631 3339 2693 πάντας
3382 2630 3458 2694 εἰς
3505 2631 3737 2687 ἄποστα·

2078 2717 2196 2772 σίαν
2253 2717 2712 2793 ἐπισπασάμενος·
2775 2716 2959 2774 ἔπειτα
3017 2717 3075 2774 δὲ
3120 2719 3212 2775 καὶ
3264 2723 3374 2776 τῶν
3440 2717 3734 2798 ἆγχούρων

2077 2807 2439 2884 ἂποπειρᾶται
2489 2813 2716 2888 χωρῶν,
2775 2809 2867 2864 καὶ
2926 2808 3190 2886 ἀργύρεον
3248 2812 3445 2890 κέκοφε
3489 2812 3738 2887 νόμισμα

2077 2899 2178 2966 τήν
2241 2897 2442 2954 οἰκείαν
2503 2897 2810 2976 ἐγχαράξας
2869 2897 2921 2954 ἐν
2978 2899 3128 2973 αὐτῷ
3212 2899 3444 2972 στήλην.
3531 2901 3618 2962 Ὡς
3677 2898 3736 2954 δὲ

2077 2984 2400 3062 προῦκοπτε
2426 2989 2494 3043 τὰ
2523 2995 2623 3058 τῆς
2653 2988 2984 3046 ἀποστασίας
3034 2989 3123 3044 καὶ
3154 2991 3182 3046 6
3213 2987 3300 3045 ἐπὶ
3351 2995 3468 3050 τοῖς
3516 2983 3729 3062 δρωμέ-

2078 3085 2195 3140 νόις
2227 3076 2493 3154 πρότερον
2526 3075 2705 3155 γέλως
2739 3078 2814 3140 εἰς
2858 3077 3082 3155 πληγὴν
3126 3078 3367 3154 γενναίαν
3447 3077 3734 3151 μεθίστατο

2077 3166 2215 3242 πρὸς
2289 3167 2440 3242 ἧπαρ
2516 3171 2804 3242 χωροῦσαν
2879 3171 2978 3224 τοῦ
3031 3166 3321 3244 βασιλέως,
3384 3168 3460 3242 μὴ
3506 3165 3730 3240 μέλλειν

2081 3255 2238 3318 οὗτος
2270 3253 2516 3330 ἐγνώκει,
2551 3255 2699 3312 ἀλλὰ
2725 3257 2842 3312 κατ’
2873 3255 3036 3312 αὐτοῦ
3085 3257 3152 3311 τὰ
3203 3255 3351 3312 ὅπλα
3399 3253 3578 3336 διφᾷν.
3630 3253 3735 3312 Καὶ

2080 3341 2148 3414 δὴ
2171 3345 2308 3400 κατὰ
2345 3346 2445 3416 τήν
2497 3343 2902 3421 Φιλαδέλφειαν
2949 3346 3185 3422 γεγονὼς
3238 3341 3549 3424 ἔμφρουρον
3599 3343 3735 3419 αὐτῇ

2081 3435 2176 3490 τὸν
2221 3436 2526 3514 Μαγκαφᾶν
2585 3435 2894 3508 εἰργάσατο,
2964 3434 3022 3498 ὅς
3078 3435 3167 3491 καὶ
3223 3436 3324 3506 τὴν
3379 3439 3480 3491 τοῦ
3535 3439 3742 3510 Μωρο-

2087 3522 2363 3602 θεοδώρου
2413 3526 2807 3602 προσωνυμίαν
2854 3525 3122 3597 ἐκτήσατο
3177 3529 3287 3582 τῶν
3341 3527 3478 3582 κατὰ
3536 3524 3738 3580 σκοπὸν

2082 3613 2274 3688 ἐκείνῳ
2343 3613 2709 3672 διαπεσόντων
2764 3615 3030 3671 έσέπειτα.
3093 3616 3196 3672 Καὶ
3281 3616 3462 3671 ἱκανὸν
3537 3613 3735 3690 χρόνον

2079 3708 2150 3779 τῇ
2197 3705 2498 3780 πολιορκίᾳ
2545 3705 2946 3782 ἐγκαρτερήσας
2997 3704 3096 3760 οὐκ
3143 3704 3337 3780 ἴσχυσε
3383 3706 3510 3767 τοὺς
3567 3701 3743 3760 Φιλα-

2082 3791 2302 3872 δελφεῖς
2355 3795 2831 3869 παραστήσασθαι“
2908 3793 3026 3848 ’ὀθεν
3086 3793 3223 3867 πρὸς
3281 3791 3584 3868 ὁμολογίαν
3647 3795 3740 3848 καὶ

2082 3879 2378 3958 συμϐάσεις
2410 3883 2690 3957 ἐτράπετο,
2725 3883 2864 3938 ὥστε
2911 3883 3002 3938 τὸν
3059 3884 3152 3956 μὲν
3205 3881 3484 3956 Θεόδωρον
3524 3881 3591 3936 τά
3635 3884 3738 3952 τῆς

2085 3971 2364 4050 βασιλείας
2407 3971 2696 4036 ἀποθέσθαι
2749 3970 3051 4044 παράσημα
3105 3971 3196 4026 καὶ
3251 3972 3371 4026 καθ’
3419 3971 3607 4027 ἑαυτὸν
3658 3971 3735 4036 ὡς

2079 4063 2343 4138 πρότερον
2400 4061 2804 4130 πολιτεύεσθαι,
2863 4059 2926 4114 τὸ
2981 4057 3037 4115 δὲ
3094 4067 3194 4129 τῆς
3247 4059 3464 4122 πόλεως
3523 4059 3737 4133 ἐκείνης

2079 4150 2362 4227 πλήρωμα
2409 4147 2788 4224 βασιλεύεσθαι
2845 4149 3013 4206 πάλιν
3066 4150 3153 4226 ὑφ’
3193 4151 3254 4204 οὗ
3305 4150 3566 4226 πρότερον
3611 4145 3734 4206 ἔϐα-

2081 4239 2348 4296 σιλεύετο.
2400 4239 2505 4296 Καὶ
2556 4237 2744 4314 ὅμηρα
2809 4238 3008 4294 ἐκεῖθεν
3062 4237 3350 4313 δεξάμενος
3407 4239 3480 4294 ὧν
3540 4239 3732 4316 ᾑρεῖτο

2079 4329 2208 4394 τοὺς
2237 4327 2435 4392 παῖδας
2483 4327 2822 4403 ἕπανέζευξεν
2881 4329 2956 4392 εἷς
3013 4331 3112 4398 τὴν
3173 4323 3564 4402 μεγαλὸπολιν.
3621 4329 3737 4389 Οὐκ

2081 4418 2262 4494 ὀλίγοι
2321 4417 2379 4474 δὲ
2435 4419 2531 4474 κᾶν
2593 4423 2663 4494 τῇ
2752 4417 3106 4474 ἐπαναστάσει
3165 4417 3332 4493 ταύτῃ
3389 4419 3582 4494 ἀγαθοὶ
3642 4419 3734 4474 καὶ

2078 4513 2318 4584 γενναῖοι
2385 4505 2575 4583 ἄνδρες
2635 4505 2953 4564 ἀπώλοντο.
3013 4507 3142 4562 Μετ’
3201 4507 3266 4562 οὐ
3322 4506 3466 4563 πολὺ
3527 4504 3585 4562 δὲ
3639 4507 3732 4564 καὶ

2081 4597 2368 4658 Βασίλειος
2402 4598 2430 4650 ὁ
2463 4597 2744 4667 Βατάτζης
2797 4596 2988 4670 γένους
3041 4597 3134 4670 μὲν
3177 4595 3393 4670 ἀσήμου
3455 4596 3732 4672 βλαστὼν,

2083 4683 2172 4742 διὰ
2202 4683 2260 4741 δὲ
2303 4686 2366 4740 τὸ
2414 4685 2490 4748 εἰς
2545 4687 2777 4761 γυναῖκά
2833 4687 2890 4740 οἱ
2945 4687 3188 4762 γαμετὴν
3244 4687 3574 4764 συναφθῆναι
3631 4689 3732 4758 τήν

321 4777 544 4837 litteras
572 4787 766 4838 tamen
825 4782 1100 4850 obtinuit,
1163 4783 1382 4854 quibus
1435 4783 1862 4838 concedebatur
1908 4785 1970 4836 ut

2081 4780 2180 4832 τοῦ
2239 4776 2514 4850 βασιλέως
2571 4776 2710 4846 πρὸς
2766 4777 2972 4849 πατρὸς
3056 4775 3330 4850 ἐξανεψιδιν
3415 4774 3737 4848 δομέστικος

315 4873 532 4928 Turcas
563 4869 801 4939 liberos,
861 4873 962 4942 qui
1021 4889 1158 4928 arcu
1184 4853 1258 4928 et
1289 4872 1554 4943 pharetra
1601 4871 1726 4926 freti
1759 4874 1968 4928 Roma-

2081 4872 2180 4936 τῆς
2211 4865 2516 4931 Ἀνατολῆς
2541 4864 2796 4938 τιμηθεὶς
2827 4865 2914 4920 καὶ
2947 4865 3048 4935 τὴν
3101 4863 3357 4934 δουκικὴν
3403 4865 3586 4942 ἀρχὴν
3627 4866 3735 4922 τῶν

321 4975 426 5016 nos
451 4961 865 5033 praedarentur,
905 4963 1232 5018 ascisceret.
1265 4963 1384 5026 Qua
1435 4961 1658 5016 ratione
1687 4975 1819 5016 cum
1851 4977 1968 5015 non

320 5065 530 5120 parvas
559 5051 758 5118 copias
788 5052 1192 5116 contraxisset,
1231 5050 1444 5106 civium
1506 5066 1740 5106 suorum
1799 5065 1968 5105 man-

322 5137 472 5210 cipia
505 5143 562 5192 et
583 5140 852 5207 jumenta
883 5140 1141 5210 abduxit,
1173 5146 1231 5196 et
1279 5139 1538 5212 Phryges
1588 5138 1971 5196 Laodicensee

319 5226 652 5282 innumeris
704 5227 973 5283 cladibus
1030 5228 1244 5299 affecit,
1272 5232 1336 5284 ut
1365 5233 1422 5284 et
1449 5228 1758 5301 populares
1809 5243 1971 5284 meos

319 5316 809 5377 Choniatasyzrcis
829 5335 1029 5373 eorum
1055 5319 1253 5374 aestivo
1305 5322 1566 5390 tempore
1603 5317 1881 5384 incensis,
1915 5320 1972 5372 et

323 5405 509 5462 obviis
569 5406 900 5476 quibusque
951 5407 1225 5462 hostilem
1278 5407 1339 5461 in
1398 5409 1637 5463 modum
1689 5405 1970 5463 tractatis.

323 5495 466 5552 Nam
500 5501 561 5549 ut
591 5511 706 5550 non
738 5497 922 5550 dicam
949 5497 1172 5551 Turcas
1193 5496 1266 5551 ob
1297 5497 1666 5552 clementiam
1707 5497 1767 5552 in
1801 5496 1974 5552 finiti-

325 5602 452 5643 mos
485 5584 843 5640 Christianos
873 5585 945 5640 ab
976 5601 1042 5641 eo
1095 5583 1432 5658 objurgatos
1464 5603 1614 5658 esse,
1647 5593 1702 5642 et
1734 5589 1883 5644 facta
1912 5585 1971 5642 in

319 5677 547 5736 Cariam
579 5675 966 5748 impressione
998 5673 1214 5734 multos
1263 5676 1401 5735 inde
1452 5678 1718 5752 captivos
1763 5675 1973 5735 Turcis

2081 4956 2400 5032 Θρακησίων
2500 4955 2940 5028 ἀναζωσάμενος,
3039 4957 3321 5030 χρήμασιν
3450 4949 3772 5028 ὑπέφθειρε

2079 5045 2370 5107 πλείσυους
2399 5049 2508 5100 τῶν
2536 5048 2634 5100 τοῦ
2667 5048 2938 5122 Μαγκαφᾶ
2977 5043 3218 5118 ὀμοτῶν,
3277 5047 3368 5099 καὶ
3417 5044 3574 5102 αὐτὸν
3611 5045 3723 5117 ’μὲν

2080 5133 2180 5190 οὐκ
2209 5132 2340 5213 ἔσχε
2405 5128 2720 5203 συλλαϐεῖν,
2778 5140 2878 5204 τῆς
2947 5129 3004 5188 δὲ
3055 5133 3272 5196 πόλεως
3331 5131 3732 5215 Φιλαδελφείας

2080 5223 2279 5296 ἐξώσας
2327 5217 2476 5295 ἔδοξε
2511 5223 2602 5279 καί
2661 5219 2804 5278 οὕτω
2867 5223 3008 5300 μέγα
3062 5243 3116 5278 τι
3168 5223 3587 5300 κατωρθωκέναι
3645 5225 3737 5280 καὶ

2083 5313 2341 5370 ἀσπάσιον
2366 5310 2524 5391 ἔργον
2551 5315 2629 5385 τῷ
2655 5311 2894 5390 βασιλεῖ.
2928 5309 3085 5370 Ἀλλ’
3109 5313 3267 5376 οὗτος
3289 5317 3369 5386 τῷ
3388 5317 3486 5368 τοῦ
3507 5314 3740 5372 Ἰκονίου

2083 5403 2318 5460 σουλτᾶν
2350 5405 2665 5480 προσρυεὶς,
2722 5403 2768 5476 ᾧ
2825 5405 2860 5474 ἡ
2919 5401 3116 5471 κλῆσις
3171 5405 3544 5480 Καῖχοσρόης,
3603 5427 3746 5482 συμ-

2087 5496 2324 5570 μαχικὸν
2379 5495 2473 5568 μὲν
2533 5493 2759 5564 αἰτήσας
2815 5491 2953 5548 κατᾶ
3008 5491 3303 5565 Ῥωμαίων
3362 5495 3464 5550 οὐκ
3522 5492 3737 5567 ἔλαϐεν,

2081 5580 2302 5655 ἐνεδόθη
2365 5581 2422 5639 δέ
2467 5583 2519 5638 οἱ
2571 5575 3085 5659 προσλαμϐάνεσθαι
3135 5581 3559 5659 ἀνεπεγκλήτως
3607 5587 3742 5642 ὁπό-

2085 5693 2172 5731 σοι
2202 5677 2310 5730 τῶν
2371 5672 2640 5752 Τούρκων
2682 5667 3149 5752 κερδαλεόφρονες
3192 5671 3330 5728 κάπὶ
3381 5677 3462 5750 τῷ
3508 5683 3746 5758 γωρυτῷ
