4102 6410
358 353 510 414 .765

1518 350 1620 409 DE
1666 347 1971 409 lSAACIO
2014 348 2326 411 ANGEI.O
2368 349 2517 410 LIB.
2568 350 2646 409 lI.

3660 348 3822 429 ,τεο

391 487 482 541 καὶ
558 488 637 557 τῷ
713 482 855 557 τόξῳ
906 483 1007 551 τὴν
1076 479 1401 551 πεποίθησιν
1460 476 1683 560 ἔχοντες
1736 480 2048 551 Ῥωμαίους

2168 482 2543 535 abducendus
2576 497 2703 536 esse
2761 481 2951 548 datos,
3013 479 3311 535 Michaelis
3369 497 3601 553 quoque
3632 461 3817 535 archi'

395 575 770 650 λῃστεόουσιν.
806 575 923 633 Οὐκ
959 571 1158 646 ὀλίγην
1193 569 1284 624 οὖν
1334 574 1413 642 τῷ
1468 571 1657 643 τρόπῳ
1704 570 1882 641 τούτῳ
1941 592 2058 625 συν-

398 665 636 741 αγηὸχει
669 662 921 736 δύναμιν,
954 662 1042 716 καὶ
1080 661 1246 716 ἐπιὼν
1293 659 1420 722 τούς
1469 680 1526 714 τε
1573 661 1883 735 πατριώτας
1929 660 2051 714 ἐαυ-

362 751 490 809 ’τοῦ
518 753 571 816 ἐς
600 755 691 808 τὸν
723 752 1029 829 γεωργικὸν
1064 747 1238 825 ὄχλον
1271 748 1359 803 καὶ
1390 753 1497 803 τῶν
1530 749 1683 817 ζώων
1734 747 2051 821 ἐλυμαίνετο

393 844 460 899 τὰ
491 843 595 897 ὐπὸ
626 842 810 917 ζυγὸν,
845 840 932 896 καὶ
965 840 1093 901 τοὺς
1153 835 1439 900 Λαοδικεῖς
1486 835 1542 892 δὲ
1591 838 1807 913 Φρύγας
1857 858 2055 913 μυρια-

399 937 517 1009 χῶς
564 932 858 998 ἐκάκωσεν,
909 927 1090 1004 ὥσπερ
1158 927 1247 982 καὶ
1313 927 1439 989 τοὺς
1505 931 1611 982 τῶν
1676 929 1876 983 Χωνῶν
1943 930 2049 982 τῶν

398 1021 543 1095 ἐμῶν
576 1020 900 1094 οἰκήτορας,
933 1018 1027 1079 τὰς
1079 1014 1290 1078 ἅλωνας
1350 1015 1488 1071 κατά
1536 1017 1625 1070 τὸν
1682 1016 1884 1090 Οὲρειον
1934 1036 2051 1069 και-

398 1110 488 1185 ρὸν
522 1108 820 1185 πυρπολῶν
852 1108 943 1165 καὶ
973 1107 1035 1162 τὸ
1067 1105 1382 1181 προστυχὸν
1430 1105 1504 1167 ὡς
1556 1103 1827 1179 πολέμιος
1876 1104 2052 1180 χειρί-

396 1220 536 1260 στως
568 1195 938 1269 διατιθέμενος
1001 1195 1074 1250 ἐῶ
1111 1195 1212 1270 γὰρ
1265 1194 1442 1269 λέγειν
1485 1194 1560 1258 ὡς
1599 1193 1733 1255 τοὺς
1774 1193 2055 1263 Τούρκους

392 1287 1014 1369 φιλανθρωπευομὲνους
1071 1282 1299 1362 ἐνιαχοῦ
1357 1283 1494 1358 πρὸς
1553 1283 1614 1338 τὸ
1678 1282 1739 1337 ἐκ
1794 1282 2053 1358 γειτόνων

394 1366 544 1454 σφίσι
592 1375 996 1447 Χριστώνυμον
1057 1378 1241 1436 κακῶς
1299 1366 1495 1450 ἔφασκε
1541 1372 1632 1425 καὶ
1694 1369 2050 1442 ἐπέπληττεν.

394 1460 688 1541 Ἐμϐαλὼν
742 1462 799 1519 δὲ
851 1465 943 1518 καὶ
995 1466 1067 1536 τῇ
1117 1464 1293 1536 Καρίᾳ
1345 1463 1438 1517 καὶ
1493 1458 1741 1524 πολλοὺς
1789 1465 1896 1516 τῶν
1944 1460 2055 1516 ἐκεῖ

392 1554 775 1631 προνομεύσας
834 1557 950 1612 τοῖς
1016 1545 1322 1627 Βαρὸἀροις
1371 1547 1664 1605 ἐκδέδωκεν
1718 1549 1793 1611 εἰς
1839 1549 2054 1622 ἀπαγω-

391 1647 513 1721 γήν.
549 1642 728 1699 Ἀλλὰ
756 1641 845 1696 καὶ
876 1641 967 1695 τὸν
999 1641 1134 1694 νεὼν
1178 1643 1277 1694 τοῦ
1324 1639 1770 1716 ἀρχιστρατήγου
1820 1638 2052 1715 Μιχαὴλ

395 1735 424 1788 ὁ
474 1734 678 1806 ἄνομος
732 1731 888 1793 οὗτος
931 1726 1189 1808 διαφῆκεν
1237 1727 1537 1804 ἐμπρῆσαι,
1583 1725 1744 1804 ἔργον
1794 1727 2049 1802 μέγιστον

394 1822 484 1877 καὶ
552 1820 882 1897 περίπυστον
936 1814 1085 1888 ὄντα,
1141 1819 1231 1873 καὶ
1296 1811 1686 1894 ὑπερϐαίνοντα
1741 1817 1793 1880 ἐς
1843 1815 2049 1873 κάλλο>

399 1912 489 1967 καὶ
517 1914 616 1982 τήν
650 1909 727 1973 εἷς
771 1917 945 1983 μῆκος
986 1902 1199 1964 ἔκτασιν
1240 1908 1303 1965 τὸ
1369 1906 1423 1963 ἓν
1484 1911 1554 1982 τῇ
1614 1905 1857 1983 βασιλίδι
1888 1907 2048 1963 πόλει

399 2005 496 2056 τοῖ’)
545 1998 991 2074 καλλιμάρτυρος
1053 1997 1284 2054 Μωκίου
1338 1996 1583 2070 τέμενος.
1644 1997 1732 2060 Ὠς
1802 1993 1859 2051 δέ
1915 2017 2049 2053 ποτε

396 2089 532 2166 πρὸς
581 2089 674 2143 τὸν
724 2085 954 2143 σουλτάν
1005 2085 1313 2157 ἐπανέξευξιι
1366 2084 1631 2141 τοιούτων
1690 2090 2046 2163 παρανομιῶν

395 2178 640 2250 πλήρης,
669 2177 758 2232 καὶ
817 2177 1041 2231 πόθοιτο
1104 2173 1360 2252 βασιλεὺς
1420 2176 1519 2229 οὐκ
1577 2175 1653 2236 εἷς
1708 2177 1912 2251 ὰγαοᾶς
1960 2174 2048 2230 ἐν-

393 2267 545 2329 νοίας
610 2268 702 2321 καὶ
771 2266 989 2340 πράξεις
1076 2268 1167 2322 τὸν
1246 2263 1594 2340 Ἰκονιάρχην
1655 2264 1857 2339 ἐνάγειν
1915 2268 2053 2322 Καῖ-

391 2355 639 2432 χοσρόην
670 2354 790 2431 ἃρτι
822 2356 961 2432 πρὸς
992 2355 1199 2430 πατρὸς
1253 2353 1647 2417 ἐκλελοιπότος
1703 2355 1766 2409 τὸ
1826 2359 1921 2430 ζῇν
1952 2357 2052 2425 τὴν

389 2445 572 2526 ἀρχὴν
603 2449 701 2501 τοῦ
747 2444 980 2503 Ἰκονίου
1039 2441 1349 2517 δεξάμενον,
1409 2439 1661 2519 πρέσϐεις
1718 2439 1927 2500 ἔστειλε
1965 2445 2055 2501 καὶ

392 2538 660 2610 χρήματα
740 2533 1042 2610 παρασχὼν
1120 2537 1198 2605 τῷ
1276 2531 1510 2589 σουλτάν
1583 2531 2058 2607 καταπροδοθέντα

2165 574 2328 626 ducis
2363 572 2673 641 templum,
2706 589 2850 639 opus
2889 571 3196 625 «maximum-
3247 578 3301 625 et
3351 572 3816 634 celeberrimum,

2165 662 2319 734 quod
2354 663 2640 732 elegantia
2705 662 2861 718 524
2919 667 2976 715 et
3041 659 3405 731 longitudine
3466 660 3577 714 divi
3645 661 3816 715 Mocii

2166 750 2437 823 martyris
2494 751 2675 804 aedem
2736 750 2795 805 in
2859 750 3002 805 urbe
3063 749 3432 820 imperatricc
3483 750 3819 819 superabat,

2163 839 2395 895 incendi
2431 855 2637 910 passus
2666 844 2773 894 est.
2812 840 2875 896 Ut
2910 847 3100 894 autem
3154 838 3494 910 hujusmodi
3542 839 3819 893 facinori-

2166 930 2273 984 bus
2300 929 2506 1000 plenus
2527 930 2761 983 tandem
2786 930 2853 983 ad
2882 929 3185 984 sultanum
3212 927 3471 994 rediit,et
3493 926 3817 998 imperator

2165 1018 2235 1073 ad
2268 1017 2446 1073 lconii
2491 1017 2807 1088 principem
2842 1017 3248 1083 Cnichosroen,
3282 1017 3452 1085 cujus
3504 1021 3669 1088 pater
3700 1033 3814 1071 nu-

2166 1123 2266 1178 per
2298 1107 2611 1162 defunctus
2654 1106 3026 1179 crat,legatos
3061 1108 3401 1179 misit,quod
3434 1123 3562 1163 eum
3599 1107 3813 1163 aMan-

2165 1197 2358 1269 gapha
2393 1196 2451 1250 in
2485 1196 2863 1268 cogitationes
2895 1202 2950 1253 et
2980 1199 3240 1253 actiones
3275 1215 3387 1253 non
3414 1197 3597 1252 bonas
3621 1196 3819 1252 induci

2165 1286 2416 1353 Videbat,
2450 1290 2505 1339 et
2535 1286 2947 1357 largitionibus
2981 1286 3316 1357 impetravit
3368 1292 3429 1341 ut
3484 1285 3579 1341 ille
3615 1287 3819 1341 deser-

2166 1379 2263 1430 tus
2296 1392 2359 1428 ac
2390 1375 2656 1446 proditus
2697 1376 2766 1429 ad
2803 1392 2864 1429 se
2897 1376 3243 1445 mitteretur,
3264 1392 3331 1430 ea
3380 1380 3574 1430 tamen
3608 1374 3813 1430 condi-

2165 1468 2323 1519 tione
2348 1470 2411 1519 ut
2455 1464 2837 1520 defectionem
2888 1481 2994 1520 nec
3052 1466 3242 1537 capite
3292 1481 3394 1519 nec
3447 1463 3815 1520 mutilatione

2163 1552 2468 1609 laesioncve
2500 1553 2678 1608 ullius
2700 1553 3173 1608 membrilueret.
3207 1554 3328 1618 Qua
3387 1554 3456 1609 de
3488 1571 3666 1608 causa
3697 1570 3816 1609 om-

2164 1643 2257 1698 nis
2283 1642 2526 1697 alterius
2560 1643 2691 1698 mali
2733 1659 2938 1714 eXpers
2997 1644 3067 1698 ad
3134 1642 3476 1698 diuturnum
3524 1659 3810 1697 carcerem

2162 1738 2253 1788 est
2311 1732 2648 1811 damnatus.
2712 1732 2766 1788 id
2830 1733 3045 1787 factum
3106 1733 3250 1787 adeo
3309 1732 3533 1788 caeteris
3588 1730 3816 1787 Sullani

2165 1822 2468 1891 fratribus,
2498 1822 2599 1895 qui
2657 1838 2905 1894 regnum
2967 1838 3101 1876 cum
3145 1838 3211 1876 eo
3243 1820 3578 1889 diviserant,
3609 1820 3811 1891 displi-

2156 1913 2296 1981 cuit,
2334 1918 2397 1968 ut
2429 1918 2485 1969 et
2516 1930 2677 1968 arma
2701 1913 2752 1968 ei
2785 1911 3000 1967 illaturi
3053 1911 3289 1976 fuerint,
3325 1912 3478 1982 quod
3514 1909 3812 1966 hominem

2161 2002 2471 2074 profugum
2496 2007 2549 2058 et
2574 2001 2896 2074 supplicem
2927 2000 3185 2073 pecuniis
3208 2017 3387 2057 causa
3411 2001 3812 2055 Romanorum

2158 2091 2495 2162 imperatori
2532 2092 2906 2164 prodidisset,
2941 2091 3051 2145 nisi
3085 2091 3348 2161 specioso
3380 2106 3661 2161 responso
3695 2089 3815 2145 ira—

2161 2181 2438 2237 cundiam
2474 2181 2705 2236 illorum
2741 2181 3052 2252 placasset.
3084 2179 3289 2234 Aiebat
3313 2179 3465 2234 enim
3500 2196 3562 2234 se
3611 2179 3813 2250 paciﬁ-

2164 2269 2415 2327 cationis
2456 2287 2592 2343 ergo
2652 2270 2813 2325 illum
2869 2269 3188 2333 remisisse,
3248 2284 3619 2339 nequaquam
3681 2285 3816 2325 vero

2168 2359 2491 2430 prodidisse
2524 2378 2538 2427 ;
2574 2364 2629 2413 et
2660 2358 2957 2414 hominem
2988 2374 3203 2430 vagum
3239 2357 3298 2412 in
3353 2357 3605 2429 patriam
3648 2358 3812 2412 resti-

2168 2450 2439 2519 tuisse,ut
2460 2465 2564 2503 nec
2590 2451 2711 2517 ipse
2736 2447 2881 2503 alios
2906 2465 3010 2503 nec
3035 2448 3227 2519 ipsum
3273 2445 3370 2502 alii
3418 2462 3589 2518 porro
3619 2462 3816 2518 perse-

2168 2541 2505 2609 querentur.
2540 2540 2726 2609 Atque
2756 2537 2875 2592 hwc
2908 2537 3209 2592 hactenus.

390 2623 511 2700 εἶχε
539 2624 630 2679 καὶ
673 2621 1022 2696 ἀνάπεμπτον
1065 2621 1214 2695 αὐτῷ
1253 2622 1541 2699 γενόμενον
1582 2623 1675 2678 τὸν
1709 2625 2032 2702 Μαγκαιρᾶν,
2074 2623 2220 2696 πλήν
2262 2646 2321 2701 γε
2364 2625 2481 2697 μεθ’
2549 2624 2850 2699 ὁμολογίας
2876 2624 2965 2679 καὶ
3007 2624 3241 2686 πίστεως
3272 2630 3348 2697 μή
3395 2622 3535 2679 ὢστε
3564 2621 3816 2678 τοῦπιτί-

388 2735 516 2787 μιον
549 2710 698 2784 αἶ)τῷ
722 2719 823 2782 τῆς
851 2711 1184 2774 ἀποστασίας
1216 2711 1490 2775 κείσεσθαι
1523 2710 1749 2767 θάνατον
1793 2711 1827 2782 ἢ
1865 2712 2027 2789 μέρος
2067 2721 2434 2788 περικοπῆναι
2490 2715 2582 2769 καὶ
2644 2710 3062 2783 διαλωϐηθῆναι
3104 2713 3202 2769 τοῦ
3244 2714 3520 2786 σώματος·
3557 2713 3617 2768 οὗ
3658 2713 3820 2788 χάριν

388 2803 609 2872 ἀπαθὴς
645 2804 831 2876 ἐτέρου
862 2802 1066 2865 παντὸς
1102 2800 1287 2878 ὀφθεὶς
1326 2806 1500 2857 κακοῦ
1532 2798 1706 2877 δεσμά
1741 2802 2097 2879 κατακέκριτο
2155 2805 2369 2880 χρόνια.
2421 2809 2690 2860 Τοσοῦτον
2750 2802 2807 2860 δὲ
2835 2807 2897 2860 τὸ
2950 2798 3106 2881 ἔργον
3136 2801 3262 2860 τόδε
3300 2809 3398 2861 τοῦ
3434 2804 3664 2861 σουλτὰν
3704 2810 3823 2867 τοῖς

396 2891 617 2955 λοιποῖς
652 2891 816 2947 αὐτοῦ
846 2893 1218 2967 κασιγνήτοις,
1252 2893 1403 2966 [257]
1437 2890 1633 2947 ὁπόσοι
1662 2893 1760 2962 τήν
1793 2892 2050 2968 πατρῴαν
2080 2893 2258 2969 ἀρχήν
2303 2891 2677 2950 συνδιείλοντο
2717 2893 2925 2967 ἐκείνῳ,
2958 2893 3265 2969 ἀποθύμιον
3299 2890 3493 2967 ἔδοξεν,
3536 2892 3674 2949 ὣστε
3726 2883 3820 2948 καὶ

396 2982 545 3039 ὅπλα
575 2984 779 3060 ἤραντο
836 2981 894 3037 ἂν
955 2984 1072 3037 κατ’
1129 2982 1297 3037 αὐτοῦ
1360 2981 1435 3043 ὠς
1504 2981 1791 3056 ἄνθρωπον
1850 2983 1900 3045 ἐς
1956 2983 2123 3040 αὐτὸν
2182 2984 2448 3070 ἑκουσίοις
2490 2985 2785 3064 ἀφιγμένον
2830 2985 3222 3065 συνειληφότος
3252 2985 3344 3039 καὶ
3383 2980 3818 3059 καταπροδόντος

392 3072 682 3148 Ῥωμαίων
716 3074 938 3150 βασιλεῖ
957 3071 1045 3128 ἐπὶ
1080 3071 1388 3146 λήμμασιν,
1422 3073 1469 3128 εἱ
1503 3074 1578 3147 μή
1622 3072 1781 3136 οὗτος
1815 3073 2170 3150 εὐπρόσωπον
2204 3077 2373 3140 τιθεὶς
2414 3078 2512 3144 τὴν
2543 3077 2828 3152 ἀπόκρισιν
2871 3076 2961 3134 ἐπὶ
3002 3073 3328 3150 συμϐάσεσιν
3371 3075 3715 3148 ἀποστεῖλαι,
3751 3076 3813 3133 οὐ

399 3165 507 3237 μὴν
540 3161 977 3238 καταπροδοΰναι
1020 3159 1415 3241 διισχυρίζετο,
1447 3156 1539 3219 καὶ
1564 3161 1817 3244 πλάνητα
1847 3162 1974 3219 ὄντα
2005 3163 2058 3227 ἐς
2078 3167 2181 3237 τὴν
2220 3165 2457 3243 πατρίδα
2484 3173 2827 3243 καταγαγεῖν,
2882 3167 2958 3232 ὠς
3016 3166 3209 3241 μηκέτι
3257 3165 3528 3223 διώκοντα
3557 3166 3686 3222 εἶναι
3728 3168 3818 3223 καὶ

396 3250 757 3326 διωκόμενον.
792 3254 890 3308 Καὶ
920 3256 1089 3307 ταῦτα
1117 3252 1210 3326 μὶν
1247 3252 1396 3327 εἶχεν
1430 3251 1627 3315 οὕτως.

457 3348 523 3417 γ’.
557 3342 668 3397 Οὐκ
695 3341 762 3412 ἦν
818 3338 876 3396 δί
906 3335 1216 3396 λυκάϐαντα
1272 3339 1565 3416 παρελθεῖν
1624 3343 1700 3415 μή
1749 3364 1802 3398 τι
1834 3340 2046 3419 ἐπενεγ-
2083 3356 2124 3420 C

385 3434 551 3489 κόντα
634 3433 813 3488 κοινὸν
899 3431 1296 3507 ἀποτρόπαιον,
1363 3432 1438 3493 ὡς
1522 3428 1672 3507 εἴπερ
1755 3434 1818 3489 τὸ
1901 3439 2054 3489 Θεῖον

389 3522 695 3580 ἐπέκλωσεν
778 3519 1190 3596 ἀνειρηνεύτους
1278 3519 1372 3583 τὰς
1463 3521 1676 3596 ἡμέρας
1759 3526 1864 3576 τῶν
1940 3522 2059 3579 καθ’

394 3615 544 3686 ἡμᾶς
599 3611 854 3687 μερόπων
915 3606 1309 3685 παραδραμεῖν·
1346 3610 1422 3671 ὡς
1486 3609 1589 3685 γάρ
1663 3630 1714 3665 τι
1775 3606 2060 3667 ἐνδεόντων

392 3703 531 3776 πρὸς
600 3702 661 3756 τὸ
745 3701 980 3770 καθῆκον
1038 3705 1139 3768 τῆς
1229 3698 1774 3779 μαστιγώσεωςρτῶν
1852 3699 1911 3754 ἐκ
1962 3705 2058 3756 τοῦ

397 3792 588 3868 κόκλῳ
621 3788 968 3871 Βαρϐαρικοῦ
1022 3797 1345 3869 μαχισμῖυν,
1411 3792 1503 3847 καὶ
1560 3791 1849 3868 ὑπερόριον
1890 3793 2055 3849 κακὸν

394 3885 735 3958 εἰσεκώμασε
766 3883 1107 3961 Φρεδὲριχος
1140 3884 1168 3938 ὁ
1224 3887 1332 3939 τῶν
1399 3881 1726 3957 Ἀλαμανῶς
1757 3883 1878 3959 ῥήξ.
1915 3885 2057 3960 Πρὸς

391 3976 496 4052 γὰρ
555 3976 646 4031 τὸν
711 3973 942 4050 βασιλέα
1017 3969 1583 4048 διαπρεσϐευσάμενος
1632 3973 1922 4046 Ἰσαάκιον,
1981 3973 2058 4036 ὡς

395 4063 486 4124 διὰ
514 4065 703 4144 φιλίας
737 4068 923 4143 ᾐτεῖτο
963 4072 1064 4136 τῆς
1123 4063 1417 4138 Ῥωμαίων
1476 4071 1582 4141 γῆς
1612 4064 1863 4140 παριέναι
1895 4063 2056 4127 αὐτός

386 4178 446 4212 τε
476 4156 566 4210 καὶ
606 4155 731 4211 ὅσον
789 4156 840 4210 οἱ
898 4155 1155 4230 ἐφέποιτο
1210 4154 1518 4230 στράτευμα
1577 4152 1631 4208 ἐν
1671 4157 1751 4226 τῷ
1808 4155 2054 4229 ἀπαίρειν

390 4244 467 4306 είς
530 4241 923 4312 Παλαιστίνην,
989 4242 1082 4297 καὶ
1137 4241 1207 4296 τὰ
1259 4242 1395 4315 πρὸς
1452 4241 1514 4296 τὸ
1566 4246 1663 4317 ζῇν
1725 4241 2056 4316 ὠνουμένοις

384 4331 575 4390 αὐτοῖς
618 4333 1002 4407 χορηγεῖσθαι,
1037 4329 1128 4385 καὶ
1167 4330 1230 4385 τὸ
1291 4326 1483 4385 δοκοῦν
1534 4330 1623 4386 ἐπὶ
1660 4331 1878 4394 τούτοις
1912 4333 2058 4406 αὗτῷ

388 4424 656 4492 σημανεῖν
754 4416 825 4475 δι’
928 4418 1144 4475 οἷ’κείων
1243 4418 1656 4491 ἀνταπυστολῆς
1751 4418 2056 4497 πρέσϐεων.

387 4506 689 4564 Στέλλεται
709 4508 887 4563 τοίνυν
924 4507 1061 4584 πρὸς
1090 4506 1252 4563 αὐτὸν
1294 4508 1322 4564 ὁ
1378 4512 1477 4562 τοῦ
1511 4504 1719 4584 δρόμου
1753 4506 2056 4588 λογοθέτης

387 4596 646 4668 Ἰωάννης
700 4597 727 4651 ὁ
786 4598 1012 4667 Δούκας,
1072 4597 1163 4652 καὶ
1195 4597 1400 4659 πίστεις
1454 4595 1581 4661 δοὺς
1612 4600 1699 4654 καὶ
1736 4595 1923 4655 λαϐὼν
1982 4601 2058 4664 ὡς

2233 3348 2287 3402 3.
2321 3347 2521 3419 Neque
2552 3365 2686 3404 vero
2728 3347 2878 3405 ullus
2931 3365 3124 3404 annus
3179 3348 3329 3406 elabi
3388 3352 3615 3422 poterat
3670 3349 3814 3420 quin

2164 3433 2399 3506 publice
2460 3435 2838 3490 abominandi
2897 3434 3112 3506 aliquid
3169 3435 3421 3506 afferret,
3482 3452 3599 3491 non
3649 3435 3820 3492 aliter

2165 3538 2339 3592 quam
2400 3522 2447 3577 si
2505 3523 2779 3579 Numinis
2836 3523 3165 3596 indignatio
3196 3523 3281 3579 illi
3319 3524 3469 3581 525
3512 3525 3662 3580 atati
3696 3543 3823 3598 per-

2164 3616 2340 3682 petua
2372 3611 2519 3667 bella
2561 3611 2927 3669 decrevisset.
2990 3612 3166 3676 Quasi
3224 3613 3381 3667 enim
3442 3613 3682 3669 Barbari
3714 3614 3818 3670 cir-

2162 3700 2456 3755 cumcirca
2509 3701 2725 3756 nostris
2779 3701 3101 3757 cervicibus
3149 3700 3531 3757 imminentes
3584 3701 3654 3756 ad
3707 3719 3813 3759 nos

2162 3789 2533 3861 castigandos
2594 3806 2706 3845 non
2770 3789 2912 3844 satis
2978 3796 3192 3856 essent,
3255 3788 3429 3843 etiam
3490 3788 3812 3862 longinquo

2162 3879 2317 3934 malo
2360 3894 2566 3934 sumus
2612 3879 2898 3952 oppressi.
2954 3878 3098 3935 Nam
3160 3878 3488 3935 Fridericus
3546 3879 3816 3935 Aleman-

2164 3986 2369 4025 norum
2400 3986 2498 4026 rex
2528 3970 2736 4042 legatis
2767 3969 2841 4024 ad
2889 3970 3175 4024 Isaacium
3229 3968 3643 4040 imperatorem
3680 3970 3817 4026 mis-

2162 4061 2242 4118 sis
2271 4062 2436 4133 petiit
2467 4072 2524 4117 ut
2556 4061 2828 4118 sibicum
2885 4061 3163 4116 omnibus
3219 4061 3405 4132 copiis
3447 4060 3809 4119 Palazstinam

2163 4152 2494 4224 petentibus
2556 4169 2658 4223 per
2708 4151 2999 4207 Romanas
3065 4150 3395 4223 provincias
3459 4156 3660 4222 pacate
3710 4153 3820 4208 iter

2161 4241 2347 4295 facere
2378 4248 2435 4295 et
2456 4244 2841 4296 commeatum
2885 4255 3079 4294 emere
3125 4238 3343 4304 liceret,
3387 4244 3442 4296 et
3491 4256 3654 4296 suam
3682 4259 3813 4297 sen-

2157 4332 2402 4389 tentiam
2463 4350 2565 4405 per
2628 4333 2893 4405 proprios
2969 4332 3191 4405 legatos
3254 4333 3364 4387 sibi
3434 4333 3808 4405 signiﬁcaret.

2156 4423 2403 4480 Mittitur
2432 4424 2611 4495 igitur
2663 4424 2731 4479 ad
2790 4441 2924 4479 eum
2981 4422 3171 4479 dromi
3216 4423 3511 4495 logotheta
3557 4425 3811 4481 Joannes

2157 4513 2386 4584 Ducas;
2423 4513 2653 4586 ﬁdeque
2683 4513 2817 4569 data
2841 4518 2897 4569 et
2928 4519 3167 4586 accepta
3218 4530 3411 4586 regem
3454 4514 3581 4570 sine
3635 4513 3812 4570 male-

2160 4600 2290 4658 ﬁcio
2325 4601 2733 4673 transiturum,
2794 4601 3019 4658 nullam
3083 4603 3312 4670 urbem,
3371 4602 3601 4658 nullum
3645 4602 3812 4674 oppi-

386 4684 550 4749 αὐτὸς
586 4687 681 4759 μὲν
713 4687 741 4742 ὁ
903 4689 1003 4756 τήν
1039 4686 1142 4742 ὑπὸ
1201 4687 1511 4760 Ῥωμαίους
1571 4687 1779 4764 ἀμαχεὶ
1839 4686 2051 4745 διελεύ-

2163 4693 2324 4762 dum,
2354 4692 2584 4749 nullum
2646 4690 2953 4748 castellum
3013 4696 3109 4746 aut
3164 4708 3371 4759 pagum
3434 4691 3810 4760 violaturum,

385 4797 534 4832 σεται
565 4777 654 4832 καὶ
718 4773 887 4849 μηδὲν
911 4796 963 4829 τι
1018 4773 1217 4847 δράσας
1277 4776 1477 4831 ἐσεῖται
1515 4777 1706 4841 κακὸν,
1766 4778 1828 4832 οὐ
1860 4777 2047 4847 πόλιν,

387 4870 449 4926 οὔ
489 4866 796 4940 κώμην,οὐ
851 4865 1131 4942 φρούριον,
1193 4864 1254 4920 οὐ
1314 4866 1632 4941 πολίχνιον,
1664 4867 1936 4941 Ῥωμαῖοι
1993 4865 2052 4923 δὲ

386 4953 769 5035 προϐαλοῦσιν
805 4955 954 5026 αὐτῷ
984 4954 1051 5007 τὰ
1080 4951 1367 5024 ἐπιτήδεια
1397 4952 1622 5034 ἄφθονα,
1657 4956 1732 5018 ὡς
1769 4957 1845 5030 μή
1903 4977 2049 5018 τινος

388 5048 666 5119 σπανίζειν
696 5049 795 5117 τήν
835 5045 922 5100 ὑπ’
968 5045 1129 5100 αὐτὸν
1191 5043 1464 5119 στρατιὰν,
1521 5040 1648 5101 ἀλλ’
1679 5046 2048 5121 ἀπραγμόνως

389 5141 482 5196 καὶ
539 5138 677 5195 κατὰ
735 5135 934 5208 λαιμὸν
995 5128 1142 5208 ἔχειν
1208 5132 1390 5207 ὣσπερ
1460 5129 1841 5208 ἐπεμϐυόμενα
1899 5134 2048 5197 ὅσοις

390 5227 667 5305 ἅνθρωποι
696 5224 983 5303 τρέφονται
1014 5223 1106 5278 καὶ
1150 5225 1240 5278 οἷα
1268 5227 1386 5285 τοῖς
1413 5220 1613 5286 ’ίπποις
1645 5210 2047 5296 συμϐάλλεται,

392 5320 528 5394 μετὰ
557 5316 744 5392 καιρὸν
785 5314 983 5378 ἐκεῖθεν
1042 5312 1283 5368 ἐπάνεισι
1347 5313 1438 5367 καὶ
1496 5310 1748 5389 ἀγγέλλει
1808 5312 1874 5368 τά
1914 5313 2049 5386 ξυμ-

385 5406 702 5486 φωνηθέντα
729 5409 807 5477 τῷ
841 5402 1078 5481 βασιλεῖ.
1112 5401 1215 5459 Καὶ
1272 5402 1300 5457 ὁ
1335 5400 1590 5477 βασιλεὺς
1636 5409 1737 5473 τῆς
1770 5399 2046 5476 ξυλλογῆς

380 5501 491 5552 τῶν
520 5493 697 5549 ὠνίων
732 5490 992 5570 φροντίδα
1049 5491 1256 5560 τίθησι,
1289 5490 1378 5545 καὶ
1437 5491 1504 5560 ἦν
1562 5490 1610 5561 ἐξ
1669 5490 2046 5564 ἐπιτάγματος

387 5584 492 5641 ὖπὸ
522 5588 629 5640 τῶν
664 5581 1028 5657 ἐπαρχιωτῶν
1064 5578 1257 5637 αὒτίκα
1317 5580 1726 5660 μεταφερόμενα
1779 5582 1896 5636 καθ’
1954 5581 2047 5645 οὕς

380 5670 591 5751 ’ἐμελλε
618 5670 878 5732 τόπουςὸ
1086 5667 1420 5747 διέρχεσθαι.
1484 5670 1574 5734 Ὡς
1634 5667 1691 5727 δὶ
1756 5673 1847 5727 καὶ
1889 5671 2048 5738 αὐτὸς

2161 4783 2452 4839 Romanos
2482 4787 2875 4838 commeatum
2933 4780 2983 4835 ei
3039 4780 3271 4835 abunde
3314 4780 3814 4852 suppeditaturos,

2162 4879 2231 4926 ut
2259 4875 2387 4943 ejus
2420 4875 2705 4928 exercitus
2739 4868 2901 4925 nulla
2956 4886 3016 4924 rc
3067 4868 3391 4925 necessaria
3449 4876 3661 4933 careat,
3710 4873 3812 4926 sed

2162 4959 2359 5015 omnia
2392 4961 2449 5015 in
2486 4962 2756 5032 promptu
2791 4957 3196 5029 copiosissime
3254 4957 3466 5013 habeat
3518 4974 3649 5029 quae
3690 4963 3809 5014 tam

2155 5047 2441 5117 jumentis
2480 5066 2651 5118 quam
2704 5046 3047 5101 hominibus
3100 5046 3234 5101 usui
3285 5050 3441 5111 sunt,
3494 5046 3808 5117 aliquando

2161 5142 2292 5208 post
2350 5138 2672 5193 revertitur.
2746 5139 2823 5193 Iis
2913 5135 3352 5190 conditionibus
3436 5137 3807 5206 renuntiatis,

2157 5224 2472 5297 imperator
2530 5242 2631 5297 per
2686 5224 3010 5294 provincias
3091 5224 3266 5279 edimt
3349 5229 3435 5288 ut,
3522 5242 3640 5297 qua
3715 5243 3812 5282 rex

2156 5313 2514 5369 transiturus
2547 5318 2722 5379 esset,
2754 5318 3118 5367 commentus
3160 5319 3590 5384 comportatur:
3623 5315 3813 5388 ipsius

2157 5421 2288 5459 vero
2321 5404 2377 5458 in
2409 5403 2553 5457 fines
2585 5405 2879 5459 Romanos
2911 5400 3217 5474 ingressus
3265 5402 3549 5459 victorum
3602 5422 3811 5477 genere

2155 5502 2210 5548 et
2249 5493 2531 5563 dignitate
2555 5492 2707 5549 520
2732 5490 3020 5547 clarorum
3074 5491 3287 5546 litteris
3345 5494 3612 5549 nuntiato
3643 5511 3807 5550 eum-

2155 5584 2284 5640 dem
2332 5581 2710 5655 Lugotbetam
2771 5581 2961 5637 denuo
3021 5581 3220 5646 mittit,
3263 5598 3494 5653 unaque
3550 5601 3682 5640 cum
3742 5602 3809 5642 eo

2153 5671 2549 5731 Andronicum
2584 5673 3070 5744 Cantacuzenum,
3119 5671 3219 5743 qui
3278 5671 3432 5744 regis
3487 5673 3804 5731 transitum
