4102 6438
384 400 506 463 769

1518 394 1621 457 DE
1663 394 1976 459 ISAACIO
2016 392 2331 458 ANGELO
2376 394 2523 457 LIB.
2567 393 2646 456 Il.

3688 393 3811 457 770

383 552 829 624 ἐπιταττόμενος,
885 545 1150 603 αὐδέποτε
1206 545 1329 620 εἶχε
1381 546 1473 600 τὸν
1537 544 1765 621 βασιλέα
1818 544 1886 600 τὰ
1941 544 2078 618 πρὸς
2140 545 2363 620 εἰρήνην
2424 546 2942 615 ἀντεπιστέλλοντα,
2997 543 3125 603 ἀλλ’
3204 544 3531 623 ἀῤῥενοῦντα
3592 546 3808 620 μᾶλλον

399 642 561 697 αὐτὸν
597 641 673 703 εἰς
713 641 811 707 τὴν
845 637 983 711 μετὰ
1033 641 1127 691 τοῦ
1187 634 1353 711 ῥηγὸς
1413 636 1763 709 συμπλοκὴν,
1816 634 1902 689 καὶ
1956 633 2032 696 εἲς
2092 635 2270 709 ἀτενὲς
2325 634 2762 709 κατονειδίζοντα
2817 636 3074 717 φρόνημα
3120 634 3203 691 ὅτι
3263 638 3337 709 μὴ
3391 636 3442 697 ές
3489 635 3645 711 δεῦρο
3692 632 3810 712 ἔχει

394 729 703 803 πυθόμενος
735 728 1008 801 ἀναίρεσιν
1040 724 1130 779 καὶ
1160 727 1326 794 ἧτταν
1380 722 1707 797 ’Δλαμανῶν
1756 723 1892 778 κατὰ
1937 721 2065 784 ἴλας
2108 722 2356 793 ἐξιόντων
2405 726 2481 789 εἷς
2531 731 2716 784 σιτίων
2766 726 3037 801 ἀνεύρεσιν
3082 724 3172 781 καὶ
3221 727 3358 781 κατὰ
3398 726 3551 781 πώεα
3598 725 3810 782 πλατέα

379 821 540 876 κάκεῖ
565 822 656 875 καὶ
687 816 823 892 τῇδε
854 817 1198 893 ἐκχεομένων
1235 815 1371 889 μετὰ
1401 812 1667 884 πλείστης
1699 813 1833 883 ὅσης
1859 815 1958 882 τῆς
1988 816 2387 885 πεποιθήσεως.

460 906 529 966 δ’.
605 912 785 966 Ταῦτα
861 904 918 961 δὲ
991 905 1210 982 γράφων
1284 904 1352 973 ἦν
1428 903 1486 959 έυ
1524 907 1605 975 τῷ
1645 900 1883 972 δοξάζειν
1922 921 2032 976 παρ

2232 907 2284 960 4.
2323 909 2449 963 Haec
2491 908 2751 979 impulsu
2811 909 3122 980 cujusdam
3183 908 3500 973 scribebat,
3580 907 3680 978 qui
3743 923 3810 961 ex

384 1001 558 1071 ἑαυτῷ
586 1019 748 1053 τινων
782 996 1115 1074 ὑφηγήσεσι,
1149 993 1478 1068 φωνούντων
1516 990 1729 1066 μᾶλλον
1781 990 1888 1045 ἀπὸ
1937 1011 2046 1068 γα-

381 1089 539 1164 στρὸς
588 1089 703 1161 (33)
754 1086 896 1161 ἢπερ
973 1080 1310 1161 προειδότων
1387 1085 1454 1138 τὰ
1532 1079 1827 1155 μέλλοντα,
1908 1077 2049 1153 μηδέ

384 1198 521 1233 ποτε
550 1175 842 1252 προθέσθαι
893 1174 987 1229 τὸν
1048 1173 1192 1248 ῥῆγα
1236 1174 1335 1242 τὴν
1384 1169 1752 1241 Παλαιστίνην
1805 1167 2047 1225 καταλα-

388 1263 522 1335 ϐεῖν,
579 1266 727 1323 ἀλλὰ
782 1265 882 1335 τήν
943 1264 1148 1319 ἅπασαν
1208 1261 1417 1339 τρέφειν
1500 1255 1676 1338 ἔφεσιν
1756 1258 1894 1316 κατᾶ
1943 1266 2044 1328 τῆς

392 1353 678 1427 βασιλίδος
723 1359 830 1410 τῶν
876 1352 1118 1422 πόλεων,
1176 1351 1266 1406 καὶ
1337 1350 1559 1425 μέλλειν
1617 1349 1677 1405 ἐκ
1730 1353 1827 1404 τοῦ
1887 1346 2045 1418 δῆθεν

388 1442 798 1523 ἀναμφιλέκτου
840 1439 928 1496 διὰ
964 1448 1065 1510 τῆς
1096 1439 1399 1516 λεγομένης
1432 1437 1784 1512 Ξυλονέκρου
1806 1434 2043 1498 πυλίδος

388 1542 485 1605 τῆς
513 1534 733 1594 πόλεως
772 1531 1034 1594 εἰσελθεῖν
1086 1528 1287 1599 ἔνδοθι,
1336 1529 1427 1584 καὶ
1475 1527 1666 1603 δρᾶσαι
1715 1531 1932 1601 πρῶτον
1976 1527 2043 1581 τὰ

385 1626 708 1690 ἀπευκταῖα,
786 1625 975 1684 παθεῖν
1055 1617 1103 1673 δ’
1175 1613 1359 1673 ἔπειτα
1431 1619 1499 1672 τὰ
1571 1615 1871 1694 ἀντίῤῥοπα
1924 1618 2041 1677 τοῖς

389 1710 626 1774 δικαίοις
656 1715 753 1767 τοῦ
804 1713 939 1764 Θεοῦ
990 1706 1295 1781 σταθμίοις.
1349 1708 1449 1764 Καὶ
1499 1703 1777 1768 τοιαύταις
1823 1702 2043 1779 προλη-

388 1803 537 1879 φθεὶς
566 1802 816 1876 γνώμαις
847 1798 1014 1868 αὐτήν
1040 1818 1097 1852 τε
1140 1798 1238 1866 τὴν
1277 1797 1627 1872 Ξυλόκερκρν
1680 1792 1774 1852 διὰ
1822 1794 2042 1850 τιτάνου

382 1890 473 1946 καὶ
504 1891 738 1955 πλίνθου
790 1888 963 1958 ὀπτῆς
1017 1886 1337 1961 ἀπέφραξεν,
1383 1887 1533 1959 [259]
1583 1886 1672 1939 καὶ
1726 1883 1862 1961 βέλη
1926 1886 2041 1955 (34)

385 1977 757 2054 νεοχάλκευτα
787 1978 960 2055 φέρων
992 1974 1267 2038 πολλάκις
1300 1974 1351 2030 έν
1379 1980 1499 2030 ταῖν
1529 1979 1718 2049 χεροῖν
1738 1974 1888 2027 ταῦτ’
1909 1966 2042 2050 ἔφα-

392 2089 512 2122 σκεν
555 2067 747 2137 ἄκονᾷν
800 2067 935 2120 κατά
980 2063 1200 2140 καρδίας
1244 2063 1605 2139 παγησόμενα
1645 2068 1754 2118 τῶν
1789 2061 2040 2136 Ἀλαμα-

389 2162 517 2211 νῶν·
554 2153 808 2211 δεικνύων
839 2152 894 2210 δὲ
940 2155 1040 2224 τήν
1089 2156 1403 2231 παράθυρον
1463 2153 1515 2208 ἐν
1558 2157 1675 2214 τοῖς
1734 2151 2037 2229 βασιλείοις

2155 996 2596 1070 engastrimythi
2632 999 2825 1069 potius
2855 998 3055 1054 afﬂatu
3107 1013 3281 1068 quam
3322 996 3661 1070 prophetico
3694 997 3811 1067 spi-

2154 1086 2264 1139 ritu
2299 1087 2630 1144 afﬁrmabat
2658 1089 2777 1160 regi
2812 1105 3112 1160 nunquam
3150 1089 3207 1143 in
3265 1095 3521 1143 mentem
3575 1091 3807 1143 venisse

2155 1174 2473 1230 Palaestinas
2505 1177 2971 1248 occupationem,
3005 1178 3107 1234 sed
3139 1194 3274 1232 eum
3319 1177 3465 1232 nihil
3526 1177 3681 1232 aliud
3717 1193 3810 1232 co-

2152 1263 2336 1333 gitare
2369 1264 2479 1320 nisi
2529 1266 2690 1321 urbis
2739 1266 3129 1338 imperatricis
3179 1267 3569 1334 dominatum,
3603 1271 3661 1321 et
3705 1281 3806 1337 per

2152 1352 2445 1423 Xylocerci
2480 1363 2703 1427 portam
2730 1355 2880 1410 haud
2918 1357 3090 1411 dubie
3122 1356 3454 1428 ingressum
3494 1373 3557 1411 ea
3616 1355 3804 1411 factu-

2154 1460 2282 1497 rum
2311 1443 2596 1516 principio
2621 1461 2749 1517 quae
2780 1446 3177 1501 abominanda
3227 1446 3368 1513 sint,
3401 1445 3611 1500 deinde
3637 1445 3801 1514 justo

2157 1531 2249 1587 Dei
2276 1530 2502 1603 judicio
2534 1550 2648 1588 non
2684 1534 2958 1603 pauciora
2988 1550 3427 1606 perpessurum.
3463 1535 3800 1605 Hujusmodi

2151 1621 2523 1692 opinionibus
2549 1624 2703 1679 529
2737 1635 3056 1694 occupatus
3086 1623 3408 1694 imperator
3449 1622 3635 1693 ipsam
3666 1640 3801 1693 por-

2151 1716 2271 1765 tam
2329 1710 2614 1767 lateribus
2668 1722 2722 1767 et
2772 1717 3038 1768 cemento
3097 1713 3437 1780 obstruxit;
3496 1720 3551 1766 et
3603 1716 3803 1767 acutas

2149 1800 2417 1872 sagittas,
2450 1817 2598 1873 quas
2631 1817 2785 1872 saepe
2817 1802 3088 1856 manibus
3117 1802 3408 1872 gestabat,
3435 1816 3497 1856 se
3524 1799 3586 1855 in
3621 1801 3806 1856 cordi-

2149 1888 2259 1945 bus
2286 1889 2741 1946 Alemannorum
2776 1891 3104 1945 deﬁxurum
3153 1906 3282 1945 esse
3332 1890 3602 1959 dicebat;
3637 1904 3801 1944 mon-

2149 1981 2450 2049 strataque
2482 1981 2736 2035 fenestra
2793 1979 3124 2035 Blacbernii
3192 1979 3393 2051 palatii
3450 1980 3508 2034 in
3570 1995 3636 2034 eo
3677 1978 3803 2035 loco

2148 2067 2242 2136 qui
2279 2068 2350 2122 ab
2381 2069 2688 2123 altitudine
2740 2075 3194 2141 cognomentum
3254 2068 3448 2139 habet,
3496 2069 3651 2122 unde
3707 2084 3806 2139 pa-

2149 2160 2334 2212 tentes
2391 2159 2577 2229 campi
2623 2165 2783 2213 extra
2842 2157 3282 2229 progugnacula
3338 2157 3396 2212 in
3457 2155 3804 2228 Philopatiis

386 2251 496 2302 τῶν
529 2247 852 2324 Βλαχερνῶν
895 2243 962 2300 δι’
1006 2248 1072 2315 ἧς
1297 2245 1463 2314 ὁρατὰ
1509 2247 1575 2313 ἦν
1630 2244 1696 2298 τὰ
1754 2241 2034 2314 ἱππήλατα

2147 2250 2487 2312 cernuntur,
2522 2263 2625 2318 per
2651 2263 2775 2302 eam
2811 2262 2871 2302 se
2922 2247 3055 2301 illas
3113 2247 3169 2300 in
3205 2247 3561 2301 Alamannos
3593 2260 3800 2300 excus-

383 2331 543 2389 πεδία
572 2333 636 2389 τὰ
682 2331 868 2407 ἔξωθεν
911 2340 1020 2389 τῶν
1075 2332 1349 2404 ἐπάλξεων
1409 2331 1462 2388 ἐν
1508 2337 1626 2394 τοῖς
1679 2330 2040 2394 Φιλοπατίοις

386 2425 838 2493 καθυπτιάζοντα,
915 2422 975 2479 ἐκ
1045 2425 1249 2493 ταύτης
1326 2422 1476 2496 ἔλεγε
1555 2421 1776 2496 μέλλειν
1827 2422 2039 2496 ἀφιέναι

377 2514 444 2568 τὰ
481 2511 746 2588 βέλεμνα,
792 2511 1018 2588 βάλλειν
1048 2534 1107 2567 τε
1136 2513 1223 2567 καὶ
1271 2508 1639 2586 κρταϐἀλλειν
1680 2511 1808 2573 τοὺς
1868 2508 2038 2566 Ἀλα-

385 2607 609 2680 μανοὺς,
644 2603 783 2661 ὥστε
811 2607 899 2660 καὶ
936 2605 987 2660 ἐν
1034 2603 1235 2679 γέλωτι
1284 2604 1447 2681 ἤγετο
1488 2609 1604 2666 τοῖς
1665 2603 1920 2659 ἀκούουσι
1970 2603 2038 2658 τὰ

381 2697 671 2772 λεγόμενα.
720 2701 817 2751 Ἦν
871 2694 926 2751 δέ
966 2717 1049 2758 τις
1098 2697 1351 2760 Δοσίθεος
1398 2693 1449 2750 ἐν
1494 2699 1564 2769 τῇ
1613 2698 1710 2748 τοῦ
1770 2691 2037 2750 Στουδίου

385 2792 530 2862 μονῇ
557 2788 656 2856 τήν
713 2783 941 2856 ἄσκησιν
997 2785 1220 2857 μετιὼν,
1277 2786 1337 2849 ’ὀς
1395 2785 1456 2840 ἐκ
1508 2783 1800 2841 Βενετίκων
1853 2782 2034 2839 ἕλκειν

372 2877 436 2931 τὸ
473 2876 625 2953 γένος
670 2876 760 2930 καὶ
818 2880 1023 2951 πατρὸς
1081 2872 1326 2948 τοῦνομα
1380 2873 1702 2931 Βιτικλίνου
1759 2874 2038 2950 γεγονέναι

375 2961 623 3040 ἐλέγετο·
686 2966 924 3034 συνήθης
982 2960 1040 3018 8’s
1093 2962 1361 3025 καταστὰς
1423 2962 1678 3036 Ἰσαακίῳ
1765 2963 1873 3038 πρὸ
1936 2968 2038 3032 τῆς

377 3054 559 3128 ἀρχῆς
587 3054 913 3128 προείρηκεν
973 3051 1120 3125 αὐτῷ
1175 3053 1275 3122 τὴν
1338 3050 1642 3127 βασιλείαν,
1690 3048 2031 3127 κάπειδήπερ

378 3140 594 3219 εἷ’λήφει
652 3142 819 3214 πέρας
873 3141 939 3197 τὰ
994 3149 1095 3212 τῆς
1154 3143 1533 3219 προρρήσεως,
1593 3139 1760 3215 ἤγετο
1822 3137 1893 3194 δι’
1951 3140 2034 3196 ὅτι

376 3229 637 3301 πλείστης
668 3238 836 3304 τιμῆς
867 3231 1013 3304 παρὰ
1063 3234 1141 3302 τῷ
1195 3228 1413 3304 βασιλεῖ
1453 3227 1634 3302 τούτῳ
1683 3229 1775 3283 καὶ
1821 3228 1887 3283 τὰ
1941 3249 2036 3303 με·

365 3319 516 3394 γάλα
557 3315 814 3389 δεδύνητο
860 3319 950 3372 καὶ
1009 3318 1352 3392 πανριάρχης
1405 3313 1805 3392 Ἰεροσολύμων
1858 3335 2035 3392 προυο

372 3402 615 3479 ϐέϐλητο
693 3405 1099 3468 καταλύσαντος
1173 3407 1275 3476 τήν
1352 3407 1498 3475 ζωὴν
1552 3408 1650 3460 τοῦ
1701 3404 1793 3459 τὸν
1840 3404 2030 3479 θρόνον

372 3478 480 3552 tibi»
535 3478 936 3573 Ἱεροσολύμων
993 3494 1120 3550 τότε
1169 3491 1447 3550 διέποντος
1506 3494 1783 3563 Λεοντίου,
1838 3478 2032 3568 ἀνδρὸς

370 3588 657 3664 χαρίεντος
687 3586 749 3642 τὸ
795 3589 930 3656 ἦθος
960 3586 1051 3641 καὶ
1084 3580 1384 3656 διαϐοήτου
1413 3587 1514 3654 τήν
1564 3585 1784 3658 ἀρετήν.
1834 3583 2029 3640 Ὀποία

373 3676 429 3734 δὲ
461 3679 495 3747 ἡ
527 3682 635 3733 τῶν
690 3675 962 3754 βασιλέων
1020 3675 1167 3752 ὁρμή
1227 3674 1317 3730 καὶ
1377 3672 1538 3752 ἰσχὺς
1586 3668 1778 3727 οὔκουν
1839 3672 2033 3751 ἀνεχο-

379 3769 511 3842 μένη
578 3768 655 3842 μὴ
718 3766 826 3843 οὐχ
893 3766 966 3830 ὡς
1022 3764 1208 3828 αὐτοῖς
1292 3765 1505 3836 αἱρετὸν
1564 3763 1882 3839 μεταφέρειν
1940 3763 2030 3818 καὶ

374 3856 636 3913 ἀλλοιοῦν
668 3855 734 3912 τὰ
785 3855 901 3912 θεῖά
938 3876 994 3910 τε
1043 3853 1133 3910 καὶ
1187 3853 1503 3929 ἀνθρώπινα
1560 3856 1879 3929 πράγματα,
1933 3852 2031 3928 βα-

371 3945 622 4011 σιλεύσας
671 3945 940 4008 Ἰσαάκιος
1000 3949 1098 4016 τοῦ
1158 3947 1576 4022 πατριαρχικοῦ⁹
1608 3942 1806 4017 θρόνου
1853 3962 2032 4017 παρα-

370 4032 488 4090 λύει
545 4035 636 4089 τὸν
698 4035 1032 4109 Καματηρὸν
1093 4033 1404 4106 Βασίλειον,
1491 4032 1671 4088 καίτοι
1728 4031 1866 4105 πρὸς
1930 4033 2030 4102 τήν

366 4123 549 4200 ἀρχὴν
603 4122 793 4198 ἐκείνῳ
848 4125 917 4179 τὰ
981 4124 1211 4201 μέγιστα
1265 4123 1658 4198 συναράμενον·
1754 4122 1904 4177 αἰτία
1983 4119 2030 4176 δ’

369 4214 520 4285 αὐτῷ
558 4215 841 4288 περιήχθη
879 4220 982 4283 τῆς
1013 4213 1396 4288 καθαιρέσεως,
1430 4212 1515 4269 ὅτι
1573 4211 1635 4276 ἇς
1681 4210 2030 4289 Ἀνδρόνικος

369 4303 481 4354 τῶν
535 4300 593 4353 εὗ
653 4304 946 4375 γεγονυιῶν
1000 4306 1268 4375 γυναικῶν
1326 4302 1438 4376 οὐχ
1500 4299 1725 4364 ἑκούσας
1783 4302 2031 4377 ἀπέκειρε

386 4386 744 4461 μοναζούσας,
801 4390 1000 4452 ταύτας
1052 4390 1212 4452 αὐτὸς
1270 4387 1501 4445 ἐνέδωκε
1553 4390 1616 4446 τὸ
1670 4390 1840 4465 μέλαν
1889 4391 2030 4448 ἀποο

377 4475 635 4542 δύσασθαι
667 4479 896 4559 ἆμιφιον
937 4480 1024 4535 καὶ
1083 4480 1220 4554 πρὸς
1266 4479 1366 4548 τὴν
1417 4477 1639 4555 πρώτην
1694 4476 2030 4556 μεταϐλέψαι

373 4565 465 4621 καὶ
509 4567 656 4636 ζωὴν
700 4567 793 4621 καὶ
851 4568 1078 4638 στολήν.
1135 4562 1563 4642 Προϐαλόμενος
1611 4564 1659 4623 δ’
1705 4568 1812 4624 ἀντ’
1863 4568 2028 4625 αὐτοῦ

371 4655 718 4733 πατριάρχην
763 4656 852 4711 τὸν
907 4656 1231 4728 Μουντάνην
1283 4659 1550 4728 Νικήταν,
1608 4665 1710 4727 τῆς
1753 4658 2027 4735 Μεγίστης

370 4742 668 4817 ἐκκλησίας
726 4741 855 4801 ὄντα
910 4747 1295 4823 σακελλάριον,
1357 4745 1483 4802 οὐδὶ
1566 4748 1659 4803 τὸν
1716 4749 2031 4824 τριγέροντα

365 4835 581 4889 τουτονί
636 4840 716 4909 τῷ
776 4836 953 4910 θρόνω
1007 4842 1250 4911 παρῆκεν
1311 4835 1662 4909 έναποψῦξαι,
1734 4836 1864 4893 ἀλλ’
1901 4837 2032 4916 ἀφέ-

368 4923 514 4979 λειαν
548 4924 853 5000 καταγνοὺς
909 4928 1009 4980 τοῖ’)
1058 4923 1254 4995 ἀνδρὸς
1303 4923 1394 4978 καὶ
1447 4929 1620 5000 γῆρας
1662 4923 2026 5001 έπεγκαλέσας

366 5011 702 5088 ἀνέγκλητον
763 5013 852 5070 καὶ
908 5012 1107 5069 ἄκοντα
1164 5017 1260 5069 τοῦ
1319 5013 1513 5087 θρόνου
1568 5010 2027 5092 ἀπεσφενδόνησε,

371 5106 907 5180 Φρονκιστικώτερον
978 5102 1033 5158 δὲ
1084 5101 1347 5168 διατεθείς
1388 5103 1510 5176 περῖ
1560 5107 1657 5158 τοῦ
1696 5105 1787 5160 τὸν
1833 5099 2026 5180 κυϐερ-

2148 2351 2351 2390 surum
2386 2352 2603 2406 eosque
2662 2339 3091 2408 prostraturum
3153 2334 3510 2404 minabatur,
3542 2336 3685 2391 adeo
3735 2338 3803 2389 ut

2148 2441 2216 2482 ea
2242 2427 2419 2481 verba
2451 2426 2699 2482 ridicula
2720 2427 3094 2482 audientibus
3133 2426 3490 2481 viderentur.
3541 2425 3594 2480 Is
3638 2429 3800 2480 vates

2146 2524 2267 2571 erat
2291 2515 2604 2570 Dositheus
2627 2514 3230 2587 quidam,Studiensis
3253 2515 3598 2584 monachus,
3615 2514 3796 2570 Vene-

2146 2602 2245 2658 tiis
2277 2603 2562 2660 oriundus
2591 2609 2648 2659 et
2681 2609 2840 2676 patre
2880 2603 3178 2675 Viticlino,
3212 2610 3276 2658 ut
3329 2605 3645 2673 ferebatur,
3690 2619 3798 2658 na-

2144 2696 2259 2760 tus,
2294 2694 2393 2765 qui
2426 2694 2665 2757 Isaacio,
2699 2694 2790 2748 cui
2827 2693 3133 2749 familiaris
3166 2699 3313 2762 erat,
3346 2692 3567 2764 privato
3605 2692 3799 2749 adhuc

2143 2785 2459 2857 imperium
2518 2785 2879 2858 praedixerat.
2941 2788 3067 2852 Qua
3143 2786 3516 2856 praedictione
3589 2788 3801 2840 eventu

2145 2875 2540 2946 comprobata,
2583 2892 2819 2931 summo
2880 2875 3098 2929 honore
3152 2880 3208 2929 et
3256 2875 3611 2930 auctoritate
3642 2874 3799 2946 apud

2143 2963 2300 3019 hunc
2331 2964 2746 3036 imperatorem
2780 2965 2995 3019 ﬂorens
3030 2963 3565 3037 Hierosolymorum
3618 2964 3799 3036 patri-

2144 3053 2319 3109 archa
2353 3057 2486 3125 post
2515 3053 2737 3108 Leontii
2773 3052 2878 3107 viri
2938 3053 3151 3108 eruditi
3206 3062 3259 3108 et
3315 3054 3525 3109 virtute
3559 3051 3803 3108 celebris

2143 3142 2367 3198 obitum
2401 3142 2747 3213 designatus
2773 3142 2929 3200 530
2961 3148 3069 3197 est.
3101 3142 3209 3198 Sed
3262 3148 3327 3197 ut
3376 3144 3799 3214 imperatorum

2144 3231 2401 3303 impetus
2433 3237 2490 3287 et
2510 3233 2764 3303 potentia
2810 3249 2925 3288 non
2969 3234 3271 3303 quiescere
3293 3231 3443 3287 solet
3465 3231 3579 3287 nisi
3606 3229 3802 3287 divina

2145 3319 2524 3392 humanaque
2556 3337 2660 3393 pro
2693 3338 2800 3377 suo
2849 3320 3037 3377 lubito
3070 3322 3375 3387 mutarint,
3407 3319 3802 3393 principatum

2143 3411 2392 3483 adeptus
2414 3410 2672 3467 Isaacius
2704 3410 2920 3467 Basilio
2945 3412 3275 3479 Camatero,
3300 3428 3643 3483 quanquam
3674 3410 3802 3481 ejus

2142 3515 2251 3569 ope
2283 3499 2537 3555 maxime
2570 3500 2833 3570 adjutus,
2885 3500 3287 3572 patriarcbatu
3345 3501 3569 3571 dejecto
3599 3500 3803 3570 (causa

2145 3588 2567 3658 praetexebatur
2623 3589 2802 3660 quod,
2861 3605 3008 3659 quas
3063 3587 3290 3644 nobiles
3349 3593 3651 3643 matronas
3681 3591 3800 3644 An-

2147 3675 2424 3733 dronicus
2474 3678 2532 3732 in
2594 3677 2953 3733 monasteria
3010 3677 3221 3733 invitas
3275 3678 3686 3743 abstrusisset,
3725 3676 3801 3733 iis

2142 3766 2268 3838 ipse
2300 3765 2467 3838 nigro
2496 3767 2709 3822 vestitu
2742 3766 3006 3838 deposito
3064 3767 3317 3821 reditum
3376 3767 3444 3820 ad
3480 3764 3796 3837 pristinum

2143 3857 2407 3913 habitum
2441 3862 2498 3913 et
2554 3858 2681 3913 vitai
2741 3857 3028 3914 rationem
3090 3852 3501 3925 concessisset)
3535 3857 3799 3912 Nicetam

2144 3948 2492 4004 Muntanum
2529 3965 2630 4021 pro
2670 3965 2736 4005 eo
2753 3946 3147 4021 patriarcham
3176 3946 3804 4019 designavit,ecclesim

2144 4039 2411 4093 maximae
2444 4038 2836 4095 sacellarium.
2867 4037 2979 4093 Sed
3016 4053 3087 4093 ne
3120 4036 3275 4093 hunc
3316 4037 3575 4109 quidem,
3610 4035 3804 4092 homi-

2143 4142 2274 4182 nem
2301 4132 2436 4182 natu
2471 4128 2817 4195 maximum,
2849 4125 2909 4182 in
2942 4143 3109 4183 sacra
3141 4127 3278 4183 sede
3308 4126 3604 4198 exspirare
3664 4142 3799 4197 pas.

2141 4235 2245 4274 sus
2274 4217 2520 4273 invitum
2550 4217 2792 4289 expulit,
2828 4216 3050 4273 senium
3094 4220 3151 4272 et
3207 4215 3478 4272 delirium
3547 4221 3605 4271 et
3648 4216 3790 4271 levi-

2138 4312 2314 4364 tatem
2345 4312 2645 4365 causatus.
2672 4310 2813 4363 Cum
2848 4310 3043 4363 autem
3077 4305 3418 4377 diligentius
3450 4307 3521 4362 de
3578 4306 3790 4377 guber-

2140 4401 2340 4452 natore
2398 4395 2669 4452 Ecclesiae
2729 4394 3025 4468 cogitaret,
3089 4395 3387 4452 Leontium
3439 4396 3794 4452 monachum

2141 4486 2456 4558 quemdam
2493 4502 2773 4558 magnum
2806 4490 3102 4558 pastorem
3149 4486 3441 4560 designat,
3475 4486 3535 4541 in
3594 4485 3796 4558 populi

2140 4574 2469 4648 frequentia
2500 4592 2603 4648 pro
2635 4574 2917 4631 tribunali
2941 4575 3331 4647 jurejurando
3363 4579 3615 4632 testatus
3661 4591 3797 4631 eum

2139 4661 2327 4718 virum
2364 4662 2523 4735 prius
2556 4663 2822 4737 ignotum
2884 4663 2998 4719 sibi
3047 4680 3080 4720 a
3138 4663 3241 4719 Dei
3296 4664 3585 4719 Genitrice
3619 4669 3796 4719 noctu

2138 4768 2268 4808 esse
2317 4753 2809 4820 demonstratum,
2870 4770 2981 4809 non
3041 4754 3228 4808 t‘orma
3286 4757 3343 4808 et
3401 4757 3612 4807 virtute
3664 4751 3795 4822 ejus

2140 4842 2422 4897 duntaxnt
2476 4842 2790 4913 descripta,
2851 4842 2952 4896 sed
3011 4840 3136 4896 loco
3203 4840 3377 4895 etiam
3438 4844 3674 4895 ostenso
3731 4840 3792 4895 in

2141 4947 2256 5000 quo
2288 4930 2594 4986 habitaret.
2656 4930 2869 4986 Verum
2929 4945 2995 4985 eo
3055 4945 3288 5000 quoque
3337 4928 3435 4984 Dei
3465 4927 3790 5000 genitricio,

2140 5019 2288 5076 53]
2342 5020 2689 5090 priusquam
2765 5035 2959 5074 annus
3034 5016 3387 5086 elaberetur,
3465 5019 3793 5090 repudiato,

2136 5107 2283 5163 nihil
2315 5110 2767 5176 verecundatus,
2799 5108 2959 5178 quod
2990 5124 3184 5164 coram
3230 5113 3345 5164 tam
3399 5108 3604 5167 multis
3658 5127 3796 5167 eum

1780 5259 1945 5321 Hier.
1982 5260 2194 5321 Wolﬁi
2228 5268 2414 5322 notae.

588 5420 662 5500 Τὸ
695 5427 891 5500 φωνεῖν
954 5420 1058 5500 ἀπὸ
1106 5417 1367 5500 γαστρός,
1427 5419 2021 5500 interpretatussum

373 5491 549 5567 quasi
592 5497 663 5550 de
706 5491 1179 5567 'engastrimytho
1220 5491 1597 5565 ldqueretur.’
1631 5491 1884 5567 Quodsi
1927 5494 2022 5549 cui

372 5565 661 5635 displicet,
695 5564 938 5638 exponat
971 5564 1071 5638 qui
1099 5564 1301 5638 ventris
1353 5580 1521 5621 causa
1559 5564 1731 5638 verba
1785 5566 2021 5635 faciunt,

367 5644 463 5710 aut
485 5639 584 5707 qui
602 5637 816 5693 (cz/iere
842 5637 1129 5710 uagantur
1140 5637 1324 5710 potius
1346 5653 1513 5709 quam
1534 5651 1624 5691 res
1639 5637 1863 5707 futuras
1875 5654 2021 5708 prae-

364 5709 570 5765 sciunt.

431 5779 548 5857 (34)
570 5781 732 5839 Alter
760 5782 942 5840 codex
989 5780 1073 5841 ita
1093 5782 1299 5842 miscet
1318 5780 1465 5855 haec,
1490 5783 1557 5837 ut
1577 5795 1692 5838 non
1717 5780 1862 5839 satis
1884 5795 2036 5842 oon-

2135 5424 2249 5476 stet
2269 5425 2430 5496 uter,
2474 5420 2788 5496 imperator
2816 5440 2887 5479 an
2923 5423 3277 5496 patriarcha,
3313 5426 3429 5483 tela
3460 5427 3531 5483 sit
3564 5425 3789 5483 detixu-

2134 5509 2232 5549 rus
2264 5493 2321 5548 in
2352 5494 2631 5549 cordibus
2674 5493 2954 5551 hostium.

2203 5564 2417 5644 (_35)_ai’
2450 5570 2539 5644 ῇξ.
2573 5565 2899 5644 Relativum
2934 5566 3135 5624 retulit
3169 5586 3279 5626 non
3341 5571 3409 5644 ad
3452 5569 3786 5644 παράθυρον,

2133 5632 2231 5715 sed
2260 5632 2328 5693 ad
2355 5632 2564 5709 θυρίδα,
2612 5642 2769 5715 quod
2818 5657 2932 5715 non
2979 5644 3195 5715 posuit,
3241 5632 3563 5715 πταίσματί,
3598 5632 3784 5699 υιέτί

2131 5710 2340 5780 bitror,
2377 5708 2707 5786 μνημονικῷ
2739 5710 2774 5782 ἢ
2807 5714 2936 5787 γοῦν
2970 5708 3335 5789 σολοικισμῷ,
