4102 6414
265 427 376 486 ’771

1571 417 1888 485 NICETIE
1931 420 2359 483 CHONIATE

3569 433 3690 495 772

265 564 330 616 ut
359 561 623 618 divinum
657 561 966 619 hominum
1023 559 1301 618 laudibus
1355 558 1685 622 extulisset,
1731 561 1907 613 muta-

2028 559 2266 628 νήσαντα
2292 559 2391 628 τὴν
2461 554 2750 631 ἐκκλησίαν
2799 555 2995 635 εὗρεῖν,
3051 561 3461 638 προχειρίζεται
3525 560 3690 643 μέγαν

262 654 485 709 tionem
519 653 794 718 instituit,
827 651 1420 725 Hierosolymitanum
1467 649 1814 706 Dnsitheum
1849 647 1917 702 ad

264 744 692 798 mcumenicum
729 742 1188 815 patriarcbatum
1225 747 1556 798 evecturizs.
1590 740 1752 804 Quod
1786 753 1920 792 cum

265 849 519 889 canones
553 851 666 888 non
701 834 1033 904 permittere
1064 833 1259 898 sciret,
1301 831 1671 886 Theodorum
1732 827 1924 884 Balsa-

267 940 688 996 mum,magnae
719 922 1041 978 Antiochiae
1063 923 1426 994 episcopum,
1446 921 1632 976 virum
1657 935 1724 974 ea
1755 921 1922 973 astate

259 1011 948 1082 jurisconsultissimum,
983 1016 1111 1066 astu
1145 1009 1528 1066 circumvenit
1557 1026 1570 1076 ;
1615 1013 1672 1063 et
1715 1006 1774 1061 in
1808 1005 1920 1076 pri-

262 1106 395 1156 vato
425 1099 712 1172 colloquio
743 1101 1206 1173 indignatiobem
1227 1098 1646 1169 simulatquod
1664 1095 1922 1152 Ecclesia

265 1189 378 1260 piis
407 1195 465 1246 et
493 1191 680 1246 doctis
749 1190 886 1245 viris
944 1189 1026 1244 ita
1085 1189 1444 1244 destituatur
1497 1191 1556 1243 et
1598 1185 1922 1242 monastica

233 1305 236 1308 ~
262 1279 453 1334 virtus
485 1279 567 1335 ita
597 1278 948 1335 obsolevcrit
979 1285 1152 1350 atque
1178 1277 1497 1346 evanuerit,
1531 1281 1593 1331 ut
1624 1291 1794 1332 nemo
1845 1275 1922 1330 sit

263 1369 365 1439 qui
398 1367 780 1424 univerSalem
825 1369 1048 1436 sedem,
1110 1383 1225 1422 non
1285 1382 1456 1422 secus
1501 1382 1566 1420 ac
1611 1364 1754 1420 solis
1785 1363 1920 1420 irre-

262 1456 498 1529 quietus
529 1457 810 1512 circuitus
829 1457 1029 1511 orbem
1055 1453 1642 1520 terrarum,illustret,
1673 1455 1918 1506 cretum-

261 1563 375 1618 que
407 1545 669 1601 fidelium
697 1562 870 1616 quam
934 1548 1156 1616 Optime
1205 1543 1514 1615 gubernet.
1575 1541 1704 1595 Haec
1764 1546 1821 1594 et
1860 1539 1918 1593 id

261 1651 444 1705 genus
485 1633 602 1690 alia
657 1650 770 1689 non
837 1633 967 1687 sine
1019 1632 1217 1686 dolore
1276 1631 1555 1702 prafatus
1613 1627 1920 1698 subjunxit

261 1723 400 1779 olim
433 1721 618 1776 fuisse
673 1719 785 1776 sibi
846 1721 901 1776 in
965 1720 1160 1774 animo
1220 1717 1380 1773 illum
1432 1734 1500 1773 ex
1559 1717 1920 1772 Antiocheua

260 1811 400 1867 sede
431 1809 488 1864 in
521 1809 964 1876 mcumenicam,
998 1811 1062 1862 ut
1091 1806 1378 1862 illustrem
1415 1805 1616 1877 legalis
1651 1805 1920 1876 puritatis

265 1899 584 1965 lucernam,
619 1899 956 1952 transferre.
1022 1893 1133 1950 Sed
1184 1894 1255 1950 ab
1310 1911 1378 1950 ea
1411 1897 1732 1949 mutatione
1763 1893 1916 1952 582
1950 1917 1998 1982 Β

261 1996 521 2045 veterum
555 2004 848 2044 canonum
881 1990 939 2042 et
967 1984 1498 2041 ecclesiasticarum
1543 1985 1915 2040 sanctionum

260 2079 574 2134 interdicto
605 2076 902 2132 deterreri.
953 2077 1009 2130 Si
1077 2092 1212 2130 vero
1271 2075 1416 2146 ipse,
1478 2080 1542 2128 ut
1610 2073 1799 2146 legum
1862 2077 1919 2127 et

261 2188 286 2223 (-
312 2185 553 2224 nonum
589 2165 1009 2240 peritissimus,
1038 2164 1509 2233 translationem,
1541 2167 1604 2220 ut
1641 2163 1804 2232 olim,
1837 2163 1920 2219 ita

261 2278 314 2314 ι·
353 2275 419 2314 nc
443 2274 678 2329 quoque
709 2257 922 2312 habere
955 2255 1166 2323 locum,
1189 2256 1597 2310 demonstrare
1647 2271 1712 2310 ac
1748 2253 1918 2324 vulgo

260 2349 616 2420 persuadere
651 2344 856 2418 possit,
913 2361 978 2400 se
1035 2344 1274 2400 omnino
1338 2345 1391 2400 id
1447 2345 1505 2399 in
1538 2343 1700 2398 lucro
1731 2349 1920 2415 depu—

259 2443 546 2504 taturum,
576 2449 852 2507 eumque,
889 2435 1062 2489 modo
1093 2433 1286 2502 liceat,
1309 2433 1722 2489 incunctanter
1753 2433 1916 2489 desi-

260 2530 599 2598 gnaturum.
633 2522 751 2578 Hoc
787 2521 957 2577 modo
989 2525 1274 2577 tractatus
1327 2521 1666 2577 Theodorus
1719 2521 1918 2577 omnia

262 2619 392 2670 rata
424 2615 544 2668 fore
574 2612 911 2667 atﬁrmavit.
942 2609 1229 2666 Postridie
1270 2609 1513 2665 concilio
1572 2609 1913 2681 pontiﬁcum

259 2704 322 2760 in
354 2703 474 2758 (ede
525 2719 690 2756 sacra
743 2701 988 2767 indicto,
1050 2703 1108 2754 et
1162 2699 1488 2770 quaestione
1541 2699 1642 2753 illa
1673 2701 1914 2771 agitata,

264 2792 570 2849 translatio
601 2791 796 2846 statim
831 2805 1108 2845 concessa
1165 2793 1222 2844 et
1278 2787 1490 2844 litteris
1522 2788 1916 2860 imperatoriis

265 2882 613 2938 confirmata
644 2885 752 2935 est.
812 2881 890 2934 Ac
948 2877 1370 2944 Autiochenus,
1415 2886 1472 2932 ut
1535 2883 1669 2932 ante
1709 2877 1913 2946 fuerat,

260 2973 349 3026 ita
379 2971 596 3026 mansit
653 2967 1078 3024 Antiochenus.
1139 2966 1450 3022 Dositbeus
1499 2983 1632 3022 vero
1689 2984 1724 3022 a
1779 2967 1917 3023 sede

264 3059 796 3130 Hierosolymitana
826 3056 1046 3128 Cpolim
1107 3061 1198 3112 est
1252 3056 1591 3120 translatus,
1630 3071 1763 3112 cum
1796 3063 1914 3111 tam

261 3147 551 3220 frequenti
611 3153 670 3202 et
721 3145 1031 3217 splendido
1099 3145 1376 3200 comitatu
1436 3149 1501 3198 ut
1549 3143 1706 3200 haud
1738 3143 1914 3200 dubie

2031 647 2264 720 ποιμένα
2339 646 2595 704 Αεόντιόν
2671 668 2792 702 τινα
2869 649 3137 726 μοναχὸν,
3208 647 3686 728 διαϐεϐαιούμενος

2030 735 2118 790 ἐπὶ
2151 735 2443 810 βασιλικοῦ
2473 737 2562 790 καὶ
2595 733 2959 812 διομνύμενος
3003 740 3257 813 βήματος
3287 742 3362 805 ὡς
3412 742 3512 798 οὐκ
3567 740 3690 820 ᾔδει

2028 823 2121 879 τὸν
2157 821 2325 900 ἄνδρα
2384 824 2666 901 πρότερον,
2711 827 2901 890 νυκτὸς
2951 823 3007 882 δὲ
3052 829 3088 898 ἡ
3139 832 3444 908 Θεομήτωρ
3491 839 3687 890 τοῦτον

2029 911 2174 984 αὐτῷ
2202 911 2568 985 καθυπέδειξε,
2601 913 2662 970 οὗ
2691 915 2756 970 τὸ
2784 911 2928 978 εἶδος
2983 917 3147 990 μόνον
3197 919 3288 973 καὶ
3337 921 3438 989 τήν
3489 921 3688 996 ἀρετήν

2031 1002 2408 1078 ὑπογράψασα,
2486 1001 2632 1058 ἀλλὰ
2706 1002 2796 1059 καὶ
2869 1003 2962 1059 τὸν
3043 1005 3211 1061 τόπον
3311 1004 3688 1087 διασαφήσασα

2025 1093 2145 1156 καθ’
2187 1092 2245 1147 ’ὀν
2302 1095 2404 1163 τήν
2465 1091 2678 1165 οἴκησιν
2734 1087 2958 1174 ἔλαχεν.
3015 1094 3176 1152 ’Λλλ’
3235 1097 3388 1154 οῧπω
3442 1097 3684 1166 ἐνιαυτὸς

2027 1179 2256 1250 ἐξίκετο,
2308 1182 2397 1236 καὶ
2446 1183 2870 1258 καταστρέφεται
2917 1184 3008 1239 καὶ
3059 1185 3222 1248 οὗτος
3266 1191 3362 1242 τοῦ
3413 1209 3682 1264 πατριαρ-

2029 1274 2198 1346 χικοῦ
2258 1271 2576 1347 ὑψιυματος.
2637 1271 3220 1350 Ἀποσκορακισθέντος
3299 1271 3344 1328 δ’
3399 1275 3540 1330 οὕτω
3586 1277 3678 1332 καὶ

2027 1361 2303 1431 Λεοντίου,
2365 1359 2502 1435 ἔγνω
2565 1359 3052 1440 δραματουργῆσαι
3114 1362 3395 1436 μετάθεσιν
3455 1365 3542 1418 καὶ
3605 1365 3681 1426 εἷς

2027 1449 2128 1518 τήν
2185 1449 2573 1522 οἰκουμενικήν
2634 1450 2829 1526 ἐπᾶραι
2877 1447 3233 1527 προέδρευσιν
3278 1453 3372 1506 τὸν
3419 1456 3528 1506 τῶν
3577 1455 3686 1509 Ἵι·

2027 1535 2356 1610 ροσολύμων
2406 1536 2684 1596 Δοσίθεον,
2728 1534 2907 1598 Εἰδὼς
2963 1535 3022 1592 δὲ
3068 1537 3197 1602 τοὺς
3245 1539 3476 1602 κακόνας
3523 1544 3686 1596 τοῦτο

2027 1625 2104 1698 μή
2175 1629 2620 1702 συγχωροῦντας,
2673 1624 2910 1699 μέτεισιν
2967 1625 3223 1689 ὑπούλως
3281 1627 3372 1682 τὸν
3427 1625 3687 1684 διέποντα

2023 1713 2116 1768 τὸν
2167 1713 2356 1788 θρόνον
2410 1721 2512 1784 τῆς
2568 1719 2702 1770 Θεοῦ
2758 1713 2975 1777 πόλεως
3036 1713 3282 1792 μεγάλης
3340 1717 3684 1793 Ἀντιοχείας

2025 1803 2304 1881 Θεόδωρον
2364 1807 2456 1862 τὸν
2517 1807 2848 1880 Βαλσαμὼν,
2935 1805 3104 1882 ἄνδρα
3183 1809 3316 1882 ὗπὲρ
3375 1808 3503 1872 τοὺς
3559 1809 3685 1866 τότε

2025 1896 2230 1951 πάντας
2261 1891 2390 1952 ὄντα
2436 1891 2770 1971 νομοτριόῆ.
2827 1896 2931 1953 Καὶ
2991 1894 3058 1963 δὴ
3117 1897 3254 1952 κατᾶ
3313 1897 3480 1972 μόνας
3533 1897 3682 1972 αὖτῷ

2029 1984 2116 2056 [Ρ.
2149 1985 2277 2058 260]
2353 1983 2746 2061 συγγενόμενος
2820 1985 3220 2060 σχηματίζεται
3291 1987 3384 2042 τὸν
3455 1985 3682 2062 ἀσχάλ-

2031 2070 2202 2128 λοντα
2231 2071 2278 2128 εἴ
2308 2073 2483 2132 οὕτως
2533 2070 2744 2147 ἀνδρῶν
2795 2070 3064 2151 φιλοθέων
3116 2074 3206 2128 καὶ
3261 2073 3464 2152 λογίων
3494 2078 3529 2146 ἡ
3562 2076 3684 2131 Ἐκ·

2030 2161 2238 2232 κλησία
2281 2161 2592 2230 σπανίζεται
2641 2160 2730 2217 λαὶ
2887 2164 3166 2242 μοναχικὴ
3226 2159 3536 2240 διέῤῥιπται
3592 2165 3684 2222 καὶ

2029 2253 2346 2328 ἡφάντωται
2397 2251 2586 2326 ἀρετὴ,
2647 2250 2722 2312 ὡς
2784 2252 2859 2324 μή
2919 2252 3184 2329 πρότερον
3246 2257 3356 2327 (36)
3411 2253 3545 2309 εἶναι
3591 2254 3687 2309 τὸν

2031 2341 2262 2414 ἡμέριον
2321 2339 2540 2395 τουτονὶ
2601 2338 2921 2414 λαμπτῆρα,
2979 2340 3070 2396 τὸν
3131 2340 3443 2414 ἀεικίνητον
3496 2342 3687 2413 ἣλιον,

2029 2431 2064 2499 ἡ
2099 2429 2189 2484 τὸν
2221 2427 2308 2484 ἐπὶ
2367 2434 2475 2484 τῶν
2535 2429 2836 2503 κεροιάκων
2888 2433 2986 2484 τοῦ
3045 2430 3195 2506 ἱεροῦ
3249 2432 3685 2506 καθιζησύμενον

2031 2517 2223 2594 θρόνου
2297 2517 2387 2573 καὶ
2463 2517 2702 2589 ἆρίστως
2773 2519 2838 2574 τὸ
2913 2522 3020 2574 τῶν
3080 2525 3287 2576 πιστῶν
3340 2519 3686 2578 διιθυνοῦντα

2029 2607 2335 2684 πλήρωμα.
2378 2608 2485 2666 Καὶ
2535 2611 2748 2674 τοιαῦθ’
2804 2605 2960 2684 ἕτερα
3018 2610 3460 2687 σχετλιαπικῶς
3505 2633 3683 2688 προα-

2029 2693 2402 2774 ναῦαλόμενος
2455 2696 2697 2776 ἐπήγαγε
2754 2695 2924 2753 πάλαι
3013 2701 3106 2772 μὲν
3197 2699 3490 2777 βούλεσθαι
3551 2724 3680 2776 μετ-

2029 2792 2259 2862 ενεγκεῖν
2289 2788 2448 2843 αὐτὸν
2501 2787 2560 2842 ἐκ
2605 2794 2706 2856 τῆς
2757 2788 3091 2864 Ἀντιοχέων
3143 2787 3406 2867 καθέδρας
3455 2791 3532 2854 εἷς
3582 2793 3682 2862 τήν

2029 2876 2418 2952 οἷκουμενικήν
2455 2877 2740 2953 περιωπήν
2793 2877 2868 2938 ὡς
2918 2877 3128 2954 λύχνον
3174 2885 3294 2942 ταῖς
3339 2883 3446 2934 τῶν
3491 2879 3678 2953 νόμων

2026 2965 2381 3042 τηλαυγείαις
2437 2968 2760 3044 παμφωτον,
2839 2967 3262 3025 ὑποστέλλεσθαι
3317 2965 3374 3022 δὲ
3422 2969 3522 3037 τήν
3573 2987 3668 3040 μευ

2025 3055 2239 3110 τάθεσιν
2299 3055 2373 3118 ὡς
2431 3055 2602 3111 πάλαι
2655 3061 2773 3118 τοῖς
2828 3058 3041 3112 κανόσιν
3123 3055 3490 3130 ἀπειρημένην
3573 3055 3667 3110 καὶ

2024 3149 2144 3204 τοῖς
2200 3141 2673 3215 έκκλησιασνικοῖς
2726 3141 3033 3217 ἀπᾴδουσαν
3083 3155 3324 3219 θεσμοις’
3378 3143 3424 3198 εἷ
3473 3141 3519 3198 δ’
3569 3143 3669 3198 αῦ-

256 3239 484 3309 regium
523 3236 890 3306 triumphum
933 3238 1209 3305 aequaret.
1265 3238 1334 3286 At
1393 3233 1654 3305 primarii
1718 3251 1907 3290 sacer-

2023 3232 2118 3296 τὸς
2148 3233 2311 3308 σχοίη
2347 3234 2406 3288 ἅν
2435 3234 2510 3296 ὡς
2563 3233 2768 3308 νόμους
2817 3234 2906 3290 καὶ
2951 3235 3178 3299 κανόνας
3223 3228 3672 3306 ἀκριϐωσᾶμενος

252 3328 422 3382 dotes
481 3325 785 3394 cmterique
836 3322 1106 3378 facundia
1163 3322 1442 3394 insignes,
1505 3322 1604 3394 qui
1654 3339 1713 3378 se
1743 3339 1912 3379 cano-

254 3415 428 3470 nibus
461 3417 680 3469 temere
708 3411 940 3466 violatis
985 3411 1260 3484 deceptos
1298 3411 1592 3478 videbant,
1625 3411 1904 3484 obstupe-

254 3503 410 3575 facti,
443 3519 579 3560 cum
640 3502 822 3558 risum
883 3500 1105 3556 diutius
1161 3502 1416 3572 perferre
1479 3507 1902 3572 nonpossent,

250 3591 711 3650 extraordinaria
743 3589 1129 3646 conciliabula
1175 3598 1230 3644 et
1275 3589 1462 3662 plebis
1501 3591 1904 3646 conventicula

249 3681 608 3740 instituunt:
641 3680 840 3737 alienae
871 3679 1127 3735 ecclesia
1167 3683 1481 3752 occupator
1537 3680 1702 3735 audit
1741 3681 1902 3736 Dosi-

245 3773 460 3840 theus;
495 3773 753 3830 secundo
787 3771 1004 3826 honore
1035 3771 1376 3842 abrogatoe
1427 3770 1565 3826 sede
1607 3770 1898 3841 educitur,

247 3863 402 3920 583
434 3864 750 3934 imperator
779 3877 911 3916 vero
943 3859 1326 3932 ignominiam
1360 3857 1518 3914 illam
1565 3877 1678 3915 non
1709 3859 1899 3916 ferens

245 3949 520 4006 omnibus
552 3949 737 4005 modis
769 3949 1134 4014 adversatur,
1171 3963 1234 4002 ac
1283 3945 1430 4001 nihil
1491 3963 1606 4002 non
1669 3947 1806 4003 facit
1837 3952 1900 4004 ut

241 4041 564 4115 approbata
595 4039 696 4094 illa
755 4037 1062 4093 translatio
1131 4036 1338 4092 valeat.
1369 4035 1484 4092 Nec
1536 4038 1726 4093 multo
1769 4041 1898 4109 post

241 4130 620 4204 abrogatione
651 4128 906 4194 sublata,
952 4126 1289 4182 Dositbeum
1337 4129 1529 4182 denuo
1589 4128 1900 4184 confirma.

238 4223 368 4274 tum
405 4236 504 4290 per
550 4219 944 4290 bipenniferos
1003 4215 1286 4272 satellites
1341 4220 1398 4271 et
1445 4215 1729 4288 palatinos
1763 4235 1898 4290 pro-

243 4325 405 4365 ceres
443 4309 503 4364 in
536 4324 762 4364 sacram
834 4307 1016 4362 tndem
1079 4303 1340 4372 deducit,
1409 4306 1606 4377 populi
1669 4315 1895 4363 motum

240 4397 484 4454 veritus.
513 4398 648 4453 Erat
694 4398 852 4454 enim
897 4395 1204 4452 Dosithcus
1263 4395 1336 4450 ob
1395 4397 1778 4453 ambitionem
1839 4404 1898 4454 et

237 4486 612 4560 imperatoris
643 4485 1114 4556 intempestivam
1169 4484 1549 4554 pertinaciam
1593 4490 1649 4540 et
1691 4503 1895 4558 parum

235 4575 540 4632 laudatum
577 4574 670 4632 sui
705 4575 969 4631 studium
1003 4573 1276 4628 omnibus
1317 4573 1571 4631 invisus.
1609 4578 1890 4632 Caeterum

237 4683 447 4723 rursus
477 4655 614 4723 sede
644 4665 896 4738 ejicitur,
957 4663 1278 4736 eodemque
1337 4665 1510 4720 modo
1563 4683 1679 4737 quo
1728 4667 1890 4722 canis
1925 4641 1970 4703 Β

231 4756 559 4830 Esopicus,
592 4761 652 4812 et
680 4755 1085 4828 pontificatum
1125 4768 1300 4824 quem
1361 4757 1627 4810 tenuerat
1677 4757 1892 4814 amittit

237 4849 397 4914 (nam
455 4845 605 4902 alius
649 4843 1062 4914 Hierosolymis
1119 4842 1335 4898 electus
1392 4843 1536 4912 erat)
1569 4849 1626 4898 et
1683 4846 1890 4916 majori

239 4935 378 4991 sede
403 4935 635 5003 excidit,
684 4949 898 5006 magno
959 4947 1232 4988 vasorum
1299 4931 1540 4987 custode
1595 4931 1891 5005 Xiphilino

240 5023 484 5096 Georgio
517 5024 845 5097 patriarcha
878 5023 1203 5094 designato.

2021 3323 2212 3398 χώραν
2271 3320 2501 3400 ἔχουσαν
2542 3321 2976 3400 ἀποδεδειχέναι,
3031 3321 3166 3378 καθᾶ
3224 3343 3378 3390 ποτε,
3437 3322 3526 3378 καὶ
3581 3326 3674 3378 νῦν

2015 3413 2118 3480 τήν
2155 3434 2221 3485 με
2253 3413 2495 3481 τάθεσιν,
2528 3413 2618 3469 καὶ
2650 3413 2748 3476 τὰς
2772 3419 2882 3468 τῶν
2921 3411 3150 3469 πολλῶν
3209 3412 3284 3474 εἷς
3331 3413 3496 3467 τοῦτο
3547 3421 3672 3484 μεθ-

2014 3501 2274 3576 αρμὸσειε
2348 3503 2596 3579 γνώμας,
2675 3501 2902 3578 ἕρμαιον
2986 3502 3154 3565 ὄντως
3250 3503 3517 3576 ἡγήσεται
3607 3500 3671 3556 τὸ

2015 3593 2254 3670 πραχθὲν
2311 3595 2396 3649 καὶ
2461 3595 2562 3650 οὐκ
2619 3589 2976 3650 ἀναϐαλεῖται
3033 3595 3098 3649 τὸ
3154 3599 3322 3670 πέρας
3386 3591 3668 3648 ἀνεύθυνον

2010 3689 2202 3739 ποιοῦ)
2236 3687 2335 3756 τὴν
2379 3684 2745 3764 προχείτισιν.
2787 3685 2886 3739 Καὶ
2931 3685 2958 3739 ὀ
3021 3684 3116 3757 μὲν
3175 3681 3436 3759 βασιλεὺς
3491 3682 3667 3746 οὕτως

2013 3773 2254 3846 μετῆλθε
2326 3775 2416 3829 τὸν
2495 3773 2838 3849 Ἀντιοχείας
2915 3770 3218 3848 Θεόδωρον,
3299 3773 3327 3827 ὁ
3378 3769 3435 3827 δὲ
3491 3773 3669 3828 πάντα

2008 3861 2205 3932 ἐκτελῆ
2233 3865 2472 3938 γενέσθαι
2522 3861 2794 3919 κατέθετο.
2859 3861 3136 3938 Σύλλογοι
3201 3857 3290 3915 οῦν
3354 3861 3469 3934 μετ’
3527 3859 3666 3914 ἐκεί-

2007 3975 2104 4024 νην
2132 3953 2231 4021 τήν
2291 3954 2500 4027 ἧμέραν
2555 3951 2861 4029 ἀρχιερέων
2916 3951 3014 4007 ἀνὰ
3058 3952 3126 4006 τὰ
3175 3949 3372 4028 ἀρχεῖα
3425 3951 3492 4006 τὰ
3549 3949 3670 4026 ἱερὰ

2006 4042 2096 4098 καὶ
2173 4041 2388 4100 σύνοδοι
2464 4041 2558 4097 καὶ
2633 4044 2932 4114 συζήτησις
3007 4041 3130 4116 περὶ
3174 4038 3538 4114 μεταθέσεως,
3578 4041 3669 4096 καὶ

2006 4133 2152 4208 παρὰ
2225 4128 2397 4194 πόδας
2473 4129 2792 4210 έκχώρησις
2865 4131 2956 4186 καὶ
3031 4130 3204 4204 τόμος
3245 4129 3330 4184 ἐπὶ
3379 4127 3668 4204 βασιλικοῦ

2008 4219 2505 4296 συμπληρούμενος
2583 4223 2858 4297 βήματος,
2933 4219 3025 4276 καὶ
3076 4221 3104 4276 ὁ
3157 4220 3252 4293 μὶν
3325 4216 3670 4294 Ἀντιοχείας

2005 4311 2172 4367 πάλιν
2205 4310 2545 4387 Ἀντιοχείας
2593 4309 2857 4385 έώμενος,
2908 4311 2936 4366 ὁ
2990 4307 3046 4365 δὲ
3097 4309 3354 4374 Δοσίθεος
3405 4307 3510 4364 ἀπὸ
3567 4309 3665 4362 τοῦ

2005 4406 2112 4457 τῶν
2169 4399 2568 4474 Ἰεροσολύμων
2621 4401 2800 4456 θώκου
2861 4401 2938 4464 εἷς
3009 4399 3100 4455 τὸν
3159 4405 3260 4468 τῆς
3319 4404 3659 4452 Κωνσταντι-

2003 4487 2322 4554 νουπόλεως
2385 4489 2735 4567 ἀναγόμενος,
2793 4489 2882 4544 καὶ
2922 4491 2958 4559 ἡ
2999 4487 3316 4562 προπομπὴ
3379 4485 3453 4548 ὡς
3512 4482 3663 4558 λαμο

2002 4577 2246 4653 προτάτη
2306 4579 2397 4632 καὶ
2465 4577 3014 4654 πολυανθρωποτάτῃ
3089 4581 3200 4631 τῶν
3285 4575 3530 4644 πώποτε,
3589 4573 3666 4636 ὡς

2001 4666 2255 4724 εἶναικαὶ
2294 4661 2586 4742 θριάμϐοις
2637 4663 2912 4744 βασιλέων
2962 4667 3339 4743 ἀμφήριστος,
3389 4665 3478 4718 καὶ
3520 4663 3662 4741 ἀχα-

1999 4763 2110 4821 νεῖς
2141 4757 2230 4814 ἐπὶ
2259 4757 2438 4832 τούτῳ
2493 4759 2545 4813 οἳ
2595 4757 2996 4838 φενακισθέντες
3055 4757 3340 4833 ἇρχιεφεῖς
3397 4755 3486 4810 καὶ
3534 4751 3662 4816 τοὺς

1999 4847 2222 4910 κανόνας
2268 4847 2386 4918 εἰκῆ
2437 4849 2958 4924 κατανωτισάμενοι.
3016 4847 3239 4920 Ἀμέλει
3295 4867 3381 4902 τοι
3442 4843 3532 4899 καὶ
3579 4843 3656 4917 μή

2002 4936 2090 4994 ἐπὶ
2121 4936 2294 4993 πολὺν
2329 4938 2540 5026 χρόνον,
2560 4938 2792 5015 ἐνεγκεῖν
2822 4938 2916 4994 τὸν
2949 4935 3168 5013 γέλωτα
3196 4931 3421 5010 ἔχοντες
3477 4952 3657 5006 παρα-

2003 5030 2316 5106 συναγωγὰς
2377 5021 2593 5084 ποιοῦσι
2649 5030 2742 5084 καὶ
2792 5027 3121 5106 ὀχλαγώγια
3170 5027 3221 5081 o't
3280 5021 3508 5102 λογάδες
3561 5023 3656 5076 τοῦ

1645 5152 1789 5214 llier
1819 5156 2030 5218 Woltii
2062 5165 2252 5220 notae.

309 5277 422 5350 (36)
478 5275 568 5336 Ὦς
603 5273 705 5350 ,μὴ
763 5273 1049 5348 πρότεροψ
1095 5273 1457 5350 Depravatus
1516 5273 1743 5331 videtur
1801 5278 1895 5336 hic

237 5345 421 5404 locus.
457 5352 568 5419 Ego
601 5345 656 5401 in
701 5345 978 5402 vertendo
1013 5345 1496 5419 qualemcunque
1536 5349 1891 5419 sententiam

237 5437 372 5476 sum
403 5415 656 5476 secutus.
693 5419 968 5474 Vetustus
999 5415 1178 5473 codex
1208 5427 1262 5472 et
1294 5417 1425 5486 ipse
1484 5415 1661 5486 habet
1716 5425 1892 5479 verba

235 5493 383 5547 satis
407 5491 727 5564 perplexa;
779 5488 870 5552 Ὠς
927 5487 1012 5564 ὅτι
1066 5489 1100 5558 ἠ
1159 5482 1581 5564 Ἐκκλὴσίαμι-
1611 5485 1887 5554 διϊθύνεις·

237 5557 538 5620 Ecclesium
566 5578 678 5617 non
708 5562 908 5617 habere
936 5562 1081 5635 viros
1111 5563 1230 5635 pios
1259 5567 1309 5635 et
1336 5557 1600 5629 eruditos,
1621 5579 1795 5635 eaque
1825 5570 1893 5623 de

236 5651 408 5691 causa
435 5639 486 5691 et
538 5635 906 5689 monasticam
962 5630 1132 5687 vitam
1189 5631 1456 5700 dejectam
1506 5640 1560 5687 et
1616 5630 1886 5694 desertam

234 5722 371 5764 esse.
407 5709 470 5764 Et
508 5709 590 5773 tu,
639 5704 845 5778 inquit,
903 5704 1120 5762 illustre
1173 5703 1346 5770 sidus,
1404 5716 1513 5758 non
1563 5711 1886 5777 apparuisti

2004 5279 2182 5354 prius,
2229 5288 2287 5339 ut
2339 5285 2400 5340 in
2455 5283 2599 5341 solio
2650 5285 2750 5341 hoc
2804 5283 3184 5354 patriarchico
3237 5279 3554 5354 considere:
3610 5279 3666 5354 et

2007 5350 2383 5428 Christianum
2417 5372 2638 5428 gregem
2664 5350 2865 5428 optimc
2915 5357 3274 5425 gubernares.
3322 5353 3382 5428 I_u
3443 5350 3667 5428 cmteris

2003 5427 2232 5500 duobus
2258 5423 2558 5500 codicibus
2583 5423 3308 5500 pro'aepow'ziwvmfortasso
3337 5423 3658 5500 legendum

2003 5495 2226 5574 οἰάκων,
2254 5500 2382 5574 sine
2411 5493 2633 5574 syllaba
2660 5493 2862 5574 κερ,ἐι
2888 5517 2997 5574 pro
3013 5493 3176 5574 ἥλιον
3205 5493 3242 5566 ἤ
3297 5493 3662 5574 tov'iortas-

2003 5585 2066 5624 se
2097 5570 2412 5639 legendum
2444 5567 2480 5640 ἢ
2511 5569 2696 5640 αὐτὸν,
2724 5567 2794 5628 'ut
2823 5567 2946 5627 haec
2967 5572 3038 5625 de
3069 5570 3194 5626 sole
3225 5567 3516 5624 sententia
3547 5581 3664 5622 non

2000 5642 2068 5698 ad
2107 5642 2285 5698 alium
2317 5659 2493 5714 quam
2528 5645 2598 5700 ad
2633 5645 2824 5716 ipsum
2864 5641 3194 5698 Balsamum
3229 5640 3532 5696 referatur.
