4102 6386
301 389 423 451 773
1431 377 1532 441 DE
1575 376 1893 441 ISAACIO
1936 375 2263 440 ANGELO
2310 376 2457 439 LIB.
2506 334 2585 439 ιτ.
3605 381 3727 443 774
3768 345 3777 365 ³

312 522 588 596 βήματος,
619 515 848 571 καὶτῶν
881 509 1185 590 ἀρχιερέων
1244 508 1443 566 ὁπόσον
1488 510 1609 585 εἶχε
1660 511 1760 580 τήν
1820 508 2071 584 γλῶτταν
2150 508 2287 584 πρὸς
2362 508 2544 585 λόγων
2626 508 2783 584 ἰσχὺν
2837 508 3133 583 ἐπίσημον.
3211 510 3419 568 Οὐκοῦν
3470 508 3739 584 ἐπιϐάτης

309 593 611 679 ἐκκλησίας
690 602 990 679 ἀλλοτρίας
1065 600 1249 657 ἀκούει
1327 599 1601 669 Δοσίθεος,
1677 600 1768 654 καὶ
1844 597 2217 672 ἀναλυομένην
2291 593 2421 674 ἔσχε
2493 600 2591 669 τήν
2670 597 2917 674 δευτέραν
2991 602 3182 674 τιμὴν,
3258 603 3488 656 καὶτοῦ
3539 602 3735 675 θρόνου

308 697 757 773 κατᾶγὲται.Τῆν
793 691 837 748 δ’
884 692 1048 761 ἧτταν
1087 692 1163 765 μὴ
1241 692 1419 770 φέρειν
1497 688 1643 765 ἔχων
1722 691 1750 743 6
1829 688 2087 764 βασιλεὺς
2164 688 2583 763 ἀναμαχόμενος
2614 690 2681 758 ἦν
2733 691 2820 745 καὶ
2897 692 3168 753 παντοίως
3201 688 3443 769 σπεύδων
3522 691 3733 767 ἰσχύειν

306 790 772 862 τῆνκυρωθεῖσαν
856 781 1156 856 μετάθεσιν,
1231 780 1322 834 καὶ
1402 780 1536 852 μετὰ
1613 777 1824 857 βραχύν
1901 799 2022 832 τινα
2099 779 2300 853 χρόνον
2377 778 2647 841 ἀναλύσας
2686 781 2752 834 τὰ
2826 779 3185 856 ἐπιγενόμενα
3260 780 3414 844 αὖθις
3490 779 3736 855 ἐστήριξε

310 879 403 932 τὸν
439 878 717 943 Δοσίθεον,
752 874 842 928 ὅτε
892 871 983 926 καὶ
1062 867 1151 925 διὰ
1222 874 1332 925 τῶν
1408 867 1798 945 πελεκυφόρων
1875 867 1964 922 καὶ
2040 871 2145 921 τῶν
2181 870 2278 921 τοῦ
2309 866 2578 922 παλατίου
2654 868 2917 943 ἐκκρίτων
2992 869 3348 945 προύπεμψεν
3422 869 3581 925 αὐτὸν
3658 871 3737 933 εἷς

309 966 373 1021 τὸ
410 966 666 1040 μέγιστον
698 961 944 1037 τέμενος,
982 956 1178 1022 δεδιὼς
1213 961 1289 1033 μὴ
1321 959 1383 1013 τὸ
1409 956 1622 1028 πλῆθος
1699 958 2089 1031 νεωτερίσειεν
2168 956 2233 1025 ἦν
2312 958 2413 1031 γὰρ
2492 954 2583 1012 διὰ
2660 959 2853 1032 μίσους
2927 960 3123 1014 ’ἅπασιν
3202 959 3275 1020 ὠς
3352 958 3738 1035 φιλόθρονοςὸ

313 1054 566 1118 Δοσίθεος
596 1056 736 1127 (37),
767 1050 859 1108 καὶ
917 1050 980 1106 τὸ
1054 1052 1154 1104 τοῦ
1189 1052 1517 1122 κρατοῦντος
1593 1046 1678 1102 ἐπὶ
1762 1048 1837 1119 μὴ
1915 1045 2153 1121 καιρίοις
2227 1046 2542 1121 πράγμασιν
2620 1047 2927 1104 ἐνστατικόν
3002 1071 3059 1104 τε
3132 1050 3224 1104 καὶ
3300 1048 3560 1124 φίλαυτον
3640 1050 3740 1106 ούκ

309 1144 603 1201 ἐπαινετόν.
639 1140 822 1201 Ἀλλὰ
852 1140 946 1197 καὶ
979 1137 1146 1195 πάλιν
1175 1143 1271 1194 τοῦ
1305 1138 1500 1214 θρόνου
1533 1135 2037 1210 ἀποδιοπομπεῖται
2088 1136 2361 1209 Δοσίθεος,
2419 1137 2509 1192 καὶ
2561 1138 2824 1203 πέπονθεν
2882 1140 3125 1214 ἀτεχνῶς
3179 1139 3241 1195 τὸ
3298 1147 3397 1209 τῆς
3426 1140 3740 1205 Αίσωπείας

306 1234 493 1303 κυνὸς,
569 1233 638 1303 ἦς
713 1253 772 1287 τε
848 1229 1052 1301 διεῖπεν
1128 1229 1418 1284 ἀποπεσὼν
1495 1231 1644 1303 ἱερᾶς
1721 1226 1905 1302 ἀρχῆς
1981 1221 2183 1299 (ἕτερος
2253 1226 2356 1302 γὰρ
2458 1226 2864 1303 Ἱεροσολύμων
2943 1228 3392 1306 κεχειροτόνητο)

306 1324 551 1397 μείζονος
630 1322 825 1395 θρόνου
902 1319 1265 1393 καθαιρεθείς.
1344 1319 1444 1375 Καὶ
1525 1320 1686 1373 τοῦτο
1767 1316 1861 1388 μὲν
1939 1313 2207 1382 ἐσέπειτα,
2282 1316 2372 1370 καὶ
2448 1318 2856 1393 προχειρίζεται
2931 1319 3278 1394 πατριάρχης

301 1411 636 1491 σκευοφύλαξ
670 1412 697 1465 6
719 1409 1018 1482 Ξιφιλῖνος
1048 1407 1347 1483 Γεώργιος.

377 1502 432 1557 ε’.
468 1489 550 1575 [Ρ.
585 1500 711 1573 261]
761 1498 897 1553 Τότε
962 1494 1030 1565 δ’,
1093 1496 1167 1556 ὡς
1220 1496 1503 1569 ἀπανταχῆ
1550 1489 1866 1568 περιῄδετο,
1899 1490 1959 1546 ἐκ

2142 1494 2199 1547 5.
2230 1494 2376 1550 Tum
2412 1512 2566 1562 vero,
2602 1498 2755 1569 quod
2793 1499 3010 1570 ubique
3060 1504 3184 1555 erat
3244 1499 3493 1569 celebre,
3526 1518 3591 1555 ex
3621 1506 3733 1556 Sa-

3475 1231 3564 1285 καὶ
3640 1234 3738 1285 τοῦ

3386 1318 3553 1397 μέγας
3657 1318 3733 1374 ὤν

311 1588 746 1663 Σολομωντείων
802 1581 1011 1660 βίϐλων
1076 1581 1384 1655 ἰνδάλματα
1422 1587 1533 1636 τῶν
1564 1578 1845 1654 ἐσομένων
1876 1592 1967 1645 καί

306 1701 458 1742 τινας
503 1679 761 1756 ἐμφάσεις
821 1675 960 1729 κατά
1014 1671 1142 1735 τοὺς
1206 1671 1643 1747 ὀνειροπομποὺς
1705 1667 1970 1744 δαίμονας

303 1769 633 1845 ἀποτρυγῶν
665 1767 693 1821 6
724 1766 975 1826 Δοσίθεος
1015 1759 1123 1838 οὺχ
1166 1760 1350 1836 ὥσπερ
1392 1762 1496 1817 ὰπὸ
1529 1761 1696 1835 ῥινὸς,
1749 1757 1876 1815 ἀλλ’
1910 1759 1969 1813 ἐκ

307 1865 414 1915 τῶν
465 1856 624 1913 ὤτων
694 1855 845 1911 εἷλκε
896 1857 988 1910 τὸν
1048 1853 1442 1929 αὐτοκράτορα.
1500 1854 1563 1910 Ὁ
1616 1847 1675 1906 δέ
1722 1872 1783 1926 γε
1814 1870 1969 1925 πρω-

304 1946 630 2020 τοστράτωρ
687 1943 823 2000 κατᾶ
878 1945 971 2006 τὰς
1027 1940 1314 2016 βασιλικὰς
1371 1940 1790 2014 ὑποθημοσύνας
1850 1935 1965 1993 δια-

313 2035 690 2108 πραττόμενος
749 2027 1120 2106 παρεϐλέπετο
1185 2031 1252 2086 τὰ
1311 2032 1448 2106 πρὸς
1534 2029 1695 2085 αὐτὸν
1762 2028 1968 2105 γραφό-

312 2146 446 2197 μενα
470 2122 615 2197 παρὰ
645 2126 741 2178 τοῦ
773 2122 965 2199 ῥηγὸς,
1021 2122 1110 2176 καὶ
1169 2121 1306 2182 ἅπας
1359 2121 1559 2196 ἐγίνετο
1624 2123 1721 2173 τοῦ
1773 2116 1965 2193 δρᾶσαί

306 2234 356 2268 τι
391 2214 555 2267 κακὸν
610 2213 739 2273 τοὺς
800 2210 1147 2283 Ἀλαμανοὺς
1202 2209 1326 2285 περῖ
1382 2210 1751 2285 φρυγανισμὸν
1799 2206 1967 2277 ἐξιόν-

300 2320 419 2361 τας,
479 2299 583 2356 Καὶ
643 2296 709 2369 δή
762 2320 893 2353 ποτε
971 2298 1094 2374 περὶ
1178 2299 1306 2360 τοὺς
1367 2296 1683 2374 δισχιλίους
1751 2317 1811 2351 τε
1875 2295 1967 2351 καὶ

307 2389 570 2452 εύΐππους
653 2388 1029 2463 ἀποκεκρικὼς
1109 2388 1376 2459 ἠθέλησεν
1461 2386 1638 2466 ἂγχοῦ
1703 2407 1809 2442 που
1869 2387 1967 2454 τῆς

302 2477 590 2533 Φιλίππου
630 2481 958 2554 πορευθῆναι
988 2478 1183 2541 νυκτὸς
1218 2478 1309 2532 καὶ
1368 2482 1475 2533 τῶν
1527 2476 1693 2534 ἐκεῖθι
1760 2476 1969 2551 βουνῶν

303 2566 584 2643 ἐχομένως
644 2567 965 2631 ὑποκαθίσαι
1022 2564 1196 2642 λόχον
1268 2565 1358 2622 καὶ
1440 2572 1557 2629 τοῖς
1654 2565 1965 2644 σιτοφόροις

309 2655 586 2711 ἐπιθέσθαι
647 2652 888 2732 ὄρθριος.
948 2657 1052 2713 Καὶ
1113 2656 1275 2717 αὐτὸς
1337 2657 1430 2729 μὲν
1483 2658 1745 2726 τοιαύτης
1783 2654 1968 2730 εἷ’χετο

310 2746 579 2820 πράξεως,
636 2745 703 2800 τὰ
755 2744 812 2800 δὲ
872 2745 1173 2825 σκευοφόρα
1227 2744 1315 2801 καὶ
1358 2746 1421 2801 τὸ
1455 2746 1789 2823 ὓπουργικὸν
1847 2749 1969 2805 τοῖς

310 2836 669 2912 στρατιώταις
726 2836 818 2891 καὶ
874 2836 937 2891 τὸ
995 2833 1190 2890 λοιπὸν
1247 2834 1557 2910 στράτευμα
1614 2833 1811 2890 ἐκεῖθεν
1874 2855 1971 2907 με-

311 2923 546 2996 ταϐῆναι
609 2926 727 2999 μεθ’
788 2928 949 2999 ἡμῶν
1024 2925 1293 2998 ἐπέταξεν,
1362 2924 1437 2989 ὡς
1507 2924 1554 2979 εἷ
1642 2924 1820 2988 θεόθεν
1900 2924 1968 2993 ἦν

312 3014 692 3088 ἐμπνευσθείς.
744 3014 911 3072 Οὕπω
977 3015 1081 3090 γὰρ
1139 3015 1207 3084 ἦν
1252 3012 1434 3090 ἡμέρα
1491 3010 1822 3092 διαγελῶσα,
1881 3013 1972 3069 καὶ

316 3105 369 3158 o't
424 3103 728 3177 Ἀλαμανοῖ
789 3103 1049 3177 μαθόντες
1106 3105 1251 3179 παρᾶ
1305 3108 1412 3159 τῶν
1486 3101 1539 3165 ἐς
1602 3104 1663 3159 τὸ
1711 3101 1970 3180 φρούριον

315 3194 409 3248 τὸν
469 3195 779 3269 Προυσηνὸν
838 3192 1140 3269 Ἀρμενίων
1195 3194 1387 3268 (ἐκεῖσε
1452 3193 1555 3269 γὰρ
1612 3195 1647 3263 ἡ
1710 3191 1969 3270 βασιλική

312 3279 900 3360 κατεστρατοπεδεύετο
997 3286 1244 3359 στρατιὰ)
1323 3281 1422 3337 ὅσα
1479 3284 1546 3351 ἦν
1629 3286 1707 3354 τῷ
1762 3303 1975 3358 πρωτο-

313 3372 573 3449 στράτορι
604 3372 742 3447 πρός
798 3369 1029 3446 βουλῆς,
1071 3372 1236 3427 νύκτα
1299 3373 1397 3441 τῆν
1456 3372 1627 3441 αὐτὴν
1690 3370 1971 3448 ἐξάραντες

310 3468 411 3532 τῆς
501 3458 787 3517 Φιλίππου
849 3461 979 3535 ὑπὲρ
1049 3461 1147 3524 τὰς
1218 3459 1375 3517 πέντε
1435 3457 1693 3536 χιλιάδας
1763 3458 1974 3535 σιδήρῳ

310 3550 505 3613 πάντες
580 3550 949 3631 κατάφρακτοι
1044 3548 1321 3615 ἐπιθέσθαι
1416 3553 1553 3624 ἡμῖι
1649 3552 1970 3626 ἠπείγοντο,

317 3640 579 3705 λαθόντες
630 3640 726 3703 οὕς
786 3638 1013 3716 εἴχομεν
1074 3640 1321 3715 ὀπτῆρας
1371 3639 1460 3694 καὶ
1522 3637 1789 3718 φύλακας,
1833 3636 1975 3713 μηδὲ

321 3736 439 3792 τοῖς
495 3729 610 3806 ἅμα
675 3735 753 3803 τῷ
809 3728 1261 3807 πρωτοπρᾶτορι
1329 3727 1638 3792 ἐπιλέκτοις
1715 3751 1977 3802 συνηντηα

312 3823 489 3893 κότες,
531 3819 646 3876 ἐπεὶ
676 3821 768 3876 καὶ
836 3822 863 3876 6
927 3821 1022 3895 μὲν
1051 3820 1498 3896 πρωτοστράτωρ
1554 3819 1621 3875 τὰ
1659 3824 1777 3885 τοῖς
1825 3815 1974 3893 ὄρεσι

312 3912 742 3989 προσεγγίζοντα
808 3908 944 3989 μέρη
1035 3911 1413 3985 ἐπεπορεύετο,
1464 3909 1587 3967 ἔνθα
1642 3912 1729 3967 καὶ
1792 3909 1975 3987 χωρία

310 4004 378 4072 ἦν
440 4002 601 4057 εἶσέτι
659 4007 766 4058 τῶν
816 4000 1139 4074 ἐπιτηδείων
1193 3996 1433 4077 ἔμπλεα,
1490 4001 1745 4064 καὶτοὺς
1796 3999 1972 4080 γηλόο

311 4113 446 4171 (ρους
479 4090 737 4146 ὑπεδύετο
780 4088 1031 4146 κλὲπτων
1091 4093 1153 4146 τὸ
1214 4093 1468 4162 θεαθῆναι
1528 4091 1665 4166 πρὸς
1694 4094 1791 4146 τοῦ
1868 4101 1974 4162 θη-

310 4181 575 4256 ράματος·
612 4183 666 4234 οἱ
717 4178 763 4235 δ’
820 4179 1125 4253 Ἃλαμανοὶ
1183 4181 1526 4241 πεποιθότως
1583 4176 1831 4251 ἐϐάδιζον
1870 4180 1969 4249 τὴν

309 4266 400 4321 διὰ
454 4267 604 4321 λείου
657 4266 845 4321 πεδίου
905 4267 981 4329 εἰς
1066 4268 1128 4323 τὸ
1212 4269 1524 4341 Ῥωμαϊκὸν
1608 4266 1970 4345 στρατόπεδον

312 4355 724 4432 φὲρουσαν.Ὠς
755 4353 801 4409 δ’
859 4354 1050 4411 ούὸἐνα
1108 4355 1330 4431 εὕροσαν
1391 4356 1698 4437 ἀντίμαχον
1758 4361 1809 4415 οἱ
1866 4383 1973 4416 πο-

315 4439 529 4516 λέμιοι,
572 4440 718 4499 ἀλλὰ
746 4446 845 4515 τήν
910 4446 1003 4518 μὲν
1064 4445 1370 4515 ἀποσκευὴν
1423 4450 1522 4501 τοῦ
1571 4448 1973 4524 στρατεύματος

311 4534 449 4588 κατά
498 4535 597 4603 τὴν
658 4540 822 4604 τῆτες
879 4531 1066 4605 δείλην
1128 4535 1491 4606 ἀπονοστῆσαι
1570 4536 1767 4602 ἐκεῖθεν
1841 4538 1971 4594 ἐπύ-

313 4626 496 4691 θοντο,
555 4623 680 4679 ὅσον
738 4622 783 4679 δ’
832 4624 998 4680 αὐτοῦ
1055 4626 1367 4703 κράτιστον,
1417 4627 1555 4681 κατᾶ
1610 4633 1717 4683 τῶν
1786 4627 1844 4684 ἐκ
1876 4633 1974 4684 τοῦ

316 4712 507 4788 γένους
566 4718 712 4791 σφῶν
762 4714 829 4767 τὰ
909 4719 1029 4769 σῖτα
1087 4716 1166 4778 εἷς
1221 4717 1321 4786 τὴν
1386 4711 1747 4791 παρεμϐολὴν
1808 4739 1972 4791 μετα·

320 4803 591 4882 φερόντων
650 4802 1057 4884 ἐφωρμῆκέναι,
1111 4805 1187 4877 μή
1249 4805 1624 4879 ἀναμείναντες
1657 4807 1755 4875 τῆν
1815 4806 1974 4884 ἀγγε-

321 4890 443 4946 λίαν
502 4894 628 4947 τοὺς⁹
678 4891 886 4955 ’ίππους
949 4894 1304 4969 μετήνεγκαν,
1358 4895 1644 4968 εὑρεθῆναι
1710 4900 1828 4957 τοῖς
1883 4902 1974 4968 ζη-

317 4984 502 5035 τοῦσιν
530 4981 881 5055 γλιχόμενοι.
937 4979 1148 5036 Οὐκοῦν
1208 4981 1261 5033 οἱ
1317 4981 1411 5053 μὲν
1460 4981 1549 5035 τὸν
1610 4980 1774 5038 ἐκεῖθι
1804 4982 1975 5063 λόφον

319 5066 863 5138 ὑποκαταϐαίνοντες,
899 5068 955 5131 ὅς
1012 5069 1140 5145 περὶ
1197 5071 1257 5124 τὸ
1315 5072 1571 5147 φρούριον
1606 5070 1823 5146 ἐξῆρται
1881 5074 1973 5129 τὸν

317 5161 657 5232 Προυσηνὸν,

314 5247 591 5318 ἀλλήλοις
666 5248 951 5320 ἀδόκητοι.
1058 5249 1207 5305 Ἐπεὶ
1269 5246 1326 5303 δὲ
1400 5250 1487 5304 καὶ
1567 5250 1974 5325 συμπλακέντες

317 5334 617 5416 ἐμάχοντο,
679 5340 729 5393 οἱ
768 5340 859 5413 μὶν
905 5338 1125 5396 Ἀλανοὶ
1157 5338 1515 5413 ἐξηγούμενον
1549 5341 1722 5399 αύτῶν
1758 5340 1975 5418 ἔχοντες

317 5423 407 5476 τὸν
443 5430 536 5478 τοῦ
579 5426 822 5498 Ἀλεξίου
883 5434 1058 5500 Βρανᾶ
1098 5427 1211 5481 υἱὸν
1274 5429 1365 5483 τὸν
1435 5425 1715 5504 Θεόδωρον
1777 5440 1975 5510 μικροῦ

743 5162 792 5213 οἱ
873 5156 920 5212 δ’
995 5159 1256 5234 ἡμέτεροι
1340 5160 1578 5223 ἀνιόντες
1648 5161 1973 5236 προσέμιξαν

666 5248 951 5320 ἀδόκητοι.

2069 1580 2325 1639 lomonis
2358 1584 2523 1640 libris
2557 1586 2882 1642 futurarum
2910 1605 3104 1643 rerum
3131 1589 3415 1659 imagines
3440 1590 3732 1645 etl‘ormas

2074 1672 2384 1744 quasdam,
2418 1673 2607 1729 instar
2636 1676 2965 1732 daemonum
2992 1677 3089 1748 qui
3120 1678 3351 1733 somnia
3376 1678 3731 1745 immittunt,

2073 1760 2464 1832 depingendo,
2497 1777 2612 1817 non
2648 1780 2790 1818 naso
2824 1764 2925 1818 sed
2960 1763 3201 1819 auribus
3233 1764 3507 1820 trahebat
3548 1765 3735 1836 impe-

2075 1848 2738 1921 ratorem.Cujusjussis
2758 1856 3142 1923 prolostrator
3162 1852 3735 1926 obsequens,litteris

2073 1938 2228 2010 regis
2253 1937 2720 2010 neglectis,totus
2746 1942 2803 1996 in
2838 1957 2903 1996 eo
2934 1947 3057 1997 erat
3090 1947 3151 1996 ut
3183 1942 3525 1997 Alemannis
3567 1957 3735 1998 noce-

2075 2032 2161 2082 ret
2193 2028 2617 2084 frumentatum
2678 2031 3047 2087 exeuntibus.
3123 2031 3187 2085 Et
3245 2032 3499 2103 quadam
3563 2037 3736 2088 nocte

2074 2116 2307 2173 circiter
2338 2118 2425 2173 bis
2458 2119 2619 2175 mille
2650 2121 2986 2192 insignibus
3031 2122 3335 2193 equitibus
3386 2120 3632 2177 delectis
3663 2121 3735 2177 ad

2075 2204 2233 2262 584
2267 2206 2720 2278 Philippopolim
2756 2209 3069 2279 proﬁcisci,
3104 2214 3162 2263 et
3194 2209 3428 2263 insidiis
3476 2209 3536 2263 in
3569 2208 3741 2265 colll-

2075 2294 2185 2349 bus
2217 2294 2335 2351 illis
2366 2294 2666 2351 collocatis
2718 2299 3174 2352 frumentatores
3236 2314 3403 2353 mane
3458 2297 3735 2354 invadere

2073 2382 2351 2439 instituit.
2383 2389 2461 2438 Ac
2493 2386 2544 2439 ei
2578 2385 2656 2440 rei
2691 2385 2955 2441 intentus
3003 2385 3448 2457 impedimenta,
3492 2387 3734 2444 servitia

2078 2473 2329 2528 militum
2381 2481 2433 2528 et
2490 2473 2782 2546 reliquum
2845 2475 3186 2544 exercitum,
3256 2476 3425 2547 quasi
3486 2477 3729 2532 numine

2076 2562 2330 2629 afﬂatus,
2391 2562 2696 2618 uobiscum
2765 2565 3063 2621 discedere
3117 2566 3321 2636 jussit.
3383 2564 3729 2637 Priusquam

2076 2651 2227 2705 enim
2263 2650 2572 2718 diluxerat,
2633 2651 2943 2707 Alemanni
3012 2654 3083 2709 ab
3139 2653 3435 2708 Armeniis
3486 2654 3732 2710 Pruseni

2076 2739 2297 2794 castelli
2324 2739 2425 2813 (ibi
2450 2742 2604 2795 enim
2631 2743 2973 2798 constiterat
3008 2743 3379 2814 imperatoris
3423 2744 3733 2815 exercitus)

2078 2829 2147 2884 de
2181 2829 2617 2899 protostratoris
2649 2831 2891 2886 consilio
2922 2834 3207 2887 certiones
3267 2832 3502 2900 redditi,
3525 2833 3732 2889 eadem

2079 2928 2246 2978 nocte
2278 2922 2430 2977 ultra
2462 2923 2725 2994 quinque
2756 2923 2944 2978 millia
2963 2925 3473 2996 cataphractorum
3498 2925 3557 2979 in
3596 2940 3732 2982 nos-

2076 3012 2235 3065 trum
2285 3010 2600 3065 exercitum
2656 3010 2970 3066 immittere
3047 3012 3451 3083 properabant,
3513 3013 3733 3069 nostris

2078 3098 2545 3170 speculatoribus
2576 3103 2633 3154 et
2665 3101 3009 3155 custodibus
3049 3100 3328 3172 deceptis,
3381 3117 3486 3156 nec
3536 3105 3733 3172 proto-

2079 3188 2315 3244 stratori
2341 3189 2477 3244 facti
2498 3189 2904 3246 obviam.Nam
2944 3189 2995 3245 is
3018 3189 3257 3261 quidem
3279 3195 3477 3262 partes
3506 3190 3733 3246 monti-

2078 3278 2190 3333 bus
2211 3279 2456 3347 vicinas,
2489 3277 2547 3333 in
2581 3279 2798 3350 quibus
2831 3280 3045 3351 praedia
3069 3284 3237 3335 erant
3255 3280 3443 3335 adhuc
3475 3295 3734 3335 comme-

2079 3385 2177 3434 atu
2214 3378 2445 3445 referta,
2478 3379 2898 3449 pertransibat,
2948 3383 3003 3436 et
3056 3379 3320 3436 tumulos
3378 3379 3632 3449 subibat,
3664 3394 3738 3435 ne

2080 3467 2268 3522 abiis
2319 3468 2756 3540 conspiceretur
2814 3485 2962 3539 quos
3021 3469 3362 3525 venabatur.
3424 3469 3738 3525 Alemanni

2078 3572 2213 3611 vero
2246 3556 2609 3611 conﬁdenter
2639 3573 2741 3626 per
2772 3557 3073 3628 planitiem
3109 3559 3175 3612 ad
3239 3558 3502 3614 Romana
3547 3562 3738 3614 castra

2081 3644 2423 3716 pergebant.
2458 3645 2568 3701 Sed
2604 3662 2734 3700 cum
2767 3646 3002 3701 nemine
3033 3651 3260 3718 reperto
3292 3652 3526 3703 nostros
3549 3646 3737 3716 pridie

2081 3735 2190 3789 sub
2221 3751 2395 3789 omnes
2425 3740 2663 3807 tempus
2686 3735 3047 3802 discessisse,
3082 3734 3437 3806 delectisque
3487 3735 3737 3791 fortissi-

2082 3823 2194 3879 mis
2218 3825 2286 3878 ad
2310 3824 2764 3880 frumentatores
2788 3842 2927 3881 suos
2951 3824 3493 3881 circumveniendos
3520 3824 3739 3881 abiisse

2082 3911 2472 3979 audivissent,
2504 3931 2575 3970 ne
2606 3919 2938 3985 exspectato
2967 3914 3201 3985 quidem
3239 3914 3447 3970 nuntio
3499 3931 3738 3971 conver-

2081 4007 2215 4058 tunt
2245 4019 2449 4074 equos,
2479 4009 2543 4058 ut
2575 4004 2646 4059 ab
2680 4005 2753 4059 iis
2782 4003 3184 4060 invenirentur
3237 4021 3270 4058 a
3325 4004 3541 4076 quibus
3581 4004 3732 4061 535

2081 4093 2510 4163 quaerebantur.
2548 4094 2733 4167 Igitur
2763 4110 2896 4149 cum
2930 4110 2998 4149 ex
3030 4110 3096 4149 eo
3127 4092 3277 4149 colle
3314 4094 3740 4150 descenderent

2083 4183 2181 4253 qui
2208 4183 2378 4252 juxta
2414 4184 2735 4239 Prusenum
2767 4184 3074 4240 castellum
3109 4184 3350 4252 eminet,
3385 4183 3569 4239 nostri
3601 4198 3735 4238 vero

2082 4272 2482 4340 escenderent,
2538 4288 2603 4328 ex
2664 4273 2985 4345 improviso
3041 4279 3481 4330 concurrerunt.
3542 4273 3612 4329 Ut
3661 4274 3735 4330 ad

2083 4367 2501 4418 armaventum
2561 4367 2669 4433 est,
2729 4363 2901 4420 Alani
2968 4364 3270 4421 Theodoro
3320 4363 3735 4421 AlexiiBranae

2086 4451 2204 4506 tilio
2232 4451 2381 4506 duce
2418 4453 2535 4508 fere
2567 4468 2770 4508 omnes
2798 4454 3154 4526 ceciderunt,
3181 4454 3397 4527 quippe
3429 4454 3529 4526 qui
3561 4454 3734 4527 primi

2085 4546 2141 4597 et
2171 4542 2278 4596 soli
2312 4558 2442 4596 cum
2486 4541 2830 4599 Alemannis
2889 4554 3240 4616 pugnarent.
3295 4544 3538 4601 Romani
3604 4563 3740 4603 vero

2087 4638 2369 4711 praecipiti
2418 4646 2472 4695 et
2523 4641 2681 4713 turpi
2740 4642 2889 4713 fuga:
2954 4659 3016 4697 se
3079 4643 3460 4712 mandabant,
3493 4643 3586 4698 vix
3644 4662 3742 4700 as-

2088 4733 2256 4799 pectu
2289 4728 2550 4784 hostium
2584 4729 2865 4797 tolerato;
2898 4734 2955 4785 et
2994 4730 3120 4802 ipse
3173 4735 3567 4802 protostrator
3626 4731 3744 4790 alia

2086 4817 2176 4872 via
2207 4816 2438 4888 elapsus
2470 4835 2503 4871 a
2534 4819 2703 4874 nobis
2733 4819 2791 4875 in
2824 4818 3063 4874 tertium
3127 4835 3310 4889 usque
3368 4820 3519 4875 diem
3581 4820 3741 4878 visus

2089 4923 2200 4961 non
2235 4913 2345 4976 est,
2376 4912 2432 4964 et
2463 4909 2738 4964 manibus
2768 4908 3024 4964 hostiqu
3057 4908 3440 4978 cupidissime
3484 4909 3738 4978 evitatis,

2088 4995 2180 5051 vix
2209 5004 2484 5070 tanquam
2520 5014 2587 5052 ex
2619 4997 2790 5069 longo
2826 4997 2970 5052 mari
3022 4997 3237 5053 salsam
3297 4998 3471 5053 veluti
3523 5016 3738 5071 aquam

2087 5085 2279 5140 adhuc
2310 5103 2624 5157 exspuens,
2656 5088 2712 5141 in
2751 5092 2983 5157 portum
3025 5093 3346 5160 pervectus,
3385 5090 3574 5157 rediit,
3608 5106 3743 5147 con-

2086 5174 2232 5228 fusis
2258 5174 2714 5230 Alamannorum
2750 5176 2990 5231 vocibus
3023 5178 3093 5231 de
3136 5192 3201 5231 eo
3233 5178 3512 5248 cupiendo
3549 5179 3741 5235 adhuc

2087 5279 2255 5318 aures
2278 5264 2407 5334 ejus
2441 5266 2913 5335 personantitms.
2941 5265 3106 5320 Multi
3128 5283 3354 5336 quoque
3377 5266 3504 5323 sine
3537 5268 3739 5339 armis,

2089 5350 2215 5407 sine
2245 5354 2413 5423 equis
2442 5356 2497 5406 in
2532 5360 2724 5409 castra
2758 5356 3076 5422 redierunt,
3114 5357 3310 5412 tractis
3361 5357 3421 5411 in
3477 5357 3579 5412 illa
3608 5375 3741 5413 cur-

2087 5458 2189 5497 sus
2225 5443 2595 5499 contentione
2616 5444 2923 5501 vehiculis.
2989 5445 3064 5501 Ex
3121 5463 3187 5501 co
3236 5451 3473 5502 tantum
3504 5447 3575 5503 ab
3609 5446 3740 5504 Ale-

1701 5563 1868 5628 Hier.
1902 5566 2123 5632 Woltii
2156 5578 2342 5633 notae.

385 5691 501 5765 (37)
531 5691 689 5747 Alter
724 5692 993 5750 Dositheo
1023 5693 1433 5763 ambitionem,
1466 5693 1804 5765 imperatori
1838 5699 2183 5771 philautiam
2220 5705 2442 5778 tribuit,
2476 5706 2570 5763 hic
2600 5710 2917 5782 utrumque
2948 5710 3245 5769 Dositheo.
