4102 6428
301 337 419 436 ηδ

1518 377 1530 384 .
1617 327 1932 394 ΝΙΟΕΤᾹΞ
1973 327 2400 392 οΗοΝιΑτΑι

3613 330 3737 394 776

301 466 534 524 mannis
566 466 818 540 sejuncti
850 467 1152 535 sumus,ut
1185 464 1340 520 ultra
1360 479 1426 518 ιχ
1446 462 1640 519 stadia
1662 464 1950 520 recedere-

2064 467 2252 524 ἔπεσον
2305 461 2498 522 πάντες
2554 458 2628 522 ὠς
2691 457 2851 534 μόνοι
2907 459 2998 518 καὶ
3073 463 3285 536 πρῶτοι
3343 461 3714 538 μαχεσάμενοι

299 557 612 616 mus.Nam
646 557 730 613 illi
769 558 840 612 ad
875 555 1332 630 Philippopolim
1378 553 1825 625 permanebant,
1859 569 1968 607 nos

303 650 449 702 citra
477 649 876 702 extremitates
923 645 1158 700 Achridi
1218 643 1611 716 quiescebami
1643 661 1691 710 s,
1734 643 1806 696 de
1855 641 1970 696 vita

316 737 600 792 duntaxat
633 735 1038 792 conservanda
1105 733 1388 789 solliciti:
1448 731 1566 787 imo
1628 737 1684 785 et
1714 735 1970 786 nostram

314 827 674 896 provinciam
728 825 1173 896 populabamur,
1233 823 1388 880 536
1448 828 1514 877 ut
1607 826 1970 876 commeatus

306 921 668 986 suppeteret.
730 916 862 980 Quae
922 929 1054 968 cum
1116 912 1184 965 ad
1257 912 1664 982 imperatorem
1748 909 1970 982 perlata

308 1010 528 1073 essent,
559 1005 657 1058 vix
687 1020 822 1058 eum
856 1006 1168 1058 moverunt
1200 1006 1262 1056 ut
1293 1000 1561 1056 nonnihil
1616 1002 1686 1056 de
1718 1001 1969 1072 pertina-

309 1093 400 1150 cia
438 1093 782 1148 remitteret.
819 1093 888 1146 Et
947 1107 1054 1146 nos
1109 1091 1284 1145 etiam
1348 1089 1521 1161 paulo
1567 1095 1699 1161 post
1729 1090 1797 1143 ad
1831 1105 1964 1146 eum

308 1181 555 1252 profecti
614 1180 852 1252 singula
921 1179 1264 1252 diligentius
1349 1178 1806 1250 exponebamus,
1866 1177 1965 1233 illo

308 1271 554 1339 adjecto,
589 1269 940 1325 Alamannos
971 1269 1163 1324 dicere
1219 1267 1365 1322 nihil
1422 1283 1552 1324 esse
1603 1267 1758 1322 aliud
1806 1266 1965 1338 quod

305 1359 714 1428 imperatorem
747 1359 818 1413 ad
868 1357 1217 1431 negligenda
1276 1355 1963 1413 OccidentaliumChris-

303 1447 596 1504 tiunorum
623 1453 788 1519 pacta
821 1446 1149 1520 impulerit,
1185 1446 1298 1501 nisi
1333 1450 1484 1518 quod
1520 1461 1651 1501 cum
1703 1445 1964 1516 principe

303 1537 727 1593 Saracenorum
765 1552 965 1604 pacem
999 1534 1249 1602 fecisset,
1283 1542 1341 1591 et
1389 1545 1448 1589 ut
1511 1533 1686 1590 moris
1725 1533 1959 1588 illorum

303 1625 546 1682 essetin
576 1626 838 1682 amicitia
896 1625 1326 1691 constituenda,
1399 1627 1642 1694 uterque
1699 1637 1844 1676 vena
1900 1621 1959 1675 in

303 1722 532 1784 pectore
562 1715 748 1770 incisa
779 1731 954 1768 suum
988 1712 1153 1768 alteri
1187 1712 1535 1782 sanguinem
1569 1709 1957 1782 propinasset.

2071 553 2190 611 τοῖς
2239 547 2604 623 Ἀλαμανοῖς,
2659 549 2710 604 οἱ
2770 546 2828 606 δέ
2859 550 3126 624 Ῥωμαῖοι
3179 547 3532 626 έδραπέτευον
3594 573 3731 628 προ-

2073 637 2354 712 τροπάδην
2387 639 2476 694 καὶ
2502 636 2738 711 ἀκλεῶς,
2802 638 2944 712 μηδὲ
3000 647 3253 717 καθαρῶς
3285 635 3560 716 ἐμϐλέψαι
3607 647 3730 704 τοῖς

2075 727 2337 792 ἐναντίοις
2369 730 2768 804 ὑπενεγκόντες.
2802 731 2902 786 Καὶ
2960 729 3123 794 αὐτὸς
3179 727 3236 785 δὲ
3285 731 3313 785 ὁ
3370 732 3735 808 πρωτοστρά-

2071 837 2187 892 τωρ
2218 816 2291 872 δι’
2338 816 2518 888 ἄλλης
2571 816 2701 872 ὁδοῦ
2751 819 3220 893 ἀνακεχωρηκὼς·
3253 818 3490 896 ἄφαντος
3545 822 3614 890 ἧν
3673 819 3734 876 ἐκ

2069 904 2226 962 τοῦδε
2255 909 2390 981 ἡμῖν
2447 907 2523 968 εἷς
2577 908 2769 981 τρίτην
2817 907 3050 982 ἡμέραν,
3107 907 3466 982 τρισάσμενος
3527 907 3584 965 δὲ
3632 910 3728 974 τὰς

2071 999 2262 1074 χεῖρας
2287 1001 2395 1051 τῶν
2447 994 2730 1070 πολεμίων
2795 992 3100 1072 διεκφυγὼν
3163 995 3328 1069 μόλις
3381 998 3721 1070 ἐπανέζευξεν

2071 1087 2146 1150 ὡς
2206 1087 2266 1143 έκ
2335 1090 2547 1162 μακροῦ
2601 1082 2886 1163 ⁸πελάγους
2945 1085 3021 1148 εἷς
3078 1083 3277 1158 λιμένα
3321 1087 3592 1162 κατάρας,
3641 1083 3723 1144 ἔτι

2069 1177 2170 1246 τὴν
2218 1175 2405 1250 ἅλμην
2465 1173 2758 1232 ἀποπτύων
2818 1178 2916 1230 τοῦ
2959 1179 3246 1253 μαχισμοῦ
3296 1175 3388 1230 καὶ
3443 1180 3559 1238 τοῖς
3620 1176 3725 1230 ὡσί

2071 1265 2246 1345 φέρων
2279 1262 2538 1326 ἐναύλους
2567 1265 2664 1327 τὰς
2723 1261 2810 1319 ἐπὶ
2863 1267 2944 1336 τῷ
2999 1262 3157 1318 αὐτὸν
3204 1261 3414 1318 ἁλῶναι
3465 1265 3722 1338 προϊεμέ-

2069 1375 2166 1416 νας
2224 1351 2513 1430 διατόρους
2571 1353 2756 1431 φωνὰς
2825 1357 2934 1410 τῶν
2979 1350 3327 1426 Ἀλαμανῶν.
3407 1351 3618 1406 Πολλοὶ
3671 1351 3728 1407 δὶ

2069 1463 2080 1472 ·
2145 1441 2226 1496 ’ἃ
2333 1440 2366 1496 λ
2557 1443 2572 1462 ‘
2639 1440 2666 1462 "
2934 1439 2958 1496 ἐ
3095 1441 3122 1496 ὸ
3369 1440 3396 1495 ό
3471 1436 3500 1494 δ
3639 1438 3654 1458 ’

2071 1462 2161 1496 και
2227 1463 2327 1497 von
2373 1463 2426 1496 οι
2484 1463 2573 1497 και
2631 1463 2859 1497 ανιπποι
2964 1464 2989 1505 ς
3060 1463 3090 1496 τ
3199 1461 3364 1510 στρατ
3404 1461 3467 1495 πε
3505 1461 3562 1495 ον
3635 1459 3733 1495 επ-

2068 1528 2398 1601 ανήλθοσαν,
2457 1533 2527 1604 τῇ
2577 1531 2826 1601 συντονίᾳ
2909 1533 3005 1585 τοῦ
3095 1526 3304 1604 δρόμου
3371 1528 3727 1598 λακησάντων

2068 1618 2215 1696 σφίσι
2267 1624 2376 1673 τῶν
2434 1618 2767 1697 ὀχημάτων.
2834 1618 2912 1676 Τὸ
2970 1615 3017 1672 δ’
3085 1618 3192 1674 ἀπὸ
3252 1615 3413 1673 τοῦδε
3464 1622 3730 1674 τοσοῦτον

2067 1707 2537 1784 ἆπεσχοινίσμεθα
2568 1706 2834 1778 ἀλλήλων
2894 1706 3294 1782 Ἀλαμανοίξτε
3323 1705 3412 1762 καὶ
3454 1708 3538 1781 [Ρ.
3601 1699 3732 1770 262]

299 1803 395 1858 Sic
426 1805 664 1859 tandem
724 1803 850 1872 ejus
903 1801 1337 1856 contumaciam
1404 1801 1480 1854 ita
1540 1799 1842 1871 fregimus,
1898 1803 1952 1852 ut

2069 1799 2337 1872 Ῥωμαῖοι
2397 1797 2474 1860 ὡς
2531 1793 2784 1859 σταδίους
2843 1793 3114 1853 διεστάναι
3163 1796 3390 1858 πλείους
3441 1800 3547 1851 τῶν
3603 1797 3724 1866 ὲξήο

298 1893 546 1948 consilio
574 1893 631 1946 in
665 1890 1020 1947 contrarium
1048 1895 1272 1944 mutato
1289 1888 1742 1945 Alamannorum
1769 1894 1955 1943 trans-

298 1982 446 2037 itum
480 1982 536 2034 in
574 1979 864 2036 Orientem
925 1983 1220 2050 expeteret
1271 1981 1448 2042 Quem
1483 1995 1617 2033 cum
1661 1993 1850 2048 regem
1880 1976 1953 2032 ob

301 2071 618 2124 insin-item
682 2068 936 2123 hiemem
999 2069 1157 2138 (nam
1218 2067 1530 2122 Novembri
1590 2083 1788 2122 mense
1833 2067 1955 2122 haec

300 2162 425 2214 acta
476 2154 622 2229 :nnt)
672 2157 731 2212 in
790 2173 1032 2213 vernum
1095 2163 1328 2228 tempus
1389 2155 1620 2211 differre
1669 2161 1951 2224 cerneret,

293 2263 502 2302 rursus
535 2246 606 2301 ad
638 2246 942 2319 ingenium
978 2245 1150 2301 rediit
1182 2265 1197 2314 ;
1228 2251 1285 2301 et
1317 2261 1417 2314 per
1464 2244 1718 2312 litteras,
1751 2249 1956 2300 contra

293 2337 570 2390 decorum
609 2335 1078 2408 imperatorium,
1114 2335 1234 2406 regi
1271 2334 1621 2390 vaticinatus
1680 2339 1770 2390 est
1816 2350 1949 2388 eum

295 2429 430 2481 ante
445 2425 670 2480 Pascha
697 2425 1069 2480 moriturum.
1105 2423 1172 2478 Et
1223 2429 1286 2478 ut
1307 2423 1416 2478 alia
1441 2441 1568 2495 quae
1593 2428 1952 2480 antecessere

298 2519 629 2585 prateream
661 2512 859 2586 (plura
890 2515 1046 2568 enim
1110 2513 1326 2569 habent
1375 2530 1502 2584 qua:
1574 2513 1630 2567 in
1686 2513 1854 2568 dictis
1897 2517 1955 2567 et

297 2603 463 2658 factis
489 2605 742 2660 auctoris
762 2604 1075 2674 culpentur
1096 2620 1270 2674 quam
1295 2619 1421 2672 quas
1476 2601 1831 2672 laudentur),
1859 2601 1954 2656 vix

296 2693 616 2749 adducitur
640 2696 702 2747 ut
720 2692 944 2764 legatos
966 2692 1036 2747 ad
1064 2691 1230 2747 illum
1255 2691 1458 2747 reverti
1477 2691 1797 2762 patiatur.E
1821 2692 1952 2762 qui-

293 2783 406 2838 bus
431 2781 526 2837 ubi
555 2781 603 2837 is
617 2781 888 2855 cognovit
908 2781 1313 2851 imperatorem
1340 2797 1438 2836 eos
1462 2797 1649 2852 neque
1672 2797 1950 2836 consessu

295 2887 486 2942 neque
511 2870 626 2926 ullo
647 2872 762 2926 alio
781 2870 1066 2943 singulari
1099 2869 1321 2926 honore
1359 2871 1667 2942 dignatum
1692 2870 1950 2938 esse,sed

289 2977 450 3032 mque
480 2963 546 3015 ut
596 2960 888 3015 Romanos
949 2958 1237 3014 serviliter
1292 2964 1484 3014 astare
1537 2959 1945 3024 sivisse,587

291 3049 561 3123 quamvis
579 3049 852 3122 episcopo
879 3055 963 3104 -et
992 3055 1274 3122 cognatos
1305 3049 1948 3121 suos,indignationem

289 3143 348 3192 et
376 3137 743 3192 iracundiam
777 3135 1150 3192 dissimulare
1182 3153 1296 3192 non
1357 3137 1558 3208 potuit.
1612 3135 1682 3192 Ut
1749 3143 1941 3193 autem

2067 1904 2256 1943 κοντα’
2314 1888 2366 1942 οἱ
2428 1887 2526 1961 μὲν
2581 1887 2686 1962 γὰρ
2745 1883 2824 1942 ἔτι
2887 1890 2958 1961 τῇ
3017 1885 3302 1942 Φιλίππου
3365 1885 3722 1960 προσέμενον,

2063 1979 2228 2049 ἡμεῖς
2274 1973 2331 2031 δέ
2383 1975 2502 2052 περὶ
2560 1976 2630 2031 τὰ
2685 1973 2892 2055 ἔσχατα
2943 1983 3043 2047 τῆς
3111 1973 3378 2052 Ἀχριδοῦ
3435 1977 3722 2050 γενόμενοι

2062 2067 2433 2142 ἡσυχάζομεν,
2533 2066 2578 2121 εἰ
2665 2067 2977 2140 σωζοίμεθα
3056 2067 3218 2140 μόνον
3251 2064 3721 2140 [ἐπιμελόμενοι.

2065 2157 2136 2212 Εν
2255 2154 2278 2173 λ
2300 2152 2310 2172 1
2502 2157 2516 2178 κ
2547 2153 2574 2211 ἓ
2999 2177 3023 2187 _
3182 2157 3196 2174 ε
3533 2158 3546 2176 1
3636 2163 3659 2174 ς.

2113 2177 2220 2212 ιπω
2251 2171 2308 2212 οε
2337 2177 2391 2211 τι
2428 2177 2518 2212 και
2575 2177 2753 2232 τερον,
2813 2156 3082 2232 κείρονιες
3136 2178 3236 2225 την
3293 2154 3436 2211 ἰδίαν
3493 2177 3558 2211 τα
3603 2177 3726 2213 σιτα

2065 2246 2474 2324 είσεφερόμεθα.
2538 2246 2634 2301 Καὶ
2699 2245 2766 2302 τὰ
2848 2249 3073 2300 τοιαῦτα
3135 2243 3552 2317 ,εἰσεληλυθότα
3630 2251 3729 2303 τοῦ

2067 2333 2338 2410 βασιλέως
2369 2335 2604 2390 ἐνώπιον
2638 2332 2878 2390 ἐνδοῦναι
2924 2334 3088 2410 μόγις
3141 2331 3238 2389 τοῦ
3295 2332 3429 2410 ἄγαν
3486 2328 3724 2394 ἔπεισαν.

2066 2425 2169 2482 Καὶ
2225 2427 2392 2498 ἡμεῖς
2449 2423 2494 2480 δ’
2543 2425 2699 2481 αὐτοὶ
2759 2426 2894 2499 μετὰ
2964 2425 3149 2504 βραχὺ
3209 2425 3530 2504 ἀφικόμενοι
3587 2426 3727 2482 κατὰ

2066 2514 2230 2588 μέρος
2292 2514 2463 2570 πάντα
2521 2511 2924 2590 διηγησάμεθα,
2982 2513 3346 2588 προσθέμενοι
3403 2511 3479 2578 ὥς
3563 2536 3721 2592 φασιν

2063 2603 2449 2678 οἱἈλαμανοὶ
2528 2603 2698 2679 μηδὲν
2773 2601 2956 2680 ἓτερον
3034 2606 3167 2662 εἶναι
3242 2605 3305 2662 τὸ
3379 2611 3568 2661 πεῖσαν
3632 2607 3724 2662 τὸν

2066 2692 2294 2770 βασιλέα
2362 2693 2648 2767 Ῥωμαίων
2709 2695 2776 2750 τὰ
2856 2699 2964 2750 τῶν
3049 2694 3312 2770 ἑσπερίων
3373 2697 3718 2770 Χριστιανῶν

2061 2783 2221 2857 ὅρκια
2262 2778 2715 2859 παραϐλέψασθαι
2766 2784 2802 2854 ἢ
2859 2785 2922 2840 τὸ
2985 2785 3121 2858 μετὰ
3173 2788 3270 2840 τοῦ
3321 2789 3430 2841 τῶν
3465 2791 3714 2860 Σαρακη·

2059 2877 2164 2928 νῶν
2232 2871 2502 2949 ἄρχοντος
2555 2872 2894 2942 σπείσασθαι,
2951 2876 3043 2929 καὶ
3091 2874 3228 2930 κατὰ
3281 2875 3345 2930 τὸ
3377 2875 3506 2951 παρ’
3531 2876 3714 2934 αὐτοῖς

2060 2961 2185 3034 περὶ
2245 2960 2434 3039 φιλίας
2507 2965 2740 3038 κρατοῦν
2821 2960 3007 3036 ἔθιμον
3093 2963 3435 3043 ἀμφοτέρους
3514 2961 3708 3036 σχάσαι

2061 3046 2240 3130 φλέϐα
2291 3053 2390 3122 τὴν
2440 3050 2755 3122 ἐπιστήθιον
2814 3053 2906 3107 καὶ
2961 3053 3024 3108 τὸ
3083 3052 3282 3119 ἐκεῖθεν
3338 3051 3516 3126 έκρυὲν
3573 3051 3712 3123 αἷμα

2061 3139 2311 3214 ἑκάτερον
2394 3139 2474 3203 είς
2533 3139 2690 3196 πόσιν
2768 3140 3290 3217 ἀντιπροτείνασθαι.
3360 3141 3455 3198 Καὶ
3547 3159 3715 3212 μετα-

289 3224 467 3296 legati
500 3226 681 3280 nostri
714 3226 782 3282 ad
819 3241 954 3280 eum
985 3230 1292 3291 venerunt,
1351 3201 1410 3280 et
1467 3227 1623 3298 ipsos
1654 3226 1764 3280 sibi
1797 3227 1941 3282 assi-

2059 3223 2246 3284 6αλεῖν
2304 3228 2481 3294 οὕτως
2571 3230 2869 3307 ἰσχύσαμεν
2953 3240 3055 3303 τῆς
3123 3231 3432 3294 ἔνο-τάσεως.
3489 3229 3714 3304 Ἀμέλει

286 3313 647 3384 derejussit,
682 3329 788 3369 nec
848 3313 1177 3383 ministros,
1237 3331 1459 3386 coquos
1516 3319 1572 3370 et
1632 3316 1945 3386 equisones

283 3417 489 3459 eorum
515 3408 708 3459 astare
730 3419 944 3475 passus
971 3409 1078 3459 est.
1113 3403 1380 3467 Quicum
1427 3405 1629 3460 decere
1665 3409 1948 3478 negarent

286 3494 352 3546 ut
373 3490 627 3546 ministri
648 3491 766 3564 regi
795 3492 1046 3548 maximo
1066 3492 1411 3560 assiderent,
1444 3493 1588 3550 satis
1621 3511 1750 3550 esse
1790 3495 1942 3566 quod

284 3576 410 3634 suis
441 3577 698 3637 dominis
722 3580 908 3637 honos
932 3580 984 3637 is
1007 3580 1342 3650 haberetur,
1375 3598 1490 3638 non
1541 3582 1789 3649 destitit,
1841 3584 1943 3639 sed

285 3667 499 3725 invitos
527 3671 704 3725 etiam
737 3668 856 3726 illis
886 3669 1146 3726 assidere
1177 3671 1384 3742 coegit.
1410 3670 1533 3736 Quo
1555 3673 1705 3728 l'acto
1738 3672 1947 3729 Roma-

285 3773 394 3814 nos
423 3758 825 3816 subsannabat
860 3777 874 3828 ;
906 3765 964 3816 et
1017 3760 1300 3816 innuebat
1351 3777 1451 3818 eos
1489 3777 1676 3834 neque
1709 3763 1940 3819 virtutis

281 3861 473 3918 neque
501 3848 736 3920 generis
793 3847 1008 3906 habere
1080 3851 1389 3919 rationem,
1430 3851 1534 3906 sed
1593 3859 1659 3906 ut
1707 3851 1940 3908 subulci

283 3949 492 4005 porcos
523 3950 752 4002 omnes,
783 3934 906 3991 sive
939 3937 1187 4008 pingues
1217 3941 1276 3992 et
1331 3937 1497 4009 pretii
1549 3939 1788 4010 majoris
1821 3941 1941 3996 sive

283 4020 653 4088 macilentos,
682 4023 740 4078 in
803 4025 1070 4080 eamdem
1124 4025 1326 4081 haram
1387 4026 1821 4098 compellerent,
1858 4029 1940 4085 ita

281 4113 562 4167 Romanis
583 4114 757 4168 etiam
785 4111 911 4169 sine
935 4113 1276 4170 discrimine
1300 4117 1537 4188 quosvis
1559 4121 1746 4172 astare
1767 4135 1934 4190 Opor-

280 4200 559 4256 tere.Non
583 4199 771 4256 multo
796 4206 947 4274 post,
980 4207 1345 4258 commeatus
1394 4205 1636 4276 penuria
1676 4213 1935 4280 coactus,

281 4290 540 4346 exercitu
597 4292 785 4346 diviso
843 4292 1203 4348 Orestiadem
1267 4293 1432 4362 abiit,
1503 4294 1622 4350 ﬁlio
1653 4312 1760 4352 suo
1805 4313 1932 4353 cum

278 4379 574 4450 episcOpis
604 4387 658 4436 et
683 4381 864 4451 justis
897 4380 1083 4451 copiis
1113 4381 1503 4456 Philippopoli
1535 4385 1777 4448 relictis.
1811 4387 1935 4458 qui-

2050 3319 2151 3388 τὴν
2210 3317 2450 3376 ἐναντίαν
2510 3322 2855 3396 τραπόμενος
2902 3329 3004 3393 τῆς
3070 3323 3334 3397 προτέρας
3390 3322 3418 3376 ὁ
3455 3318 3713 3397 βασιλεὺς

2049 3409 2382 3484 προθέσεως,
2440 3407 2700 3488 ἐγλίχετο
2757 3418 2858 3482 τῆς
2917 3412 2971 3474 ἒς
3037 3414 3154 3470 "Em
3209 3415 3316 3468 τῶν
3387 3407 3716 3483 Ἀλαμανῶν

2048 3499 2423 3573 περαιώσεως.
2455 3499 2628 3574 Ὁρῶν
2663 3497 2720 3556 δὲ
2755 3504 2847 3556 τὸν
2897 3501 3043 3578 ῥῆγα
3075 3500 3164 3557 διὰ
3209 3503 3310 3572 τὴν
3358 3497 3410 3563 ἐς
3466 3503 3724 3576 ’χειμῶνα

2045 3593 2146 3656 τῆς
2179 3585 2325 3663 ὥρας
2387 3591 2734 3664 μετατροπὴν
2791 3589 2880 3662 (ἧν
2939 3585 3399 3666 γὰρξΝοέμϐριος
3433 3589 3539 3662 μὴν
3622 3585 3721 3649 ὅτε

2043 3680 2214 3731 ταῦτα
2243 3675 2466 3751 ἐγίνετο)
2495 3677 2572 3739 είς
2630 3674 2724 3755 ἔαρ
2780 3681 2881 3749 τήν
2939 3674 3242 3753 μετάϐασιν
3298 3677 3716 3760 ιὶνατιθέμενονν

2044 3763 2212 3820 πάλιν
2290 3771 2406 3829 τοῖς
2483 3767 2771 3842 προτέροις
2876 3766 3108 3842 ἐνέμενε,
3185 3767 3276 3822 καὶ
3363 3764 3714 3822 ἐπιστέλλων

2045 3855 2389 3931 προηγόρευε
2418 3856 2498 3928 τῷ
2531 3855 2682 3931 ῥηγῖ,
2735 3855 3048 3932 βασιλεῦσιν
3091 3857 3200 3936 οὐχ
3258 3853 3565 3932 ἁρμοδίως,
3641 3854 3721 3916 ὡς

2043 3949 2282 4008 θανεῖται
2341 3945 2448 4020 πρὸ
2505 3951 2613 4002 τῶν
2670 3945 2996 4023 πασχαλίων
3040 3949 3283 4024 ἡμερῶν.
3331 3945 3437 4002 Καὶ
3491 3943 3584 4000 ἵνα
3642 3946 3711 4002 τὰ

2042 4028 2094 4085 έν
2161 4031 2310 4106 μέσῳ
2360 4039 2520 4110 παρῶ
2569 4033 2746 4090 πλείω
2813 4034 3148 4110 κατηγορίαν
3193 4038 3290 4090 τοῦ
3324 4031 3566 4109 δρῶντος
3615 4034 3707 4089 καὶ

2041 4116 2302 4196 λέγοντος
2339 4121 2479 4196 ἢπερ
2541 4121 2758 4178 ἔπαινον
2814 4118 3038 4199 ἔχοντα,
3079 4125 3330 4180 πείθεται
3393 4120 3560 4197 μόλις
3634 4120 3722 4178 δι-

2039 4215 2247 4287 αφεῖναι
2287 4212 2414 4276 τοὺς
2444 4207 2699 4286 πρέσϐεις
2728 4212 2782 4276 ἐς
2811 4214 2903 4269 τὸν
2952 4211 3099 4292 ῥῆγα
3156 4211 3494 4278 ἐπανελθεῖν.
3529 4213 3708 4271 Αὐτός

2041 4296 2098 4354 δὲ
2157 4301 2381 4364 τούτους
2441 4299 2596 4372 ἰδὼν,
2650 4302 2741 4358 καὶ
2811 4304 2996 4377 μαθὼν
3059 4304 3135 4368 ὡς
3191 4303 3316 4360 οὒτε
3357 4301 3622 4378 καθέδρας
3676 4306 3706 4360 ὁ

2043 4389 2299 4466 βασιλεὺς
2359 4391 2542 4454 αὐτοῖς
2613 4389 2916 4466 μετέδωκεν
2967 4392 3112 4450 ἀλλά
3169 4392 3564 4470 δουλοπρεπῶς
3621 4394 3706 4451 ἐπ’

275 4467 390 4522 bus
421 4468 599 4524 dixit:
637 4490 666 4518 «
701 4470 881 4524 Vobis
939 4469 1092 4526 588
1151 4471 1247 4528 hic
1305 4475 1792 4544 requiescendum
1825 4482 1933 4548 est,

2059 4488 2165 4550 ἴσης
2221 4480 2523 4554 Ῥωμαίοις
2577 4482 2730 4556 αὐτῷ
2810 4486 3259 4558 παρειστήκεισαν
3321 4467 3704 4560 ὀπτανόμενοι,

279 4556 424 4611 dum
457 4556 646 4612 fessas
676 4557 852 4613 tibias
873 4565 928 4613 et
950 4558 1311 4616 labascentia
1331 4577 1524 4634 genua
1553 4579 1622 4618 ex
1649 4563 1748 4620 illa
1783 4567 1931 4638 apud

2059 4567 2169 4624 >ί5τε
2251 4571 2400 4634 τινὸς
2457 4569 2642 4647 ἑτέρου
2729 4556 3047 4644 ἠξιώθησαν
3137 4574 3346 4650 ἀγαθοῦ
3431 4556 3710 4650 έξαίρέτου

277 4645 539 4702 Graecum
573 4661 770 4720 regem
795 4648 1044 4704 statione
1077 4648 1561 4708 refocillaveritis.
1597 4674 1626 4702 »

2059 4656 2330 4714 ιπίσ-κοποί
2377 4681 2436 4716 τε
2489 4659 2638 4724 ὄντες
2694 4661 2785 4716 καὶ
2827 4663 2974 4735 αὐτῷ
3029 4669 3366 4740 προσγενεῖς,
3406 4663 3708 4740 ἠγανάκτει

281 4734 370 4832 καὶ
415 4731 589 4832 δῆλος
614 4735 682 4806 ἦν
841 4739 922 4808 τῷ
949 4736 1196 4832 γεγονότι
1225 4734 1365 4832 τῷδε
1409 4735 1815 4832 διαπριόμενος.
1849 4744 1939 4808 Ὠς
2013 4743 2070 4802 δὲ
2142 4749 2230 4804 καὶ
2307 4744 2560 4824 πρέσϐεις
2636 4752 2896 4826 ἡμέτεροι
2946 4731 3082 4830 παρ’·
3147 4731 3351 4808 ἐκεῖνον
3429 4731 3708 4832 ἆσίκοντο,

277 4823 455 4897 ἑαυτῷ
493 4821 912 4900 συμπαρὲδρους
945 4825 1242 4896 πεποίηκεν
1275 4825 1470 4892 αὐτούς
1541 4849 1601 4884 τε
1673 4831 1764 4886 καὶ
1838 4833 1967 4898 τοὺς
2046 4838 2521 4914 ὑπηρετουμένους
2595 4840 2803 4912 αὐτοῖς,
2849 4839 2990 4917 μηδὲ
3027 4821 3182 4905 ’τοὺς
3231 4841 3443 4917 όψοποτ
3475 4821 3567 4905 οὺς
3617 4843 3705 4898 καῖ

280 4913 633 5008 ἱπποκόμους
670 4914 761 5008 κιξῖ
798 4915 1108 5008 μάττοντας-
1168 4915 1527 4990 παρίστασθαι
1605 4918 1864 4999 ἀφεικώς.
1944 4925 2038 4996 Μή
2116 4913 2255 4983 εἶναι
2331 4927 2388 4985 δὲ
2463 4928 2738 5008 λεγόντων
2771 4913 2989 4988 ἐκείνων
3037 4931 3182 4997 εἶ’κὸς
3217 4913 3435 5006 βασιλεῖ
3464 4931 3701 5006 μεγίστῳ

283 5004 636 5058 συνθωκεύειν
714 5003 986 5102 ὑπηρέτας
1061 5004 1306 5080 (ἀρκετὸν
1383 5007 1490 5082 γὰρ
1565 5010 1648 5064 ὅτι
1724 5011 1810 5066 καὶ
1891 5015 1943 5068 οἱ
2016 5015 2197 5091 κύριοι
2257 5019 2436 5074 αὐτῶν
2511 5003 2942 5096 συνεδρεύουσιν)
3019 5021 3082 5078 ού
3121 5003 3402 5102 καθὐφῆκέ
3429 5003 3481 5078 τι
3510 5003 3698 5096 μικρὸν

274 5093 376 5144 τοῦ
452 5095 682 5186 σκοποῦ,
755 5089 1070 5186 ἆλλάᾲκαὶ
1260 5093 1480 5160 ἑκόντας
1520 5102 1639 5159 τοῖς
1715 5096 2001 5165 δεσπόταις
2074 5089 2271 5170 αὐτοὺς
2331 5089 2768 5186 συγκατέκλινεν,
2845 5089 2934 5165 έν,
2976 5112 3064 5174 οἷς
3139 5089 3370 5186 ἔπραττε
3399 5089 3700 5185 Ῥωμαίους

277 5182 786 5278 καταμωκώμενος,
863 5181 954 5236 καὶ
1031 5181 1243 5246 δεικνὺς
1323 5185 1398 5258 μὴ
1477 5186 1673 5258 ἀρετῆς
1746 5191 1836 5245 καὶ
1868 5191 2053 5266 γένους
2085 5195 2217 5250 εῖναι
2246 5198 2373 5272 παρ’
2393 5197 2580 5260 αὐτοῖς
2626 5197 2948 5270 διαστολὴν,
2979 5197 3108 5256 ἀλλ’
3185 5199 3259 5262 ὠς
3293 5199 3369 5261 εἷς
3429 5199 3620 5278 συφεὸν
3653 5200 3707 5254 οἱ

279 5265 673 5359 συφορϐοἰτάς
749 5273 844 5333 σῦς
918 5271 1271 5340 ἁπαξαπάσας
1347 5271 1630 5329 είσελῶσιν
1706 5277 1783 5341 εἰς
1856 5277 1952 5336 ἕνα
2029 5285 2268 5357 σταθμὸν
2349 5287 2424 5359 μὴ
2505 5283 2818 5351 διιστῶντες
2894 5289 2991 5352 τὰς
3063 5289 3252 5352 πίονας
3308 5287 3400 5344 καὶ
3431 5265 3708 5352 πλέιόνως

273 5353 517 5453 δίοξᾎέείν
570 5355 828 5453 ,ἔχοιξσας
900 5359 964 5414 τὸ
1037 5357 1420 5432 ἀποδίδοσθαι,
1497 5362 1648 5420 οὕτω
1724 5364 1790 5438 δὴ
1868 5369 1959 5426 καὶ
2061 5374 2330 5448 Ῥωμαῖοι
2435 5383 2909 5450 παραστατοῦντας
2983 5372 3202 5453 ἔχουσιν
3282 5377 3543 5442 ἃπαντας.
3622 5377 3701 5436 Οὐ

271 5445 491 5543 πολλοῦ
567 5443 624 5502 δὲ
687 5445 1088 5543 διαγενομὲγου
1163 5455 1356 5543 καιροῦ
1387 5538 1409 5543 Δ
1429 5455 1725 5531 ἠνάγκασεν
1805 5459 1964 5516 αὐτὸν
2040 5465 2076 5532 ἡ
2153 5469 2261 5519 τῶν
2340 5464 2666 5536 ἐπιτηδείων
2743 5469 3102 5533 ὑποσπάνισις
3133 5469 3354 5543 μερίσαι
3399 5470 3462 5525 τὸ
3495 5470 3702 5526 οἰκεῖον

272 5535 600 5627 στράτειξμα-
679 5537 890 5627 Οὐκοῦν
969 5535 1128 5627 ὠτὸς
1209 5539 1302 5612 μὲν
1380 5538 1595 5598 ἄπεισιν
1671 5545 1750 5610 εἷς
1827 5550 2168 5627 Ὀρεστιάδα,
2244 5556 2381 5610 κατᾶ
2457 5553 2513 5612 δὲ
2587 5561 2686 5626 τήν
2763 5558 3219 5614 Φιλιππούπολιν
3253 5558 3398 5616 ε’ίασε
3426 5560 3519 5616 τὸν
3573 5561 3704 5616 ἑαυ-

272 5629 370 5681 τοῦ
446 5625 563 5680 υἱὸν
635 5626 726 5681 καὶ
800 5626 928 5688 τοὺς
1003 5623 1329 5691 ἐπισκόπους
1409 5633 1528 5707 μεθ’
1603 5634 1788 5692 ἱκανοῦ
1864 5641 2294 5718 στρατεύματος,
2373 5644 2544 5702 εἰπὼν
2620 5646 2695 5711 ὠς
2727 5671 2757 5699 ‹‹
2802 5647 3243 5714 ’Δναπαύσασθαι
3302 5650 3484 5725 χρεὼν
3562 5650 3711 5728 ὖμᾶς
