4102 6406
308 422 428 486 777

1458 421 1563 483 DE
1605 419 1906 483 ISAAGIO
1952 420 2261 485 ANGELO
2310 420 2455 484 LIB.
2501 422 2579 483 II.

3616 425 3735 489 7‘18

308 559 583 627 ἐνταυθοῖ,
615 555 751 638 ἄχρι
782 554 849 629 δὴ
880 554 974 620 τὰς
1006 556 1339 633 παρειμένας
1373 557 1589 631 κνήμας
1619 555 1709 612 καὶ
1739 556 1807 613 τὰ
1835 554 2259 632 παραλελυμένα
2286 556 2488 632 γόνατα
2526 555 2587 611 ἐκ
2608 559 2707 611 τοῦ
2737 555 3100 634 παρίστασθαι
3128 560 3209 633 τῷ
3238 556 3458 634 βασιλεῖ
3486 563 3733 637 Γραικῶν

311 652 396 725 [Ρ.
429 652 557 724 263]
590 648 1052 725 ἀναῤῥωσθείητε.
1088 670 1118 700 ››

380 781 444 844 ς’.
481 781 631 838 Ἐπεὶ
664 777 711 835 δ’
742 780 769 834 6
809 780 1027 854 χειμὼν
1082 779 1333 854 παρῆλθε
1387 777 1478 833 καὶ
1535 774 1601 832 τὰ
1644 772 1774 846 ἄνθη
1822 771 1958 830 ἔδω-

2142 778 2197 832 6.
2221 776 2429 850 Elapsa
2461 776 2674 849 hieme,
2715 792 2849 835 cum
2888 782 3053 852 prata
3090 779 3216 850 jam
3275 779 3731 853 reﬂorescerent,

308 890 398 924 κεν
455 869 656 942 όσμῆν,
715 868 1031 923 ἀνανεοῦται
1088 867 1217 929 τοὺς
1277 866 1472 942 ὅρκους
1530 861 1559 920 ὅ
1598 885 1658 920 τε
1706 862 1963 938 βασιλεὺς

309 955 396 1009 καὶ
460 956 488 1009 6
542 955 663 1029 ῥήξ,
719 955 810 1009 καὶ
865 959 964 1009 τοῦ
1026 954 1120 1027 μὲν
1182 952 1546 1026 ὀμωμόκεσαν
1596 951 1648 1005 οἱ
1688 950 1967 1024 τοπάρχαι

308 1042 399 1099 καί
459 1046 778 1119 μεγιστᾶνες
863 1040 1291 1117 παρελεύσεσθαι
1366 1042 1459 1097 τὸν
1520 1041 1667 1115 ῥῆγα
1723 1036 1813 1093 διὰ
1866 1045 1968 1107 τῆς

309 1135 627 1206 Ῥωμαϊκῆς
687 1138 791 1209 γῆς
856 1133 948 1188 καὶ
1011 1132 1088 1207 μὴ
1149 1130 1221 1187 δι’
1291 1131 1476 1209 ἀγρῶν
1534 1131 1570 1199 ἢ
1622 1127 1967 1203 ἀμπελώνων

309 1221 701 1294 διελεύσεσθαι,
770 1219 882 1295 ὁδῷ
942 1219 1205 1298 βασιλικῇ
1271 1219 1650 1297 πορεύσεσθαι,
1710 1215 1826 1273 οὐδ’
1877 1215 1966 1273 έκ-

305 1314 512 1372 κλινεῖν
570 1313 717 1387 δεξιά
794 1317 830 1387 ἢ
886 1316 1163 1391 ἀριστερὰ,
1221 1314 1329 1378 ἓως
1381 1314 1450 1369 τὰ
1501 1317 1610 1368 τῶν
1675 1308 1963 1385 Ῥωμαίων

307 1404 697 1481 παρελεύσεται
757 1403 905 1479 ὅρια.
976 1403 1243 1466 Βασιλεὺς
1315 1401 1373 1458 δὲ
1431 1399 1658 1456 δέδωκεν
1717 1401 1965 1474 ὁμήρους

306 1497 453 1557 τινὰς
508 1499 614 1550 τῶν
674 1493 724 1564 ἐξ
813 1492 1063 1566 α’ίματος.
1145 1493 1495 1568 Ὦρκώθησαν
1555 1487 1612 1545 δὲ
1667 1489 1754 1544 καὶ
1813 1485 1963 1543 ἔνδον

307 1592 404 1643 τοῦ
440 1586 700 1662 μεγίστου
753 1584 853 1641 νεὼ
912 1586 1018 1641 ἀπὸ
1070 1588 1180 1640 τῶν
1240 1584 1513 1659 ἀγοραίων
1558 1581 1649 1636 καὶ
1678 1586 1779 1650 τῆς
1810 1581 1965 1653 βασι-

308 1675 456 1733 λείου
489 1676 665 1747 αὐλῆς
719 1676 1088 1743 πεντακόσιοι,
1149 1674 1224 1735 ὡς
1282 1673 1310 1727 ὁ
1373 1669 1628 1747 βασιλεὺς
1670 1664 1962 1745 ιάπαραόἀ-

302 1786 432 1831 τους
498 1767 595 1827 τὰς
651 1767 919 1835 συνθήκας
997 1761 1221 1840 φυλάξει
1294 1760 1385 1816 καὶ
1461 1761 1772 1836 χορηγήσει
1844 1762 1963 1820 τοῖς

303 1853 641 1927 Ἀλαμανοῖς
718 1854 991 1928 ἡγεμόνας
1051 1848 1183 1907 ὀδοῦ
1240 1849 1329 1906 καὶ
1387 1846 1598 1926 ἐφόδια.
1677 1847 1817 1904 Τότε
1872 1845 1962 1902 καὶ

304 1948 414 1998 τῶν
472 1946 675 2018 κριτῶν
739 1948 836 1997 τοῦ
886 1941 1075 2013 Βήλου
1132 1942 1276 2002 τινὶς
1336 1938 1412 2003 sic
1480 1938 1571 1993 τὸν
1629 1936 1769 2014 ῥῆγα
1825 1936 1964 1992 κατά

308 2030 475 2108 λόγον
508 2034 737 2109 ὁμήρων
790 2031 1150 2104 στελλόμενοι
1218 2031 1330 2105 οὐχ
1387 2030 1724 2098 ὑπήκουσαν,
1755 2026 1845 2082 καὶ
1881 2026 1957 2100 μὴ

310 2116 530 2195 ἔχοντες
574 2120 912 2176 ἀντιπίπτειν
985 2117 1200 2196 βασιλεῖ
1271 2120 1360 2174 καὶ
1438 2118 1700 2186 καθῆσθαι
1776 2112 1960 2171 οἷ’καδε
1995 2148 2042 2213 Β

311 2208 485 2273 ἀδεῶς
561 2209 787 2287 γωνίαις
842 2209 1154 2286 ἀλλοτρίων
1213 2207 1400 2283 δόμων
1458 2208 1680 2269 ἑαυτοὺς
1742 2205 1963 2279 ένετύμ-

314 2293 507 2354 ϐευσαν
590 2296 757 2376 μέχρι
833 2306 933 2370 τῆς
991 2300 1067 2362 εἰς
1113 2298 1188 2354 ’ἐω
1245 2303 1342 2354 τοῦ
1391 2296 1564 2373 ῥηγός
1641 2291 1961 2359 διαϐάσεως.

293 2386 578 2450 ’Βασιλεὺς
610 2385 666 2443 δὲ
712 2387 986 2464 χολωθεὶς
1024 2389 1140 2444 ἀντὶ
1197 2388 1293 2462 μὲν
1336 2391 1443 2442 τῶν
1493 2390 1694 2462 κριτῶν
1726 2388 1823 2440 τοῦ
1852 2385 1965 2455 Βή-

314 2474 415 2533 λου
466 2472 825 2541 ταϐελλίονας
880 2477 1193 2535 ἀπέστειλεν
1251 2474 1467 2552 ὄψιδας,
1497 2477 1594 2539 τὰς
1656 2472 1713 2530 δὲ
1742 2478 1849 2530 τῶν
1886 2475 1961 2547 μή

308 2566 633 2631 πεισθέντων
685 2569 906 2638 κτήσεις
951 2588 1011 2624 τε
1065 2569 1157 2623 καὶ
1215 2567 1457 2639 οἰκήσεις
1504 2566 1591 2629 οἷς
1642 2566 1828 2641 ᾑρεῖτο
1859 2585 1966 2619 πα-

308 2658 559 2733 ρέσχετο,
625 2657 715 2711 καὶ
774 2654 1029 2719 δικαστὰς
1087 2656 1304 2732 ἐτέρους
1359 2650 1728 2724 προὺϐἀλετο.
1778 2657 1964 2709 "Fate-

309 2765 400 2822 ρον
435 2744 493 2801 δὲ
526 2749 602 2819 μὴ
660 2745 956 2810 ἀπείθειαν,
1014 2743 1163 2800 ἀλλά
1221 2742 1424 2801 δειλίαν
1456 2744 1591 2800 εἶναι
1632 2744 1733 2799 ούκ
1760 2740 1961 2819 ἄλογον

306 2835 563 2911 ἐπιγνοὺς
644 2836 707 2891 τὸ
794 2835 1060 2910 πραχθὲν,
1146 2837 1253 2890 τῶν
1336 2854 1395 2888 τε
1450 2834 1694 2904 κτήσεων
1743 2831 1964 2906 κυρίους

306 2924 460 2988 αὖθις
518 2925 790 2995 πεποίηκε
845 2925 936 2979 καὶ
993 2928 1104 2980 τῶν
1161 2922 1443 2999 προτέρων
1499 2920 1725 2993 ἠξιώκει
1763 2925 1960 2993 τιμῶν.

306 3016 429 3071 Τῶν
483 3011 541 3069 δὲ
588 3019 921 3090 συμφωνιῶν
960 3012 1383 3088 πεπερασμένων
1446 3010 1702 3088 βασιλεὺς
1757 3011 1853 3085 μὲν
1883 3014 1964 3083 τῷ

309 3103 441 3179 ῥηγὶ
516 3104 791 3181 ἀργυρέων
867 3103 1226 3178 νομισμάτων
1327 3099 1544 3158 στέλλει
1639 3102 1963 3177 κεντηνάρια

305 3192 537 3270 τέσσαρα
591 3194 681 3249 καὶ
745 3200 1009 3273 μεριφανῆ
1070 3195 1291 3265 νήματα
1344 3197 1658 3271 χρυσοϋφῆ,
1712 3191 1960 3252 κάκεῖνος

309 3281 505 3346 ἄλλοις
580 3280 970 3355 ἀντιδεξιουται
1027 3287 1220 3338 τοῦτον
1281 3277 1593 3357 δωρήμασι.
1661 3278 1959 3344 Κάντεῦθεν

294 3368 518 3429 ⁴πλοίων
592 3372 862 3428 πλείστων
948 3373 1280 3447 ἱππαγωγῶν
1374 3370 1782 3446 ἀπενεχθέντων
1883 3369 1958 3433 εἷς

2078 865 2269 922 foedus
2297 867 2447 923 inter
2475 882 2670 939 regem
2693 871 2752 924 et
2808 868 3218 939 imperatorem
3273 874 3581 926 renovatur
3613 885 3629 940 ;
3661 887 3730 927 ac

2075 955 2236 1010 illius
2286 957 2582 1027 principes
2641 960 2698 1012 et
2766 963 3068 1030 magnetes
3107 959 3316 1029 jurant
3380 976 3572 1028 regem
3631 976 3733 1033 per

2078 1046 2364 1103 Romanas
2394 1047 2723 1118 provincias
2749 1048 2840 1105 via
2869 1050 3029 1122 regia
3082 1050 3496 1118 transiturum,
3542 1066 3732 1123 neque

2076 1135 2218 1192 laeva
2247 1152 2438 1208 neque
2467 1136 2666 1192 dextra
2694 1138 2780 1194 vel
2814 1139 2872 1194 in
2905 1140 3101 1197 vineas
3132 1141 3218 1196 vel
3266 1140 3328 1196 in
3375 1157 3544 1212 agros
3595 1158 3723 1199 eva-

2077 1231 2335 1298 gantcm,
2368 1228 2552 1283 donec
2580 1227 2975 1285 Romanorum
3007 1231 3151 1288 ﬁnes
3172 1231 3503 1289 excesserit.
3537 1232 3726 1305 Impe-

2075 1322 2230 1373 rator
2249 1332 2384 1375 vero
2414 1316 2698 1387 quosdam
2743 1324 3016 1390 cognatos
3046 1336 3184 1378 suos
3244 1323 3405 1379 dedit
3459 1322 3721 1392 obsides,

2076 1413 2131 1462 et
2182 1407 2243 1462 in
2304 1407 2553 1463 maxime
2612 1407 2827 1479 templo
2876 1409 3324 1469 circumforanei
3371 1416 3428 1469 et
3485 1412 3727 1485 palatini

2076 1510 2344 1567 proceres
2368 1495 2673 1568 quingenti
2695 1497 3081 1569 jurejurando
3120 1505 3261 1555 sunt
3322 1500 3512 1557 adacti
3535 1501 3728 1574 impe-

2074 1591 2325 1642 ratorem
2355 1590 2523 1658 pacta
2551 1586 2825 1643 inviolata
2855 1595 3333 1647 conservaturum
3367 1595 3424 1647 et
3452 1591 3728 1663 gAlcman-

2075 1674 2169 1731 nis
2198 1677 2305 1731 viae
2335 1676 2598 1732 ductores
2626 1686 2682 1732 et
2710 1676 2987 1734 viaticum
3003 1679 3538 1750 suppeditaturum.
3572 1682 3725 1738 Tum

2072 1764 2243 1821 etiam
2277 1763 2515 1836 quidam
2538 1781 2606 1820 ex
2643 1764 2765 1820 Beli
2801 1765 3100 1835 judicibus
3132 1768 3203 1822 ad
3239 1783 3431 1840 regem
3456 1768 3724 1825 obsidum

2074 1856 2203 1911 locu
2251 1856 2543 1924 mittendi,
2582 1857 2721 1928 quia
2788 1856 2985 1929 palam
3047 1857 3388 1928 imperatori
3447 1859 3725 1932 refragari

2072 1948 2316 2016 tutoque
2346 1946 2549 2001 sedere
2590 1946 2748 2001 domi
2781 1962 2895 2003 non
2940 1951 3225 2017 poterant,
3283 1947 3342 2001 in
3401 1945 3723 2004 alienarum

2071 2034 2281 2090 aedium
2307 2033 2560 2107 angulis,
2592 2037 2777 2091 donec
2802 2051 2901 2091 rex
2939 2037 2999 2090 in
3045 2035 3334 2093 Orientem
3368 2037 3723 2103 transiisset,

2072 2140 2200 2181 sese
2228 2125 2599 2181 abdiderunt.
2623 2126 2929 2181 Enimvero
2961 2126 3280 2198 imperator
3328 2127 3514 2183 iratus
3558 2128 3721 2198 judi-

2079 2230 2211 2271 cum
2231 2213 2359 2270 loco
2382 2214 2723 2272 tabellicnes
2748 2214 2910 2271 misit
2938 2214 3190 2282 obsides,
3208 2222 3265 2272 et
3279 2216 3722 2273 contumacium

2075 2303 2474 2376 possessiones
2513 2308 2572 2359 et
2636 2306 2792 2361 mdes
2846 2305 2920 2360 iis
2957 2304 3198 2364 donavit
3246 2306 3463 2377 quibus
3513 2304 3718 2375 voluit,

2072 2391 2332 2463 aliosque
2352 2392 2584 2465 judices
2606 2393 2953 2466 designavit.
2992 2397 3126 2449 Post
3152 2408 3286 2450 vero
3316 2409 3450 2450 cum
3485 2394 3545 2450 id
3604 2411 3722 2451 non

2073 2482 2440 2538 contumacia
2497 2482 2647 2539 539
2707 2483 2808 2538 sed
2857 2486 3016 2538 metu
3076 2498 3194 2539 non
3294 2498 3722 2555 supervacaneo

2072 2573 2291 2629 factum
2344 2588 2471 2628 esse
2526 2572 2932 2644 comperisset,
2991 2572 3078 2628 eis
3124 2577 3182 2628 et
3229 2574 3629 2643 possessiones
3664 2578 3723 2630 et

2071 2660 2412 2732 dignitatem
2464 2661 2764 2732 pristinam
2798 2660 3070 2717 restituit.
3122 2661 3393 2719 Pactione
3461 2666 3720 2734 peracta,

2069 2749 2191 2822 regi
2223 2758 2472 2821 quatuor
2500 2750 2862 2807 centenarias
2893 2756 3180 2823 argenteae
3211 2756 3460 2807 moneta:
3523 2755 3580 2807 et
3608 2766 3678 2807 ex
3700 2780 3723 2793 -

2070 2838 2217 2895 mias
2247 2839 2393 2895 telas
2425 2855 2565 2896 auro
2597 2839 2942 2895 intertextas
2974 2840 3174 2907 mittit,
3226 2839 3457 2912 aliaque
3503 2840 3575 2896 ab
3618 2839 3720 2897 illo

2070 2945 2315 2984 munera
2345 2929 2571 2999 recipit.
2606 2929 2746 2984 Inde
2777 2927 3049 3000 plurimis
3072 2928 3311 2985 navibus
3341 2928 3717 3000 equestribus

2069 3016 2434 3088 Calliopolim
2467 3016 2754 3088 perductis
2782 3020 2946 3086 (nam
2976 3017 3035 3073 id
3066 3033 3299 3088 quoque
3340 3021 3713 3075 convenerat.

2068 3112 2133 3163 ut
2160 3109 2193 3162 d
2205 3108 2386 3163 uabus
2401 3105 2796 3180 navigationib
2807 3122 2873 3162 us
2886 3110 3044 3162 totus
3058 3107 3381 3164 excercitus
3396 3107 3713 3178 trajiceret.

2067 3213 2198 3267 rege
2229 3200 2521 3254 metuente
2566 3212 2639 3252 ne
2694 3196 2938 3253 Romani
2985 3197 3168 3267 pactis
3225 3197 3452 3254 violatis
3498 3214 3714 3269 paucos

2069 3302 2189 3342 una
2215 3285 2495 3343 vehentes
2523 3285 2586 3342 in
2632 3288 2879 3357 trajectu
2937 3285 3286 3358 occiderent)
3348 3302 3447 3342 rex
3506 3287 3714 3344 diebus

2068 3392 2183 3432 non
2202 3375 2460 3448 amplius
2489 3382 2739 3446 quatuor
2768 3374 2828 3430 in
2846 3374 3139 3431 Orientem
3199 3376 3480 3448 pervenit.
3544 3377 3616 3434 Ut
3643 3376 3715 3432 ad

305 3460 741 3534 Καλλιούπολιν,
797 3461 911 3518 ἐπεὶ
968 3462 1059 3516 καὶ
1127 3465 1290 3517 τοῦτο
1348 3458 1625 3533 ἀλλήλοις
1682 3457 1955 3530 συνέδοξεν

2070 3465 2533 3538 Philadelphiam
2562 3465 2825 3532 accessit,
2850 3481 3039 3537 neque
3069 3482 3173 3537 per
3220 3466 3427 3523 urbem
3478 3466 3717 3523 transiit

305 3551 444 3609 ὥστε
502 3550 861 3608 διαπλωΐσεσι
930 3548 1134 3606 διτταῖς
1196 3551 1331 3624 μετά
1380 3555 1478 3606 τοῦ
1535 3551 1738 3608 παντὸς
1795 3550 1957 3605 αὐτὸν

304 3639 767 3717 διαπεραιωθῆναι
828 3640 1230 3717 στράτεύματος
1289 3636 1507 3714 (ἐδεδίει
1565 3639 1669 3716 γὰρ
1714 3640 1790 3712 μὴ
1850 3659 1955 3694 πα-

284 3728 778 3809 ’ρασπονδήσαντες
836 3734 1103 3804 Ῥωμαῖοι
1161 3734 1277 3792 τοῖς
1353 3729 1491 3784 κατά
1555 3727 1783 3804 βραγεῖς
1840 3724 1961 3782 δια-

290 3826 540 3898 ·περῶσιν
602 3821 679 3885 εἷς
734 3822 834 3890 τὴν
894 3820 1183 3895 ἀντιπέραν
1238 3818 1576 3891 έπίθωνται),
1635 3815 1810 3880 οὕτως
1853 3818 1964 3893 οὑχ

306 3914 543 3987 ἡμέραις
596 3911 812 3968 πλείοσι
856 3915 966 3966 τῶν
1021 3912 1292 3986 τεττάρων
1351 3910 1488 3964 κατὰ
1532 3910 1632 3977 τήν
1685 3903 1760 3963 ἓω
1814 3907 1961 3982 γίνε-

303 4023 412 4057 ται.
491 4003 579 4065 Ὠς
639 3999 685 4056 δ’
742 4001 937 4077 ἢγγισε
1008 4001 1145 4057 κατὰ
1199 4002 1299 4071 τήν
1355 3996 1782 4075 Φιλαδέλφειαν,
1837 3994 1962 4065 οὔτε

305 4090 558 4165 παρῆλθε
615 4088 705 4146 διά
767 4098 867 4161 τῆς
923 4089 1162 4160 πόλεως,
1224 4088 1316 4145 καὶ
1374 4089 1427 4143 οἱ
1480 4087 1686 4158 ταύτης
1770 4084 1959 4165 φιλεν-

309 4179 645 4245 δεικτοῦντες
721 4182 1007 4254 οἰκήτορες
1074 4181 1126 4236 έν
1191 4185 1273 4249 τῷ
1328 4179 1575 4256 ἀπαίρειν
1653 4177 1744 4233 τὸν
1824 4176 1965 4253 ῥῆγα

287 4271 509 4325 ’ἐκεῖθεν
540 4269 678 4343 πρὸς
709 4269 958 4343 πόλεμον
1022 4268 1485 4344 μεθηρμόσθησαν
1544 4271 1633 4324 καὶ
1678 4269 1829 4344 μέρει
1859 4275 1962 4338 τῆς

310 4364 562 4431 στρατιᾶς
621 4361 760 4415 κατὰ
816 4358 1072 4435 λῃστείαν
1129 4360 1400 4418 ἐπέθεντο.
1457 4362 1546 4423 Ὠς
1599 4358 1645 4415 δ’
1693 4360 1757 4415 οὐ
1788 4358 1958 4433 προῦ-

2061 3559 2120 3610 et
2148 3555 2272 3625 ejus
2294 3553 2500 3611 incola:
2526 3554 2803 3611 simulata
2832 3554 3110 3623 amicitia,
3141 3553 3204 3611 in
3234 3555 3388 3626 regis
3420 3555 3711 3627 discessu,

2061 3645 2122 3699 in
2153 3644 2497 3700 inimicitias
2528 3649 2865 3716 erumpente
2895 3650 3122 3718 partem
3173 3646 3462 3703 exercitus
3492 3663 3593 3718 per
3625 3647 3713 3704 la-

2063 3734 2376 3790 trocinium
2402 3738 2542 3791 sunt
2570 3734 2782 3790 adorti.
2816 3735 2884 3791 Ut
2910 3750 3046 3792 vero
3068 3750 3162 3791 res
3192 3751 3397 3807 parum
3414 3736 3714 3804 successit,

2068 3824 2169 3879 sed
2194 3824 2407 3880 ferreas
2457 3829 2679 3880 statuas
2734 3828 2835 3880 aut
2887 3825 3150 3897 gigantes
3203 3825 3314 3880 sibi
3373 3841 3716 3897 oppugnare

2067 3912 2438 3980 videbantur,
2499 3922 2657 3983 terga
2704 3912 3010 3970 dederunt.
3061 3913 3363 3971 Alemanni
3415 3930 3552 3971 vero
3613 3931 3718 3987 per

2068 4003 2285 4074 Aquilia
2320 4004 2602 4075 praedium
2657 4002 2791 4071 (loci
2833 4019 3046 4059 nomen
3104 4003 3164 4059 id
3219 4004 3330 4074 est)
3374 4005 3615 4074 profecti
3645 4006 3720 4063 ad

2069 4093 2329 4165 Phrygias
2352 4092 2692 4149 Laodiceam
2725 4098 2915 4149 castra
2960 4098 3285 4164 posuerunt
3316 4111 3330 4159 ;
3377 4093 3577 4165 ibique
3612 4094 3722 4150 hu-

2072 4183 2415 4240 manissime
2466 4183 2725 4255 suscepti
2778 4187 2835 4239 et
2891 4182 3243 4252 hospitalius
3317 4198 3493 4254 quam
3579 4182 3722 4240 alibi

2070 4289 2319 4345 usquam
2416 4272 2666 4340 tractati,
2736 4287 2872 4327 cum
2974 4288 3175 4328 omnes
3269 4272 3721 4330 Laodicensibus

2066 4361 2422 4419 faustissima
2476 4376 2725 4433 quisque
2773 4378 2806 4416 a
2890 4365 3004 4416 Deo
3055 4365 3198 4416 sunt
3275 4363 3520 4432 precati,
3590 4365 3718 4417 tum

2066 4467 2166 4507 rex
2188 4451 2458 4506 manibus
2507 4454 2564 4504 et
2593 4449 2778 4504 oculis
2818 4449 2876 4504 in
2910 4449 3123 4506 coelum
3156 4450 3426 4517 sublatis,
3475 4451 3722 4523 genibus

2063 4557 2198 4596 vero
2227 4539 2389 4596 humi
2425 4538 2613 4607 ﬂexis,
2665 4538 2839 4594 oravii
2901 4540 3059 4596 540
3120 4544 3185 4594 ut
3242 4538 3528 4613 quidquid
3592 4541 3721 4596 vita

303 4647 418 4699 σαν,
479 4625 761 4700 μετέθεντο
826 4630 925 4699 τὴν
994 4629 1173 4704 ὁρμὴν
1243 4627 1319 4689 είς
1376 4629 1607 4704 τροπήν.
1643 4628 1711 4686 Οἱ
1767 4625 1826 4683 δὲ
1868 4623 1958 4682 διὰ

2070 4631 2383 4704 prodesset,
2438 4627 2726 4699 quidquid
2777 4628 2992 4684 animis
3059 4627 3308 4685 salutem
3359 4628 3615 4696 aﬂ‘erret,
3660 4629 3722 4684 id

291 4719 397 4786 ξτοῦ
454 4717 640 4774 Ἀετοῦ
700 4716 1001 4793 λεγομένου
1078 4720 1270 4792 χώρου
1325 4716 1670 4792 πορευθέντες
1725 4717 1955 4792 παρενέ-

2070 4738 2097 4777 a
2124 4719 2507 4792 gubernatore
2541 4716 2930 4774 universitatis
2958 4723 3074 4773 Deo
3108 4717 3276 4773 Patre
3300 4717 3417 4773 illis
3448 4717 3721 4774 tribuere-

303 4801 471 4873 ϐαλον
507 4805 582 4869 εἷς
613 4808 712 4877 τὴν
776 4806 827 4862 έν
888 4807 1103 4883 Φρυγίᾳ
1161 4804 1508 4864 Λαοδίκειαν.
1553 4807 1652 4861 Καὶ
1682 4804 1959 4883 φιλοφρο-

2070 4813 2178 4877 tur,
2201 4809 2306 4865 hac
2320 4807 2547 4877 adjecta
2562 4806 2846 4874 clausula,
2868 4807 2917 4863 si
2942 4808 3213 4863 Romanis
3238 4806 3545 4879 provincias
3562 4806 3725 4862 Chri-

299 4896 549 4965 νηθέντες
622 4895 792 4953 ἐκεῖσε
867 4896 1254 4952 ἀσπασιώτατα
1328 4895 1417 4951 καὶ
1492 4895 1956 4972 ξεναγωγηθέντες

2070 4896 2279 4953 stianis
2321 4894 2663 4966 bujusmodi
2689 4893 2965 4951 ﬂorerent
2990 4900 3047 4952 et
3060 4896 3205 4953 adeo
3222 4896 3475 4969 benigne
3504 4895 3722 4952 Christi

296 4985 376 5056 the
415 4986 525 5065 οὐχ
582 4986 825 5061 ἑτέρωθι,
887 4987 976 5042 καὶ
1031 4986 1229 5049 πάντες
1301 4986 1396 5058 μὶν
1443 4989 1564 5048 τοῖς
1632 4980 1957 5039 Λαοδικεῦσι

2071 4985 2286 5041 milites
2315 4983 2703 5057 susciperent,
2733 4999 2793 5039 se
2824 4991 2878 5040 et
2896 4980 3027 5040 illis
3058 5002 3197 5056 opes
3227 5002 3374 5059 quas
3387 4983 3725 5043 attulissent

300 5076 475 5132 πάντα
530 5078 599 5131 τὰ
657 5077 839 5142 θεόθεν
891 5074 1194 5148 ἔπηύξαντο
1256 5075 1454 5153 ἀγαθὰ,
1514 5076 1542 5130 6
1599 5072 1658 5130 δὲ
1711 5074 1810 5149 ῥὴξ
1867 5072 1960 5129 καὶ

2070 5074 2317 5132 libenter
2354 5074 2534 5130 fuisse
2577 5074 2837 5142 daturos,
2869 5079 3198 5132 commeatu
3232 5079 3433 5148 pacate
3462 5079 3723 5148 accepto,

298 5155 562 5238 μάλιστα·
598 5167 873 5230 ἀνατείνας
932 5167 1037 5243 γάρ
1095 5166 1194 5228 τὰς
1251 5170 1440 5241 χεῖρας
1490 5164 1566 5227 εἷς
1613 5163 1835 5239 οὐρανὸν
1867 5163 1961 5218 καὶ

2071 5171 2128 5219 et
2160 5163 2302 5220 lines
2334 5163 2721 5219 Romanorum
2742 5162 3096 5235 jampridem
3120 5163 3302 5221 fuisse
3350 5164 3721 5231 transituros,

299 5252 430 5329 ἄρας
490 5253 603 5311 ἅνω
657 5257 726 5313 τὰ
784 5252 1029 5330 ὄμματα,
1086 5256 1151 5310 τὸ
1208 5253 1265 5310 δὲ
1315 5257 1444 5329 γόνυ
1476 5253 1698 5327 κάμψας
1728 5253 1805 5314 είς
1834 5258 1961 5326 γῆν,

2071 5252 2263 5308 hastis
2300 5251 2523 5307 nullius
2575 5251 2889 5307 Christiani
2943 5254 3230 5325 sanguine
3290 5253 3722 5311 contaminatis.

296 5341 350 5397 εἲ
377 5364 430 5398 τι
467 5344 757 5422 βιωφελὶς,
786 5343 839 5400 εἷ’
862 5366 915 5399 τι
946 5348 1140 5420 ψυχῶν
1178 5346 1470 5420 σωτήριον,
1526 5340 1586 5397 ἐκ
1644 5345 1740 5397 τοῦ
1795 5345 1904 5395 τῶν
1960 5338 2106 5395 ὅλων
2158 5336 2464 5411 κηδεμόνος
2495 5342 2630 5392 Θεοῦ
2670 5338 2762 5392 καὶ
2808 5340 3022 5414 Πατρὸς
3050 5337 3481 5410 ἐπικαταπτῆναι
3508 5340 3725 5403 τούτοις

298 5431 586 5505 ἱκέτευσεν,
618 5431 852 5489 ἐπειπὼν
883 5434 982 5504 ὡς,
1015 5434 1062 5488 εί
1088 5435 1443 5511 Χριπιανοῖς
1473 5429 1743 5493 τοιούτοις
1804 5429 2142 5501 ένευθηνεῖτο
2201 5431 2236 5497 ἡ
2295 5426 2587 5499 Ῥωμαίων
2643 5434 2713 5502 γῆ
2754 5427 2845 5481 καὶ
2903 5429 3262 5505 εὐγνωμόνως
3295 5427 3440 5485 οὕτω
3468 5428 3597 5491 τούς
3625 5433 3724 5484 τοῦ

295 5521 535 5597 Χριστοῦ
566 5522 798 5588 ὁπλίτας
831 5529 917 5596 [Ρ.
954 5527 1081 5598 264]
1114 5521 1575 5598 καθυπεδέχοντο,
1604 5522 1849 5577 κάκεῖνοι
1878 5521 1971 5577 τὸν
1998 5517 2389 5602 ἐπιφερόμενον
2422 5514 2663 5571 πλοῦτον
2697 5515 2873 5593 σφίσιν
2903 5518 3200 5594 ἀγαπητῶς
3227 5519 3310 5592 ἂν,
3342 5520 3410 5575 τά
3437 5517 3725 5591 ἐπιτήδεια

302 5613 418 5686 μετ’
450 5611 674 5687 εἰρήνης
705 5615 1064 5693 παρέχοντες,
1091 5615 1185 5671 καὶ
1212 5612 1370 5669 αὐτοὶ
1418 5611 1486 5668 τά
1533 5609 1657 5688 ὅρια
1703 5609 1993 5686 Ῥωμαίων
2046 5609 2220 5666 πάλαι
2272 5604 2647 5683 παρήλθοσαν,
2680 5604 2972 5685 ἀγεύστους
3000 5609 3337 5686 Χριστιανῶν
3370 5607 3604 5684 αἵματος
3633 5609 3725 5665 καὶ

298 5700 567 5765 ὑπνούσας
598 5701 688 5759 ἐπὶ
718 5701 959 5761 κὸυλεῶν
985 5706 1082 5768 τὰς
1114 5702 1328 5781 λόγχας
1368 5704 1649 5784 φέροντες.

621 5818 885 5883 ΡΑτιιοι..
934 5820 1044 5884 Gn.
1080 5818 1396 5882 CXXXIX.

288 4447 480 4522 ’χώρει
509 4447 725 4510 τούτοις
770 4450 839 4504 τὰ
883 4450 1214 4521 καταθύμια,
1276 4447 1404 4505 ἀλλ’
1456 4447 1701 4524 ἀνδριᾶσι
1733 4450 1956 4524 χαλκή-

304 4556 445 4611 ρεσιν
497 4533 533 4606 ἤ
582 4535 795 4611 γίγασιν
851 4532 1254 4608 ἀκαταϐλήτοις
1313 4540 1760 4614 προσεγγίζοντες
1789 4532 1956 4612 ἔγνω-
