4102 6400
333 407 454 471 779
1621 411 1940 474 NICETE
1979 410 2402 478 CHONIATzE
3637 419 3760 486 780

400 543 547 598 Cum
581 541 762 599 altius
817 544 1217 614 escenderent,
1273 559 1380 600 nec
1438 545 1658 600 Turcos
1703 545 1985 617 benignos
2013 550 2066 616 Α

327 637 472 689 sunt
495 633 754 705 experti:
787 634 890 690 sed
921 638 980 688 et
1007 633 1064 690 hi
1093 638 1356 705 apertam
1388 649 1646 706 pugnam
1696 633 1995 690 declinan-

323 726 412 779 tes
441 720 766 778 latrociniis
795 739 916 788 eos,
941 722 1041 778 ubi
1089 723 1781 794 poterant,infestabant,
1807 740 1994 796 quan-

329 836 508 892 quam
541 836 704 892 eque
735 825 802 876 ut
833 819 1098 888 Romani,
1131 822 1306 892 pacti,
1341 819 1392 878 si
1436 822 1660 894 absque
1706 821 1994 881 maleﬁcio

329 910 675 978 transirent,
709 925 772 966 se
803 910 889 966 eis
921 909 1122 966 omnia
1152 927 1283 982 qua;
1316 911 1692 982 praetereunti
1707 913 1992 969 exercitui

327 1003 526 1056 essent
555 1015 704 1069 opus
751 999 1254 1070 suppeditaturos.
1319 1001 1398 1056 Ac
1445 1017 1586 1056 sane
1614 1002 1700 1057 eis
1758 1017 1992 1074 quoque

336 1088 682 1160 profuisset,
727 1087 776 1143 si
845 1087 1032 1160 pactis
1077 1089 1404 1146 stetissent.
1461 1089 1629 1146 Nunc
1688 1091 1852 1148 inani
1883 1107 1988 1164 spe

333 1177 470 1232 elati
501 1177 564 1230 in
591 1181 858 1247 apertum
895 1176 1113 1233 bellum
1146 1184 1490 1250 eruperunt.
1524 1178 1726 1251 itaque
1785 1197 1885 1237 rex
1913 1181 1986 1236 ad

326 1271 590 1322 castrum
606 1264 1014 1322 Philomelium
1036 1268 1232 1338 prelio
1247 1284 1383 1324 cum
1407 1269 1732 1326 lconiensis
1771 1269 1990 1326 sultani

326 1353 527 1410 liberis
561 1354 884 1410 commisso
917 1354 1113 1427 (quem
1139 1373 1314 1429 regno
1346 1361 1546 1430 erepto
1570 1357 1765 1415 Iconio
1807 1375 1988 1431 expu-

329 1444 540 1511 lerant,
574 1444 821 1517 pristina
850 1445 980 1516 ejus
1003 1445 1276 1503 felicitate
1299 1448 1357 1502 in
1390 1464 1788 1504 aerumnosam
1820 1464 1988 1504 sene-

325 1544 540 1590 ctutem
573 1535 820 1606 mutata)
853 1549 990 1590 cum
1027 1537 1188 1606 ipsos
1221 1535 1389 1592 facile
1441 1537 1790 1608 proﬂigavit,
1860 1542 1986 1593 tum

330 1625 479 1681 5M
511 1622 927 1679 Philomelium
961 1625 1174 1680 evertit
1205 1631 1386 1698 atque
1415 1626 1695 1682 incendit.
1738 1625 1984 1682 Eosdem

327 1713 506 1768 etiam
539 1713 610 1767 ad
644 1712 1052 1785 Cingularium
1084 1713 1239 1770 vicit.
1283 1719 1426 1771 Cum
1482 1715 1641 1771 enim
1689 1715 1986 1787 angustiis

329 1802 630 1875 occupatis
685 1801 1144 1859 Alamannorum
1197 1807 1515 1860 transitum
1589 1804 1986 1872 observarent,

2175 547 2476 622 Ἀψάμενοι
2536 546 2596 605 δὶ
2647 557 2750 620 τῆς
2807 548 2916 607 ἅνω
2969 551 3196 628 πορείας
3253 549 3381 608 ούδὶ
3419 552 3548 614 τοὺς
3573 553 3762 628 Ταύρ-

2101 656 2229 699 ιιους
2289 637 2536 709 εὕρισκον
2596 640 2778 708 ἠπίως
2836 639 3026 704 αὐτοῖς
3075 641 3580 720 προσφερομένους,
3613 639 3761 698 ἀλλὰ

2098 725 2190 780 καὶ
2221 727 2372 782 οὗτοι
2425 729 2527 798 τήν
2576 725 2808 784 ἐνώπιον
2867 728 3058 804 μάχην
3093 729 3432 794 ἐκκλίνοντες
3463 731 3757 807 ἐλῄστευον

2099 815 2208 886 ὃπη
2242 816 2374 871 ποτὲ
2403 814 2626 896 ἴσχυον,
2682 817 2858 873 καίτοι
2916 819 3221 893 Ῥωμαίοις
3282 820 3366 876 ἐπ’
3414 820 3540 892 ἴσης
3572 818 3758 877 συνθέ-

2100 927 2255 977 μενοι
2313 903 2404 962 διὰ
2459 913 2558 976 τῆς
2601 908 2792 984 χώρας
2865 914 3012 986 σφῶν
3076 909 3307 972 τούτους
3365 908 3619 986 ἀμαχητὶ
3651 931 3762 968 πα-

2097 993 2336 1070 ρελθεῖν,
2395 997 2487 1051 καὶ
2539 997 2715 1053 πάντα
2793 999 3132 1073 χορηγήσειν
3190 997 3408 1054 ὁπόσων
3467 1000 3518 1054 οἱ
3578 1021 3756 1077 παρο-

2097 1081 2341 1148 δεύοντες
2397 1083 2695 1162 χρῄζουσι.
2749 1085 2845 1140 Καὶ
2902 1087 2968 1157 ἦν
3026 1085 3086 1142 ἂν
3139 1086 3202 1142 ού
3258 1087 3395 1162 πρὸς
3449 1092 3620 1152 κακοῦ
3660 1079 3759 1144 καὶ

2095 1175 2304 1247 αὐτοῖς,
2365 1177 2412 1231 εἰ
2469 1177 2564 1237 τὰς
2631 1177 2904 1248 συνθήκας
2976 1175 3264 1252 ἐτήρησαν·
3319 1182 3411 1232 νῦν
3459 1175 3504 1232 δ’
3561 1177 3756 1234 ἒλπίσι

2095 1272 2278 1332 κεναῖς
2349 1268 2744 1345 κουφιζόμενοι
2817 1267 2957 1342 πρὸς
3031 1265 3307 1342 προῦπτον
3371 1265 3750 1342 semesum

2093 1355 2366 1430 πόλεμον.
2399 1360 2496 1430 Τῷ
2535 1377 2623 1412 τοι
2661 1355 2752 1412 καὶ
2809 1357 2934 1432 περὶ
2992 1356 3054 1411 τὸ
3106 1354 3336 1432 κάστρον
3365 1356 3426 1410 τὸ
3456 1355 3748 1430 λεγόμενον

2096 1443 2438 1520 Φιλομίλιον
2497 1445 2951 1520 συγκεκροτηκὼς
3009 1443 3256 1518 πόλεμον
3291 1447 3318 1499 ὁ
3351 1445 3448 1518 ῥήξ
3484 1443 3616 1517 μετὰ
3644 1447 3754 1498 τῶν

2092 1531 2303 1588 παίδων
2355 1537 2454 1589 τοῦ
2514 1533 2785 1596 Ἰκονιὲως
2844 1531 3178 1604 σουλτάνου,
3236 1533 3434 1594 οἳτινες
3468 1531 3628 1588 αὐτὸν
3661 1536 3759 1588 τοῦ

2093 1623 2285 1700 ἄρχειν
2344 1622 2434 1678 καὶ
2497 1619 2804 1698 βασιλεύειν
2869 1619 3179 1694 παρέλυσαν
3231 1620 3321 1677 καὶ
3383 1625 3482 1676 τοῦ
3531 1620 3759 1678 Ἰκονίου

2090 1711 2431 1781 ἀπεώσαντο,
2489 1713 2588 1782 τήν
2664 1711 2930 1788 προτέραν
2989 1711 3262 1787 πατρικήν
3319 1709 3617 1786 εὐκληρίαν
3675 1711 3758 1773 εἷς

2089 1805 2261 1879 γῆρας
2343 1803 2698 1877 μεταθέμενοι
2775 1797 3100 1874 δύσδαιμον,
3177 1801 3374 1862 αὐτοὺς
3447 1821 3508 1854 τε
3586 1799 3765 1874 ῥᾷστα

327 1892 426 1948 ille
457 1891 702 1948 consilio
742 1892 998 1948 hostium
1057 1891 1352 1950 intellecto
1405 1898 1599 1950 castra
1655 1895 1714 1950 in
1772 1910 1980 1967 campo

2095 1890 2354 1967 ἒτρὲψατο
2386 1891 2568 1947 καὶτὸ
2619 1889 2961 1965 Φιλομίλιον
3011 1889 3392 1966 πολιορκήσας
3443 1888 3757 1964 ἐνέπρησεν.

330 1982 564 2052 posuit;
598 1985 655 2035 et
684 1979 870 2050 copiis
901 1981 1028 2037 suis
1060 1985 1236 2038 noctu
1259 1981 1531 2039 bifariam
1557 1981 1979 2051 divisis,unam

328 2074 548 2142 partem
577 2069 636 2124 in
669 2070 938 2126 tentoriis
970 2071 1420 2142 manerejussit,
1453 2071 1699 2127 alteram
1715 2070 1976 2128 diluculo

327 2161 460 2229 fuga
489 2158 765 2214 simulata
795 2159 949 2215 viam
980 2159 1158 2216 aliam
1189 2161 1481 2217 insistere.
1523 2161 1712 2216 Persae
1772 2167 1971 2217 autem

327 2249 527 2307 dolum
557 2266 694 2306 eum
725 2266 848 2306 rem
881 2267 1076 2306 veram
1102 2267 1231 2308 esse
1286 2251 1420 2323 rati,
1453 2251 1567 2308 laeti
1593 2269 1661 2308 ex
1694 2252 1985 2324 angustiis

327 2341 390 2396 in
417 2346 692 2414 apertum
725 2357 1000 2412 campum
1030 2340 1199 2397 effusi
1243 2339 1466 2396 vallum
1519 2341 1982 2398 Alamannorum

325 2431 689 2502 irrumpunt,
751 2429 1011 2485 simulet
1067 2431 1258 2487 securi
1307 2435 1365 2486 et
1419 2430 1559 2497 laeti,
1612 2435 1678 2487 ut
1720 2434 1984 2504 paratam

329 2520 611 2594 praedam,
645 2535 893 2591 magnas
925 2535 1066 2592 opes
1098 2519 1395 2591 direpturi.
1421 2520 1629 2576 Omnis
1659 2521 1816 2577 enim
1846 2525 1986 2574 Bar-

334 2613 513 2668 barus
543 2627 752 2667 avarus
781 2616 892 2678 est,
923 2619 977 2666 et
1036 2613 1296 2684 pecunias
1351 2628 1531 2668 causa
1581 2611 1879 2684 pleraque,
1913 2627 1986 2666 ne

331 2701 524 2758 dicam
557 2699 780 2766 omnia,
813 2698 1024 2756 etdicit
1050 2704 1108 2756 et
1137 2701 1294 2757 facit.
1359 2699 1429 2756 Ut
1459 2717 1592 2757 vero
1631 2704 1688 2756 et
1745 2699 1844 2772 qui
1887 2699 1987 2756 fu-

333 2795 541 2862 gerant
588 2806 652 2846 se
711 2793 1142 2858 converterunt,
1193 2794 1252 2846 et
1291 2789 1392 2861 qui
1433 2791 1494 2846 in
1550 2789 1760 2846 castris
1813 2793 1980 2846 erant

333 2880 698 2937 conﬁdenter
725 2883 1131 2948 occurrerunt,
1171 2879 1360 2936 Persas
1414 2880 1797 2938 circumventi
1827 2879 1986 2936 occi-

333 2969 650 3026 debentur.

2096 1979 2271 2039 Ἀλλὰ
2321 1981 2412 2036 καὶ
2473 1979 2610 2037 κατᾶ
2681 1981 2743 2036 τὸ
2819 1978 3121 2056 λεγόμενον
3180 1977 3508 2055 Γιγκλςὶριον
3567 1977 3756 2042 αὐτοῖς

2091 2066 2390 2144 συμϐαλὼν
2437 2071 2500 2126 τὸ
2559 2071 2756 2146 κράτος
2813 2069 3008 2145 ἤρατο,
3056 2068 3146 2125 ὅτε
3174 2068 3265 2124 καὶ
3298 2069 3350 2123 οἱ
3385 2068 3478 2142 μὲν
3510 2071 3755 2143 Τοῦρκοι

2093 2163 2190 2226 τὰς
2245 2165 2354 2216 τῶν
2405 2157 2660 2237 παρὸδων
2746 2158 3249 2236 προκατειληφότες
3307 2157 3491 2219 στενὰς
3549 2153 3751 2230 προσέ-

2099 2272 2262 2326 μενον
2319 2251 2419 2320 τήν
2475 2254 2583 2305 τῶν
2645 2249 2975 2322 ’Δλαμανῶν
3045 2247 3210 2303 ἐκεῖθι
3270 2245 3470 2326 ἄφιξιν,
3503 2247 3531 2302 ὁ
3565 2243 3622 2302 δὲ
3652 2247 3752 2322 ῥήξ

2094 2343 2156 2399 τὸ
2214 2346 2324 2399 τῶν
2385 2339 2716 2397 ὑπεναντίων
2777 2341 2999 2415 σκέμμα
3057 2339 3230 2400 συνεὶς
3283 2336 3370 2392 ἐπὶ
3430 2337 3602 2394 τόπου
3653 2358 3758 2393 κα-

2092 2429 2580 2507 τεστρατοπέδευσε
2636 2427 2878 2497 πεδινοῦ,
2937 2429 3129 2490 νυκτὸς
3188 2425 3245 2483 δὲ
3302 2427 3378 2490 εἰς
3430 2425 3526 2482 δύο
3563 2429 3762 2504 μοίρας

2092 2523 2159 2578 τὸ
2189 2521 2392 2576 οἷ’κεῖον
2439 2517 2801 2596 στρατόπεδον
2859 2516 3057 2575 διελὼν
3113 2519 3176 2574 τὸ
3231 2519 3326 2593 μὲν
3380 2523 3500 2581 ταῖς
3535 2521 3757 2589 σκηναῖς

2094 2611 2421 2684 προσμένειν
2465 2609 2710 2681 ἀπέταξε,
2769 2610 2834 2666 τὸ
2891 2608 2951 2664 δὲ
3008 2607 3204 2664 Λοιπὸν
3259 2608 3400 2663 ’ἁπαν
3465 2607 3762 2683 ὑποφαινο-

2099 2700 2267 2775 μένης
2323 2699 2535 2774 ἡμέρας
2593 2700 2672 2762 εἰς
2731 2697 3028 2775 ἀπόδρασιν
3089 2697 3305 2768 ἐπέταξε
3365 2695 3624 2760 πλαστῶς
3669 2697 3756 2752 ἐν·

2096 2789 2444 2858 σκευάζεσθαι
2475 2785 2658 2859 ἄλλης
2712 2784 3022 2862 ἀπτόμενον
3085 2783 3239 2844 ὀδοῦ.
3299 2786 3366 2843 Οἱ
3403 2786 3584 2840 τοίνυν
3616 2784 3760 2862 Περ-

2098 2898 2183 2931 σαι
2239 2877 2334 2932 τὸν
2393 2874 2556 2931 δόλον
2612 2870 2766 2951 ἔργον
2844 2875 3044 2946 ἀληθὲς
3099 2875 3234 2931 εἶναι
3299 2875 3739 2946 ὑποτοπήσαντες

2095 2965 2482 3020 ἀπανίστανται
2543 2966 2638 3038 μὲν
2689 2969 2797 3020 τῶν
2858 2963 3184 3040 δυσχωριῶν
3245 2967 3578 3041 περιχαρῶς,
3610 2961 3745 3015 κατὰ

333 3052 392 3110 δὲ
463 3056 526 3112 τὸ
598 3053 786 3112 πεδίον
859 3053 1147 3130 γενόμενοι
1212 3054 1306 3110 τὸν
1366 3056 1586 3130 χάρακα
1659 3051 1933 3110 εἶσὲδυσαν
2006 3053 2100 3109 τὸν
2178 3053 2522 3128 Ἀλαμανῶν,
2597 3055 3082 3132 ἀφροντιστοῦντες
3131 3051 3246 3128 ἅμα
3319 3053 3404 3108 καί
3461 3049 3745 3126 χαίροντες

335 3145 462 3198 ὡσεί
492 3145 584 3199 καὶ
610 3144 902 3222 προχείρῳ
933 3143 1147 3220 ὲρμαίῳ
1172 3148 1290 3204 τοῖς
1366 3142 1418 3198 ἐν
1490 3141 1638 3215 αὓτῷ
1701 3143 2072 3216 ἐντευξόμενοι
2125 3141 2364 3205 πολλοῖς
2437 3143 2557 3198 οὖσι
2605 3144 2696 3199 καὶ
2737 3144 2984 3221 ἀγαθοῖς,
3061 3143 3178 3200 ἐπεὶ
3249 3143 3337 3200 καὶ
3411 3137 3748 3220 φιλοκερδὴς

335 3232 477 3295 ἅπας
551 3227 856 3306 Βάρϐαρος,
932 3232 1024 3286 καὶ
1096 3232 1164 3286 τὰ
1235 3229 1412 3286 πλείω
1481 3232 1508 3302 ἢ
1568 3231 1660 3286 καὶ
1726 3231 1900 3287 πάντα
1961 3232 2213 3306 πράττων
2275 3231 2386 3288 ἐστὶ
2449 3234 2541 3288 καὶ
2581 3235 2951 3313 φθεγγόμενος
3025 3235 3164 3310 πρὸς
3239 3230 3515 3309 ἀργύρίον·
3556 3231 3648 3292 Ὠς
3691 3227 3754 3284 δὶ

337 3321 390 3376 οἳ
435 3341 495 3376 τε
545 3321 833 3398 φεύγοντες
877 3319 1210 3376 ἐπανὲλυσαν
1243 3320 1334 3376 καὶ
1393 3321 1447 3375 οἱ
1497 3318 1552 3376 ἂν
1603 3325 1724 3384 ταῖς
1751 3325 1976 3392 σκηναῖς
2009 3319 2282 3396 εὐθαρσῶς
2315 3323 2670 3397 ὑπηντίαζον,
2701 3323 3144 3401 περιειλούμενοι
3177 3325 3230 3380 οἱ
3259 3323 3457 3400 Πέρσαι
3486 3322 3584 3392 τὴν
3613 3318 3757 3396 πρὸς

337 3411 564 3467 θάνατον
595 3409 816 3486 ἤγοντο.

405 3503 461 3558 7.
493 3502 694 3574 Neque
725 3519 857 3560 vero
887 3519 954 3560 ex
985 3501 1081 3559 his
1124 3502 1352 3560 duobus
1408 3502 1694 3560 duntaxat
1769 3501 1983 3576 preliis

2174 3508 2232 3574 ζ’.
2267 3503 2344 3564 Οὐ
2413 3506 2574 3580 μόνον
2639 3507 2730 3563 οὗν
2789 3504 2850 3563 ἔκ
2905 3511 3015 3563 τῶν
3072 3503 3222 3563 δυοῖν
3253 3524 3463 3564 τουτων
3494 3500 3761 3576 πολέμων

338 3608 440 3651 rex
463 3592 850 3650 formidabilis
879 3593 1066 3650 evasit
1095 3596 1154 3649 et
1209 3592 1364 3664 apud
1403 3590 1730 3648 Orientales
1788 3597 1992 3666 gentes

341 3683 608 3750 celebris,
642 3683 744 3740 sed
775 3698 845 3740 ex
887 3699 954 3740 eo
983 3681 1162 3739 etiam
1217 3682 1374 3754 quod
1411 3681 1633 3738 Turcos
1685 3681 1758 3738 ad
1800 3682 1995 3754 ipsum

343 3773 605 3831 Iconium
635 3773 844 3830 iisdem
879 3773 1148 3830 cladibus
1177 3771 1387 3828 affecit.
1413 3771 1558 3831 Nam
1597 3771 1725 3844 ipse
1755 3773 1994 3844 quidem

347 3864 616 3920 sultanus
647 3864 720 3920 ad
747 3865 975 3921 Taxara
1006 3864 1286 3934 profugus
1340 3861 1774 3934 ignorationem
1817 3878 1994 3918 excu-

349 3954 518 4011 sabat
547 3969 747 4010 eorum
779 3970 908 4026 qua;
949 3951 1054 4007 filii
1103 3951 1255 4008 542
1293 3951 1386 4006 sui
1445 3950 1742 4019 fecissent,
1789 3955 1994 4024 utpote

350 4044 422 4100 ab
457 4061 570 4101 uno
600 4060 670 4099 ex
701 4043 774 4099 iis
829 4041 1112 4114 Copatino
1153 4057 1328 4112 regno
1360 4039 1593 4112 pulsus:
1654 4039 1830 4098 Turci
1858 4056 1994 4098 vero

347 4134 644 4191 hortorum
701 4133 1012 4206 aggeribus
1077 4135 1134 4188 et
1191 4131 1390 4198 fossis,
1456 4145 1584 4200 quae
1605 4130 1806 4187 crebra
1853 4135 1994 4188 sunt

335 4225 508 4296 juxta
530 4223 817 4292 Iconium,
851 4221 1172 4294 occupatis,
1228 4226 1288 4277 et
1343 4219 1610 4276 maceriis
1658 4237 1762 4292 pro
1821 4237 1990 4278 muro

341 4315 605 4385 objectis,
644 4313 1099 4370 Alemannorum
1131 4327 1434 4368 accessum
1465 4309 1634 4367 facile
1648 4327 1710 4368 se
1729 4311 1990 4381 prohibi-

337 4408 505 4458 turos
579 4400 890 4472 putabant,
975 4417 1110 4456 cum
1169 4416 1372 4457 omnes
1430 4399 1717 4472 sagittarii
1775 4400 1986 4472 optimi

335 4493 554 4560 essent,
586 4495 762 4562 atque
793 4506 910 4545 uno
943 4491 1004 4544 in
1033 4489 1161 4546 loco
1191 4488 1446 4562 expediti
1495 4503 1627 4546 cum
1655 4489 1850 4561 gravis
1888 4507 1982 4546 ar-

333 4586 574 4639 matura
605 4579 903 4654 equitibus
933 4579 1252 4652 pugnaturi
1279 4599 1294 4648 ;
1329 4579 1429 4635 sed
1462 4579 1523 4634 id
1568 4596 1804 4652 quoque
1845 4594 1982 4636 con-

331 4681 530 4738 silium
560 4696 764 4738 eorum
815 4679 924 4734 fuit
979 4677 1236 4734 irritum.
1294 4676 1435 4732 Nam
1491 4676 1801 4733 Alemanni
1843 4692 1979 4732 cum

331 4772 552 4829 Turcos
583 4774 746 4842 septa
769 4769 1070 4825 hortorum
1104 4765 1303 4823 subire
1329 4770 1506 4836 atque
1533 4765 1672 4821 inde
1709 4765 1870 4821 velut
1907 4781 1975 4823 ex

2103 3589 2334 3671 φοϐερὸς
2364 3597 2393 3652 ὁ
2425 3595 2524 3674 ρἠ
2558 3595 2792 3674 ἰγεγόνει
2856 3597 2948 3653 καὶ
3004 3595 3150 3672 παρᾶ
3208 3601 3326 3659 τοῖς
3382 3595 3544 3669 ἑῴοις
3582 3588 3760 3658 ἔθνεσι

2103 3679 2423 3757 διαϐόητος,
2453 3685 2586 3742 ἀλλ’
2642 3687 2728 3742 ὃτι
2781 3687 2872 3742 καὶ
2921 3687 3038 3742 κατ’
3087 3686 3216 3741 αὐτὸ
3270 3685 3335 3740 τὸ
3391 3683 3614 3740 Ἰκόνιον
3641 3685 3762 3744 τοῖς

2101 3773 2291 3838 αὐτοῖς
2364 3776 2492 3838 τοὺς
2563 3776 2836 3853 Τούρκους
2907 3770 3202 3852 περιέϐαλε
3275 3772 3760 3850 δυσπραγήμασιν.

2098 3866 2274 3927 Αὐτὸς
2335 3865 2429 3940 μὲν
2488 3865 2591 3941 γὰρ
2651 3867 2680 3922 ὁ
2738 3863 2969 3922 σουλτὰν
3026 3863 3104 3927 εἲς
3163 3862 3233 3920 τὸ,
3287 3864 3508 3940 Τάξαρα
3555 3858 3760 3936 δραπε-

2096 3953 2287 4016 τεύσας
2321 3951 2643 4028 ἀπελογεῖτο
2704 3951 2875 4028 μηδεν
2934 3949 3133 4008 εἰδέναι
3171 3951 3248 4008 ὧν
3302 3952 3355 4006 οἱ
3417 3951 3552 4012 υἱεῖς
3580 3948 3756 4004 αὐτοῦ

2099 4038 2472 4117 διεπράξαντο,
2513 4041 2600 4098 ὅτι
2657 4043 2748 4098 καὶ
2801 4048 2903 4112 τῆς
2962 4040 3143 4118 ἀρχῆς
3176 4040 3260 4113 ὑφ’
3295 4039 3412 4102 ἑνὸς
3441 4038 3621 4094 αὐτῶν
3651 4040 3754 4092 τοῦ

2095 4132 2436 4188 Κοπαττίνου
2491 4131 2966 4209 ἀπεσκοράκισται·
3027 4131 3080 4185 οἱ
3133 4125 3190 4185 δὲ
3239 4131 3474 4203 Τοῦρκοι
3529 4127 3599 4182 τὰ
3639 4127 3752 4182 τῶν

2093 4223 2286 4292 κήπων
2367 4219 2706 4284 ὑπεισδύντες
2755 4219 3108 4300 ταφρεύματά
3163 4241 3223 4276 τε
3277 4217 3366 4273 καὶ
3439 4215 3568 4280 τοὺς
3624 4212 3762 4270 διώ-

2091 4331 2290 4392 ρυχας,
2337 4312 2390 4368 οἳ
2451 4315 2698 4388 συνεχεῖς
2755 4310 2862 4366 εἷ’σι
2919 4311 3040 4386 περὶ
3102 4310 3165 4366 τὸ
3222 4307 3474 4380 Ἰκόνιον,
3501 4305 3590 4362 καὶ
3621 4302 3757 4368 τοὺς

2091 4399 2151 4456 ἐκ
2207 4400 2376 4466 λίθων
2433 4396 2766 4477 περιϐόλους
2815 4401 2890 4464 ὡς
2936 4399 3096 4475 ἕρκος
3145 4393 3640 4474 περιϐαλλόμενοι,
3691 4393 3759 4450 ἐκ

2086 4491 2293 4546 τούτων
2345 4491 2524 4563 ᾢοντο
2583 4489 2906 4566 ἐπισχήσειν
2961 4493 3060 4561 τὴν
3123 4489 3176 4552 ἐς
3244 4487 3467 4546 Ἰκόνιον
3505 4481 3750 4561 πάροδον

2081 4584 2190 4634 τῶν
2223 4577 2573 4654 Ἀλαμανῶν,
2632 4581 2724 4635 οἷα
2779 4579 2998 4650 τοξόται
3055 4577 3250 4640 πάντες
3308 4575 3593 4652 κράτιστοι
3622 4572 3752 4650 περὶ

2080 4664 2174 4724 ἕνα
2215 4675 2404 4747 χῶρον
2460 4667 2869 4744 συνηλισμένοι,
2917 4670 3006 4724 καὶ
3058 4669 3194 4744 πρὸς
3247 4668 3434 4730 ἱππεῖς
3493 4663 3750 4737 ὁπλοφό-

2081 4778 2207 4834 ρους
2273 4757 2325 4814 ὲν
2386 4755 2724 4836 δυσχωρίαις
2783 4763 2978 4836 κοῦφοι
3049 4755 3522 4830 διαμιλλώμενοι.
3584 4749 3748 4811 Ἀλλ’

332 4861 796 4935 propugnaculis
853 4860 1128 4932 sagittare
1194 4859 1473 4922 viderent,
1540 4855 1625 4911 sic
1692 4855 1972 4912 fecerunt.

2092 4853 2184 4920 εἷς,
2231 4853 2386 4908 κεκὸν
2427 4853 2518 4908 καὶ
2559 4851 2684 4908 τότε
2733 4852 2881 4931 σφίσι
2929 4852 2996 4906 τὰ
3045 4846 3337 4906 διαῦούλια
3382 4843 3642 4928 ἔσχασαν.
3677 4845 3742 4900 0i.

330 4952 587 5024 Quisque
633 4953 885 5024 peditem
929 4954 1224 5006 armatum
1287 4947 1346 5002 in
1405 4944 1535 5015 equi
1593 4946 1684 5000 sui
1747 4955 1975 5018 tergum

330 5039 560 5108 recepit,
591 5045 654 5094 ut
684 5057 752 5094 ex
773 5047 1128 5110 eotanquam
1150 5035 1330 5100 scala,
1365 5033 1612 5090 maceria
1634 5050 1974 5101 conscensa,

331 5129 598 5183 cominus
629 5145 759 5184 cum
794 5129 962 5184 hoste
1017 5128 1475 5199 congrederetur
1525 5131 1626 5191 ;et
1670 5123 1805 5195 ipsi.
1854 5140 1972 5196 qua

323 5218 890 5289 equispatebatiter,
923 5219 1388 5291 cpitulabantur.
1425 5217 1512 5271 Ita
1555 5221 1680 5271 tum
1734 5232 1968 5287 quoque

324 5306 496 5362 Turci
556 5307 816 5378 plerique
874 5307 1010 5363 mali
1073 5307 1224 5363 male
1292 5305 1636 5378 perierunt;
1695 5303 1962 5361 nonnulli

314 5405 491 5450 etiam
525 5396 776 5468 dispersi
816 5398 950 5466 fuga
980 5397 1232 5452 salutem
1265 5394 1608 5468 quaesivere.
1643 5393 1716 5450 Ut
1762 5401 1960 5452 autem

305 5484 637 5541 occisorum
671 5485 1115 5541 multitudinem
1148 5487 1406 5542 hostium
1439 5485 1774 5542 testimonio
1819 5502 1958 5542 con-

302 5576 632 5645 ﬁrmemus,
664 5574 963 5632 Ismaelita
993 5574 1234 5646 quidam
1261 5575 1361 5648 qui
1393 5575 1444 5631 ei
1506 5591 1716 5647 pugnte
1773 5575 1956 5633 inter-

305 5665 510 5734 fuerat,
535 5667 607 5722 ad
637 5665 1050 5739 imperatorem
1098 5667 1400 5736 profugus,
1461 5680 1563 5736 per
1617 5680 1783 5721 suam
1828 5665 1956 5724 reli-

304 5752 542 5825 gionem
557 5755 770 5828 juravit
803 5771 866 5812 se
895 5753 1177 5812 ducentos
1206 5753 1430 5826 argenti
1463 5756 1706 5812 statores
1735 5754 1952 5827 pollin-

2086 4941 2189 5019 γὰρ
2249 4940 2552 5015 Ἀλαμανοὶ
2609 4941 2925 5015 θεασᾶμενοι
2967 4941 3052 5013 [Ρ.
3102 4941 3228 5013 265]
3286 4935 3417 5002 τοὺς
3463 4935 3740 5003 Τούρκους

2083 5032 2178 5094 τὰς
2206 5036 2314 5087 τῶν
2366 5035 2559 5102 κήπων
2636 5031 2974 5094 ὑπεισιόντας
3050 5031 3310 5102 αἱμασιὰς
3350 5027 3438 5084 καὶ
3511 5024 3586 5086 ὡς
3644 5020 3736 5102 ἀφ’

2083 5120 2432 5196 ὁρμητηρίου
2486 5121 2634 5184 τινὸς
2688 5121 2886 5176 ἐκεῖθεν
2939 5119 3258 5190 τοξεύοντας
3314 5113 3440 5173 τάδε
3486 5109 3731 5168 ἐποίουνυ

2079 5209 2168 5266 ἐπὶ
2225 5211 2288 5266 τὸ
2343 5209 2545 5266 οἰκεῖον
2607 5205 2804 5286 ὄχημα
2866 5215 2978 5266 τῶν
3036 5209 3247 5265 ἱππέων
3297 5203 3525 5266 ἕκαστος
3573 5201 3740 5271 πεζὸν

2079 5294 2403 5357 ἐπανέλαϐεν
2464 5298 2724 5374 ὁπλίτην,
2779 5299 2871 5356 καὶ
2927 5299 3157 5361 τούτους
3214 5297 3290 5360 ὡς
3330 5293 3423 5351 διά
3458 5287 3744 5371 βαθμίδων

2073 5399 2179 5450 τῶν
2233 5392 2423 5452 τίππων
2481 5390 2682 5451 ἄνωθεν
2727 5398 2834 5449 τῶν
2907 5386 3218 5468 περιϐόλων
3292 5389 3540 5463 θέμενοι,
3616 5379 3745 5448 t'vea

2073 5483 2124 5540 οἱ
2239 5486 2478 5561 Τοῦρκοι
2555 5481 3073 5558 συνεσπειρδθησαν,
3177 5477 3452 5558 διαφῆκαν
3531 5469 3746 5532 ἐνθένδε

2071 5575 2220 5652 σφίσι
2270 5575 2694 5650 συμπλέκεσθαι,
2753 5566 3092 5643 ἐπεϐοήθουν
3139 5567 3198 5626 δὲ
3225 5567 3319 5626 καὶ
3349 5565 3509 5624 αὐτοὶ
3551 5563 3606 5620 ἐν
3654 5563 3742 5624 οἷς

2066 5663 2186 5735 ἐξῆν
2247 5661 2650 5736 διιππάζεσθαι.
2711 5662 2812 5719 Καὶ
2879 5660 3040 5717 κακοὶ
3107 5660 3198 5717 καὶ
3253 5658 3381 5716 τότε
3437 5658 3621 5718 κακῶς
3682 5653 3738 5710 οἱ

2063 5751 2292 5818 πλείους
2349 5757 2456 5812 τῶν
2517 5753 2774 5830 Τούρκων
2833 5749 3150 5822 ἃπώλοντο,
3184 5749 3238 5806 oi.
3268 5746 3326 5805 δὲ
3368 5749 3463 5804 καὶ
3493 5745 3736 5802 διασπα-

4079 3017 4102 3260 ἑ

4080 3418 4102 3520 2

4079 3586 4102 3685 ι

4079 3870 4102 4035 ἵ

4079 4751 4095 5182 ἓ

4079 5215 4102 5496 ξ
