4102 6386
388 448 502 539 781

1515 470 1617 531 DE
1659 466 1969 531 ISAACIO
2011 468 2323 532 ANGELO
2370 469 2519 532 LIB.
2562 470 2641 532 II.

3687 472 3806 534 782

390 611 571 684 ρὲντες
633 608 931 679 ἐσώθησαν.
966 606 1088 662 Ἵνα
1143 601 1199 659 δὲ
1254 601 1346 657 καὶ
1394 606 1515 664 ταῖς
1547 601 1653 657 ἀπὸ
1684 606 1792 657 τῶν
1826 601 2042 678 ἐχθρῶν

2160 604 2418 660 ctoribus
2459 620 2823 671 numerasse,
2889 607 2950 660 ut
3007 604 3286 660 cadavera
3343 619 3409 661 ex
3465 604 3620 663 548
3700 621 3805 663 suo

394 700 716 774 μαρτυρίαις
773 697 835 754 τὸ
895 693 1113 763 πλῆθος
1171 693 1576 766 πιστωσώμεθα
1605 696 1711 747 τῶν
1744 693 2047 764 πεσόντων,

388 787 585 863 ἔφασκὲ
642 808 729 850 τις
787 782 1147 859 Ἰσμαηλίτης
1202 782 1261 845 ὅς
1316 787 1395 854 τῷ
1451 780 1687 854 πολέμῳ
1730 781 1911 854 τούτῳ
1941 801 2047 836 πα·

392 879 776 955 ρατετυχήγει,
816 879 894 945 τῷ
955 873 1174 950 βασιλεῖ
1229 872 1520 947 προσρυεὶς
1575 870 1891 943 Ῥωμαίων,
1946 871 2046 939 τὴν

391 968 591 1024 οἰκείαν
670 964 1048 1039 ἐπομνύμενος
1125 962 1438 1036 θρησκείαν,
1516 957 1829 1023 διακοσίους
1885 959 2051 1033 ἀργυ-

393 1057 546 1134 ρέους
603 1052 925 1119 καταθέσθαι
985 1058 1255 1126 στατῆρας
1314 1049 1394 1112 εἲς
1449 1048 1731 1123 ἐκκὸμισιν
1789 1052 1898 1103 τῶν
1964 1068 2051 1141 νεῖ

392 1151 536 1223 κρῶν
567 1144 620 1200 οἳ
667 1144 806 1200 κατά
860 1142 952 1197 τὸν
1003 1147 1183 1211 κῆπον
1241 1138 1407 1194 αὑτοῦ
1464 1138 1868 1217 ἀπεσφάγησαν.
1902 1138 1971 1195 Οἱ
2003 1135 2031 1192 δ

388 1233 692 1308 Ἀλαμανοὶ
749 1233 813 1288 τὸ
872 1230 1098 1288 Ἰκόνιον
1151 1227 1521 1303 κατασχόντες
1580 1228 1777 1283 τούτου
1838 1226 1933 1300 μὲν
1969 1225 2050 1280 ἐν-

386 1324 478 1388 τὸς
512 1323 613 1379 οὑκ
642 1320 937 1392 εἶσέδυσαν,
995 1320 1131 1375 κατὰ
1183 1315 1242 1374 δὲ
1290 1319 1392 1388 τήν
1446 1315 1548 1387 ἔξω
1606 1313 1919 1392 λεγομένην
1951 1316 2050 1370 πό·-

390 1413 477 1470 λιν
511 1411 874 1484 ηὐλίσθησαν,
932 1412 1133 1474 ἄνωθεν
1188 1408 1299 1464 τῶν
1361 1405 1633 1481 δωμάτων
1671 1406 1768 1467 τὰς
1817 1403 2047 1468 αὐλαίας

388 1503 712 1576 πηξάμενοι.
770 1500 874 1556 Καὶ
940 1496 1107 1573 μηδὲν
1158 1497 1340 1567 ’ἕτερον
1401 1496 1486 1552 ὅτι
1545 1496 1622 1570 μή
1676 1496 1742 1550 τὰ
1800 1498 1939 1569 πρὸς
1984 1494 2048 1550 τὸ

389 1598 487 1667 ζῇν
564 1590 847 1663 ἐπιτήδεια
919 1591 1009 1646 καὶ
1088 1590 1226 1663 μόνα
1318 1588 1518 1643 ἐκεῖθεν
1596 1587 2045 1661 ἐνσκευασάμενοι

384 1686 481 1738 τοῦ
510 1683 701 1758 πρόσω
754 1679 996 1757 εἷ’χοντο.
1056 1680 1209 1736 Κατὰ
1268 1677 1324 1733 δὲ
1376 1679 1479 1747 τήν
1539 1672 1797 1731 ἀνάϐασιν
1839 1675 2045 1745 ταύτην

387 1771 602 1848 λέγεταί
660 1793 782 1827 τινα
838 1769 1150 1844 Ἀλαμανὸν
1236 1767 1510 1840 πελώριον
1575 1768 1637 1822 τὸ
1698 1770 1884 1841 σῶμα,
1941 1767 2041 1836 τὴν

387 1861 547 1941 ἰσχὺν
605 1858 1021 1937 ἀπαράμιλλον,
1072 1856 1180 1914 τῶν
1240 1855 1542 1937 ὁμοφύλων
1622 1855 1711 1912 ἐπὶ
1786 1858 2043 1912 πλεῖστον

387 1951 805 2025 ἀπολειφθῆναι,
862 1948 954 2005 καὶ
1049 1949 1142 2003 τὸν
1206 1947 1300 2022 μὲν
1360 1947 1665 2042 ἀνειμένοις
1717 1943 2120 2042 στέλλεσθαιΒ

388 2040 570 2112 ποσὶν,
629 2039 689 2094 ἐκ
740 2043 839 2094 τοῦ
917 2035 1148 2114 χάλινοῦ
1221 2039 1312 2092 τὸν
1391 2035 1556 2090 ἷππον
1633 2032 1926 2112 ἐφέλκονται
1972 2037 2041 2108 τῇ

389 2129 683 2205 ὁδοιπορίᾳ
709 2129 1047 2201 κεκμηκότα,
1079 2131 1185 2183 τῶν
1237 2124 1284 2184 δ’
1333 2124 1384 2196 ἐξ
1426 2125 1662 2199 Ἰσμαὴλ
1689 2125 2041 2199 ἀθροισθῆναι

388 2220 513 2294 περὶ
562 2219 723 2274 αὐτὸν
786 2218 917 2293 ὑπὲρ
973 2216 1103 2280 τοὺς
1163 2217 1518 2287 πεντήκοντα,
1574 2215 1895 2289 κρατίστους
1928 2208 2042 2287 ἅμα

380 2309 583 2373 πάντας
642 2310 731 2364 καὶ
761 2309 857 2372 τὰς
918 2306 1122 2369 οἲκείας
1178 2308 1353 2377 τάξεις
1411 2303 1808 2368 ἀπολιπόντας.
1841 2304 1908 2362 Οἱ
1944 2305 2039 2377 μὲν

411 2400 440 2422 γ
616 2400 630 2420 ν
744 2401 759 2422 1
1067 2396 1082 2418 2
1132 2399 1146 2418 κ
1845 2394 1887 2420 ορ

381 2422 471 2456 ουν
505 2403 579 2464 ὡς
614 2421 665 2463 ες
698 2399 972 2455 κύκλωσιν
1025 2419 1184 2453 αυτον
1244 2394 1594 2473 διειληφότες
1640 2415 2040 2473 περιετοςευον,

382 2494 409 2547 6
438 2489 494 2547 δὲ
523 2496 604 2564 τῷ
633 2490 780 2567 εὖρεῖ
825 2490 974 2545 σάκει
1026 2487 1359 2560 σκεπόμενος
1435 2487 1526 2542 καὶ
1583 2490 1651 2560 τῇ
1708 2490 1816 2541 τῶν
1849 2483 2039 2540 ὅπλων

381 2580 594 2656 θαῤῥῶν
654 2580 1011 2656 στεγανότητι
1069 2578 1322 2655 γεγηθὼς
1381 2575 1693 2652 ἐπορεύετο,
1750 2575 2039 2638 ἀτίνακτος

381 2671 518 2726 κατὰ
592 2674 785 2744 πρῶνα
857 2667 894 2739 ἤ
971 2662 1252 2742 πρόϐολον
1323 2671 1445 2729 τοῖς
1520 2669 1618 2721 τοῦ
1693 2660 2039 2740 Βαρϐαρικοῦ

383 2759 590 2814 ἐκείνου
641 2756 917 2833 ξυλλόγου
979 2756 1232 2833 βλήμασι
1282 2755 1373 2813 καὶ
1421 2752 1495 2810 ὢν
1553 2754 1644 2811 καὶ
1704 2752 2036 2827 δεικνύμενο*

383 2851 472 2910 Ὠς
529 2845 576 2902 δ’
634 2846 850 2902 ἐκείνων
890 2866 973 2908 τις
1029 2845 1267 2920 γενναῖόν
1327 2867 1383 2900 τι
1443 2842 1660 2920 δράσειν
1721 2844 1859 2918 ὑπὲρ
1907 2841 2037 2905 τοὺς

382 2937 589 2999 ἄλλους
645 2934 1115 3014 ἐπαγγειλάμενος
1175 2935 1401 2999 ἀπέθετο
1477 2934 1572 3008 μὲν
1631 2933 1693 2989 τὸ
1749 2934 1905 3006 τόξον
1962 2932 2037 2995 ὡς

383 3025 483 3082 οὑκ
539 3026 829 3100 ὀνήσιμον,
890 3026 988 3094 τὴν
1050 3022 1095 3079 δ’
1153 3022 1403 3099 ἐπιμήκη
1469 3023 1741 3100 μάχαιραν
1789 3021 2036 3096 ἐξερύσας

383 3117 471 3171 καὶ
546 3116 637 3171 τὸν
686 3113 858 3171 ’ίππον
935 3114 988 3177 ἐς
1060 3111 1268 3189 δρόμον
1326 3112 1469 3176 ἀνεὶς
1525 3112 1890 3192 ἀγχωμάλως
1945 3112 2037 3167 καὶ

386 3204 613 3268 ἐνώπιος
644 3203 865 3277 ἐνωπίῳ
917 3207 997 3276 τῷ
1050 3201 1352 3277 Ἀλαμανῷ
1408 3198 1705 3258 ἐπεϐάλετο
1740 3202 2035 3277 μάχεσθαι,

382 3294 541 3357 αὐτὸς
604 3295 700 3368 μὲν
758 3293 857 3349 ὅσα
913 3293 1004 3348 καὶ
1062 3292 1366 3368 ἀκρώρειαν
1417 3293 1581 3367 ὃρους
1643 3292 1680 3362 ἤ
1749 3288 2037 3368 ἀνδριάντα

385 3350 621 3460 χάλκεον
651 3378 805 3439 ἔπαιε
858 3383 951 3439 τὸν
1009 3350 1346 3455 Ἀλάμάνὸν,
1403 3350 1461 3436 ὁι
1492 3350 1678 3437 δὶψτὸι
1708 3350 1863 3461 ξίφος
1893 3402 2031 3437 σπα-
2076 3350 2118 3418 C

382 3475 616 3548 σάμενος
670 3472 875 3548 παχείᾳ
925 3472 1015 3527 καὶ
1072 3473 1291 3547 ἡρωϊκῇ
1353 3472 1501 3547 χειρὶ
1561 3469 1722 3547 βριθῦ
1770 3470 1862 3526 καὶ
1897 3469 2039 3548 μέγα

380 3564 470 3621 καὶ
528 3558 784 3638 στιϐαρὸν
841 3559 1077 3633 πλήττει
1131 3560 1226 3615 τὸν
1283 3560 1454 3616 ἳππον
1512 3558 1863 3639 ἐπιδοχμίως
1911 3560 2037 3635 περὶ

383 3652 512 3715 τοὺς
563 3649 757 3723 πόδας,
815 3652 904 3706 καὶ
962 3651 1126 3728 ἄμφω
1182 3648 1311 3714 τοὺς
1367 3648 1737 3726 ἐμπροσθίους
1792 3650 1867 3713 ὡς
1919 3647 2039 3704 οὐδ’

384 3743 558 3819 ἀγροῦ
587 3763 670 3805 τις
702 3742 905 3821 χόρτον
961 3739 1248 3815 ἀπέτεμεν.
1303 3740 1392 3802 Ὠς
1443 3737 1489 3794 δ’
1546 3738 1634 3795 ἐπὶ
1666 3739 1798 3817 γόνυ
1827 3739 2038 3802 κλιθεὶς

2155 698 2431 753 duntaxat
2452 697 2621 753 horto
2653 697 2940 754 efferrent.
2977 696 3286 752 Alemanni
3320 713 3448 753 vero
3478 699 3672 755 Iconio
3705 714 3805 770 po-

2154 786 2246 842 titi
2278 788 2480 843 urbem
2513 787 2736 856 ingredi
2768 787 3104 853 noluerunt,
3136 787 3234 843 sed
3267 786 3326 841 in
3359 787 3525 843 tectis
3545 787 3808 844 suburbii

2158 875 2285 932 ﬁxis
2333 876 2740 948 tabernaculis,
2801 894 2906 934 nec
2954 877 3069 934 ulla
3117 893 3177 934 re
3230 876 3345 932 alia
3375 877 3486 932 nisi
3515 879 3584 934 ad
3627 880 3806 935 vitam

2159 967 2432 1022 tuendam
2468 966 2808 1023 necessariis
2840 968 2977 1023 inde
3006 965 3221 1034 ablata,
3250 972 3504 1038 coeptum
3531 968 3644 1024 iter
3672 975 3808 1024 sunt

2157 1055 2473 1127 prosecuti.
2511 1057 2574 1111 In
2620 1056 2726 1111 hac
2756 1056 3119 1128 expeditione
3177 1057 3366 1113 ferunt
3414 1056 3806 1114 Alemannum

2155 1146 2466 1215 quemdam
2498 1161 2736 1218 corpore
2787 1145 3007 1218 ingenti
3036 1153 3091 1202 et
3118 1147 3321 1203 robore
3350 1146 3565 1204 invicto
3605 1147 3807 1220 prendi—

2157 1242 2301 1300 tum,
2344 1234 2647 1306 pepuleres
2705 1251 2841 1291 suos
2871 1236 3041 1308 longo
3064 1237 3363 1294 intervallo
3394 1242 3680 1305 secutum,
3712 1253 3806 1310 pe-

2153 1323 2430 1379 detentim
2487 1324 2818 1390 incessisse,
2851 1341 3061 1397 equum
3115 1327 3435 1384 trahentem
3496 1343 3563 1385 ex
3595 1328 3806 1385 itinere

2152 1411 2485 1485 fatigatum.
2545 1413 2866 1469 Ismaelitas
2924 1429 3053 1470 vero
3085 1414 3311 1472 circiter
3358 1416 3800 1491 quinquaginta,

2153 1502 2303 1558 viros
2334 1501 2699 1572 fortissimos,
2750 1504 2872 1559 suis
2905 1503 3253 1561 stationibus
3309 1510 3582 1578 evagatus
3639 1507 3803 1564 illum

2155 1592 2409 1662 undique
2439 1592 2667 1663 sagittis
2713 1592 2966 1662 petiisse.
2998 1593 3275 1649 Caeterum
3308 1610 3436 1650 eum
3474 1596 3590 1652 lato
3640 1605 3803 1655 scuto

2155 1685 2370 1737 tectum
2402 1689 2454 1737 et
2488 1680 2758 1737 ﬁrmitate
2808 1681 3059 1737 thoracis
3112 1683 3316 1739 fretum
3367 1684 3615 1741 alacrem
3675 1704 3801 1758 per-

2153 1774 2390 1840 rexisse,
2423 1771 2607 1827 nihilo
2656 1774 2842 1842 magis
2873 1771 3253 1828 Barbarorum
3286 1772 3419 1830 telis
3448 1779 3802 1834 commotum

2151 1876 2321 1931 quam
2353 1859 2402 1916 si
2428 1876 2597 1932 rupes
2653 1865 2827 1916 esset.
2861 1859 3052 1916 Unum
3092 1867 3282 1919 autem
3315 1865 3538 1920 caeteris
3579 1866 3804 1934 jactan-

2152 1950 2374 2020 tiorem,
2429 1948 2652 2021 abjecto
2709 1948 2900 2005 inutili
2922 1965 3085 2018 arcu,
3118 1951 3351 2022 longum
3402 1968 3600 2010 ensem
3631 1955 3803 2011 strin-

2150 2038 2326 2105 xisse,
2359 2045 2413 2094 et
2444 2039 2735 2095 concitatu
2764 2054 2915 2110 equo
2944 2038 3211 2095 cominus
3243 2040 3409 2096 illum
3446 2050 3504 2098 ut
3534 2059 3804 2114 promon-

2153 2129 2366 2194 torium
2422 2135 2520 2184 aut
2551 2144 2754 2185 aeream
2804 2128 3137 2186 columnam
3189 2130 3378 2200 gladio
3426 2136 3803 2203 percussisse,

2149 2222 2538 2278 Alemannum
2587 2234 2722 2276 vero
2779 2216 2991 2290 gladio,
3048 2220 3148 2291 qui
3205 2220 3490 2277 heroic-un
3543 2223 3800 2279 dextram

2151 2311 2396 2376 deceret,
2447 2308 2646 2365 ambos
2693 2307 3006 2364 anteriores
3053 2308 3222 2378 pedes
3253 2308 3478 2366 hostilis
3508 2312 3641 2381 equi
3673 2317 3800 2369 tan-

2152 2415 2321 2471 quam
2374 2396 2528 2453 544
2570 2396 2787 2452 foenum
2821 2400 3169 2468 amputasse.
3202 2396 3308 2462 Qui
3338 2414 3469 2455 cum
3500 2399 3560 2454 in
3592 2464 3593 2469 η
3613 2416 3801 2472 genua

2148 2488 2454 2559 prolapsus
2488 2485 2872 2543 nihilominus
2901 2502 3183 2544 sessorem
3215 2488 3275 2544 in
3307 2488 3447 2544 sella
3472 2490 3798 2563 sustineret,

2150 2593 2345 2635 ensem
2378 2577 2437 2633 in
2469 2576 2719 2633 medium
2771 2580 2956 2633 Persze
3005 2581 3179 2649 caput
3226 2578 3304 2633 ita
3354 2578 3683 2652 lmpegisse,
3737 2586 3801 2638 ut

2148 2666 2336 2740 equite
2365 2667 2426 2722 in
2456 2669 2597 2721 duas
2645 2669 2838 2736 partes
2868 2666 3116 2723 dissecto
3156 2666 3328 2724 etiam
3378 2667 3626 2738 jumenti
3679 2675 3797 2726 ter-

2150 2773 2308 2830 gum,
2364 2754 2503 2813 sella
2578 2771 2804 2828 quoque
2860 2755 3133 2823 dissecta,
3191 2757 3540 2816 vulneraret.
3608 2763 3800 2832 quue

2147 2846 2471 2918 spectaculo
2526 2845 2730 2901 Persas
2763 2845 3035 2903 attonitos
3084 2862 3203 2902 non
3241 2848 3491 2918 amplius
3535 2865 3665 2907 esse
3696 2866 3797 2908 au-

2149 2951 2245 2992 sos
2279 2951 2455 2991 unum
2486 2949 2619 2990 eum
2670 2932 2967 3005 lacessere,
3029 2935 3127 3007 qui
3157 2935 3304 2992 nihil
3362 2938 3675 2996 accelerato
3704 2940 3802 2997 iti-

2146 3040 2283 3083 nere
2337 3022 2683 3096 pedetentim
2727 3025 2950 3097 vesperi
3000 3025 3063 3082 in
3110 3029 3297 3084 castra
3345 3043 3576 3086 suorum
3607 3046 3801 3102 perve-

2146 3116 2318 3173 nerit.
2349 3115 2530 3171 Aiunt
2587 3115 2935 3181 Ismaclitas,
2995 3116 3205 3175 veritos
3233 3134 3306 3176 ne
3336 3135 3434 3176 rex
3488 3121 3549 3177 in
3579 3121 3801 3182 ditione

2146 3205 2424 3278 ipsorum,
2488 3209 2548 3259 ut
2607 3219 2750 3276 quos
2781 3204 3104 3275 devicisset,
3166 3213 3507 3279 moraretur,
3557 3212 3802 3269 simula-

2150 3295 2305 3350 tione
2337 3292 2709 3365 benignitatis
2765 3309 2897 3349 eum
2931 3294 3041 3352 sibi
3072 3296 3299 3367 placare
3345 3300 3616 3358 voluisse.
3652 3301 3799 3360 Eum

2147 3399 2280 3441 vero
2309 3398 2612 3455 procerum
2670 3382 2806 3439 ﬁliis
2840 3384 3137 3443 obsidibus
3166 3388 3416 3460 acceptis
3445 3397 3501 3447 et
3529 3391 3802 3464 plurimis

2147 3474 2416 3530 itinerum
2469 3472 2712 3530 ducibus
2740 3471 3075 3542 assumptis,
3107 3470 3183 3528 ita
3214 3473 3360 3530 ﬁnes
3398 3488 3601 3531 eorum
3639 3491 3805 3549 supe-

2147 3579 2322 3620 rasse.
2366 3560 2538 3619 Paulo
2581 3578 2711 3618 vero
2744 3568 2891 3633 post,
2924 3575 3058 3617 cum
3101 3562 3382 3618 Armenias
3415 3562 3561 3621 fines
3589 3565 3805 3636 attigis-

2149 3658 2253 3720 set,
2279 3666 2398 3706 non
2429 3665 2646 3722 paucos
2677 3649 2839 3708 exiis
2867 3649 3261 3719 obtruncasse,
3295 3658 3531 3709 caeteros
3562 3652 3801 3710 domum

2149 3757 2456 3800 remisisse.

386 3833 414 3887 6
466 3830 638 3895 ’ίππος
690 3827 770 3887 ἔτι
843 3831 935 3886 τὸν
994 3826 1272 3901 ἀναϐάτην
1349 3827 1689 3906 ἐρειδόμενον
1763 3831 1885 3907 εἶχε
1938 3834 2009 3906 τῇ
2082 3828 2380 3909 ἐφεστρίδι,
2439 3829 2674 3893 ἔκτεινας
2733 3830 2760 3885 ὁ
2802 3825 3113 3903 Ἀλαμανὸς
3186 3829 3277 3884 τὸν
3339 3830 3614 3906 βραχίονα
3664 3832 3803 3887 κατὰ

387 3921 555 3997 μέσης
610 3925 706 3992 τῆς
783 3925 879 3976 τοῦ
939 3921 1149 3996 Πέρσου
1222 3919 1427 3996 κόρσης
1484 3923 1584 3991 τήν
1663 3921 1872 3993 σπάθην
1946 3923 2285 3998 κατήνεγκεν.
2346 3922 2409 3977 Ἡ
2469 3918 2526 3976 δὲ
2587 3924 2657 3995 τῇ
2717 3918 2890 3992 οἰκείᾳ
2942 3939 3001 3974 τε
3053 3919 3338 3991 ἀντιτυπία
3409 3920 3501 3975 καὶ
3559 3924 3628 3995 τῇ
3702 3925 3804 3978 τοῦ

391 4011 650 4087 φέροντος
722 4010 1059 4086 γενναιότητι
1136 4011 1313 4073 οὕτως
1387 4009 1814 4084 ἆξιοθαύμαστον
1871 4012 2162 4089 εἰργάσατο
2216 4012 2317 4081 τήν
2369 4012 2549 4084 τομὴν
2627 4010 2702 4071 ὡς
2779 4010 2866 4064 τὸν
2945 4009 3040 4083 μὶν
3111 4008 3392 4085 πληγέντα
3467 4006 3806 4086 διαιρεθῆναι

383 4099 530 4172 δικ-ἦ,
587 4105 767 4163 κακῶς
826 4099 883 4157 δε
940 4101 1031 4156 καὶ
1086 4101 1178 4156 τὸν
1232 4101 1404 4156 ἳππον
1462 4098 1515 4164 ἐς
1559 4101 1651 4156 τὸν
1705 4106 1877 4158 νῶτον
1935 4107 2124 4166 παθεῖν
2186 4099 2511 4165 διαπτάντος
2566 4101 2668 4170 τὴν
2723 4094 2999 4174 ἀστράϐην
3036 4103 3135 4154 τοῦ
3182 4097 3538 4176 πλήγματος,
3587 4103 3718 4167 τοὺς
3749 4100 3806 4158 δὲ

386 4190 619 4255 λοιποὺς
679 4194 885 4267 Περσας
944 4191 1081 4266 πρὸς
1140 4193 1240 4261 τὴν
1296 4189 1561 4260 τοιαύτην
1624 4193 1744 4255 θεαν
1800 4189 2243 4269 καταπλαγέντας
2306 4189 2502 4263 μηκέτι
2571 4187 2949 4265 ἂποθαρῥῆσαι
3006 4188 3099 4242 τὸν
3161 4191 3280 4262 μεθ’
3337 4189 3454 4252 ἐνὸς
3529 4189 3804 4264 πόλεμον.

382 4282 483 4335 Καὶ
518 4281 570 4334 οἱ
604 4281 698 4353 μὲν
730 4279 923 4350 οὕτως,
983 4281 1011 4335 ὁ
1072 4277 1131 4334 δὲ
1188 4279 1263 4343 ὡς
1323 4277 1463 4334 λέων
1524 4279 1802 4344 πεποιθὼς
1839 4282 1908 4354 τῇ
1965 4278 2141 4350 οῗκείᾳ
2184 4277 2346 4355 ῥώμῃ
2398 4276 2497 4332 οὐκ
2535 4276 2769 4332 ἐπέτεινε
2798 4278 2900 4346 τὴν
2930 4277 3178 4351 πορείαν,
3212 4276 3359 4333 ἀλλὰ
3393 4276 3567 4353 βαδην
3600 4278 3805 4337 ὁδεύων

383 4368 507 4444 περῖ
568 4368 727 4443 ὀψίαν
802 4374 921 4432 τοῖς
1001 4369 1287 4446 ὁμογενέσι
1344 4370 1669 4445 προσέμιξεν
1727 4368 1851 4425 ἔνθα
1926 4369 2242 4440 ηὐλίσαντο.
2322 4368 2460 4423 Φασὶ
2520 4364 2567 4422 δ’
2626 4367 2700 4429 ὡς
2778 4368 2831 4422 οἱ
2886 4365 2937 4438 ἐξ
3015 4364 3249 4441 Ἰσμαὴλ
3327 4368 3673 4444 ὑφορώμενοι
3727 4374 3803 4445 μή

382 4479 503 4521 πως
563 4457 642 4522 είς
713 4460 813 4529 τήν
873 4460 1052 4514 αὐτῶν
1131 4459 1317 4534 χώραν
1379 4457 1465 4530 εἷή
1545 4461 1802 4535 χρονίσας
1862 4460 1891 4514 6
2125 4459 2200 4523 ὡς
2272 4454 2382 4528 ἤδη
2445 4453 2857 4518 καταπαλαίσας
2917 4462 3073 4532 σφᾶς,
3124 4454 3528 4532 σιλοφροσύνην
3561 4459 3615 4523 ἐς
3643 4459 3805 4517 αὑτὸν

383 4549 778 4625 προσποιητὴν
837 4546 1203 4623 ἐνδειξάμενοι
1273 4550 1358 4623 [Ρ.
1419 4539 1582 4623 266]’
1620 4546 1806 4620 ἔδοξάν
1862 4570 1980 4612 πως
2037 4548 2197 4604 αὑτὸν
2263 4545 2667 4621 ἐκμειλίξασθαι
2742 4546 2908 4601 οὕτω·
2968 4547 3060 4601 τὸν
3118 4544 3177 4601 δὲ
3241 4546 3428 4621 ὅμηρα
3494 4553 3603 4605 τῶν
3667 4548 3810 4629 μέγα

382 4641 512 4715 παρ’
544 4639 731 4702 αὐτοῖς
772 4636 1082 4713 δυναμένων
1114 4638 1243 4704 τοὺς
1273 4638 1472 4704 παῖδας
1532 4637 1818 4715 δεξάμενον
1876 4640 1968 4695 καὶ
2023 4639 2304 4717 ἡγεμόνας
2363 4635 2493 4693 ὁδοῦ
2548 4632 2998 4711 προσλαϐόμενον
3052 4634 3347 4701 πλείστους
3376 4640 3445 4695 τὰ
3472 4639 3650 4696 αὐτῶν
3683 4640 3810 4715 ὅρια

382 4731 559 4790 οὕτως
594 4724 941 4804 ὑπερϐαλεῖν,
976 4728 1157 4805 ὀλίγῳ
1189 4726 1247 4784 δὲ
1276 4728 1497 4804 ὕστερον
1528 4736 1629 4801 τῆς
1678 4729 1972 4806 Ἀρμενίας
2032 4728 2310 4804 ἁψάμενον
2371 4726 2432 4783 οὗ
2484 4728 2713 4804 βραχεῖς
2744 4725 2806 4782 ἐκ
2831 4726 3041 4783 τούτων
3075 4724 3259 4782 δοῦναι
3290 4733 3368 4801 τῷ
3398 4728 3558 4806 ξίφει,
3592 4730 3721 4795 τούς
3751 4727 3810 4786 δὲ

387 4820 623 4882 λοιποὺς
652 4820 977 4895 ἀποπέμψαι
1001 4820 1196 4877 ὀπίσω.

452 4913 524 4983 η’,
585 4910 912 4985 Φιλοτίμως
971 4907 1030 4965 δὲ
1092 4909 1195 4964 ὑπὸ
1251 4913 1360 4964 τῶν
1437 4909 1743 4991 Ἀρμενίων
1808 4906 2042 4982 προσδε-

2220 4912 2275 4967 8.
2327 4912 2412 4968 Ab
2469 4911 2760 4968 Armeniis
2816 4911 3134 4970 honorifice
3189 4917 3515 4984 susceptus,
3576 4921 3630 4970 et
3685 4914 3809 4971 dies

382 5003 556 5078 χθεὶς,
631 5003 722 5058 καὶ
801 4999 1002 5076 συχνάς
1078 4998 1248 5054 ἐκεῖσε
1322 5001 1535 5075 ἡμερας
1592 4997 2043 5077 προσδιατρίψας,

382 5094 434 5154 ἐς
472 5095 574 5164 τὴς
626 5094 927 5171 Ἀντιόχου
983 5088 1146 5146 πόλιν
1204 5087 1438 5166 ὥρμητο
1502 5093 1869 5166 μεταχωρεῖν,
1906 5090 2047 5163 μέγα

387 5180 470 5233 ἀεὶ
536 5178 1017 5258 περιϐαλλόμενος
1077 5179 1248 5253 ὄνομα
1305 5179 1392 5234 ἐπὶ
1444 5200 1503 5234 τε
1560 5180 1763 5235 συνέσει
1817 5179 1910 5235 καὶ
1966 5183 2048 5253 τῷ

391 5265 804 5345 ἀκαταμαχήτῳ
864 5268 1224 5344 στρατεύματι
1281 5269 1370 5322 καὶ
1440 5264 1609 5342 μηδὲν
1668 5262 1814 5343 ἔχων
1878 5268 2044 5323 ὑπαν-

389 5354 573 5422 τιάζον
613 5356 903 5431 πολέμιον,
960 5359 1260 5432 Γενόμενος
1319 5353 1377 5411 δὲ
1426 5359 1563 5412 κατὰ
1617 5378 1739 5412 τινα
1798 5358 2047 5430 ποταμὸν

388 5438 459 5519 (ὤ
518 5446 624 5497 τῶν
687 5446 820 5522 ὑπὲρ
879 5445 1035 5518 δόξαν
1086 5447 1177 5502 καὶ
1232 5446 1482 5502 ἀέλπτων
1541 5446 1958 5520 περιπτώσεων,
2011 5446 2045 5515 ἢ

393 5532 611 5608 μᾶλλον
667 5533 837 5589 εἰπεῖν
889 5540 996 5591 τῶν
1052 5535 1349 5615 ἀνεφίκτων
1410 5536 1721 5611 ἀνθρώποις
1765 5536 2047 5611 κριμάτων

388 5627 528 5680 ΘεΌῦ
553 5624 590 5697 Ῑ)
618 5628 736 5685 ταῖς
763 5629 872 5678 τῶν
929 5622 1136 5680 ὑδάτων
1198 5623 1368 5688 δίναις
1425 5624 1870 5703 ἐναποπνίγεται,
1911 5625 2048 5702 ἀνὴρ

390 5713 481 5770 διά
540 5717 769 5789 μνήμης
828 5711 1042 5789 ἄγεσθαι
1101 5717 1314 5794 ἀγαθῆς
1370 5738 1429 5774 τε
1490 5717 1582 5774 καὶ
1644 5714 1932 5787 διηνεκοῦς
1960 5718 2051 5773 καὶ

394 5802 786 5881 μακαρίζεσθαι
818 5799 1041 5865 δικαίως
1067 5809 1164 5860 τοῦ
1192 5804 1387 5872 τέλους
1417 5806 1566 5883 παρὰ
1592 5810 1710 5870 τοῖς
1755 5803 2050 5883 ἐχέφροσιν

2154 5003 2487 5076 complures
2532 5001 2610 5058 ibi
2641 5006 3048 5074 commoratus,
3081 5003 3449 5061 Antiochiam
3481 5004 3565 5062 ire
3595 5004 3659 5060 in
3688 5006 3811 5062 ani-

2155 5108 2251 5149 mo
2283 5092 2506 5162 habuit,
2535 5099 2876 5163 augescente
2902 5090 2963 5148 in
2994 5092 3118 5150 dies
3138 5092 3265 5165 ejus
3281 5092 3463 5165 gloria
3492 5100 3545 5150 et
3576 5094 3812 5152 nomine

2156 5181 2447 5237 illustrato
2506 5189 2626 5237 tum
2684 5180 2756 5237 ob
2812 5181 3179 5251 prudentiam
3239 5189 3363 5238 tum
3396 5191 3625 5256 propter
3670 5182 3814 5242 invi-

2157 5280 2311 5329 ctum
2366 5270 2517 5327 545
2579 5270 2921 5339 exercitum,
2991 5272 3153 5327 nullo
3211 5272 3377 5331 hoste
3450 5281 3809 5331 occurrente.

2157 5361 2301 5416 Cum
2356 5368 2543 5415 autem
2579 5360 2649 5414 ad
2702 5359 2940 5415 ﬂuvium
2991 5362 3294 5433 quemdam
3353 5363 3708 5434 pervenisset
3754 5367 3812 5436 (ο

2157 5451 2482 5521 insperatos
2510 5452 2568 5504 et
2596 5448 2930 5519 inopinatos
2973 5467 3163 5520 casus,
3197 5452 3283 5507 vel
3318 5452 3507 5524 potius
3550 5451 3816 5523 inexplo-

2159 5545 2286 5596 rata
2348 5536 2677 5596 horninibus
2726 5538 2826 5594 Dei
2862 5540 3108 5613 judicia)
3163 5541 3483 5598 vorticihus
3536 5558 3814 5615 aquarum

2159 5630 2493 5698 suﬁ'ocatur,
2546 5627 2635 5684 vir
2690 5627 2935 5685 honesta
2963 5635 3021 5686 et
3068 5635 3343 5702 perpetua
3394 5632 3667 5688 memoria
3722 5631 3814 5688 di-

2160 5734 2333 5790 gnus,
2366 5725 2422 5772 et
2461 5715 2681 5787 judicio
2724 5720 3071 5789 prudentum
3102 5721 3191 5776 vel
3247 5721 3308 5776 in
3334 5718 3436 5775 tali
3465 5720 3620 5778 obitu
3654 5719 3813 5804 felix,

2164 5823 2283 5865 non
2310 5822 2378 5865 eo
2408 5808 2630 5863 tantum
2688 5808 2842 5879 quod
2896 5807 3079 5865 nobili
3127 5816 3290 5865 ortus
3341 5824 3555 5882 genere
3597 5810 3815 5867 avitum
