4102 6408
322 428 443 488 783
1648 427 1960 492 NICETIE

2075 431 2421 496 ΙΟΝΙΑΤιΕ
3626 442 3744 503 784

322 528 638 630 imperium
694 557 755 614 in
785 558 995 614 multas
1026 562 1222 630 gentes
1252 559 1521 629 obtinuit,
1574 563 1674 619 sed
1730 562 1801 618 ob
1834 561 1967 618 illud

2096 560 2263 634 ἄξιος,
2297 564 2359 619 οὐ
2394 567 2557 639 μόνον
2591 567 2676 623 ’ὁτι
2732 590 2833 645 περ
2891 571 2948 626 εὗ
2999 571 3119 647 εἶχε
3174 572 3363 646 γένους
3393 570 3483 628 καὶ
3513 569 3740 629 πολλῶν

323 648 536 719 potius,
570 649 722 719 quod
755 647 900 703 ultra
956 664 1157 704 omnes
1186 652 1446 706 omnium
1501 652 1753 722 gentium
1813 651 1977 707 Chri-

325 738 642 793 stianarum
701 738 996 809 principes
1073 738 1288 797 Christi
1346 740 1632 798 desiderio
1710 742 1976 813 ﬂagrans,

2089 652 2149 709 ἐκ
2176 656 2449 731 τριγονίας
2508 665 2787 736 κατῆρχεν
2846 661 3034 731 ἐθνῶν,
3095 660 3224 719 ἀλλ’
3279 663 3363 719 ὅτι
3416 665 3616 736 καίτῷ
3644 667 3741 719 τοῦ

2091 748 2332 819 Χριστοῦ
2385 747 2542 820 πόθῳ
2603 748 2949 824 πυρούμενος
3003 751 3134 827 ὑπὲρ
3209 753 3338 816 τοὺς
3392 749 3741 823 ὁπουδήποτε

326 828 528 900 patria,
592 827 815 883 deliciis
872 828 1061 898 regiis,
1122 829 1555 901 tranquillitate,
1614 831 1789 887 beata
1820 831 1967 887 domi

2084 836 2193 888 τῶν
2247 835 2371 890 τότε
2429 841 2767 911 Χριστιανῶν
2861 840 3282 916 αὐτοκράτορας,
3353 839 3590 916 πατρίδα
3647 839 3738 897 καὶ

325 917 686 988 superbaque
743 932 873 974 cum
905 917 1262 974 charissimis
1288 921 1402 975 vita
1433 920 1748 991 despectis,
1779 936 1976 977 aerum-

328 1024 491 1063 mnas
549 1007 787 1063 tolerare
836 1007 1066 1075 maluit,
1118 1015 1172 1063 et
1203 1014 1438 1080 propter
1495 1009 1709 1066 Christi
1766 1026 1974 1068 nomen

325 1103 381 1153 et
403 1095 591 1152 vitalis
650 1096 901 1166 sepulcri
942 1098 1366 1154 venerationem
1399 1103 1626 1156 exteras
1657 1107 1840 1157 terras
1870 1117 1974 1171 pa-

326 1186 447 1242 trias
496 1186 766 1255 praetulit,
821 1186 893 1240 ab
941 1201 1006 1241 eo
1036 1186 1307 1243 instituto
1340 1204 1454 1244 non
1486 1195 1573 1245 tot
1611 1189 1974 1263 parasangis,

321 1290 435 1329 non
470 1280 587 1328 tam
656 1274 974 1345 longinquo
1005 1283 1060 1330 et
1092 1275 1305 1347 ubique
1335 1276 1561 1335 difficili
1593 1278 1823 1351 itinere,
1857 1295 1974 1335 non

318 1364 615 1437 periculis,
649 1381 775 1436 quas
822 1383 853 1421 a
885 1366 1152 1438 gentibus
1210 1384 1311 1439 per
1349 1386 1594 1441 quarum
1646 1370 1973 1443 provincias

319 1456 736 1510 transeundum
809 1463 925 1510 erat
998 1455 1401 1527 imminebant,
1453 1460 1779 1515 deterritus.
1845 1458 1973 1516 Non

315 1560 478 1616 aquae
535 1544 797 1615 penuria,
869 1561 987 1601 non
1050 1546 1366 1616 praefinitus
1433 1549 1597 1620 isque
1660 1550 1973 1619 empticius

317 1638 507 1707 panis,
540 1642 596 1692 et
631 1635 847 1691 alicubi
901 1637 1234 1705 insidiosus,
1289 1654 1419 1693 eum
1450 1638 1521 1694 ab
1568 1639 1836 1695 instituto
1883 1639 1970 1694 di-

319 1726 510 1782 movit.
538 1731 662 1782 Non
713 1725 1025 1781 liberorum
1074 1727 1377 1797 amplexus
1420 1742 1551 1783 cum
1604 1728 1872 1798 lacrymis
1918 1735 1972 1784 et
2016 1758 2033 1776 -

317 1819 581 1871 extremae
632 1814 1007 1871 salutationes
1058 1816 1317 1871 animum
1377 1816 1505 1887 ejus
1533 1819 1973 1873 commoverunt

2088 920 2295 996 χλιδήν
2333 924 2611 999 βασίλειον
2670 927 2762 982 καὶ
2819 927 3127 985 ἀνάπαυλαν
3176 929 3388 984 καὶτὸν
3423 928 3566 986 οἷ’κοι
3601 930 3737 1003 μετὰ

2084 1016 2199 1067 πῶν
2233 1011 2509 1088 φιλτάτων
2543 1011 2710 1072 ὄλϐον
2741 1015 2831 1072 καί
2867 1018 2958 1072 τὸν
3008 1017 3348 1094 ὑπερήφανον
3394 1018 3581 1092 βίοτον
3627 1039 3737 1074 πα-

2084 1106 2422 1177 ρωσάμενος,
2479 1104 2655 1162 εἳλετο
2713 1110 3198 1183 ωγκακουχεῖσθαι
3254 1110 3370 1167 τοῖς
3426 1108 3562 1160 κατὰ
3610 1113 3731 1162 Πα-

2083 1189 2367 1263 λαιστίνην
2399 1196 2769 1267 Χριστιανοῖς,
2827 1196 2959 1270 ὑπὶρ
3016 1198 3113 1249 τοῦ
3169 1193 3437 1267 ὀνόματος
3466 1197 3564 1250 τοῦ
3595 1194 3728 1266 Χρι-

2084 1285 2214 1335 στοῦ
2270 1282 2361 1337 καὶ
2420 1289 2519 1353 τῆς
2574 1288 2670 1339 τοῦ
2750 1284 3112 1360 ζωοπαρόχου
3162 1281 3331 1361 τάφου
3380 1289 3573 1355 τιμῆς,
3627 1281 3726 1350 τὴν

2084 1367 2383 1445 ἀλλοτρίαν
2439 1378 2539 1441 τῆς
2597 1372 2804 1438 οἰκείας
2878 1372 3197 1449 προκρίνας,
3277 1368 3404 1446 μηδ’
3454 1368 3736 1444 ὑποχαλα-

2083 1459 2226 1524 σθεῖς
2257 1467 2357 1529 τῆς
2414 1461 2594 1534 ὁρμῆς
2650 1468 2767 1523 τοῖς
2827 1462 3204 1538 παρασάγγαις
3245 1468 3346 1530 τῆς
3381 1458 3618 1534 δολιχῆς
3649 1457 3740 1512 καὶ

2079 1546 2257 1618 πάσης
2297 1548 2569 1623 ἀργαλέας
2601 1546 2730 1603 ὁδοῦ
2781 1551 2868 1604 καὶ
2931 1555 3048 1611 τοῖς
3108 1548 3167 1603 ἐκ
3220 1555 3330 1604 τῶν
3358 1547 3527 1612 ἐθνῶν
3556 1544 3744 1601 κινδύ-

2078 1657 2192 1698 νοις
2253 1633 2323 1690 δι’
2381 1638 2455 1691 ὧν
2511 1638 2879 1713 παρέρχεσθαι
2939 1636 3215 1712 ἤμελλεν.
3271 1635 3413 1695 Οὐδέ
3464 1637 3526 1692 τὸ
3558 1636 3742 1691 στενὸν

2081 1722 2229 1801 ὕδωρ
2303 1727 2394 1781 καὶ
2456 1728 2484 1782 6
2546 1729 2814 1800 μετρητὸς
2874 1728 3062 1804 ἀρτὸς,
3117 1728 3207 1783 καὶ
3284 1728 3446 1789 οὗτος
3507 1726 3741 1795 ὠνητὸς,

2081 1812 2305 1891 ἐνιαχοῦ
2364 1811 2422 1870 δὲ
2476 1815 2566 1871 καὶ
2626 1812 2946 1886 ἐπίϐουλος,
3022 1816 3332 1891 ἐξέκρουσεν
3407 1814 3569 1869 αὐτὸν
3642 1819 3743 1884 τῆς

317 1911 417 1960 aut
447 1906 853 1960 effeminarunt
883 1921 896 1959 :
930 1905 1030 1960 sed
1073 1905 1261 1975 potius
1313 1905 1494 1960 instar
1520 1905 1681 1962 Pauli
1725 1905 1967 1978 apostoli

2080 1904 2413 1979 προθέσεως.
2473 1902 2614 1962 Οὐδὲ
2670 1904 2872 1960 τέκνων
2925 1905 3248 1980 περιχύσεις
3305 1904 3398 1959 καὶ
3446 1897 3739 1977 περιϐολαί

314 1998 485 2051 vitam
524 1994 685 2066 parvi
735 1994 891 2051 546
946 1995 1235 2050 testimans
1287 1994 1448 2063 abiit,
1509 2011 1627 2051 non
1685 1996 1857 2053 modo
1911 2002 1967 2051 ut

312 2084 654 2151 vinciretur,
687 2085 788 2138 sed
820 2084 992 2139 etiam
1028 2088 1091 2138 ut
1115 2100 1218 2155 pro
1268 2084 1485 2139 Christi
1517 2085 1751 2140 nomine
1783 2100 1970 2141 more-

312 2184 487 2233 relur.
532 2175 688 2230 Adeo
740 2171 1089 2245 apostolicus
1145 2173 1254 2228 fuit
1310 2173 1471 2229 illius
1501 2173 1610 2229 viri
1650 2175 1839 2231 fervor
1915 2176 1973 2229 et

311 2264 655 2337 religiosum
680 2261 1028 2327 institutum,
1065 2261 1211 2318 nihil
1243 2279 1442 2319 eorum
1468 2263 1851 2320 sanctimonia
1879 2264 1971 2318 in-

308 2354 487 2410 ferius
539 2352 639 2425 qui
699 2356 861 2407 extra
917 2367 1286 2408 communem
1344 2360 1560 2408 sortem
1622 2352 1797 2425 positi
1854 2359 1971 2408 tota

308 2444 678 2503 contentione
735 2442 1067 2499 animorum
1099 2443 1169 2497 ad
1229 2443 1356 2498 vitae
1407 2442 1688 2499 rationem
1729 2458 1968 2515 evange-

312 2536 435 2591 licte
479 2533 817 2591 celsitudini
858 2533 1305 2605 respondentem
1349 2535 1640 2600 feruntur,
1680 2537 1737 2589 et
1795 2538 1969 2591 totius

312 2623 498 2681 aetatis
529 2639 699 2680 cursu
731 2638 798 2679 eo
848 2623 1064 2679 directo
1122 2639 1213 2678 res
1274 2623 1556 2680 humanas
1601 2639 1706 2695 pro
1758 2630 1969 2681 sterco-

314 2715 479 2772 ribus
510 2715 918 2786 despexerunt.
950 2715 1028 2768 Ac
1078 2711 1127 2769 is
1158 2713 1415 2784 quidem,
1456 2721 1515 2768 ut
1564 2711 1707 2768 mihi
1747 2727 1973 2782 persua-

315 2820 442 2861 sum
477 2813 581 2869 est,
605 2803 850 2859 feliciter
880 2805 969 2858 est
999 2801 1328 2858 defunctus.
1383 2801 1562 2856 Filius
1621 2807 1816 2857 autem
1847 2803 1972 2870 ejus

315 2903 556 2967 paterno
626 2893 955 2965 principatu
1031 2895 1300 2962 suscepto
1365 2890 1732 2947 Antiochiam
1791 2892 1969 2947 venit.

314 2983 478 3040 Unde
508 2985 568 3038 in
611 2983 941 3037 ulteriorem
998 2980 1364 3052 leesyriam
1425 2981 1710 3049 profectus
1766 2979 1970 3036 Laodi-

2082 1995 2218 2069 μετὰ
2267 1992 2514 2068 δακρύων
2554 1994 2646 2049 καὶ
2695 1994 2914 2050 ὕστατοι
2973 1995 3254 2069 ἀσπασμοὶ
3298 1995 3397 2064 τήν
3442 1994 3605 2049 αὐτοῦ
3634 1996 3738 2067 ψυ-

2077 2086 2186 2160 χὴν
2267 2082 2659 2160 συγκεχύκασιν
2720 2084 2755 2154 ἢ
2809 2084 3157 2155 ἐξεθήλυναν·
3218 2083 3365 2140 ἀλλὰ
3436 2084 3573 2139 κατά
3644 2082 3737 2138 τὸν

2078 2172 2383 2229 ἀπόστολον
2447 2173 2665 2229 Παῦλον
2730 2175 2806 2246 μὴ
2866 2171 3011 2253 ἔχων
3073 2176 3173 2244 τήν
3233 2173 3399 2229 αὐτοῦ
3445 2172 3630 2249 ψυχὴν
3658 2191 3738 2226 τι·

2080 2263 2209 2335 μίαν
2264 2267 2389 2339 παρ’
2448 2262 2646 2335 ἑαυτῷ,
2699 2262 2986 2339 ἐπορεύετο
3047 2265 3123 2336 μὴ
3185 2262 3350 2336 μόνον
3404 2259 3739 2335 δησόμενος,

2076 2350 2224 2410 ἀλλὰ
2280 2352 2367 2407 καὶ
2432 2352 2870 2425 ἀποθανούμενος
2929 2354 3060 2427 ὑπὲρ
3129 2357 3227 2408 τοῦ
3295 2350 3565 2424 ὀνόματος
3642 2353 3740 2405 τοῦ

2077 2446 2338 2519 Χριστοῦ.
2398 2443 2588 2504 Οὕτως
2645 2442 3010 2505 ἀποστολικὸς
3042 2443 3109 2511 ἦν
3148 2447 3246 2499 τοῦ
3280 2439 3475 2518 ἀνδρὸς
3510 2443 3538 2497 6
3569 2441 3742 2511 ζῆλος

2078 2534 2168 2588 καὶ
2226 2530 2490 2609 θεοφιλὴς
2541 2534 2568 2587 ὁ
2633 2534 2832 2595 σκοπὸς
2883 2532 2972 2587 καὶ
3024 2536 3131 2587 τῶν
3198 2528 3508 2607 ὑπερτελῶν
3551 2532 3614 2585 τὸ
3643 2551 3739 2585 κα-

2076 2623 2361 2696 τόρθωμα,
2421 2622 2473 2677 οἱ
2523 2623 2659 2697 πρὸς
2717 2623 2815 2691 τὴν
2878 2621 3078 2693 ἀνάντη
3127 2620 3412 2677 πολιτείαν
3442 2627 3542 2690 τῆς
3571 2620 3736 2697 εὐαγ-

2076 2712 2303 2786 γελικῆς
2361 2713 2669 2787 ὑψηγορίας
2726 2710 2856 2768 ὅλον
2911 2713 3003 2768 τὸν
3060 2716 3188 2766 νοῦν
3247 2709 3606 2772 ἀνατείναντες
3638 2709 3733 2764 καὶ

2077 2803 2217 2877 πρὸς
2273 2802 2474 2872 ταύτην
2531 2802 2740 2871 ᾃπαντα
2808 2802 2900 2857 τὸν
2977 2798 3180 2877 δρόμον
3252 2801 3613 2861 συντείναντες
3671 2800 3740 2854 τὰ

2078 2893 2217 2946 κατά
2271 2892 2363 2945 τὸν
2428 2890 2546 2967 βίον
2606 2890 2942 2960 ἁπαξαπλῶς
2999 2892 3073 2954 ὡς
3152 2885 3401 2945 σκύϐαλα
3464 2883 3739 2965 παρεϐλέ-

2079 2983 2267 3054 ψαντο.
2328 2979 2431 3036 Καὶ
2489 2980 2517 3033 6
2580 2980 2698 3052 μὲν,
2759 2980 2835 3041 ὡς
2892 2979 3125 3053 ἐμαυτὸν
3172 2980 3367 3052 πείθω,
3403 2980 3738 3053 μακαριστοῦ

310 3090 474 3131 ceam
508 3072 795 3127 seditione
826 3069 1181 3126 laborantem
1232 3074 1290 3126 et
1317 3069 1387 3125 ad
1448 3068 1766 3125 Ismaelitas
1801 3068 1967 3124 incli-

2075 3068 2347 3144 τετύχηκε
2375 3067 2591 3130 τέλουςο
2625 3068 2653 3123 6
2686 3065 2734 3123 δ’
2764 3067 2972 3124 ἐκείνου
3037 3070 3154 3132 υἱὸς
3206 3069 3306 3137 τὴν
3349 3068 3610 3143 πατρῴαν
3640 3068 3740 3140 ἀρ-

313 3168 550 3219 nantem
631 3161 873 3232 pacavit.
950 3164 1216 3231 Berytum
1277 3175 1505 3230 quoque
1575 3159 1732 3215 nullo
1778 3158 1967 3215 labore

2078 3158 2282 3235 χηγίαν
2320 3156 2609 3233 δεξάμενος
2653 3159 2754 3228 τήν
2803 3159 3144 3233 Ἀντιόχειαν
3189 3156 3567 3229 εἷ’σελήλυθεν,
3600 3156 3741 3213 ἐκεῖ·

310 3251 558 3321 subegit;
590 3261 762 3320 atque
790 3248 919 3303 aliis
950 3247 1221 3318 plurimis
1260 3249 1515 3320 Syriacis
1557 3249 1816 3316 urbibus,
1843 3264 1965 3317 quas

2080 3259 2167 3311 θεν
2199 3246 2244 3302 δ’
2276 3247 2573 3326 ἀφιγμένος
2626 3246 2703 3309 εἰς
2761 3248 2859 3317 τήν
2918 3247 3252 3324 προσωτέρω
3296 3246 3508 3319 Κοίλην
3541 3245 3738 3322 Συρίαν

307 3339 531 3411 pridem
567 3338 778 3393 Latinis
812 3342 1147 3410 paruerant,
1208 3343 1331 3392 tum
1363 3352 1498 3393 vero
1558 3338 1630 3393 ad
1692 3338 1965 3394 Sarrace-

2078 3336 2403 3395 Λαοδίκειαν
2458 3340 2830 3410 κατεστήσατο
2894 3341 3017 3395 καθ’
3083 3339 3281 3409 ἑαυτὴν
3348 3340 3739 3409 στασιάζουσαν

310 3445 419 3488 nos
448 3427 796 3495 defecerant,
825 3425 1037 3498 potius,
1089 3434 1143 3482 et
1176 3427 1384 3497 Syrum
1444 3428 1737 3498 profectus
1784 3431 1967 3494 Acen,

2075 3430 2162 3485 καὶ
2220 3430 2357 3505 πρὸς
2410 3428 2538 3491 τοὺς
2593 3428 2645 3500 ἔξ
2704 3428 2937 3502 Ἰσμαήλ
2993 3428 3457 3507 μεταῤῥέπουσαν,
3489 3428 3580 3483 καὶ
3625 3435 3742 3499 Βη-

309 3533 481 3589 quam
513 3517 822 3573 Ismaelitaa
865 3526 1240 3588 occuparant,
1299 3517 1561 3586 obsedit;
1594 3522 1650 3573 et
1708 3516 1967 3589 pluribus

2076 3520 2232 3594 ρυτὸν
2293 3514 2445 3592 πόνῳ
2502 3515 2683 3575 οὐδενί
2739 3520 3142 3593 παρεστήσατο,
3199 3518 3291 3574 καὶ
3350 3516 3529 3581 ἄλλας
3567 3514 3738 3573 πλεί-

311 3607 605 3664 laboribus
636 3623 740 3680 pro
772 3607 983 3661 Christi
1018 3606 1251 3662 nomine
1308 3606 1609 3663 exhaustis
1652 3611 1967 3663 extremum

2076 3630 2201 3671 στας
2280 3608 2552 3683 Συριακάς
2632 3607 2949 3683 ὑπηγάγετο
3007 3607 3223 3677 πόλεις,
3302 3607 3552 3670 Λατίνοις
3629 3606 3726 3679 μὶν

313 3703 368 3754 et
391 3699 515 3770 ipse
544 3697 693 3753 diem
736 3696 817 3752 ibi
876 3695 1103 3751 clausit.
1167 3695 1463 3753 Exercitus
1520 3713 1651 3753 vero
1710 3696 1970 3767 reliquus

316 3808 433 3850 non
455 3790 787 3850 consultum
820 3791 1161 3846 dttxittcrra
1217 3789 1455 3845 domum
1507 3789 1740 3855 reverti,
1789 3788 1965 3858 perfi-

312 3883 419 3939 diis
451 3892 604 3939 metu
627 3897 823 3939 earnm
880 3880 1139 3953 gentium
1194 3895 1293 3950 per
1340 3895 1486 3950 quas
1543 3878 1996 3935 transeundum‘

309 3980 468 4029 erat:
504 3973 603 4030 sed
660 3970 922 4027 rotundis
979 3971 1225 4025 navibus
1300 3967 1665 4040 pepularium
1723 3983 1963 4024 suorum

306 4080 436 4135 qum
457 4061 674 4135 Tyrum
734 4060 1081 4133 appulerant
1126 4058 1487 4123 conscensis,
1541 4056 1864 4114 incolumes
1888 4057 1960 4113 ad

307 4169 444 4221 suos
474 4152 795 4207 redierunt.

2078 3698 2353 3768 ὑπηκόους
2413 3697 2697 3773 πρότερον,
2754 3698 2877 3753 τότε
2936 3694 2993 3752 δὲ
3044 3695 3574 3773 προσκεχωρηκυίας
3622 3701 3731 3750 Σα-

2075 3792 2358 3862 ρὰκηνοῖς.
2422 3785 2605 3844 Ἀλλὰ
2662 3785 2750 3842 καὶ
2807 3786 2943 3842 κατᾶ
3000 3787 3098 3854 τήν
3166 3785 3342 3863 Τύρον
3406 3786 3729 3862 ἀφιγμένος,

2074 3877 2162 3931 καὶ
2231 3874 2611 3951 πολιορκήσας
2676 3876 2739 3931 τὸ
2803 3880 2941 3934 "Axs
3005 3874 3109 3930 ὕπὸ
3178 3879 3285 3932 τῶν
3356 3872 3727 3947 Ἰσμαηλιτῶν

2071 3967 2159 4039 [Ρ.
2192 3967 2319 4039 267]
2367 3966 2765 4041 κατεχόμενον,
2814 3966 2906 4021 καὶ
2953 3968 3197 4041 μογήσας
3247 3966 3329 4040 ἐφ’
3376 3965 3556 4021 ἱκανὸν
3592 3963 3730 4040 ὗπὶρ

2070 4060 2169 4111 τοῦ
2201 4055 2471 4129 ὀνόματος
2501 4059 2597 4110 τοῦ
2626 4060 2861 4131 Χριστοῦ
2908 4057 2996 4111 καὶ
3057 4054 3218 4118 αὐτὸς
3249 4055 3420 4111 ὶκεῖσε
3442 4056 3545 4123 τήν
3580 4054 3731 4124 ζωὴν

2066 4143 2426 4202 καταλέλυκε.
2457 4145 2534 4203 Τὸ
2567 4142 2623 4200 δὲ
2653 4144 2998 4223 περιλειφθὲν
3030 4149 3127 4201 τοῦ
3168 4144 3572 4221 στρατεύματος
3607 4141 3737 4199 ούκ-

305 4240 381 4297 ἔτι
416 4239 506 4296 διὰ
528 4245 631 4310 τῆς
660 4240 894 4313 ἠπείρου
954 4235 1135 4293 θέσθαι
1191 4237 1290 4306 τὴν
1348 4232 1613 4291 ἐπάνοδον
1669 4232 2011 4309 ἐδοκίμασεν,
2071 4234 2322 4291 ἀπιστίαν
2379 4235 2718 4311 κατεγνωγὸς
2756 4239 2863 4289 τῶν
2915 4232 3085 4290 ἐθνῶν
3140 4233 3211 4289 δι’
3267 4234 3342 4288 ῶν
3391 4230 3735 4310 παρώδευσε.

301 4339 518 4395 πλοίων
548 4335 594 4393 δ’
625 4337 932 4412 εὐπορῆσαν
993 4332 1379 4413 στρογγύλων,
1429 4334 1563 4409 ἅπερ
1622 4336 1759 4403 ἦσαν
1811 4333 1871 4389 ἐκ
1924 4337 2034 4389 τῶν
2095 4330 2395 4414 ὁμοφύλων
2437 4332 2625 4397 αὐτοῖς
2672 4331 2841 4408 γένῶν
2875 4332 2953 4394 εἷς
2984 4332 3163 4407 Τύρον
3204 4333 3558 4408 καταίροντα,
3615 4336 3735 4395 τοῖς

308 4436 493 4494 οἳκαδε
521 4437 875 4505 ἀνασώζεται.

378 4530 497 4587 Hoc
539 4534 799 4601 tempore
851 4544 966 4584 non
1019 4526 1327 4584 Alemanni
1370 4527 1648 4582 duntaxat
1695 4527 1960 4583 Sarrace-

2141 4525 2235 4596 Τῷ
2307 4526 2485 4600 καιρῷ
2560 4520 2619 4578 δὲ
2689 4522 2868 4596 τούτῷ
2928 4522 2989 4577 οὐ
3054 4522 3215 4596 μόνον
3252 4522 3561 4598 Ἀλαμανοὶ
3590 4522 3731 4578 κατὰ

305 4621 397 4677 nis
432 4619 527 4687 qui
564 4617 922 4675 Palaestinam
973 4616 1124 4674 547
1179 4620 1539 4686 occuparant
1592 4624 1647 4672 et
1696 4615 1959 4672 Hieroso-

302 4712 459 4781 lyma
486 4713 799 4773 vastarent,
830 4723 991 4762 arma
1035 4706 1392 4762 intulerunt:
1454 4706 1555 4761 sed
1601 4710 1660 4761 et
1706 4705 1958 4761 Francia

302 4818 422 4870 rex,
487 4806 542 4857 et
620 4797 1116 4867 bipenniferorum
1187 4795 1592 4852 Britannorum
1662 4794 1956 4867 princeps,

301 4907 446 4960 quos
479 4905 632 4945 nunc
668 4888 922 4959 lnglinos
972 4892 1198 4956 vocant,
1267 4883 1537 4956 plurimis
1592 4884 1839 4939 navibus
1888 4899 1956 4939 ex

303 4978 497 5033 Sicilia
526 4984 582 5034 et
613 4993 713 5033 ora
742 4975 918 5031 Italiae
950 4975 1241 5031 maritima
1271 4975 1485 5030 coactis
1536 4977 1593 5029 et
1631 4983 1956 5028 commeatu

304 5070 781 5134 oneratis'l‘yrum
834 5065 1144 5136 petierunt.
1178 5064 1322 5118 Nam
1383 5079 1446 5117 ea.
1495 5062 1636 5116 urbs
1695 5068 1959 5133 receptus

303 5171 503 5211 eorum
527 5160 584 5209 et
605 5157 773 5226 quasi
804 5154 937 5209 belli
999 5171 1094 5210 arx
1143 5157 1268 5208 erat
1319 5161 1518 5207 contra
1576 5151 1955 5219 Sarracenos;

305 5261 450 5316 quos
479 5260 613 5300 cum
653 5259 758 5300 nec
789 5242 902 5314 ipsi
928 5244 1067 5300 urbe
1106 5248 1309 5297 sancta
1341 5240 1553 5312 pellere
1579 5251 1835 5311 possent,
1866 5242 1957 5295 in-

304 5336 475 5389 fectis
507 5336 680 5389 rebus
700 5333 936 5388 domum
994 5333 1309 5387 redierunt.
1361 5336 1644 5387 Caeterum
1692 5332 1957 5399 Inglino-

306 5439 430 5477 rum
461 5438 552 5478 rex
591 5423 649 5477 in
678 5420 780 5476 illo
814 5421 1015 5476 itinere
1044 5426 1298 5490 Cyprum
1350 5421 1667 5489 occupavit,
1718 5421 1961 5491 ejusque

304 5512 607 5570 dominum
664 5528 729 5566 ac
762 5511 948 5582 potius
990 5511 1375 5566 inhumanum
1434 5517 1489 5566 et
1525 5508 1958 5581 implacabilem

300 5610 620 5675 tyrannum
644 5602 928 5656 Isaacium
951 5600 1315 5657 Comnenum
1342 5598 1626 5670 principio
1650 5599 1709 5654 in
1732 5599 1962 5657 vincula

304 5689 574 5761 conjecit,
623 5693 682 5745 et
735 5688 911 5761 paulo
970 5693 1102 5761 post
1141 5688 1441 5744 hominem
1484 5687 1768 5744 nefarium
1826 5690 1961 5747 inde

304 5779 625 5839 abductum
656 5778 889 5837 cuidam
922 5794 1025 5835 suo
1054 5776 1321 5851 populari
1362 5792 1464 5850 pro
1513 5777 1800 5849 mancipio
1847 5779 1960 5837 do-

2066 4617 2173 4669 τῶν
2202 4615 2300 4684 τήν
2357 4612 2726 4685 Παλαιστίνην
2785 4613 3168 4687 κατασχόντων
3228 4613 3319 4669 καὶ
3350 4616 3473 4683 οτὴν
3528 4615 3731 4689 Ἱερου·

2068 4702 2261 4775 σαλήμ
2355 4701 2805 4778 ἔκπορθησάντων
2921 4706 3255 4777 Σαρακηνῶν
3355 4702 3729 4779 ἐστράτευσαν,

2069 4790 2216 4847 ἀλλὰ
2256 4792 2406 4847 καὶὸ
2596 4791 2875 4869 Φραγγίας
2932 4793 3023 4847 καὶ
3082 4793 3110 4847 6
3168 4796 3277 4847 τῶν
3335 4790 3726 4871 πελεκυφόρων

2069 4879 2125 4938 δὲ
2154 4883 2448 4961 κατάρχων
2483 4886 2824 4958 Βρεττανῶν,
2883 4882 2975 4945 οὕς
3029 4887 3125 4937 νῦν
3183 4903 3341 4961 φασιν
3394 4880 3727 4959 Ἰγγλίνους,
3790 4958 3797 4965 _

2067 4976 2196 5035 ναῦς
2257 4971 2341 5027 ὅτι
2398 4969 2658 5035 πλείστας
2715 4971 2776 5027 ἐκ
2832 4971 3092 5037 Σικελίας
3150 4971 3241 5027 καὶ
3299 4978 3401 5041 τῆς
3454 4970 3587 5025 κατὰ
3626 4970 3726 5037 τὴν

2068 5059 2300 5116 Ἰταλίαν
2333 5060 2566 5134 ἠπείρου
2624 5061 2947 5137 ἀγείραντες,
3029 5061 3180 5116 σίτου
3254 5082 3313 5116 τε
3385 5058 3543 5118 αὐτὰς
3621 5054 3722 5128 ἒμ-

2067 5150 2412 5223 πλησάμενοι
2471 5152 2558 5206 καὶ
2625 5155 2734 5206 τῶν
2804 5148 2993 5206 ἄλλων
3057 5148 3386 5221 ἐπιτηδείων
3446 5146 3521 5210 εἷς
3549 5148 3722 5219 Τύρον

2068 5238 2350 5296 ἔπλευσαν⁹
2412 5239 2612 5311 ταύτην
2673 5241 2779 5318 γὰρ
2834 5242 2933 5309 τὴν
2990 5241 3154 5296 πόλιν
3194 5242 3344 5315 εἶχον
3392 5241 3443 5293 oi
3476 5235 3737 5312 ἀθροιζό-

2071 5350 2225 5402 μενοι
2284 5329 2623 5403 ναύσταθμον
2687 5331 2776 5385 καὶ
2837 5330 2973 5406 πρὸς
3039 5331 3130 5385 τὸν
3192 5329 3332 5386 κατά
3398 5330 3733 5397 Σαρακηνῶν

2067 5420 2314 5494 πόλεμον
2375 5422 2741 5497 ὁρμητήριον.
2823 5420 2975 5490 Πλὴν
3034 5418 3148 5475 οὐδ’
3204 5421 3357 5475 οὗτοι
3416 5425 3518 5488 τῆς
3582 5417 3733 5491 ἁγίας

2067 5508 2285 5569 πόλεως
2360 5508 2608 5580 ἐξελάσαι
2684 5510 2915 5585 ἴσχυσαν
2990 5509 3117 5572 τοῦς
3173 5510 3551 5585 Σαρακηνοὺς,
3605 5504 3736 5562 ἀλλ’

2068 5598 2353 5656 ἀτέλεστον
2415 5599 2694 5674 ἀφεικότες
2751 5599 2781 5654 ὅ
2839 5599 3131 5674 προέθεντο
3208 5599 3389 5677 ἔργον,
3448 5603 3546 5654 τοῦ
3598 5596 3739 5673 πρὸς

2066 5689 2161 5752 τὰς
2229 5686 2490 5764 πατρίδας
2544 5688 2713 5745 πάλιν
2770 5689 2984 5764 ¹ἥψαντο
3036 5686 3203 5748 πλοῦ.
3260 5690 3323 5747 Ὀ
3383 5686 3442 5744 δὲ
3507 5710 3569 5765 γε
3627 5690 3737 5744 τῶν

2071 5777 2355 5856 Ἰγγλίνων
2561 5777 2614 5834 ἐν
2672 5784 2741 5857 τῇ
2799 5779 3058 5857 ἀναγωγῇ
3115 5778 3352 5858 κατάρας
3404 5778 3484 5844 εἷς
3514 5777 3738 5867 Κύπρον

4059 5159 4096 5235 ς
