4102 6400
379 364 494 427 785

1509 356 1609 416 DE
1652 353 1962 417 lSAAGIO
2007 355 2326 416 ANGELO
2371 355 2519 416 LIB.
2567 355 2674 415 ΙΙΙ.

3687 359 3805 420 786

383 496 550 566 αὐτῆς
605 515 663 551 τε
720 490 1008 568 ἐκράτησε,
1063 489 1154 546 καὶ
1210 488 1303 546 τὸν
1379 487 1582 559 ταύτης
1667 488 1946 563 τύραννον,
2000 487 2037 556 ἤ

2157 487 2336 545 navit.
2371 489 2476 543 Sed
2511 504 2648 545 cum
2696 487 2754 544 in
2815 486 3188 548 Palaestinam
3245 490 3564 562 navigaret,
3598 492 3800 552 relicto

383 585 601 660 μᾶλλον
647 585 841 650 εἰπεῖν,
901 580 1268 656 ἀπάνθρωπον
1326 577 1417 633 καὶ
1477 575 1861 650 δυσμείλικτον
1917 578 2046 632 ὁκο-

382 676 630 749 θρευτὴν,
680 671 946 730 Ἰσαάκιον
991 671 1080 725 τὸν
1140 667 1428 741 Κομνηνὸν
1481 662 1772 722 συλλαϐὼν
1824 667 1890 721 τὰ
1946 668 2040 740 μὲν

379 767 571 836 πρῶτα
624 763 773 836 εἶχεν
833 759 883 814 ἐν
942 756 1185 830 δεσμοῖς,
1245 762 1429 833 μικρῷ
1488 754 1546 810 δὲ
1601 755 1825 832 ὕστερον
1903 754 2045 810 έκεῖ-

381 855 466 907 θεν
529 849 816 909 ἐκτοπίσας
871 847 962 902 τὸν
1020 845 1309 921 ἀλιτήριον
1369 847 1468 899 ὅσα
1539 845 1628 899 καὶ
1707 842 2043 920 ἀνδράποδόν

381 963 490 997 τινι
541 944 646 995 τῶν
695 936 1074 1014 ὁμογλώττων
1131 935 1528 1010 ἀπεχαρίσατο.
1584 934 1685 992 Καὶ
1733 934 1893 995 αὐτὸς
1946 935 2040 1007 μὲν

385 1032 462 1094 εἲς
494 1027 868 1097 Παλαιστίνην
916 1023 1304 1093 κατέπλευσεν,
1350 1023 1404 1078 ἐν
1457 1021 1513 1078 δὲ
1561 1027 1630 1098 τῇ
1689 1024 1894 1098 Κύπρῳ
1943 1044 2037 1078 κα⁹

381 1120 638 1194 ταλείψας
714 1117 1020 1191 στράτευμα
1097 1116 1173 1177 ὡς
1251 1113 1453 1176 οἰκείας
1529 1112 1636 1182 ἤδη
1713 1116 1813 1179 τῆς
1870 1116 2038 1184 νήσου

383 1213 744 1275 ἀντεποιεῖτο,
776 1207 867 1262 καὶ
921 1203 1167 1261 στέλλων
1219 1203 1297 1264 εἷς
1344 1205 1444 1273 τήν
1499 1209 1664 1272 νῆσον
1718 1209 1849 1271 νῆας
1901 1222 2038 1280 φορ-

2157 579 2216 633 in
2248 583 2430 651 Cypro
2461 577 2718 634 exercitu
2774 578 3031 634 insulam
3091 579 3203 635 sibi
3237 580 3572 645 vindicavit,
3606 598 3652 638 el
3704 602 3800 640 na-

2156 669 2323 722 vibus
2352 669 2638 723 onerariis
2669 683 2735 723 eo
2759 669 2954 724 missis
2987 668 3316 724 necessaria
3348 673 3478 725 inde
3511 673 3802 730 atferenda

2154 759 2414 812 curabat.
2453 759 2531 812 Ex
2565 759 2873 814 Palastina
2907 761 3215 817 discedens
3249 762 3499 816 insulam
3557 779 3659 834 pro
3692 781 3799 818 sua

2153 849 2685 920 Hierosolymitano
2717 851 2835 918 regi
2869 850 3127 916 donavit,
3163 855 3228 906 ut
3260 851 3338 906 ibi
3371 852 3593 908 amisso
3626 868 3800 924 regno

2153 934 2470 1003 habitaret,
2526 937 2658 992 belli
2737 939 3024 993 molestiis
3105 939 3409 1009 liberatus,
3495 946 3554 997 et
3619 945 3802 1014 Cypro

2151 1025 2466 1095 imperaret
2498 1033 2561 1080 ut
2589 1045 2618 1079 ιι
2650 1043 2713 1081 se
2745 1029 3048 1084 Dominico
3107 1030 3374 1100 sepulcro
3423 1031 3716 1087 attributa
3746 1037 3806 1087 et

2154 1131 2289 1170 cum
2323 1115 2642 1171 Palastina
2676 1116 2895 1174 ﬁnibus
2956 1120 3301 1190 conjuncua.
3337 1121 3447 1178 Sed
3482 1121 3605 1177 hac
3657 1121 3802 1178 bac-

2151 1207 2346 1260 tenus.

374 1297 664 1376 ταγωγοὺς
719 1298 786 1352 τὰ
843 1295 978 1369 πρὸς
1033 1294 1098 1350 τὸ
1158 1296 1254 1362 ζῆν
1317 1291 1513 1348 ἐκεῖθεν
1577 1290 1922 1370 ἐφορολόγει.
1985 1293 2070 1349 Ἐν
2132 1288 2190 1346 ὃὶ
2245 1295 2326 1363 τῷ
2386 1291 2739 1366 μεθίστασθαι
2795 1300 2896 1364 τῆς
2981 1295 3346 1369 Παλαιστίνης
3405 1299 3480 1362 ὡς
3538 1299 3792 1376 σφετέραν

378 1389 695 1466 ἐδωρήσατο
737 1387 928 1462 χώραν
975 1387 1075 1455 τήν
1124 1383 1346 1458 Κύπρον
1391 1387 1472 1454 τῷ
1521 1381 2056 1457 τῶνἹεροσολύμων
2133 1383 2372 1456 ἡγήτορι
2447 1381 2601 1468 ρηγῖ,
2671 1382 2764 1437 ⁶ίνα
2836 1385 2933 1448 τὰς
3009 1385 3210 1449 οἰκείας
3288 1395 3504 1444 ποιοῖτο
3584 1388 3800 1464 διατρι-

378 1475 476 1542 ϐας
536 1480 726 1547 ἐκεῖσε,
780 1474 1080 1550 ἐκεχείρίαν
1137 1472 1256 1548 ἄγω
1315 1471 1374 1527 ἐκ
1427 1469 1534 1527 τῶν
1589 1470 1859 1546 πολέμων
1921 1473 2010 1526 οἶα
2065 1472 2163 1540 τὴν
2226 1471 2433 1526 οἰκείαν
2489 1473 2667 1546 ἀρχὴν
2723 1468 3165 1546 ἀποϐαλόμενος,
3222 1478 3308 1530 καὶ
3371 1479 3622 1556 κατάρχῃ
3700 1485 3801 1548 τῆς

375 1568 633 1641 Κυπρίων
709 1565 784 1627 ὡς
860 1565 948 1617 ὑπ’
1020 1561 1226 1618 ἐκείνου
1300 1566 1377 1633 τῷ
1454 1565 1706 1636 Κυριακῷ
1780 1558 2308 1636 προσκληρωθείσης
2387 1563 2634 1635 μνήματι
2711 1561 2800 1616 καὶ
2876 1565 3234 1641 συναφθείσης
3309 1572 3426 1630 τοῖς
3501 1577 3601 1638 τῆς
3682 1577 3792 1625 [ια-

379 1656 661 1726 λαιστίνης
692 1654 970 1729 ὁρίσμασι.
1017 1651 1115 1708 Καὶ
1145 1655 1313 1706 ταῦτα
1345 1652 1439 1724 μὲν
1474 1651 1700 1708 οὑτωσί.

1777 1961 2206 2058 ΤΟΜΟΣ
2288 1963 2356 2057 Γ

1345 2184 1483 2239 ΤΗΣ
1525 2181 1906 2238 ΒΑΣΙΛΕΙΑΣ
1951 2180 2284 2233 ΙΣΑΑΚΙΟΥ
2322 2176 2458 2233 ΤΟΥ
2496 2179 2834 2235 ΑΓΓΕΛΟΥ.

1303 2460 1781 2559 ΙΜΡΕΡιΙΙ
1875 2459 2327 2554 lSAACII
2420 2458 2886 2556 ANGELI

1793 2669 2002 2724 LIBER
2042 2644 2337 2723 TERTIUS

467 3024 526 3078 P.
561 3022 688 3078 268l
733 3019 798 3074 α’.

441 3024 526 3097 [Ρ.
561 3022 688 3092 268]
733 3022 798 3074 α’.
875 3022 918 3074 0
980 3022 1037 3070 δὲ
1099 3022 1366 3090 βασιλεὺς
1418 3022 1682 3072 Ἰσαακιος
1742 3022 1833 3065 επι
1887 3022 2032 3085 τρισὶ

368 3112 517 3167 παισὶ
551 3111 649 3180 τὴν
682 3113 780 3162 τοῦ
830 3105 1021 3183 γένους
1067 3103 1310 3159 σαλεύων
1366 3099 1658 3177 διαδοχὴν,
1714 3101 1768 3155 οἳ
1817 3098 1878 3154 ἐκ
1924 3104 2032 3155 τῶν

369 3198 648 3275 προτέρων
708 3197 857 3268 αὐτῷ
941 3197 1135 3270 γάμων
1218 3195 1530 3269 γεγένηντο,
1592 3188 1712 3244 δυσὶ
1774 3192 1867 3264 μὲν
1927 3201 2030 3259 θη-

375 3291 571 3359 λείαις,
603 3287 680 3343 ἐνὶ
715 3285 770 3342 δὲ
801 3286 1006 3362 ἄρρενι,
1041 3288 1148 3338 τῶν
1193 3285 1286 3354 μὲν
1341 3283 1441 3351 τὴν
1489 3275 1854 3355 πρεσϐυτέραν
1901 3279 2039 3334 κατὰ

372 3381 466 3437 τὸν
500 3379 698 3455 χρόνον
733 3377 807 3436 εἷς
842 3375 1091 3448 μοναγὴν
1119 3373 1368 3442 ἀπέταξε,
1418 3369 1507 3425 καὶ
1555 3369 1646 3425 τὸν
1695 3374 1791 3424 106
1842 3370 2034 3426 Ἰωαν-

373 3469 526 3540 νίτζη
573 3466 866 3542 λεγόμενον
920 3465 1071 3518 οἶκον
1132 3461 1207 3524 εἷς
1265 3466 1572 3535 γυναικεῖον
1638 3459 2039 3532 μετασκευάσας

377 3556 615 3618 πολλοῖς
667 3553 992 3626 ἀναλώμασι
1051 3552 1466 3632 φροντιστήριον
1525 3551 1705 3622 (τοῦτο
1767 3544 1823 3601 δὲ
1879 3547 2034 3617 καὶὴ

383 3645 602 3722 βασιλὶς
668 3645 814 3714 Ξένη
883 3647 1062 3697 ποιεῖν
1129 3636 1426 3696 ἐπεϐάλετο
1495 3637 1633 3711 μετὰ
1703 3637 1870 3710 μόρον
1939 3639 2036 3690 106

378 3735 580 3805 ταΰτης
613 3733 866 3807 ξυνεύνου
895 3731 984 3786 καὶ
1040 3727 1313 3805 βασιλέως
1360 3732 1455 3782 106
1505 3723 1798 3798 Κομνηνοῦ
1845 3725 2036 3795 κυρίου

377 3825 667 3897 Μανουὴλ)
710 3822 877 3892 αὐτὴν
908 3819 1079 3876 ἐκεῖσε
1125 3819 1200 3882 ώς
1243 3816 1454 3892 ἀμνάδα
1509 3821 1588 3888 τῷ
1640 3820 1756 3887 Θεῷ
1805 3815 2035 3890 ἱερώσας

375 3913 724 3990 ἐμάνδρευσε,
783 3913 1006 3984 θατέραν
1069 3908 1128 3964 δέ
1185 3909 1263 3970 εἷς
1323 3912 1549 3982 γυναῖκα
1604 3905 1859 3981 πέπομφε
1929 3925 2034 3978 γα-

380 4005 546 4078 μετὴν
577 4007 658 4075 τῷ
711 4003 815 4073 υἱῷ
864 4005 962 4056 106
1007 3999 1173 4075 ῥηγὸς
1227 3996 1482 4058 Σικελίας
1537 4000 1636 4050 τοῦ
1692 3994 1921 4070 Ταγκρέ,
1978 3995 2035 4055 ὅς

373 4095 502 4170 ἦρξε
569 4091 702 4164 μετά
758 4088 1059 4162 Γιλίελμον
1117 4089 1206 4143 τὸν
1287 4087 1425 4141 κατὰ
1499 4084 1788 4159 Ῥωμαίων
1838 4084 2037 4158 ἄραντα

373 4181 619 4255 πόλεμον
675 4180 725 4254 ἐξ
769 4179 999 4256 ἠπείρου
1051 4201 1109 4234 τε
1159 4177 1248 4233 καὶ
1309 4176 1608 4246 θαλάσσης,
1668 4175 1742 4236 ὡς
1802 4174 2034 4252 φθάσαν-

374 4291 464 4331 τες
505 4272 908 4346 ὶστορήκειμεν.
942 4270 1044 4327 Τὸν
1079 4266 1136 4323 δέ
1167 4269 1282 4322 υἱὸν
1318 4264 1564 4338 Ἀλεξιον
1602 4272 1703 4332 τῆς
1757 4261 2036 4337 βασιλείας

875 3017 918 3074 Ο
980 3013 1037 3070 δὲ
1099 3011 1366 3090 βασιλεὺς
1415 3010 1682 3072 Ἰσαάκιος
1742 3010 1833 3065 ἐπὶ
1887 3009 2032 3085 τρισὶ

2213 3010 2364 3066 548
2401 3012 2447 3066 1.
2483 3012 2743 3067 Isaacius
2774 3018 2962 3067 autem
2994 3010 3310 3083 imperator
3332 3012 3524 3069 tribus
3558 3029 3627 3069 ex
3657 3031 3725 3086 pr

2149 3117 2210 3156 re
2241 3102 2490 3173 conjuge
2521 3101 2719 3157 liberis
2751 3101 3314 3172 susceptis,fi|iabus
3342 3103 3571 3159 duabus
3594 3109 3652 3160 et
3682 3120 3802 3159 uno

2154 3190 2296 3256 filio,
2333 3190 2508 3245 filiam
2543 3195 2684 3246 natu
2720 3191 2998 3260 majorem
3033 3194 3382 3248 monacham
3417 3194 3799 3260 fecit,Joban-

2147 3279 2527 3336 nizaadibus
2554 3281 2786 3352 magnis
2810 3281 3167 3353 impensisin
3203 3283 3781 3340 muliebremonaste
3814 3314 3836 3325 -

2150 3368 2235 3423 riu
2248 3384 2298 3422 m
2317 3368 2556 3423 mutatis
2571 3369 2743 3439 (quod
2765 3373 2821 3424 et
2833 3371 2993 3424 Xene
3007 3369 3344 3439 imperatrix
3361 3383 3484 3443 post
3508 3372 3794 3431 Manuelis

2149 3458 2339 3513 mariti
2402 3457 2626 3513 obitum
2688 3459 3071 3530 instituerat),
3104 3465 3172 3515 et
3219 3460 3333 3516 Deo
3377 3461 3553 3516 veluti
3581 3480 3796 3534 agnam

2149 3548 2545 3614 censecravit;
2601 3547 2844 3602 alteram
2907 3547 3112 3604 Sicilia
3174 3550 3324 3620 regis
3381 3553 3626 3623 Tangris
3678 3553 3794 3608 [ilio

2151 3651 2390 3690 uxorem
2427 3637 2607 3703 misit,
2640 3638 2739 3707 qui
2773 3641 2904 3708 post
2935 3637 3269 3693 Gilielmum
3303 3641 3588 3711 regnavit,
3621 3657 3796 3711 quem

2149 3724 2437 3780 Romanos
2458 3730 2612 3780 terra
2641 3727 2904 3798 marique
2934 3743 3304 3799 oppugnasse
3334 3745 3514 3800 supra
3548 3731 3807 3786 narravi-

2148 3830 2306 3870 mus.
2329 3814 2538 3870 Filium
2574 3831 2706 3870 vero
2739 3817 2891 3873 549
2925 3816 3190 3871 Alexium
3246 3817 3305 3871 in
3341 3835 3504 3889 spem
3561 3818 3796 3892 imperii

2149 3912 2460 3980 educabat,
2504 3913 2650 3967 nihil
2691 3915 2762 3968 de
2811 3921 2996 3970 morte
3049 3919 3150 3970 aut
3197 3915 3434 3985 jactura
3493 3919 3804 3988 potestatis

2149 4002 2340 4058 adhuc
2398 4003 2682 4075 cogitans.
2742 4004 3132 4061 Pollicebatur
3191 4006 3348 4060 enim
3407 4006 3518 4061 sibi
3583 4009 3804 4080 absque

2150 4092 2307 4146 omni
2335 4092 2703 4148 dubitatione
2733 4094 2847 4148 duo
2905 4098 2961 4148 et
3013 4093 3252 4165 triginta
3301 4111 3485 4150 annos
3543 4096 3799 4169 imperii,

2151 4196 2266 4235 non
2300 4197 2468 4236 secus
2487 4198 2552 4236 ac
2584 4183 2632 4237 si
2662 4182 2921 4237 divinam
2955 4181 3317 4238 voluntatem
3347 4189 3546 4240 nosset
3563 4190 3664 4240 aut
3687 4187 3800 4242 sibi

2149 4269 2274 4323 vila
2315 4268 2535 4325 limites
2575 4272 2700 4340 ipse
2759 4272 3134 4342 prascribere
3184 4279 3403 4344 posset,
3435 4276 3590 4345 quod
3650 4280 3798 4332 Deus

375 4356 726 4435 κληρονόμον
762 4360 1030 4437 ἀνέτρεφε,
1080 4358 1177 4413 κᾶν
1222 4354 1438 4412 οὐδέπω
1475 4357 1538 4411 τὸ
1580 4360 1675 4409 106
1718 4354 1840 4429 βίου
1890 4373 2031 4430 φαν-

2150 4359 2418 4428 polentia
2446 4376 2566 4413 sua
2599 4341 2930 4417 reservavit.

375 4450 674 4526 ταζόμενος
733 4451 897 4528 πέρας
959 4451 995 4520 ἤ
1056 4447 1320 4504 ἔκπτωσιν
1383 4454 1482 4517 τῆς
1545 4444 1856 4506 δυναστείας
1919 4444 2278 4519 ὑφορώμενος
2336 4444 2431 4502 δύο
2488 4447 2579 4502 καὶ
2665 4449 2956 4522 τριάκοντα
3029 4449 3265 4526 χρόνους
3344 4448 3522 4526 ἄρξειν
3589 4451 3803 4509 ἀδιστά-

377 4561 522 4602 κτως
555 4539 989 4616 ἐχρησμολόγει,
1022 4537 1205 4613 ὥσπερ
1253 4539 1316 4592 τὸ
1375 4540 1515 4592 θεῖον
1572 4532 1842 4610 προειδὼς
1901 4532 2162 4608 βούλημα
2216 4535 2252 4604 ἢ
2311 4537 2438 4599 τοὺς
2492 4538 2653 4612 ὅρους
2710 4539 2936 4609 πήσσων
2997 4540 3174 4613 ἑαυτῷ
3229 4543 3328 4611 τῆς
3391 4547 3558 4613 ζωῆς,
3619 4543 3711 4606 οὕς
3771 4545 3799 4598 6

374 4631 502 4691 Θεὸς
540 4625 689 4684 ἔθετο
712 4629 857 4702 παρὰ
887 4633 956 4702 τῇ
985 4627 1099 4700 ἷδίᾳ
1129 4627 1360 4702 ἐξουσίᾳ.

447 4719 528 4776 Οὐ
566 4718 731 4792 μόνον
767 4717 822 4773 δὲ
854 4721 881 4772 6
937 4723 1144 4789 Βρανᾶς
1184 4717 1433 4787 ’Δλέξιος
1473 4715 1562 4770 καὶ
1609 4717 1636 4770 6
1678 4712 1851 4774 Λυδὸς
1903 4713 2033 4769 Θεό-

374 4807 553 4886 δωρος
585 4808 721 4862 κατὰ
769 4812 868 4862 106
931 4807 1202 4881 βασιλέως
1260 4807 1458 4861 τούτου
1517 4804 1842 4876 πτερνισμὸν
1905 4801 2032 4874 ἐμε-

373 4899 634 4974 γάλυναν,
669 4895 816 4952 ἀλλά
839 4917 899 4972 γε
929 4897 1016 4950 καὶ
1047 4893 1221 4968 ἕτεροι
1287 4893 1569 4970 βασιλείας
1620 4895 1830 4954 ἑαυτοῖς
1881 4907 2056 4966 περι--

375 4991 672 5045 τεθείκασιν
707 4983 901 5060 ὄνομα.
949 4985 1156 5040 Αὐτίκα
1197 4988 1278 5057 [Ρ.
1329 4986 1457 5056 269]
1508 4984 1609 5057 γάρ
1658 5003 1742 5046 τις
1790 4980 2034 5054 Ἀλέξιος

379 5079 565 5135 ἑαυτὸν
599 5077 775 5153 λέγων
819 5079 956 5131 εἶναι
997 5075 1113 5129 υἱὸν
1169 5077 1266 5128 106
1326 5077 1432 5128 τῶν
1494 5073 1782 5144 Ῥωμαίων
1829 5071 2034 5146 αὐταρ-

379 5171 653 5241 χήσαντος
731 5169 1024 5241 Κομνηνοῦ
1100 5161 1388 5233 Μανουήλ,
1464 5165 1722 5216 τοσοῦτον
1797 5160 2032 5237 ἀρίστως

379 5258 469 5309 τὸν
517 5259 817 5332 ἀγωνιστὴν
875 5253 1037 5312 ὑπέδυ
1068 5259 1165 5309 106
1214 5251 1490 5329 δράματος
1541 5252 1629 5308 καὶ
1677 5253 1738 5307 τὸ
1786 5256 1883 5307 106
1931 5253 2031 5328 βαρ

383 5341 578 5407 σιλέως
642 5347 890 5419 Ἀλεξίου
975 5347 1320 5420 προσωπεῖον
1398 5344 1612 5417 εὐφυῶς
1691 5343 2031 5417 ὑπεκρίνατο,

381 5432 456 5494 ὡς
493 5434 584 5486 καὶ
635 5436 812 5508 κόμην
874 5434 1218 5504 διευθετίζειν
1277 5435 1416 5487 κατᾶ
1468 5434 1568 5501 τὴν
1631 5432 1836 5488 ἐκείνου
1896 5433 2031 5488 ὐπο-

382 5521 727 5594 ξανθίζουσαν
769 5526 860 5580 καὶ
915 5528 1006 5580 τὸν
1054 5532 1154 5594 τῆς
1213 5523 1470 5601 γλώττης
1537 5528 1633 5579 106
1695 5521 1890 5588 παιδὸς
1943 5523 2032 5579 καί

387 5612 657 5690 βασιλέως
701 5616 1127 5689 σχηματίζεσθαι
1178 5612 1519 5691 ψελλοσμόν.
1577 5615 1676 5670 ’Ex
1730 5622 1830 5684 τῆς
1880 5619 2030 5672 Κων-

385 5705 662 5766 σταντίνου
719 5707 813 5781 μὶν
869 5707 959 5763 οὖν
1018 5706 1248 5784 ὥρμητο
1315 5709 1344 5764 ὁ
1409 5707 1619 5785 μεῖραξ,
1687 5707 1764 5772 εἰς
1820 5705 1880 5764 δὲ
1940 5709 2029 5774 τὰς

2217 4717 2497 4776 Caterum
2533 4737 2646 4777 non
2662 4726 2886 4779 Branas
2913 4722 3150 4778 Alexius
3168 4726 3226 4778 et
3245 4724 3431 4794 Lydus
3453 4723 3799 4781 Theodorus

2144 4807 2427 4865 duntaxat
2454 4810 2958 4884 iusigniaimperii
2985 4816 3184 4867 contra
3216 4811 3371 4866 hunc
3405 4819 3796 4883 usurparunt,

2144 4899 2242 4953 sed
2277 4905 2333 4955 et
2364 4901 2459 4953 alii
2494 4903 2622 4970 ejus
2656 4901 2873 4974 fastigii
2906 4901 3110 4957 titulos
3141 4901 3252 4956 sibi
3302 4901 3676 4958 vindicarunt
3736 4909 3798 4960 ut

2143 4993 2199 5043 et
2230 4989 2465 5045 Alexius
2497 4989 2755 5061 quidam,
2803 4992 2899 5062 qui
2935 5006 3069 5045 cum
3104 5006 3166 5044 se
3198 4988 3490 5047 Manuelis
3542 4991 3793 5063 impera-

2142 5081 2286 5135 toris
2319 5081 2504 5136 filium
2527 5082 2916 5152 profiteretur,
2936 5097 3062 5136 eam
3100 5082 3354 5137 fabulam
3381 5087 3541 5139 tanta
3557 5085 3797 5142 solertia

2143 5170 2416 5240 egit,eam
2452 5186 2760 5241 personam
2780 5175 2942 5225 tanta
2973 5171 3314 5227 dexteritate
3334 5175 3796 5244 repraesentavit,

2143 5265 2206 5314 ut
2236 5264 2291 5314 et
2321 5276 2548 5316 comam
2579 5263 2706 5332 ejus
2767 5260 3173 5317 ﬂavescentem
3209 5267 3265 5317 et
3321 5261 3534 5334 lingua
3593 5264 3798 5321 balbu-

2141 5349 2281 5404 tiem
2315 5349 2684 5422 exprimeret.
2720 5351 2906 5407 Natus
2956 5355 3078 5406 erat
3127 5350 3177 5406 is
3227 5350 3564 5408 adolescens
3606 5354 3788 5426 Cpoli,

2142 5443 2198 5493 et
2251 5439 2504 5509 primum
2557 5439 2615 5494 in
2676 5438 3010 5494 Maandriis
3071 5439 3318 5496 urbibus
3351 5445 3699 5512 conspectus
3733 5443 3789 5497 in

2141 5528 2489 5601 oppidulum
2526 5529 2756 5584 Armala
2791 5546 2852 5585 se
2881 5527 3151 5599 contulit,
3184 5534 3240 5585 et
3302 5529 3498 5584 Latino
3531 5532 3792 5597 cuidam,

2141 5619 2200 5675 in
2234 5620 2404 5691 cujus
2456 5621 2676 5676 adibus
2709 5619 3134 5689 diversabatur,
3170 5623 3303 5692 quis
3361 5629 3508 5676 esset
3541 5621 3788 5692 aperuit.

2139 5711 2338 5768 Aiebat
2395 5711 2472 5784 (id
2535 5711 2687 5784 quod
2745 5727 2924 5784 supra
2980 5710 3380 5784 exposuimus)
3439 5727 3503 5768 se
3541 5711 3781 5782 quidem
