4102 6396
329 325 447 386 787

1653 327 1960 390 NIGETE
2000 327 2430 391 CHONIATE

3638 337 3758 398 788

324 459 503 530 jussu
533 458 854 517 Andronici
913 459 973 514 in
1037 460 1282 514 fundum
1344 459 1527 516 maris
1585 459 1982 531 abjiciendum

2096 460 2233 514 κατὰ
2286 457 2597 537 Μαίανδρον
2653 461 2844 525 πόλεις
2900 464 3134 539 πρώτως
3216 465 3392 530 ὀσθεῖς
3460 467 3753 526 κατέλυσεν

335 549 542 618 fuisse,
585 553 688 605 sed
753 549 1156 606 misericordia
1215 550 1375 607 550
1431 549 1990 622 ministrorum,qui

337 639 492 712 patri
523 655 631 695 suo
651 641 1045 712 jurejurando
1073 641 1338 697 obstricti
1370 641 1644 710 fuissent,
1676 656 1806 696 esse
1854 657 1989 695 con-

335 733 652 798 servatum,
684 733 741 785 et
769 746 905 785 cum
965 729 1200 800 hospite
1231 746 1339 785 suo
1369 729 1634 786 Iconium
1689 729 1989 802 profectus

339 834 540 876 senem
590 817 891 875 sultanum
925 818 1208 892 (nondum
1266 819 1418 876 enim
1452 836 1486 876 a
1541 818 1662 874 ﬁlio
1711 819 1990 890 Cupatino

339 925 519 980 regno
551 907 757 980 pulsus
785 910 932 981 erat)
961 909 1161 975 adit,et
1190 913 1254 965 ut
1283 925 1459 966 verus
1491 907 1648 965 illius
1679 908 1986 978 Manuelis,

339 1016 456 1056 non
516 1003 582 1054 ut
609 999 898 1070 impostor
925 1004 984 1054 et
1029 1015 1182 1066 erro,
1215 999 1554 1072 alloquitur.
1609 1003 1769 1072 Saepe
1813 998 1986 1056 etiam

338 1094 582 1160 paterna
636 1088 917 1144 beneﬁcia
991 1089 1417 1160 exprobrando,
1479 1089 1876 1144 immemorem
1933 1091 1991 1144 et

340 1179 634 1251 ingratum
664 1181 834 1232 vocat
859 1196 874 1244 ;
907 1180 966 1233 et
991 1176 1486 1235 inhumanitatem
1518 1179 1572 1234 ei
1601 1179 1988 1252 objirit,quod

339 1265 668 1322 calamitate
697 1267 873 1321 amici
905 1264 1008 1321 ﬁlii
1036 1267 1183 1321 nihil
1219 1272 1568 1322 moveretur.
1601 1270 1656 1324 ls
1693 1283 1826 1322 vero
1856 1281 1988 1322 cum

336 1355 707 1427 impudentia
763 1354 1024 1412 hominis
1063 1356 1270 1422 victus,
1304 1363 1431 1411 tum
1459 1343 1558 1412 ἐκ
1614 1356 1990 1412 lineamentis

338 1447 618 1514 corporis,
653 1451 972 1516 apparente
1003 1445 1186 1518 patris
1216 1447 1272 1500 in
1306 1463 1374 1503 eo
1433 1445 1848 1512 similitudine,
1883 1449 1987 1501 nii-

339 1533 662 1590 sericordia
698 1537 896 1590 motus
943 1549 1077 1590 eum
1110 1541 1168 1590 et
1225 1535 1568 1591 muneribus
1622 1551 1738 1590 non
1791 1536 1988 1604 paucis

339 1622 631 1680 exhilarat
649 1626 708 1678 et
737 1638 840 1694 spe
871 1622 1026 1679 bona
1052 1623 1216 1680 fovet.
1248 1623 1392 1680 Cum
1425 1629 1620 1680 autem
1643 1621 1984 1694 aliquando,

339 1713 532 1786 legato
563 1712 826 1769 Romano
874 1718 1102 1770 astante
1163 1720 1220 1769 et
1277 1713 1575 1783 audiente,
1605 1711 1982 1768 excellentem

340 1819 512 1860 suam
543 1800 907 1908 nobilitatem
935 1801 1482 1908 jactaoret,sultanus
1511 1801 1771 1908 legatum
1805 1801 1982 1858 inter-
2019 1843 2066 1908 Β

341 1895 508 1965 rogat
535 1908 606 1946 an
637 1890 820 1948 istum
852 1891 1139 1948 Manuelis
1195 1891 1565 1964 imperatoris
1617 1891 1804 1947 filium
1861 1906 1992 1947 esse

350 1981 526 2038 norit.
559 1979 667 2045 Qui
727 1981 828 2037 ubi
884 1979 1033 2036 nihil
1091 1979 1253 2036 aliud
1307 1980 1610 2052 respondit
1661 1979 1777 2037 nisi
1823 1978 1993 2035 illum

347 2069 588 2127 omnino
620 2069 994 2126 submersum
1026 2085 1157 2126 esse
1187 2073 1245 2126 et
1284 2070 1462 2126 istum
1495 2085 1587 2125 res
1620 2068 1996 2125 incredibiles

347 2161 458 2218 sub
492 2158 638 2216 falso
671 2159 929 2216 demncti
960 2158 1199 2215 nomine
1227 2158 1622 2228 comminisci,
1653 2157 1996 2215 adolescens

345 2249 584 2307 Alexius
642 2248 728 2306 ira
786 2249 1044 2320 percitus
1103 2252 1163 2304 et
1233 2247 1349 2304 bile
1401 2257 1728 2305 exestuans
1787 2263 1994 2320 parum

349 2339 538 2395 abfuit
567 2337 708 2410 quin
769 2337 831 2394 in
876 2336 1051 2410 legati
1083 2337 1326 2394 barbam
1383 2337 1693 2408 involaret,
1717 2337 1829 2393 nisi
1861 2338 1911 2392 is
1940 2343 1998 2394 et

352 2427 480 2500 ipse
511 2431 844 2484 commotus
887 2426 1172 2500 impetum
1205 2426 1576 2485 Pseudalexii
1606 2427 1832 2484 fortiter
1859 2445 1996 2500 pro-

349 2517 649 2590 pulsasset
677 2525 728 2574 et
755 2515 1426 2589 sultanusintemperias
1455 2517 1585 2587 ejus
1613 2517 1807 2574 verbis
1828 2518 2000 2574 casti-

347 2610 566 2679 gasset.
597 2605 702 2673 Qui
733 2605 844 2663 etsi
903 2605 1288 2663 nihilominus
1343 2606 1564 2662 crebris
1595 2605 1743 2662 551
1801 2607 1997 2664 adole-

346 2695 569 2753 scentis
601 2694 1068 2769 ﬂagitationibus
1083 2697 1497 2764 victus,tamen
1528 2712 1601 2753 ne
1625 2700 1746 2754 tum
1760 2697 1995 2768 quidem

343 2785 644 2841 immensa:
701 2785 828 2856 ejus
890 2783 1159 2856 petitioni
1215 2784 1458 2858 reliquit
1487 2785 1705 2856 locum,
1738 2789 1839 2844 sed
1894 2805 1998 2860 per

343 2874 670 2931 sultanicas
700 2875 985 2931 duntaxat
1005 2875 1252 2942 litteras,
1285 2891 1431 2947 quas
1461 2876 1633 2932 Turci
1664 2877 1996 2936 Musurium

341 2969 574 3033 vocant,
606 2964 658 3020 ei
691 2965 984 3020 concessit
1009 2969 1074 3020 ut
1103 2965 1346 3032 impune
1375 2969 1753 3038 quotcunque
1773 2967 1994 3024 Turcas

344 3057 547 3127 posset
577 3053 691 3110 sibi
720 3051 1075 3110 conciliaret.
1109 3053 1210 3109 llle
1261 3053 1444 3125 igitur
1497 3053 1634 3110 inde
1689 3057 1994 3128 digressus

2098 548 2176 612 εἷς
2221 551 2516 626 πολίχνιον
2570 550 2867 628 λεγόμενον
2919 555 3200 630 Ἀρμαλα.
3269 557 3485 612 κάκεῖσε
3543 560 3754 634 Λατίνῳ

2095 638 2197 726 τινὶ
2250 637 2592 709 ἐπιξενωθεὶς
2649 643 2736 697 καὶ
2793 641 2942 706 ὅστις
2999 643 3084 715 εἲη
3147 643 3512 720 άπηγγελκὼς
3572 646 3752 726 (ἔλεγε

2097 723 2174 798 δὲ,
2235 727 2310 790 ὡς
2366 729 2560 804 μικρὸν
2620 731 2934 804 εἰρήκειμεν
2993 731 3218 804 ἃνωθεν,
3276 735 3367 790 καὶ
3457 723 3746 808 ἐκδοθῆναι

2097 819 2193 890 μὶν
2222 815 2299 879 είς
2339 817 2400 872 τὸ
2445 819 2582 873 κατά
2637 820 2802 893 βυθοῦ
2853 819 3131 892 θαλάσσης
3177 823 3561 894 ἀκοντισθῆναι
3619 831 3749 906 παρ’

2093 902 2460 981 Ἀνδρονίκου,
2521 907 2929 982 οἷκτειρηθῆναι
2988 908 3047 964 δὲ
3104 913 3249 984 παρᾶ
3304 917 3413 968 τῶν
3468 916 3532 971 τὸ
3590 902 3747 993 ἔργον

2091 993 2253 1052 τοῦτο
2329 995 2730 1076 ἐπιταχθέντων
2807 999 2884 1060 ὡς
2958 999 3228 1073 πατρῴων
3306 1000 3456 1074 αὐτῷ
3505 1004 3748 1080 όμοτῶν)

2095 1084 2306 1158 σύναμά
2335 1087 2389 1140 οἱ
2429 1086 2565 1160 πρὸς
2623 1087 2686 1142 τὸ
2733 1086 2961 1142 Ἰκόνιον
3003 1088 3208 1156 ἄπεισι,
3255 1089 3346 1144 καὶ
3391 1095 3470 1162 τῷ
3527 1091 3742 1165 γέροντι

2095 1174 2278 1252 ὀφθεὶς
2312 1165 2543 1231 σουλτὰν
2587 1174 2768 1246 (οῧπω
2822 1175 2921 1250 γὰρ
2970 1177 3130 1232 αὐτὸν
3173 1181 3452 1254 καθήρηκε
3495 1186 3596 1249 τῆς
3643 1181 3746 1257 ἀρ-

2096 1271 2208 1344 χῆς
2241 1263 2502 1321 ὁέκείνου
2560 1270 2688 1328 παῖς
2740 1267 2768 1320 6
2821 1267 3146 1340 Κοπατῖνος)
3196 1267 3272 1329 ὡς
3320 1269 3435 1332 υἱὸς
3482 1267 3745 1340 ἀληθινὸς

2096 1358 2192 1409 τοῦ
2223 1353 2632 1430 αὐτοκράτορος
2663 1354 2949 1425 Μανουήλ,
2982 1353 3112 1410 ἀλλ’
3160 1354 3269 1430 οὐχ
3314 1355 3387 1416 ὡς
3433 1354 3744 1420 ἐπείσακτος

2168 1443 2184 1464 ‘
2261 1442 2345 1498 λ’*
2479 1444 2492 1462 ’
2566 1443 2582 1498 ί
2865 1441 2894 1500 δ
2951 1443 3015 1502 λ’
3404 1443 3414 1460 ’
3561 1441 3600 1460 Μ
3733 1446 3748 1466 ⁸

2096 1463 2185 1497 και
2217 1464 2425 1507 πιαιος
2475 1463 2562 1499 εκε
2587 1466 2663 1507 νω
2719 1465 2862 1519 προσ
2903 1465 2944 1500 ιε
2991 1465 3164 1520 εγετο.
3227 1444 3508 1508 Πολλακις
3558 1463 3615 1500 οε
3659 1464 3750 1500 και

2095 1531 2422 1604 ἐπέπληττε,
2480 1535 2566 1590 καὶ
2609 1539 2718 1590 τῶν
2781 1533 2840 1590 ἐκ
2897 1538 2996 1589 τοῦ
3080 1531 3242 1604 δῆθεν
3299 1534 3504 1609 πατρὸς
3563 1533 3752 1608 ἐκείνῳ

2092 1624 2190 1676 τοῦ
2231 1622 2500 1691 Μανουήλ
2543 1622 2630 1678 ἐπ’
2681 1621 2827 1694 αὐτῷ
2881 1623 3263 1698 γεγενημένων
3317 1622 3749 1695 ἀναμιμνήσκων

2093 1709 2354 1766 εὐποιιῶν
2411 1711 2708 1788 ἀχάριστον
2759 1711 2885 1786 περὶ
2930 1712 3024 1767 τὸν
3068 1710 3355 1789 εὐεργέτην
3403 1709 3612 1780 ἐκάλει,
3661 1713 3752 1768 καὶ

2094 1798 2158 1855 τὸ
2213 1799 2641 1880 ἀφιλάνθρωπον
2703 1797 3068 1871 ἐπωνείδιζεν,
3124 1800 3168 1855 εί
3228 1801 3408 1862 οὕτως
3459 1801 3751 1876 ἀτυχοῦντι

2099 1887 2265 1967 φίλου
2297 1887 2452 1945 παιδὶ
2485 1888 2583 1945 οὐκ
2633 1887 3050 1962 ἐπικάμπτεται.
3081 1890 3144 1947 Ὀ
3181 1887 3238 1944 δὲ
3283 1893 3448 1944 τοῦτο
3501 1891 3594 1965 μὶν
3646 1891 3750 1946 ὑπὸ

2098 1985 2200 2049 τῆς
2230 1975 2524 2050 ἀναιδείας,
2564 1983 2726 2035 τοῦτο
2761 1976 2806 2034 δ’
2837 1977 2896 2034 ἐκ
2923 1984 3030 2034 τῶν
3057 1983 3156 2035 τοῦ
3181 1985 3539 2058 χαρακτῆρος
3571 1977 3756 2037 ἰνδαλ-

2105 2069 2287 2142 μάτων
2316 2073 2482 2142 τιμᾷν
2516 2068 2673 2124 αὐτὸν
2709 2067 3030 2145 ἐναγόμενος
3064 2065 3264 2144 δώροις
3294 2089 3352 2124 τε
3382 2067 3481 2124 οὐκ
3536 2067 3752 2148 ὀλίγοις

2101 2155 2268 2228 ἤδυνε
2295 2159 2385 2214 καὶ
2415 2158 2647 2233 ἀγαθαῖς
2687 2155 2904 2214 ἐλπίσιν
2957 2157 3248 2215 ὑπὲσαινεν.
3297 2160 3398 2216 Ἦν
3447 2156 3494 2213 δ’
3522 2158 3613 2216 ὅτε
3663 2162 3755 2216 καί

2101 2241 2437 2323 πρεσϐευτὴν
2484 2245 2757 2321 Ρωμαίων
2807 2247 3016 2303 ἑστῶτα
3061 2247 3151 2302 καὶ
3205 2247 3557 2323 ἀκροώμενον
3608 2247 3758 2312 ὅπως

2102 2339 2292 2394 ἑαυτὸν
2322 2341 2390 2412 τῇ
2423 2335 2602 2414 ἐξόχῳ
2633 2337 2870 2414 εὐγενείᾳ
2901 2336 3210 2412 ἐσέμνυνεν,
3259 2336 3426 2414 ἤρετο
3460 2339 3488 2394 6
3523 2339 3762 2394 σουλτᾶν

2104 2428 2150 2485 εί
2181 2427 2462 2486 ἐπίσταται
2491 2429 2684 2486 τοῦτον
2712 2433 2810 2486 τοῦ
2840 2429 3242 2506 αὐτοκράτορος
3291 2431 3408 2485 υἱὸν
3459 2428 3753 2502 Μανουήλ.

2101 2523 2210 2576 Τοῦ
2241 2517 2300 2575 δὲ
2335 2517 2507 2593 μηδὲν
2537 2541 2591 2576 τι
2624 2521 2898 2592 φήσαντος
2926 2517 3110 2596 ἕτερον
3140 2519 3267 2576 ἀλλ’
3298 2520 3384 2576 ὅτι
3434 2517 3501 2590 δὴ
3554 2519 3757 2584 ἐκεῖνος

2101 2609 2355 2666 ἀπώλετο
2430 2609 2654 2680 ἀληθῶς
2731 2609 2912 2689 φανεὶς
2989 2607 3390 2672 ὑδατόκλυστος
3463 2611 3554 2665 καὶ
3595 2611 3756 2673 οὗτος

2105 2698 2282 2774 μάτην
2340 2699 2466 2775 περὶ
2524 2700 2716 2756 ἑαυτοῦ
2762 2699 2830 2755 τὰ
2909 2701 2986 2773 μὴ
3062 2698 3412 2764 πιστεύεσθαι
3481 2699 3756 2775 πεφυκότα

2101 2789 2376 2860 ξυντίθησι
2449 2794 2520 2865 τῇ
2593 2794 2692 2846 τοῦ
2767 2789 3018 2865 κειμένου
3090 2788 3289 2859 κλήσει
3354 2789 3754 2866 ἐποχούμενος,

2104 2875 2348 2952 βράττων
2379 2877 2625 2954 ἀτεχνῶς
2659 2879 2817 2952 θυμῷ
2862 2882 2953 2934 καὶ
3005 2877 3138 2950 ζέων
3182 2875 3423 2953 ἀκριϐῶς
3470 2883 3548 2952 τῷ
3591 2876 3750 2952 χόλῳ

2099 2967 2128 3021 ὁ
2163 2970 2350 3042 μεῖραξ
2412 2967 2654 3038 Ἀλέξιος
2708 2972 2908 3046 μικροῦ
2965 2967 3026 3025 ἄν
3083 2973 3180 3026 τοῦ
3237 2969 3494 3042 πώγωνος
3549 2965 3748 3022 ἐπελά-

2099 3053 2224 3114 ϐετο
2257 3063 2354 3114 τοῦ
2384 3053 2800 3130 πρεσϐεύοντος,
2841 3057 2888 3114 εἰ
2935 3060 3011 3134 μὴ
3061 3059 3226 3120 αὐτὸς
3277 3059 3305 3114 6
3352 3051 3575 3132 πρέσϐις
3625 3053 3747 3110 δια-

349 3157 417 3198 ac
464 3141 676 3198 litteris
734 3140 853 3198 illis
911 3141 1069 3213 apud
1125 3142 1348 3198 Turcos
1401 3143 1677 3212 ostensis,
1736 3162 1985 3205 amaram

2104 3151 2346 3220 κινηθεὶς
2393 3147 2447 3212 ἐς
2495 3147 2660 3224 ὀργὴν
2715 3148 3086 3224 ἀπεκρούσατο
3141 3148 3398 3224 γενναίως
3460 3145 3609 3220 μάλα
3655 3145 3750 3200 τὸν

345 3233 626 3288 Arsanem
659 3229 923 3302 aliosque
951 3245 1067 3286 non
1101 3247 1316 3302 paucos
1335 3231 1630 3289 Romanas
1661 3237 1985 3308 provincias

2107 3215 2492 3312 \I'eu'SaXéﬁtov,
2519 3215 2678 3295 καὶ-ὁ
2711 3215 2943 3297 σουλτὰν
2999 3237 3056 3295 δέ
3099 3215 3165 3294 οἱ.
3194 3239 3269 3301 ὡς
3321 3215 3494 3294 ἃτοπα
3551 3233 3752 3311 δρῶντι

341 3320 590 3394 praedari
620 3319 825 3377 solitos
875 3319 1185 3388 contraxit,
1217 3325 1284 3377 ut
1331 3321 1485 3378 brevi
1545 3330 1806 3397 tempore
1857 3343 1992 3384 cum

338 3413 469 3466 octo
497 3407 760 3465 millibus
790 3407 1108 3476 incederet,
1143 3426 1209 3467 ac
1239 3411 1588 3470 Maeandrias
1651 3415 1830 3471 urbes
1857 3433 1990 3488 par-

335 3499 443 3556 tim
478 3497 774 3554 deditione
803 3503 1136 3570 occuparet,
1170 3499 1383 3572 partim
1417 3500 1755 3560 resistentes
1787 3507 1990 3576 quovis

336 3588 512 3644 modo
551 3590 800 3643 vexaret.
833 3589 1014 3644 Areas
1042 3591 1238 3645 tamen
1270 3589 1326 3644 in
1360 3591 1576 3662 quibus
1624 3593 1987 3652 frumentum

337 3679 656 3734 trituretur
719 3676 780 3733 in
837 3676 1046 3750 primis
1100 3679 1388 3751 perdidit;
1445 3682 1602 3738 unde
1655 3681 1987 3742 Usthalonaa

339 3771 794 3840 cognomentum
826 3766 982 3828 tulit.
1015 3767 1101 3822 Ad
1126 3767 1284 3826 hunc
1330 3769 1760 3830 adolescentem
1791 3773 1988 3846 oppri-

341 3857 622 3913 mendum
673 3856 846 3912 multi
903 3855 1000 3913 alii
1048 3872 1285 3930 quoque
1341 3859 1521 3916 duces
1581 3861 1743 3918 missi
1800 3869 1984 3921 sunt:

337 3961 536 4002 verum
560 3961 766 4002 omnes
796 3943 958 4002 nullo
992 3946 1360 4004 memorabili
1390 3947 1646 4006 facinore
1679 3951 1836 4008 edito
1888 3953 1980 4010 in-

333 4035 488 4092 focta
531 4050 592 4090 re
643 4033 946 4091 discedere
1003 4035 1363 4108 cogebantur
1393 4043 1556 4095 metu
1587 4056 1832 4098 suorum
1868 4044 1981 4100 mi-

327 4124 524 4194 litum,
557 4123 659 4198 qui
692 4125 763 4180 ad
795 4124 963 4181 illum
993 4123 1575 4199 imperatorislfilium
1608 4134 1666 4186 et
1698 4131 1981 4190 novitium

331 4215 744 4288 imperatorem
777 4215 1188 4288 propensiores
1218 4221 1388 4273 erant
1417 4233 1589 4290 quam
1623 4220 1693 4276 ad
1752 4222 1978 4280 obtem-

329 4307 657 4378 perandum
689 4305 930 4362 Isaacio.
967 4305 1168 4378 Neque
1199 4308 1354 4364 enim
1385 4308 1559 4381 vulgo
1609 4314 1668 4366 et
1699 4312 1978 4384 imperitas

331 4395 485 4469 plebi
516 4395 805 4450 duntaxat
835 4395 1050 4451 charus
1081 4400 1260 4469 atque
1291 4396 1349 4453 in
1382 4414 1481 4454 ore
1521 4405 1646 4457 erat
1701 4408 1760 4459 et
1814 4420 1977 4461 ama-

331 4484 467 4542 bilis
495 4483 839 4540 videbatur:
873 4485 972 4540 sed
1007 4483 1214 4542 aulicis
1245 4485 1444 4555 etiam,
1479 4490 1578 4561 qui
1611 4499 1976 4564 compertum

2103 3325 2594 3405 ἐμϐριμησάμενος
2656 3329 2908 3406 ἀτρεμεῖν
2999 3329 3265 3386 ἐκέλευσε.
3325 3331 3411 3402 Τῇ
3470 3329 3645 3402 συχνῇ
3705 3312 3752 3380 δ’

2101 3423 2256 3495 ὅμως
2297 3425 2394 3476 τοῦ
2449 3420 2664 3476 νεανίου
2717 3419 3075 3498 ἐκλιπαρήσει
3133 3421 3161 3476 6
3204 3419 3530 3495 Περσάρχης
3576 3427 3749 3481 καθυ-

2097 3507 2328 3574 πενδοὺς
2361 3509 2487 3566 οὐδὲ
2522 3511 2646 3566 τότε
2703 3511 2798 3585 μὶν
2862 3513 2930 3567 τά
2989 3515 3100 3567 τῶν
3159 3509 3423 3581 αἰτήσεων
3481 3506 3753 3582 ὑπέρογκα

2098 3599 2473 3676 ἐτερμάτωσε,
2506 3600 2855 3681 συνεχώρησε
2885 3597 2932 3656 δ’
2982 3597 3075 3656 οὖν
3125 3601 3282 3675 ὅμως
3331 3596 3420 3654 διὰ
3469 3595 3755 3653 σουλτανι-

2096 3690 2197 3746 κοῦ
2271 3712 2620 3768 γραμματος,
2698 3689 2729 3745 ὅ
2802 3711 2960 3768 φασιν
3011 3690 3064 3744 οἳ
3103 3691 3348 3763 Τοῦρκοι
3391 3685 3749 3762 μουσούριον,

2097 3777 2258 3843 ὅσους
2298 3779 2358 3835 ἄν
2401 3781 2566 3856 σχοίη
2627 3785 2736 3835 τῶν
2797 3780 2901 3834 ὑπὸ
2957 3779 3056 3848 τὴν
3105 3777 3312 3833 ἐκείνου
3368 3779 3548 3852 ἅρχήν
3610 3775 3750 3830 ὑπο-

2095 3871 2426 3940 ποιήσασθαι
2482 3866 2673 3932 ἀδεῶς.
2728 3871 2790 3926 Ὁ
2847 3866 2904 3924 δέ
2959 3869 3321 3944 ἀναχωρήοας
3377 3867 3600 3937 ἐκεῖθεν,
3657 3865 3750 3920 καὶ

2093 3959 2157 4015 τὸ
2186 3960 2419 4034 γράμμα
2446 3963 2564 4022 τοῖς
2613 3957 2884 4034 Τούρκοις
2925 3956 3339 4028 καθυποὸείξας,
3389 3956 3480 4012 τὸν
3528 3953 3746 4028 ἂμηρᾶν

2094 4049 2374 4128 ἐφέλκεται
2406 4055 2668 4127 Ἀρσανῆν
2697 4051 2788 4107 καὶ
2841 4050 3055 4127 ἑτέρους
3109 4051 3214 4105 οὐκ
3267 4047 3494 4124 ὀλίγους
3540 4048 3592 4103 οἳ
3641 4043 3746 4121 λῃ-

2095 4141 2298 4197 στεύειν
2329 4140 2395 4196 τᾶ
2423 4141 2717 4214 Ῥωμαίων
2747 4141 3023 4214 όίώθασιν,
3081 4140 3156 4203 ὡς
3206 4138 3258 4195 ἐν
3322 4139 3524 4216 βραχεῖ
3569 4139 3745 4210 καιρῷ

2092 4229 2354 4306 χιλιάδας
2387 4231 2532 4287 ὀκτὼ
2564 4232 2966 4307 στρατεύματος
3019 4227 3355 4308 ἐφεπομὲνας
3404 4225 3595 4300 ἐκείνῳ
3643 4224 3742 4281 λα-

2089 4325 2231 4396 χεῖν·
2267 4319 2386 4386 ὅθεν
2415 4321 2510 4382 τὰς
2541 4321 2678 4376 κατᾶ
2710 4317 3019 4395 Μαίαοδρον
3069 4317 3236 4375 ἐπιὼν
3283 4315 3477 4380 πόλεις
3523 4313 3584 4376 ἃς
3643 4315 3742 4388 μὲν

2090 4409 2364 4486 ὁμολογίᾳ
2397 4410 2758 4485 χειρούμενος
2785 4412 2875 4481 ἦν,
2905 4410 3058 4473 τινὰς
3104 4405 3162 4463 δὲ
3212 4405 3300 4462 καὶ
3347 4404 3738 4478 ἀνθιπαμὲνας

2087 4499 2360 4561 παντοίως
2391 4497 2678 4578 διέφθειρε.
2709 4498 2965 4557 Μάλιστα
2997 4497 3055 4553 δὲ
3091 4498 3188 4560 τὰς
3237 4495 3450 4558 ἅλωνας
3505 4493 3740 4568 ἐλυμαί-

324 4573 621 4630 habebant
650 4572 912 4628 Alexium
943 4574 1228 4630 Manuelis
1262 4574 1449 4633 ﬁlium
1490 4578 1616 4649 jam
1649 4581 1788 4638 olim
1823 4583 1975 4642 552

2093 4609 2223 4656 νετο,
2281 4589 2398 4644 ὅθεν
2451 4572 2542 4644 καὶ
2601 4572 2960 4659 καυσαλώνης
3046 4583 3402 4657 ἐπεκέκλητο.
3465 4585 3610 4642 Κατά
3682 4581 3738 4638 δὲ

324 4664 496 4722 rebus
525 4662 807 4719 humanis
847 4669 1184 4734 exemptum
1243 4680 1390 4734 esse,
1423 4668 1796 4728 admirationi
1829 4683 1972 4745 erat,

322 4771 439 4811 non
471 4753 629 4828 quod
663 4769 862 4810 verum
893 4752 1253 4825 ignorarent,
1286 4757 1386 4812 sed
1423 4757 1562 4830 quia
1613 4757 1864 4817 libenter
1917 4763 1972 4820 id

323 4843 829 4917 amplectebantur
887 4845 1040 4917 quod
1100 4845 1434 4918 capiebant.
1466 4847 1740 4920 ,Tandem
1799 4852 1976 4910 etiam

323 4933 696 5006 imperatoris
731 4934 906 4990 frater
925 4933 1182 5002 Alexius,
1207 4935 1308 5008 qui
1331 4943 1459 5008 post
1481 4937 1730 5011 imperio
1753 4942 1976 5012 potitus

327 5027 440 5092 est,
471 5021 694 5078 nullam
727 5038 862 5078 cum
895 5039 962 5080 eo
992 5039 1250 5097 pugnam
1283 5026 1596 5098 commisit,
1629 5031 1730 5087 sed
1763 5033 1974 5090 castris

325 5109 672 5183 longissime
705 5111 910 5181 positis
940 5113 1088 5169 nihil
1110 5114 1228 5186 egit
1256 5113 1412 5172 aliud
1441 5116 1552 5173 nisi
1581 5123 1644 5176 ut
1673 5119 1797 5178 loca
1827 5140 1975 5182 non-

323 5201 462 5256 dum
496 5199 570 5255 ab
601 5215 668 5254 eo
709 5205 991 5273 occupata
1021 5201 1081 5258 in
1141 5203 1335 5260 ofﬁcio
1393 5205 1738 5278 contineret,
1772 5228 1844 5269 ne
1901 5215 1975 5272 ad

322 5287 644 5344 redivivum
707 5287 871 5344 illum
961 5291 1221 5348 Alexium
1301 5292 1635 5354 deﬁcerent.
1687 5300 1974 5360 Caeterum

325 5376 524 5433 dubiis
554 5375 747 5465 adhuc
779 5377 976 5446 rebus,
1011 5378 1150 5436 dum
1185 5385 1241 5436 et
1272 5383 1536 5441 seditiosi
1577 5403 1717 5460 opes
1749 5407 1972 5465 augen-

326 5471 423 5520 tur
452 5473 503 5521 et
535 5464 964 5522 sebastocrator
991 5466 1319 5542 colligendo
1341 5475 1598 5532 exercitu
1629 5464 1969 5551 occupatur,

329 5561 481 5612 Deus
513 5553 680 5610 civile
737 5553 959 5610 bellum
1020 5573 1167 5614 nova
1215 5561 1461 5632 ratione,
1493 5581 1668 5636 quam
1699 5568 1826 5641 ipse
1873 5589 1968 5629 so-

323 5645 414 5702 las
447 5641 626 5709 novit,
662 5658 773 5699 uno
799 5649 1097 5702 momento
1124 5647 1410 5706 dissolvit.
1443 5655 1590 5711 Nam
1623 5672 1758 5717 cum
1788 5657 1967 5718 Pseu.

2085 4681 2236 4754 [270]
2266 4679 2468 4737 τούτου
2498 4685 2598 4736 τοῦ
2633 4679 2891 4756 μείρακος
2924 4677 3130 4737 πολλοὶ
3169 4681 3266 4753 μὲν
3294 4678 3384 4734 καὶ
3417 4675 3581 4734 ἄλλοι
3635 4699 3736 4732 πο-

2085 4767 2470 4844 λεμησείοντες
2522 4768 2928 4840 ἀπεστάλησαν,
2979 4765 3156 4832 οὐδεὶς
3207 4765 3253 4822 δ’
3304 4765 3629 4844 ἐργάσασθαί
3681 4787 3735 4821 τι

2083 4853 2214 4934 ἔσχε
2243 4859 2505 4928 νεανικὸν,
2540 4858 2666 4916 ἀλλ’
2694 4858 3020 4916 ὐπενόστουν
3053 4857 3342 4933 ἄπρακτοι,
3377 4853 3614 4918 δεδιότες
3657 4855 3734 4929 μὴ

2081 4945 2536 5024 καταπροδοθεῖεν
2593 4949 2696 5004 ὑπὸ
2753 4953 2860 5005 τῶν
2948 4947 3216 5004 συνόντων
3304 4945 3522 5007 ἐκείνοίς
3595 4945 3732 4998 Ῥω-

2087 5037 2286 5111 μαίων,
2347 5037 2436 5092 οἶα
2487 5037 2727 5112 μάλιστα
2789 5037 3066 5113 ῥεπόντων
3125 5039 3202 5099 εἰς
3257 5037 3350 5092 τὸν
3405 5032 3727 5104 καθιστάμε-

2078 5147 2170 5182 νον
2217 5124 2338 5202 ἂὶρτι
2389 5125 2660 5203 βασιλέως
2713 5124 2881 5182 παῖδα
2936 5127 3024 5183 καὶ
3083 5123 3312 5203 βασιλέα
3343 5122 3378 5195 ἤ
3407 5123 3590 5202 ἄρχειν
3640 5121 3727 5176 αὶ-

2081 5216 2360 5293 ρουμὲνων
2407 5215 2500 5272 τὸν
2563 5215 2922 5293 βασιλεύοντα
2979 5217 3268 5273 ’Ῑσαάκιον.
3331 5215 3408 5272 Οὐ
3457 5213 3558 5290 γὰρ
3610 5217 3728 5276 τοῖς

2079 5303 2324 5369 πολλοῖς
2357 5303 2466 5379 ἤδη
2511 5307 2602 5363 καὶ
2661 5308 2982 5384 ἀγροτέροις
3039 5306 3316 5377 ἠσπάζετο
3372 5302 3464 5359 καὶ
3520 5303 3587 5372 ἦν
3643 5299 3734 5358 διὰ

2079 5394 2348 5468 στόματος
2387 5396 2479 5452 καὶ
2527 5395 2795 5470 ὀνόματος
2845 5398 2936 5453 καί
2987 5396 3261 5468 θεώμενος
3309 5390 3488 5448 ἐδόκει
3536 5389 3731 5466 ἐπὲραυ

2077 5507 2224 5553 στος,
2251 5484 2398 5543 ἀλλᾶ
2426 5487 2514 5543 καὶ
2563 5493 2680 5550 τοῖς
2740 5487 2877 5544 κατᾶ
2917 5489 3016 5555 τήν
3063 5485 3340 5558 βασίλειον
3390 5485 3568 5558 αὐλὴν
3611 5485 3732 5544 δια-

2075 5571 2348 5651 τρίϐουσι,
2377 5577 2468 5632 καὶ
2513 5573 2684 5633 εἰδόσι
2741 5575 2891 5651 μάλα
2930 5575 3299 5649 ἐπισταμένως
3355 5579 3430 5640 ὡς
3477 5576 3730 5650 Ἀλέξιος

2077 5666 2234 5720 άτοῦ
2267 5664 2538 5743 βασιλέως
2565 5673 2694 5731 παῖς
2743 5666 3004 5738 Μανουὴλ
3052 5665 3224 5725 πάλαι
3270 5671 3361 5726 τὸν
3419 5669 3541 5746 βίον
3589 5669 3730 5731 ἀπο-
