4102 6450
374 374 494 438 789

1506 370 1609 431 DE
1652 369 1966 432 ISAACIO
2008 369 2329 436 ANGELO
2374 374 2524 435 LIB.
2571 374 2680 435 III.

3690 373 3810 436 790

376 511 609 570 λέλοιπε
638 512 730 568 τὸν
783 508 1145 584 ἃνθρώπινον,
1203 507 1279 572 είς
1343 511 1526 583 θαῦμα
1580 505 1810 576 ἐτίθετο,
1869 509 2032 584 γινώ-

2154 506 2417 563 dalexius
2450 508 2720 564 Harmala
2750 526 3015 567 reversus
3057 513 3190 583 post
3227 508 3540 583 largiorem
3573 525 3808 583 compo-

379 602 696 675 σκουσιμὶν
739 602 811 656 τὰ
859 596 1006 669 ὂντα,
1058 598 1125 654 τὰ
1183 594 1240 653 δέ
1295 618 1359 672 γε
1413 599 1534 662 καθ’
1590 594 1799 667 ἡδονὴν
1859 597 2036 677 σφίσιν

380 692 682 761 εἰκάζουσι.
717 690 822 743 Σὺν
855 689 1067 762 ἑτέροις
1109 685 1167 742 δὲ
1221 687 1313 743 καὶ
1344 688 1372 742 ὁ
1401 690 1500 742 τοῦ
1555 686 1828 762 βασιλέως
1875 686 2040 744 ἀδελ-

380 782 478 862 φὸς
538 778 784 852 Ἀλέξιος
842 776 1056 848 ἔξεισιν,
1119 777 1177 837 ὅς
1232 776 1324 831 καὶ
1380 766 1608 852 ὕστερον
1669 771 2036 834 ἐϐασίλευσεν.

382 869 539 941 Πλὴν
571 868 663 924 καὶ
699 869 858 930 οὗτος
890 867 1009 921 κατ’
1049 862 1309 941 οὐδεμίαν
1360 863 1547 940 μάχην
1599 865 1910 935 συνεπλάκη
1958 871 2040 939 τῷ

383 960 640 1032 Ἀλεξίῳ,
671 957 800 1014 ἀλλ’
843 958 920 1018 ὡς
977 953 1235 1012 πλεῖστον
1292 954 1777 1030 ἂποσκηνούμενος
1824 958 2043 1012 ἒπισυν-

381 1055 504 1121 ἵστη
569 1047 730 1122 μόνον
799 1046 864 1103 τὸ
932 1050 1124 1101 Λεῖπον
1191 1046 1289 1117 τῆς
1356 1044 1667 1119 παροικίας,
1727 1045 1929 1101 ὁπόσον
1980 1066 2043 1121 γε

383 1138 571 1212 ἐκείνῳ
623 1137 700 1211 μὴ
760 1136 1183 1211 προσεχώρησε,
1240 1135 1331 1189 καὶ
1390 1139 1608 1209 συνεῖχε
1671 1135 1734 1191 τὸ
1792 1132 2040 1210 διαῤῥέον

378 1230 471 1286 καὶ
504 1222 835 1303 μεταϐαῖνον
876 1226 952 1287 εἷς
1003 1226 1096 1279 τὸν
1154 1219 1570 1281 ἀναϐεϐιωκότα
1625 1229 1817 1280 τοῦτον
1880 1224 2046 1282 Ἀλέ-

383 1319 517 1390 ξιον.
547 1315 709 1374 Ἀλλ’
738 1314 815 1371 ἔτι
846 1320 955 1371 τῶν
1014 1314 1351 1390 πραγμάτων
1402 1314 1576 1376 οὓτως
1622 1312 1793 1369 δντων
1846 1314 2046 1390 ᾐώρη-

385 1406 582 1483 μένων,
638 1405 729 1462 καὶ
788 1409 885 1461 τοῦ
944 1406 1041 1478 μὲν
1104 1404 1188 1459 ἀεὶ
1250 1401 1741 1477 ἔμπλατυνομένου
1818 1425 1877 1460 τε
1951 1403 2042 1460 καὶ

380 1493 810 1573 κρατυνομένου,
884 1498 983 1549 τοῦ
1059 1491 1116 1548 δὲ
1190 1488 1693 1570 σεϐαστοκράτορυς
1770 1489 1851 1550 ἔτι
1917 1495 2044 1570 περὶ

384 1584 665 1663 συλλογήν
743 1584 1148 1659 ἐκπονουμένου
1227 1585 1631 1659 στρατεύματος
1708 1583 1826 1640 λύει
1912 1587 2044 1648 Θεὸς

378 1677 480 1745 τὴν
541 1672 815 1753 ἐμφύλιον
875 1674 1061 1749 μάχην
1142 1678 1547 1749 καινοπρεπῶς,
1603 1673 1694 1730 καὶ
1751 1675 1826 1736 ὡς
1883 1674 2044 1737 αὐτὸς

378 1764 661 1822 ἐπίσταται
704 1764 873 1837 μόνος
941 1763 995 1819 ἐν
1055 1763 1264 1838 ἀκαρεῖ·
1324 1763 1418 1819 τὸν
1481 1765 1585 1839 γὰρ
1649 1762 1891 1836 Ἀκέξιον
1947 1765 2045 1819 αὗ-

2152 599 2430 653 tationem
2467 599 2766 668 dormiret,
2792 617 2824 653 a
2855 603 3154 657 sacerdote
3175 602 3431 670 quodam
3465 618 3573 656 suo
3604 600 3805 673 gladio

2139 687 2468 758 jugulatur.
2493 690 2672 760 Cujus
2691 697 2869 760 caput
2896 693 3328 749 sebastocrator
3348 692 3803 764 contemplatus:

2149 783 2205 830 et
2232 777 2398 834 ﬂavis
2429 778 2691 835 crinibus
2723 782 2978 851 equestri
3016 779 3241 851 ﬂagello
3273 782 3580 838 discussis.
3614 803 3643 832 «
3675 781 3804 837 Non

2148 867 2390 923 omnino
2419 870 2546 925 sine
2601 886 2802 937 causa,
2844 872 3058 943 inquit,
3091 872 3263 927 urbes
3309 871 3465 927 hunc
3501 872 3803 928 hominem

2149 962 2364 1013 secutae
2398 964 2556 1014 sunt.
2590 981 2620 1010 »
2652 962 2731 1015 Ac
2761 962 2810 1015 is
2835 961 3067 1032 quidem
3100 977 3344 1019 suorum
3379 961 3659 1018 scelerum
3694 962 3801 1019 has

2150 1062 2353 1118 poenas
2382 1049 2562 1117 dedit,
2623 1053 2750 1104 tum
2784 1051 2938 1121 quod
2981 1050 3187 1106 Persas
3245 1056 3447 1107 contra
3505 1052 3800 1108 Romanos

2132 1134 2432 1206 'incitavit,
2464 1142 2521 1194 et
2576 1154 2648 1194 ex
2679 1139 2772 1194 his
2803 1138 2947 1209 ipsis
2979 1142 3267 1211 quotquot
3301 1140 3371 1195 ad
3404 1156 3537 1196 eum
3570 1138 3799 1196 conﬂu-

2148 1231 2373 1297 xerant,
2406 1227 2778 1299 popularium
2812 1228 2967 1285 558
2999 1244 3243 1283 suorum
3287 1228 3573 1300 sanguine
3602 1232 3801 1285 conta-

2150 1316 2416 1386 minavit,
2449 1322 2574 1372 tum
2603 1318 2756 1389 quod
2790 1318 2962 1373 homo
2994 1318 3377 1373 detestandus
3408 1318 3623 1373 Chonis
3654 1317 3802 1374 meis

2152 1407 2376 1464 celebre
2406 1407 2682 1478 templum
2739 1406 3040 1463 Michaelis
3085 1406 3416 1463 archidueis
3474 1406 3805 1464 caelestium

2151 1497 2451 1570 copiarum
2480 1496 2739 1562 violavit,
2776 1496 2962 1552 Persis
2993 1497 3052 1551 in
3107 1496 3552 1553 sanctissimum
3585 1496 3690 1553 Dei
3720 1500 3810 1553 ta-

2150 1586 2532 1643 bernaculum
2591 1585 2967 1653 introductis,
3028 1602 3134 1641 nec
3185 1590 3445 1656 spectare
3518 1585 3812 1642 dubitavit

2152 1676 2440 1748 pernicies
2497 1675 2745 1732 humani
2800 1675 3033 1748 generis
3081 1675 3297 1732 Christi
3355 1681 3412 1732 et
3469 1682 3812 1732 sanctorum

2152 1767 2439 1840 imagines
2473 1765 2717 1824 calculis
2772 1766 2912 1823 varii
2957 1767 3170 1823 coloris
3198 1782 3507 1837 expressas
3563 1765 3806 1838 aboleri,

383 1866 467 1920 θις
501 1853 915 1929 ὑποστρέψαντα
944 1853 1081 1928 πρὸς
1129 1854 1196 1909 τά
1247 1853 1510 1928 Ἀρμαλα
1558 1853 1634 1916 εἰς
1685 1855 1783 1924 τὴν
1835 1855 2032 1910 Iliam

2153 1862 2211 1912 et
2240 1873 2440 1913 sacros
2499 1861 2694 1928 postes
2753 1856 3058 1913 securibus
3091 1860 3149 1912 et
3198 1855 3450 1912 celtibus
3499 1855 3719 1925 revelli,
3752 1860 3811 1913 et

383 1946 446 2002 τὸ
479 1946 762 2023 φρούριον,
795 1945 887 1999 καὶ
944 1944 1079 2016 μετὰ
1126 1944 1293 1999 πότον
1349 1944 1709 2014 ὑπνώττοντα,
1762 1944 2032 2023 ἀποσφάτ-

2152 1952 2586 2003 sacrosanctam
2621 1963 2885 2003 mensam
2921 1946 3215 2017 profanari
3246 1955 3299 2001 et
3331 1944 3498 2001 humi
3528 1945 3724 2015 objici.

390 2056 471 2090 τει
544 2055 632 2097 τις
705 2038 814 2088 τῶν
891 2034 1098 2108 ἱερέων,
1175 2035 1273 2103 τὴν
1351 2033 1518 2088 αὐτοῦ
1593 2034 1994 2110 παρακειμένην
2071 2035 2412 2108 σπασάμενος
2491 2034 2791 2113 μάχαιραν.
2869 2034 2946 2093 Οὗ
2991 2036 3091 2105 τὴν
3132 2033 3376 2112 κεφαλὴν
3416 2033 3809 2107 ἀποκομισθεῖ-

390 2125 483 2178 σάν
527 2125 581 2178 οἱ
644 2124 885 2200 ἀθρήσας
923 2124 952 2178 ὁ
994 2119 1444 2200 σεϐαστοκράτωρ
1506 2122 1777 2195 Ἀλέξιος,
1832 2126 1919 2180 καὶ
1974 2128 2074 2190 τῆς
2135 2125 2333 2195 ξανθῆς
2391 2120 2792 2197 ἀναλαμϐάνων
2849 2125 3033 2197 κόμης
3085 2122 3359 2186 πολλάκις
3421 2120 3510 2178 διὰ
3563 2127 3661 2178 τοῦ
3722 2124 3814 2178 ἰπ-

386 2215 546 2269 πείου
628 2214 878 2288 μύωπος,
958 2237 987 2266 ‹‹
1029 2210 1106 2271 Οί)
1182 2215 1382 2282 πᾶντη,
1460 2208 1707 2293 ἔφασκεν,
1783 2214 2008 2287 ἀμαθῶς
2080 2215 2135 2268 αἱ
2182 2212 2373 2278 πόλεις
2409 2217 2487 2285 τῷ
2525 2214 2798 2289 ἀνθρώπω
2835 2215 3013 2287 τούτῳ
3053 2212 3529 2284 ἐπηκολούθησαν.
3568 2237 3589 2263 ι

3637 2211 3816 2270 Ἀλλά

379 2302 507 2359 τότε
584 2302 681 2378 μὲν
763 2305 925 2367 οὗτος
999 2302 1260 2374 τοιαύτην
1335 2300 1475 2358 ἔτισε
1551 2301 1707 2372 δίκην
1780 2305 1871 2359 καὶ
1947 2305 2020 2359 ὧν
2101 2305 2194 2377 μὲν
2272 2301 2706 2377 ἐπλημμέλησεν
2757 2304 2974 2378 ἑτέρως.
3017 2303 3222 2379 Πέρσας
3267 2303 3362 2377 μὲν
3404 2301 3636 2365 ὁπλίσας
3675 2302 3813 2357 κατὰ

399 2392 715 2466 Ῥωμαίων,
776 2394 987 2448 τούτων
1046 2391 1095 2448 δ’
1151 2393 1216 2447 αὗ
1277 2392 1478 2449 ὁπόσον
1535 2395 1685 2465 αύτῷ
1743 2392 2053 2470 προσερῤύη
2110 2394 2232 2448 καθ’
2288 2392 2576 2469 ὁμοφύλου
2634 2394 2891 2467 ἀγριάνας
2944 2391 3198 2465 α’ίματος,
3247 2393 3335 2447 καὶ
3398 2391 3473 2446 ὧν
3525 2389 3583 2446 δὲ
3628 2391 3816 2467 παρῴ-

396 2504 554 2553 νησεν
612 2484 639 2537 ὁ
700 2483 970 2557 ἐπάρατος
1031 2483 1106 2545 εἷς
1163 2482 1254 2537 τὸν
1313 2483 1363 2537 ἐν
1424 2488 1545 2546 ταῖς
1594 2483 1752 2555 ἐμαῖς
1808 2487 2023 2546 Χώναις
2081 2481 2428 2557 περιώνυμον
2484 2485 2587 2537 νεὼ
2640 2486 2738 2537 τοῦ
2808 2484 3256 2559 ἀρχιστρατήγου
3339 2486 3448 2537 τῶν
3508 2480 3665 2544 θείων
3723 2479 3815 2536 καὶ

391 2571 577 2630 ἆῢλων
650 2573 852 2645 τάξεων
930 2571 1188 2647 Μιχαήλο
1267 2573 1453 2645 ἐμίανε
1526 2575 1630 2651 γὰρ
1706 2575 1769 2630 τὸ
1841 2579 1938 2629 τοῦ
2013 2579 2147 2629 Θεοῦ
2220 2576 2485 2648 πανάγιον
2560 2578 2822 2649 σκήνωμα
2870 2574 3124 2631 εἶσελθὼν
3205 2574 3341 2646 μετὰ
3414 2577 3655 2648 Περσῶν,
3722 2572 3813 2628 καὶ

394 2662 652 2738 ἠνείχετο
718 2665 963 2738 καθορῶν
1030 2666 1059 2718 ὁ
1124 2663 1391 2739 ἐπάρατος
1448 2665 1514 2719 τὰ
1572 2662 1660 2720 διὰ
1714 2663 1970 2744 ψηφίδων
2028 2665 2447 2741 ποικιλοχρόων
2531 2672 2628 2723 τοῦ
2703 2669 2940 2743 Χριστοῦ
3010 2667 3102 2723 καὶ
3179 2671 3287 2722 τῶν
3364 2667 3533 2742 ἁγίων
3609 2658 3815 2721 ἔκτυπα

380 2752 780 2829 ἆχρειούμενα,
839 2755 930 2809 καὶ
989 2754 1080 2809 τὸν
1140 2755 1285 2830 ἱερὸν
1340 2757 1425 2811 κτὶ
1489 2761 1633 2820 θεῖον
1690 2756 2028 2830 ἀνάσταθμον
2106 2755 2323 2813 πελέκει

2407 2757 2498 2813 καὶ
2586 2757 2929 2835 λαξευτηρίῳ
3003 2757 3502 2833 καταρασσόμενον,
3561 2756 3653 2811 καὶ
3708 2758 3807 2827 τῆν

383 2850 596 2919 παναγῆ
630 2843 720 2898 καὶ
756 2844 976 2918 θμωρὸν
1009 2839 1425 2918 βεϐηλουμένην
1452 2845 1543 2901 καὶ
1578 2844 1934 2921 βαλλομένην
1964 2841 2119 2917 ἔραζε
2141 2849 2428 2924 τράπεζαν.

455 2934 521 3009 β’.
582 2933 659 2991 Ού
717 2932 961 2996 πολλαῖς
1019 2931 1077 2989 δὲ
1132 2934 1360 3013 ὕφτερον
1415 2934 1649 3011 ἡμέραις
1702 2937 1793 2991 καὶ
1849 2933 2035 3011 ἕτερός

379 3052 464 3094 τις
496 3031 595 3100 τήν
631 3031 802 3099 αὐτὴν
831 3031 1027 3101 κλῆσιν
1075 3033 1165 3087 καὶ
1225 3033 1450 3108 βασιλέα
1500 3036 1591 3090 τὸν
1639 3034 1799 3091 αύτὸν
1847 3037 2035 3112 γεννή-

2216 2941 2270 2994 2.
2303 2940 2428 2996 Non
2480 2941 2683 2998 multis
2728 2942 2938 2998 diebus
2973 2946 3104 3012 post
3149 2941 3324 3006 alius,
3371 2939 3472 3012 qui
3529 2939 3801 2996 eamdem

2147 3030 2597 3106 appellationem
2630 3036 3020 3106 eumdemque
3043 3036 3267 3105 patrem
3298 3029 3410 3086 sibi
3441 3028 3801 3098 vindicabat,

382 3140 515 3196 τορα
566 3117 937 3196 ψευδωνὸμως
984 3121 1241 3178 ὑπεισιὼν
1300 3125 1437 3179 κατὰ
1484 3124 1862 3204 Παφλαγονίαν
1913 3125 2032 3180 έπε-

443 3211 453 3229 .
595 3217 634 3229 ν.
680 3212 694 3228 ς
822 3212 838 3229 κ
980 3213 995 3229 ε
1162 3213 1177 3229 κ
1321 3215 1333 3229 ,
1486 3215 1500 3229 .
1673 3216 1684 3229 .

2146 3133 2207 3189 in
2242 3130 2643 3204 Paphlagonia
2682 3127 2905 3183 exstitit
2932 3127 2991 3180 et
3020 3122 3306 3196 quasdam
3349 3117 3682 3190 provincias
3713 3122 3803 3172 at-

386 3211 547 3289 φάνη.
592 3212 695 3267 Καὶ
735 3212 878 3274 τινὶς
940 3213 1033 3286 μὲν
1089 3213 1178 3267 καὶ
1237 3215 1422 3287 τούτῳ
1482 3215 1740 3290 ὲπαρχίαι
1799 3236 2034 3291 προσκε-

384 3304 695 3374 χωρήκασι·
752 3301 969 3364 σταλεὶς
1029 3299 1088 3356 δὲ
1141 3305 1259 3359 κατ’
1326 3304 1491 3359 αὐτοῦ
1525 3305 1554 3359 6
1587 3300 1844 3368 σεϐαστὸς
1905 3307 2038 3361 Θεό-

379 3386 556 3465 δωρος
584 3391 612 3445 6
644 3393 922 3465 Χοῦμνος,
952 3391 1359 3468 χαρτουλάριος
1383 3388 1456 3448 ὤν
1471 3397 1580 3449 τῶν
1608 3395 2033 3468 ἱπποστάθμων,

375 3476 579 3551 ἢττησέ
609 3500 667 3535 τε
697 3479 946 3553 πόλεμον
980 3485 1356 3557 συγκροτήσας
1409 3485 1498 3539 καὶ
1552 3485 1860 3540 ἀπέκτεινεν
1910 3507 2036 3540 συν-

379 3568 645 3650 ειληφώς.
679 3568 805 3626 Ἐπὶ
844 3569 1061 3634 τούτοις
1101 3572 1190 3626 καὶ
1222 3573 1250 3627 6
1282 3574 1503 3643 Χοτζᾶς.
1563 3572 1852 3636 Βασίλειος
1900 3574 2037 3630 κατᾶ

378 3660 483 3727 τὴν
522 3656 804 3735 ἅγχουρον
860 3658 1239 3735 Νικομηδεῦσι
1293 3662 1525 3737 Ταρσίαν
1574 3664 1857 3739 ἆνταρσίαν
1908 3666 2030 3741 ἱμε-

378 3743 598 3817 λέτησε,
656 3747 748 3803 καὶ
808 3745 1020 3825 προέϐη
1085 3750 1180 3820 μὲν
1237 3752 1326 3806 καὶ
1380 3754 1413 3821 ἡ
1462 3754 1656 3809 τούτου
1715 3754 1796 3833 ἐφ’
1849 3756 2031 3812 ἱκανὸν

376 3838 649 3911 τυραννὶς,
683 3837 1021 3908 συλληφθεὶς
1063 3836 1119 3894 δὲ
1163 3839 1253 3895 καὶ
1302 3840 1464 3905 αύτὸς
1515 3842 1854 3920 ἀμαυροῦται
1906 3846 2034 3911 τοὺς

378 3925 666 4000 ὀφθαλμοῦ
692 3929 842 4001 [271]
870 3928 960 3983 καὶ
990 3935 1200 4006 φρουρᾷ
1228 3929 1608 4006 παραδίδοται.
1638 3932 1760 4009 Οὗχ
1790 3934 1945 3991 οῦτοι
1976 3934 2034 3992 δὲ

380 4015 570 4089 μόνον,
605 4014 753 4071 ἀλλά
780 4018 872 4072 καὶ
904 4013 1069 4073 ἄλλοι
1101 4017 1302 4075 ἂλλοτε
1342 4021 1507 4077 πάλιν
1565 4024 1656 4078 καὶ
1705 4024 1890 4097 πάλιν,
1941 4027 2031 4081 καὶ

377 4107 482 4162 οὐκ
538 4105 679 4162 ἔστιν
745 4108 930 4171 ὁσάκις
997 4108 1190 4181 εἰπεῖν,
1267 4109 1632 4184 ἐπανέστησαν
1698 4114 1734 4184 ἤ
1801 4116 1891 4171 καὶ
1959 4119 2034 4180 ὡς

371 4198 601 4285 σπαρτοὶ
661 4196 984 4270 ἀνεδόθησαν
1075 4202 1355 4280 γίγαντες,
1422 4201 1518 4259 κᾶν
1587 4206 1663 4269 ὡς
1739 4207 2032 4285 πομφολυ-

370 4284 527 4362 γώδη
569 4288 866 4365 φυσήματα
921 4285 1156 4364 διάκενα,
1228 4293 1302 4354 ὡς
1368 4295 1436 4362 ἦν
1496 4290 1654 4363 ἰδεῖν,
1723 4284 2029 4352 ἀπέπιπτόν

370 4394 429 4429 τε
468 4375 558 4430 καὶ
599 4372 905 4436 διελύοντο.
967 4380 1038 4438 "0
1093 4401 1152 4436 τε
1209 4381 1310 4456 γὰρ
1379 4385 1670 4457 Κομνηνὸς
1735 4387 2027 4456 Ἰσαάκιος,

371 4465 401 4520 6
437 4469 533 4521 τοῦ
576 4465 847 4554 βασιλέως
890 4465 1242 4545 Ἀνδρονίκου
1286 4469 1641 4553 ἀδελφιδοῦς,
1697 4481 1797 4546 τῆς
1849 4476 2029 4554 φυλα-¹

370 4560 473 4626 κῆς
504 4553 748 4632 ἀποδρὰς
794 4558 885 4613 καὶ
932 4559 997 4615 τὸ
1049 4560 1183 4638 μέγα
1236 4563 1464 4637 τέμενος
1518 4564 1701 4621 εῗσιὼν
1760 4553 2025 4622 ἀνασείειν

368 4646 462 4702 τὸν
525 4640 705 4724 ὄχλον
762 4645 1042 4721 ὥρμησεν,
1097 4650 1435 4727 συλληφθεὶς
1495 4652 1552 4710 δὲ
1606 4656 1696 4711 καὶ
1736 4656 2022 4732 ἀπαιωρη-

368 4734 481 4797 θεὶς
510 4734 601 4789 καὶ
649 4734 891 4810 βαρείαις
953 4739 1191 4796 ὲτάσεσιν
1245 4739 1581 4815 ὑποϐληθεὶς
1638 4744 1727 4800 ἐπὶ
1774 4749 1853 4819 τῷ
1899 4745 2027 4812 τοὺς

369 4822 685 4900 συνίστορας
742 4823 966 4904 ἐκφῆναι
1031 4831 1131 4898 τῆς
1195 4829 1510 4906 τυραννίδος
1575 4834 1643 4889 τὰ
1706 4833 1856 4897 ἐντὸς
1923 4832 2027 4890 διε-

368 4915 548 4992 φθάρη
577 4913 667 4968 καὶ
708 4909 921 4969 ἃπεϐίω
963 4917 1064 4987 τήν
1109 4920 1228 4990 μετ’
1285 4917 1518 4992 ἐκείνην·
1576 4924 1664 4979 καὶ
1729 4925 1756 4979 ὁ
1816 4924 2020 4982 Ταττί-

363 5022 483 5067 κιος
561 5005 968 5068 Κωνσταντῖνος
1054 5007 1372 5086 σύστρεμμα
1465 5014 1866 5089 τεκτηνάμενος
1931 5016 2023 5071 καὶ

362 5095 756 5183 πεντακοσίους
785 5090 931 5171 ἔχων
975 5100 1073 5179 τοῦ
1121 5092 1286 5175 ἔργου
1334 5098 1749 5179 συλλήπτορας,
1798 5105 1889 5160 καὶ
1940 5103 2023 5183 ἐφ’

371 5178 550 5238 ἰκανὸν
582 5187 782 5264 χρόνον
818 5190 893 5261 τῇ
946 5178 1107 5243 πόλει
1165 5185 1537 5264 κρυπτόμενος
1595 5178 1687 5249 καὶ
1744 5178 2021 5269 λεληθὼξ,

363 5275 764 5362 καταμηνυθεὶς
796 5280 982 5351 μικρῷ
1011 5277 1232 5356 ὕστερον
1275 5276 1423 5335 ἑάλω
1475 5282 1566 5336 καὶ
1616 5282 1745 5347 τοὺς
1804 5283 2020 5362 ὀφθαλ-

372 5353 508 5428 μοὺς
564 5359 921 5439 ὲξορώρυκτο.
984 5367 1084 5422 Καὶ
1133 5353 1462 5444 βακενδύτης
1510 5368 1569 5426 δέ
1625 5392 1731 5444 τις,
1794 5353 1860 5429 ἐκ
1912 5378 2023 5431 Κο-

368 5447 588 5539 μνηνῶν
615 5447 789 5509 ἕλκων
827 5457 893 5512 τὸ
947 5450 1118 5534 γένος,
1162 5461 1265 5531 τήν
1310 5461 1481 5533 αὐτὴν
1540 5469 1658 5526 τοῖς
1708 5464 2019 5539 εἰρημένοις

364 5531 591 5611 βαδίσας
639 5541 727 5595 καὶ
774 5541 833 5597 ἐκ
885 5531 982 5601 τοῦ
1040 5554 1388 5625 παραχρῆμα
1440 5531 1727 5628 Ἵσυσχεθείς
1760 5531 2021 5609 ’άπεστέ-

370 5644 532 5700 ρηται
580 5631 681 5682 τοῦ
719 5633 920 5709 φωτός.
976 5641 1090 5693 Τῶν
1143 5636 1202 5694 δὲ
1257 5644 1471 5718 συχιῶν
1528 5642 1762 5697 τουτωνὶ
1822 5643 2021 5700 ἐπανα-

369 5720 610 5776 στάσεων
666 5723 734 5795 ἧν
801 5724 895 5800 μὲν
936 5726 1126 5788 λαῖτιον
1179 5733 1271 5790 καὶ
1325 5734 1388 5792 τὸ
1444 5736 1537 5793 τὸν
1595 5735 1862 5796 Ἰσαάκιον
1916 5737 2017 5810 τῆν

2148 3224 2342 3278 traxit.
2404 3221 2518 3276 Sed
2574 3235 2708 3276 eum
2768 3217 3040 3272 sebastus
3095 3211 3432 3267 Theodorus
3490 3208 3807 3278 Chomnus,

2149 3311 2545 3368 chartularius
2605 3309 2892 3379 equitum,
2949 3308 3007 3359 et
3035 3299 3231 3374 prailio
3261 3299 3401 3355 vicit
3458 3302 3515 3353 et
3568 3301 3808 3368 captum

2149 3404 2381 3459 occidit.
2451 3400 2710 3458 Posthaec
2773 3395 3022 3451 Basilius
3079 3393 3322 3459 Chozas,
3377 3388 3616 3454 Tarsim,
3678 3403 3811 3450 quae

2148 3493 2495 3549 Nicomediae
2514 3490 2696 3545 vicina
2719 3492 2827 3552 est,
2860 3482 3232 3557 tyrannidem
3263 3479 3601 3551 occupavit;
3624 3488 3801 3550 quam

2148 3600 2282 3639 cum
2313 3580 2655 3654 aliquandiu
2688 3577 2997 3642 tenuisset,
3028 3577 3237 3642 captus
3262 3569 3491 3625 effossis
3521 3567 3708 3622 oculis
3739 3568 3801 3621 in

2147 3671 2475 3730 custodiam
2509 3671 2703 3725 datur.
2759 3664 3015 3735 Denique
3053 3659 3309 3717 subinde
3339 3657 3440 3713 alii
3471 3663 3649 3727 atque
3674 3655 3809 3723 alii,

2147 3777 2293 3834 pene
2324 3759 2641 3828 innumeri,
2674 3772 2790 3811 non
2823 3768 2996 3810 secus
3027 3765 3091 3805 ac
3123 3746 3426 3816 terrigena
3456 3744 3542 3799 illi
3566 3744 3798 3814 fratres,

2146 3868 2320 3922 regno
2378 3850 2643 3905 atfectato
2704 3845 2939 3917 perinde
2991 3836 3165 3911 atque
3216 3835 3392 3893 bullae
3422 3835 3630 3889 inanes
3668 3849 3803 3914 eva-

2146 3944 2424 3998 nuerunt.
2474 3943 2618 3995 Nam
2650 3942 2708 3992 et
2736 3935 3071 3991 Comnenus
3101 3926 3386 3995 Isaacius,
3427 3922 3803 3995 imperatoris

2143 4032 2459 4088 Andronici
2489 4030 2647 4087 554
2676 4042 2746 4081 ex
2779 4026 2955 4080 fratre
3011 4034 3216 4091 nepos,
3262 4013 3531 4071 custodia
3559 4012 3801 4084 elapsus

2143 4127 2200 4178 et
2231 4137 2513 4195 magnum
2571 4115 2857 4189 templum
2893 4112 3195 4184 ingressus
3235 4105 3465 4179 plebem
3499 4103 3797 4195 concitare

2141 4190 2413 4267 instituit.
2462 4207 2577 4264 Sed
2605 4204 3088 4278 comprehensus,
3124 4206 3178 4254 et
3208 4190 3797 4267 graviterrexcrucia-

2140 4305 2238 4357 tus
2268 4302 2334 4355 ut
2363 4296 2631 4354 conscios
2662 4294 3013 4362 nominaret,
3045 4284 3343 4344 intestinis
3375 4280 3671 4354 corruptis
3699 4294 3801 4352 poi-

2141 4388 2344 4446 stridie
2371 4387 2613 4443 interiit.
2646 4388 2751 4441 Est
2779 4388 2839 4439 et
2884 4380 3219 4437 Costantius
3258 4372 3571 4441 Tattioius,
3623 4370 3799 4426 homo

2144 4479 2445 4544 factiosus,
2473 4476 2575 4549 qui
2595 4474 2744 4531 clam
2778 4474 2838 4529 in
2872 4472 3017 4527 urbe
3047 4468 3397 4541 quingentos
3430 4460 3671 4518 sicarios
3694 4459 3796 4515 diu

2138 4571 2382 4637 aluerat,
2402 4568 2657 4635 delatus,
2680 4571 2737 4623 et
2760 4562 2937 4638 paulo
2958 4564 3092 4636 post
3111 4564 3319 4629 captus
3343 4554 3545 4611 oculos
3570 4550 3793 4608 amisit.

2136 4660 2222 4718 Ob
2245 4659 2399 4717 idem
2419 4658 2640 4714 crimen
2661 4654 2989 4725 Bacendyta
3020 4649 3263 4724 quidam
3290 4641 3611 4702 Commenii
3627 4656 3799 4714 gene-

2135 4749 2216 4807 ris
2248 4749 2448 4805 statim
2485 4745 2946 4819 comprehensus
2973 4739 3210 4796 easdem
3244 4750 3448 4808 pmnas
3491 4731 3621 4787 luit.
3652 4733 3801 4785 Fre-v

2102 4838 2441 4911 'quentium
2502 4835 2738 4893 illarum
2796 4831 3155 4888 seditionum
3214 4838 3395 4883 causa
3451 4823 3598 4911 erat,
3658 4832 3794 4911 cum

2135 4907 2291 5001 quod
2324 4927 2584 4984 Isaacius
2630 4923 2947 4996 imperium
3000 4915 3261 4990 segniter
3318 4907 3797 5001 administrabat,

2137 4999 2309 5092 plane
2340 5032 2656 5090 persuasus
2687 5030 2750 5069 se
2791 5011 2852 5067 id
2905 5014 2961 5065 et
2990 5004 3285 5076 accepisse
3333 4999 3641 5092 divinitus
3670 5002 3730 5092 et
3760 5015 3795 5092 a

2135 5087 2258 5166 solo
2289 5087 2404 5165 Deo
2457 5103 2762 5171 custodiri,
2794 5110 2920 5157 tum
2964 5097 3118 5170 quod
3168 5093 3438 5151 homines
3487 5087 3791 5147 ambitiosi

2133 5197 2406 5254 videbant
2463 5198 2686 5268 quanta
2743 5190 3018 5247 facilitate
3075 5200 3267 5242 rerum
3329 5180 3547 5254 potitus
3604 5182 3782 5236 esset.

2134 5278 2299 5343 Unde
2352 5286 2617 5360 plerique
2674 5283 2882 5337 insano
2913 5275 3176 5343 consilio,
3210 5273 3384 5330 modo
3436 5269 3670 5340 vellent,
3714 5284 3786 5325 se

2133 5378 2436 5450 imperium
2488 5378 2634 5434 citra
2680 5372 3117 5429 dimicationem
3174 5378 3472 5423 armorum
3530 5376 3786 5434 occupa-

2137 5474 2298 5526 turos
2358 5466 2665 5543 putabant,
2724 5476 2852 5521 eam
2923 5459 3175 5534 ingressi
3230 5457 3382 5513 viam
3441 5468 3619 5526 quam
3675 5466 3789 5543 suo

2132 5540 2400 5631 exemplo
2451 5558 2873 5613 demonstrarat
2933 5550 3213 5616 Isaacius,
3259 5544 3361 5620 qui
3412 5558 3544 5601 cum
3598 5540 3788 5614 pridie

2132 5651 2323 5708 occiso
2377 5642 3020 5720 Hegiochristopborita
3073 5639 3324 5712 supplex
3376 5635 3437 5691 in
3494 5635 3779 5704 templum

2132 5726 2512 5812 confugisset,
2571 5732 2855 5808 postridie
2884 5740 3128 5805 regnare
3173 5727 3466 5800 coepisset,
3505 5733 3787 5795 perverse
