4102 6452
279 357 390 419 791

1588 355 1908 422 ΝΙΟΕΤΑΞ
1961 350 2386 413 ΟΗΟΝῙΑΤᾹΕ

3581 359 3698 425 792

271 494 476 567 utique
529 494 752 566 judicio
786 499 1207 568 prepternaque
1238 497 1482 553 adverso
1519 500 1750 552 eventu.
1792 493 1916 548 Non

2037 477 2316 558 βασιλείαν
2377 479 2733 560 διακυϐερνᾷν
2794 485 3208 563 μαλακώτερον,
3292 485 3532 566 ἀκριϐῶς
3606 513 3698 548 πε-

268 585 424 640 enim
488 599 808 656 purpuram
845 584 992 642 555
1029 587 1129 640 sed
1185 587 1480 656 duplicem
1540 585 1921 655 ignominiam

264 674 808 746 cenaequebantur,
844 673 1026 743 aliqui
1065 676 1241 730 etiam
1300 674 1738 731 occidebantur.
1799 672 1923 728 Non

261 761 420 818 enim
450 764 600 818 solet
632 763 787 818 Deus
819 766 1018 818 eadem
1052 765 1303 820 subinde
1336 764 1558 820 ratione
1588 780 1682 819 res
1714 762 1923 818 huma-

262 867 370 906 nas
401 853 753 923 gubernare,
783 853 886 908 sed
914 853 983 907 ad
1017 853 1359 908 varietatem
1392 851 1924 909 administrationis

267 940 526 997 universi
585 941 996 998 declarandam
1028 958 1211 1015 regna
1241 948 1299 998 et
1356 943 1720 1015 principatus
1757 943 1925 998 aliter

273 1035 449 1103 atque
480 1029 648 1086 aliter
703 1031 1041 1098 transferre,
1083 1047 1156 1088 ne
1215 1031 1631 1089 minutissimis
1687 1031 1924 1102 quidem

270 1122 448 1175 rebus
479 1136 514 1174 a
570 1135 672 1173 sua
705 1135 845 1174 cura
875 1120 1146 1176 exclusis.
1185 1121 1540 1178 Pharaonem
1573 1136 1707 1176 cum
1757 1120 1923 1193 equi-

269 1212 388 1263 tatu
415 1209 471 1262 in
507 1207 686 1262 fundo
714 1208 890 1264 maris
927 1209 1231 1276 demeruit,
1260 1209 1440 1266 alium
1476 1227 1578 1282 per
1607 1211 1926 1266 formosam

269 1296 570 1352 mulierem
599 1296 856 1368 jugulat.
891 1296 1068 1353 alium
1121 1302 1193 1354 ab
1233 1300 1502 1356 hostibus
1534 1299 1711 1354 occidi
1763 1299 1923 1354 sinit.

263 1389 365 1443 Est
395 1398 452 1442 et
482 1392 580 1460 qui
643 1405 713 1444 ex
746 1391 958 1444 mentis
1004 1407 1200 1445 errore
1247 1408 1348 1461 pro
1404 1398 1630 1446 mortuo
1691 1391 1926 1445 habitus

266 1487 442 1549 atque
482 1478 761 1534 oblivioni
795 1481 1047 1535 traditus
1083 1481 1297 1553 palatio
1347 1497 1478 1536 cum
1517 1482 1716 1535 derisu
1756 1482 1924 1536 effer-

265 1571 366 1624 tur
389 1573 448 1623 et
503 1567 830 1638 sepelitur;
865 1569 1018 1625 unde
1071 1574 1321 1626 obscura
1371 1587 1508 1626 voce
1565 1570 1826 1625 clamans
1870 1573 1928 1624 et

263 1658 458 1715 lucem
489 1659 852 1728 desiderans,
879 1677 994 1716 non
1029 1661 1341 1732 imperium
1375 1666 1673 1732 expetens,
1713 1659 1926 1714 nihilo-

265 1749 462 1804 minus
515 1753 579 1803 ut
607 1749 695 1804 vir
727 1748 1027 1822 pessimus
1057 1753 1212 1805 recte
1246 1749 1572 1820 pessumire
1602 1753 1658 1805 et
1687 1747 1927 1804 interire

260 1837 498 1895 sinitur.
549 1836 717 1894 Multi
777 1837 894 1894 leni
953 1842 1142 1894 morte
1200 1837 1474 1894 exstincti
1526 1836 1686 1894 velut
1738 1835 1924 1894 oculis

261 1933 470 1975 somno
500 1917 714 1975 clausis
758 1917 896 1974 hinc
927 1917 1278 1990 demigrant.
1309 1922 1461 1974 Sunt
1499 1917 1602 1991 qui
1653 1934 1754 1990 per
1783 1917 1919 1974 hin-

256 2008 451 2066 nitum
511 2007 648 2080 equi
729 2007 802 2063 ad
863 2023 1110 2080 regnum
1172 2007 1565 2064 ascenderint.
1625 2007 1790 2064 Alius
1849 2007 1921 2064 ab

255 2101 446 2154 aratro
478 2101 537 2153 et
591 2095 754 2154 sulco
786 2097 860 2154 ad
921 2113 1246 2170 purpuram
1296 2102 1386 2154 est
1441 2100 1708 2165 vocatus,
1771 2097 1924 2154 alius

255 2189 598 2248 adolescens
664 2189 842 2262 opilio
913 2189 1196 2246 divinitus
1263 2189 1324 2246 in
1385 2205 1578 2262 regem
1656 2188 1918 2262 ungitur.

254 2279 413 2338 556
483 2279 596 2335 Sed
647 2294 933 2350 quorsum
993 2277 1204 2335 attinet
1280 2293 1746 2334 commemorare
1796 2277 1923 2334 sin-

256 2367 400 2442 gula
429 2384 556 2441 qua
587 2367 960 2425 Providentia
987 2369 1046 2424 in
1092 2367 1222 2423 vitae
1253 2367 1527 2424 humane
1559 2368 1786 2424 ratione
1817 2384 1922 2440 pro

250 2455 504 2513 utilitate
549 2455 842 2528 cujusque
895 2454 1078 2511 variis
1137 2454 1332 2512 modis
1383 2457 1575 2511 mutat
1629 2459 1686 2511 et
1727 2461 1920 2512 trans-

250 2545 371 2602 fert
399 2543 427 2600 ‘I

2031 573 2324 648 πεισμένον
2373 575 2447 638 ὠς
2506 575 2566 631 ἐκ
2616 581 2749 632 θεοῦ
2797 578 2859 632 τὸ
2913 576 3102 654 ἄρχειν
3147 576 3360 650 ἐδέξατο
3419 581 3509 637 καὶ
3567 569 3692 656 παρ’

2033 663 2242 720 ἐκείνου
2292 665 2463 738 μόνου
2517 666 2628 720 ἐστὶ
2677 667 3102 745 φρουρούμενος·
3154 668 3424 732 πλειόνως
3456 667 3504 726 δ’
3534 669 3687 728 ἐπτέ-

2032 773 2129 827 ρου
2159 753 2286 816 τοὺς
2319 753 2632 831 φιλάρχους
2675 755 2753 818 εἷς
2793 755 3104 832 παρρησίαν
3146 776 3204 811 τε
3253 758 3343 813 καὶ
3393 747 3686 818 ἀπόστασιν

2028 843 2091 897 τὸ
2121 851 2221 911 τῆς
2273 841 2556 918 βασιλείας
2607 842 2980 919 ἀπραγμὸνως
3039 841 3395 911 ἐπιλαϐέσθαι
3442 850 3536 904 τὸν
3593 851 3690 906 αύ-

2029 931 2356 1006 τοκοάτορα,
2387 931 2500 1002 καὶ,
2551 931 2625 992 ὡς
2673 931 2720 986 εἰ
2770 931 3085 1002 θελήσουσι,
3141 933 3578 1009 βασιλεύσουσιν,
3636 943 3687 996 οἱ

2029 1019 2258 1082 πλείους
2299 1019 2788 1098 φρεναπατώμενοι
2828 1022 2954 1095 ἄτερ
2993 1016 3182 1076 ὅπλων
3223 1029 3344 1086 τοῖς
3395 1029 3511 1080 κατ’
3565 1027 3687 1106 ἔφε-

2033 1133 2116 1167 σιν
2182 1109 2503 1174 πλειστάκις
2558 1106 2844 1180 ἐπέϐαλον,
2902 1110 3110 1184 ἐκείνην
3173 1113 3464 1190 ἀτραπιτὸν
3541 1119 3688 1174 στεί-

2037 1198 2224 1264 ϐοντες
2263 1203 2330 1272 ἣν
2373 1201 2596 1274 ἀνέῳξεν
2647 1199 2700 1264 ές
2759 1199 3042 1278 λεωφόρον
3100 1203 3346 1278 ἄντικρυς
3392 1207 3682 1277 Ἰσαάκιος,

2035 1294 2262 1366 ἑσπέρας
2303 1292 2394 1347 τὸν
2450 1290 3052 1368 ’Λγιοχριστοιξορίτην
3107 1290 3411 1354 ἀπεκτονὼς
3466 1295 3556 1349 καὶ
3605 1301 3686 1369 τῷ

2039 1385 2280 1459 μεγίστω
2323 1403 2428 1454 νεῳ
2489 1381 2781 1456 προσρυεὶς
2839 1382 2927 1434 καὶ
2994 1379 3318 1455 βασιλεύσας
3381 1380 3432 1442 ές
3489 1382 3686 1452 νέωτα,

2033 1478 2213 1535 κακῶς
2271 1473 2544 1546 κρίνοντες
2601 1471 2688 1524 καὶ
2756 1466 2846 1524 διὰ
2909 1474 3069 1525 τοῦτο
3135 1475 3316 1532 κακῶς
3383 1472 3689 1546 πάσχοντες

2033 1561 2124 1616 καὶ
2156 1560 2272 1616 ἀντὶ
2329 1556 2671 1636 πορφυρίδος
2729 1555 2990 1614 διπλοῖδα
3051 1557 3319 1638 αἰσχύνης
3373 1557 3688 1616 ἐνδιδυσκό-

2037 1669 2218 1724 μενοι,
2273 1649 2493 1725 ἐνιαχοῦ
2551 1644 2610 1702 δὲ
2663 1647 2754 1702 καὶ
2807 1647 3114 1724 πορφύρεον
3173 1649 3396 1704 θάνατον
3457 1650 3688 1728 ὑφιστά-

2037 1759 2214 1814 μενοι.
2247 1738 2326 1796 Οὐ
2357 1741 2462 1814 γὰρ
2491 1738 2554 1792 τὸ
2581 1742 2732 1802 θεῖοο
2763 1735 2917 1816 φιλεῖ
2947 1733 3036 1792 διὰ
3064 1743 3164 1807 τῆς
3207 1737 3376 1803 αὐτῆς
3425 1739 3686 1803 ὡσαύτως

2033 1829 2298 1897 κινήσεως
2339 1825 2376 1895 ἢ
2417 1822 2776 1902 ἓφορμήσεως
2831 1823 2898 1878 τὰ
2951 1824 3087 1880 κατὰ
3139 1825 3232 1880 τὸν
3291 1824 3475 1901 βίοτον
3535 1829 3690 1900 μεθι-

2031 1920 2156 1988 στᾷν
2191 1915 2286 1972 καὶ
2328 1907 2682 1989 διακυϐερνᾷν
2735 1915 3052 1990 πράγματα,
3113 1912 3258 1971 sua
3315 1915 3378 1970 τὸ
3433 1915 3688 1974 ποικίλον

2030 2008 2310 2080 παριστῶν
2341 2010 2442 2073 τῆς
2481 2006 2578 2058 τοῦ
2635 2002 2837 2065 παντὸς
2886 2001 3048 2058 τοῦδε
3103 1999 3439 2081 διεξαγωγῆς
3487 2026 3548 2062 τε
3597 2009 3688 2063 καὶ

2032 2091 2360 2164 διοικήσεως
2435 2089 2642 2146 ἄλλοτε
2718 2087 2907 2154 ἄλλως
2979 2091 3076 2154 τὰς
3117 2091 3362 2164 ἐξουσίας
3407 2095 3690 2172 μεθαρμό-

2033 2188 2108 2253 ζει
2184 2182 2278 2238 καὶ
2357 2180 2682 2256 μετατίθησι
2754 2181 2854 2244 τὰς
2929 2181 3127 2258 ἀρχὰς,
3208 2179 3350 2255 μηδὲ
3387 2184 3450 2240 τὸ
3490 2183 3686 2242 λεπτά.

2028 2293 2190 2330 τατον
2231 2270 2333 2327 ἐῶν
2373 2277 2474 2341 τῆς
2532 2271 2727 2327 ἑαυτοῦ
2784 2271 2976 2348 χειρὸς
3029 2266 3248 2342 ἔξωθεν.
3315 2271 3419 2330 Καὶ
3484 2275 3687 2350 Φαραὼ

2035 2364 2128 2437 μὲν
2194 2360 2380 2422 αὐτοῖς
2448 2361 2812 2437 σορατιώταις
2877 2365 2960 2434 τῷ
3021 2358 3165 2436 ἁλίῳ
3233 2363 3383 2438 βυθῷ
3449 2361 3687 2440 παραδί-

2030 2450 2214 2508 δωσιψ
2293 2447 2463 2506 ἄλλον
2540 2448 2898 2524 ἀπολαιμίζει
2975 2452 3225 2528 μαχαίρᾳ
3301 2449 3392 2508 διὰ
3492 2475 3686 2530 γυναι-

2028 2542 2150 2610 κὸς,
2225 2539 2316 2596 καὶ
2391 2540 2594 2611 ταύτης
2668 2537 3059 2616 καλλιπαρῂου
3133 2541 3228 2597 καὶ
3315 2540 3680 2600 λευκωλένου’

260 2628 444 2708 ἕτερον
489 2630 651 2712 χερσὶ
709 2634 818 2688 τῶν
901 2629 1189 2705 πολεμίων
1281 2629 1560 2709 παραδοὺς
1613 2634 1724 2688 τῶν
1780 2628 1914 2706 τῇδε
1987 2630 2322 2706 μεθίστησιν.
2375 2630 2532 2686 Ἔστι
2585 2625 2632 2684 δ’
2687 2627 2746 2691 ὅς
2801 2629 2897 2691 τὰς
2954 2628 3148 2708 φρένας
3205 2634 3538 2706 παρακοπείς
3593 2633 3683 2688 καὶ

255 2720 540 2798 λογισθεὶς
597 2720 724 2776 ὡσεὶ
781 2721 968 2787 νεκρὸς
1023 2719 1130 2776 ἀπὸ
1187 2717 1414 2796 καρδίας
1469 2719 1562 2776 καὶ
1623 2719 1699 2782 εἷς
1755 2721 1914 2784 τέλος
1973 2717 2293 2790 ἐπιλησθεὶς
2365 2723 2474 2774 τῶν
2547 2717 2790 2798 ἀρχείων
2861 2720 2976 2792 μετ’
3060 2718 3454 2797 έπιχαρμάτων
3525 2721 3684 2778 ἐκκο-

259 2809 474 2885 μίζεται
529 2809 621 2866 καὶ
678 2813 823 2888 ταφῇ
882 2810 1330 2885 παραπέμπεται,
1382 2809 1631 2874 κάκεῖθεν
1681 2808 1882 2866 λεπτὸν
1934 2810 2168 2884 ὑπηχῶν
2213 2807 2306 2864 καὶ
2355 2811 2542 2872 ποθῶν
2592 2810 2692 2878 τὴν
2739 2809 2970 2884 ἡμέραν,
3021 2809 3083 2864 ού
3131 2817 3232 2879 τῆς
3282 2813 3462 2888 ἀρχῆς
3531 2813 3688 2868 ἀντευ-

255 2899 520 2976 χόμενος,
594 2901 749 2956 ’ἐᾶται
821 2899 914 2955 καὶ
991 2895 1136 2954 οὕτω
1211 2899 1502 2976 φθινύθειν,
1579 2897 1669 2952 καὶ
1745 2899 1820 2962 ὡς
1898 2895 2109 2974 ἀνδρῶν
2186 2897 2467 2974 χείριστος
2544 2896 2726 2960 καλῶς
2791 2899 3006 2977 ἀφίεται
3075 2897 3246 2955 ἵεσθαι
3325 2906 3504 2964 κακῶς
3587 2901 3686 2970 τὴν

254 2987 312 3050 ἐς
365 2988 608 3044 θάνατον.
677 2984 892 3044 Πολλοὶ
951 2984 1009 3042 δὲ
1073 2984 1305 3060 μαλακῷ
1363 2983 1618 3059 δαμέντες
1678 2987 1895 3060 Θανάτῳ
1951 2987 2090 3062 πρὸς
2145 2987 2213 3042 τὰ
2272 2985 2471 3050 ἐκεῖθεν
2543 2987 2619 3049 ὡς
2678 2985 2940 3059 μύυαντες
3013 2987 3066 3043 έν
3136 2987 3287 3062 ὕπνῳ
3364 2984 3684 3063 μετέϐησαν.

255 3075 384 3136 Elei
443 3075 490 3132 δ’
551 3075 605 3132 οἳ
661 3076 754 3132 καὶ
808 3079 907 3132 τοῦ
961 3075 1136 3131 ἳππου
1192 3075 1624 3151 χρεμετίσαντος
1679 3081 1779 3146 τῆς
1841 3077 2124 3151 βασιλείας
2201 3069 2490 3146 ἐπέϐησαν.
2563 3073 2772 3138 Ἄλλος
2846 3075 2899 3147 ἐξ
2975 3077 3210 3152 ἀρότρου
3281 3077 3371 3132 καὶ
3446 3076 3690 3144 αὔλακος

252 3168 354 3237 τὴν
419 3168 507 3240 [Ρ.
567 3167 697 3238 2'72]
752 3159 1021 3236 τήϐενναν
1080 3165 1413 3238 ἠμφιέσατο,
1469 3163 1560 3220 καὶ
1630 3163 1981 3240 μειρακίσκος
2047 3159 2352 3240 προϐατεὺς
2430 3162 2706 3234 ἐξόπισθεν
2785 3163 3015 3245 ληφθεὶς
3097 3169 3203 3222 τῶν
3291 3165 3686 3243 λοχευομένων

253 3254 582 3332 θεόχριστος
613 3248 770 3334 ὤφθη
828 3250 1106 3330 βασιλεύς.
1165 3253 1273 3310 Καὶ
1329 3253 1383 3308 τί
1435 3253 1498 3308 ἄν
1563 3275 1645 3317 τις
1705 3253 1874 3329 διεξίῃ
1931 3255 1997 3309 τὰ
2051 3253 2228 3309 πάντα
2283 3249 2320 3324 ἥ
2379 3252 2448 3309 τὰ
2502 3249 2752 3327 πλείονα,
2813 3255 2986 3311 ὁπόσα
3043 3257 3076 3326 ἡ
3136 3254 3484 3334 πολύτροπος
3544 3258 3690 3334 Πρό-

252 3363 380 3399 νοια
409 3347 560 3398 ποιεῖ
587 3343 678 3398 καὶ
713 3342 1095 3416 μετασκευάζει
1122 3343 1260 3398 κατὰ
1288 3341 1352 3398 τὸ
1381 3343 1590 3417 ἑκάστῳ
1617 3347 1727 3400 τῶν
1759 3343 2058 3418 ἀνθρώπων
2091 3345 2372 3419 χρήσιμον
2397 3362 2412 3411 ;

326 3437 615 3492 Caeterum
637 3433 734 3491 hic
754 3433 1077 3506 imperator
1106 3450 1329 3506 pronus
1346 3435 1419 3491 ad
1445 3434 1594 3491 iram
1613 3439 1670 3492 et
1703 3451 1913 3506 magna

2096 3431 2469 3506 Εὗέμπτωτος
2549 3431 2594 3488 δ’
2671 3431 2744 3490 ὥν
2819 3436 2847 3490 ὁ
2925 3434 3184 3510 βασιλεὺς
3233 3437 3310 3500 είς
3359 3437 3550 3512 θυμὸν,
3591 3439 3682 3494 καὶ

255 3523 330 3580 de
361 3523 678 3593 semetipso
733 3521 1118 3594 persuasione
1173 3522 1463 3592 imbutus,
1517 3539 1635 3580 non
1679 3527 1909 3580 tantum

249 3611 362 3669 levi
396 3612 468 3670 de
498 3627 678 3669 causa
707 3611 809 3668 sed
841 3611 1018 3669 etiam
1049 3629 1120 3668 ex
1149 3611 1312 3670 inani
1343 3611 1702 3686 suspicione,
1734 3617 1792 3670 et
1813 3612 1912 3670 ali-

253 3703 490 3775 quando
539 3701 787 3758 sliorum
845 3701 1130 3774 impulsu,
1167 3701 1388 3759 multos
1419 3703 1573 3760 male
1619 3704 1910 3760 tractavit.

251 3791 397 3848 Nam
427 3795 485 3848 et
529 3790 932 3848 Andronicum
963 3792 1336 3850 Comnenum
1369 3792 1520 3864 (erat
1547 3791 1600 3848 is
1627 3791 1810 3850 Alexii
1844 3793 1912 3848 ﬁ-

250 3885 392 3953 lius,
424 3881 546 3939 nati
575 3898 644 3940 ex
675 3882 967 3955 Bryennio
1009 3887 1233 3940 Caesare
1261 3886 1321 3938 et
1347 3885 1516 3939 Anna
1547 3882 1674 3938 ﬁlia
1701 3882 1914 3953 Alexii,

255 3972 432 4048 primi
489 3988 558 4029 ex
633 3971 955 4029 Comnenia
1011 3971 1233 4028 familia
1317 3970 1736 4044 imperatoris),
1813 3972 1917 4044 qui

255 4060 686 4120 Thessalonica
747 4064 1017 4133 praeerat,
1075 4060 1402 4118 delatuma
1461 4061 1716 4132 quodam
1747 4061 1915 4134 quasi

255 4167 502 4225 regnum
562 4149 878 4219 affectarat,
911 4167 1096 4223 eaque
1127 4152 1198 4208 de
1229 4165 1290 4207 re
1318 4165 1454 4208 cum
1484 4149 1684 4208 Alexio
1738 4151 1916 4208 notho

255 4241 377 4297 filio
408 4238 717 4311 Manuelis,
750 4239 978 4314 pridem
1011 4240 1497 4313 sebastocratore,
1518 4245 1646 4297 tum
1687 4241 1915 4298 Drama:

257 4331 525 4402 degente,
583 4343 889 4386 sermones
921 4331 1204 4398 conferre,
1265 4330 1466 4387 statim
1525 4331 1914 4404 comprehen-

257 4418 518 4474 dendum
549 4423 766 4474 censet.
791 4417 834 4473 li
883 4434 1016 4476 vero
1047 4419 1264 4490 quibus
1296 4420 1354 4475 id
1389 4420 1734 4476 mandatum
1768 4425 1914 4488 erat,

258 4522 396 4562 cum
428 4505 486 4562 in
519 4506 926 4563 Andronicum
949 4509 1021 4564 ad
1053 4507 1468 4580 imperatorem
1501 4513 1914 4567 ascendentem

260 4597 634 4662 incidissent,
716 4596 994 4654 mandata
1049 4599 1447 4670 neglexerunt,
1519 4601 1698 4657 feram
1761 4600 1916 4658 ultro

259 4687 480 4761 Cpolim
539 4692 822 4760 tanquam
858 4687 1190 4760 decipulam
1249 4689 1700 4761 ingredientem,
1759 4695 1817 4747 et
1844 4693 1914 4748 ad

263 4793 400 4835 eum
431 4777 760 4834 venientem
794 4793 828 4833 a
875 4793 991 4848 quo
1023 4783 1376 4850 captaretur,
1433 4794 1548 4834 non
1579 4780 1914 4836 terrendam

260 4884 388 4926 esse
419 4868 550 4925 rati.
583 4868 691 4934 Qui
723 4884 858 4925 cum
889 4867 950 4923 in
984 4867 1190 4925 Isaacii
1221 4873 1598 4940 conspectum
1642 4870 1918 4941 venisset,

260 4957 459 5013 statim
489 4956 752 5028 perfidiis
773 4955 1178 5014 insimulatur.
1209 4957 1288 5013 Eo
1315 4956 1536 5013 crimen
1566 4957 1620 5012 id
1651 4963 1920 5030 negante.

259 5045 488 5118 species
538 5045 811 5118 quaedam
863 5045 1081 5118 judicii
1137 5045 1512 5106 instituitur:
1557 5047 1660 5104 sed
1717 5047 1926 5105 deinde

261 5135 415 5193 557
455 5133 678 5192 indicta
735 5151 915 5192 causa
945 5135 1407 5208 comprehensus
1463 5136 1834 5194 Andronicus
1865 5137 1924 5193 in

264 5237 560 5280 carcerem
591 5223 904 5295 conjicitur
933 5229 990 5282 et
1031 5224 1204 5298 paulo
1237 5229 1367 5298 post
1391 5231 1731 5284 exeat-catur.
1789 5227 1924 5283 Ale-

265 5313 399 5370 xius
429 5327 584 5377 vero,
618 5311 718 5385 qui
745 5313 796 5369 ei
847 5314 1120 5370 conscius
1145 5331 1272 5372 esse
1327 5315 1653 5386 dicebatur,
1682 5316 1741 5371 in
1790 5332 1925 5372 mo-

263 5399 588 5459 nasterium
663 5403 962 5475 quoddam
1021 5403 1255 5476 Papycii
1341 5405 1584 5474 montis,
1635 5405 1806 5464 nobis
1865 5406 1924 5463 id

269 5489 669 5548 ministerium
720 5493 1201 5566 exsequentibus,
1259 5495 1651 5554 abstruditur.
1684 5500 1764 5554 De
1815 5513 1926 5568 quo

263 5595 398 5637 eum
461 5577 644 5635 multa
675 5581 869 5640 dicere
921 5597 1179 5654 possem,
1213 5599 1402 5656 pauca
1432 5585 1718 5642 duntaxat
1749 5587 1925 5642 attin-

266 5684 425 5743 gam.
460 5664 588 5722 Non
617 5673 745 5726 erat
799 5667 898 5728 ille
927 5685 1202 5744 procerus
1233 5671 1520 5731 duntaxat
1574 5678 1632 5732 et
1676 5674 1844 5732 fortis
1875 5681 1929 5732 et

2027 3521 2242 3600 μεγάλα
2289 3521 2413 3598 περὶ
2481 3525 2673 3580 ἑαυτοῦ
2731 3526 3151 3603 φανταζόμενος,
3211 3526 3310 3582 οὐκ
3365 3528 3425 3583 ἐκ
3485 3534 3682 3604 μικρᾶς

2026 3613 2192 3685 μόνον
2222 3610 2658 3690 παραῤῥιφείσης
2690 3607 2888 3686 λαϐῆς,
2919 3611 3066 3670 ἀλλὰ
3093 3615 3198 3671 κάκ
3225 3610 3396 3690 μόνης
3422 3618 3680 3682 ὑπονοίας

2022 3698 2195 3756 ἐνίοτε
2233 3701 2324 3755 καὶ
2380 3707 2482 3771 τῆς
2536 3701 2681 3776 παρά
2729 3720 2890 3758 τινων
2949 3703 3282 3781 εἰσηγήσεως
3338 3710 3520 3771 κακῶς
3581 3707 3686 3764 ἐτί-

2025 3801 2104 3855 θει
2135 3788 2406 3852 πολλούς.
2437 3791 2544 3846 Τόν
2589 3812 2648 3848 τε
2689 3792 2796 3868 γὰρ
2843 3795 3126 3867 Κομνηνὸν
3188 3793 3536 3872 ’Δνδρόνικον
3589 3799 3682 3874 (ἦν

2025 3877 2085 3934 δέ
2113 3879 2276 3942 οὗτος
2324 3879 2571 3950 Ἀλεξίου
2631 3887 2781 3954 παῖς,
2828 3885 2886 3938 δν
2933 3883 3220 3960 Βρυέννιος
3268 3885 3297 3940 ὁ
3337 3888 3545 3964 Καῖσαρ
3591 3890 3684 3944 καὶ

2024 3969 2196 4026 Ἀννα
2225 3967 2464 4044 ἐγείνατο
2503 3973 2538 4040 ἡ
2584 3972 2823 4048 θυγάτηρ
2881 3969 3132 4045 Ἀλεξίου
3191 3979 3288 4031 τοῦ
3337 3982 3575 4053 πρῶτως
3623 3977 3686 4035 ἐκ

2028 4059 2336 4132 Κομνηνῶν
2419 4059 2862 4136 βασιλεύσαντος)
2940 4059 2993 4117 ἐν
3069 4067 3150 4136 τῷ
3225 4065 3490 4142 χειρίζειν
3587 4069 3690 4139 τήν

2025 4147 2470 4204 Θεσσαλονικέων
2512 4149 2692 4226 ἀρχὴν
2739 4149 3184 4228 εἰσηγησαμένου
3234 4156 3382 4218 τινὸς
3429 4164 3530 4228 τῆς
3587 4158 3686 4234 βα-

2027 4236 2236 4300 σιλείας
2313 4239 2436 4314 έρᾷν
2488 4239 2607 4324 Ϋκαί
2679 4239 3122 4316 κοινολογεῖσθαι
3195 4245 3318 4319 περὶ
3372 4249 3471 4301 τοῦ
3520 4245 3684 4324 ἔργου

2033 4331 2113 4400 τῷ
2151 4329 2350 4404 πρώην
2409 4323 2868 4404 σεϐαστοκράτορι
2931 4330 3184 4406 ’Δλεξίῳ,
3240 4337 3322 4407 τῷ
3373 4335 3522 4404 νόθῳ
3584 4323 3690 4410 υἱῷ

2023 4421 2120 4471 τοῦ
2150 4417 2574 4494 αὐτοκράτορος.
2607 4419 2900 4490 Μανουὴλ,
2950 4423 3088 4477 κατὰ
3137 4423 3240 4493 τὴν
3293 4425 3512 4500 Δράμαν
3564 4427 3730 4484 τότε’

2026 4503 2295 4583 διάγοντι,
2368 4505 2528 4572 εὐθὺς
2594 4511 2692 4564 τοῦ
2744 4506 3126 4586 συλληφθῆναι
3175 4513 3345 4587 κρίνει
3394 4513 3564 4586 ἂξιον.
3621 4515 3690 4574 Οἱ

2027 4597 2123 4670 μὲν
2165 4597 2258 4651 οὖν
2287 4595 2382 4658 είς·
2443 4601 2606 4652 τοῦτο
2667 4598 3068 4664 ἀποσταλέντες
3127 4602 3202 4664 ὡς
3251 4601 3508 4682 ἐνέτυχον
3574 4607 3695 4664 Ἀν-

2025 4683 2264 4761 δρονίκῳ
2293 4687 2432 4761 πρὸς
2480 4685 2714 4762 βασιλέα
2756 4685 3054 4761 ἐπανιόντι,
3115 4689 3268 4748 οὐδὲν
3327 4691 3401 4750 ὧν
3462 4695 3694 4771 ὡρίσθη-

1950 4822 1996 4888 D
2029 4797 2121 4886 σαν
2201 4773 2632 4888 διαπεπρρίχασι,
2691 4775 2812 4888 δέοιν
2871 4778 3150 4888 κρίναντες
3209 4783 3288 4856 μή
3346 4781 3691 4861 προσοϐῆσαι

2026 4867 2090 4922 τὸ
2147 4875 2369 4942 θήραμα
2434 4866 2692 4938 έκόντως,
2760 4868 2834 4931 ὡς
2904 4865 3128 4925 δίδωσιν
3214 4873 3372 4948 ὁρᾷν,
3446 4874 3688 4949 καθάπερ

2033 4953 2110 5018 εἷς
2175 4954 2478 5032 γαλεάγραν
2554 4957 2653 5027 τήν
2736 4959 3312 5018 Κωνσταντινούπολιν
3373 4963 3534 5020 εἰσιὸν
3597 4962 3686 5017 καὶ

2035 5044 2253 5120 ἐγγίζον
2290 5049 2369 5118 τῷ
2422 5045 2742 5122 προθεμένῳ
2793 5044 3106 5106 συλλαϐεῖν.
3158 5052 3372 5131 Ὀφθεὶς
3422 5049 3478 5107 δὲ
3531 5054 3684 5127 βασι-

2036 5136 2126 5194 λεῖ
2175 5134 2428 5209 Ἰσαακίῳ
2490 5133 2840 5213 Ἀνδρόνικος
2899 5137 2976 5200 εἷς
3031 5139 3284 5197 ἀπιστίαν
3340 5140 3496 5208 εὐθὺς
3551 5141 3690 5198 ὀνει-

2038 5223 2262 5296 δίζεται.
2340 5223 2604 5282 Κάκείνου
2696 5226 2825 5288 τοὺς
2927 5225 3195 5308 ἐλέγχους
3299 5232 3700 5304 ἀπαιτήσαντος

2037 5323 2236 5393 σχῆμα
2264 5315 2429 5388 μόνον
2484 5311 2810 5387 διαιτήσεως
2861 5315 2927 5372 τὰ
2975 5324 3075 5387 τῆς
3123 5315 3284 5390 δίκης
3333 5317 3573 5392 ἐδέξατο,
3629 5323 3702 5380 Τὸ

2038 5404 2085 5461 δ’
2115 5407 2178 5462 ’sx
2221 5403 2419 5460 τούτου
2469 5403 2520 5478 ἐξ
2579 5403 2793 5481 ἐρήμου
2853 5407 3138 5482 συσχεθεὶς
3204 5406 3563 5486 Ἀνδρόνικος
3625 5411 3704 5468 είς

2039 5493 2290 5570 φυλακὴν
2358 5492 2645 5568 ἀπάγεται,
2717 5495 2853 5568 μετὰ
2915 5497 3111 5570 μικρὸν
3173 5495 3232 5553 δέ
3299 5499 3390 5555 καὶ
3453 5501 3551 5564 τὰς
3607 5502 3707 5558 κό-

2040 5606 2134 5660 ρας
2184 5583 2523 5639 ἐκκόπτεται.
2584 5584 2691 5640 Καὶ
2747 5585 2840 5638 τὸν
2899 5585 3190 5662 συνίστορα
3256 5585 3314 5644 δὲ
3368 5589 3550 5664 τούτῳ
3599 5598 3703 5663 τῆς

2040 5671 2322 5764 βασιλείας
2355 5671 2646 5756 λεγόμενον
2683 5674 2830 5754 ¹εἶναι
2871 5673 3131 5752 ,Ἀλέξων
3173 5678 3266 5764 τὸν
3317 5683 3420 5764 τῇς
3475 5687 3702 5758 Κομνηε-
