4102 6378
405 328 523 393 793

1530 325 1631 387 DE
1674 321 1990 388 ISAACIO
2035 327 2348 389 ANGELO
2391 329 2540 391 LIB.
2588 327 2690 392 III:

3710 325 3828 397 794

398 472 498 536 νῆς
558 459 844 537 Θεοδώρας
903 461 1017 516 υἱὸν
1070 456 1351 533 ἀποκείρει
1416 457 1494 522 είς
1546 459 1863 532 μονάζοντα.
1897 462 2060 529 ἡμῶν

2189 464 2640 533 rordatissimus,
2697 462 2862 519 vultu
2910 465 3135 530 patrem
3189 458 3361 531 plane
3414 459 3693 530 referens,
3740 480 3828 517 rc-

407 554 864 630 ὑπουργησάιτων
924 555 1000 619 τῷ
1060 548 1208 625 ἔργῳ
1257 549 1376 602 καθ’
1433 544 1486 602 ἓν
1545 553 1652 603 τῶν
1689 548 1740 602 ἐν
1770 554 1846 618 τῷ
1882 554 2067 603 Παπυ-

404 644 508 716 κίῳ
539 644 826 715 σεμνείων.
889 639 1016 713 Περὶ
1079 639 1141 693 οὗ
1199 639 1288 693 καὶ
1350 638 1453 691 οὐκ
1512 636 1676 711 ὀλίγα
1710 635 2066 692 είπεῖνδυνά-

408 754 568 805 μενος
614 731 824 805 βραχέα
879 747 1253 800 μεμνησομαι.
1320 725 1398 780 Οὐ
1454 727 1557 802 γὰρ
1615 728 1682 795 ἦν
1747 727 1912 800 μόνον
1982 730 2069 779 εὑ-

413 825 597 895 μτςκης
655 820 745 874 καὶ
806 816 1055 892 ἀνδρεῖος
1113 816 1201 870 καὶ
1259 813 1482 890 πλήρης
1536 816 1817 884 συνέσεως,
1876 812 2068 888 πατρί-

412 917 515 981 ζων
542 913 642 979 τήν
705 905 828 981 ὄψιν
890 902 1131 981 ἀκριϐῶς
1189 905 1284 968 τάς
1342 927 1400 960 τε
1460 911 1649 979 χεῖρας
1688 904 1922 976 ἀκμαῖος
1978 904 2067 958 καὶ

414 1001 539 1064 τοὺς
562 1000 749 1072 ὤμους
780 999 900 1053 κατ’
944 996 1144 1051 ἐκεῖνον
1198 994 1422 1068 ὕπερθεν
1481 991 1626 1069 ἔχων
1679 993 1882 1067 εὐρέας,
1922 992 2068 1049 ἀλλὰ

406 1088 497 1145 καὶ
529 1088 602 1143 ὡς
636 1086 828 1142 ἐπίπαν
868 1084 1127 1159 μείλιχος
1171 1084 1259 1138 καὶ
1314 1084 1673 1148 εὐέντευκτος.
1736 1085 1878 1159 ΙΙρὸς
1909 1083 1940 1138 ἄ
1977 1083 2066 1137 καὶ

409 1179 435 1233 ὁ
465 1174 748 1239 πολύτλας
779 1172 1130 1250 Ἀνδρόνικος
1161 1172 1370 1227 ἀπιδὼν
1414 1174 1515 1243 τήν
1547 1172 1747 1227 οἰκείαν
1804 1174 2067 1248 θυγατέρα

403 1265 644 1343 Εἰρήνην
700 1264 1027 1339 ἐμντςστευσε
1082 1268 1160 1335 τῷ
1245 1259 1421 1337 ἀνδρὶ,
1481 1262 1671 1338 κρίνας
1734 1263 1823 1318 καὶ
1886 1284 2067 1337 παρα-

404 1356 607 1428 νόμους
652 1355 860 1429 γάμους
919 1351 1270 1421 τετελεκέναι,
1333 1353 1377 1407 εἷ
1435 1350 1629 1426 μὲλλει
1694 1351 1857 1424 μόνον
1912 1351 2069 1407 Ἀλὲ-

410 1446 521 1516 ξιο;
590 1450 705 1506 τοῖς
772 1443 1163 1520 γνησιωτὲροις
1223 1441 1408 1514 ἐκεινῳ
1489 1444 1797 1518 συγγενέσιν
1874 1439 2067 1516 ἐγγρά-

412 1537 621 1611 φεσθαι,
705 1534 823 1596 ὅθεν
886 1532 1156 1594 πλειόνως
1223 1530 1401 1603 τούτῳ
1469 1531 1609 1604 ἤπερ
1694 1536 1810 1592 τοῖς
1896 1532 2068 1585 υὶεῦσι

408 1621 726 1696 προσέκειτο
785 1623 1070 1698 πρότερον,
1138 1622 1227 1676 καὶ
1294 1627 1394 1689 τῆς
1480 1618 1766 1695 βασιλείας
1836 1618 2068 1693 ἐμελέτα

404 1712 755 1786 καταλείψειν
817 1711 1101 1787 διάδοχον.
1160 1706 1757 1785 Μεταϐουλευσάμενος
1798 1709 1845 1765 δ’
1909 1710 2068 1766 ὕστε-

408 1821 500 1875 ρον
533 1803 624 1859 τὸν
664 1804 780 1857 υἱὸν
813 1803 1069 1872 Ἰωάννην
1111 1797 1418 1869 ἀνθείλετο,
1476 1799 1737 1874 εἰρηκὼς,
1794 1800 1929 1873 πρὸς
1970 1800 2062 1862 οὓς
2101 1841 2145 1905 Β

406 1892 701 1948 ἀνέπτυσσε
740 1893 805 1947 τὰ
834 1897 940 1946 τῶν
988 1891 1384 1968 βουλευμάτων
1440 1890 1728 1966 ἀπόρρητα
1782 1892 1857 1962 μὴ
1919 1888 1968 1959 ἐξ
2029 1895 2067 1947 Α

406 1982 482 2044 εἷς
517 1985 681 2051 Ατὴν
715 1980 998 2057 βασιλείαν
1065 1985 1407 2055 μεταπεσεῖν,
1467 1979 1614 2034 ἀλλὰ
1657 1983 1736 2051 τῷ
1770 1982 1789 2036 Ι
1854 1977 2067 2051 μᾶλλον

406 2071 733 2148 προσρέπειν
764 2071 855 2127 καὶ
896 2069 972 2132 είς
1003 2074 1165 2126 τοῦτο
1220 2069 1435 2142 μᾶλλον
1493 2069 1670 2124 θεόθεν
1725 2068 2068 2144 συνάγεσθαι.

404 2162 555 2234 ’Λμα
612 2158 670 2215 δέ
728 2164 797 2234 τῇ
857 2158 1138 2232 μεταθέσει
1186 2165 1288 2229 τῆς
1342 2158 1573 2232 γνώμης
1633 2157 1667 2227 ἣ
1759 2157 1901 2232 εἶχεν
1989 2155 2071 2210 ἐπ’

409 2248 641 2320 Ἀλεξίῳ
675 2246 1050 2324 Ἀνδρόνικος,
1081 2249 1172 2302 καὶ
1204 2254 1306 2317 τῆς
1371 2247 1646 2308 συντονίας
1684 2250 1780 2302 τοῦ
1838 2244 2071 2324 φίλτρου

414 2335 697 2408 ὑπὲληξεν.
733 2336 805 2391 Οὐ
865 2336 968 2411 γὰρ
1019 2337 1093 2397 ὡς
1163 2337 1414 2412 συμφυὴς
1472 2330 1549 2390 ἔτι
1608 2331 2071 2410 περιεσπούδαστο

408 2426 879 2504 καὶὸμόψυχοςὸ
914 2425 1185 2494 Ἀλὲξιος,
1245 2423 1372 2479 ἀλλ’
1429 2425 1503 2486 ὡς
1563 2423 1795 2504 φιλτάτῃ
1854 2424 2073 2499 θυγατρὶ

411 2520 676 2570 συνοικῶν
710 2512 781 2568 δι’
812 2510 1003 2574 αἰδοῦς
1038 2514 1202 2586 μόνον
1233 2515 1316 2587 [Ρ.
1378 2515 1506 2585 273]
1537 2513 1704 2589 ἤγετο
1743 2513 1833 2567 καὶ
1879 2519 2072 2585 τιμῆς.

409 2605 561 2661 Μετὰ
621 2600 677 2658 δέ
735 2623 856 2657 τινα
910 2602 1102 2674 καιρὸν
1186 2600 1282 2655 καὶ
1364 2605 1559 2657 τοῦτον
1626 2603 1923 2672 ἀπεξὲνωσε
1978 2606 2075 2656 τοῦ

411 2694 613 2772 φωτὸς,
674 2693 774 2760 τὴν
826 2689 874 2746 δ’
936 2690 1110 2745 αἰτίαν
1140 2690 1495 2766 προειπόντες
1543 2685 1767 2771 ἔχομεν.
1803 2690 2078 2761 Ἀνακλη-

414 2782 524 2846 osi;
578 2779 635 2836 δέ
691 2781 827 2854 μετὰ
882 2784 1050 2834 ταῦτα
1088 2780 1226 2854 πρὸς
1288 2783 1386 2834 τοῦ
1469 2778 1741 2855 βασιλέως
1797 2780 2075 2837 Ἰσαακίου

410 2870 501 2926 καὶ
552 2870 656 2924 ἀπὸ
718 2864 1216 2943 σεϐαστοκράτορος
1296 2868 1372 2931 εἰς
1442 2868 1684 2944 Καίσαρα
1769 2867 2075 2940 ὑποδεθεὶς,

416 2962 493 3024 ὡς
551 2961 690 3036 εἶχε,
748 2960 815 3015 τὰ
866 2959 1064 3035 ἀρχεῖα
1122 2958 1360 3029 ἐξέκλινε
1426 2959 1517 3015 καὶ
1573 2962 1675 3030 τήν
1734 2960 1853 3015 καθ’
1887 2961 2074 3015 ἑαυτὸν

414 3049 608 3107 ἐδίωκε
642 3050 858 3123 βίωσιν,
890 3046 1037 3117 πλὴν
1069 3047 1186 3103 οὐδ’
1243 3046 1416 3111 οὕτως
1464 3050 1555 3104 τὸν
1591 3046 1797 3105 ἄλυπον
1852 3049 2080 3125 ἐκίχησε

420 3140 557 3216 βίον.
591 3141 730 3197 Τότε
760 3135 805 3193 δ’
839 3135 929 3193 οὖν
949 3139 1049 3208 τὴν
1083 3137 1171 3193 ἐπὶ
1226 3139 1293 3193 τὰ
1347 3137 1522 3218 χείρω
1579 3134 1657 3193 ἔτι
1701 3137 1915 3212 μᾶλλον
1967 3143 2074 3195 τῶν

2181 554 2369 609 bustis
2401 557 2677 610 manibus
2706 561 2763 609 et
2795 554 2927 607 latis
2961 553 3246 613 humeris,
3274 552 3371 605 sed
3409 551 3585 605 etiam
3627 553 3828 608 humav

2181 642 2459 699 nissimus
2486 652 2543 697 et
2574 659 2806 700 acceSsu
2844 641 3179 695 facillimus.
3208 640 3363 703 Quas
3391 640 3463 693 ob
3488 656 3578 693 res
3608 656 3819 694 (eruni-

2178 747 2362 787 nosus
2408 733 2506 787 ille
2591 733 2965 786 Andronicus
3024 729 3203 783 tiliam
3278 728 3325 783 ei
3390 745 3555 784 suam
3626 730 3831 784 lrenen

2180 822 2592 892 desponderat,
2653 837 2757 877 nec
2787 824 2859 875 ab
2913 820 3151 875 incestis
3208 819 3432 891 nuptiis
3489 818 3832 883 abhorrens,

2181 912 2353 965 modo
2403 910 2667 966 Alexium
2701 911 2913 966 intima
2943 907 3338 964 familiaritate
3369 907 3479 962 sibi
3512 907 3833 977 conjunge-

2179 1005 2281 1055 ret.
2320 998 2482 1055 Unde
2541 1002 2760 1055 factum
2795 1005 2883 1054 est
2930 1003 2996 1053 ut
3027 997 3213 1070 pluris
3241 1013 3374 1053 eum
3410 997 3623 1052 faceret
3652 1013 3831 1069 quam

2179 1090 2403 1161 pridem
2436 1090 2586 1144 ﬁlios
2620 1106 2782 1153 suos,
2814 1096 2870 1144 et
2927 1086 3159 1159 imperii
3216 1103 3609 1142 successorem
3661 1086 3836 1141 relin-

2179 1195 2355 1250 quere
2380 1179 2438 1233 in
2471 1178 2668 1234 animo
2705 1180 2977 1233 haberet:
3024 1177 3123 1232 sed
3160 1181 3294 1248 post
3329 1181 3553 1232 mutato
3584 1175 3835 1232 consilio

2179 1269 2363 1324 filium
2393 1270 2676 1325 Joannem
2717 1271 2766 1323 ei
2821 1267 3087 1339 praetulit,
3146 1267 3389 1339 suisque
3441 1268 3836 1323 familiaribus

2178 1359 2321 1413 dixit
2355 1359 2665 1429 imperium
2707 1357 2900 1411 divino
2932 1357 3176 1413 consilio
3227 1373 3341 1411 non
3378 1357 3451 1411 ab
3483 1361 3523 1410 A
3558 1358 3613 1411 in
3650 1359 3695 1412 A
3727 1357 3828 1411 sed

2178 1444 2284 1502 inI
2319 1450 2511 1518 potius
2545 1452 2955 1502 transiturum.
2990 1452 3063 1499 Ea
3098 1446 3387 1500 sententia
3439 1453 3680 1511 mutata,
3715 1463 3831 1500 una

2177 1538 2352 1592 etiam
2386 1539 2653 1592 ardorem
2686 1537 2904 1592 amoris
2964 1551 3101 1605 erga
3148 1535 3409 1591 Alexium
3471 1536 3829 1590 immutavit.

2175 1626 2375 1698 Neque
2426 1627 2581 1682 enim
2643 1633 2707 1681 ut
2756 1627 2919 1697 prius
2984 1626 3313 1690 amabatur,
3375 1642 3562 1697 neque
3615 1625 3833 1695 ubique

2173 1716 2549 1788 imperatoris
2602 1714 2771 1770 lateri
2802 1712 3157 1778 adhaerebat,
3206 1715 3305 1767 sed
3367 1719 3432 1767 ut
3476 1713 3837 1768 charissima:

2175 1804 2307 1861 ﬁliis
2340 1806 2613 1871 maritus,
2647 1809 2879 1861 tantum
2915 1803 3136 1860 honore
3159 1803 3414 1875 quodam
3449 1802 3836 1858 afficiebatur.

2178 1896 2395 1951 Verum
2451 1892 2754 1961 aliquanto
2788 1900 2918 1963 post
2976 1898 3032 1948 et
3063 1891 3223 1947 hunc
3276 1891 3498 1947 lumine
3529 1891 3682 1948 558
3723 1892 3841 1964 pri-

2174 1986 2349 2053 vavit,
2395 1986 2565 2055 cujus
2597 2001 2777 2056 poenae
2831 1999 3071 2040 causam
3107 1988 3241 2038 ante
3301 1983 3582 2038 diximus.
3619 1982 3840 2038 Deinde

2172 2078 2244 2134 ab
2293 2077 2647 2148 imperatore
2677 2073 2899 2129 lsaacio
2959 2077 3285 2142 revocatus,
3331 2076 3386 2127 et
3440 2088 3544 2144 pro
3575 2072 3839 2128 sebasto-

2178 2170 2403 2222 cratore
2442 2165 2633 2219 Caesar
2657 2163 3030 2234 designatus,
3064 2161 3372 2232 palatium,
3406 2165 3699 2233 quantum
3732 2177 3837 2231 po-

2177 2255 2311 2321 tuit,
2366 2252 2590 2321 vitavit,
2642 2252 3001 2323 privatasque
3058 2252 3189 2305 vitae
3225 2266 3285 2307 se
3317 2250 3559 2306 dedidit.
3609 2250 3720 2306 Sed
3767 2266 3842 2306 ne

2181 2344 2267 2401 sic
2321 2342 2558 2415 quidem
2593 2340 2893 2397 molestias
2943 2339 3170 2413 eﬂ‘ugit.
3204 2340 3351 2395 Tum
3393 2357 3524 2395 vero
3559 2340 3734 2396 rebus
3781 2340 3842 2396 in

2180 2434 2351 2507 pejus
2410 2432 2742 2499 ruentibus,
2775 2446 2910 2487 cum
2942 2430 2995 2487 ei
3026 2429 3280 2502 capillus
3311 2430 3718 2487 detondendus
3748 2446 3845 2487 es-

2184 2528 2295 2593 set,
2328 2538 2444 2577 non
2478 2535 2711 2593 panem,
2739 2519 3084 2593 [spongiam
3119 2523 3177 2573 et
3231 2519 3513 2575 citharam
3561 2518 3746 2591 petiit,
3781 2520 3847 2574 ut

2183 2609 2326 2667 olim
2359 2609 2599 2680 quidam
2661 2607 2798 2665 fecit
2827 2608 3069 2663 fortunae
3100 2606 3468 2679 iniquitatem
3520 2613 3793 2680 expertus
3828 2608 3842 2647 ³

2184 2712 2423 2772 panem,
2484 2701 2548 2753 ut
2583 2712 2799 2769 corpus
2828 2696 3110 2752 diuturna
3158 2697 3311 2752 fame
3367 2696 3717 2753 exhaustum
3750 2712 3843 2754 re-

2187 2792 2411 2845 crearet
2449 2805 2463 2856 ;
2495 2788 2802 2858 citharam,
2827 2791 2896 2843 ut
2926 2786 3084 2843 mala
3112 2804 3216 2844 sua
3248 2785 3621 2859 deploraret;
3654 2804 3842 2860 spon-

2187 2880 2368 2952 giam,
2430 2882 2494 2933 ut
2522 2876 2817 2947 lacrymas
2874 2878 3235 2949 abstergeret
3273 2894 3292 2931 :
3335 2877 3437 2932 sed
3484 2892 3657 2934 casus
3715 2877 3846 2934 illos

2189 2984 2358 3040 aequo
2403 2966 2537 3023 tulit
2582 2967 2802 3031 animo,
2836 2966 2982 3022 nihil
3041 2965 3113 3022 de
3159 2966 3531 3023 Providentia
3579 2971 3844 3039 questus,

2189 3075 2380 3132 neque
2431 3059 2703 3115 Fortunas
2761 3057 3056 3113 levitatem
3089 3066 3144 3113 et
3182 3057 3524 3114 varietatem
3579 3057 3636 3113 in
3671 3058 3848 3115 rebus

2190 3148 2472 3205 humanis
2522 3147 2949 3221 permiscendis
2980 3136 3322 3205 insectatus.
3383 3148 3677 3205 Bonorum
3712 3164 3844 3205 vero

414 3230 748 3304 πραγμάτων
809 3225 954 3303 ἔχων
1009 3231 1179 3306 φορὰν
1261 3226 1350 3283 καὶ
1419 3222 1735 3302 μετάϐασιν,
1791 3228 1882 3283 καὶ
1944 3228 2079 3302 μὲλ-

2193 3256 2436 3297 suorum
2493 3220 2852 3310 ereptionem
2920 3237 3161 3310 perinde
3212 3239 3527 3294 aestimavit
3579 3244 3643 3294 ut
3690 3238 3843 3296 alius

414 3318 527 3374 λων
560 3321 637 3392 μὴ
677 3318 813 3373 ἐκὼν
862 3316 1277 3391 ἀποθρίξασθαι,
1338 3315 1449 3394 οὺχ
1500 3315 1599 3373 ἕνα
1653 3314 1853 3393 ᾔτησεν
1911 3317 2073 3394 ἄρτον

413 3408 503 3464 καὶ
579 3414 822 3483 σπόγγον
883 3407 975 3462 καὶ
1028 3409 1253 3482 κιθάραν
1326 3411 1463 3463 κατά
1544 3407 1715 3464 πάλαι
1798 3410 1922 3464 τινὰ
1976 3415 2078 3477 τῆς

412 3499 590 3575 τύχης
623 3497 943 3573 πειραθέντα
983 3494 1250 3572 σκληρᾶς,
1282 3497 1372 3553 καὶ
1422 3498 1581 3573 ἄρτον
1648 3497 1745 3572 μὶν
1805 3496 1878 3559 ὠς
1930 3495 2074 3576 ἔχων

415 3588 468 3645 ἐν
498 3592 543 3664 ᾦ
574 3591 637 3644 τὸ
666 3592 763 3644 τοῦ
797 3588 1050 3659 σώματος
1119 3586 1318 3642 ἐκτενεῖ
1376 3582 1658 3663 βάρϐιτον,
1718 3584 1966 3662 χαλαρὸν
2009 3591 2078 3661 τῇ

414 3685 525 3734 τῶν
581 3676 764 3732 σιτίων
821 3677 1046 3731 κενώσει
1112 3676 1428 3751 γενόμενον,
1495 3675 1756 3750 ὑποψήλῃ
1810 3677 1877 3731 τά
1907 3676 2082 3731 οἰκεῖα

418 3773 533 3832 καθ’
591 3767 779 3822 ἐαυτὸν
837 3762 1302 3843 δυσπραγήματα,
1391 3764 1656 3840 συνερίθῳ
1730 3769 1799 3839 τῇ
1886 3763 2084 3839 κιθάρᾳ

422 3855 734 3931 χρώμενος,
792 3856 872 3925 τῷ
925 3851 982 3907 δὶ
1039 3852 1269 3929 σπόγγῳ
1301 3851 1565 3927 ἀποψήσῃ
1599 3853 1666 3907 τά
1695 3857 1805 3908 τῶν
1836 3849 2083 3927 δακρύων

419 3943 920 4019 ἀποκρουνίσματα,
953 3942 1088 4017 ἅπερ
1122 3940 1197 4006 ὠς
1264 3941 1323 3997 ἐκ
1380 3942 1577 4017 πέτρας
1624 3941 1916 4021 γλαφυρῆς
1973 3947 2083 3998 τῶν

421 4034 686 4107 ὀμμάτων
754 4031 963 4087 ἐκείνου
1019 4026 1365 4086 ἀπελείϐετο*
1423 4028 1570 4086 ἀλλὰ
1628 4033 1817 4106 πράως
1886 4030 2089 4109 ἤνεγκε

419 4123 487 4178 τὰ
540 4120 942 4195 συμπίπτοντα,
1035 4121 1111 4194 μὴ
1198 4121 1605 4189 καταστενάζων
1670 4125 1771 4185 τῆς
1828 4124 2087 4195 προνοίας

428 4209 560 4287 μηδ’
593 4211 646 4274 ἐς
703 4211 766 4266 τὸ
823 4218 922 4280 τῆς
980 4210 1158 4285 τύχης
1220 4207 1448 4265 ἄστατον
1511 4211 1601 4264 καὶ
1676 4209 2085 4288 παλίνστροφον

425 4298 683 4357 ἀπολύων
714 4301 782 4355 τά
823 4300 944 4363 καθ’
990 4301 1161 4370 ἡμᾶς,
1196 4299 1295 4366 τήν
1330 4295 1387 4353 δὲ
1416 4303 1524 4353 τῶν
1558 4299 1876 4373 προσόντων
1908 4299 2092 4373 ἐκείνῳ

426 4388 702 4468 ἀφαίρεσιν
768 4388 843 4451 ὠς
911 4384 1038 4442 οὖδὶ
1113 4393 1308 4457 κτῆσιν
1379 4385 1552 4451 ἄλλος
1611 4407 1691 4449 τις
1751 4386 2089 4462 ἐλελόγιστο,

424 4479 580 4536 Ἐπεὶ
642 4476 687 4533 δ’
746 4476 805 4532 ἐκ
861 4483 959 4547 τῆς
1018 4477 1238 4551 Δράμας
1300 4475 1626 4551 ἀπάραντες,
1694 4475 1748 4531 ἐν
1802 4476 2095 4552 ᾗτουτονὶ

2183 3331 2643 3405 possessionem.
2677 3330 2792 3387 Sed
2822 3347 2956 3387 cum
3017 3335 3247 3398 Drama,
3280 3332 3381 3387 ubi
3409 3348 3540 3387 eum
3604 3348 3841 3405 cepera-

2184 3436 2345 3491 mus,
2394 3420 2818 3493 Mosynopolim
2896 3420 3137 3492 profecti
3197 3421 3509 3495 Papycium
3583 3430 3839 3478 montem

2186 3511 2486 3570 escensuri
2513 3528 2803 3578 essemus,
2838 3514 2904 3566 ut
2934 3511 3276 3568 monasticis
3317 3513 3683 3570 ceremoniis
3713 3530 3849 3570 eum

2187 3601 2582 3668 initiaremus,
2618 3604 2743 3655 tum
2778 3604 2846 3655 ut
2897 3600 3010 3655 fert
3039 3606 3257 3657 natura
3307 3601 3591 3668 humana,
3623 3603 3852 3659 tristior

2188 3688 2362 3747 solito
2394 3690 2692 3760 apparuit,
2724 3706 2831 3746 nec
2864 3690 3017 3747 559
3042 3689 3099 3744 id
3127 3705 3242 3761 quo
3268 3693 3505 3747 animus
3526 3692 3855 3762 angebatur

2190 3777 2566 3835 dissimulare
2626 3777 2837 3851 potuit.
2899 3778 2991 3834 Me
3044 3795 3179 3835 vero
3240 3786 3484 3849 urgente
3543 3785 3601 3835 et
3648 3781 3853 3838 subitis

2193 3867 2541 3925 mutationis
2583 3884 2823 3924 causam
2857 3868 3182 3938 rogitante:
3220 3891 3248 3919 «
3276 3868 3399 3924 Non
3435 3868 3725 3938 habitum,
3760 3870 3852 3925 in-

2194 3958 2343 4031 quit,
2391 3958 2480 4013 vir
2535 3958 2921 4024 amicissime,
2976 3958 3182 4013 horreo
3242 3958 3408 4030 (quid
3469 3959 3625 4015 enim
3676 3961 3854 4015 vestis

2197 4048 2448 4104 mutatio
2496 4046 2741 4119 periculi
2772 4046 2987 4103 habeat
3002 4046 3077 4119 Ἰ),
3110 4046 3216 4102 sed
3248 4048 3670 4114 promissiones
3704 4065 3852 4121 quas

2196 4153 2397 4193 secum
2423 4137 2533 4192 fert
2570 4136 2809 4191 habitus
2840 4134 3186 4205 reformido;
3212 4141 3269 4191 et
3294 4137 3628 4210 illud,quod
3648 4140 3718 4193 ad
3739 4154 3858 4193 co:-

2194 4224 2342 4281 leste
2378 4240 2628 4297 regnum
2661 4224 2820 4281 nullo
2851 4226 3022 4280 modo
3054 4230 3229 4296 aptus
3261 4229 3351 4282 est
3392 4225 3443 4281 is
3483 4227 3582 4299 qui
3617 4243 3857 4284 manum

2200 4318 2390 4370 aratro
2440 4312 2622 4369 semel
2669 4313 2963 4369 admotam
2999 4331 3099 4387 per
3140 4315 3433 4372 insaniam
3469 4318 3793 4374 retraxerit.
3830 4340 3857 4369 ››

2199 4402 2303 4459 His
2334 4407 2393 4459 et
2421 4401 2553 4458 aliis
2587 4401 2644 4458 id
2678 4419 2868 4474 genus
2899 4403 3077 4460 dictis
3112 4410 3176 4459 ut
3205 4410 3330 4461 erat
3361 4407 3534 4462 homo
3568 4408 3857 4465 facundus

2202 4498 2261 4549 et
2291 4493 2350 4547 in
2383 4493 2567 4548 sacris
2600 4492 2834 4549 Litteris
2854 4499 3144 4563 versatus,
3176 4495 3580 4553 Christianum
3618 4499 3856 4570 pallium

429 4566 874 4644 συνειλήφειμεν,
921 4565 997 4628 εἰς
1060 4565 1447 4622 Μοσυνόπολιν
1507 4565 1816 4647 ἀφικόμεθα
1862 4568 1951 4622 καὶ
2011 4573 2079 4640 τὸξ

2197 4580 2416 4637 invitus
2463 4580 2694 4650 induit;
2743 4589 2798 4637 et
2831 4583 3104 4653 precibus
3134 4599 3261 4654 quas
3318 4601 3499 4657 super
3527 4602 3594 4642 eo
3618 4565 3858 4658 perage-

431 4658 698 4728 Ηαπυκίῳ
787 4649 1136 4729 προσϐαίνειν
1196 4653 1530 4728 ἐμέλλομεν,
1592 4657 1665 4718 ὡς
1734 4653 1796 4711 ἂν
1861 4657 1927 4711 τὰ
1983 4660 2091 4712 τῶν

434 4748 696 4822 μοναχῶν
756 4743 1097 4821 προσταχθὲν
1165 4744 1310 4798 οὕτω
1376 4742 1686 4816 τελέσωμεν
1774 4742 1857 4799 ἐπ’
1914 4744 2092 4817 αὐτῷ,

428 4837 553 4893 τότε
645 4831 933 4893 πεπονθώς
1016 4853 1068 4887 τι
1150 4832 1519 4907 ἀνθρώπινον,
1579 4831 1667 4888 ἐπὶ
1726 4833 1969 4896 συννοίας
2023 4834 2091 4903 ἦν

430 4928 520 4983 καὶ
581 4924 951 5001 ὑπεγνοφοῦτο
1007 4921 1070 4976 τὸ
1122 4921 1419 4996 πρόσωπον
1500 4920 1720 4978 διοίσειν
1782 4922 1881 4978 οὐκ
1946 4922 2093 4999 ἔχων

432 5018 499 5072 τὰ
527 5010 674 5077 ἔνδον
709 5006 991 5078 θλίϐοντα.
1027 5010 1386 5088 Ἐγκειμένου
1420 5008 1476 5067 δέ
1539 5033 1646 5085 μου
1703 5013 1793 5067 καὶ
1852 5014 1951 5082 τήν
2006 5013 2094 5068 αἰ-

432 5106 548 5162 τίαν
587 5102 997 5175 πυνθανομένου
1052 5102 1152 5169 τῆς
1212 5100 1428 5174 ἐξάπινα
1471 5097 1806 5175 μεταϐολῆς,
1850 5128 1877 5155 ‹‹
1911 5102 1984 5158 Οὐ
2034 5104 2096 5159 τὸ

440 5202 653 5269 σχῆμα,
714 5192 872 5270 φησὶ,
930 5192 974 5246 ὧ
1042 5188 1269 5267 φίλτατε
1344 5188 1578 5266 ἀνδρῶν,
1635 5188 1785 5247 δέδια
1859 5190 1932 5263 (τί
1992 5193 2094 5271 γὰρ

438 5285 500 5337 τὸ
533 5282 816 5360 διαθροοῦν
848 5278 968 5359 ἔχει
1019 5287 1127 5337 τῶν
1183 5284 1500 5359 χρωμάτων
1532 5287 1566 5353 ἡ
1602 5283 1823 5359 ἂμειψις
1856 5286 1919 5358 ς),
1951 5283 2099 5340 ἀλλὰ

439 5371 507 5426 τὰ
556 5371 643 5427 ἐπὶ
698 5379 777 5446 τῷ
865 5375 1119 5448 σχήματι
1168 5374 1448 5452 πεφρικώς
1515 5374 1628 5447 εἰμι
1686 5372 2097 5448 ἐπαγγέλματα,

441 5460 529 5514 καὶ
558 5461 620 5513 τὸ
653 5463 726 5531 μὴ
760 5462 970 5516 εὔθετον
1033 5460 1109 5523 εἰς
1156 5461 1255 5528 τὴν
1315 5466 1423 5516 τῶν
1474 5462 1716 5536 οὐρανῶν
1750 5461 1885 5516 εἶναι
1917 5464 2099 5517 ὁπωσ-

444 5551 534 5603 οῦν
596 5546 874 5622 βασιλείαν
932 5550 1026 5604 τὸν
1084 5548 1325 5625 βαλόντα
1383 5556 1545 5629 χεῖρα
1586 5550 1669 5606 ἐπ’
1724 5550 1954 5627 ἄροτρον
2008 5552 2099 5607 καὶ

442 5634 742 5714 στραφέντα
768 5632 1174 5713 φρενοϐλαϐὦς.
1212 5663 1241 5691 ››
1284 5639 1387 5697 Καὶ
1436 5641 1464 5695 ὁ
1501 5640 1595 5713 μὲν
1644 5645 1880 5696 τοσαῦτα
1911 5641 2096 5711 εἰπὼν,

440 5728 531 5786 καὶ
562 5725 750 5790 ἄλλως
782 5722 855 5781 ὢν
884 5726 1389 5806 ἀποφθεγματικὸς,
1429 5730 1539 5809 οὐχ
1603 5730 1782 5789 ἑκοντὶ
1837 5731 1900 5788 τὸ
1966 5729 2102 5789 κατὰ

2203 4670 2437 4738 bantur,
2465 4686 2537 4726 ne
2567 4670 2823 4727 summis
2855 4671 3096 4743 quidem
3129 4673 3372 4729 auribus
3403 4674 3702 4744 admissis,
3728 4681 3863 4732 tan-

2202 4764 2329 4815 tum
2366 4759 2488 4815 radi
2550 4775 2613 4816 se
2644 4764 2700 4816 et
2728 4759 3117 4816 Athanasium
3164 4761 3443 4833 appellari
3501 4779 3707 4833 passus
3751 4773 3861 4821 est.

2205 4848 2355 4904 Illud
2391 4864 2531 4905 sane
2579 4848 2857 4904 admirari
2887 4865 3068 4919 queas
3128 4866 3232 4906 nec
3292 4850 3526 4906 fortuito
3576 4852 3863 4910 accidisse

2205 4939 2391 5007 dicas,
2422 4938 2576 5011 quod
2622 4956 2691 4995 ex
2721 4939 2997 4995 omnibus
3027 4939 3261 5011 Papycii
3292 4942 3506 4999 montis
3538 4942 3700 5000 cellis
3731 4960 3861 5001 eam

2207 5028 2442 5101 delegit,
2496 5029 2554 5084 in
2607 5044 2719 5100 qua
2778 5034 3164 5100 protostrator
3220 5031 3459 5088 Alexius
3515 5051 3549 5088 δι
3594 5033 3863 5091 Manuale

2207 5116 2368 5174 nulla
2426 5117 2715 5189 probabili
2777 5118 2848 5173 de
2878 5135 3075 5187 causa,
3135 5123 3202 5175 ut
3231 5120 3371 5176 alibi
3426 5120 3706 5192 diximus,
3758 5127 3863 5181 sed

2207 5211 2429 5262 tantum
2462 5206 2536 5261 ob
2567 5205 2965 5277 amplissimas
3000 5224 3140 5278 opes
3194 5214 3252 5266 et
3304 5211 3664 5282 singularem
3726 5232 3863 5285 pru-

2208 5295 2468 5351 dentiam
2501 5300 2558 5351 et
2588 5295 2646 5351 in
2681 5295 2856 5351 rebus
2900 5297 3173 5368 gerendis
3205 5300 3601 5359 dexteritatem
3632 5309 3863 5375 captus,

2211 5385 2580 5441 mundanum
2622 5384 2901 5456 capillum
2946 5393 3234 5458 posuerat.
3295 5389 3439 5445 Nam
3476 5391 3533 5446 in
3569 5393 3703 5449 fatis
3744 5402 3869 5451 erat

2210 5473 2439 5532 scilicet
2470 5478 2533 5529 ut
2583 5478 2822 5545 paterna
2853 5475 3064 5531 delicta
3123 5477 3181 5533 in
3215 5477 3405 5534 filium
3438 5482 3864 5551 redundarent,

2213 5563 2365 5619 560
2397 5578 2673 5634 eumque,
2725 5567 2791 5618 ut
2848 5565 3154 5636 proverbio
3201 5568 3435 5636 dicitur,
3464 5575 3667 5642 stupor
3720 5573 3863 5628 den-

2211 5654 2359 5709 tium
2376 5652 2448 5709 ob
2465 5653 2704 5709 acerbas
2728 5670 2869 5712 uvas
2888 5672 2922 5710 a
2944 5659 3106 5728 patre
3127 5661 3400 5729 gustatus
3421 5658 3829 5718 invaderet.Ccs
3843 5689 3867 5704 -

2213 5747 2405 5800 terum
2422 5743 2702 5802 trimestri
2724 5746 2983 5818 tempore
3000 5745 3262 5805 nondum
3283 5745 3480 5821 elapso
3504 5766 3520 5823 ς
3553 5748 3873 5825 imperator
