4102 6416
251 350 369 413 ’195

1561 353 1685 415 ΝἹΟ
1696 351 1867 417 ΕΤΕ
1910 356 2340 424 ΟΗΟΝΙΑΤΕ

3544 368 3663 429 796

251 502 319 542 eo
349 485 488 541 inde
503 487 769 542 revocato
786 500 851 541 se
881 502 948 541 ea
969 501 1096 558 qua
1120 486 1330 544 faceret
1349 488 1509 544 nulla
1530 504 1662 544 cum
1679 488 1902 547 ratione

2026 490 2255 564 Χριστὸν
2296 489 2462 549 ὑπέδυ
2491 487 2800 569 τριϐώνιον,
2837 491 2968 569 μηδ’
2999 493 3188 572 ἄκροις
3249 496 3349 552 ὠσὶ
3378 498 3446 554 τὰ
3476 496 3667 571 ἐπᾳδό-

252 577 441 630 facere
472 583 530 630 et
582 575 797 646 Euripo
830 577 1354 632 inconstantiorem
1391 594 1521 633 esse
1570 579 1905 634 declaravit.

252 665 396 721 Nam
428 665 696 720 Alexium
730 681 943 720 mensas
966 683 1079 720 suae
1098 665 1426 721 adhibitum
1451 667 1701 722 subinde
1723 669 1908 724 carni-

252 756 366 811 bus
399 760 465 809 ut
498 760 901 825 Agamemnon
952 756 1186 825 Ajacem
1242 755 1565 822 honoravit,
1600 757 1803 813 crebro
1843 761 1907 813 ut

253 845 381 901 sine
437 844 789 900 verecundia
856 844 1004 899 cibis
1064 845 1346 918 appositis
1423 845 1714 903 frueretur
1767 845 1907 903 hor-

251 939 407 990 tans.

2022 600 2153 652 μενα
2180 579 2574 658 ἰνηχούμενος,
2626 584 2793 656 μόνον
2853 582 2902 639 δ’
2958 584 3009 640 ἐν
3046 591 3167 662 χρῷ
3197 586 3416 662 κουρίας
3450 589 3478 642 ὁ
3510 588 3671 661 ἀκερ-

2018 670 2260 743 σεκόμης
2327 674 2624 749 γενόμενος
2676 677 2767 729 καὶ
2837 678 3266 750 μετονομασθεὶς
3326 679 3666 743 Ἀθανάσιος.

2017 762 2300 832 Θαυμάσαι
2334 759 2382 817 δ’
2411 761 2473 817 ἄν
2503 783 2587 825 τις
2617 761 2827 836 ἐκείνῳ,
2887 761 3027 837 μηδὲ
3088 768 3336 841 τυχαίως
3369 765 3496 837 εἷ’πη
3532 789 3672 841 συμ-

2017 843 2202 917 ϐῆναι.
2246 852 2342 907 Ἐκ
2368 851 2470 927 γὰρ
2506 853 2726 907 ἁπασῶν
2756 855 2867 907 τῶν
2906 855 3044 909 κατά
3070 855 3134 909 τὸ
3167 855 3447 910 Παπύκιον
3483 862 3664 929 μονῶν

2016 936 2220 1009 ἐκείνην
2265 945 2537 995 κατοικεῖν
2592 939 2910 1016 ¹ξλρετίσατο,
2967 944 3087 997 καθ’
3117 943 3183 1012 ἤν
3228 945 3255 997 ὁ
3312 947 3668 1023 πρωτοστρά-

251 1045 367 1099 τωρ
402 1021 651 1094 ’Δλέξιος
675 1029 775 1092 τήν
809 1024 1085 1096 κοσμικὴν
1116 1023 1443 1100 ἀπεκείρατο
1473 1025 1642 1102 τρίχα
1671 1027 1817 1102 παρὰ
1846 1032 1942 1081 τοῦ
1985 1027 2256 1104 βασιλέως
2288 1028 2625 1108 συλληφθεὶς
2655 1032 2917 1102 Μανουήλ
2950 1030 3018 1088 δι’
3045 1034 3219 1089 αἰτίαν
3253 1036 3346 1108 μὶν
3409 1021 3673 1110 οὐδαμῶς

251 1110 557 1187 πρόδηλον,
592 1112 666 1172 ὡς
697 1110 751 1166 ἐν
782 1117 898 1175 τοῖς
930 1111 1052 1187 περὶ
1081 1114 1281 1169 τούτου
1315 1112 1541 1191 εἲπομεν
1569 1115 1784 1193 λόγοις,
1813 1116 1899 1171 ’ὁτι
1931 1114 1977 1171 δ’
2010 1112 2282 1193 ἐϐεϐρίθεν
2312 1118 2542 1194 πλούτῳ
2571 1119 2975 1195 πολυταλάντῳ
3007 1123 3094 1177 καὶ
3123 1123 3189 1191 ἦν
3220 1123 3402 1184 ἱκανὸς
3432 1124 3666 1198 βουλεύ-

253 1207 441 1259 σασθαι
471 1203 562 1258 καὶ
592 1204 1028 1279 καταπράξασθαι
1061 1204 1385 1281 περιδέξιος·
1418 1208 1518 1277 τήν
1551 1208 1656 1283 γὰρ
1684 1205 1745 1263 ἐκ
1772 1212 1883 1263 τῶν
1914 1213 2195 1283 πατρικῶν
2224 1210 2488 1286 ὀμφάκων
2530 1211 2667 1287 πρὸς
2695 1210 2823 1275 τοὺς
2851 1212 2985 1274 υἱεῖς
3048 1211 3437 1286 μεταρρέουσαν
3493 1214 3668 1287 αἱμω-

254 1290 370 1346 δίαν
402 1291 492 1346 καὶ
522 1293 549 1346 ὁ
582 1292 873 1364 Κομνηνὸς
897 1293 1058 1356 οὗτος
1087 1293 1356 1367 Ἀλέξιος,
1391 1297 1465 1358 ὡς
1492 1292 1657 1366 ἔοικε,
1687 1302 1878 1361 παθεῖν
1910 1298 2287 1375 κατακέκριτο.
2323 1297 2485 1355 Ἀλλ’
2518 1299 2670 1355 οὔπω
2712 1305 2859 1377 τρεῖς
2929 1306 3095 1374 μῆνες
3151 1300 3552 1374 παρίππευσαν,
3582 1295 3671 1355 καὶ

255 1380 513 1458 βασιλεὺς
543 1382 706 1437 αὐτὸν
747 1383 943 1439 ἐκεῖθεν
976 1383 1452 1460 ἀνακαλεσάμενος
1482 1381 1676 1456 ἔδειξεν
1708 1384 1759 1460 ἐξ
1790 1387 1866 1440 ῶν
1900 1383 2121 1461 ἔδρασεν
2147 1389 2225 1461 μὴ
2268 1389 2358 1443 σὺν
2393 1387 2544 1466 λόγῳ
2574 1391 2671 1452 τὰς
2732 1389 2937 1452 οἰκείας
2991 1388 3206 1464 πράξεις
3255 1394 3554 1457 ποιεῖσθαι,
3584 1388 3674 1441 καὶ

255 1468 344 1525 διὰ
360 1474 523 1525 τοῦτο
557 1471 771 1547 χαίρειν
801 1477 919 1535 ταῖς
961 1473 1359 1553 ἀγχιστρόφοις
1393 1470 1729 1549 μεταϐολαῖς
1779 1476 1915 1531 κατᾶ
1971 1477 2064 1531 τὸν
2114 1484 2215 1547 τῆς
2256 1475 2494 1540 Αὐλίδος
2527 1477 2894 1555 πολυρῥόθιόν
2929 1480 3011 1552 [Ρ.
3040 1480 3170 1551 274]
3200 1478 3470 1551 πορθμόν·
3504 1497 3677 1553 παρα-

252 1555 552 1633 λαμϐάνων
581 1562 684 1637 γὰρ
725 1563 814 1615 τὸν
841 1561 1085 1634 Ἀλέξων
1120 1564 1369 1620 σύσσιτον
1423 1565 1619 1625 νώτοις
1674 1561 1940 1634 διηνεκέσι
1998 1565 2218 1641 γέραιρε
2246 1571 2443 1641 κρεῶν,
2476 1565 2553 1629 ὡς
2585 1566 2947 1642 Ἀγαμέμνων
3000 1566 3170 1622 πάλαι
3205 1566 3296 1620 τὸν
3328 1565 3548 1635 Α’ἱαντα,
3583 1564 3672 1620 καὶ

251 1649 459 1724 ένάγων
491 1651 629 1722 πρὸς
674 1652 774 1719 τὴν
826 1656 936 1707 τῶν
992 1653 1367 1728 προκειμένων
1468 1650 1777 1727 ἐδεσμάτων
1872 1652 2246 1710 ἀνυπόστολον
2349 1650 2565 1733 ἔφαψιν,
2597 1679 2628 1707 ‹‹
2733 1657 2881 1733 Φάγε
2909 1654 3312 1732 καθηγούμενε,
3345 1652 3680 1715 »πολλάκις

258 1740 531 1815 ἐπέλεγεν.

326 1832 526 1905 Neque
582 1848 716 1889 vero
773 1831 1041 1889 Alexium
1075 1835 1132 1888 et
1171 1831 1570 1888 Andronicum
1628 1832 1912 1889 duntaxat

2091 1833 2172 1892 Οὐ
2224 1833 2315 1889 τὸν
2374 1832 2620 1905 Ἀλέξιον
2681 1830 2740 1889 δὲ
2806 1833 2897 1888 καὶ
2986 1835 3077 1888 τὸν
3135 1831 3475 1909 Ἀνδρόνικον
3537 1831 3681 1888 οὕτω

260 1923 344 1980 sic
374 1923 637 1979 tractavit
688 1923 967 1991 Isaacius,
999 1923 1098 1978 sed
1133 1926 1191 1978 et
1216 1921 1672 1980 Constantinum
1702 1924 1908 1995 Aspis-

257 2015 378 2067 tam
407 2011 481 2067 ob
534 2012 875 2081 exercitum,
911 2012 1004 2067 cui
1036 2010 1190 2067 bello
1220 2010 1489 2068 Blacbico
1521 2018 1791 2084 praeerat,
1823 2013 1915 2069 bis

259 2100 456 2157 verbis
512 2102 841 2169 defensum,
899 2116 1016 2157 non
1049 2116 1221 2171 posse
1252 2100 1467 2157 milites
1498 2117 1629 2157 cum
1682 2101 1916 2159 duobus

261 2189 630 2261 gravissimis
660 2189 931 2247 hostibus
960 2191 1193 2248 Blacbis
1221 2195 1279 2247 et
1307 2191 1463 2247 fame
1493 2189 1796 2262 dimicare,
1814 2192 1915 2248 sed

264 2298 461 2338 annua
485 2280 776 2353 stipendia
809 2280 893 2336 eis
913 2280 1301 2352 persolvenda
1325 2295 1475 2349 esse,
1508 2281 1706 2337 statim
1733 2282 1921 2354 digni-

261 2374 380 2426 tate
412 2370 623 2443 privari
648 2374 706 2425 et
735 2369 1009 2425 exsecari
1043 2370 1251 2440 jussit,
1285 2386 1401 2425 non
1434 2371 1772 2428 moderatus
1801 2372 1917 2428 ira-

262 2460 490 2517 cundiss
523 2476 661 2527 suae,
721 2461 877 2531 quod
909 2458 1077 2516 illum
1111 2477 1213 2532 per
1245 2460 1503 2532 speciem
1562 2460 1920 2517 delensionis

266 2552 557 2607 concitare
588 2550 808 2605 milites
839 2550 1275 2619 suspicabatur.

2024 1919 2230 1978 διέθετο
2335 1924 2626 1985 ’Ῑσαάκιος“
2704 1920 2852 1979 ἀλλά
2940 1924 3028 1978 καὶ
3108 1925 3516 1981 Κωνσταντῖνον
3592 1924 3684 1978 τὸν

2022 2013 2344 2083 Ἀσπιέτην,
2416 2013 2922 2093 ὑπερφθεγξάμενον
3005 2017 3104 2068 τοῦ
3151 2013 3562 2088 στρατεύματος
3621 2013 3685 2069 οὗ

2023 2103 2331 2181 ἡγεμόνευε
2386 2103 2477 2159 τὸν
2525 2104 2661 2158 κατά
2714 2106 2821 2158 τῶν
2871 2101 3109 2178 Βλάχων
3172 2104 3369 2177 μετιὼν
3411 2101 3684 2178 πόλεμον,

2025 2190 2115 2247 καὶ
2148 2193 2393 2270 φήσαντα
2454 2192 2618 2265 μόνον
2687 2192 2762 2254 ὠς
2804 2191 2865 2248 οὐ
2914 2191 3093 2270 φέρειν
3150 2191 3371 2268 ἔχουσιν
3432 2194 3482 2247 οἱ
3527 2213 3687 2266 στρα-

2025 2285 2220 2337 τιῶται
2252 2280 2407 2356 λιμῷ
2444 2283 2535 2337 καὶ
2570 2281 2816 2357 Βλάχοις
2870 2280 3287 2356 διαμιλλᾶσθαι,
3349 2278 3468 2337 δυσὶ
3528 2280 3692 2338 δυσα-

2029 2374 2316 2443 πεντήτοις
2345 2377 2558 2442 κακοῖς,
2618 2370 2767 2428 ἀλλά
2815 2375 3001 2449 χρεὼν
3042 2372 3230 2437 αὐτοῖς
3279 2380 3694 2448 παρασχεθῆναι

2029 2462 2095 2518 τᾶ
2128 2460 2339 2517 ἐπέτεια
2371 2463 2674 2539 σιτηρέσια,
2723 2463 2816 2517 τὸν
2876 2462 3047 2537 θυμὸν
3109 2461 3337 2538 ἐκκόψαι
3392 2465 3470 2536 μὴ
3531 2458 3695 2533 δυνη-

2032 2552 2142 2613 θεὶς
2198 2549 2432 2627 κατέσχε
2485 2573 2545 2608 τε
2599 2551 2792 2607 αὐτίκα
2853 2554 3195 2627 μεταστήσας
3264 2558 3364 2622 τῆς
3412 2551 3693 2628 ἀρχηγίας

261 2639 350 2695 καὶ
382 2643 481 2695 τοῦ
512 2637 693 2717 φωτὸς
720 2642 828 2693 τῶν
862 2638 1131 2713 ὀμμάτων
1162 2636 1473 2714 ἐστέρησεν,
1506 2636 1891 2715 ἀναταράττειν
1928 2641 2269 2705 ὑποπτεύσας
2294 2643 2385 2697 τὸν
2438 2640 2606 2716 ἄνδρα
2643 2645 2741 2711 τὴν
2774 2643 3028 2716 στρατιὰν
3061 2647 3141 2716 τῷ
3170 2648 3271 2713 τῆς
3310 2642 3685 2718 ὑπερηγορίας

258 2731 645 2805 προσχήματι.

328 2831 402 2885 At
431 2827 708 2886 Comneni
742 2827 1061 2884 Andronici
1097 2828 1277 2895 filius,
1307 2829 1380 2884 de
1410 2843 1527 2900 quo
1560 2829 1732 2884 modo
1764 2826 1920 2883 dixi-

259 2936 417 2990 mus,
441 2919 599 2976 baud
631 2919 752 2975 scio
792 2935 866 2974 an
902 2927 961 2974 ut
1013 2923 1267 2991 paternas
1300 2918 1647 2975 defectionis
1681 2934 1917 2973 mensu-

262 3027 388 3066 ram
447 3008 721 3081 impleret
755 3024 820 3063 an
852 3013 917 3064 ut
971 3007 1122 3080 patri
1153 3023 1323 3079 opem
1357 3009 1549 3076 ferret,
1583 3024 1701 3063 non
1732 3005 1917 3062 multo

259 3104 393 3173 post
421 3100 550 3169 ejus
582 3097 1020 3153 excacationsm
1048 3096 1108 3151 in
1133 3095 1456 3150 maximum
1477 3095 1766 3167 templum
1791 3111 1919 3151 sese

258 3187 484 3260 recipit,
515 3186 653 3242 inde
675 3203 708 3240 a
733 3192 881 3241 cmtu
918 3184 1117 3257 populi
1141 3186 1288 3255 (erat
1318 3190 1512 3239 autem
1537 3183 1663 3241 dies
1686 3183 1918 3255 festus),

2101 2822 2162 2879 '0
2194 2818 2251 2875 δὲ
2277 2825 2375 2876 τοῦ
2406 2823 2703 2893 Κομνηνοῦ
2760 2818 3116 2896 Ἀνδρονίκου
3174 2822 3310 2891 υἱὸς,
3368 2820 3427 2877 ὅν
3484 2842 3688 2897 προσε-

2030 2914 2148 2987 χῶς
2180 2912 2515 2986 εἷρήκειμεν,
2550 2911 2653 2966 οὐκ
2686 2908 2787 2965 οἶδ’
2837 2911 2945 2967 ε’ἶτε
3000 2918 3099 2981 τῆς
3154 2918 3427 2988 πατρικῆς
3457 2912 3690 2968 ἀποστα-

2030 3002 2148 3062 σίας
2209 3000 2602 3075 ἀναπληρῶσαι
2661 3001 2725 3055 τὸ
2787 2999 2980 3073 μέτρον
3055 3000 3395 3077 βουλόμενος
3451 3000 3557 3057 εἲτε
3612 3005 3691 3073 τῷ

2025 3087 2238 3170 τεκόντι
2280 3088 2545 3161 ἐπαμῦναι
2587 3087 2946 3163 προθέμενος,
3004 3088 3251 3163 πρόσεισι
3313 3091 3448 3164 μετά
3508 3087 3689 3165 βραχὺ

2025 3184 2127 3248 τῆς
2158 3181 2256 3232 τοῦ
2284 3178 2489 3251 πατρὸς
2540 3176 2847 3252 πηρώσεως
2898 3182 2979 3251 τῷ
3040 3179 3284 3253 μεγίστῳ
3339 3183 3472 3251 ναῷ,
3506 3182 3693 3243 ποθῶν

256 3297 319 3337 se
351 3250 420 3334 ad
470 3250 785 3348 imperium
819 3250 967 3332 εοί
996 3250 1214 3346 ’θοι-ι’ρὶ
1273 3274 1539 3347 cupiens.
1585 3273 1698 3329 Sed
1744 3250 1908 3329 ante.-

2030 3266 2230 3323 ἐκεῖθεν
2288 3266 2365 3328 εἷς
2398 3250 2403 3251 ⁷
2437 3250 2720 3342 βασιλείαν
2777 3250 3187 3339 ἀναρπασθῆναι
3235 3250 3325 3322 καὶ
3379 3265 3691 3342 ἀναῤῥηθῆ-

254 3383 434 3441 qnam
469 3383 645 3422 causa
675 3365 980 3437 ingressus
1010 3366 1140 3436 ejus
1169 3363 1339 3435 vulgo
1371 3364 1781 3432 innotesceret,
1805 3379 1910 3436 pro

256 3456 534 3516 seditioso
567 3455 1023 3527 comprehensus
1055 3460 1377 3510 excaecatur
1407 3473 1423 3523 ;
1455 3456 1513 3509 et
1538 3453 1675 3525 quia
1706 3469 1905 3510 eorum

254 3547 539 3619 exemplis
571 3547 670 3619 qui
702 3562 823 3602 rem
878 3563 1004 3602 eam
1040 3546 1258 3602 frustra
1315 3548 1614 3601 tentarant
1673 3561 1813 3609 non,
1848 3547 1913 3600 ut

257 3637 553 3705 decuerat,
586 3636 779 3692 factus
809 3639 932 3692 erat
962 3635 1207 3700 cautior,
1242 3652 1348 3691 suo
1388 3633 1647 3706 exemplo
1677 3642 1912 3691 ceteros

256 3743 461 3784 omnes
494 3744 526 3782 a
557 3724 738 3782 simili
767 3730 980 3782 conatu
1012 3725 1316 3781 deterruit.

2015 3377 2104 3412 ναι
2163 3357 2308 3428 πρὸς
2353 3360 2451 3410 τοῦ
2515 3355 2932 3431 συνειλεγμένου
3000 3355 3133 3415 λεώ.
3210 3358 3311 3414 ἽΙν
3378 3353 3435 3412 δὲ
3489 3357 3682 3431 ἑορτή.

2017 3444 2179 3504 Ἀλλ’
2213 3445 2367 3502 οίῐπω
2406 3452 2523 3508 τοῖς
2556 3444 2882 3511 συνελθοῦσι
2914 3447 3051 3501 κατά
3105 3448 3167 3501 τὸ
3224 3447 3445 3521 τέμενος
3504 3448 3532 3502 ὁ
3558 3448 3693 3523 τρό-

2018 3554 2121 3601 πος
2163 3534 2398 3612 ἔγνωστο
2430 3538 2549 3593 καθ’
2618 3537 2674 3592 δν
2735 3534 2907 3593 ἐκεῖσε
2974 3535 3282 3613 εἰσέδραμε,
3312 3537 3404 3593 καὶ
3463 3535 3691 3614 χειροῦ-

2018 3649 2107 3684 ται
2167 3627 2242 3691 ὦς
2306 3628 2543 3689 ἀποστὰς
2597 3627 2689 3681 καὶ
2748 3629 2992 3703 στέρεται
3038 3631 3136 3682 τοῦ
3167 3628 3371 3704 φωτὸς,
3436 3629 3511 3703 μὴ
3571 3633 3696 3693 ταῖς

2019 3722 2128 3776 τῶν
2188 3717 2530 3793 προσιόντων
2591 3717 2682 3771 καὶ
2746 3720 2855 3772 τῶν
2916 3717 3054 3772 κατὰ
3132 3718 3332 3772 σκοπὸν
3394 3717 3693 3774 ἀποπεσόν-

252 3839 361 3873 των
391 3819 608 3878 ποιναῖς
637 3811 968 3876 παιδευθείς.
1002 3813 1107 3871 Καὶ
1143 3812 1259 3868 δέον
1292 3810 1463 3868 ἄλλον
1515 3812 1635 3868 τινὰ
1695 3812 1831 3867 εἶναι
1872 3812 1963 3867 τὸν
1998 3809 2197 3866 ὕστατα
2225 3806 2640 3881 τιμωρούμενον
2695 3807 2771 3868 ὠς
2839 3805 3124 3883 βασιλείας
3188 3805 3395 3881 ἐρῶντα
3459 3809 3546 3863 καὶ
3608 3813 3689 3880 τῷ

251 3908 466 3979 τεμένει
497 3903 813 3977 προσιόντα,
848 3901 1005 3965 οὗτος
1038 3902 1446 3983 ἐπισφραγισμά
1483 3923 1533 3956 τι
1566 3901 1657 3956 καὶ
1685 3899 1915 3971 τελευτὴ
1946 3901 2136 3976 γέγονε
2201 3901 2309 3953 τῶν
2367 3896 2705 3952 ἀποστατῶν·
2768 3895 2830 3951 οὗ
2889 3895 2993 3971 γὰρ
3055 3894 3240 3952 ἔκτοτέ
3269 3918 3349 3959 τις
3379 3898 3477 3966 τὴν
3512 3898 3688 3967 αὐτὴν

256 3993 469 4071 βαδίται
502 3992 782 4069 προέθετο.

327 4089 380 4142 3.
418 4087 486 4144 Ut
518 4090 709 4142 autem
746 4100 838 4140 res
860 4082 1194 4140 Occidentis
1227 4082 1479 4140 subinde
1504 4083 1564 4138 in
1597 4083 1767 4155 pejus
1789 4097 1917 4137 rue-

255 4178 400 4233 bant
428 4180 484 4230 et
540 4172 740 4229 Blachi
772 4189 904 4229 cum
936 4171 1214 4229 Comanis
1245 4170 1538 4227 Romanas
1581 4170 1914 4242 provincias

255 4266 409 4322 ferro
440 4268 496 4320 et
528 4264 661 4334 igne
683 4262 1015 4331 vastabant,
1035 4259 1584 4332 imperatoriterum
1617 4274 1912 4332 egressus,

261 4353 537 4411 Ancbialo
570 4352 884 4424 praeterita,
916 4365 1019 4422 per
1051 4351 1328 4422 ambages
1359 4353 1618 4405 Haemum
1652 4354 1912 4407 montem

255 4445 397 4501 adit.
432 4443 543 4499 Sed
576 4457 712 4498 cum
745 4439 888 4495 nihil
943 4456 1050 4495 sua
1087 4441 1400 4512 praesentia
1430 4441 1681 4511 dignum
1712 4454 1914 4512 gerere

254 4538 476 4608 posset,
535 4532 800 4588 bimestri
860 4534 1121 4602 tempore
1150 4547 1280 4586 eam
1330 4531 1757 4601 expeditionem
1798 4530 1909 4587 cir-

258 4622 657 4695 cumscripsit.
680 4621 826 4677 Nam
843 4619 1080 4676 castella
1111 4624 1167 4676 et
1187 4619 1404 4692 oppida
1432 4621 1597 4676 novis
1619 4620 1914 4678 moenibus

258 4719 316 4772 et
345 4713 608 4771 turribus
670 4713 953 4768 adornata
992 4710 1163 4783 longe
1221 4709 1544 4765 munitiora
1571 4711 1824 4783 reperit;
1858 4714 1915 4767 et

256 4808 727 4878 propugnatores
745 4817 945 4858 eorum
970 4800 1159 4856 instar
1174 4815 1475 4856 cervorum
1495 4798 1612 4855 alta
1629 4804 1912 4872 petentes,

262 4911 367 4951 nec
413 4894 582 4950 aliter
611 4907 790 4964 quam
823 4906 1011 4962 capra:
1043 4889 1102 4945 in
1161 4888 1406 4961 rupibus
1465 4888 1776 4954 saltantes,
1817 4906 1916 4960 pu-

260 4999 436 5056 gnam
470 4982 769 5039 statariam
802 4978 1221 5037 detrectabant.
1245 4977 1315 5034 Et
1340 4978 1481 5051 quia
1502 4979 1657 5037 562
1674 4978 1914 5051 Scytha-

258 5087 389 5128 rum
423 5087 652 5143 quoque
708 5069 1110 5126 incursionem
1144 5069 1393 5125 timebat
1438 5068 1696 5141 (tempus
1737 5066 1911 5124 etiam

258 5162 317 5217 id
347 5161 418 5217 ad
444 5159 852 5231 trsjiciendum
884 5176 1001 5214 non
1022 5163 1149 5215 erat
1176 5158 1788 5232 incommodum),non
1812 5158 1913 5214 diu

258 5249 341 5305 ibi
374 5248 588 5304 morari
622 5248 809 5304 licuit.
843 5248 989 5304 Cum
1023 5252 1216 5305 autem
1246 5264 1360 5303 non
1394 5263 1464 5304 ea
1490 5248 1584 5304 via
1614 5265 1728 5321 qua
1751 5264 1917 5305 vene-

260 5344 352 5396 rat
404 5337 701 5395 redilurus
733 5335 908 5393 aliam
942 5336 1263 5393 breviorem
1303 5340 1739 5394 consectaretur
1786 5354 1916 5410 quas

260 5446 360 5502 per
416 5443 679 5484 amoenas
711 5426 1003 5483 convalles
1028 5426 1277 5483 Berroen
1312 5427 1503 5499 ferret,
1538 5431 1596 5484 et
1626 5428 1915 5499 majorem

262 5518 550 5575 exercitus
607 5521 831 5590 partem
891 5516 1110 5586 amisit,
1144 5521 1200 5572 et
1230 5516 1354 5588 ipse
1411 5517 1543 5589 (nisi
1578 5518 1774 5574 divina
1808 5533 1917 5590 ops

262 5610 636 5665 conservatus
677 5610 855 5676 esset)
886 5605 1175 5679 periisset.
1207 5608 1352 5663 Nam
1381 5622 1514 5663 cum
1546 5624 1615 5664 ea
1641 5608 1758 5679 via,
1788 5624 1916 5679 qua

261 5697 479 5756 alicubi
513 5697 867 5768 panderetur
895 5700 953 5756 et
994 5696 1341 5770 equitationi
1370 5701 1528 5756 esset
1555 5697 1790 5770 idonea,
1820 5697 1915 5758 in-

2099 4083 2162 4153 γ’.
2204 4078 2293 4141 Ὠς
2323 4075 2379 4131 δὲ
2408 4076 2474 4132 τὰ
2512 4078 2649 4132 κατὰ
2703 4073 2853 4132 δύσιν
2895 4076 3165 4152 χειρόνως
3223 4077 3376 4152 εἶχον
3438 4077 3520 4134 ἀεὶ
3595 4063 3695 4135 καἰ

2027 4169 2079 4225 οἱ
2111 4165 2329 4242 Βλάχοι
2363 4165 2692 4241 ληϊζόμενοι
2755 4168 2889 4241 μετά
2946 4166 3215 4240 Κομάνων
3274 4167 3364 4222 καὶ
3420 4164 3690 4242 δῃοῦντας

2025 4259 2128 4329 τήν
2168 4256 2272 4312 ὑπὸ
2319 4255 2626 4329 Ῥωμαίους
2655 4253 2888 4331 ἐπῄεσαν
2949 4261 3215 4331 συνεχῶς,
3273 4250 3467 4326 ἔξεισιν
3538 4257 3693 4320 αὖθις

2024 4348 2052 4404 ὁ
2088 4345 2347 4424 βασιλεὺς
2387 4347 2503 4402 κατ’
2562 4343 2763 4416 αὒτῶν,
2812 4345 2903 4401 καὶ
2964 4343 3031 4415 δὴ
3085 4346 3185 4413 τὴν
3229 4345 3528 4421 Ἀγχίαλον
3585 4368 3695 4403 πα-

2020 4436 2295 4514 ραλλάξας
2317 4435 2376 4491 ἐκ
2408 4434 2804 4510 περιελεύσεως
2853 4434 2944 4490 τὸν
3004 4437 3179 4510 Αἷμον
3228 4433 3439 4496 εἴσεισι,
3500 4434 3691 4506 Μηδέν

2017 4550 2072 4584 τι
2105 4526 2162 4583 δὲ
2196 4521 2341 4601 ἔχων
2399 4523 2699 4600 παρουσίας
2764 4524 3040 4601 βασιλέως
3107 4523 3258 4597 ἄξιον
3299 4523 3692 4601 διαπράξασθαι

2024 4617 2143 4675 δυσί
2178 4618 2314 4691 μησί
2361 4619 2460 4688 τήν
2525 4616 2869 4691 ἐκστρατείαν
2926 4617 3187 4697 ἀφώρισε·
3247 4618 3316 4673 τὰ
3366 4620 3469 4694 γάρ
3519 4619 3691 4675 ἐκεῖσε

2023 4707 2259 4787 φρούρια
2286 4707 2377 4763 καὶ
2409 4706 2679 4782 πολίχνια
2740 4706 3101 4783 ἰσχυροτέραν
3159 4706 3359 4779 πολλῷ
3395 4715 3497 4778 τῆς
3552 4728 3688 4783 προ-

2021 4798 2179 4875 τέρας
2231 4796 2355 4873 εὖρε
2406 4791 2854 4872 περιϐεϐλημένα
2933 4795 3090 4872 ἰσχὺν
3156 4796 3247 4852 καὶ
3301 4798 3511 4874 τείχεσι
3570 4798 3687 4853 νεό-

2025 4888 2260 4964 δμήτοις
2329 4887 2419 4944 καὶ
2488 4882 2830 4964 ἆρτιστεωέσι
2886 4883 3404 4963 προσδιειλημμένα
3476 4887 3684 4964 βάρεσι,

2023 4978 2114 5037 καὶ
2160 4977 2293 5040 τοὺς
2350 4973 2541 5048 ἔξωθεν
2600 4977 2979 5050 ἀμυνομένους
3020 4977 3148 5032 ὠσεὶ
3183 4978 3269 5031 καὶ
3304 4975 3537 5056 ἐλάφους
3593 4974 3676 5028 ἐπὶ

2023 5068 2088 5124 τὰ
2146 5066 2333 5142 ὑψηλά
2389 5065 2518 5129 τοὺς
2564 5063 2737 5129 πόδας
2818 5067 3084 5130 ἱστῶντας
3147 5066 3238 5122 καὶ
3296 5063 3448 5135 δίκην
3507 5063 3677 5140 αἰγῶν

2023 5151 2549 5234 κρημνοϐατοῦντας
2588 5157 2680 5212 καὶ
2736 5157 2836 5226 τὴν
2878 5158 2972 5231 μὶν
3023 5155 3102 5219 εἰς
3131 5162 3326 5232 χεῖρας
3356 5152 3676 5230 συμπλοκὴν

2024 5245 2449 5318 ἀλυσκάζοντας.
2512 5247 2590 5303 Τὸ
2646 5244 2704 5301 δὲ
2755 5246 2848 5302 καὶ
2916 5250 3140 5311 Σκυθῶν
3177 5243 3486 5322 ἐπιδρομήν
3550 5244 3684 5325 ὕφο-

2024 5338 2215 5412 ρᾶσθαι
2262 5337 2353 5391 τὸν
2413 5334 2786 5411 αὐτοκράτορα
2819 5338 2905 5410 (ἦν
2962 5335 3065 5415 γὰρ
3119 5333 3210 5391 καὶ
3270 5336 3298 5391 ὁ
3355 5333 3549 5411 καιρὸς
3609 5332 3688 5398 εἰς

2022 5428 2120 5496 τὴν
2182 5426 2390 5482 τούτων
2452 5425 2747 5500 περαίωσιν
2830 5425 2932 5481 οὐκ
3004 5425 3278 5499 ἀνάρσιος)
3354 5423 3531 5495 ὀξεῖαν
3588 5424 3687 5492 τὴδ

2025 5515 2225 5572 ἐκεῖθεν
2282 5517 2556 5591 ἠνάγκασε
2640 5522 2870 5585 ποιῆσαι
2946 5510 3263 5589 μετάϐασιν.
3325 5513 3538 5572 Οὐκοῦν
3610 5517 3686 5589 μὴ

2024 5604 2094 5662 δι’
2133 5603 2346 5676 ἐκείνης
2390 5606 2772 5682 ἀναχωρήσειν
2827 5603 3163 5681 προθέμενος
3223 5602 3293 5659 δι’
3350 5604 3419 5675 ἧς
3477 5603 3694 5678 εἷσελή-

2021 5692 2207 5772 λυθεν,
2237 5692 2364 5754 ἀλλ’
2410 5692 2820 5774 ἐπιτομωτέραν
2880 5690 3057 5768 ἄλλην
3119 5692 3412 5771 μεταλλῶν
3470 5694 3560 5751 καὶ
3618 5693 3687 5765 ἦν
