4102 6444
405 343 520 403 797

1529 339 1632 401 DE
1680 339 1992 403 ISAACIO
2036 341 2357 405 ANGELO
2402 345 2550 407 LIB.
2597 346 2709 408 III.

3713 352 3836 417 798

403 479 618 552 τέμνων
645 476 722 540 εἷς
759 475 998 553 Βερῥόην
1033 472 1122 530 διὰ
1180 479 1288 528 τῶν
1348 472 1519 530 ἐκεῖσε
1574 479 1797 549 τεμπῶν
1861 475 2064 530 ὑποκαν

2185 479 2510 536 cedendum
2545 482 2775 550 fuisset,
2804 481 2899 539 ille
2927 483 2985 538 in
3021 487 3306 555 angustas
3336 485 3534 542 fauces
3564 491 3617 543 et
3661 505 3834 545 mon-
3886 460 3893 468 '

404 565 724 640 ταϐήσεται,
789 568 852 622 τό
918 589 976 622 τε
1033 565 1228 620 πλεῖον
1291 564 1542 620 ἀπώλεσε
1588 570 1684 620 τοῦ
1736 567 2073 640 στρατεύμα-

407 679 523 725 τος,
555 660 643 712 καὶ
692 656 740 712 εἷ’
796 659 872 730 μή
931 655 1136 730 Κύριος
1175 655 1242 724 ἦν
1302 654 1353 708 ἐν
1408 651 1576 726 αὑτῷ,
1645 653 1734 708 καὶ
1776 654 1934 716 αὐτὸς
1994 659 2074 726 τῷ

409 747 514 820 ᾇδη
547 748 872 822 παρῴκησεν
927 746 1010 802 ἅν.
1056 743 1184 799 Δέον
1243 743 1348 819 γάρ
1407 741 1498 798 διὰ
1553 750 1653 814 τῆς
1705 744 2074 818 εὐρυνομένης

411 838 635 914 ἐνιαχοῦ
661 835 750 892 καὶ
811 831 1130 903 ἐνδιδούσης
1187 834 1390 896 ἱκανῶς
1452 833 1836 902 ἐνιππάζεσοαι
1878 853 2070 907 πορευ-

411 929 587 997 θῆναι,
617 927 646 981 6
675 923 732 980 δὲ
770 923 1052 998 τρυμαλιᾷ
1086 917 1368 979 δυσϐάτων
1425 922 1649 998 χωρίων
1702 922 1794 977 καὶ
1850 923 2073 997 ὀρεινῶν

413 1013 666 1090 παρόδων
700 1008 1296 1088 αύλῶνιπαρενέϐυσεν
1357 1012 1544 1067 ἑαυτὸν
1605 1011 1696 1066 καὶ
1752 1014 1850 1080 τὴν
1911 1032 2072 1086 στρα-

411 1107 549 1162 τιάν.
589 1104 854 1179 Παρέρῥει
888 1101 947 1158 δὲ
977 1103 1114 1158 κατὰ
1142 1102 1234 1156 τὸν
1295 1100 1407 1156 ἐκεῖ
1462 1105 1648 1176 χῶρον
1705 1101 1795 1156 καὶ
1853 1098 2071 1156 ὑδάτιον

412 1199 493 1270 [Ρ.
528 1197 656 1270 275]
706 1193 766 1249 ἐκ
821 1191 1154 1269 χειμάρῥου.
1219 1197 1472 1266 [Ιροῆγον
1537 1191 1630 1265 μὲν
1687 1191 1776 1246 οὖν
1846 1192 1874 1246 6
1927 1211 2075 1266 πρω-

407 1285 724 1360 τοστράτωρ
782 1281 1048 1351 Μανουὴλ
1101 1283 1128 1337 6
1176 1279 1474 1354 Καμύτζης
1533 1281 1624 1336 καὶ
1685 1281 1712 1336 6
1785 1280 2074 1355 Κομνηνὸς

406 1382 672 1444 ’[σαάκιος
759 1383 785 1436 6
843 1385 938 1436 τοῦ
1023 1379 1242 1448 ὕστερον
1321 1377 1744 1446 βασιλεύσαντος
1823 1377 2072 1448 Ἀλεξίου

411 1467 661 1551 γαμϐρὸς
692 1470 778 1526 ἐπὶ
827 1471 1077 1548 θυγατρὶ,
1131 1467 1566 1544 ὀπισθοφυλακεῖ
1623 1465 1682 1524 δὲ
1736 1469 1762 1523 6
1819 1464 2072 1524 σεϐαστο-

411 1563 629 1636 κράτωο
665 1561 928 1630 Ἰωάννης
958 1561 986 1615 6
1047 1559 1254 1623 Δούκας
1286 1559 1313 1615 6
1343 1561 1480 1634 πρὸς
1511 1559 1714 1633 πατρὸς
1773 1564 1918 1623 θεῖος
1974 1563 2071 1614 τοῦ

416 1651 708 1728 βασιλέως.
751 1651 830 1708 Τὸ
899 1647 956 1704 δὲ
1011 1650 1174 1723 μέσον
1239 1647 1428 1724 ἐπεῖχε
1473 1655 1574 1718 τῆς
1609 1647 1920 1726 φάλαγγος,
2001 1649 2069 1718 ἦς

415 1739 736 1816 ἐπίπροσθεν
799 1737 969 1795 ὥδευε
1023 1740 1089 1794 τὰ
1143 1741 1446 1818 σκευοφόρα
1527 1738 1616 1793 καὶ
1675 1736 1738 1792 τὸ
1805 1737 2068 1811 ἑπόμενον

1023 1379 1242 1454 ὕστερον
1321 1377 1744 1446 βασιλεύσαντος

2179 571 2329 624 tium
2363 587 2662 640 cavernas,
2699 574 2796 627 ubi
2834 580 3065 628 torrens
3108 575 3353 644 exiguus
3387 579 3830 648 praeterfluebat,

2182 673 2239 724 et
2268 682 2330 724 se
2361 669 2418 721 et
2443 665 2757 720 exercitum
2787 664 3044 718 intrusit.
3079 663 3449 719 Prchcdvbat
3489 675 3678 721 autem
3711 671 3830 722 Ma-

2183 756 2318 813 nuel
2349 757 2421 812 Ca
2435 761 2651 826 mytzes
2683 759 3073 825 protostrator
3101 757 3160 808 et
3187 753 3519 810 Comnenus
3553 755 3831 822 [8.tRClUS,

2182 845 2370 901 Alexii
2395 846 2525 914 ejus
2545 844 2646 916 qui
2679 847 2810 914 post
2840 841 3172 914 imperavit,
3197 859 3399 915 gener.
3426 850 3650 916 Agmen
3671 845 3836 900 clau-

2181 936 2358 991 debat
2399 937 2658 989 Joannes
2714 937 2905 987 Ducas
2955 933 3408 1001 sebastocrator,
3459 934 3834 1006 imperatoris

2181 1029 2447 1098 patruus.
2469 1021 2718 1076 Mediam
2753 1021 3122 1094 phalangem,
3144 1038 3320 1094 quam
3345 1021 3765 1093 impedimenta
3779 1029 3836 1080 et

2182 1113 2418 1170 servilia
2446 1111 2908 1167 extraordinaria
2927 1113 3353 1182 praecedebant,
3373 1112 3832 1184 ipseimpcrator

2182 1203 2442 1261 lsaacius
2472 1209 2526 1257 et
2555 1201 2684 1272 ejus
2708 1201 2881 1256 frater
2899 1201 3323 1258 sebastocrator
3343 1201 3576 1257 Alexius
3601 1200 3828 1257 obtine-

2181 1295 2346 1350 bant.
2380 1291 2665 1348 Barbaros
2695 1306 2851 1360 vero,
2883 1306 2947 1346 se
2977 1291 3049 1346 ab
3101 1295 3350 1363 utroque
3408 1291 3827 1364 angustiarum

2178 1383 2359 1438 latere
2387 1379 2782 1448 ostendentes,
2814 1378 2958 1435 satis
3011 1380 3330 1452 apparebat
3385 1397 3620 1450 semper
3677 1379 3830 1436 male

2181 1473 2456 1544 cogitare.
2491 1475 2574 1524 Ac
2605 1473 2952 1540 antegressas
3004 1467 3264 1540 legiones
3321 1469 3470 1526 citra
3506 1469 3834 1526 dimicatio-

2177 1577 2314 1619 nem
2347 1576 2377 1616 e
2411 1558 2678 1615 faucibus
2707 1557 2824 1612 illis
2853 1563 3184 1626 evaserunt,
3217 1559 3369 1630 quod
3423 1557 3620 1614 Blachi
3683 1575 3828 1616 non-

2178 1652 2316 1708 dum
2349 1666 2416 1706 eo
2475 1651 2892 1722 pervenerant:
2925 1651 2982 1704 et
3038 1664 3070 1702 e
3127 1662 3187 1702 re
3245 1664 3472 1718 quoque
3529 1665 3638 1704 sua
3695 1665 3826 1706 esse

2171 1741 2505 1812 judicarant
2539 1741 2600 1794 ut
2630 1737 2837 1810 primis
2868 1736 3148 1810 neglectis
3170 1736 3424 1793 mediam
3448 1737 3822 1810 phalangem,

413 1826 513 1900 ἔξω
543 1829 746 1899 τάξεως
781 1828 1131 1902 ὑπηρετικὸν,
1193 1828 1356 1892 αὐτός
1395 1849 1453 1882 τε
1511 1829 1540 1883 6
1605 1825 1860 1902 βασιλεὺς
1893 1825 2065 1884 Ἰσαά-

2177 1831 2332 1888 563
2357 1828 2415 1884 in
2451 1844 2581 1901 quae
2610 1831 2766 1884 esset
2822 1825 3145 1899 imperator
3199 1827 3450 1899 ejusque
3483 1825 3737 1882 ministri
3769 1830 3828 1882 et

410 1940 530 1981 κιος
583 1920 674 1974 καὶ
733 1921 761 1974 6
845 1919 1048 1974 τούτου
1107 1915 1448 1998 αὖτάδελφος
1503 1917 1532 1972 6
1613 1912 2064 1992 σεϐαστῠκράτωρ

413 2008 682 2080 Ἀλέξιος.
726 2009 795 2066 0t
835 2005 892 2062 δὲ
932 2003 1204 2084 Βάρϐαροι
1261 2011 1390 2081 παρ’
1446 2005 1672 2083 ἑκάτερα
1726 2013 1827 2076 τῆς
1883 2013 2070 2076 στενῆς

413 2095 622 2170 ἐκείνης
660 2095 902 2172 παρόδου
935 2097 1256 2172 φαινόμενοι
1283 2093 1453 2162 δῆλον
1515 2096 1649 2166 ἦσαν
1691 2096 1774 2152 ἀεί
1827 2117 1879 2151 τι
1909 2095 2068 2152 τελέ-

411 2207 595 2250 σοντες
627 2183 818 2242 δεινόν.
851 2186 924 2240 Τὰ
987 2186 1080 2259 μὶν
1139 2186 1230 2241 οῦν
1295 2184 1728 2262 προπορευθέντα
1783 2185 2071 2260 παρήλθο-

411 2295 504 2328 σαν
529 2272 758 2350 ἀμαχεὶ,
795 2275 965 2348 μήπω
1005 2278 1114 2329 τῶν
1184 2271 1424 2350 Βλάχων
1481 2273 1874 2344 ἀπηντηκότων
1934 2293 2070 2328 κατα

407 2364 473 2419 τὰ
513 2365 668 2419 στενὰ
715 2370 817 2434 τῆς
877 2360 1030 2430 ὁδοῦ,
1086 2365 1178 2418 καὶ
1235 2361 1423 2427 ἄλλως
1479 2359 1538 2420 δὲ
1565 2364 1863 2438 κρινάντων
1897 2363 2069 2418 ἐπιει-

406 2457 519 2516 κῶς
572 2451 857 2532 ὠφέλιμον
919 2453 1048 2514 τοὺς
1105 2453 1358 2526 πρώτους
1437 2453 1730 2526 παριόντας
1798 2451 2068 2525 ἀναιμωτι

406 2543 504 2605 τὰς
553 2543 720 2617 ἄκρας
809 2536 1154 2614 ὑπερϐαλεῖν,
1213 2545 1292 2613 τῷ
1360 2539 1417 2595 δὲ
1485 2537 1634 2614 μέσῳ
1685 2543 2070 2612 συνεπιστῆναὶ

411 2631 500 2686 καὶ
543 2630 878 2708 προσαράξαι
938 2635 1073 2706 σφᾶς
1129 2637 1232 2700 τῆς
1281 2630 1591 2708 φάλαγγος,
1653 2633 1785 2686 καθὸ
1845 2632 2071 2706 πάρεστι

421 2719 679 2797 βασιλεὺς
733 2723 823 2777 καὶ
881 2723 916 2792 ἡ
983 2725 1180 2777 τούτου
1250 2721 1510 2797 θεραπεία
1539 2723 1631 2778 καὶ
1663 2722 1862 2778 ὁπόσον
1921 2724 2073 2797 αὖτῷ

414 2811 552 2868 κατά
581 2811 735 2887 γένος
803 2810 1074 2884 ἐπίσημον
1145 2813 1566 2892 προσεφέπεται.
1628 2811 1725 2868 Καὶ
1768 2813 1867 2868 οὐκ
1905 2811 2072 2887 ἐψεύ-

417 2913 621 2972 σθησαν
647 2906 755 2956 τῶν
803 2902 942 2958 κατᾶ
995 2901 1218 2959 σκοπόν.
1291 2899 1516 2972 Ἐπειδή
1575 2903 1678 2978 γὰρ
1729 2894 2105 2983 προύχώρη-⁸

417 3021 502 3055 σεν
533 2999 610 3062 εἰς
655 2997 800 3055 πολὺ
847 3005 943 3055 τοῦ
999 3005 1250 3076 χαλεποῦ
1308 3000 1514 3056 ἐκείνου
1583 3001 1756 3057 τόπου
1810 3003 1902 3057 καὶ
1965 3025 2072 3076 μη-

426 3086 577 3163 δαμῆ
611 3085 880 3167 διάφευξιν
913 3087 1140 3164 ἔχοντος
1189 3091 1219 3146 6
1273 3090 1652 3164 αὐτοκράτωρ,
1712 3092 1764 3146 οἱ
1797 3090 2076 3168 Βάρβαροι

423 3183 718 3249 τηνικαῦτα
748 3180 868 3253 μεθ’
896 3179 982 3234 ’ὁτι
1011 3177 1273 3234 πλείστου
1333 3177 1542 3253 ὁμάδου
1599 3178 1868 3239 ἐπέθεντο.
1911 3179 2072 3240 Ἀλλ’

416 3265 531 3322 οὐδ’
580 3269 634 3322 o't
689 3272 786 3323 τοῦ
855 3273 1081 3338 πεζικοῦ
1161 3269 1473 3342 Ῥωμαϊκοῦ
1523 3269 1922 3345 στρατεύματος
1979 3271 2068 3328 ἐπὶ

412 3358 630 3422 τούτοις
661 3357 928 3432 ἠμέλουν,
965 3357 1111 3414 ἀλλὰ
1165 3361 1258 3415 καὶ
1307 3359 1460 3416 αὐτοὶ
1521 3363 1600 3434 μή
1661 3360 2076 3437 ἐγκυκλωθῆναι

414 3446 760 3518 σπεύδοντες,
817 3449 955 3524 πρὸς
1010 3450 1072 3505 τὸ
1103 3448 1318 3512 ἄναντες
1352 3449 1704 3528 ἐφορμῶντες
1741 3457 1842 3506 τοῦ
1883 3453 2073 3526 χώρου

415 3536 764 3611 ἀνέστελλον,
823 3537 873 3593 εἴ
928 3539 1016 3594 καὶ
1080 3541 1334 3614 πονήρως
1388 3538 1538 3614 μάλα
1567 3541 1656 3596 καὶ
1716 3538 2072 3604 ἐπικινδύνως

416 3629 544 3691 τοὺς
616 3629 1006 3691 ὑποκατιόντας
1073 3633 1180 3684 τῶν
1237 3629 1550 3704 ἀκρωρειῶν
1611 3626 2071 3707 Βαρϐάρους.⁶Ως

416 3725 462 3784 δ’
502 3723 784 3800 ἐϐιάζοντο
815 3730 894 3802 τῷ
923 3728 1126 3800 πλήθει
1155 3728 1250 3784 καὶ
1305 3735 1424 3794 τοῖς
1483 3729 1926 3805 ἐπικυλιομένοις
1980 3729 2070 3788 λί-

411 3819 526 3883 θοις
554 3823 737 3882 κακῶς
771 3819 821 3874 oi
852 3819 1120 3892 Ῥωμαῖοι
1177 3814 1442 3896 ἔπασχον,
1487 3817 1792 3876 ἐνεδίδοσαν
1836 3821 1911 3886 εἷς
1941 3843 2071 3897 τρο-

408 3909 540 3978 πὴν,
571 3905 718 3977 πλὴν
747 3907 1056 3982 ὕφειμένως
1103 3909 1196 3964 καὶ
1245 3907 1369 3965 τότε
1428 3907 1539 3965 οὐδ’
1613 3911 1916 3989 ὑπεράγαν,
1977 3912 2068 3968 καὶ

407 4001 570 4052 τοῦτο
601 3997 704 4052 οὐκ
733 3995 822 4054 ἐπὶ
853 3994 1018 4054 πολύυ
1051 3997 1114 4053 τὸ
1173 3999 1278 4076 γὰρ
1318 3998 1400 4055 ἀεί
1457 4021 1509 4055 τι
1565 3999 1694 4064 τοὺς
1726 4001 2068 4076 ἀλλοθρόους

409 4085 780 4154 πλεονεκτεῖν,
822 4082 1199 4162 ἐπιϐρίθοντας
1248 4109 1306 4144 τε
1359 4090 1450 4145 καὶ
1507 4091 1642 4146 κατά
1671 4091 1928 4156 πλείονας
1981 4092 2066 4168 ἐγ-

407 4175 715 4250 κειμένους,
750 4171 1112 4233 ἐπικατέϐαλε
1170 4182 1305 4256 σφᾶς
1364 4179 1624 4252 ἀκόσμως
1677 4185 1746 4256 τῇ
1818 4188 2064 4254 στρατιᾷ,

412 4267 490 4324 Τὸ
550 4264 598 4322 δ’
651 4267 758 4323 ἀπὸ
811 4264 971 4322 τοῦδε
1018 4267 1334 4346 συγχύσεως
1389 4270 1686 4344 γενομένης
1727 4270 1816 4326 καὶ
1847 4272 2062 4327 πάντων

411 4357 601 4425 σώζειν
682 4354 906 4419 ἑαυτοὺς
968 4355 1335 4430 προθεμένων,
1394 4359 1468 4421 ὡς
1531 4360 1817 4435 θρέμματα
1894 4382 2061 4417 κατα-

406 4443 720 4503 κλεισθέντα
751 4450 904 4518 σηκῷ
933 4445 1230 4520 κατῄκιζον
1263 4447 1314 4500 οἱ
1364 4444 1627 4522 πολέμιοι
1674 4449 1768 4504 τὸν
1810 4447 2062 4506 ἐπικατα-

405 4531 820 4610 λαμϐανόμενοι)
853 4535 942 4590 καὶ
970 4535 1051 4591 ἀεὶ
1081 4534 1206 4598 τοὺς
1264 4534 1316 4591 ἐν
1361 4538 1548 4612 χερσὶν
1595 4533 1852 4598 ἔκτεινον.
1888 4539 2054 4613 Ἀμύ-

405 4645 514 4680 νων
546 4621 603 4679 δὲ
633 4621 808 4687 οὐδεὶς
859 4625 947 4696 ἦν,
1005 4623 1122 4681 οὐδ’
1178 4623 1439 4696 ἠδύνατο.
1474 4627 1738 4691 Βασιλεὺς
1772 4626 1829 4684 δὲ
1872 4629 2053 4702 αὐτὸς,

403 4715 478 4776 ὡς
518 4711 570 4769 ἐν
629 4711 818 4788 ἄρκυσι
879 4715 1042 4789 μέσος
1101 4714 1354 4794 ληφθεὶς,
1413 4715 1693 4776 πολλάκις
1753 4721 1846 4792 μὲν
1903 4723 2054 4776 ἀπώ-

403 4815 594 4870 σασθαι
651 4803 714 4858 τὸ
760 4805 878 4858 καθ’
931 4803 1091 4860 αὐτὸν
1152 4804 1302 4861 ἐπιὸν
1384 4807 1784 4881 ἀπεπειράσατο
1841 4807 2052 4886 Βάρϐα-

401 4914 516 4968 ρον,
567 4892 658 4948 σὺν
706 4889 763 4948 δὲ
800 4896 880 4964 τῷ
936 4891 1106 4966 μηδὲν
1165 4893 1343 4950 ἀνύειν
1403 4897 1490 4951 καὶ
1541 4899 1634 4953 τὸν
1681 4901 1780 4964 τῆς
1809 4899 2052 4978 κεφαλῆς

399 4979 704 5040 ἀπεϐάλετο
751 4985 926 5037 κάσιν.
990 4979 1224 5039 Πολλῶν
1286 4981 1346 5039 δὲ
1394 4985 1484 5041 καὶ
1541 4988 1844 5062 κρατίστων
1877 5011 2048 5048 συνει-

401 5073 682 5151 λεγμένων
723 5073 845 5147 περὶ
907 5069 1093 5141 αὐτὸν,
1153 5073 1243 5127 καὶ
1302 5071 1491 5130 πολλά
1545 5077 1641 5148 μὲν
1692 5076 2048 5152 ἀνῃρηκότων

405 5161 690 5240 ὑποζύγια,
718 5158 816 5226 ’ὡς
873 5157 931 5216 δέ
988 5182 1116 5240 φασι
1173 5163 1260 5218 καὶ
1331 5165 1666 5239 στρατιώτας
1723 5169 2049 5242 Ῥωμαίους,

406 5249 686 5327 ὁπόσοιτῇ
717 5248 945 5327 παρόδῳ
976 5248 1066 5306 διὰ
1111 5253 1210 5322 τὴν
1274 5252 1616 5327 συμπίλησιν
1665 5257 2048 5333 προσίσταντο,

404 5335 573 5402 οὕτως
604 5340 748 5414 αὐτῷ
778 5343 812 5412 ἠ
846 5337 1028 5413 ἔξοδος
1083 5339 1471 5418 διηυμάριστο,
1529 5345 1618 5401 καὶ
1677 5348 1916 5406 σέσωστο
1948 5351 2052 5424 μό-

397 5445 488 5486 νος
527 5425 898 5486 ἂπολωλότων
939 5429 1188 5488 πολλῶν.
1252 5435 1350 5489 Καὶ
1416 5436 1444 5490 ὁ
1492 5436 1586 5508 μὲν
1640 5443 1760 5500 τοῖς
1791 5459 2050 5518 προηγη-

396 5515 644 5588 σαμένοις
711 5521 992 5594 συναφθεὶς
1053 5521 1326 5599 τάγμασιν
1381 5519 1503 5579 ἔθυε
1560 5530 1774 5602 σῶστρα
1829 5515 2044 5588 A1016:-

393 5608 504 5666 κῶς
534 5608 612 5678 τῷ
643 5603 729 5660 ἐπὶ
785 5608 883 5676 τήν
933 5608 1172 5689 κεφαλὴν
1229 5611 1394 5669 αὐτοῦ
1449 5615 1586 5670 κατὰ
1636 5616 1729 5672 τὸν
1767 5617 1890 5674 τότε
1943 5621 2044 5678 πό-

397 5691 570 5768 λεμον
651 5691 1018 5754 ἐπισκιάσαντι
1074 5705 1212 5776 Θεῷ·
1299 5703 1328 5759 6
1386 5699 1443 5760 δὲ
1517 5700 1964 5790 σεϐαστοκράτωρ
2013 5710 2044 5770 6

2173 1919 2400 1992 reliqua
2425 1917 2716 1988 nobilitas,
2749 1917 3224 1990 aggrederentur.
3267 1915 3383 1974 Nec
3413 1915 3688 1988 opinione
3719 1933 3826 1971 sua

2175 2013 2321 2067 sunt
2350 2007 2753 2078 decepti.Nam
2779 2011 2840 2062 ut
2870 2006 2932 2062 in
2964 2005 3230 2062 faucibus
3263 2005 3383 2062 illis
3415 2005 3565 2079 fugae
3595 2005 3823 2062 nullum

2175 2107 2432 2179 spatium
2447 2103 2921 2178 relinquentibus
2935 2103 3106 2176 longe
3120 2103 3830 2176 processerat,tumultuo-

2175 2195 2472 2252 sissimam
2505 2209 2763 2266 pugnam
2819 2193 2992 2248 cient.
3025 2192 3226 2264 Neque
3277 2192 3578 2249 Romanus
3609 2192 3830 2264 pedita-

2175 2291 2273 2342 tus
2303 2283 2556 2358 segnior,
2596 2299 2666 2340 ne
2705 2283 3248 2351 circumveniretur,
3284 2281 3345 2337 in
3403 2283 3656 2338 arduum
3696 2285 3828 2337 ten-

2177 2377 2324 2432 dens
2348 2375 2628 2430 Barbaros
2651 2388 2786 2428 eum
2802 2371 2999 2428 labore
3029 2369 3829 2444 etpericuloeeacuminibus

2177 2463 2596 2520 descendentes
2618 2459 3105 2534 reprimebat.Sed
3130 2475 3260 2516 cum
3285 2459 3663 2516 multitudine
3683 2459 3827 2516 telo-

2177 2569 2310 2609 rum
2343 2550 2702 2608 etdevolutis
2717 2551 2874 2606 saxis
2906 2550 3430 2622 urgerentur,fugre
3447 2565 3508 2606 se
3541 2547 3826 2622 paulatim

2178 2647 2235 2698 et
2248 2641 2415 2714 quasi
2439 2639 2883 2698 dissimulanter
2903 2639 3070 2695 initio
3099 2638 3470 2704 mandarunt,
3489 2639 3673 2694 donec
3693 2639 3832 2694 Bar-

2177 2731 2336 2788 barie
2353 2729 2564 2802 majori
2577 2730 2830 2786 subinde
2857 2745 3136 2784 successu
3151 2735 3208 2784 et
3226 2727 3447 2800 impetu
3469 2728 3706 2784 Irruenti
3719 2728 3832 2782 bus

2179 2820 2504 2892 perturbati
2535 2819 2720 2876 effuse
2747 2819 3042 2890 fugerunt,
3077 2819 3146 2874 de
3179 2835 3286 2874 sua
3317 2818 3570 2889 quisque
3599 2824 3830 2873 tantum

2179 2909 2370 2965 salute
2389 2907 2760 2977 sollicitus,et
2774 2905 3197 2978 velutpecudes
3215 2905 3269 2960 in
3291 2905 3522 2960 stabulo
3541 2903 3830 2961 conclusa

2179 2999 2527 3057 defendente
2549 2998 2784 3055 nemine
2813 2996 3138 3052 creduntur.
3175 2996 3500 3067 Imperator
3527 3011 3661 3050 vero
3700 2999 3830 3049 tan-

2181 3109 2360 3167 quam
2392 3091 2452 3147 in
2495 3089 2708 3147 mediis
2757 3089 3027 3146 cassibus
3077 3088 3360 3156 irretitus,
3395 3105 3546 3160 saepe
3587 3087 3826 3160 quidem

2181 3184 2474 3240 irruentes
2505 3182 2563 3237 in
2603 3197 2666 3238 se
2695 3179 2981 3236 Barbaros
3012 3177 3348 3251 propulsare
3377 3182 3644 3246 conatus,
3679 3193 3824 3250 prae-

2184 3279 2452 3346 terquam
2513 3271 2670 3343 quod
2756 3269 2902 3326 nihil
2961 3268 3228 3342 profecit,
3289 3268 3466 3324 etiam
3551 3271 3824 3340 tegumen

2181 3363 2412 3436 capitis,
2445 3376 2619 3430 quam
2652 3359 2816 3416 casin
2845 3365 3072 3427 vocant,
3096 3358 3314 3414 amisit.
3347 3357 3457 3413 Sed
3492 3371 3625 3413 eum
3659 3356 3830 3413 multi

2183 3452 2490 3510 fortissimi
2523 3449 2630 3506 viri
2653 3449 2808 3506 circa
2845 3464 2978 3505 eum
3009 3447 3343 3520 conglobati
3386 3447 3574 3504 multa
3596 3448 3835 3518 jumen-

2180 3547 2240 3599 ta
2271 3541 2426 3598 564
2455 3544 2512 3597 et
2571 3537 2887 3595 nonnullos
2917 3537 3120 3604 etiam,
3155 3541 3220 3592 ut
3285 3538 3498 3604 ferunt,
3529 3539 3827 3592 Romanos

2181 3631 2394 3688 milites
2454 3627 2848 3702 progressioni
2903 3627 3202 3684 obstantes
3259 3626 3634 3698 occidissent,
3694 3643 3830 3683 eva-

2179 3721 2354 3778 dendi
2381 3719 2715 3776 facultatem
2745 3717 2942 3774 habuit
2964 3735 2978 3786 ;
3001 3721 3060 3773 et
3089 3715 3292 3772 multis
3318 3715 3642 3772 interfectis
3664 3715 3828 3772 solus

2177 3809 2488 3867 vulnerum
2520 3825 2726 3881 expers
2749 3811 3150 3878 conservatus,
3181 3822 3314 3861 eum
3349 3806 3418 3862 ad
3453 3809 3828 3876 antegressos

2178 3901 2558 3976 pervenisset,
2603 3915 2765 3955 more
2796 3897 3071 3953 Davidico
3103 3895 3324 3968 gratias
3380 3895 3495 3950 Deo
3528 3893 3825 3966 persolvit,

2177 3992 2278 4067 qui
2331 3997 2507 4064 caput
2536 4006 2712 4046 suum
2771 4005 2837 4044 eo
2899 3987 3096 4060 praalio
3153 3985 3586 4043 obumbrasset.
3638 3986 3830 4041 Ducas

2175 4098 2310 4138 vero
2341 4081 2774 4138 sebastoerator
2805 4093 2940 4134 cum
2975 4092 3036 4132 se
3071 4076 3340 4149 progredi
3371 4093 3484 4130 non
3521 4091 3693 4147 posse
3739 4075 3825 4130 vi~

2175 4171 2359 4236 deret,
2394 4169 2612 4224 bonum
2648 4169 2857 4223 ducem
2891 4169 3120 4232 nactus,
3154 4181 3328 4236 quem
3383 4163 3552 4219 miles
3583 4164 3820 4236 quidam

2175 4261 2305 4331 ejus
2336 4257 2606 4314 Litoboes
2637 4273 2707 4312 ex
2736 4255 3040 4311 barbarica
3069 4255 3306 4311 cohorte
3337 4253 3671 4326 pellexerat,
3707 4251 3822 4309 alia

2172 4359 2266 4415 via
2295 4359 2424 4415 sine
2453 4357 2576 4413 ulla
2607 4372 2759 4412 noxa
2794 4362 2880 4412 est
2911 4355 3166 4427 elapsus.
3198 4355 3524 4428 Imperator
3555 4370 3688 4410 cum
3721 4371 3824 4424 per

2172 4447 2425 4504 Crenum
2471 4446 2722 4502 Berroen
2779 4446 3161 4518 pervenisset,
3197 4442 3550 4500 incolumem
3601 4443 3820 4499 exerci-

2172 4541 2298 4594 tum
2333 4537 2436 4609 qui
2467 4539 2882 4613 antecesserat,
2915 4533 3066 4590 nihil
3097 4535 3168 4590 de
3202 4551 3264 4591 se
3295 4535 3432 4590 boni
3487 4538 3818 4606 sperantem

2174 4625 2407 4698 reperit.
2443 4625 2758 4682 Ferebatur
2786 4625 2962 4682 etiam
3005 4641 3125 4680 una
3161 4640 3294 4680 cum
3354 4624 3539 4693 copiis
3572 4623 3816 4696 perisse.

2169 4718 2256 4774 Ad
2287 4732 2423 4773 eum
2481 4716 2796 4772 adversum
2837 4729 3134 4770 rumorem
3193 4713 3569 4778 abolendum,
3605 4729 3816 4784 paucos

2166 4807 2292 4863 dies
2325 4806 2383 4862 in
2415 4805 2536 4861 illis
2570 4804 2840 4877 partibus
2890 4807 3291 4859 commoratus
3341 4803 3400 4856 in
3467 4803 3668 4856 urbem
3699 4802 3812 4856 im-

2163 4897 2512 4972 peratricem
2543 4895 3008 4960 rediit,infausta
3032 4895 3186 4950 fama
3213 4891 3326 4948 alio
3347 4893 3556 4949 nuntio
3573 4892 3808 4962 abolita,

2164 5004 2340 5060 quem
2369 4987 2498 5060 ipse
2551 4983 3034 5057 Carthaginensis
3072 4983 3376 5040 Hannonis
3414 4981 3680 5054 exemplo
3739 4983 3810 5039 de

2165 5103 2270 5144 sua
2299 5083 2544 5141 victoria
2574 5083 2634 5138 in
2658 5082 2904 5138 urbibus
2937 5081 3336 5154 spargendum
3369 5086 3622 5138 curarat.
3657 5071 3806 5139 56-5

2162 5179 2442 5232 (laterum
2497 5187 2683 5245 neque
2741 5170 2946 5227 Hanno
3006 5171 3354 5226 diuturnum
3431 5173 3690 5228 fructum
3744 5187 3814 5228 ex

2161 5264 2518 5322 Musicarum
2548 5263 2744 5318 avium
2804 5265 2978 5317 cantu
3012 5261 3287 5334 percepit,
3320 5278 3469 5334 quas
3527 5279 3562 5316 a
3614 5261 3810 5335 pueris

2160 5353 2526 5411 continenter
2553 5350 2790 5408 eductas
2845 5355 3193 5407 Hannonem
3252 5366 3382 5407 esse
3436 5351 3609 5407 deum
3660 5349 3806 5407 alias

2159 5442 2272 5501 alio
2325 5439 2648 5508 dimiserat,
2684 5443 2749 5496 ut
2788 5438 3088 5496 volucrum
3123 5439 3223 5496 illa
3253 5439 3548 5498 cantilena
3578 5440 3798 5512 passim

2157 5533 2494 5599 audiretur;
2527 5547 2659 5586 nam
2693 5547 2826 5586 cum
2859 5529 3801 5596 avolassent,destiteruntcanere

2155 5628 2502 5680 Hannonem
2534 5637 2664 5678 esse
2693 5623 2892 5692 deum,
2951 5629 3008 5680 et
3038 5627 3293 5681 veterem
3328 5638 3496 5677 suam
3555 5619 3800 5676 eantile«

2159 5729 2295 5772 nam
2347 5711 2780 5784 repetiverunt;
2840 5714 2897 5770 et
2953 5711 3274 5786 imperator
3327 5709 3581 5768 victricis
3633 5710 3800 5768 famae
