4102 6404
258 350 374 410 799

1574 343 1896 407 NICETE
1936 341 2359 413 ΟΗΟΝΙΑΤιΕ

3558 354 3682 419 800

258 483 562 557 gloriolam
578 483 692 539 cito
716 482 912 539 amisit
938 500 951 538 :
978 500 1114 539 nam
1139 482 1578 539 interfectorum
1604 479 1911 536 multitudo

2030 481 2238 549 Δούκας
2269 487 2346 557 μὴ
2395 485 2533 562 βατᾶ
2569 490 2816 566 καθορῶν
2873 492 2937 547 τὰ
3000 489 3051 547 ἦν
3105 489 3288 566 ὄψεσιν
3316 485 3495 558 ἄλλκην
3553 482 3680 543 ἐϐά-

263 576 436 631 urbes
469 577 527 630 et
554 589 723 645 agros
756 572 917 628 luctu
950 573 1300 640 complebat.
1338 570 1547 627 Urbem
1609 574 1916 642 ingressus

259 664 444 720 cladis
474 662 636 718 illius
667 662 867 717 dolore
899 662 1166 716 nonnihil
1220 660 1290 715 de
1322 659 1633 731 supercilio
1667 659 1911 714 remisit.

259 755 407 811 Nam
437 757 571 809 ante
602 768 725 807 eam
754 750 1570 823 expeditionem,propheticis
1593 749 1915 805 illisverbis

258 845 328 901 ad
365 859 427 900 se
458 842 935 908 accommodatis,
971 839 1215 911 putabat
1236 854 1299 895 se
1323 854 1458 895 cum
1492 838 1696 894 latitia
1725 854 1916 911 egres-

258 949 462 989 surnm
495 937 552 988 et
582 947 715 986 cum
751 930 974 1002 gaudio
1007 929 1439 1001 ingressurum,
1469 933 1528 983 et
1584 934 1819 985 montes
1850 944 1915 984 ac

256 1023 434 1080 colles
460 1038 577 1094 pra:
607 1018 1035 1090 exspectatione
1065 1019 1155 1075 sui
1194 1017 1462 1075 hilariter
1492 1021 1909 1085 exsultaturos,

257 1118 316 1169 et
366 1128 572 1167 omnes
630 1112 802 1182 sylvaa
833 1112 1070 1165 arbores
1131 1110 1310 1165 ramis
1337 1109 1449 1164 sibi
1484 1108 1911 1181 applausuras;

257 1219 363 1275 pro
410 1200 674 1274 gramine
742 1214 1090 1271 cupressum
1148 1203 1205 1254 et
1264 1215 1367 1269 pro
1427 1199 1572 1254 rubo
1650 1202 1911 1267 myrtum

257 1288 788 1347 nascituram.Nam
813 1288 1086 1343 absurdis
1118 1289 1189 1342 de
1202 1288 1518 1360 semetipso
1534 1288 1913 1358 opinionibus

255 1383 519 1436 imbutus
552 1396 617 1434 ea
650 1395 775 1449 quae
805 1378 863 1431 in
896 1379 1077 1433 animi
1102 1379 1258 1435 566
1313 1378 1709 1450 penetralibus
1756 1378 1910 1433 inse-

255 1472 458 1528 derant
491 1470 841 1540 proferebat,
877 1485 989 1523 non
1023 1469 1096 1522 ob
1132 1469 1365 1537 publica
1415 1476 1617 1523 nostra
1676 1471 1913 1538 peccata

251 1566 308 1615 et
340 1558 439 1614 Dei
492 1557 783 1629 judicium
846 1558 919 1611 ab
977 1556 1255 1623 omnibus
1315 1555 1657 1611 derelictum
1708 1570 1909 1609 aurem

252 1648 488 1706 Domini
521 1662 645 1702 esse
676 1648 1036 1711 obturatam,
1091 1645 1407 1716 quominus
1435 1660 1542 1699 nos
1575 1643 1825 1711 audiret,
1858 1649 1913 1698 et

254 1738 470 1812 populo
488 1736 672 1792 stulto
702 1740 760 1790 et
784 1737 1033 1790 barbaro
1057 1750 1163 1789 nos
1177 1733 1563 1806 ﬂagellandos
1577 1747 1704 1789 esse
1721 1732 1911 1798 datos,

258 1829 357 1885 sed
392 1842 594 1900 pmnas
626 1825 857 1881 dedisse
887 1823 1248 1893 defectionis,
1280 1823 1435 1895 quod
1468 1823 1718 1878 Branam
1745 1837 1910 1878 secu-

256 1918 302 1977 ti
332 1922 524 1975 essent
555 1918 594 1972 ii
620 1917 723 1989 qui
753 1915 1021 1971 hostibus
1049 1914 1258 1986 praedae
1290 1914 1560 1970 fuissent.
1593 1911 1638 1968 Ο
1669 1911 1912 1968 diaboli-

256 2025 356 2065 cas
413 2007 799 2080 cogitationes
858 2009 915 2060 et
969 2003 1410 2075 iuspirationes,
1471 2002 1524 2058 si
1611 2000 1912 2058 nonnullis

253 2096 620 2173 principibus
653 2110 1002 2168 persuasum
1034 2097 1124 2150 est
1145 2092 1334 2149 multa
1365 2093 1592 2164 piorum
1620 2091 1805 2148 millia
1835 2092 1907 2148 ob

250 2189 658 2261 qualecunque
681 2185 737 2239 in
772 2200 872 2240 eos
903 2183 1185 2239 delictum
1216 2181 1614 2255 sanguinariis
1635 2182 1910 2253 gentibus

254 2280 451 2337 ovium
484 2278 669 2333 instar
690 2277 762 2331 ad
788 2274 1005 2332 caedem
1035 2280 1091 2330 et
1111 2274 1573 2330 internecionem
1606 2273 1911 2340 dedi.Quis

252 2378 409 2435 enim
431 2376 793 2449 lacrymosus
813 2374 1102 2430 Jeremias
1124 2374 1266 2430 satis
1284 2372 1548 2444 deploret
1572 2388 1672 2428 eos
1695 2371 1797 2445 qui
1815 2387 1912 2428 ca-

256 2466 627 2541 piuntur,qui
659 2464 1007 2522 occiduntur
1038 2464 1139 2537 qui
1172 2463 1233 2519 in
1265 2462 1621 2535 longinquas
1643 2462 1911 2534 regiones

254 2558 613 2624 venduntur,
638 2572 735 2611 eas
769 2554 1084 2626 praesertim
1119 2553 1178 2609 in
1211 2553 1427 2625 quibus
1456 2551 1671 2609 Christi
1696 2568 1910 2608 nomen

254 2664 368 2702 non
402 2646 704 2702 invocatur
729 2644 758 2700 ‘I
779 2660 966 2716 neque
986 2642 1084 2699 illa
1104 2643 1416 2699 insolentia
1438 2646 1772 2711 contentus,
1791 2658 1911 2699 mo-

253 2736 556 2794 narchiam
588 2737 660 2791 de
686 2751 748 2792 se
774 2735 1035 2805 jactabat
1064 2736 1123 2790 et
1152 2749 1294 2807 opes
1354 2732 1618 2806 gentium
1644 2738 1702 2789 et
1729 2731 1912 2789 Palae-

254 2827 422 2883 stina:
451 2826 857 2883 liberationem
900 2829 958 2880 et
997 2823 1196 2898 glorise
1254 2823 1459 2879 Libani
1517 2821 1911 2894 adeptionem,

254 2922 313 2974 et
339 2916 773 2973 Ismaelitarum
807 2914 960 2971 ultra
1015 2912 1373 2986 Euphratem
1433 2911 1678 2967 ﬂuvium
1711 2911 1915 2983 profli-

257 3007 581 3079 gationem,
614 3010 672 3062 et
699 3004 1080 3063 barbararum
1120 3003 1383 3075 gentium
1417 3001 1679 3074 undique
1713 3000 1912 3072 depul-

256 3096 502 3151 sionem.
538 3093 892 3165 Adjiciebat,
929 3109 1080 3165 quos
1107 3097 1235 3147 tum
1268 3092 1452 3148 duces
1482 3090 1798 3146 habiturus
1823 3104 1909 3145 es-

257 3190 371 3252 set,
392 3201 490 3240 eos
523 3199 639 3239 non
672 3185 789 3239 fore
820 3182 1028 3239 nostris
1059 3180 1309 3249 similes,
1341 3181 1443 3236 sed
1476 3194 1773 3235 summam
1805 3195 1907 3250 po-

2024 566 2188 643 δισεν,
2241 573 2449 650 ἀγαθοῦ
2527 599 2672 642 τινος
2749 579 3022 656 ἡγεμόνος
3079 580 3407 655 εὐπορήσας,
3469 578 3525 632 δν
3583 582 3680 633 τοῦ

2020 661 2141 716 κατ’
2169 661 2334 719 αὐτόν
2390 686 2474 728 τις
2535 668 2936 743 στρατεύματος
3006 664 3281 739 Λιτοϐόης
3319 664 3559 741 τοῦνομα
3622 667 3681 723 ἐκ

2018 751 2115 804 τοῦ
2212 756 2322 808 τῶν
2431 750 2724 829 Βαρϐάρων
2789 757 3070 834 τάγματος
3145 754 3679 831 προσδιαλεξάμενος

2017 836 2378 913 επεσπάσατο,
2427 844 2517 898 καὶ
2572 842 2644 899 δι’
2703 845 2910 914 ἱκείνης
2969 845 3265 920 ἀπείρατος
3333 845 3529 917 ἐξῆλθε
3581 868 3678 902 κα-

2016 933 2140 987 κοῦ.
2183 928 2448 994 Βασιλεὺς
2482 929 2540 988 δὲ
2570 930 2660 989 διὰ
2700 937 2797 988 τοῦ
2837 932 3135 1011 λεγομένου
3189 938 3271 1009 [Ρ.
3332 938 3461 1009 286]
3519 942 3676 1009 Κρη-

2018 1022 2113 1073 νοῦ
2137 1020 2276 1094 πρὸς
2308 1022 2408 1091 τὴν
2441 1022 2683 1099 Βερῥόην
2740 1023 3045 1088 ἀποσωθεὶς
3081 1022 3201 1095 εὗρε
3254 1024 3355 1093 τὴν
3413 1024 3676 1097 προεξελ-

2019 1112 2212 1173 θοῦσαν
2280 1110 2507 1175 ἀπαθῶς
2564 1112 2816 1188 στρατιὰν
2882 1113 2981 1168 οὐκ
3037 1114 3214 1190 ἀγαθὰ
3263 1115 3674 1192 φανταζομένην

2016 1199 2142 1275 περὶ
2202 1199 2416 1255 ἑαυτοῦο
2505 1198 2845 1276 διεθρυΛεῖτο
2902 1202 3006 1276 γὰρ
3077 1202 3152 1262 ὠς
3217 1202 3305 1256 καὶ
3367 1202 3527 1263 αὐτὸς
3592 1205 3673 1273 τῷ

2022 1288 2207 1361 λοιπῷ
2236 1287 2624 1344 συναπολώλει
2683 1280 3066 1365 στρατεύματι.
3131 1288 3227 1344 Διά
3273 1292 3402 1363 γοῦν
3462 1290 3524 1342 τὸ
3576 1296 3675 1358 τῆς

2018 1381 2212 1456 φήμης
2274 1378 2530 1457 ἄγνωμον
2591 1382 2619 1436 ὁ
2688 1378 2944 1457 βασιλεὺς
3002 1379 3199 1453 ὀλίγας
3283 1378 3493 1454 ἡμέρας
3560 1384 3679 1440 τοῖς

2016 1465 2128 1522 ἐκεῖ
2156 1488 2263 1522 που
2311 1465 2740 1543 προσδιατρίψας
2802 1469 2989 1542 μέρεσι
3045 1469 3182 1543 πρὸς
3242 1469 3340 1535 τὴν
3404 1472 3513 1522 τῶν
3580 1467 3683 1521 πό-

2016 1554 2158 1611 λεων
2210 1555 2452 1611 ἐπάνεισι
2526 1555 2804 1632 βασιλίδα.
2862 1558 2924 1614 Ἠ
2988 1557 3170 1631 μέντοι
3228 1557 3528 1614 ἀπευκταῖα
3559 1556 3685 1632 περὶ

2017 1649 2116 1700 τοῦ
2155 1650 2482 1720 κρατοῦντος
2538 1643 2743 1719 ᾆδουσα
2806 1649 2966 1723 φήμη
3014 1648 3098 1726 ὑφ’
3175 1647 3361 1722 ἑτέρας
3416 1644 3680 1723 ἀγγελίας

2016 1732 2503 1810 παρηυδοκίμητο,
2562 1737 2623 1805 ἣν
2686 1736 2965 1810 πτερώσας
3051 1736 3079 1789 ὁ
3169 1735 3432 1810 βασιλεὺς
3508 1735 3686 1812 ἀφῆκε

2019 1824 2159 1879 κατά
2184 1824 2277 1880 τὸν
2335 1821 2716 1900 Καρχηδόνιον
2752 1825 2997 1880 Ἀννωνα
3057 1825 3153 1890 τὰς
3182 1824 3379 1886 πόλεις
3427 1823 3680 1880 ἐπιοῦσαν

2018 1914 2251 1984 νικητήν
2311 1911 2470 1969 αὺτὸν
2518 1912 2890 1991 ἀναγορεύειν.
2953 1912 3111 1970 Ἀλλ’
3160 1913 3284 1970 οὒτε
3322 1914 3531 1971 Ἀννων
3593 1913 3682 1969 ἐπὶ

2018 2001 2165 2058 πολὺ
2223 2003 2479 2059 ἀπώνατο
2527 2010 2626 2073 τῆς
2682 2007 2790 2059 τῶν
2833 2000 3048 2077 ᾤδικῶν
3112 2003 3340 2078 ὀρνίθων
3374 2002 3680 2078 συλλογῆς,

2021 2087 2114 2149 οῦς
2141 2089 2279 2161 μετά
2304 2089 2368 2144 τὸ
2410 2085 2746 2165 διδαχθῆναι
2779 2086 2869 2143 διὰ
2902 2087 3309 2164 μειρακυλλίων
3370 2088 3446 2153 ὠς
3475 2094 3680 2146 ’Ἄννων

2020 2187 2139 2249 θεὸς
2206 2183 2512 2263 ἐνδελεχῶς
2568 2186 3037 2263 παρακαθημένων
3091 2187 3285 2249 αὑτοῖς
3356 2187 3447 2241 καὶ
3521 2192 3682 2242 τοῦτο

2023 2272 2454 2334 ὑποϐαλλόντων
2510 2278 2588 2333 ἀεὶ
2645 2277 2876 2350 μάθημα
2934 2274 3193 2351 διαφῆκεν
3223 2274 3429 2333 ἄλλοσε
3486 2275 3682 2349 ἄλλον,

2019 2364 2096 2428 ὠς
2121 2367 2405 2442 ἁπανταχῇ
2442 2363 2735 2443 διαρῤεύσῃ
2776 2367 2839 2423 τὸ
2900 2366 3032 2441 ὑπὶρ
3074 2367 3243 2422 αὐτοῦ
3279 2371 3390 2421 τῶν
3453 2366 3681 2442 ὀρνίθων

2024 2453 2214 2531 μὲλοςο
2250 2453 2509 2519 λύσαντες
2543 2456 2647 2533 γὰρ
2703 2457 2767 2511 τὸ
2828 2457 3026 2533 πτερὸν
3069 2454 3250 2512 οὐκέτι
3280 2461 3492 2513 ’Ἄννων
3547 2454 3680 2532 ᾖδον

2022 2544 2163 2616 θεὸς,
2218 2542 2366 2600 ἀλλὰ
2433 2543 2501 2599 τὰ
2554 2548 2661 2600 τῶν
2719 2543 2947 2620 ὀρνίθων
3004 2543 3095 2599 καὶ
3157 2543 3324 2600 πάλιν
3381 2545 3686 2623 ἐμουσούρ-

2020 2656 2151 2711 γουν
2188 2635 2263 2697 ὠς
2315 2634 2601 2711 πρότερονο
2648 2637 2774 2692 οὕτε
2830 2637 2938 2709 μὴν
2996 2636 3024 2690 ὁ
3060 2635 3316 2711 βασιλεὺς
3358 2635 3414 2698 ἒς
3471 2637 3678 2711 μακρὸν

2022 2733 2123 2795 τῆς
2181 2723 2476 2802 εὒαγγέλου
2535 2728 2729 2803 φήμης
2809 2723 3132 2782 ἀπέλαυσεν·
3220 2727 3255 2796 ἢ
3314 2725 3417 2801 γὰρ
3477 2730 3684 2792 πτῶσις

2018 2813 2464 2890 πολυάνθρωπος
2521 2813 2788 2890 γενομένη
2862 2815 2960 2878 τὰς
3014 2813 3206 2879 πόλεις
3292 2813 3680 2892 ἐπιστεναχού-

2022 2927 2115 2969 σας
2166 2902 2373 2961 ἐδείκνυ
2428 2905 2521 2961 καὶ
2603 2904 2732 2970 τοὺς
2819 2907 3021 2981 ἀγροὺς
3079 2912 3269 2981 κῶμον
3323 2909 3678 2982 κωμάζοντας

2022 2998 2233 3075 ἄγριον.
2277 2999 2480 3055 Εἷσιὼν
2538 2995 2596 3053 δὲ
2644 3000 2742 3069 τὴν
2783 3002 2891 3054 τῶν
2948 2997 3165 3055 πόλεων
3217 2997 3487 3077 ἃρχουσαν
3547 3000 3677 3055 ὑπε-

2020 3085 2234 3161 χάλασὲ
2262 3107 2313 3141 τι
2346 3085 2537 3162 λικρὸν
2584 3094 2686 3157 τῆς
2753 3087 2978 3166 ὀφρύος,
3029 3089 3119 3143 καὶ
3152 3091 3217 3159 ἦν
3269 3088 3358 3144 ἒπὶ
3384 3093 3502 3151 τοῖς
3535 3110 3679 3163 συμ-

2021 3169 2286 3245 ϐεϐηκόσι
2342 3176 2560 3236 τούτοις
2620 3171 2973 3251 δακνόμενος.
3036 3179 3234 3251 Πρώην
3284 3175 3343 3232 δὲ
3399 3176 3513 3253 οὐχ
3538 3173 3680 3233 οὕτω

258 3242 497 3328 tentiam
534 3272 837 3327 habituros
895 3277 950 3324 et
1010 3269 1248 3325 divitias
1295 3242 1561 3340 gentium
1615 3242 1906 3323 comes-tu-

2020 3242 2273 3337 διέκειτο,
2328 3264 2459 3323 ἀλλ’
2506 3266 2755 3347 ἀπαίρων
2792 3242 2951 3324 ’κατὰ
3008 3242 3330 3345 Βαρϐάρων,
3374 3270 3443 3324 τὰ
3472 3242 3684 3349 προφη-

255 3375 354 3416 ros
385 3360 535 3417 567
585 3364 643 3414 et
672 3358 1047 3431 pinguedinis
1078 3373 1279 3414 eorum
1341 3354 1631 3413 medullas
1684 3355 1909 3412 exhau—

253 3452 443 3517 turos,
475 3448 714 3520 regibus
744 3453 803 3503 et
833 3447 1132 3520 toparcbis
1156 3445 1499 3502 auctoritate
1519 3450 1576 3502 et
1594 3443 1910 3517 splendore

259 3537 573 3595 similes.ln
606 3536 949 3608 hujusmodi
979 3536 1231 3609 ineptias
1253 3534 1549 3608 impulsus
1567 3539 1657 3591 est
1678 3551 1712 3591 a
1741 3535 1909 3591 vanis

259 3627 624 3698 hominibus,
657 3627 759 3699 qui
792 3631 993 3682 nostra
1011 3619 1190 3682 etiam
1221 3629 1390 3681 aetate
1421 3624 1704 3698 vigent,et
1735 3623 1908 3680 veluti

257 3717 432 3774 tineae
472 3716 828 3773 vanitatibus
885 3715 1019 3772 istis
1078 3715 1381 3789 ingenium
1441 3715 1570 3786 ejus
1627 3730 1909 3771 novarum

261 3822 453 3863 rerum
508 3807 737 3862 avidum
772 3806 1051 3862 subibant
1083 3810 1141 3861 et
1169 3806 1528 3873 erodebant;
1565 3809 1668 3860 aut
1694 3804 1907 3877 potius,

260 3910 324 3962 ut
355 3905 610 3961 nutrices
642 3905 928 3961 infantem
988 3906 1046 3960 in
1110 3904 1281 3960 cunis
1340 3903 1655 3969 collocant,
1682 3904 1765 3959 ita
1823 3902 1909 3957 illi

258 3996 455 4069 ipsum
489 3996 560 4051 ad
612 3994 939 4051 socordiam
997 3999 1057 4050 et
1111 3992 1409 4066 ignaviam
1451 3993 1575 4049 suis
1609 3992 1823 4049 fabulis
1857 3996 1913 4048 et

258 4085 605 4142 commentis
635 4085 712 4139 im
725 4083 1210 4154 pellebant,quasi
1235 4099 1371 4138 vero
1390 4082 1518 4154 ipso
1532 4082 1912 4150 dormitante,

257 4191 392 4234 cum
430 4173 622 4231 fatalis
654 4174 798 4230 hora
836 4175 1289 4245 instaret,regna
1311 4173 1371 4228 in
1403 4172 1532 4243 ejus
1563 4176 1909 4244 potestatem

260 4264 411 4321 ultro
443 4280 651 4321 casura
684 4268 900 4328 essent,
934 4263 1438 4336 quemadmodum
1477 4266 1697 4318 veteres
1714 4261 1908 4319 Timo-

258 4354 459 4410 tbeum
495 4354 806 4425 pinxerunt
836 4352 1223 4408 dormientem
1258 4353 1497 4408 fortuna
1527 4351 1761 4408 interim
1795 4351 1910 4406 cir-

262 4448 578 4500 cumeunte
608 4447 666 4498 et
692 4444 865 4498 urbes
896 4443 953 4496 in
979 4458 1162 4497 unum
1196 4446 1313 4497 rete
1344 4445 1676 4496 contractae
1707 4440 1757 4496 ei
1788 4444 1912 4497 tra-

263 4525 456 4581 dente.
491 4524 559 4579 Et
589 4525 741 4595 quod
776 4523 967 4595 magis
1004 4523 1254 4590 mireris,
1282 4522 1656 4578 asseverabat
1684 4522 1910 4578 Andro-

2012 3356 2137 3410 τικά
2185 3355 2361 3411 ἐκεῖνα
2416 3355 2495 3419 εἰς
2550 3356 2737 3412 ἑαυτὸν
2799 3356 3169 3434 ἐφελκόμενος
3232 3359 3474 3435 ῥήματα,
3544 3356 3682 3431 ᾣετο

2013 3445 2066 3501 ἓν
2141 3443 2443 3521 εὐφροσύνῃ
2522 3445 2890 3517 ἐξελεύσεσθαι
2965 3448 3060 3502 καὶ
3161 3448 3294 3522 μετὰ
3381 3454 3680 3526 χαρμονῆς

2015 3533 2436 3604 εἰσελεύσεσθαι,
2495 3536 2587 3590 καὶ
2645 3536 2721 3599 ὠς
2778 3536 2844 3591 τὰ
2897 3532 2999 3613 ὄρη
3059 3537 3148 3592 καὶ
3208 3538 3261 3593 οἱ
3315 3538 3501 3615 βουνοὶ
3559 3538 3681 3608 ἑξα-

2015 3622 2243 3680 λοῦνται
2296 3622 2739 3701 προσδεχόμενοι
2799 3625 2960 3681 αὐτὸν
3014 3626 3066 3682 ἐν
3119 3631 3285 3703 χαρᾷ,
3351 3625 3443 3682 καὶ
3508 3628 3679 3683 πάντα

2013 3714 2083 3771 τὰ
2140 3714 2278 3785 ξύλα
2325 3719 2422 3771 τοῦ
2454 3711 2665 3791 δρυμοῦ
2714 3716 3066 3791 ὲπικροτήσει
3104 3721 3222 3779 τοῖς
3270 3714 3523 3787 κλάδοις,
3585 3717 3679 3772 καὶ

2020 3812 2139 3868 ἀντὶ
2198 3806 2428 3878 στοιϐἧς
2483 3809 2814 3884 ἀναϐήσεται
2864 3815 3221 3890 κυπάρισσος,
3274 3815 3392 3870 ἀντὶ
3435 3812 3493 3870 δὲ
3549 3816 3680 3870 κνύ-

2020 3906 2117 3972 ζης
2168 3897 2497 3972 ἀναϐήσεται
2559 3902 2817 3978 μυρῥίνη,
2869 3903 2986 3958 ἐπεὶ
3037 3904 3127 3959 καὶ
3186 3902 3523 3966 ἀλλοκότοις
3581 3902 3678 3961 δό-

2016 3989 2150 4061 ξαις,
2203 3989 2328 4064 περὶ
2378 3990 2573 4046 ἑαυτοῦ
2632 3991 3055 4067 συγκεκρότητο,
3112 3993 3205 4047 καὶ
3280 3991 3557 4058 πολλάκις
3612 3994 3680 4048 τὰ

2019 4078 2070 4134 ἐν
2106 4083 2273 4154 μυχῷ
2303 4078 2555 4154 καριδίας
2605 4079 3058 4156 ἐπηλυγαζόμενα
3117 4081 3355 4162 ἐκφέρων
3387 4082 3681 4162 ἐφθέγγετο

2021 4169 2098 4242 μή
2157 4165 2245 4223 διὰ
2302 4168 2368 4223 τὰ
2424 4174 2622 4233 κοινῶς
2681 4169 2769 4248 ὕφ’
2827 4173 2990 4244 ἡμῶν
3049 4173 3417 4248 ἡμαρτημένα
3468 4172 3559 4228 καὶ
3618 4175 3681 4230 τὸ

2017 4262 2151 4313 Θεοῦ
2203 4258 2379 4332 κρίσιν
2437 4257 2639 4322 πάντας
2695 4257 3018 4316 καταλιπεῖν
3094 4262 3424 4337 βαρυνθῆναι
3471 4262 3532 4317 τὸ
3587 4264 3680 4324 οῦς

2017 4347 2223 4423 Κυρίου
2264 4351 2362 4402 τοῦ
2395 4349 2472 4420 μή
2506 4347 2719 4404 ἀκούειν
2774 4352 2933 4423 ἡμῶν
2980 4350 3072 4404 καὶ
3120 4347 3498 4423 παραδοθῆναι
3528 4354 3679 4426 ἡμᾶς

2018 4435 2094 4497 εἷς
2130 4439 2465 4512 μαστίγωσιν
2491 4435 2610 4510 λαῷ
2641 4443 2816 4515 μωρῷ
2844 4440 2934 4494 καὶ
2993 4439 3127 4514 οὐχὶ
3167 4444 3340 4517 σοφῷ,
3385 4439 3534 4497 ἀλλᾶ
3596 4441 3676 4496 τί-

2014 4544 2201 4588 νοντας
2233 4523 2390 4597 δίκην
2421 4530 2519 4582 τοῦ
2555 4526 2735 4583 ὀπίσω
2764 4532 2861 4583 τοῦ
2918 4531 3101 4601 Βρανᾶ
3157 4537 3493 4604 πορευθῆναι
3542 4532 3682 4587 ἀπο-

261 4613 462 4670 nicum
514 4612 904 4677 Comnenum,
961 4627 1137 4684 quem
1199 4611 1327 4683 ipse
1378 4611 1621 4681 imperio
1677 4610 1911 4682 pulsum

2025 4614 2240 4670 στασίαν
2298 4618 2414 4671 κατ’
2472 4619 2641 4672 αὐτοῦ
2729 4619 3065 4689 νοσήσαντος
3142 4619 3415 4682 τοιούτοις
3474 4617 3682 4676 ἐκδεδὸ-

265 4703 675 4760 miserabiliter
704 4702 1119 4758 trucidandum
1152 4703 1405 4767 curarat,
1461 4715 1667 4756 novem
1728 4715 1917 4756 annos

262 4796 325 4852 in
374 4795 621 4867 imperio
652 4799 991 4850 exacturum
1026 4792 1226 4860 fuisse,
1278 4791 1391 4847 nisi
1451 4791 1630 4848 aDeo
1684 4799 1919 4864 propter

263 4897 698 4968 improbitatem
752 4894 911 4951 illius
965 4894 1034 4949 ad
1067 4893 1386 4949 triennium
1421 4891 1572 4948 568
1635 4892 1916 4948 contracti

265 4992 484 5052 essent,
509 4991 567 5043 et
590 5002 688 5042 sex
709 4984 870 5041 illius
901 4985 1063 5050 anui,
1090 4989 1372 5056 tanquam
1406 4982 1587 5055 panni
1622 4999 1914 5055 purpurae,

265 5091 374 5132 suo
405 5075 651 5147 imperio
681 5075 894 5147 adjecti
922 5096 942 5142 ,-
973 5075 1188 5145 quibus
1237 5089 1355 5130 non
1387 5072 1628 5130 omnino
1659 5071 1917 5129 clemens

265 5171 324 5223 et
383 5165 718 5221 moderatus
776 5164 1010 5220 futurus
1071 5166 1246 5230 esset,
1278 5177 1469 5234 neque
1523 5161 1919 5219 beneﬁcentiae

265 5253 551 5311 rationem
589 5252 806 5324 ubique
827 5238 1545 5326 habiturus,quippe'cum
1576 5269 1611 5308 a
1637 5250 1917 5308 maleﬁcia

269 5342 442 5400 annis
473 5340 787 5397 Andronici
819 5343 890 5397 ad
930 5340 1090 5398 illius
1111 5347 1378 5397 naturam
1404 5358 1507 5414 per
1525 5340 1645 5397 vim
1664 5341 1916 5398 trahere-

264 5440 382 5491 tur.
417 5431 642 5498 Quibus
699 5432 895 5488 verbis
940 5447 1014 5488 an
1073 5430 1368 5488 excusarit
1419 5431 1816 5488 Andronicum
1849 5436 1917 5487 ut

266 5521 550 5580 maleﬁcia
601 5521 971 5594 temporibus
1000 5520 1249 5594 imperio
1280 5520 1555 5593 potitum,
1589 5525 1646 5577 et
1676 5521 1779 5576 fati
1812 5537 1911 5576 ne-

259 5608 598 5672 cessitatem
656 5618 721 5669 ut
776 5612 1017 5687 quidam
1061 5628 1131 5669 ex
1185 5612 1396 5669 Graacis
1452 5613 1730 5684 probarit,
1781 5612 1914 5670 aliis

254 5701 650 5779 judicandum
707 5705 1001 5779 relinquo.
1065 5703 1385 5780 Postquam
1435 5721 1571 5765 vero
1617 5721 1718 5766 sex
1772 5704 1912 5765 anni

1975 4769 1997 4788 κ
2029 4706 2151 4760 σθαι
2204 4706 2334 4770 τοὺς
2387 4707 2902 4780 προνομευομὲνους
2985 4712 3197 4769 κακοῖς.

3284 4711 3352 4761 Ὢ
3419 4713 3528 4763 τῷν
3585 4708 3681 4765 τοῦ

2027 4800 2278 4872 πονηροῦ
2310 4797 2640 4871 σκεμμάτων
2671 4817 2729 4852 τε
2787 4796 2879 4851 καὶ
2948 4798 3325 4878 ὑφηγημάτων
3368 4800 3381 4855 l
3443 4799 3489 4854 εἰ
3539 4798 3680 4855 οὕτω

2026 4892 2134 4943 τῶν
2195 4888 2478 4967 ἀρχόντων
2537 4888 2676 4951 τινὲς
2730 4887 3118 4967 ὑπειλήφασιν,
3152 4888 3226 4952 ὠς
3290 4886 3525 4946 εὐσεϐῶν
3574 4912 3678 4964 μυ-

2028 4974 2218 5051 ριάδας
2265 4983 2366 5047 τῆς
2422 4978 2717 5032 ὁποιασοῦν
2750 4976 2854 5032 ὑπό
2902 4998 3049 5041 τινος
3095 4976 3270 5033 αὐτῶν
3302 4980 3677 5054 παροινήσεως

2026 5074 2390 5153 ἀντάλλαγμα
2447 5077 2536 5131 καὶ
2594 5077 2897 5153 ἀντίψυχον
2940 5074 3225 5132 ἐκδίδωσιν
3255 5079 3283 5133 ὁ
3339 5078 3463 5140 Θεὸς
3496 5095 3675 5151 συγκι-

2023 5171 2263 5238 νηθεῖσιν
2322 5163 2489 5221 ἔθνεσι
2548 5167 2636 5222 καὶ
2721 5166 2798 5231 ὡς
2851 5160 3101 5241 πρόϐατα
3157 5174 3367 5244 σφαγῆς
3426 5164 3680 5240 παρίησιν

2027 5254 2224 5318 αὐτοὺς
2264 5254 2560 5331 ἀπάγεσθαι
2616 5275 2676 5312 τι
2741 5256 2832 5311 καὶ
2893 5255 3334 5314 ἀποκτείνεσθαι.
3403 5254 3500 5318 Τίς
3581 5254 3684 5333 γὰρ

2024 5346 2294 5420 Ἱερεμίας
2324 5342 2676 5418 πολύδακρυς
2719 5344 3013 5422 ἐθρήνησεν
3074 5344 3134 5401 ἅν
3192 5345 3506 5421 ἀρκούντως
3559 5345 3687 5408 τοὺς

2025 5433 2639 5512 αἶχμαλωτιζομένους,
2696 5436 2826 5498 τοὺς
2912 5433 3360 5510 ἀναιρουμένους,
3426 5433 3556 5497 τοὺς
3613 5435 3689 5497 εἰς

2024 5526 2121 5589 τὰς
2172 5523 2509 5602 πορῥωτέρω
2562 5525 2751 5601 χώρας
2812 5521 3267 5598 ἀποδιδομὲνους,
3325 5524 3416 5579 καὶ
3473 5524 3685 5580 τούτων

2024 5613 2290 5694 ἐφ’ὃσαις
2329 5615 2392 5670 τὸ
2445 5618 2543 5671 τοῦ
2600 5616 2840 5691 Χριστοῦ
2908 5615 2986 5688 μὴ
3040 5611 3398 5686 ἒπικέκληται
3461 5612 3685 5688 ὄνομας

2022 5703 2103 5766 Ού
2130 5707 2302 5763 ταῦτα
2331 5701 2389 5763 δὶ
2421 5705 2586 5783 μόνον
2626 5700 2838 5779 διεξιών
2884 5704 2972 5777 ἦν,
3030 5701 3161 5763 ἀλλ’
3226 5702 3311 5761 ὅτι
3342 5703 3433 5761 καὶ
3484 5723 3683 5783 μοναρ-
