4102 6440
396 424 511 484 801

1532 418 1631 478 DE
1674 416 1986 480 ISAAGIO
2026 412 2342 477 ANGELO
2383 413 2540 475 LIB.
2587 411 2698 475 III.

3601 411 3606 416 ’
3703 416 3823 479 802

398 559 526 633 χίαν
560 553 962 631 περιϐαλεῖται,
995 552 1085 609 καὶ
1118 550 1348 625 θηλάσει
1388 553 1533 629 γάλα
1579 554 1774 622 ἐθνῶν,
1824 551 1915 607 καὶ
1965 550 2056 606 αύ-

2176 551 2603 622 praeterierunt,
2637 566 2747 606 suo
2776 547 3039 620 exemplo
3062 548 3480 606 demonstravit
3498 566 3611 608 non
3639 571 3822 611 anno-

400 647 492 710 τὸς
526 645 723 702 ἐσεῖται
775 648 877 715 τὴν
926 640 1292 713 Παλαιστίνην
1343 640 1641 716 ἐλευθερῶν
1688 642 1778 698 καὶ
1829 642 1927 711 τὴν
1975 637 2061 696 δό-

399 733 486 804 ξαν
520 738 616 789 τοῦ
644 729 880 788 Λιϐάνου
902 733 1186 805 κτώμενος
1217 730 1307 785 καὶ
1337 732 1464 792 τοὺς
1518 728 1876 803 Ἰσμαηλίτας
1926 729 2060 804 ὑπὲρ

395 823 486 878 τὸν
546 823 832 899 Εὐφράτην
891 824 1138 894 ποταμὸν
1225 818 1491 894 κεραΐζων
1576 819 1665 875 καί
1726 818 2058 891 ληῖζόμενος

397 916 487 988 [Ρ.
546 915 673 987 277]
730 913 817 968 καὶ
880 913 941 967 τὸ
1005 905 1339 985 βαρϐαρικὸν
1398 907 1589 982 κύκλῳ
1660 909 2055 983 ἀνακαθαίρων.

2170 657 2302 697 rum
2335 641 2582 698 circuitu
2617 641 2717 697 sed
2752 639 3081 695 animorum
3116 638 3376 711 impulsu
3410 640 3721 698 nonnullos
3753 659 3822 700 ea

2170 730 2376 787 fecisse
2417 749 2546 803 quae
2604 730 2935 788 voluerunt.
2994 730 3136 785 Nam
3197 747 3330 786 cum
3392 735 3613 804 majora
3668 734 3821 789 bona

2170 821 2564 891 polliceretur,
2596 821 2876 877 insecutis
2908 821 3079 877 annis
3113 820 3295 876 nihilo
3328 821 3677 880 clementius
3712 827 3822 879 tra-

2171 911 2348 967 ctavit
2378 910 2668 967 subditos.

404 1008 720 1079 Προσεπῆγε.
753 998 810 1057 δὲ
832 1001 923 1056 καὶ
956 1001 1031 1062 ὡς
1076 1000 1128 1055 οἱ
1166 999 1292 1054 τότε
1351 999 1441 1053 ὑπ’
1497 997 1655 1054 αὐτὸν
1715 998 1986 1075 ἡγεμόνες
2046 997 2146 1052 οὐκ
2199 990 2407 1053 ἔσονται
2457 1002 2574 1060 τοῖς
2631 1000 2872 1073 σήμερον
2931 995 3143 1070 ὅμοιοι,
3195 996 3326 1054 ἀλλ’
3381 998 3540 1075 ἰσχὺν
3591 995 3820 1074 περιϐα-

401 1091 625 1148 λοῦνται
681 1091 945 1162 πλείστην
1006 1090 1098 1146 καὶ
1156 1087 1395 1145 πλοῦτον
1454 1088 1618 1153 ἐθνῶν
1677 1081 1888 1144 ἔδονται
1926 1088 2020 1143 καὶ
2096 1087 2163 1143 τὰ
2222 1089 2378 1163 πάχη
2451 1088 2626 1144 αὐτῶν
2687 1086 3083 1162 ἐκμυελιοῦσιν,
3151 1088 3226 1151 εἷς
3292 1090 3392 1159 τὴν
3458 1089 3628 1161 αὐτὴν
3696 1089 3821 1166 ῥηξὶ

398 1182 490 1238 καὶ
540 1182 851 1261 τοπάρχαις
909 1178 1154 1251 ἐξουσίαν
1253 1178 1345 1234 καὶ
1426 1178 1770 1258 περιφάνειαν
1852 1176 2258 1251 καθιστάμενοι.
2317 1176 2574 1252 Ἐλέγετο
2632 1175 2690 1233 δὶ
2741 1177 2948 1233 τούτων
3024 1179 3244 1234 πάντων
3306 1179 3589 1256 ὑφηγητὰς
3648 1181 3820 1236 Ἰσαα-

399 1269 506 1343 κίῳ
564 1266 888 1334 καθεστάναι
942 1268 1072 1329 τοὺς
1130 1266 1183 1330 ἐς
1236 1268 1385 1340 ἡμᾶς
1446 1263 1872 1342 ματαιολόγους,
1929 1266 2110 1340 ὥσπερ
2170 1272 2336 1335 σῆτας
2408 1270 2526 1329 ταῖς
2584 1265 2941 1333 κενοφωνίαις
2995 1264 3214 1329 ταύταις
3264 1268 3364 1335 τὴν
3425 1266 3628 1324 ἐκείνου
3661 1268 3819 1344 φύσιν

401 1361 538 1434 πρὸς
595 1359 662 1415 τὰ
718 1358 879 1414 γαινὰ
933 1361 1040 1412 τῶν
1095 1355 1462 1430 ἀκουσμάτων
1523 1356 1687 1411 οὖσαν
1743 1352 2087 1432 κατάῤῥοπον
2145 1354 2486 1416 ὑπεισιόντας
2548 1355 2640 1410 καὶ
2694 1354 3088 1427 κατεσθίοντας,
3141 1356 3174 1425 ἢ
3220 1355 3435 1429 μᾶλλον
3485 1357 3560 1420 ὡς
3610 1359 3665 1414 αἱ
3703 1357 3823 1414 τίτ-

405 1458 492 1512 θαι
549 1448 616 1504 τᾶ
676 1445 987 1524 βρεφύλλια
1038 1444 1293 1516 ἐπικλινῆ
1351 1443 1599 1510 τιθέντας
1652 1444 1790 1521 πρὸς
1858 1445 2136 1520 ῥᾳστώνην
2178 1444 2269 1500 καὶ
2328 1444 2443 1520 βίον
2503 1439 2963 1519 ἐξημϐλυμμένον
3018 1445 3445 1501 ἀναπεπτωκότα
3491 1468 3550 1502 τε
3593 1444 3825 1504 δεικνύνο

400 1557 488 1600 τες
519 1538 610 1593 τὸν
657 1538 885 1613 βασιλέα
939 1541 1057 1599 τοῖς
1114 1540 1222 1591 τῶν
1281 1533 1546 1591 τοιούτων
1608 1535 2093 1609 μυθολογημάτων
2153 1532 2480 1608 ἐπᾴσμασιν,
2541 1536 2631 1589 οἷα
2684 1531 2750 1603 δὴ
2806 1535 2897 1590 καὶ
2961 1531 3129 1608 μηδὲν
3169 1533 3598 1610 αὐτουργοῦντος
3635 1535 3823 1607 αὐτοῦ,

402 1632 506 1695 τῆς
563 1625 873 1701 ὡρισμένης
929 1623 975 1680 δ’
1032 1624 1328 1693 ἐπιστάσης
1388 1624 1829 1698 ὑποκεισομένων
1881 1623 2028 1697 αύτῷ
2092 1626 2277 1679 πασῶν
2345 1627 2453 1679 τῶν
2520 1621 2839 1698 βασιλειῶν,
2905 1625 3027 1687 καθ’
3084 1623 3143 1678 δν
3211 1621 3278 1694 δὴ
3343 1624 3545 1700 τρόπον
3611 1626 3703 1680 καὶ
3770 1626 3825 1681 οἱ

402 1713 573 1768 πάλαι
633 1713 912 1793 ζωγράφοι
987 1712 1256 1787 Τιμόθεον
1334 1707 1570 1790 ἔγραφον
1646 1710 1808 1767 αύτὸν
1886 1713 1981 1787 μὶν
2059 1708 2406 1781 καθεύδοντα,
2464 1713 2564 1781 τὴν
2623 1708 2681 1766 δὲ
2752 1710 2931 1791 τύχην
3003 1715 3316 1787 περιιοῦσαν
3415 1712 3505 1768 καὶ
3581 1712 3657 1775 εἶς
3728 1711 3823 1769 1ἕνα

408 1802 605 1879 κύρτον
662 1803 758 1865 τὰς
816 1802 1008 1866 πόλεις
1079 1797 1466 1875 ἐμϐάλλουσαν
1516 1801 1607 1857 καὶ
1681 1801 2070 1878 προσάγουσαν
2144 1800 2293 1874 αύτῷ
2366 1802 2457 1857 καὶ
2531 1798 2961 1875 παραδιδοῦσαν.
3036 1801 3107 1856 Τὸ
3183 1798 3241 1856 δὲ
3313 1798 3380 1872 δὴ
3458 1802 3824 1876 θαυμάζεσθαι

401 1892 715 1969 ἀξιώτερον,
773 1890 929 1969 ἔλεγε
1004 1889 1306 1968 διαρῥήδην
1389 1892 1463 1955 ὡς
1526 1893 1554 1947 ὁ
1612 1891 1901 1966 Κομνηνὸς
1983 1889 2352 1966 Ἀνδρόνικος,
2413 1892 2471 1947 ὃν
2527 1890 2690 1954 αύτὸς
2767 1896 2863 1947 τοῦ
2921 1889 3112 1966 ἔίρχειν
3170 1890 3414 1957 καθελὼν
3471 1892 3547 1956 εἷς
3602 1893 3827 1958 θάνατον

401 1980 631 2052 ἐξέδωκε
695 1981 966 2057 πονηρὸν,
1025 1979 1345 2038 ἐνναετίσειν
1403 1978 1623 2055 ἤμελλε
1695 1984 1764 2055 τῇ
1847 1980 2099 2056 βασιλείᾳ
2189 1979 2505 2056 Ῥωμαίων,
2575 1978 2882 2037 συνέστειλε
2949 1976 3007 2036 δὲ
3070 1982 3170 2051 τήν
3244 1981 3450 2037 ἐκείνου
3515 1982 3831 2059 ἐννεαρχίαν

404 2072 480 2133 εἰς
538 2073 778 2147 τριετίαν
838 2072 968 2134 Θεὸς
1007 2071 1083 2134 ὡς
1142 2065 1298 2133 ὄντος
1352 2070 1676 2146 κακοεργοῦ,
1733 2070 1930 2143 ἀμέλει
1989 2090 2075 2126 τοι
2132 2070 2225 2126 καὶ
2284 2071 2360 2132 ὡς
2417 2068 2583 2144 ῥάκος
2637 2071 2892 2148 πορφύρᾳ
2935 2065 3325 2142 ἐπιϐέϐληνται
3372 2074 3442 2146 τῇ
3472 2070 3638 2128 αὐτοῦ
3668 2072 3830 2148 ἀρχῷ

401 2162 492 2216 καὶ
554 2162 606 2216 οἱ
674 2160 883 2217 ἐκείνου
947 2160 1002 2232 ’ἐξ
1068 2155 1423 2229 λυκάϐαντες,
1491 2160 1583 2216 καὶ
1654 2158 1850 2234 μέλλει
1913 2160 2054 2216 κατὰ
2117 2158 2347 2223 τούτους
2395 2158 2555 2222 αὐτὸς
2600 2161 2731 2223 τοὺς
2779 2159 3015 2236 χρόνους
3069 2161 3146 2233 μὴ
3198 2158 3332 2215 εἶναι
3380 2160 3518 2216 πάνυ
3565 2182 3617 2216 τι
3657 2161 3829 2219 ἐπιει-

402 2255 504 2323 κής
548 2273 607 2307 τε
664 2258 753 2308 καὶ
816 2252 1034 2327 μέτριος
1096 2249 1229 2325 μηδ’
1286 2252 1360 2314 ὡς
1418 2251 1611 2308 ἐπίπαν
1671 2256 1791 2316 ταῖς
1843 2250 2268 2326 ἀγαθοπραξίαις
2326 2251 2687 2326 γαννύμενος,
2746 2252 2839 2307 οἶα
2909 2254 3018 2307 τῶν
3094 2256 3411 2307 κακοποιῶν
3481 2249 3828 2329 Ἀνδρονίκου

404 2341 661 2397 ἐνιαυτῶν
727 2343 863 2418 πρὸς
929 2343 1029 2410 τήν
1090 2341 1291 2397 ἐκείνου
1361 2340 1739 2416 μεθελκόντων
1834 2343 1991 2419 φύσιν
2081 2339 2238 2396 αὐτὸν
2297 2339 2389 2395 καὶ
2453 2339 2835 2395 ἀντισπώντων
2929 2338 3300 2417 ἀναγκαστῶς.
3376 2343 3556 2398 Ταῦτα
3641 2339 3698 2397 δὲ
3784 2341 3831 2398 εἱ

403 2432 490 2486 καὶ
555 2429 885 2507 Ἀνδρονίκῳ
968 2430 1032 2486 τὸ
1115 2429 1522 2507 ἀνεπέγκλητον
1607 2428 1923 2505 χαρίζονται
2010 2429 2085 2492 ὡς
2166 2430 2304 2485 κατὰ
2390 2429 2626 2505 χρόνους
2684 2427 2903 2503 ἄρξαντι
2959 2430 3313 2502 κακοποιοὺς,
3385 2430 3475 2484 καὶ
3534 2429 3818 2502 συνίστησι

405 2522 505 2589 τήν
563 2520 900 2596 εἱμαρμένην
958 2520 1048 2575 καὶ
1111 2520 1211 2588 τὴν
1284 2518 1549 2594 ἀνάγκην,
1628 2520 1870 2593 παρίημι
1943 2523 2060 2581 τοῖς
2139 2516 2501 2594 βουλομένοις
2580 2524 2824 2576 σκοπεῖν.
2903 2519 3053 2575 Ἐπεὶ
3125 2516 3184 2575 δὲ
3241 2520 3294 2574 o't
3347 2517 3404 2591 ’ἐξ
3470 2519 3827 2595 παρήλθοσαν
3871 2542 3884 2560 ε

401 2608 656 2679 ἐνιαυτοὶ,
690 2604 884 2679 ἔδειξεν
920 2610 979 2664 ἐκ
1010 2612 1116 2664 τῶν
1145 2609 1484 2683 πραγμάτων
1519 2607 1695 2664 αὐτῶν
1730 2610 1807 2681 μὴ
1838 2610 1936 2678 τήν
1976 2609 2244 2687 χρονικήν
2278 2606 2551 2683 περίοδον,
2583 2607 2730 2665 ἀλλᾶ
2758 2611 2857 2677 τὴν
2885 2611 3172 2684 Ῥωμικήν
3204 2606 3453 2680 ἰδιότητα
3480 2604 3819 2665 ὑποϐάλλειν

395 2698 484 2753 καὶ
508 2696 822 2762 ὒποτιθέναι
853 2699 919 2753 τὰ
952 2696 1229 2772 βουλητέα
1256 2697 1418 2752 τισίν’
1445 2697 1617 2773 ἀγαθά
1636 2696 1736 2772 γὰρ
1761 2695 2236 2775 ἐπαγγελλόμενος
2272 2698 2494 2773 μείζονα
2520 2705 2636 2763 τοῖς
2671 2698 2938 2770 ὑπηκόοις
2961 2698 3037 2761 είς
3066 2699 3194 2762 τοὺς
3228 2699 3514 2774 μετέπειτα
3546 2699 3825 2764 ἐνιαυτοὺς

399 2784 553 2841 ούδεν
587 2809 638 2843 τι
674 2791 784 2842 τῶν
814 2788 1096 2863 προτέρων
1131 2785 1418 2864 εἰργάσατο
1451 2785 1695 2861 ἄμεινον.

475 2873 541 2934 δ’.
597 2876 663 2933 Οἱ
724 2877 907 2945 μέντοι
967 2874 1180 2952 Βλάχοι
1247 2880 1327 2946 τῷ
1394 2875 1476 2931 ἀεὶ
1543 2880 1693 2947 νικᾷν
1756 2877 2063 2950 Ῥωμαίους

2245 2879 2295 2936 4.
2329 2879 2636 2935 Enimvero
2667 2879 2867 2936 Blachi
2900 2878 3123 2936 crebris
3153 2879 3413 2936 victoriis
3445 2879 3601 2947 elati,
3655 2884 3711 2936 et
3763 2895 3830 2937 ex

416 2964 837 3043 ὀφρυαζόμενοι,
868 2965 959 3021 καὶ
989 2963 1235 3022 πλοῦτον
1260 2961 1425 3040 ἁϐρὸν
1457 2966 1547 3021 καὶ
1593 2970 1853 3021 παντοῖον
1900 2963 2068 3021 ὁπλι-

411 3053 542 3110 σλὸν
596 3053 656 3110 ἐκ
706 3060 815 3110 τῶν
870 3057 1198 3133 Ῥωμφϊκῶν
1245 3053 1502 3136 λαφύρων
1572 3050 2070 3132 περιϐαλλόμενοι,

409 3144 780 3220 ἀκατάσχετοι
837 3145 934 3200 τοῦ
991 3143 1193 3201 λοιποῦ
1244 3150 1364 3208 ταῖς
1424 3146 1621 3221 ὁρμαῖς
1705 3141 2067 3222 ἐγεγόνεισαν,

400 3233 493 3311 καὶ
548 3232 727 3288 ούκέτι
787 3234 978 3308 κώμοις
1038 3235 1129 3289 καὶ
1188 3233 1392 3311 ἀγροὺς
1449 3230 1746 3304 ἐληίζοντο
1805 3232 2070 3303 ἐπιόντες,

406 3308 554 3377 ἀλλά
595 3323 687 3377 καὶ
740 3324 879 3378 κατᾶ
920 3328 1027 3378 τῶν
1075 3308 1356 3397 εὐπύρ-γων
1404 3320 1782 3399 ἐφωπλίζοντο
1831 3321 2068 3386 πόλεων,

410 3412 525 3482 Τὴν
572 3432 629 3467 τε
678 3411 770 3467 οὖν
817 3410 1111 3491 Ἀγχίαλον
1159 3411 1522 3487 ἐξεπόρθησαν
1567 3412 1658 3467 καὶ
1709 3414 1809 3482 τήν
1860 3413 2067 3490 Βάρναν

411 3503 850 3578 παρεστήσαντο,
880 3502 969 3556 καὶ
1024 3500 1159 3556 κατὰ
1205 3502 1305 3569 τὴν
1345 3498 1673 3575 Τριάδιτζαν
1721 3503 2069 3578 ἀφικόμενοι,

408 3590 443 3662 ἥ
477 3591 617 3646 ἐστιν
647 3593 682 3661 ἡ
713 3588 884 3646 πάλαι
927 3588 1193 3665 λεγομένη
1247 3587 1514 3665 Σαρδική,
1562 3590 1624 3646 τὸ
1672 3588 1863 3646 πλεῖον
1903 3591 2072 3662 αὐτῆς

412 3683 580 3756 μέρος
635 3679 921 3760 ἠφάνισαν,
981 3680 1069 3735 καὶ
1129 3680 1261 3736 αὐτὸ
1320 3677 1377 3736 δὲ
1431 3681 1495 3736 τὸ
1560 3681 1875 3755 Στούμπιον
1962 3687 2070 3738 τῶν

410 3768 768 3826 ἐνοικούντων
838 3768 1126 3825 ἐκένωσαν.
1197 3767 1375 3826 Ἀλλᾶ
1430 3769 1521 3825 καὶ
1600 3769 1676 3831 εἰς
1752 3771 1843 3826 τὸν
1898 3776 2066 3828 Νῖσον

408 3861 735 3940 ἀφικόμενοι
766 3859 914 3915 λείαν
970 3860 1214 3915 κάκεῖθεν
1268 3859 1369 3914 οὐκ
1417 3858 1614 3937 ὀλίγην
1666 3859 1963 3935 ἀνθρώπων
2010 3881 2070 3917 τε

401 3952 495 4005 καί
541 3952 693 4020 ζώων
755 3948 1149 4007 ἐπεσπάσαντο.
1219 3951 1310 4021 Μὴ
1375 3947 1521 4026 ἔχων
1591 3948 1638 4005 δ’
1700 3950 1728 4006 ὁ
1790 3949 2067 4027 βασιλεὺς,

410 4039 487 4105 ὡς
520 4041 614 4094 οἷα
655 4040 757 4096 ὑπὸ
791 4038 1066 4115 μελισσῶν
1109 4039 1304 4115 κηρίον
1358 4038 1760 4114 κυκλούμενος,
1807 4040 1911 4096 τίνι
1964 4045 2069 4096 τῶν

403 4132 587 4191 κακῶς
630 4132 956 4204 πασχόντων
1013 4127 1266 4200 ἐπαοήξει
1319 4128 1585 4205 πρότερον
1634 4127 1670 4199 ἥ
1726 4130 1834 4185 τίνι
1878 4129 2069 4186 τελευ-

402 4224 513 4275 τῶν
550 4215 835 4296 βραϐεύσει
873 4221 973 4288 τὴν
1007 4221 1093 4294 [Ρ.
1143 4220 1272 4292 278]
1324 4216 1598 4294 σύναρσιν,
1649 4219 1726 4281 εἷς
1771 4218 2061 4295 ἀρχηγοὺς

411 4308 618 4380 μερίζει
650 4310 751 4378 τὴν
788 4307 1062 4384 στρατιάν.
1113 4305 1341 4380 Ἀμέλει
1389 4306 1480 4362 καὶ
1524 4308 1626 4376 την
1676 4307 1888 4382 Βάρναν
1937 4308 2058 4362 ἀνέ-

399 4417 575 4468 κτισε,
631 4397 723 4453 καὶ
780 4396 1064 4474 ἐπύργωσε
1112 4398 1212 4467 τὴν
1295 4395 1623 4473 Ἀγχίαλον,
1682 4396 1774 4451 καὶ
1828 4396 2067 4474 φρουρὰν

400 4487 592 4552 αὐταῖς
623 4486 1002 4563 ἐγκατέστησε.
1049 4485 1156 4544 Καὶ
1213 4483 1390 4542 ἐδόκει
1451 4486 1547 4558 μὲν
1607 4485 1705 4542 ούκ
1761 4482 1866 4542 ἄπο
1924 4507 2064 4562 προ-

406 4577 635 4652 μηθείας
666 4577 806 4631 εἶναι
836 4581 1005 4632 ταῦτα
1040 4575 1356 4653 βασιλικῆς,
1388 4576 1526 4645 ἦσαν
1556 4574 1613 4631 δὲ
1657 4577 1746 4631 καὶ
1799 4577 1948 4632 οὓτω
1996 4578 2063 4634 τὰ

401 4670 511 4723 τῶν
565 4664 816 4721 ἐναντίων
874 4666 1024 4729 αὗθις
1083 4663 1518 4741 ἐπικρατέστερα.
1598 4666 1784 4737 Ἐξιὼν
1849 4663 1906 4721 δὲ
1974 4667 2064 4722 καὶ

402 4757 565 4819 αὐτὸς
610 4757 747 4810 κατὰ
807 4755 903 4819 τᾶς
959 4756 1336 4830 μετοπωρινὰς
1393 4756 1600 4832 τροπὰς
1654 4757 1779 4831 περὶ
1822 4758 1921 4827 τήν
1971 4763 2067 4813 Φι-

404 4846 618 4904 λίππου
679 4843 968 4920 ἐπαρχίαν,
1030 4845 1115 4898 καὶ
1171 4846 1272 4915 τὴν
1330 4850 1708 4919 γυναικωνῖτιν
1767 4845 2065 4920 συνεπαγό-

413 4958 603 5010 μανος,
637 4935 712 4998 ὡς
744 4933 878 5002 ἐνὸν,
909 4931 1198 4988 ἀνέστελλε
1225 4933 1321 4995 τὰς
1350 4937 1459 4991 τῶν
1499 4934 1732 5009 Βλάχων
1782 4936 1874 4989 καὶ
1927 4941 2067 4991 Σκυ-

403 5030 508 5082 θῶν
541 5024 864 5101 ἐπιδρομάς.
913 5020 1092 5078 Ἀλλᾶ
1140 5022 1234 5077 καὶ
1286 5027 1383 5077 τοῦ
1430 5028 1539 5079 τῶν
1591 5019 1807 5098 Σέρϐων
1855 5024 2063 5080 Ζουπά.

402 5138 498 5171 νου
539 5118 976 5192 κακουργοῦντος
1013 5116 1104 5166 καί
1152 5111 1219 5167 τὰ
1277 5109 1491 5167 Σκόπια
1547 5113 1887 5188 φθείροντος,
1947 5111 2066 5171 κατ’

402 5202 607 5262 ἐκείνου
664 5206 965 5280 ἐξώρμησε·
1026 5203 1115 5256 καὶ
1171 5201 1245 5265 ὡς
1297 5200 1702 5279 συνεῤῥώγεσαν
1769 5206 1827 5259 αἱ
1893 5205 2066 5279 τάξεις

404 5295 540 5348 κατὰ
568 5298 655 5350 τὸν
702 5291 955 5371 Μοράϐον
1010 5292 1310 5367 λεγόμενον
1358 5294 1631 5366 ποταμὸν,
1681 5293 1961 5351 ἐνέκλιναν
2013 5297 2064 5351 οἱ

410 5377 702 5457 Βάρϐαροι,
756 5387 842 5440 καὶ
903 5379 1279 5451 καταδιώξεως
1347 5382 1642 5459 γενομένης
1725 5383 1823 5440 ούκ
1879 5383 2063 5460 ὀλίγοι

2184 2969 2575 3025 Romanorum
2610 2971 2813 3042 spoliis
2847 2986 3092 3040 magnas
3114 2987 3255 3042 opes
3287 2974 3343 3025 et
3372 2971 3566 3026 omnis
3598 2969 3831 3042 generis

2182 3075 2345 3115 arma
2374 3060 2668 3116 consecuti
2712 3060 2989 3133 deinceps
3021 3060 3182 3116 nullo
3216 3060 3387 3115 modo
3420 3059 3678 3115 cohiberi
3729 3075 3832 3129 po-

2179 3152 2454 3219 tuerunt;
2484 3167 2589 3206 nec
2613 3149 2739 3220 jam
2768 3148 2935 3205 villas
2968 3155 3024 3205 et
3040 3166 3209 3215 agros
3233 3150 3449 3221 passim
3474 3148 3834 3221 populaban-

2181 3243 2297 3305 tur,
2334 3242 2437 3296 sed
2472 3239 2733 3295 munitas
2764 3239 2939 3295 etiam
2974 3239 3148 3295 urbes
3180 3238 3550 3295 invadebant.
3586 3238 3835 3294 Anchia-

2178 3326 2301 3384 lum
2360 3329 2593 3401 quidem
2641 3333 2967 3393 vastarunt,
3033 3329 3283 3384 Barnam
3344 3330 3724 3401 subegerunt,
3774 3333 3834 3384 et

2180 3418 2505 3484 Triaditzm,
2543 3433 2671 3489 qua:
2702 3416 2840 3472 olim
2890 3418 3129 3474 Sardica
3177 3417 3496 3484 dicebatur,
3551 3419 3832 3489 majorem

2178 3512 2404 3579 partem
2438 3506 2801 3563 deleverunt.
2836 3507 3104 3579 Stumpio
3135 3506 3289 3563 cives
3318 3512 3654 3577 exegerunt.
3687 3507 3829 3563 Niso

2178 3596 2331 3652 569
2365 3611 2597 3669 quoque
2627 3613 2742 3652 non
2796 3613 3034 3668 parvam
3087 3595 3396 3653 hominum
3447 3585 3506 3653 et
3554 3612 3827 3669 pecorum

2179 3686 2433 3757 praedam
2461 3686 2806 3759 abegerunt.
2847 3686 3235 3753 Quamobrem
3286 3686 3606 3758 imperator
3652 3685 3830 3740 undi-

2177 3790 2292 3847 que
2323 3791 2438 3833 non
2470 3775 2637 3831 aliter
2656 3792 2834 3848 quam
2860 3778 3023 3832 favus
3044 3777 3118 3831 ab
3142 3776 3351 3847 apibus
3373 3775 3832 3843 circumventus,

2178 3870 2236 3921 et
2266 3865 2481 3938 quibus
2504 3866 2669 3938 prius
2691 3871 2793 3922 aut
2809 3865 3103 3938 posterius
3128 3882 3297 3938 opem
3326 3866 3501 3922 ferret
3526 3865 3827 3933 dubitans,

2177 3955 2465 4013 exercitus
2495 3955 2648 4012 inter
2678 3954 2856 4012 duces
2888 3954 3211 4024 distribuit,
3247 3954 3495 4011 Barnam
3528 3956 3826 4012 instaura-

2175 4045 2277 4110 vit,
2309 4044 2659 4102 Anchialum
2693 4045 2955 4102 turribus
2985 4051 3045 4101 et
3072 4044 3345 4118 praesidio
3380 4044 3654 4101 ﬁrmavit.
3688 4047 3826 4110 Quae

2175 4135 2446 4206 quamvis
2476 4136 2549 4191 ab
2582 4135 2957 4207 imperatoria
2988 4134 3351 4206 providentia
3382 4150 3497 4190 non
3514 4133 3830 4190 abhorrere

2173 4225 2530 4292 viderentur,
2575 4231 2772 4281 tamen
2822 4224 3019 4281 hostes
3067 4225 3260 4280 denuo
3310 4224 3644 4297 superiores
3693 4225 3828 4280 fue-

2174 4318 2335 4370 runt.
2367 4315 2478 4370 Sed
2508 4320 2568 4369 et
2596 4314 2723 4386 ipse
2753 4318 2886 4385 post
2914 4314 3326 4385 aequinoctium
3371 4317 3715 4371 autumnale
3763 4314 3828 4370 in

2175 4401 2564 4475 Philippicam
2626 4402 2984 4475 provinciam
3039 4420 3337 4476 egressus,
3387 4403 3658 4460 adductis
3708 4420 3830 4459 una

2175 4491 2549 4560 mulieribus,
2578 4492 2927 4549 Blacborum
2961 4500 3016 4548 et
3060 4492 3408 4566 Scytharum
3461 4492 3831 4550 incursiones

2174 4599 2278 4655 pro
2309 4581 2459 4639 virili
2491 4582 2862 4655 prohibebat.
2897 4582 3111 4639 Invasit
3148 4586 3207 4638 et
3249 4582 3584 4639 Serviorum
3634 4587 3827 4654 Zupa-

2175 4686 2341 4740 num,
2372 4670 2473 4741 qui
2507 4669 2809 4726 maleﬁciis
2840 4686 2957 4726 non
2989 4670 3342 4736 abstinebat,
3364 4675 3423 4725 et
3442 4670 3651 4740 Scopia
3672 4685 3830 4725 ever-

2172 4759 2353 4815 tebat.
2385 4759 2710 4816 Commisso
2740 4759 2811 4815 ad
2841 4758 3059 4815 ﬂumen
3090 4758 3393 4816 Morabum
3442 4758 3639 4830 praelio
3684 4757 3826 4814 Bar-

2171 4850 2300 4907 bari
2355 4854 2521 4923 terga
2567 4851 2894 4917 dederunt;
2944 4850 3004 4904 in
3055 4864 3240 4921 eaque
3289 4847 3428 4921 fuga
3480 4864 3597 4903 non
3653 4847 3827 4921 pauci

2174 4956 2329 5011 aqua
2357 4944 2415 4996 et
2470 4940 2622 4997 ferro
2671 4939 2989 5011 perierunt.
3040 4936 3247 4993 Nisum
3299 4952 3533 5008 quoque
3587 4942 3822 5008 prater-

2175 5046 2434 5100 gressus,
2468 5033 2525 5085 et
2554 5030 2625 5083 ad
2658 5029 2872 5084 Savum
2917 5025 3158 5081 ﬂuvium
3196 5026 3513 5092 profectus,
3560 5042 3825 5083 socerum

2175 5136 2349 5176 suum
2380 5118 2577 5174 Belam
2615 5115 2918 5188 Hungarizs
2960 5131 3155 5185 regem
3187 5115 3352 5170 adiit.
3384 5114 3454 5169 Et
3494 5114 3830 5188 complures

2173 5209 2252 5264 ibi
2314 5208 2441 5263 dies
2498 5210 2918 5273 commoratus,
2966 5203 3419 5276 Philippopol:m
3494 5205 3825 5274 revertitur,

2174 5306 2343 5366 atque
2391 5296 2528 5351 inde
2585 5295 2647 5349 in
2706 5309 2981 5365 magnam
3043 5294 3239 5348 urbem
3300 5293 3471 5364 redit,
3533 5292 3826 5350 declinato

2174 5383 2357 5439 Haemi
2388 5381 2659 5438 transitu.

405 5446 613 5527 τούτων
686 5446 988 5550 ’ἀφανισμῷ
1071 5446 1486 5549 παρεδόθησαν,
1552 5446 1707 5530 ὕδασι
1787 5446 2321 5547 καταϐάπτιζόμενοι
2401 5472 2492 5527 καὶ
2579 5468 2767 5545 δόρασι
2865 5468 3295 5545 διαπειρόμενοι.
3390 5468 3682 5545 Παρελθὼν
3765 5446 3824 5524 δὲ

404 5560 494 5616 καὶ
523 5561 615 5614 τὸν
649 5566 805 5616 Νῖσον
830 5565 917 5617 καὶ
951 5562 1071 5638 περῖ
1104 5563 1195 5618 τὸν
1230 5558 1475 5618 Σάουϐον
1507 5565 1753 5638 ποταμὸν
1781 5569 1859 5637 τῷ
1911 5565 2098 5638 οἰκείῳ
2156 5562 2405 5638 συνέμιξε
2432 5559 2674 5634 κηδεστῇ
2704 5564 2784 5632 τῷ
2813 5562 2916 5634 τῇς
2943 5559 3221 5635 Ούγγρίας
3256 5559 3384 5634 ῥηγὶ
3414 5564 3493 5631 τῷ
3522 5557 3687 5630 Βελᾷ.
3721 5555 3827 5614 Καὶ

402 5651 606 5727 συχνὰς
639 5648 807 5704 ἐκεῖσε
838 5648 1124 5727 διατρίψάς
1150 5651 1361 5728 ἡμέρας
1384 5651 1651 5709 ἐπάνεισιν
1676 5651 1830 5719 αὖθις
1860 5654 1936 5717 εἷς
1965 5649 2446 5722 Φιλιππούπολιν,
2468 5650 2712 5715 κάκεῖθεν
2743 5652 2842 5720 τὴν
2880 5646 3256 5728 μεγαλόπολιν
3288 5649 3532 5722 εἲσεισιν,
3560 5645 3824 5704 ἐκκλίνων

399 5743 502 5817 τήν
532 5740 610 5805 είς
638 5738 731 5796 τὸν
764 5739 950 5814 Αἷμον
972 5738 1234 5817 πάροδον.
