4102 6388
251 404 369 466 803

1572 406 1632 466 Ν
1637 403 1890 466 ΙΟΕΤΑΕ
1930 403 2353 468 ΟΗΟΝΙΑΤΕ

3549 417 3673 477 804

322 540 479 596 570
530 539 798 610 Initaque
854 539 969 597 alia
1017 540 1237 596 ratione
1305 537 1891 612 Philippopolitanam

2087 536 2185 600 Εἰς
2244 535 2290 592 δ’
2347 539 2530 615 ἑτέραν
2598 544 2706 596 τῶν
2758 544 2896 597 κατὰ
2954 541 3412 602 Φιλιππούπολιν
3471 552 3673 623 χωρῶν

251 631 611 703 provinciam
647 631 1038 703 gubernandi,
1067 638 1128 686 ut
1151 631 1406 687 hostium
1434 629 1906 702 grassationibus

251 720 507 776 maxime
520 721 1314 788 obnoxiam,Constantinum
1332 721 1569 776 fratrem
1590 718 1908 790 patruelem

251 827 383 865 cum
418 810 664 882 imperio
695 809 944 880 ablegat,
975 827 1153 881 quem
1191 809 1402 866 classis
1432 825 1668 882 quoque
1697 809 1904 863 ducem

249 907 490 955 crearat.
523 900 631 964 Qui
663 900 771 954 etsi
803 901 994 954 adhuc
1025 899 1386 969 adolescens,
1421 905 1644 966 tamen,
1691 912 1905 969 quem-

250 987 568 1043 admodum
601 985 838 1042 leonum
869 985 1048 1041 catuli
1079 1003 1114 1042 a
1145 987 1337 1058 primo
1369 991 1498 1043 ortu
1519 985 1899 1058 supercilium

241 1078 450 1148 jubam
475 1081 530 1130 et
558 1077 842 1147 unguium
865 1075 1048 1130 aciem
1089 1076 1428 1146 ostendunt,
1464 1075 1548 1132 sic
1577 1074 1677 1131 ille
1701 1075 1901 1130 statim

247 1165 426 1220 animi
458 1165 706 1234 vigorem
740 1168 796 1219 et
849 1163 1219 1220 iracundiam
1277 1181 1392 1235 prae
1450 1180 1513 1220 se
1569 1163 1762 1219 ferens
1820 1163 1902 1220 ita

247 1253 566 1309 exercitum
602 1253 674 1309 ad
719 1252 814 1310 sui
836 1261 1054 1309 metum
1073 1258 1132 1310 et
1149 1253 1540 1310 obedientiam
1560 1253 1900 1320 assuefecit,

244 1347 308 1398 ut
338 1342 411 1398 ad
444 1348 652 1398 nutum
684 1347 741 1398 et
792 1342 1205 1416 cogitationem
1258 1349 1500 1414 paratus
1545 1343 1715 1414 jussa
1771 1343 1901 1413 ejus

248 1431 412 1488 facile
442 1436 874 1504 exsequeretur.
921 1431 1253 1488 Naluralem
1296 1433 1476 1506 igitur
1531 1433 1591 1488 in
1646 1431 1900 1505 regendo

247 1521 433 1578 milite
463 1522 848 1578 acrimoniam
883 1527 1121 1578 secutus
1151 1522 1200 1578 si
1231 1524 1471 1595 quando
1510 1523 1698 1578 aetatis
1757 1521 1900 1578 vitio

245 1613 318 1668 ab
349 1613 540 1668 ofﬁcio
573 1613 896 1683 deerrabat,
931 1617 1120 1668 errata
1151 1613 1280 1682 ejus
1311 1611 1486 1685 legati
1505 1611 1898 1682 corrigehant,

244 1713 546 1758 monentes
579 1717 648 1758 ne
681 1703 834 1758 ultra
862 1700 1080 1757 limites
1111 1707 1476 1773 evagaretur.
1501 1700 1752 1756 Proinde
1775 1698 1900 1754 Bla-

240 1791 337 1848 chi
372 1793 560 1864 magis
590 1808 726 1848 eum
760 1793 1144 1848 formidarent
1173 1808 1352 1863 quam
1397 1791 1594 1862 ipsum
1644 1790 1896 1862 impera-

233 1885 419 1937 torem
447 1897 462 1948 ;
497 1897 564 1937 ac
595 1885 802 1937 Petrus
833 1884 891 1936 et
922 1887 1076 1937 Asan
1107 1897 1261 1952 saepe
1293 1877 1892 1952 Philippopolitanum

237 1976 294 2026 et
324 1970 663 2026 Berrcsnum
695 1987 901 2042 agrum
933 1969 1268 2042 pepulaturi
1299 1967 1749 2025 Constantinum
1782 1983 1898 2022 non

238 2059 592 2128 fefellerunt,
607 2061 785 2132 tergis
803 2061 1054 2116 subinde
1075 2059 1458 2115 inhaerentem
1475 2062 1530 2114 et
1543 2057 1897 2130 phalangem

237 2168 438 2208 eoum
471 2153 650 2208 armis
681 2152 1102 2217 lacessentem;
1163 2154 1222 2206 et
1270 2151 1466 2207 minus
1516 2150 1752 2206 crebras
1801 2165 1900 2204 ex-

239 2241 542 2298 cursiones
576 2243 856 2298 fecerunt.
889 2241 1034 2297 Cum
1068 2245 1261 2296 autem
1287 2239 1672 2297 Constantino
1700 2237 1740 2293 ii
1763 2254 1896 2293 suc-

240 2356 441 2396 cessus
467 2341 536 2396 ad
572 2341 774 2412 patriae
803 2344 860 2396 et
900 2339 1298 2410 subjectarum
1348 2339 1586 2394 urbium
1643 2335 1892 2393 salutem

239 2430 525 2486 referendi
558 2434 778 2498 essent,
811 2429 861 2485 is
891 2429 1244 2485 contrariam
1275 2427 1428 2484 viam
1451 2431 1710 2496 secutus,
1737 2425 1887 2483 στι

238 2525 297 2574 et
329 2520 520 2591 parvis
551 2519 672 2576 illis
701 2518 1178 2575 dimicationibus
1201 2519 1274 2574 ob
1293 2517 1485 2574 rotatis
1515 2516 1809 2573 levitatem
1835 2517 1894 2570 et

240 2608 626 2665 temeritatem
660 2607 870 2678 elatus,
905 2610 1084 2664 duces
1113 2612 1171 2663 et
1201 2606 1414 2663 milites
1464 2604 1781 2662 nobiliores
1837 2605 1894 2659 et

241 2703 324 2756 rei
352 2699 570 2756 bellica;
603 2699 907 2772 peritiores
939 2697 1052 2754 sibi
1083 2697 1396 2754 conciliare
1425 2695 1695 2752 instituit.
1739 2693 1895 2756 Quos

238 2807 371 2846 cum
405 2789 560 2846 dicto
604 2789 910 2844 audientes
947 2792 1006 2843 et
1059 2787 1130 2843 ad
1170 2786 1503 2858 juvandum
1555 2783 1894 2840 institutum

241 2899 414 2940 suum
449 2887 681 2955 paratos
713 2881 1058 2947 invenisset,
1089 2895 1192 2952 pro
1221 2877 1389 2935 ducis
1411 2877 1618 2933 habitu
1643 2876 1895 2946 impera-

242 2973 452 3028 toriam
485 2970 689 3042 sumit,
719 2976 776 3028 et
805 2971 878 3026 ad
921 2968 1252 3043 tyrannidis
1295 2966 1737 3038 occupationem
1790 2964 1894 3020 de-

241 3060 572 3118 clarandam
609 3075 970 3132 purpureum
1000 3055 1255 3114 calceum
1290 3055 1522 3123 induit;
1557 3053 1895 3122 sororisque

241 3150 520 3206 maritum
557 3163 836 3220 magnum
888 3145 1278 3202 domesticum
1336 3141 1683 3209 Occidentis,
1735 3139 1893 3195 Basi-

235 3248 383 3304 lium
422 3247 718 3312 Batatzen,
769 3251 834 3300 ut
879 3259 1082 3300 secum
1127 3248 1319 3299 actum
1365 3243 1466 3308 sit,
1516 3257 1618 3312 per
1667 3238 1891 3294 litteras

239 3336 549 3394 certiorem
584 3335 736 3390 facit.
791 3335 845 3390 Is
889 3349 1022 3388 vero
1065 3330 1442 3403 Adrianopoli
1492 3333 1618 3385 tum
1666 3328 1887 3402 degens

239 3441 353 3482 non
387 3424 560 3480 modo
592 3423 818 3479 facinus
847 3423 977 3494 ejus
1009 3437 1124 3477 non
1180 3420 1484 3493 probabat,
1535 3433 1638 3475 nec
1692 3415 1884 3490 pueri-

233 3514 394 3572 libus
425 3515 550 3585 ejus
579 3513 726 3570 actis
755 3517 812 3569 et
859 3510 1250 3568 insolentibus
1299 3508 1508 3566 litteris
1561 3507 1885 3580 quidquam

235 3605 597 3672 movebatur,
617 3604 721 3660 sed
742 3603 916 3660 etiam
941 3603 1339 3674 importunam
1355 3601 1484 3673 ejus
1503 3598 1884 3655 ambitionem

235 3697 539 3754 deridebat
567 3701 625 3752 et
649 3700 714 3752 ut
733 3694 986 3768 jamjam
1023 3694 1344 3766 perituram
1372 3691 1736 3764 deplorabat.
1789 3689 1881 3746 Id-

235 3805 348 3861 que
379 3805 409 3844 e
438 3787 682 3859 vestigio
707 3791 798 3842 est
826 3790 1231 3842 consecutum.
1265 3783 1408 3838 Nam
1437 3797 1572 3838 cum
1605 3796 1672 3837 eo
1697 3777 1888 3836 consi-

234 3877 314 3933 lio
343 3874 735 3948 Philippopoli
766 3875 1155 3941 discessisset,
1191 3877 1254 3928 ut
1282 3867 1727 3942 Adrianopolim
1761 3883 1888 3939 pro-

233 3967 420 4022 fectus
451 3967 743 4022 sororium
793 3963 1084 4018 Batatzem
1135 3960 1223 4016 vel
1277 3959 1524 4015 invitum
1577 3958 1636 4013 in
1689 3959 1884 4029 partes

232 4072 369 4112 suae
399 4054 778 4125 pertraheret,
815 4053 913 4107 ubi
947 4051 1022 4107 ad
1065 4049 1348 4106 Neuzium
1401 4047 1662 4120 pervenit
1703 4045 1888 4118 (locus

233 4147 286 4202 id
319 4150 430 4213 est,
463 4143 563 4216 qui
595 4140 1196 4216 Phtlippopolitanam
1220 4145 1280 4196 et
1302 4135 1884 4210 Adrianopolitanam

232 4235 592 4306 provinciam
625 4231 1024 4304 disterminat)
1054 4227 1594 4301 comprehenditur,
1621 4233 1677 4283 et
1697 4225 1885 4298 impe-

233 4331 410 4388 ratori
439 4332 511 4386 ab
543 4331 616 4386 iis
638 4329 784 4402 ipsis
809 4331 1096 4401 proditur,
1120 4345 1152 4384 a
1173 4328 1389 4400 quibus
1411 4325 1484 4382 ad
1503 4324 1886 4381 defectionem

229 4419 528 4492 impulsus
553 4423 614 4475 et
633 4420 710 4474 im
722 4424 956 4491 perator
968 4418 1261 4474 salutatus
1279 4417 1484 4474 fuerat.
1502 4414 1609 4479 Qui
1629 4420 1696 4470 ut
1711 4429 1886 4469 suum

229 4511 460 4566 facinus
491 4508 734 4564 honesta
783 4506 975 4579 specie
1015 4506 1298 4572 velarent,
1348 4505 1421 4561 ad
1476 4503 1887 4576 imperatorem

228 4599 596 4672 scripserunt
623 4613 688 4654 se
728 4613 844 4654 non
877 4595 992 4652 alio
1045 4596 1200 4654 572
1249 4593 1492 4651 consilio
1541 4593 1889 4649 seditiosum

2015 624 2225 682 ἀπιδὼν
2288 623 2632 704 κυϐίρνησιν,
2692 629 2766 694 ὡς
2853 636 2960 688 τῶν
3017 630 3191 689 ἐκεῖσε
3270 634 3506 708 μάλιστα
3568 657 3676 692 πα·-

2017 716 2262 796 σχόντων
2321 723 2503 782 κακῶς
2562 720 2670 785 ἀεὶ,
2733 719 2950 776 στέλλει
3007 723 3099 778 τὸν
3157 725 3359 780 οἱκεῖον
3388 723 3677 800 ἐξάδελφον

2016 807 2444 878 Κωνσταντῖνον,
2505 809 2563 864 δν
2610 811 2698 864 καὶ
2751 807 2918 866 δοῢκα
2947 815 3045 866 τοῦ
3075 811 3276 868 στόλου
3302 810 3670 890 προύϐάλετο,

2015 895 2107 980 εἷς
2129 898 2432 974 στρατηγὸν
2488 897 2780 969 ἀποτάξας.
2843 901 2903 958 Ὁ
2963 897 3040 972 δὲ,
3085 901 3184 956 κᾶν
3216 905 3372 959 οὕπω
3407 905 3676 980 ὑπερανα-

2013 978 2236 1056 6ε6ήκει
2293 986 2384 1040 τὸν
2438 986 2688 1063 μείρακα,
2747 989 2808 1043 τὸ
2875 994 3007 1064 γοῦν
3063 991 3348 1066 θυμοειδὲς
3405 978 3672 1068 παραδει-

2010 1072 2184 1128 κνύων
2216 1073 2291 1137 ὡς
2337 1077 2391 1130 οἱ
2445 1081 2553 1132 τῶν
2617 1073 2852 1133 λεόντων
2913 1081 3145 1154 σκύμνοι
3183 1083 3282 1151 τήν
3314 1084 3481 1158 ὀφρὺν
3517 1084 3672 1148 εὐθὺς

2011 1161 2071 1220 ἐκ
2127 1165 2407 1240 γενέσεως,
2448 1166 2539 1222 καὶ
2591 1174 2693 1237 τῆς
2750 1167 3080 1244 ἐπαυχενίου
3135 1175 3318 1247 κόμης
3375 1175 3436 1230 τὸ
3479 1175 3670 1232 λάσιον

2010 1253 2099 1309 καὶ
2140 1255 2237 1317 τὰς
2291 1259 2400 1311 τῶν
2457 1255 2675 1332 ὀνύχων
2736 1257 2976 1328 ἀκωκὰς,
3037 1262 3182 1317 οὓτω
3239 1264 3376 1338 πρὸς
3427 1265 3672 1336 ὑπακοὴν

2008 1341 2100 1398 καί
2157 1341 2276 1408 δέος
2333 1346 2395 1400 τὸ
2454 1347 2609 1400 σσνὸν
2665 1345 2812 1419 αὐτῷ
2881 1346 3178 1424 ἐρῥύθμισε
3236 1354 3542 1428 στράτευμα
3595 1355 3670 1418 ὡς

2007 1432 2232 1508 νεύματι
2268 1435 2420 1508 μόνῳ
2469 1434 2740 1490 πείθεσθαί
2795 1437 2846 1492 οἱ
2905 1439 2995 1492 καὶ
3046 1437 3338 1514 ἐννοήματι
3397 1443 3484 1498 καὶ
3532 1449 3668 1515 πρὸς

2008 1523 2076 1578 τὰ
2149 1521 2548 1596 ἐπιταττόμενα
2633 1522 2838 1599 ῥᾳδίως
2914 1527 3230 1605 ὑπάγεσθαι.
3315 1530 3662 1602 Ἐστραττςγει

2011 1609 2106 1669 οὗν
2145 1613 2280 1685 μετὰ
2340 1619 2443 1682 τῆς
2504 1621 2735 1693 φυσικῆς
2772 1615 3052 1685 ὀξύτητος·
3087 1616 3140 1671 εἴ
3190 1614 3246 1672 δέ
3268 1637 3374 1672 που
3404 1619 3440 1686 ἡ
3471 1617 3666 1686 νεότης

2011 1699 2354 1782 σφαδάζουσα
2393 1701 2644 1774 ἐξέπιπτε
2699 1708 2794 1759 τοῦ
2850 1707 3207 1776 καθήκοντος,
3264 1708 3300 1776 ἡ
3339 1711 3444 1761 τῶν
3475 1704 3665 1780 ἐκείνῳ

2011 1791 2450 1868 συνεζευγμένων
2513 1793 2940 1872 ὑποστρατήγων
3003 1794 3260 1867 ἐμπειρία
3307 1794 3510 1866 ταύτην
3540 1795 3668 1851 ἀνα-

1935 1924 1976 1988 B
2013 1881 2334 1956 σειράζουσα
2409 1883 2486 1956 μή
2573 1881 2736 1958 ὅρους
2828 1879 3174 1960 ὑπερϐαίνειν
3237 1883 3474 1948 ὑπετίθει
3539 1885 3666 1947 τοὺς

2008 1971 2628 2042 τακτικούς.Ἕπτηξαν
2687 1971 2780 2027 οὖν
2841 1975 3004 2028 αὐτὸν
3073 1977 3124 2029 οἱ
3186 1975 3487 2030 ἀποστάται
3521 1972 3668 2031 Βλά-

2009 2080 2104 2136 χοι
2165 2059 2290 2115 ὅσον
2351 2057 2466 2115 οὐδ’
2523 2059 2684 2114 αὐτὸν
2759 2060 2852 2115 τὸν
2933 2061 3165 2136 βασιλέα
3229 2063 3668 2136 ἐποπτανόμενον

2005 2148 2444 2225 κατεπλάγησαν,
2530 2147 2618 2202 καί
2707 2146 2981 2210 πολλάκις
3040 2152 3068 2204 ὁ
3131 2150 3334 2226 Πέτρος
3417 2153 3507 2206 σὺν
3585 2155 3666 2225 τῷ

2006 2238 2166 2295 ’Δσὰν
2219 2237 2416 2312 κείρειν
2474 2237 2544 2291 τὰ
2597 2237 2734 2292 κατὰ
2788 2232 3264 2295 Φιλιππούπολιν
3300 2239 3660 2318 καίΒερῥόην

2001 2333 2327 2410 προθέμενοι
2388 2335 2491 2390 οὐκ
2546 2329 2742 2401 ἔλαθον
2803 2335 3028 2410 ἐξιόντες
3087 2338 3181 2394 τὸν
3230 2343 3662 2411 Κωνσταντῖνον,

2003 2423 2133 2481 ἀλλ’
2187 2423 2450 2503 ἐφέπονται
2514 2425 2672 2500 εἶχον
2756 2425 2846 2480 καὶ
2919 2427 3014 2488 τὰς
3090 2425 3304 2482 ἐκείνων
3366 2426 3668 2484 κλονοῦντα

2005 2513 2315 2592 φάλαγγας,
2372 2513 2510 2570 ὥστε
2565 2513 2676 2589 οὐχ
2729 2513 2805 2576 ὠς
2857 2516 3122 2590 πρότερον
3179 2517 3383 2591 συχνὰς
3441 2515 3664 2572 ἐποίουν

2003 2604 2098 2666 τὰς
2156 2601 2450 2680 ἐκδρομείς.
2513 2602 2668 2660 Αλλὰ
2743 2601 2860 2659 δέον
2922 2604 2988 2659 τὰ
3043 2604 3309 2675 λυσιτελῆ
3369 2610 3536 2660 ταῦτα
3593 2608 3660 2680 τῇ

2001 2691 2224 2768 πατρίδι
2255 2693 2344 2748 καὶ
2383 2698 2505 2756 ταῖς
2561 2691 2732 2748 ἐκεῖσε
2789 2691 3013 2750 πόλεσιν
3067 2695 3335 2768 αἱρεῖσθαι
3383 2695 3476 2749 τὸν
3517 2701 3664 2750 Κων-

2004 2789 2308 2856 σταντῖνον,
2364 2784 2392 2839 ὁ
2451 2779 2510 2838 δὲ
2560 2784 2659 2852 τὴν
2715 2781 2960 2838 ἐναντίαν
3033 2783 3318 2858 ἐτράπετοο
3376 2783 3666 2859 Ἐπαρθεές

2004 2874 2108 2949 γὰρ
2146 2877 2264 2934 τοῖς
2316 2877 2534 2947 μικροῖς
2581 2872 2923 2948 ἀγωνίσμασι
2971 2872 3210 2944 τούτοις,
3239 2872 3314 2935 ὠς
3341 2873 3438 2934 τὰς
3474 2873 3663 2951 φρένας

2001 2961 2241 3016 ἀστατῶν
2270 2965 2338 3035 τῇ
2392 2961 2633 3032 νεότητι,
2691 2958 2892 3034 ⁸ἤρξατο
2955 2963 3342 3027 ὑποποιεῖσθαι
3373 2964 3506 3027 τοὺς
3537 2983 3660 3018 συν-

2003 3049 2162 3110 όντας
2218 3049 2366 3120 αὐτῷ
2421 3049 2781 3125 στρατηγοὺς,
2841 3051 2944 3104 κάκ
2999 3055 3110 3106 τῶν
3169 3049 3461 3128 ἐγχωρίων
3496 3071 3664 3128 στρα-

1998 3141 2214 3194 τιωτῶν
2280 3136 2516 3202 ὁπόσους
2568 3137 2630 3192 τὸ
2693 3139 2844 3214 γένος
2899 3137 3216 3212 αἰδεσίμους
3263 3140 3526 3216 ἐγίνωσκε
3568 3139 3660 3196 καὶ

2005 3224 2341 3301 περιδεξίους
2400 3226 2478 3289 εἰς
2535 3223 2668 3304 ἔργα
2723 3226 2990 3302 πολέμια.
3073 3231 3282 3288 Οὐκοῦν
3361 3229 3452 3286 καὶ
3535 3230 3663 3306 βρα-

2005 3323 2160 3396 χεῖαν
2194 3315 2254 3373 ἐκ
2280 3315 2489 3373 τούτων
2551 3317 2726 3392 ῥοπὴν
2780 3317 3036 3395 ἐσχηκὼς
3089 3320 3228 3394 πρὸς
3272 3322 3374 3390 τήν
3403 3326 3512 3376 τῶν
3541 3320 3661 3378 κατ’

2000 3405 2176 3486 ἔφεσιν
2237 3406 2625 3482 ἐκπεράτωσιν,
2709 3415 2810 3477 τῆς
2887 3407 3247 3486 στρατηγίδος
3330 3410 3658 3486 ἀνθαιρείται

2001 3495 2206 3568 στολῆς
2239 3503 2336 3567 τῆν
2373 3495 2672 3572 βασίλειον,
2729 3497 2819 3552 καὶ
2867 3499 2993 3560 τοὺς
3024 3496 3194 3562 πόδας
3225 3498 3303 3562 είς
3336 3499 3654 3574 ἓτοιμασίαν

1999 3599 2098 3666 τῆς
2127 3593 2442 3671 τυραννίδος
2481 3591 2865 3674 φοινικοϐαφὶς
2915 3597 3238 3676 ἀμφιένουσι
3271 3597 3516 3657 πέδιλον.
3551 3599 3655 3658 Καὶ

1999 3684 2314 3762 παραδηλοῖ
2368 3688 2519 3760 [279]
2569 3687 2853 3764 γράμμασι
2879 3709 2944 3743 τα
2975 3688 3058 3744 ἐπ’
3114 3690 3268 3762 αύτῷ
3296 3688 3658 3764 τετελεσμένα

1997 3779 2076 3848 τῷ
2103 3783 2208 3845 τῆς
2241 3772 2482 3853 ἀδελφῆς
2532 3775 2742 3852 γαμέτῃ
2803 3781 2884 3850 τῷ
2945 3776 3174 3853 μεγαλῳ
3205 3777 3514 3854 δομεστίκῳ
3551 3787 3652 3850 τῆς

2001 3864 2236 3934 Δύσεως,
2269 3861 2538 3936 Βασιλείῳ
2565 3869 2645 3937 τῷ
2694 3867 2966 3942 Βατάτζῃ.
3010 3866 3115 3924 Τὸν
3147 3865 3203 3922 δὲ
3253 3869 3317 3925 οὐ
3363 3868 3521 3942 μόνον
3555 3867 3656 3922 οὐκ

1997 3953 2154 4033 ἔσχεν
2189 3955 2511 4012 ἐπαινοῦντα
2565 3957 2632 4011 τὰ
2667 3954 3055 4032 τετολμημένα
3102 3959 3138 4029 ἤ
3172 3961 3520 4040 προσσχόντα
3569 3960 3654 4023 οἷς

1999 4042 2229 4120 ἔπραττε
2286 4042 2581 4114 νηπιωδῶς
2637 4044 2726 4100 καὶ
2794 4048 2876 4109 οἷς
2935 4043 3185 4104 ἔστελλεν
3255 4046 3523 4116 αὐθαδῶς,
3580 4048 3658 4110 είς

1997 4131 2456 4192 Ἀδοιανούπολιν
2484 4136 2608 4190 τότε
2649 4131 2932 4212 διάγοντα,
2980 4135 3130 4194 ἀλλὰ
3177 4139 3266 4194 καὶ
3315 4137 3526 4210 μᾶλλον
3561 4140 3660 4210 τήν

1999 4225 2220 4302 ἄκαιρον
2273 4227 2412 4300 ὁμοῦ
2457 4227 2545 4282 καὶ
2596 4225 2798 4303 ἄλογον
2860 4227 3073 4284 ἐκείνου
3123 4229 3444 4306 φιλοτιμίαν
3505 4253 3663 4287 κατα-

2003 4321 2366 4393 μωκώμενον,
2415 4317 2507 4373 καὶ
2565 4317 2640 4380 ὠς
2699 4319 2826 4374 ὅσον
2887 4317 3100 4376 οὖδεπω
3159 4319 3542 4394 ἀπολούμενον
3573 4321 3663 4377 αὖα

1996 4408 2088 4464 τὸν
2151 4405 2505 4482 όδυρόμενοψ
2569 4407 2598 4460 ὅ
2654 4405 2744 4461 καὶ
2801 4409 2947 4483 παρὰ
2999 4407 3168 4472 πόδας
3213 4409 3660 4482 ἐπηκολούθησεν

1999 4498 2165 4571 Ἄρας
2219 4497 2322 4572 γὰρ
2378 4495 2440 4551 ἐκ
2492 4502 2592 4566 τῆς
2652 4494 2938 4552 Φιλίππου
3000 4497 3090 4552 ἐπὶ
3157 4503 3347 4571 σκοπῷ
3404 4503 3504 4554 τοῦ
3545 4499 3664 4555 κατ’

1998 4583 2454 4660 ,Αδρεανοέπολιν
2510 4583 2757 4662 γενέσθαι
2820 4587 2909 4642 καὶ
2952 4589 3028 4660 μή
3085 4588 3276 4643 ἑκόντα
3332 4587 3664 4664 παραλήψε-

227 4669 530 4746 hominem
559 4694 814 4754 secutos,
843 4685 956 4742 nisi
987 4689 1051 4741 ut
1097 4683 1312 4756 iniquas
1361 4687 1694 4754 temporum
1744 4697 1885 4737 con-

2006 4687 2128 4739 σθαι
2159 4675 2250 4731 τὸν
2281 4673 2482 4729 οἰκεῖον
2527 4669 2778 4750 γαμϐρὸν
2837 4675 2930 4731 τὸν
2988 4676 3265 4748 Βατάτζην
3298 4676 3662 4753 συλλήπτορα

230 4779 439 4836 ditioni
471 4777 782 4836 servirent.
830 4775 1097 4833 Vidissse
1146 4775 1306 4830 enim
1355 4789 1418 4829 se
1469 4780 1591 4828 tum
1644 4770 1886 4828 minime

228 4869 410 4927 fuisse
439 4873 632 4925 tutum
676 4865 1042 4923 Constantini
1098 4862 1387 4921 voluntati
1437 4860 1736 4933 refragari,
1783 4859 1887 4932 qui

230 4975 438 5016 omnes
467 4959 646 5014 duces
677 4955 982 5014 iracundia
1005 4955 1284 5022 vinceret,
1333 4956 1392 5009 et
1435 4967 1631 5008 ensem
1682 4951 1884 5007 statim

225 5047 286 5103 in
318 5063 417 5102 eos
442 5047 754 5118 stringeret
775 5047 875 5118 qui
893 5045 1082 5117 jussis
1103 5045 1234 5116 ejus
1255 5060 1365 5100 non
1391 5041 1882 5098 obsecundarent.

231 5136 293 5192 Id
324 5152 458 5192 vero
489 5136 644 5206 quod
680 5152 836 5191 nunc
871 5152 970 5206 per
997 5135 1361 5191 occasionem
1409 5131 1670 5197 fecerint,
1705 5146 1883 5202 argu-

230 5229 494 5281 mentum
555 5239 686 5278 esse
747 5240 867 5278 suae
925 5223 1212 5280 inviolatae
1275 5237 1413 5293 erga
1472 5219 1883 5290 imperatorem

231 5315 386 5369 fidei.
419 5315 742 5384 Imperator
771 5330 910 5368 vero
939 5315 1048 5368 etsi
1079 5312 1293 5368 levium
1326 5311 1586 5364 virorum
1627 5312 1782 5364 artes
1830 5313 1887 5364 et

229 5404 455 5460 fucatas
483 5403 892 5458 excusationes
923 5418 1036 5458 non
1065 5401 1393 5474 ignorabat,
1419 5404 1616 5454 tamen
1645 5413 1710 5453 eo
1731 5400 1884 5456 facto

228 5491 387 5564 quod
417 5509 448 5548 e
480 5508 540 5548 re
567 5508 673 5547 sua
705 5497 862 5548 esset
891 5491 1163 5563 probato,
1193 5489 1646 5546 Constantinum
1690 5504 1882 5545 excee-

228 5587 399 5648 cavit,
431 5581 770 5650 adjutorum
803 5583 932 5655 ejus
967 5580 1198 5637 nemine
1230 5585 1428 5651 aperte
1462 5579 1728 5634 multato.
1753 5580 1886 5635 Bla-

227 5672 322 5728 chi
352 5687 488 5728 vero
537 5674 770 5728 tantum
831 5688 898 5728 eo
957 5669 1321 5726 Constantini
1379 5684 1518 5726 casu
1577 5668 1886 5724 exhilarati

229 5767 388 5832 sunt,
423 5762 630 5816 Petrus
661 5764 718 5818 et
746 5763 901 5820 Asau
935 5761 1143 5819 fratres
1182 5759 1264 5817 ita
1311 5757 1666 5824 exultarunt,
1713 5758 1884 5830 quasi

1997 4769 2094 4821 τοῦ
2141 4763 2303 4842 ἔργου
2365 4765 2456 4820 καὶ
2525 4762 3019 4821 συνεπευδοκοῦντα
3083 4771 3202 4829 τοῖς
3279 4765 3659 4841 τελουμένοις,

1998 4855 2204 4927 φθάσας
2263 4855 2388 4930 περὶ
2455 4855 2518 4910 τὸ
2586 4853 2884 4930 λεγόμενον
2951 4856 3282 4926 Νεούτζικου
3345 4857 3536 4932 (τόπος
3601 4854 3658 4911 δέ

1996 4943 2135 5000 ἐστιν
2196 4944 2352 5007 οὗτος
2411 4941 2741 5018 διοριστικὸς
2791 4949 2896 4999 τῶν
2978 4943 3259 5021 ἐπαρχιῶν
3308 4946 3651 5023 ἀμφοτέρων,

1994 5051 2094 5112 τῆς
2125 5040 2411 5118 Ἀδριανοῦ
2442 5066 2590 5122 φημι
2619 5045 2705 5099 καὶ
2739 5051 2838 5112 τῆς
2870 5043 3177 5120 Φιλίππου)
3211 5039 3649 5118 συλλαμϐάνεται

1995 5135 2084 5189 καὶ
2147 5132 2633 5210 καταπροδίδοταιδ
2695 5134 2909 5210 βασιλεῖ
2990 5137 3116 5209 παρ’
3193 5137 3370 5192 αὐτῶν
3434 5133 3649 5189 ἐκείνων

1995 5224 2102 5279 τῶν
2154 5223 2228 5285 si;
2283 5223 2614 5280 ἀποστασίαν
2669 5223 3042 5295 ὑπονυξείντων
3104 5225 3192 5280 καὶ
3258 5223 3658 5300 ἀναγορευσάν-

1993 5333 2101 5367 των
2135 5311 2294 5365 αύτὸν
2349 5310 2742 5388 αὐτοκράτορα.
2801 5314 2869 5370 Οἳ
2928 5311 2973 5368 δ’
3036 5313 3188 5370 αὐτοὶ
3244 5315 3335 5370 καὶ
3383 5315 3476 5368 τὸν
3526 5313 3659 5389 ὑπὲρ

1994 5403 2198 5457 εαυτῶν
2231 5399 2504 5475 ἀπόλογον
2547 5401 2627 5481 ἐφ’
2675 5405 2756 5465 οἷς
2807 5400 3032 5479 ἔδρασαν
3093 5405 3229 5478 πρὸς
3275 5405 3337 5460 τὸ
3372 5401 3660 5480 εὔσχημον

1997 5491 2454 5565 μεθαρμόζοντες,
2515 5489 2906 5566 διεμηνύσαντο
2962 5491 3182 5568 βασιλεῖ
3226 5494 3288 5549 τὸ
3359 5493 3456 5567 μὲν
3525 5493 3657 5548 ὑπο-

1993 5580 2248 5651 κλιθῆναι
2313 5582 2402 5637 καὶ
2469 5583 2794 5657 προσςεῦσαι
2876 5587 2956 5655 τῷ
3042 5585 3320 5660 ἀποστάτῃ
3389 5585 3466 5658 μὴ
3537 5585 3656 5648 καθ’

1992 5667 2180 5746 ἓτερον
2226 5671 2432 5747 τρόπον
2483 5671 2802 5748 ἐργάσασθαι
2965 5677 3046 5747 τῷ
3097 5668 3656 5748 συμμεταϐεϐλῆσθαι

1997 5758 2282 5832 ἀθελήτως
2337 5759 2418 5836 τῷ
2466 5765 2647 5838 καιρῷ
2699 5763 2788 5818 καὶ
2841 5767 2958 5827 τοῖς
3011 5765 3324 5842 πράγμασιν
3367 5763 3520 5841 (ὁρᾷν
3549 5763 3653 5840 γὰρ
