4102 6382
365 386 481 448 805

1489 378 1590 439 DE
1632 375 1949 441 ISAAOIO
1993 377 2315 442 ANGELO
2361 375 2503 438 LIB.
2550 376 2664 439 III.

3675 380 3798 449 896

367 517 464 574 οὐκ
531 511 811 571 ἀκίνδυνον
873 512 1060 574 αὐιοῖς
1118 510 1210 565 καὶ
1263 504 1560 565 ἀκόνδυλον
1619 512 1914 579 τηνικαῦτα
1959 510 2058 587 τὸε

2172 518 2190 567 t
2219 528 2336 567 sum
2364 511 2556 585 gentis
2582 527 2828 585 regnum
2862 512 3186 568 affectasset
3221 530 3234 581 ;
3268 528 3457 587 neque
3484 515 3796 588 imperato-

367 605 676 665 ἀντιτείνειν
728 603 867 679 πρὸς
925 603 993 658 τὰ
1050 599 1198 675 παρὰ
1251 603 1350 654 τοῦ
1413 599 1832 656 Κωνσταντίνου
1891 600 2027 657 ὑπο-

370 695 706 771 ϐαλλόμενα·
765 695 897 751 εἶναι
946 694 1048 769 γὰρ
1096 697 1205 748 τῶν
1251 692 1733 769 προηγησαμένων
1794 711 2027 767 στρατη·

371 792 484 865 γῶν
542 783 957 860 ἐπιχολώτατον
1019 782 1110 837 καὶ
1188 782 1250 836 τὸ
1336 781 1487 852 ξίφος
1556 780 1616 835 ἐκ
1679 785 1774 836 τοῦ
1841 780 2034 836 αὐτίκα

371 882 684 955 γυμνοῦντα
740 874 879 931 κατά
933 879 1042 928 τῶν
1107 874 1183 947 μή
1249 869 1689 928 ἐπευδοκούντων
1719 876 1835 934 τοῖς
1868 872 2033 927 αὐτοῦ

376 966 662 1045 δόγμασι),
719 965 782 1020 τὸ
838 961 894 1019 δὲ
969 968 1059 1018 νῦν
1142 959 1392 1027 τελεσθὲν
1449 968 1549 1031 τῆς
1617 959 1672 1024 ἐς
1725 960 1886 1017 αὐτὸν
1943 961 2035 1017 τὸν

378 1055 606 1134 βασιλέα
657 1056 989 1133 ἀκραιφνοῦς
1047 1055 1347 1127 τεκμήριον
1424 1051 1662 1114 πίστεως
1717 1052 1780 1107 τὸ
1835 1049 2035 1106 οἰκεῖον

375 1142 778 1219 ἐνδειξαμένων,
883 1143 1119 1214 ὁπηνίκα
1214 1141 1486 1217 εὐκαιρίας
1570 1135 1851 1198 ἐλάϐοντο.
1929 1140 2034 1198 Καὶ

374 1234 495 1309 ἤδει
532 1238 628 1311 μὲν
661 1237 689 1291 ὁ
726 1234 984 1312 βασιλεὺς
1018 1228 1386 1308 παλιμϐόλων
1421 1230 1634 1308 ἀνδρῶν
1680 1230 2038 1310 τεχνάσματα

376 1331 548 1382 ταῦτά
619 1325 710 1380 καὶ
785 1322 1343 1399 κατεσχηματισμένα
1411 1317 1813 1397 προϐληματα,
1882 1319 2037 1376 ἔπαι-

377 1415 534 1478 νέσας
588 1412 634 1470 δ’
691 1416 845 1488 ’ὁμῶς
900 1415 960 1470 τὸ
1005 1414 1226 1491 γεγονὸς
1266 1413 1341 1474 ὡς
1398 1411 1547 1485 αὗτῷ
1592 1413 1892 1488 ξύμφορον,
1929 1415 2039 1465 τῶν

385 1508 480 1578 μὲν
515 1505 896 1581 συναραμένων
928 1508 1028 1559 τοῦ
1088 1499 1252 1580 ἔργου
1308 1507 1390 1575 τῷ
1421 1500 1815 1574 Κωνσταντίνῳ
1847 1495 2040 1555 οὐδένα

379 1596 438 1650 ἐκ
465 1598 563 1650 τοῦ
593 1591 882 1668 προδήλου
912 1590 1397 1669 παραλελύπηκεν,
1429 1590 1588 1646 αὐτὸν
1639 1587 1686 1645 δ’
1736 1587 1791 1653 ἐς
1829 1591 1892 1645 τὸ
1923 1592 2038 1669 φῶς

382 1682 718 1757 ἐλυμήνατο.
769 1685 1044 1740 Τοσοῦτον
1110 1680 1154 1737 δ’
1205 1681 1571 1759 εὐφράνθησαν
1604 1680 1656 1735 οἱ
1697 1676 1909 1754 Βλάχοι
1946 1678 2036 1733 καὶ

389 1772 801 1849 ἠγαλλιάσαντο
828 1773 1030 1850 Πέτρος
1086 1794 1144 1829 τε
1199 1773 1291 1828 καὶ
1351 1772 1509 1829 Ἀσὰν
1538 1770 1625 1826 ἐπὶ
1668 1776 1785 1833 τοῖς
1836 1763 2042 1844 συμϐε-

392 1860 590 1937 ϐηκόσι
642 1867 862 1928 τούτοις
914 1870 993 1938 τῷ
1050 1863 1460 1937 Κωνσταντίνῳ,
1495 1863 1634 1918 ὥστε
1679 1861 1925 1917 κάκεῖνον
1953 1859 2040 1915 ἐπὶ

385 1959 481 2009 τοῦ
557 1955 761 2011 ἑαυτῶν
857 1949 1040 2019 ἔθνους
1101 1957 1170 2028 τῇ
1242 1952 1496 2029 βασιλείᾳ
1579 1947 1885 2022 ἐπιϐαλεῖν,
1949 1950 2043 2005 καὶ

394 2042 618 2119 βασιλέα
692 2046 767 2119 μὴ
829 2042 1029 2120 ἔχοντα
1089 2050 1355 2118 μειζονως
1417 2044 1786 2119 εὐεργετήσειν
1855 2037 2046 2104 ἄλλως

388 2133 511 2196 τοὺς
561 2132 812 2210 Βλάχους
842 2134 877 2204 ἢ
909 2133 1003 2196 τὰς
1059 2134 1225 2209 κόρας
1284 2132 1514 2208 ἐκκόψαι
1572 2136 1671 2188 τοῦ
1718 2127 2050 2188 Κωνσταντί-

382 2244 502 2293 νου,
535 2228 975 2302 θυμοσοφοῦντες
1034 2222 1086 2279 ἐν
1142 2228 1258 2285 τοῖς
1312 2222 1614 2291 τοιούτοις,
1673 2221 1765 2277 καὶ
1813 2221 1880 2276 τὰ
1911 2222 2048 2275 Ῥω-

388 2313 565 2386 μαίων
644 2313 1068 2389 μυκτηρίζοντες
1125 2313 1419 2388 πράγματα
1496 2310 1583 2367 ἐπὶ
1658 2313 1719 2367 τὸ
1793 2311 2044 2372 κάταντες

385 2403 471 2458 ἀεὶ
528 2407 927 2480 προχωροῦντα
982 2404 1073 2458 καὶ
1129 2408 1247 2466 τοῖς
1307 2402 1520 2478 χείροσι
1577 2399 1791 2477 μέρεσιν
1826 2397 2043 2456 ὑπενδι-

388 2490 568 2548 δόντα.
602 2494 669 2550 O't
702 2491 746 2547 δ’
778 2492 936 2548 αὐτοὶ
965 2491 1056 2547 καὶ
1103 2498 1220 2553 τοῖς
1283 2491 1345 2547 ἐκ
1376 2490 1591 2567 φύτλης
1618 2495 1727 2547 τῶν
1756 2487 2041 2567 Ἀγγέλων

2138 619 2257 659 rem
2291 601 2477 658 ullum
2520 603 2705 674 majus
2761 602 3109 659 beneficium
3160 604 3220 658 in
3270 604 3506 661 Blacbos
3535 608 3794 664 conferre

2140 693 2392 765 potuisse
2439 693 2699 749 dicerent
2729 693 3106 749 excaecatione
3135 693 3494 749 Constantini
3529 711 3540 750 :
3578 697 3795 767 quibus

2140 785 2294 841 578
2323 783 2509 840 verbis
2558 783 2872 839 iracundias
2914 799 3033 839 suae
3065 782 3545 855 blandiebantur,
3572 791 3630 841 et
3676 802 3794 842 rem

2140 876 2458 931 Romanam
2500 874 2755 931 subinde
2784 875 2842 930 in
2877 873 3132 930 deterius
3181 882 3443 930 ruentem
3478 875 3796 931 subsanna-

2143 964 2301 1022 bant.
2334 964 2636 1036 Iidemque
2686 964 2968 1036 Angelicae
3024 963 3252 1019 familia
3305 980 3417 1019 suae
3450 966 3795 1022 diuturnum

2145 1054 2450 1125 imperium
2512 1054 2911 1125 precabantur,
2957 1052 3260 1125 Deumque
3305 1053 3549 1111 orabant
3588 1071 3658 1112 ne
3690 1072 3801 1112 un-

2145 1159 2343 1216 quam,
2384 1143 2431 1201 si
2458 1143 2581 1199 fieri
2612 1150 2829 1214 posset,
2878 1151 3238 1198 morerentur
3268 1148 3368 1199 aut
3394 1161 3648 1215 unquam
3682 1144 3802 1217 pri-

2143 1239 2334 1289 vatam
2365 1235 2538 1289 vitam
2571 1237 2828 1305 agerent.
2861 1235 3103 1289 Causam
3152 1232 3581 1305 subjungebnat
3613 1234 3799 1290 homi-

2145 1339 2248 1379 nes
2293 1321 2674 1379 exsecrabiles
2727 1327 2786 1377 et
2833 1321 3008 1378 veluti
3064 1321 3362 1378 oraculum
3425 1323 3697 1391 edebant,
3729 1323 3801 1380 iis

2145 1411 2527 1485 regnantibus
2559 1411 2901 1467 Blachorum
2926 1426 3171 1484 regnum
3206 1429 3417 1484 magna
3444 1411 3802 1470 incrementa

2147 1510 2454 1575 capturum
2509 1512 2562 1559 et
2601 1502 3095 1573 amplificandum,
3145 1501 3351 1557 alienis
3408 1504 3719 1574 provinciis
3746 1510 3803 1559 et

2148 1592 2396 1648 urbibus
2439 1593 2795 1664 augendum,
2847 1592 3139 1664 principes
3170 1608 3235 1647 ex
3281 1591 3422 1664 ipsis
3474 1600 3530 1648 et
3569 1595 3741 1649 duces
3769 1608 3802 1649 θ

2150 1682 2468 1739 femoribus
2506 1698 2707 1738 eorum
2740 1698 3078 1754 egressuros
3107 1697 3258 1751 esse,
3290 1681 3445 1737 haud
3497 1682 3616 1737 scio
3647 1682 3804 1738 unde

2148 1776 2204 1829 et
2252 1772 2545 1846 quomodo
2593 1773 2818 1827 erudita
2859 1771 2981 1826 haec
3018 1771 3227 1827 edocti.
3287 1770 3536 1827 Proinde
3595 1775 3697 1826 aut
3732 1768 3807 1826 ad

2149 1861 2449 1918 castellum
2504 1860 2741 1933 aliquod
2788 1858 3137 1915 vastandum
3186 1865 3286 1915 aut
3338 1861 3410 1915 ad
3461 1875 3640 1932 pagos
3670 1859 3807 1916 diri-

2154 1951 2398 2023 piendos
2455 1955 2553 2008 aut
2603 1949 2678 2006 ad
2721 1950 2892 2006 urbes
2940 1949 3275 2006 evertendas
3330 1964 3464 2006 cum
3522 1949 3808 2022 phalange

2153 2042 2419 2115 Scythica
2461 2040 2982 2113 proﬁciscebantur
3008 2058 3022 2108 ;
3048 2047 3100 2095 et
3131 2039 3297 2094 obvia
3342 2055 3593 2111 quaeque
3617 2056 3809 2112 popu-

2158 2131 2371 2200 lantes,
2416 2131 2558 2187 alias
2608 2128 3058 2201 Philippopolim
3096 2128 3464 2197 invadebant,
3498 2128 3638 2184 alias
3670 2129 3810 2185 Sar-

2156 2221 2298 2277 dicaa
2355 2219 2797 2286 insidiabantur,
2838 2218 2982 2274 alias
3034 2218 3467 2289 Adrianopolim
3516 2219 3808 2289 petebant.

2156 2309 2398 2365 Romani
2427 2325 2559 2365 vero
2591 2308 2832 2381 segnius
2862 2322 2995 2364 cum
3052 2307 3138 2363 eis
3170 2308 3532 2380 pugnabant.
3565 2308 3724 2371 Quod
3758 2308 3810 2364 si

2154 2399 2386 2471 quando
2417 2398 2476 2454 in
2506 2397 2690 2455 aciem
2722 2397 3146 2454 descendebant
3177 2407 3231 2455 et
3271 2413 3529 2471 pugnam
3561 2398 3811 2469 inibant,

2154 2505 2358 2562 parum
2391 2487 2674 2545 nocebant
2705 2487 2988 2543 hostibus.

385 2583 491 2653 τήν
557 2586 663 2636 τῶν
740 2579 1033 2655 Ῥωμαίων
1109 2582 1446 2659 χειρίζουσιν
1523 2580 1705 2656 ἀρχὴν
1780 2578 2044 2641 πολυετές
2122 2575 2433 2651 ἐπηύχοντο
2507 2576 2725 2649 κράτος,
2807 2572 2948 2647 μηδὲ
3022 2573 3156 2630 ἰδεῖν
3233 2596 3368 2632 ποτε
3442 2576 3691 2646 θάνατον,
3766 2572 3816 2629 εί

390 2669 641 2741 δυνατὸν,
708 2669 1057 2744 ἐξελιπάρουν
1129 2672 1192 2726 τὸ
1250 2676 1427 2740 Θεῖον,
1489 2667 1525 2740 ἥ
1577 2668 1858 2748 ἀφαίρεσιν
1915 2676 2015 2738 τῆς
2069 2663 2350 2727 ϐασιλείας
2415 2669 2627 2729 παθεῖν’
2687 2664 2778 2719 καὶ
2834 2666 2934 2733 τὴν
2996 2664 3171 2720 αἰτίαν
3217 2663 3594 2741 προστιθέντες
3643 2665 3816 2741 ἐχρη-

390 2760 683 2836 στηρίαζον
758 2762 810 2816 οἱ
866 2762 1162 2836 κατάρατοι
1222 2761 1296 2824 ὡς
1358 2760 1532 2816 αὐτῶν
1592 2758 1995 2834 βασιλευόντων
2073 2754 2155 2812 ἔτι
2227 2755 2319 2812 καὶ
2372 2752 2454 2810 ἐτι
2525 2755 2592 2809 τὰ
2647 2758 2754 2809 τῶν
2834 2753 3072 2830 Βλάχων
3124 2753 3597 2825 προσεπιδώσουσί
3634 2776 3693 2810 τε
3720 2753 3813 2810 καὶ

402 2851 887 2928 μεγεθυνθήσεται,
952 2850 1042 2905 καὶ
1103 2851 1292 2927 χώρας
1344 2848 1401 2905 δὲ
1448 2850 1539 2906 καὶ
1587 2848 1781 2914 πόλεις
1826 2847 2123 2924 ἀλλοτρίας
2159 2846 2565 2916 ἐπικτήσονται,
2615 2843 2707 2899 καὶ
2756 2842 3017 2919 ἄρχοντες
3065 2841 3117 2916 ἐξ
3166 2844 3341 2899 αὐτῶν
3392 2847 3484 2899 καὶ
3512 2847 3816 2922 ἡγούμενοι

392 2940 455 2996 ἐκ
482 2944 590 2994 τῶν
627 2944 820 3013 μηρῶν
852 2937 1025 2994 αὐτῶν
1055 2938 1449 3010 ἐξελεύσονται,
1485 2938 1585 2994 οὐκ
1614 2935 1720 2994 οἶδ’
1752 2938 1845 3003 ’ὸθε
1903 2938 1992 2993 καὶ
2052 2936 2203 2998 ὅπως
2259 2935 2328 2990 τά
2380 2929 2792 3005 ἐσπουδασμένα
2821 2934 2903 3005 [Ρ.
2937 2934 3065 3005 280]
3093 2936 3261 2987 ταῦτα
3293 2930 3599 3004 διεξιόντες.
3628 2934 3814 2997 Ἔνθεν

393 3051 480 3085 τοι
536 3030 626 3084 καὶ
703 3029 754 3083 οἱ
834 3029 929 3102 μὲν
989 3028 1065 3091 ὡς
1119 3028 1209 3084 ἐπί
1264 3050 1317 3084 τι
1374 3027 1808 3104 ἐκπορθήσοντες
1875 3027 2135 3107 φρούριον
2199 3025 2236 3096 ἢ
2302 3027 2495 3098 κώμας
2561 3021 2938 3097 ἀναρπάστους
2970 3018 3550 3096 θτ.σόμενοιῆπόλεις
3581 3022 3819 3078 ἀναστά-

390 3142 517 3184 τους
595 3118 860 3193 δείξοντες
919 3118 1054 3193 μετὰ
1127 3118 1407 3197 φάλαγγος
1465 3119 1694 3195 ἐπῄεσαν
1774 3121 2071 3188 Σκυθικῆς,
2143 3115 2236 3173 καὶ
2310 3115 2404 3171 τὸν
2463 3116 2778 3192 προστυχὸν
2855 3115 2991 3169 ἅπαν
3066 3112 3324 3186 ἐσίνοντο,
3384 3115 3518 3169 ποτὲ
3595 3114 3690 3186 μὶν
3744 3115 3814 3188 τῇ

398 3210 676 3286 Φιλίρπου
751 3207 1021 3279 ἐπιοντες,
1098 3210 1234 3265 ποτὶ
1309 3206 1368 3264 δὲ
1439 3212 1509 3283 τῇ
1588 3206 1834 3286 Σαρδικῇ
1911 3204 2312 3285 ἐφεδρεύοντες,
2390 3203 2563 3261 ἐνίοτε
2637 3202 2695 3260 δὲ
2765 3206 2904 3260 κατὰ
2974 3204 3071 3272 τήν
3153 3200 3609 3277 ’Δδριανούπολιν
3656 3199 3824 3280 ἐπερ-

396 3300 652 3373 χόμενον
722 3298 773 3353 οἱ
815 3295 872 3352 δὲ
937 3299 1205 3372 Ῥωμαῖοι
1273 3298 1601 3375 νωθέστερον
1673 3297 1986 3374 ἐπεξῄεσαν,
2030 3296 2076 3352 εί
2117 3293 2176 3352 δὲ
2214 3316 2349 3352 ποτε
2421 3295 2510 3350 καὶ
2584 3291 2988 3368 ἀντετάχθησαν
3060 3294 3096 3363 ἤ
3172 3289 3613 3365 συνεπλάκησαν,
3688 3292 3828 3349 κατὰ

403 3388 707 3463 μετρητοὺς
740 3385 966 3443 ἐκάκουν
997 3387 1126 3451 τοὺς
1153 3388 1507 3452 ἀντιπάλους.

470 3483 528 3535 ε’.
602 3477 664 3535 Ὀ
731 3474 789 3532 δὲ
847 3477 1105 3553 βασιλεὺς
1166 3479 1327 3539 οὗτος
1383 3475 1781 3556 δολιχοδρόμῳ
1836 3475 1873 3548 ἤ
1936 3481 2058 3553 γοῦν

2249 3479 2305 3534 5.
2340 3476 2471 3548 Ipse
2496 3491 2633 3533 vero
2665 3474 2976 3547 imperator
3005 3489 3141 3530 cum
3200 3473 3432 3544 Optimae
3461 3472 3833 3547 gubernatio-

405 3564 590 3622 σαδιέῖ
643 3568 985 3643 προσεοικὼς
1038 3568 1196 3632 εὐθὺς
1258 3569 1392 3643 πρὸς
1443 3573 1512 3643 τῇ
1563 3567 1728 3643 νύσσῃ
1767 3566 2067 3623 κατέπαυσε

398 3659 496 3713 τὸν
558 3664 662 3729 τῆς
720 3657 947 3733 ἀρίστης
1018 3656 1299 3732 βασιλείας
1371 3656 1575 3734 δρόμον
1629 3658 1844 3735 τρέχειν
1902 3656 2067 3732 ἀρξά-

417 3766 597 3820 μενος·
677 3746 800 3803 οὐδὲ
854 3749 957 3825 γὰρ
1008 3749 1074 3818 ἦν
1129 3747 1379 3811 πολλοὺς
1418 3748 1660 3829 ἀμφιιὼν
1700 3747 1936 3810 κύκλους
1966 3751 2067 3816 τῆς

410 3837 628 3913 ἀρετῆς,
689 3837 815 3893 ἀλλ’
860 3838 933 3901 ὡς
992 3837 1293 3913 ἂποκαμὼν
1353 3836 1711 3918 ὑπεχαλάσθη
1752 3840 1850 3893 τοῦ
1881 3835 2072 3891 συντόο

410 3950 506 3984 νου
545 3935 648 3998 τῆς
673 3929 863 4002 ὁρμῆς
892 3928 982 3983 καὶ
1035 3929 1135 4000 τῆς
1189 3927 1478 3999 ἐπαινετῆς
1510 3927 1588 3991 είς
1632 3927 1769 3984 ἅπαν
1818 3924 2075 4002 ἐξενευρί-

413 4020 510 4089 σθη
553 4018 885 4094 προθέσεως.
944 4017 1153 4076 Οὐκοῦν
1210 4017 1449 4082 πολλοῖς
1505 4020 1575 4074 τὰ
1626 4017 1827 4094 χαλινὰ
1854 4017 1944 4072 καὶ
1975 4016 2072 4078 τὰς

415 4108 576 4179 ἡνίας
633 4107 948 4178 ὑπαλλάξας
1006 4116 1107 4179 τῆς
1163 4114 1269 4165 τῶν
1325 4114 1518 4165 κοινῶν
1593 4107 1940 4179 διοικήσεως,
1999 4106 2074 4169 ὡς

419 4196 574 4271 εἴπερ
603 4196 766 4257 αὐτὸς
813 4195 1147 4273 ἀποπεφύκει
1206 4198 1340 4273 πρὸς
1394 4195 1689 4252 σπουδαίαν
1722 4196 1902 4271 ἀρχῆς
1937 4191 2073 4248 διοί-

421 4305 604 4356 κησιν,
661 4284 820 4350 τέλος
877 4286 1051 4365 φέρων
1108 4286 1398 4366 ἐνεχείρισι
1453 4288 1553 4355 τὴν
1581 4286 1791 4341 τούτων
1822 4282 2078 4358 διεξαγωο

424 4375 527 4451 γὴν
564 4375 654 4430 καὶ
684 4371 1005 4452 κυϐέρνησιν
1063 4382 1143 4451 τῷ
1182 4378 1320 4453 πρὸς
1379 4377 1588 4452 μητρὸς
1639 4374 1764 4447 θείῳ
1804 4370 2075 4446 Θεοδώρῳ

421 4468 500 4536 τῷ
534 4465 940 4542 Κασταμονίτῃ.
997 4472 1102 4523 Ἦν
1162 4464 1210 4521 δ’
1269 4466 1430 4528 οὗτος
1475 4464 1600 4540 περὶ
1628 4463 1963 4540 πραγμάτων
1993 4463 2079 4540 ἐγο

422 4553 670 4630 χείρησιν
713 4556 803 4612 καὶ
868 4557 1110 4630 μάλιστα
1165 4556 1290 4632 περὶ
1348 4556 1443 4618 τάς
1501 4553 1771 4629 δημοσίας
1804 4574 2081 4631 συνεισφο-

422 4645 516 4720 ρᾶς
556 4643 880 4715 δεξιώτατος
936 4646 1026 4701 καὶ
1079 4645 1262 4724 λόγων
1325 4644 1648 4727 σοφωτέρων
1705 4647 1964 4720 μέτοχος,
2018 4644 2077 4698 ὃν

418 4734 512 4790 καὶ
568 4730 875 4808 λογοθέτην
933 4740 1039 4791 τῶν
1107 4737 1372 4812 σεκρέτων
1428 4731 1844 4813 προϐαλόμενος
1911 4735 2078 4810 ἤγετο

426 4822 516 4878 ὑπ’
578 4820 746 4877 αὐτοῦ
812 4822 901 4877 καὶ
971 4826 1237 4900 μετήγετο
1323 4825 1560 4901 καθάπερ
1633 4821 2077 4900 βασιλευόμενος*

423 4914 543 4979 ὃθεν
578 4914 653 4977 ὡς
686 4913 746 4968 ἅν
795 4934 881 4976 τις
942 4913 995 4967 ἐν
1056 4915 1329 4985 ὑπηρέτου
1390 4915 1555 4991 μοίρᾳ
1609 4916 1944 4989 καθήμενος,
1975 4918 2079 4970 πᾶν

423 5003 555 5080 ὅπερ
625 5005 713 5060 ὑπ’
780 5003 944 5059 αὐτοῦ
1013 5002 1328 5061 ἐπετάττετο
1433 5002 1780 5078 διεπράττετο
1884 5001 2080 5080 σχεδὸν

427 5092 592 5165 μηδὲν
653 5092 968 5170 διακρίνων.
1019 5095 1210 5151 Νοσῶν
1262 5091 1318 5149 δὲ
1373 5093 1441 5149 τὰ
1496 5092 1669 5170 ἄρθρα
1732 5098 1840 5149 τῶν
1893 5089 2077 5148 ποδῶν

427 5184 923 5258 ὁλΚασταμονίτης
972 5181 1218 5264 φοράδην
1278 5186 1344 5239 τά
1400 5182 1587 5240 πολλὰ
1643 5184 1780 5260 πρὸς
1826 5185 1917 5239 τὸν
1947 5203 2079 5259 κρα-

427 5273 625 5326 τοῦντα
680 5273 951 5350 εἲσηγετο,
1013 5273 1117 5328 ὑπὸ
1177 5269 1323 5328 δυοῖν
1381 5272 1589 5351 φορέων
1647 5273 1941 5348 αῗρόμενος
1993 5269 2080 5328 διὰ

430 5357 730 5429 σκίμποδος
772 5364 847 5425 ὡς
905 5363 957 5419 οἱ
1018 5368 1122 5418 τῶν
1183 5362 1346 5418 οἲνων
1398 5363 1684 5441 ἀμφορεῖς·
1729 5363 1820 5419 καὶ
1852 5383 2083 5436 συνομι-

432 5442 545 5500 λῶν
581 5448 793 5522 βασιλεῖ
820 5451 887 5507 τά
934 5451 1240 5532 πρόσφορα,
1291 5452 1325 5523 ἢ
1383 5452 1597 5526 μᾶλλον
1645 5451 1975 5523 καπηλεύων
2013 5453 2083 5508 τὰ

427 5535 717 5607 Ῥωμαίων
802 5542 1093 5616 πράγματα
1159 5541 1250 5597 καὶ
1305 5540 1500 5617 ὀλίγου
1579 5539 1873 5605 ἀποδιδοὺς
1933 5539 2083 5605 αὖθις

428 5621 673 5700 ἐξήγετο.
704 5626 772 5683 Οἱ
802 5626 858 5681 δέ
905 5650 967 5703 γε
997 5627 1123 5688 λαοὶ
1179 5630 1273 5687 καὶ
1329 5632 1391 5687 τὸ
1438 5639 1539 5703 τῆς
1580 5632 1861 5695 πολιτείας
1889 5632 2082 5708 γερού-

428 5734 567 5787 σιον,
609 5715 699 5771 καὶ
758 5713 877 5772 ὅσοι
929 5722 1009 5792 τῷ
1067 5718 1286 5797 βασιλεῖ
1338 5722 1461 5788 καθ’
1516 5723 1655 5798 αἷμα
1720 5724 2082 5797 συνήπτοντο,

2175 3567 2266 3623 nis
2295 3582 2533 3622 cursum
2583 3565 2952 3634 instituisset,
2987 3563 3172 3619 instar
3210 3563 3401 3634 ignavi
3430 3563 3688 3621 cursoris
3717 3580 3834 3620 non

2176 3654 2374 3728 procul
2428 3655 2498 3710 ab
2552 3652 2698 3726 ipsis
2754 3653 3079 3710 carceribus
3136 3652 3378 3710 destitit.
3426 3652 3623 3723 Neque
3677 3652 3833 3709 enim

2178 3743 2397 3801 multos
2425 3741 2658 3799 virtutis
2686 3741 2935 3798 circulos
2966 3740 3234 3804 absolvit.
3265 3742 3366 3797 sed
3418 3740 3593 3799 veluti
3633 3740 3837 3813 fatiga-

2177 3840 2274 3889 tus
2306 3832 2462 3890 574
2503 3836 2560 3888 et
2608 3838 2917 3888 enervatus
2955 3832 3027 3888 de
3083 3830 3453 3887 contentione
3493 3830 3724 3887 honesti
3751 3830 3838 3886 in-

2180 3923 2368 3980 stituti
2412 3921 2733 3996 plurimum
2767 3920 3011 3990 remisit,
3045 3938 3281 3977 summa
3310 3937 3505 3977 rerum
3536 3920 3839 3976 Theodoro

2180 4013 2587 4070 Castamonitas
2643 4011 2930 4068 avunculo
2989 4010 3241 4083 denique
3280 4012 3573 4066 mandata.
3605 4014 3745 4067 Erat
3793 4008 3843 4065 is

2183 4104 2358 4160 homo
2414 4103 2591 4159 rebus
2622 4100 2916 4174 gerendis,
2974 4100 3296 4173 praesertim
3343 4098 3720 4172 vectigalibus
3750 4115 3846 4154 re—

2183 4191 2490 4264 cipiendis,
2546 4191 2886 4262 aptissimus
2943 4197 2997 4246 et
3057 4190 3233 4261 probe
3307 4190 3589 4245 eruditus.
3659 4189 3843 4253 Quare

2184 4282 2563 4355 Logothetam
2611 4285 2965 4337 secretorum
3022 4297 3157 4336 eum
3189 4279 3546 4352 designaret,
3577 4285 3637 4335 et
3682 4277 3844 4336 illius

2182 4372 2468 4429 arbitratu
2494 4371 2607 4426 huc
2649 4374 2824 4442 atque
2854 4369 2994 4425 illuc
3023 4369 3213 4426 instar
3244 4370 3520 4443 mancipii
3572 4367 3846 4425 traheba-

2181 4467 2299 4532 tur,
2330 4467 2388 4518 et
2433 4459 2722 4533 quidquid
2782 4458 2881 4516 ille
2911 4460 3089 4515 vellet
3137 4461 3370 4532 agebat,
3401 4476 3694 4531 nusquam
3729 4459 3847 4516 fere

2131 4564 2142 4575 '
2177 4552 2402 4625 judicio
2433 4567 2541 4606 suo
2571 4549 2939 4622 interposito.
2969 4550 3083 4606 Sed
3116 4551 3257 4623 quia
3297 4550 3502 4607 morbo
3552 4546 3849 4606 articulari

2185 4641 2497 4698 laborabat
2533 4638 2985 4711 Castamonites,
3015 4638 3223 4695 lectica
3254 4638 3603 4711 plerumque
3635 4655 3668 4693 a
3699 4638 3850 4693 duo-

2186 4732 2299 4789 bus
2329 4730 2568 4803 bajulis,
2601 4735 2667 4786 ut
2695 4728 2815 4784 vini
2846 4728 3147 4802 amphorae
3179 4729 3392 4798 solent,
3426 4729 3495 4784 ad
3537 4727 3854 4798 imperato-

2188 4840 2309 4880 rem
2367 4821 2661 4877 ferebatur
2692 4842 2706 4889 ;
2737 4834 2872 4875 cum
2920 4833 3036 4889 quo
3067 4833 3135 4873 ea
3166 4833 3294 4888 quae
3331 4827 3423 4871 res
3468 4813 3852 4886 postulabant

2113 4872 2158 4938 Β
2191 4911 2538 4984 collocutus,
2572 4924 2640 4964 ac
2689 4906 2884 4979 potius
2933 4909 3228 4962 Romanas
3267 4921 3361 4961 res
3408 4904 3615 4977 exiguo
3664 4902 3849 4976 pretio

2191 5004 2579 5073 cauponatus,
2628 5011 2833 5051 rursus
2880 4994 3228 5050 efferebatur
3280 5000 3564 5066 sequente
3613 4992 3852 5064 populo,

2192 5087 2529 5163 proceribus
2558 5086 2696 5141 item
2729 5087 2787 5139 et
2814 5082 3082 5154 cognatis
3111 5082 3480 5153 imperatoris
3513 5080 3853 5154 pberetrum

2189 5178 2336 5234 illud
2370 5172 2815 5237 comitantibus,
2843 5177 2899 5227 et
2933 5188 3047 5228 non
3079 5170 3248 5226 illum
3282 5171 3383 5227 sed
3417 5172 3685 5227 fortunas
3716 5187 3854 5227 suas

2191 5263 2653 5340 deplorantibus.
2682 5260 2841 5319 Nihil
2872 5262 3025 5317 enim
3069 5262 3196 5317 sine
3230 5259 3330 5317 illo
3360 5261 3855 5328 constituebatur,

2192 5372 2378 5428 neque
2407 5353 2726 5425 quisquam
2758 5368 2829 5407 ex
2856 5350 3226 5423 principibus
3258 5351 3669 5408 Castamonitae
3700 5350 3854 5407 assi-

2190 5450 2384 5518 debat,
2431 5445 2533 5502 sed
2583 5458 2789 5500 omnes
2836 5441 3031 5498 servili
3074 5446 3238 5514 gestu
3274 5442 3565 5500 astabant.
3617 5442 3727 5497 Eas
3759 5457 3853 5497 res

2187 5538 2511 5612 imperator
2553 5550 2669 5588 non
2700 5549 2853 5606 aegre
2885 5532 3138 5601 ferebat;
3181 5549 3305 5601 nec,
3338 5551 3472 5589 cum
3524 5549 3690 5589 suam
3723 5533 3849 5604 glo-

2193 5630 2338 5687 riam
2381 5627 2453 5682 ad
2484 5622 2666 5679 alium
2697 5623 2946 5679 transire
2991 5624 3142 5681 515
3178 5627 3237 5678 et
3279 5623 3454 5695 diripi
3487 5638 3733 5695 regnum
3768 5621 3850 5676 vi-

2193 5721 2379 5786 deret,
2432 5713 2753 5789 quidquam
2801 5714 2872 5770 de
2932 5711 3298 5771 absurditate
3343 5714 3459 5772 ista
3506 5709 3853 5783 corrigenda
