4102 6390
279 390 395 466 807
1430 381 1462 438 ι’
1592 407 1902 470 ΝΙΟΕΤΑ

2035 399 2372 469 [οΝιΑΤλΕ
3161 503 3173 508 _
3589 383 3726 480 808.

277 537 592 610 cogitabat,
649 539 751 595 sed
783 538 1003 606 omnia,
1037 541 1201 598 nulla
1265 541 1552 615 probabili
1585 543 1810 600 ratione
1837 542 1926 598 ad-

2051 536 2270 594 ε’ίποντο
2345 537 2534 614 ἐκείνῳ
2605 540 2696 596 καὶ
2770 542 3188 618 προπέμποντες
3274 544 3542 608 ἐκύκλουν
3617 553 3712 609 τὸν

275 627 894 700 ductus,approbabat.
931 630 1193 704 Denique
1223 632 1394 688 etiam
1431 649 1758 706 purpureas
1789 631 1935 702 pha-

270 717 424 774 leras
445 719 519 786 ei,
559 735 896 792 quanquam
947 737 1017 776 ex
1047 737 1214 778 sacro
1244 729 1393 778 cmtu
1445 727 1618 790 esset,
1651 727 1709 778 et
1740 721 1934 778 simile

275 809 517 878 pallium
546 809 604 864 in
633 810 949 881 equitando
999 811 1387 883 eamdemque
1425 811 1680 868 colorem
1711 811 1769 866 in
1801 811 1936 868 sub-

271 897 564 954 cribendis
624 899 874 970 publicis
908 899 1125 956 libellis
1155 909 1210 956 et
1243 903 1453 958 litteris
1505 901 1816 958 concessit.
1851 901 1936 956 Ita

271 1003 363 1042 res
415 990 484 1042 ad
537 988 885 1044 inusitatum
948 1004 1169 1045 morem
1220 991 1502 1047 devoluta:
1561 995 1784 1046 natura
1816 1006 1934 1045 suae

273 1082 698 1148 repugnarunt,
753 1079 934 1133 donec
994 1081 1236 1136 morbus
1285 1079 1595 1136 hominum
1655 1079 1935 1135 misertus

271 1167 490 1221 afﬂuxu
522 1165 830 1222 noxiorum
861 1165 1176 1224 humorum
1229 1169 1509 1226 articulos
1537 1170 1668 1240 ejus
1698 1168 1852 1224 elisit
1881 1173 1936 1224 et

266 1255 508 1310 rationis
563 1255 739 1310 etiam
789 1271 978 1312 arcem
1012 1257 1246 1314 invasit.
1311 1259 1545 1315 Decima
1602 1259 1809 1330 quinta
1841 1256 1934 1314 die

264 1343 481 1400 mensis
512 1346 747 1414 Augusti
782 1361 916 1400 cum
951 1345 1102 1401 fastu
1143 1352 1202 1402 et
1235 1347 1719 1419 frequentissimo
1750 1347 1932 1402 comi-

261 1438 384 1490 tatu
419 1449 521 1505 per
548 1434 735 1490 forum
769 1434 829 1490 in
886 1435 1260 1492 Pantanassts
1289 1437 1575 1509 templum
1607 1437 1680 1493 ad
1714 1437 1930 1493 festum

265 1523 705 1594 Assumptionis
732 1523 830 1579 Dei
861 1524 1173 1582 Genitricis
1207 1525 1626 1582 celebrandum
1657 1527 1932 1583 incedens

270 1615 529 1685 primum
583 1613 854 1670 dominus
890 1619 949 1670 et
999 1613 1316 1686 imperator
1341 1616 1561 1672 audivit
1609 1617 1771 1689 (nam
1798 1632 1930 1672 eum

267 1717 502 1774 quoque
533 1701 772 1758 titulum
805 1704 1137 1760 adulatores
1169 1707 1228 1761 et
1256 1705 1647 1777 potentiorum
1679 1713 1932 1761 assenta-

268 1795 422 1848 tores
479 1792 884 1864 usurpabant),
937 1797 993 1848 et
1050 1797 1176 1848 tum
1235 1795 1487 1865 primum
1545 1793 1930 1850 cordatiorum

260 1881 488 1979 judicio
518 1882 590 1979 ad
641 1881 1012 1979 epilepsiam
1047 1881 1332 1939 inclinare
1361 1884 1522 1940 visus
1551 1891 1637 1940 est
1685 1884 1758 1940 ob
1806 1883 1931 1953 ejus
1963 1915 2008 1979 Β

270 1969 686 2042 appellationis
741 1971 1133 2030 insolentiam.
1195 1973 1351 2030 576
1393 1973 1504 2029 Sed
1575 1980 1630 2029 et
1687 1973 1929 2044 quidam

268 2060 612 2132 Belijudex,
674 2061 844 2132 cujus
903 2078 1116 2118 nomen
1171 2063 1242 2118 de
1292 2061 1583 2118 industria
1629 2067 1928 2134 praetereo,

267 2156 425 2204 veste
458 2149 650 2206 laxata
698 2165 862 2207 suras
903 2150 1202 2220 logothetas
1235 2151 1470 2223 cingulo
1500 2166 1604 2208 suo
1635 2151 1927 2208 constrin-

268 2238 460 2310 gebat,
497 2247 553 2295 ut
587 2241 838 2296 obstaret
885 2241 1200 2312 quominus
1247 2240 1518 2296 humores
1545 2257 1782 2298 sursum
1817 2240 1927 2296 fer-

270 2331 492 2383 rentur.
527 2327 637 2384 Sed
671 2329 718 2384 is
745 2345 818 2384 ne
848 2329 933 2386 sic
954 2328 1192 2400 quidem
1225 2346 1259 2384 a
1287 2329 1490 2386 delirio
1522 2328 1876 2386 liberabatur
1908 2346 1924 2398 ;

270 2427 324 2475 et
351 2419 448 2475 ille
479 2419 549 2476 ab
579 2419 857 2477 omnibus
889 2436 1023 2477 cum
1056 2421 1128 2478 ob
1159 2421 1374 2477 ﬂuxam
1394 2425 1612 2478 vestem
1648 2429 1769 2477 tum
1803 2437 1929 2494 pro-

266 2513 394 2586 pter
425 2509 608 2565 animi
659 2510 991 2566 facilitatem
1043 2511 1360 2567 ridebatur.
1419 2512 1535 2567 Etsi
1568 2519 1764 2568 autem
1799 2519 1923 2566 tum

266 2598 534 2655 nonnihil
576 2599 648 2655 ab
707 2599 1023 2656 acerbitate
1081 2599 1296 2657 doloris
1345 2599 1670 2673 respiravit,
1721 2616 1924 2656 rursus

267 2692 468 2745 tamen
503 2688 563 2744 in
595 2689 748 2745 idem
783 2690 1003 2745 malum
1025 2689 1253 2762 incidit,
1285 2695 1342 2748 et
1373 2695 1506 2762 post
1553 2691 1677 2748 dies
1704 2690 1926 2763 aliquot

265 2781 599 2851 exspiravit,
647 2781 823 2837 etiam
871 2781 1092 2854 alioqui
1139 2799 1377 2854 corpore
1439 2782 1726 2850 morbido,
1775 2790 1926 2838 etes

266 2873 466 2930 morbo
515 2873 669 2930 circa
697 2875 892 2932 sedem
937 2873 1142 2930 ﬁstulis
1203 2879 1532 2931 excavatus.
1590 2874 1758 2930 Enim
1791 2891 1924 2931 vero

264 2963 558 3034 turpitudo
590 2979 725 3019 cum
761 2963 1195 3036 pulchritudine
1228 2971 1558 3033 comparata
1588 2962 1778 3035 magis
1805 2962 1928 3018 elu-

261 3055 452 3110 cescit.
486 3053 627 3108 Nam
661 3055 1042 3109 castamonita
1084 3059 1318 3111 mortuo
1352 3052 1716 3124 imperatoris
1748 3053 1921 3108 bene-

256 3145 511 3202 volentia
553 3145 612 3201 in
657 3145 1156 3203 adolescentulum
1207 3147 1537 3218 quemdam,
1574 3144 1670 3201 cui
1726 3143 1923 3199 adhuc

258 3233 576 3290 littoratore
605 3238 662 3290 et
689 3234 902 3291 tabella
932 3239 1061 3292 erat
1090 3251 1262 3308 Opus,
1293 3234 1628 3290 tranfertur.
1663 3233 1741 3286 Eo
1775 3247 1923 3302 quo-

259 3339 375 3395 que
432 3323 722 3380 exstincto
754 3341 964 3397 parvus
1013 3340 1172 3395 puer,
1205 3323 1307 3394 qui
1349 3339 1464 3378 non
1520 3321 1602 3376 ita
1632 3319 1856 3392 pridem
1889 3337 1923 3376 a

263 3411 487 3468 calamo
521 3418 576 3469 et
617 3417 940 3470 atramento
969 3414 1346 3476 discesserat,
1381 3426 1678 3466 summam
1729 3425 1922 3467 rerum

258 3501 716 3560 administrabat.
752 3507 864 3561 Nec
921 3502 1328 3572 imperatorem
1376 3501 1660 3557 duntaxat
1703 3515 1808 3556 suo
1839 3517 1929 3556 ar-

262 3591 496 3662 bitratu,
531 3599 592 3649 ut
623 3593 943 3649 maximum
997 3594 1122 3646 cete
1156 3587 1586 3646 minutissimus
1616 3589 1792 3662 piscis
1822 3589 1925 3660 qui

263 3698 621 3756 prepompus
673 3682 910 3749 dicitur,
945 3679 1281 3736 traducebat
1315 3684 1374 3736 et
1431 3679 1878 3736 circumferebat
1908 3696 1923 3736 :

257 3771 358 3828 sed
393 3771 675 3827 militares
733 3770 910 3827 etiam
945 3768 1240 3841 catalogus
1285 3769 1591 3835 tractabat,
1625 3785 1739 3824 non
1769 3768 1920 3826 511

267 3876 436 3917 secus
466 3878 534 3918 ac
563 3861 613 3917 si
645 3877 678 3916 a
706 3858 1020 3916 cunabulis
1049 3861 1117 3916 ad
1174 3860 1561 3915 maximarum
1593 3875 1786 3914 rerum
1820 3858 1928 3914 ad-

269 3949 763 4006 ministrationem
807 3955 962 4004 esset
1013 3947 1322 4016 enutritus,
1355 3951 1457 4002 aut
1499 3962 1687 4002 rerum
1724 3946 1924 4002 buma-

263 4061 472 4101 narum
530 4040 834 4098 scientiam
891 4043 1029 4098 ante
1073 4037 1329 4096 natalem
1383 4054 1551 4094 suum
1603 4037 1923 4100 habuisset,

261 4129 748 4204 quemadmodum
805 4127 1110 4202 Sibyllam,
1143 4127 1315 4183 simul
1347 4141 1413 4183 ac
1445 4143 1474 4184 e
1506 4131 1770 4183 materna
1799 4125 1924 4182 alvo

257 4223 559 4294 prodierit,
584 4221 654 4274 de
681 4219 902 4275 fabrica
933 4217 1324 4276 universitatis
1352 4231 1544 4272 rerum
1577 4215 1926 4272 disseruisse

255 4314 470 4368 ferunt.
529 4309 708 4382 igitur
755 4310 807 4364 is
838 4323 1069 4380 quoque
1101 4307 1501 4364 auctoritatem
1552 4307 1718 4376 longe
1745 4306 1924 4377 majo-

255 4417 372 4458 rem
403 4415 579 4471 quam
628 4399 1024 4454 Castamonita
1051 4405 1426 4466 consecutus,
1460 4400 1522 4453 ut
1568 4400 1693 4452 erat
1723 4396 1782 4452 iu
1811 4396 1926 4466 ple'

257 4489 458 4560 risque
488 4488 664 4544 rebus
693 4491 901 4541 acutus
931 4489 988 4542 et
1024 4484 1087 4541 in
1147 4485 1469 4541 tractandis
1510 4485 1752 4555 negotiis
1783 4485 1926 4540 dex-

257 4585 365 4644 ter,
418 4574 751 4650 imperatori
795 4574 1082 4648 quidquid
1137 4583 1256 4630 erat
1307 4574 1562 4639 libitum,
1609 4575 1837 4646 probat,
1868 4583 1920 4630 et

259 4684 557 4727 summum
590 4673 661 4724 ab
693 4683 759 4724 eo
791 4671 962 4738 atque
1011 4665 1464 4736 incomparabile
1520 4665 1738 4722 bonum
1761 4663 1918 4737 judi-

260 4761 494 4818 cabatur
527 4775 542 4816 :
576 4773 692 4815 non
727 4755 1017 4814 absimilis
1067 4755 1307 4827 spiculis
1365 4762 1462 4811 aut
1495 4755 1668 4811 culici
1717 4769 1919 4812 aurem

255 4847 441 4906 leonis
473 4845 957 4913 circumsonanti,
977 4852 1074 4901 aut
1105 4848 1228 4901 atro
1259 4843 1568 4917 pumilioni
1600 4843 1920 4900 maximum

256 4946 418 4994 terra:
477 4939 708 5009 pondus
755 4933 1130 5008 elephantum
1187 4933 1558 5008 gubernanti,
1621 4938 1719 4989 aut
1761 4931 1923 4989 tenui

254 5025 516 5083 funiculo
548 5025 836 5084 camclum
872 5041 1018 5081 naso
1049 5023 1329 5090 trahenti,
1361 5031 1459 5078 aut
1508 5023 1700 5095 potius
1729 5022 1922 5079 densis

259 5115 530 5172 sordibus
586 5131 752 5171 aures
799 5114 1188 5184 imperatoris,
1237 5131 1308 5170 ne
1361 5113 1498 5182 quid
1554 5111 1708 5168 aliud
1755 5112 1920 5169 audi-

253 5213 407 5270 rent,
467 5203 928 5268 obstruenlibus,
987 5215 1078 5259 aut
1141 5210 1401 5272 angustas
1473 5210 1650 5274 portas
1699 5211 1750 5258 et
1799 5211 1922 5258 arto

254 5293 480 5349 tramiti
519 5294 590 5348 ad
633 5291 905 5362 palatium
940 5292 1196 5349 ducenti.
1231 5291 1371 5347 Nam
1419 5291 1516 5346 lati
1552 5289 1693 5346 olim
1725 5291 1922 5347 aditus

258 5381 493 5455 penitus
523 5381 806 5436 obstructi
839 5381 994 5437 fuere
1042 5396 1142 5452 per
1201 5397 1346 5452 quos
1377 5381 1470 5451 qui
1503 5379 1656 5437 578
1707 5380 1920 5438 intrare

258 5470 641 5538 conabantur,
675 5469 846 5542 plane
868 5470 1044 5526 fatuis
1068 5469 1187 5525 illis
1215 5470 1540 5543 virginibus
1561 5479 1729 5527 erant
1755 5471 1918 5528 simi-

2041 629 2365 704 νεκροθόρον
2425 625 2676 704 ἄντικρυς
2735 629 3018 704 ὀκλαδίαν,
3085 635 3181 697 τὰς
3241 635 3447 703 οἰκείας
3504 641 3702 718 τύχας,

2044 717 2144 772 οὐκ
2201 715 2414 772 ἐκεῖνον
2471 717 2928 794 ἀποκλαιόμενοι.
2988 723 3066 780 Οἱ)
3149 723 3254 800 γὰρ
3333 726 3401 796 ἦν
3485 751 3538 784 τι
3577 715 3706 786 -τῶν

2046 809 2354 884 γινομένων
2411 809 2538 864 ἄνευ
2594 808 2796 866 ἐκείνου
2851 809 3334 887 διαπραττόμενον,
3394 817 3522 874 ἀλλ’
3581 816 3706 876 οὐδέ

2043 919 2126 959 τις
2184 901 2296 984 τῶν
2356 897 2409 953 έν
2473 899 2774 974 ὑπεροχαῖς
2818 907 3156 977 συμμετεῖχε
3201 907 3281 976 τῷ
3329 909 3706 984 Κασταμονίτῃ

2044 983 2326 1060 καθέδρας,
2433 984 2580 1043 ἀλλὰ
2655 987 2986 1063 παρίσταντο
3061 992 3258 1054 πάντες
3334 983 3706 1070 δουλοπρεπεῖ

2046 1077 2319 1150 σχήματι.
2353 1076 2459 1132 Καὶ
2491 1077 2519 1131 6
2549 1082 2762 1148 κρατῶν
2809 1076 2895 1132 ἐπὶ
2943 1081 3160 1141 τούτοις
3191 1079 3289 1135 οὐκ
3327 1080 3696 1160 ἐδυσχέραινε,

2043 1165 2130 1218 καὶ
2184 1165 2285 1234 τὴν
2345 1163 2549 1221 οἷκείαν
2611 1163 2765 1238 δόξαν
2825 1168 2968 1244 ὁρῶν
3037 1169 3299 1244 ἀναρσίως
3351 1174 3488 1247 πρὸς
3518 1169 3700 1250 ἕτερον

2047 1248 2478 1325 μεταϐαίνουσαν
2537 1256 2626 1310 καὶ
2695 1253 3133 1332 διαρπαζομένην
3209 1261 3308 1330 τὴν
3417 1248 3698 1338 βασιλείαν

2044 1341 2306 1416 οὖμενοῦν
2357 1341 2514 1401 οὐδέν
2561 1367 2613 1401 τι
2657 1348 2795 1422 πρὸς
2843 1349 2942 1416 τήν
2999 1348 3225 1404 ἀτοπίαν
3255 1350 3455 1423 ταύτην
3487 1351 3700 1430 ἐφρόνει

2043 1431 2349 1507 ἐνδόσιμον,
2398 1434 2526 1492 ἀλλ’
2570 1436 2637 1506 ἦν
2696 1443 2812 1501 τοῖς
2861 1437 3218 1510 τελουμένοις
3249 1439 3555 1498 ἐπευδοκῶν
3587 1449 3704 1500 κατ’

2043 1523 2236 1583 οὐδένα
2291 1524 2576 1601 πρόδηλον
2639 1526 2846 1586 δίκαιον
2901 1531 3124 1589 σκοπόν.
3187 1533 3403 1608 Προϊὼν
3487 1533 3543 1590 δὲ
3607 1535 3696 1590 καὶ

2043 1615 2260 1694 φάλαρα
2317 1613 2560 1694 ὀξυϐαφῆ
2642 1619 2791 1692 αὐτῷ
2861 1619 3117 1676 ἐνέδωκεν
3172 1619 3316 1698 ἔχειν
3381 1628 3478 1679 τοῦ
3542 1625 3692 1699 ἱεροῦ

2041 1707 2439 1782 σχοινίσματος
2472 1707 2586 1764 ὄντι
2619 1708 2906 1786 πρότερον,
2965 1712 3056 1766 καὶ
3116 1709 3396 1788 έσεστρίδα
3431 1713 3684 1785 τοιαύτην

2039 1796 2092 1852 ἐν
2150 1802 2230 1870 τῷ
2287 1799 2536 1856 ἱππεύειν
2592 1803 2910 1872 κεκτῆσθαι.
2980 1804 3071 1858 καὶ
3132 1800 3222 1858 διά
3281 1805 3464 1879 βαφῆς
3502 1803 3695 1872 ὁμοίας

2041 1887 2510 1960 ὑποσημαίνεσθαι
2567 1891 2694 1954 τοὸς
2749 1889 2954 1964 τόμους
3013 1897 3121 1946 τῶν
3179 1889 3464 1966 δημοσίων
3509 1889 3694 1968 λόγων

2040 1978 2128 2033 καὶ
2189 1979 2255 2034 τὰ
2311 1981 2656 2055 γραμμάτια.
2715 1981 2822 2036 Καὶ
2896 1981 2964 2050 ἧν
3039 1977 3208 2042 ὅντως
3274 1983 3341 2036 τὰ
3397 1982 3700 2056 πράγματα

2043 2065 2475 2142 μετακεκλικότα
2529 2069 2666 2144 πρὸς
2716 2070 2778 2124 τὸ
2831 2069 3088 2137 ἀσύνηθες
3147 2071 3237 2124 καὶ
3285 2091 3353 2144 τῃ
3399 2069 3512 2141 ἰδίᾳ
3543 2069 3697 2146 φύσει

2036 2157 2480 2232 ἀντι-τασσόμενα.
2548 2158 2652 2222 ἓως
2735 2179 2819 2220 τις
2895 2158 3050 2220 νόσος
3109 2157 3503 2236 φιλάνθρωπος
3569 2158 3696 2214 έπέ-

2035 2243 2191 2322 6ρισε
2219 2251 2300 2320 τῷ
2357 2246 2626 2322 ἀνθρώπῳ
2684 2245 2736 2316 ἐξ
2794 2244 2932 2316 ὕλης
2992 2247 3436 2320 μοχθηροτέρας,
3467 2247 3592 2318 ἣτις
3623 2245 3692 2300 τὰ

2033 2333 2206 2410 ἄρθρα
2249 2339 2348 2390 τοῦ
2407 2335 2662 2408 σώματος
2717 2330 3173 2409 ἀναμοχλεύουσα
3231 2334 3548 2409 ἐπενέμετο,
3598 2335 3692 2390 καὶ

2032 2422 2248 2479 ἐπέθετο
2301 2428 2378 2496 τῷ
2423 2422 2726 2500 λογιστικῷ
2791 2424 3200 2499 κραταιότερον.
3257 2425 3395 2498 Ἥγε
3451 2422 3510 2478 δὲ
3564 2422 3690 2478 τότε

2032 2511 2516 2584 πεντεκαιδεκάτην
2573 2514 2602 2568 ὁ
2661 2511 2976 2589 Αὔγουστος
3029 2515 3162 2586 μὴν,
3222 2515 3694 2584 καὶὸΚασταμο-

2031 2605 2180 2675 νῖτης
2219 2604 2354 2678 μετά
2383 2605 2703 2680 φυσήματος
2762 2603 2852 2657 καὶ
2905 2600 3260 2677 πολυοχλίας
3300 2601 3692 2681 ἀρχικιυτοὶτης

2031 2698 2098 2768 τῇ
2133 2696 2278 2768 [281]
2316 2697 2457 2768 μονῇ
2487 2699 2588 2762 τῆς
2616 2690 2994 2760 παντανάσσης
3054 2689 3144 2746 διὰ
3199 2697 3299 2761 τῆς
3344 2691 3542 2767 ἀγορᾶς
3574 2689 3692 2746 έπε-

2033 2783 2279 2863 φοίτησε,
2311 2783 2378 2838 τὰ
2409 2781 2530 2836 ὅσια
2586 2779 2822 2838 τελέσων
2869 2779 2938 2854 τῇ
2985 2780 3304 2852 μεταστάσει
3335 2786 3437 2850 τῆς
3470 2782 3694 2852 Θεομή-

2029 2893 2214 2949 τορος,
2247 2873 2336 2928 ὅτε
2392 2872 2478 2927 καὶ
2534 2871 2769 2945 πρώτως
2826 2870 3060 2932 ἀκούσας
3093 2866 3360 2940 δεσπότης
3408 2869 3502 2924 καὶ
3538 2870 3691 2946 βασι-

2033 2961 2179 3030 λεὺς,
2227 2959 2343 3016 ἐπεὶ
2397 2959 2486 3014 καὶ
2551 2963 2714 3015 τοῦτο
2770 2964 3096 3036 προσεφεῖτο
3155 2957 3430 3033 ἐπιλέγειν
3459 2963 3576 3021 τοῖς
3603 2959 3694 3014 κό-

2032 3048 2152 3122 λαξι
2182 3049 2271 3102 καὶ
2302 3053 2420 3110 τοῖς
2451 3043 2733 3102 αἰκάλλειν
2787 3045 3009 3101 εἶωθοσι
3063 3047 3189 3108 τοὸς
3243 3043 3690 3114 δυναστεύοντας,

2031 3133 2179 3207 ἔδοξε
2233 3141 2350 3200 τοῖς
2410 3135 2779 3212 κομψοτέροις
2815 3139 2924 3191 τῶν
2973 3135 3342 3199 συνελθόντων
3374 3135 3451 3198 εἷς
3492 3134 3692 3207 ἐπιλη-

2032 3227 2158 3302 ψίαν
2205 3224 2498 3282 ἀποκλίναι
2557 3221 2646 3280 διὰ
2690 3226 2751 3280 τὸ
2808 3225 3121 3303 καινότερον
3171 3231 3269 3281 τοῦ
3326 3225 3689 3298 ἀκούσματος.

2035 3313 2208 3373 Ἀλλά
2235 3315 2325 3372 καὶ
2355 3335 2440 3376 τις
2494 3319 2601 3370 τῶν
2657 3318 2754 3370 τοῦ
2813 3314 2999 3385 Βήλου
3056 3320 3257 3392 κριτῶν
3295 3315 3580 3390 παρεστὼς
3607 3316 3692 3386 (τὸ

2033 3403 2092 3461 δὲ
2165 3401 2342 3480 ὄνομα
2415 3403 2552 3460 ἑκὼν
2656 3398 3062 3480 ὑπερϐήσομαι)
3141 3400 3486 3480 διαχαλάσας
3588 3407 3690 3476 τὴν

2033 3495 2232 3565 ἐσθῆτα
2291 3496 2402 3569 (38)
2465 3491 2678 3565 ἐδέσμει
2729 3493 2826 3558 τὰς
2881 3490 3362 3570 γαπροκνημῖδας
3389 3498 3488 3550 τοῦ
3519 3496 3688 3572 λογο-

2033 3583 2188 3649 θέτου
2238 3587 2308 3658 τῇ
2367 3584 2513 3658 ζώνῃ
2563 3589 2662 3654 τῆς
2723 3581 2942 3660 ὀσφύος,
2973 3581 3296 3658 ἐπισχήσειν
3329 3585 3391 3638 τὸ
3421 3583 3686 3663 ἀνωφερὲς

2029 3682 2128 3744 τῆς
2195 3672 2335 3745 ὕλης
2402 3674 2640 3737 ἐντεῦθεν
2708 3673 3070 3748 πειρώμενος.
3141 3671 3296 3742 Πλὴν
3353 3674 3380 3728 ὁ
3444 3673 3537 3746 μὲν
3596 3673 3688 3728 καὶ

2033 3761 2206 3828 οὕτως
2244 3762 2461 3825 ἀλύτως
2519 3763 2639 3838 εἶχε
2690 3769 2792 3832 τῆς
2839 3766 2946 3818 τῶν
3005 3765 3209 3839 φρενῶν
3265 3768 3612 3838 παρακοπῆς,
3659 3763 3689 3817 6

2033 3852 2091 3908 δὲ
2121 3853 2212 3908 τὸν
2243 3853 2386 3926 παρᾶ
2416 3872 2630 3907 παντων
2683 3849 2739 3906 εὖ
2800 3849 2949 3924 μάλα
3006 3848 3314 3932 ὠφλίσκανε
3345 3849 3562 3926 γέλωτα
3597 3847 3688 3904 διὰ

2030 3965 2089 3999 τε
2144 3944 2251 3997 τῶν
2311 3941 2547 4016 ἱματίων
2604 3941 2666 3996 τὸ
2725 3939 2906 3996 ἄνετον
2959 3940 3151 3996 καὶτὸ
3184 3947 3282 4010 τῆς
3313 3941 3540 4015 γνώμης
3573 3937 3692 3995 εὐά-

2033 4055 2236 4112 γωγον.
2272 4029 2450 4089 Ἀλλὰ
2493 4031 2615 4086 τότε
2668 4027 2734 4099 δὴ
2801 4030 2982 4105 βραχύ
3023 4051 3073 4085 τι
3131 4031 3222 4085 καὶ
3271 4029 3394 4085 ὅσον
3426 4026 3691 4104 ἡδυτέραν

2029 4125 2130 4192 τὴν
2163 4123 2372 4196 ἡμέραν
2425 4119 2857 4196 ὑπολογίσασθαι
2916 4126 3016 4190 τῆς
3073 4119 3328 4198 καχεξιας
3373 4118 3690 4188 ἀνανεύσας,

2031 4211 2200 4268 πάλιν
2235 4210 2582 4284 ἐμπέπτωκεν
2636 4207 2712 4272 εἷς
2759 4205 2927 4278 αὺτὴν
2987 4207 3076 4262 καὶ
3142 4209 3255 4280 μεθ’
3287 4203 3498 4281 ἡμέρας
3529 4207 3695 4284 ἀπέρ-

2035 4303 2161 4378 ῥηξε
2192 4303 2290 4371 τήν
2323 4301 2532 4375 ψυχὴν,
2587 4299 2677 4353 καὶ
2734 4295 2923 4360 ἄλλως
2980 4296 3260 4361 ἆσθενικὸς
3317 4294 3390 4351 ὤν
3436 4299 3499 4352 τὸ
3532 4317 3694 4371 σωμα

2033 4403 2123 4448 και
2179 4391 2247 4446 τὰ
2309 4389 2432 4464 περὶ
2510 4390 2610 4458 τήν
2688 4385 2846 4461 ἕδραν
2929 4387 3034 4442 ὑπὸ
3093 4387 3256 4442 νόσου
3315 4386 3688 4459 πολύτρητος.

2034 4478 2428 4554 Ἐκδηλότερον
2491 4475 2548 4532 δὶ
2627 4478 2688 4533 τὸ
2778 4477 2974 4552 αἶσχος
3061 4475 3218 4552 ἐγγὺς
3295 4480 3392 4532 τοῦ
3449 4473 3691 4539 κάλλους

2037 4571 2336 4646 ὁρώμενον.
2391 4571 2502 4626 Τοῦ
2575 4567 2678 4642 γὰρ
2766 4567 3181 4639 Κασταμονίτου
3264 4565 3688 4638 τελευτήσαντος

2035 4657 2346 4738 διαδέχεται
2399 4657 2498 4726 τὴν
2559 4654 2830 4732 βασιλέως
2919 4651 3122 4710 εὔνοιαν
3211 4655 3576 4731 νεανισκάριόν
3633 4675 3688 4710 τι

2029 4751 2446 4828 γραμματιστοῦ
2501 4745 2594 4802 καὶ
2651 4742 2968 4801 πινακιδίου
3009 4742 3300 4818 δυόμενον.
3347 4745 3443 4802 Καὶ
3489 4745 3686 4800 τούτου

2027 4840 2120 4896 τὸν
2171 4838 2222 4894 ἐν
2279 4841 2414 4912 ἡμῖν
2480 4835 2594 4912 βίον
2635 4833 3005 4898 ἀπολιπόντος
3063 4832 3278 4892 παιδίον
3341 4835 3686 4911 μικρὸς·τὴν

2027 4935 2136 4986 τῶν
2191 4933 2390 4984 κοινῶν
2453 4924 2722 4996 διοίκησιν
2796 4926 3184 4996 ἀναζώννυται,
3246 4920 3400 4980 οὔπω
3465 4925 3684 4998 πέρυσιν

2029 5019 2320 5098 ἀφειμένον
2416 5013 2739 5071 δονακίσκου
2823 5014 2913 5069 καὶ
2997 5013 3258 5089 μέλανος,
3323 5013 3384 5076 ὅς
3469 5013 3532 5066 οὐ
3587 5010 3678 5064 τὸν

2028 5111 2328 5183 κρατοῦντα
2393 5105 2553 5178 μόνον
2607 5103 2766 5159 αὐτὸν
2823 5103 2897 5165 ὡς
2954 5103 3016 5158 τὸ
3069 5110 3238 5174 κῆτος
3307 5103 3334 5158 6
3389 5099 3678 5176 λεγόμενος

2029 5197 2393 5271 προπομπεὺς
2500 5201 2727 5268 μετῆγεν
2787 5192 2862 5256 ὡς
2917 5193 3106 5269 ᾑρεῖτο
3195 5195 3284 5248 καὶ
3349 5187 3685 5266 περιέφερεν,

2030 5289 2176 5348 ἀλλά
2229 5287 2416 5364 μετῄει
2471 5285 2562 5342 καὶ
2611 5285 2711 5340 ὅσα
2760 5289 2868 5341 τῶν
2921 5289 3326 5361 στρατιωτικῶν
3377 5283 3479 5353 siqu
3526 5301 3689 5338 κατα-

2029 5378 2232 5456 λόγων,
2290 5378 2365 5441 ὼς
2414 5375 2564 5449 εἶ’περ
2624 5396 2684 5430 εκ
2741 5377 3066 5452 σπαργάνων
3125 5374 3304 5430 αὐτῶν
3369 5378 3440 5449 τῇ
3510 5369 3693 5443 πηδα-

2028 5467 2258 5544 λιουχίᾳ
2311 5471 2418 5522 τῶν
2481 5464 2750 5542 μεγίστων
2839 5464 3189 5539 ἐνετέθραπτο
3254 5461 3594 5537 πραγμάτων
3648 5457 3686 5532 ἤ

1603 5587 1798 5686 Hier.
1831 5587 2088 5658 Wolﬁi
2127 5590 2344 5656 notae.

317 5721 436 5799 (38)
467 5721 629 5780 Alter
659 5724 918 5782 materias
947 5737 1259 5781 ascensum
1291 5723 1362 5780 ad
1396 5726 1569 5796 caput
1597 5723 1928 5796 prohibere,
1963 5725 2112 5784 alter
2140 5741 2268 5784 eam
2293 5723 2364 5782 ad
2394 5721 2571 5795 pedes
2595 5719 2896 5779 retrahere
2923 5719 3194 5779 instituit.

4074 316 4084 463 l

4079 466 4087 621 l
