4102 6400
303 383 421 445 809
1455 376 1559 437 DE
1602 374 1903 439 lSAAClO

2119 378 2261 439 ELO
2310 379 2452 442 LIB.
2502 381 2606 442 ΙΙΙ.
3617 384 3739 447 810

300 518 395 576 τὰς
466 514 737 588 κοσμικὰς
816 508 1107 589 φροντίδας
1178 510 1451 580 ἠπίστατο
1509 511 1615 584 πρὸ
1683 509 1913 588 γενέσεω

2106 531 2189 583 es,
2232 518 2385 588 quod
2421 533 2592 573 nemo
2623 519 2748 574 erat
2779 518 2879 591 qui
2927 517 3008 574 ibi
3040 514 3414 590 pulsantibus
3455 517 3724 590 aperiret.

301 605 439 660 καθὰ
467 604 557 658 καὶ
589 603 712 679 περὲ
749 595 1038 671 Σιϐύλλης
1093 599 1253 676 φασὶν
1301 599 1378 661 ὡς
1425 599 1541 672 ἅμα
1569 605 1668 669 τῆς
1703 599 1921 673 μητρῷα

2081 606 2133 660 Si
2165 607 2298 678 quis
2327 623 2460 664 vero
2503 624 2604 680 per
2654 608 2838 664 rimas
2888 607 3102 663 furium
3135 606 3208 662 iis
3245 607 3591 664 cernebatur
3620 625 3701 679 qu

301 695 502 768 νηδύος
550 695 762 771 ἐξέθορε
818 694 908 747 καὶ
970 694 1083 765 ἅμα
1139 692 1262 767 περί
1318 696 1421 760 τῆς
1479 694 1579 745 τοῦ
1617 690 1819 755 παντὸς
1848 689 1909 767 ἐφ

2103 695 2315 753 pulsare
2372 713 2487 754 non
2521 697 2903 768 dcsistebant,
2938 695 3172 754 nullum
3212 700 3407 753 tamen
3440 695 3602 753 aliud
3635 711 3723 751 re-

303 783 532 862 λοσόιρει
590 782 920 843 συστάσεως.
984 776 1447 835 Πολλαπλασίονα
1505 777 1600 835 οῦν
1657 779 1749 834 καὶ
1807 782 1923 834 οὔτε

2110 801 2360 856 pensum
2396 787 2767 860 accipiebant
2799 788 2913 843 nisi
2953 791 3018 843 ut
3046 787 3310 859 exiguam
3346 790 3403 843 et
3432 784 3730 858 obliquam

300 879 398 930 τοῦ
456 869 873 945 Κασταμονίτου
930 871 1030 940 τὴν
1090 867 1250 944 ἰσχὺν
1306 864 1605 940 ἐνεδέδυτο,
1656 867 1920 947 θυμόσοφι

2113 876 2369 932 ποτῐυιᾶω
2391 878 2619 934 adirent
2649 896 2664 947 ;
2698 895 2763 935 ac
2782 895 2854 936 ne
2882 877 2962 934 ibi
2982 876 3216 949 quidem
3250 876 3480 948 patebat
3512 875 3733 949 ingres-

305 961 378 1019 ὤν
434 962 487 1019 ἐν
539 959 821 1023 πλείστοις
877 959 968 1014 καὶ
1040 957 1344 1034 περιδέξιος
1399 958 1493 1013 τὸν
1553 962 1678 1014 νοῦν
1737 957 1789 1012 ἐν
1848 963 1925 1012 τατ

2114 982 2184 1021 us
2216 965 2331 1022 nisi
2357 968 2702 1024 muneribus
2742 966 3086 1040 aperiretur,
3119 966 3351 1023 etiamsi
3381 965 3562 1022 vestis
3593 982 3733 1022 ven-

304 1049 595 1115 ἐπιϐολαῖς
653 1054 762 1108 τῶν
822 1049 1190 1125 πραγμάτων,
1264 1049 1487 1104 κάκεῖνα
1556 1051 1636 1120 τῷ
1692 1046 1924 1123 αὐτοκρά

2112 1054 2272 1111 .enda
2301 1060 2477 1113 esset.
2535 1055 2608 1112 Ut
2639 1061 2835 1114 autem
2883 1074 3059 1114 senex
3088 1055 3199 1114 iste
3228 1071 3374 1130 puer
3405 1055 3732 1129 plurimum

302 1162 423 1219 τορι
484 1141 679 1215 θεμιτὰ
742 1140 918 1195 ὁπόσα
975 1138 1029 1193 οἱ
1087 1135 1294 1208 θελητᾶ
1351 1133 1625 1193 ἐδέδοκτοο
1677 1136 1796 1192 ὃθεν
1829 1135 1922 1193 ἀπε

2117 1144 2152 1199 b
2199 1144 2550 1217 imperatore
2610 1144 2953 1219 diligeretur
3000 1154 3052 1204 et
3085 1145 3245 1204 solus
3277 1145 3328 1204 ei
3359 1149 3518 1203 esset
3549 1145 3737 1202 instar

305 1232 560 1310 ραίτητον
618 1228 757 1303 ᾤετο
826 1227 1023 1306 ἀγαθὸν
1088 1226 1179 1281 καὶ
1253 1225 1543 1299 ἀσπάσιον,
1602 1224 1702 1281 ὅσα
1756 1225 1847 1280 καὶ
1906 1248 1925 1282 1

2120 1236 2369 1308 mnium,
2401 1235 2461 1292 id
2517 1239 2646 1293 tum
2698 1237 3023 1310 sopbistico
3055 1241 3112 1295 et
3141 1238 3328 1295 faceto
3361 1254 3427 1294 ac
3459 1239 3736 1311 prompto

300 1321 654 1400 παμϐότανον
681 1327 779 1380 τοῦ
808 1323 1004 1401 ἀγροῦ,
1036 1322 1207 1378 εἰπεῖν
1268 1320 1326 1377 δὲ
1380 1322 1472 1377 καὶ
1527 1323 1860 1398 τριπόθητον
1893 1322 1920 1376 οἳ

2116 1325 2336 1398 ngenio,
2399 1330 2524 1383 tum
2560 1327 2755 1383 animo
2788 1329 3015 1385 occulto
3046 1335 3098 1384 et
3130 1328 3380 1385 obscuro
3409 1343 3736 1400 conseque-

299 1417 363 1473 τὸ
420 1418 517 1471 τοῦ
573 1416 820 1489 Ηερόζου
881 1414 1157 1489 μάργαρον
1212 1413 1361 1489 παρὰ
1416 1409 1560 1486 τῷδε
1613 1415 1694 1484 τῷ
1748 1410 1912 1488 βασιλ

2114 1422 2273 1483 οων,
2305 1417 2459 1487 quod
2483 1415 2715 1473 hirsuta
2736 1416 3048 1489 supercilia
3069 1421 3125 1474 et
3140 1418 3311 1489 juxta
3335 1433 3545 1474 nasum
3571 1414 3734 1474 nullo

306 1502 733 1579 ωλλελόγιστο.
767 1501 870 1560 Καὶ
901 1505 965 1572 ἦν
998 1497 1309 1577 βομϐύλιος
1340 1501 1590 1580 ἀτεχνῶς
1627 1500 1737 1557 ε’ἰτε
1768 1502 1925 1558 κώνω

2109 1504 2394 1562 nterstitio
2445 1505 2727 1562 distincta
2755 1506 3105 1578 arguebant.
3163 1506 3272 1563 Sed
3305 1507 3554 1562 maxime
3584 1503 3729 1561 illud

308 1594 472 1651 ὠτίον
500 1588 859 1669 περιϐομϐῶν
904 1590 1146 1663 λέοντος,
1204 1591 1240 1662 ἢ
1304 1592 1822 1669 μυρμηκάνθρωπος
1874 1614 1928 1666 με

2115 1593 2133 1649 i
2185 1594 2612 1664 commodabat,
2646 1596 2801 1668 quod
2835 1612 3083 1653 munera
3113 1595 3226 1652 sibi
3256 1596 3329 1652 ab
3361 1596 3492 1653 aliis
3536 1595 3733 1653 oblata

307 1683 587 1763 λάγχροος
634 1683 699 1739 τὸ
754 1689 856 1753 τῆς
906 1689 1010 1758 γῆς
1069 1681 1323 1758 μέγιστον
1382 1681 1558 1761 ἄχθος
1601 1676 1927 1756 διακυϐερνᾶ

2112 1684 2417 1756 mperatori
2446 1684 2809 1741 restituebat.
2843 1685 2979 1741 Erat
3025 1686 3183 1743 enim
3214 1685 3356 1743 adeo
3387 1683 3732 1742 mercatoria

303 1774 594 1852 ἒλέφαντα,
653 1772 689 1842 ἢ
753 1773 1019 1846 μήρινθος
1079 1769 1253 1841 λεπτὴ
1313 1770 1419 1826 ἀπὸ
1479 1769 1621 1846 ῥινὸς
1665 1768 1923 1849 ἐφέλκοὺε

2112 1774 2335 1847 ngenio,
2368 1778 2488 1830 tam
2523 1773 2865 1847 inexplebili
2883 1774 3209 1849 accipiendi
3238 1774 3392 1831 fame
3423 1773 3732 1847 ﬂagrabat,

302 1861 581 1938 κάμηλον,
635 1860 763 1936 ε’ἰπῃ
819 1859 864 1916 δ’
913 1858 974 1915 ἄν
1025 1862 1110 1926 τίς
1165 1859 1265 1916 οὐκ
1318 1859 1586 1934 ἀκόμψως
1625 1861 1715 1915 καὶ
1765 1880 1922 1936 παχει

2125 1868 2143 1918 ι
2175 1879 2290 1920 non
2323 1879 2533 1920 aurum
2579 1869 2637 1921 et
2666 1868 2856 1921 vestes
2888 1865 3171 1921 duntaxat
3201 1863 3510 1936 acciperet,
3543 1863 3645 1919 sed
3676 1867 3741 1918 et

303 1921 533 2027 κυίιιελὶς
566 1921 840 2025 ’περὶιτὸ
903 1956 1005 2020 τῆς
1076 1948 1371 2026 βασιλικῆς
1429 1921 1601 2019 ἀκοῆς
1659 1921 1923 2024 ἐνσκήψιαο

2116 1951 2196 2008 lia
2226 1953 2474 2022 minuta,
2503 1970 2692 2026 usque
2722 1955 2793 2011 ad
2824 1969 3079 2027 pepones
3111 1957 3167 2010 et
3194 1921 3403 2010 caetera
3432 1921 3735 2009 esculenta

309 2041 521 2117 ἕλιγμα,
566 2040 657 2095 καὶ
713 2044 822 2095 τῶν
880 2040 1137 2113 ἑτέρωθεν
1196 2036 1714 2115 ἐνηχουμένωντὴν
1746 2038 1929 2115 εἷσροὴ

1222 2036 1585 2115 νηχουμένων
1613 2040 1714 2109 τὴν
1746 2038 1963 2115 εἷσροὴν
2077 2046 2136 2098 et
2162 2041 2354 2099 omnis
2384 2043 2617 2114 generis
2650 2059 2842 2114 poma.

309 2128 762 2210 ἀποφπάττουσα,
821 2130 856 2198 ἣ
928 2129 1020 2184 καὶ
1092 2126 1429 2203 τεθλιμμένη
1505 2130 1816 2205 παράθυρος
1893 2130 1981 2184 καὶ
2059 2131 2212 2199 στενή
2272 2128 2441 2194 πυλὶς
2496 2129 2586 2185 καὶ
2639 2132 3047 2206 συνεπτυγμένη
3109 2128 3234 2193 ὁδὸς
3277 2129 3564 2206 εἰσάγουσα
3594 2131 3732 2206 πρὸς

306 2222 374 2276 τὰ
453 2219 722 2294 βασίλεια.
799 2219 869 2274 Αἱ
946 2215 994 2273 δ’
1069 2219 1273 2295 εὐρεῖαι
1331 2222 1438 2274 τῶν
1490 2216 1738 2287 εἰσόδων,
1798 2216 1866 2273 δι’
1924 2219 1998 2273 ὧν
2057 2216 2433 2298 προσεφοίτων
2488 2218 2753 2296 πρότερον
2817 2225 2936 2283 τοῖς
2993 2224 3281 2294 κρατοῦσιν
3343 2220 3396 2274 oi
3454 2216 3730 2294 δεόμενοι,

304 2309 492 2367 τέλεον
550 2309 994 2386 ἐπεζυγώθησαν,
1052 2309 1143 2365 καὶ
1215 2313 1336 2372 ταῖς
1398 2314 1610 2384 μωραῖς
1683 2312 1793 2364 τῶν
1854 2308 2137 2385 παρθένων
2213 2311 2266 2364 οἱ
2342 2307 2411 2364 δι’
2469 2308 2686 2365 ἐκείνων
2765 2309 3022 2365 εἴσελθεῖν
3081 2309 3415 2384 πειρώμενοι
3492 2308 3730 2382 ἐῴκεσαν

307 2400 551 2476 ἀτεχνῶς
582 2399 666 2457 ὅτι
714 2396 845 2472 μηδ’
897 2401 963 2469 ἧν
1023 2399 1052 2453 6
1106 2405 1221 2455 κατ’
1272 2397 1478 2462 ἐκείνας
1534 2403 1614 2472 τῷ
1664 2399 1916 2474 κρούοντι
1975 2402 2125 2473 [282]
2186 2399 2518 2478 ὑπανοίγων.
2548 2400 2613 2456 Ei
2646 2399 2702 2456 δέ
2727 2420 2811 2462 τις
2841 2401 2941 2476 ὀψέ
2970 2421 3103 2456 ποτε
3133 2397 3222 2456 διὰ
3249 2403 3350 2465 τῆς
3379 2402 3489 2456 τῶν
3519 2397 3713 2456 πυλῶν

300 2489 632 2564 συμμύσεως
693 2493 810 2551 τοῖς
878 2485 1192 2561 ἐπιμένουσι
1244 2492 1323 2561 τῷ
1378 2487 1590 2562 κρούειν
1651 2485 2026 2559 ἐπαπταίνετο,
2087 2485 2240 2544 οὐδὲν
2303 2488 2485 2563 μέντοι
2543 2488 2680 2566 πρὸς
2752 2489 2850 2558 τὴν
2911 2492 3099 2544 πεῦσιν
3154 2487 3490 2563 ἀπεκρίνετο,
3550 2487 3613 2542 τὸ
3665 2485 3716 2542 δ’

298 2578 552 2635 ἀπελθεῖν
607 2579 877 2655 εἰσηγεῖτο
934 2576 1069 2633 κατᾶ
1120 2579 1221 2647 τὴν
1278 2575 1631 2653 παραπυλίδα
1682 2579 1781 2648 τὴν
1841 2577 2103 2654 πλάγιον.
2163 2576 2293 2637 Οὐδ’
2348 2577 2556 2649 ἐκείνης
2613 2578 2681 2649 ἦν
2742 2579 2956 2655 εὐμαρῆ
3009 2580 3108 2650 τὴν
3184 2575 3394 2634 εἷ’σοδον
3457 2578 3716 2652 εὕρασθαι

300 2670 377 2743 μή
428 2667 789 2742 καταθέμενόν
847 2688 897 2723 τι
959 2671 1069 2723 τῶν
1128 2665 1179 2722 ἐν
1240 2671 1320 2739 τῷ
1372 2666 1645 2742 κόλπῳ-ἢ
1702 2669 1802 2738 τήν
1861 2667 2003 2723 οἶκοι
2059 2665 2400 2742 ἀποδόμενον
2463 2665 2722 2729 δίπλακα.
2784 2667 3138 2744 Συνεμάχετο
3193 2666 3252 2723 δὲ
3301 2671 3379 2741 τῷ
3435 2665 3718 2743 παιδιογέ-

299 2779 447 2835 ροντι
497 2757 678 2832 τούτῳ
732 2758 868 2834 πρὸς
915 2758 978 2812 τὸ
1055 2756 1469 2836 ὑπερφιλεῑσθαι
1529 2758 1676 2833 παρὰ
1732 2761 1829 2813 τοῦ
1905 2757 2311 2835 αὐτοκράτορος
2369 2758 2458 2814 καὶ
2491 2760 2573 2821 εἷς
2628 2758 2745 2815 ἀντὶ
2804 2759 3005 2822 παντὸς
3062 2757 3376 2832 λογίζεσθαι
3406 2755 3469 2812 τό
3493 2776 3552 2812 τε
3579 2757 3718 2826 ἦθος

300 2848 617 2928 σοφιστικὸν
688 2847 778 2911 καὶ
853 2845 1187 2922 εὐτράπελον
1264 2847 1321 2901 ὅν
1399 2845 1451 2901 ἐν
1524 2852 1641 2911 τοῖς
1714 2847 2157 2923 παρεμπίπτουσι
2259 2847 2539 2924 πράγμασι
2613 2850 2704 2905 καὶ
2777 2850 2841 2905 τὸ
2914 2845 3203 2913 πολυειδὲς
3277 2846 3536 2909 ὡσαύτως
3611 2853 3721 2917 τῆς

295 2942 527 3017 γνώμης
582 2938 672 2994 καὶ
730 2936 957 3019 ὕφαλον,
1035 2937 1149 2993 ἐπεὶ
1201 2937 1291 2993 καὶ
1365 2937 1659 3013 κατηγόρει
1735 2943 1905 2995 ταῦτα
1954 2941 1990 3010 ἡ
2048 2943 2154 2995 τῶν
2224 2939 2440 3016 ὀφρύων
2492 2942 2724 3016 γραμμή
2785 2943 3019 3017 συνεχὴς
3076 2945 3267 3020 φυεῖσα
3321 2939 3412 2994 καὶ
3463 2934 3631 3013 μηδέν
3663 2959 3717 2993 τι

299 3030 638 3107 μεταίχμιον
687 3024 914 3102 ἔχουσα.
974 3027 1097 3084 Ἐπὶ
1153 3024 1320 3082 πλέον
1382 3025 1429 3081 δ’
1487 3026 1664 3083 ἐποίει
1724 3027 1885 3084 αὐτὸν
1945 3029 2245 3103 ἀγαπᾶσθαι
2308 3028 2399 3083 καὶ
2459 3028 2791 3087 οἷκειοῦσθαι
2840 3032 2875 3100 ἡ
2916 3036 3023 3086 τῶν
3063 3027 3365 3103 διδομένων
3393 3027 3540 3101 αὐτῷ
3572 3026 3720 3102 παρά

300 3135 464 3174 τινων
494 3119 633 3195 πρὸς
667 3119 756 3174 τὸν
792 3114 1021 3193 βασιλέα
1051 3115 1312 3181 ἀπόδοσις
1339 3117 1428 3172 καὶ
1470 3117 1532 3171 τὸ
1579 3115 1881 3191 ἐμπορικὸν
1938 3118 2197 3197 φρόνημα
2293 3117 2383 3173 καὶ
2464 3119 2493 3172 6
2571 3117 2930 3195 ὑπεράπιιρος
2991 3117 3410 3193 λημματισμόςο
3475 3115 3535 3172 οὗ
3610 3116 3714 3192 γὰρ

306 3207 466 3280 μόνον
539 3214 658 3271 τοῖς
735 3206 787 3281 ἐξ
863 3206 1004 3279 ὒλης
1079 3209 1192 3281 (39)
1282 3204 1548 3270 παντοίας
1640 3214 1931 3282 στατῆρσιν
2024 3205 2508 3281 ἒνσκολιευόμενος
2601 3208 2826 3287 ὑφιῖρπε
2898 3209 2988 3265 καὶ
3063 3205 3315 3283 ἐνηδρευε
3386 3212 3506 3270 τοῖς
3580 3205 3718 3280 πρὸς

304 3292 533 3365 δίαιταν,
611 3295 757 3352 ἀλλὰ
829 3295 921 3350 καὶ
994 3295 1248 3358 ποτάνοις
1324 3294 1581 3352 ἐνελύττα
1654 3296 1745 3352 καὶ
1820 3293 2061 3372 ἐνέχαινε
2152 3295 2348 3352 πέποσι
2442 3296 2533 3352 καὶ
2619 3294 2836 3372 σύμπαν
2912 3296 3056 3354 ἄλλο
3130 3297 3540 3374 περιειργάζετο
3614 3300 3716 3366 τῆς

302 3392 407 3459 γῆς
480 3386 684 3462 ὡραῖον
720 3382 880 3441 έδώδι
889 3406 1013 3459 μον.

378 3481 441 3539 ς’.
474 3472 636 3531 Ἀλλ’
667 3473 987 3531 ἐπανακτὲον
1043 3474 1136 3531 τὸν
1189 3472 1357 3553 λόγον
1410 3474 1810 3551 ἐκτραπόμενον
1861 3479 1998 3537 τοῦ(

2133 3478 2188 3534 6.
2222 3478 2335 3535 Sed
2365 3477 2440 3535 ad
2492 3477 2831 3536 institutum
2864 3480 3233 3536 redeundum
3293 3482 3405 3547 est,
3437 3481 3495 3535 et
3522 3470 3724 3535 multa

308 3563 495 3640 ἴχνους
522 3562 605 3645 ἐφ’
634 3565 767 3639 ὅπερ
825 3562 1080 3640 ὥρμησεν
1131 3563 1184 3635 ἐξ
1241 3564 1445 3639 ἀρχῆς.
1503 3564 1586 3622 Τὰ
1643 3561 1689 3619 δ’
1720 3565 1800 3642 ἐφ’
1833 3566 1927 3620 δσο

2103 3583 2133 3621 x
2162 3566 2386 3637 paucis,
2422 3571 2485 3623 ut
2539 3568 2859 3641 imperator
2907 3568 3060 3627 579
3086 3569 3146 3624 in
3179 3568 3323 3624 urbe
3350 3582 3414 3623 se
3453 3566 3723 3639 gesserit,

301 3652 552 3729 ἐνεδήμει
601 3653 802 3731 χρόνον
856 3659 927 3729 τῇ
990 3651 1233 3729 βασιλίδι
1286 3658 1395 3709 τῶν
1454 3652 1671 3709 πόλεων
1729 3653 1832 3709 ὑπὸ
1863 3675 1921 3709 το

2105 3655 2433 3727 xplicanda.
2461 3657 2599 3712 Erat
2615 3656 2793 3730 igitur
2810 3658 2870 3712 in
2886 3657 3044 3714 victu
3066 3655 3645 3728 sumptuosissimus,
3666 3661 3725 3711 et

305 3744 577 3821 βασιλέως
613 3744 811 3801 τούτου
850 3745 1216 3819 πραττόμενα,
1276 3744 1350 3806 ὡς
1407 3741 1468 3799 ἐκ
1520 3741 1750 3800 πολλῶν
1796 3742 1925 3819 ὀλίγ

2098 3750 2139 3800 le
2168 3745 2407 3802 ferculis
2465 3746 2859 3805 distribuebat
2897 3747 2971 3804 iis
3001 3747 3103 3820 qui
3153 3763 3369 3804 mensae
3423 3745 3718 3802 astabant.

303 3834 527 3907 εἰπεῖον,
559 3834 758 3892 οὑτωσί
817 3856 936 3899 πως
997 3832 1406 3910 διετετράνωτο.
1469 3839 1567 3890 Ἠν
1617 3834 1710 3889 οῦν
1737 3834 1804 3888 τὰ
1834 3853 1923 3909 περ

2103 3834 2334 3892 tensam
2367 3836 2607 3893 omnino
2638 3836 3033 3894 Salomoniam
3066 3854 3173 3893 aur
3201 3834 3584 3907 Sybariticam
3608 3834 3723 3890 ha-

307 3924 405 3993 τὴν
465 3920 671 3980 δίαιταν
733 3924 762 3978 6
819 3920 1074 3999 βασιλεὺς
1134 3921 1296 3985 οὗτος
1350 3918 1818 3984 πολυτελέστατος
1867 3942 1927 3976 κα

2099 3925 2264 3997 >ebat,
2297 3929 2356 3982 et
2387 3927 2553 3984 novis
2584 3931 2648 3983 ut
2691 3927 2789 3984 ille
2820 3927 3077 3984 vestibus
3109 3925 3373 4000 quotidie
3405 3925 3676 3981 utebatur
3706 3941 3719 3992 ;

310 4010 616 4077 διαδοτικὸς
674 4013 984 4090 βρωμάτων
1051 4018 1169 4076 τοῖς
1226 4015 1587 4089 παρεστῶσιν.
1644 4011 1814 4086 Εἴχεν
1868 4010 1929 4067 οὗ

2103 4030 2179 4072 λου
2208 4020 2335 4072 erat
2363 4017 2491 4088 ejus
2520 4017 2851 4074 convivium
2883 4016 3040 4074 aliud
3072 4032 3250 4088 quam
3278 4013 3449 4074 collis
3480 4030 3723 4086 panum,

310 4104 554 4181 ἀτεχνῶς
637 4104 736 4174 τὴν
829 4103 1093 4180 τράπεζαν
1183 4100 1626 4177 Σολομώντειον,
1704 4101 1794 4157 καὶ
1867 4102 1930 4157 τὰ

2107 4106 2259 4165 altus
2282 4109 2561 4177 ferarum,
2581 4109 2829 4182 piscium
2853 4126 3037 4177 mare,
3066 4107 3190 4164 vini
3222 4123 3496 4164 oceanus.
3544 4106 3727 4163 Alter-

310 4190 540 4264 ἐσθῆτας
605 4194 681 4255 ὡς
745 4193 943 4256 ἐκεῖνος
1019 4197 1360 4270 καινοφανεῖς
1426 4192 1752 4266 περιέκειτο,
1833 4191 1930 4266 βου

2106 4196 2165 4252 is
2178 4196 2387 4253 diebus
2406 4197 2651 4255 lavacris
2667 4215 2730 4254 se
2746 4196 3327 4253 reficiebat.Pastillis
3342 4200 3399 4252 et
3412 4195 3726 4269 unguentis

307 4283 469 4351 νίζων
507 4282 601 4353 μὶν
631 4283 758 4344 τοὺς
789 4278 1008 4356 ἄρτους,
1041 4281 1267 4358 λόχμην
1315 4279 1374 4336 δὲ
1424 4278 1720 4336 κνωδάλων
1759 4277 1927 4355 ἲχθύω

2112 4285 2265 4342 mnis
2295 4286 2527 4359 generis
2573 4286 2870 4343 delibutus
2902 4287 3087 4343 instar
3116 4286 3361 4359 pavonis
3402 4285 3639 4357 superbi
3668 4300 3728 4340 se

309 4391 369 4425 τε
400 4367 716 4427 διάπλευσιν
769 4372 859 4429 καὶ
916 4372 1109 4429 πόντον
1165 4370 1360 4427 οἷ’νοπα
1418 4368 1624 4435 δεικνὺς
1655 4371 1758 4440 τήν
1788 4368 1929 4425 ἑστία

2106 4376 2409 4433 stentebat
2441 4394 2455 4445 ;
2488 4380 2547 4433 et
2578 4380 2643 4432 ut
2672 4393 2924 4449 sponsus
2954 4394 2985 4433 e
3010 4376 3264 4433 thalamo
3296 4380 3398 4434 aut
3431 4382 3492 4432 ut
3522 4375 3603 4431 sol
3655 4374 3726 4431 ab

312 4480 412 4515 σιν.
493 4462 597 4518 Ναὶ
674 4462 783 4536 μὴν
860 4460 1211 4539 ἒτερημέροις
1303 4461 1596 4531 ἐνηυπάθει
1684 4458 1932 4533 λουτροῖς

2111 4465 2421 4536 lrlente,ita
2436 4465 2562 4539 ipse
2585 4481 2615 4522 e
2629 4465 2843 4539 palatio
2860 4467 3122 4539 quotidie
3135 4465 3731 4538 prodibat.Gaudebat

310 4551 648 4630 ὤσφραίνετό
721 4573 781 4609 τε
849 4555 1266 4629 μερεψουμένων
1344 4550 1611 4623 εὐωδιῶν,
1687 4548 1776 4605 καὶ
1850 4554 1930 4604 τσῑ

2109 4555 2301 4611 acetiis
2332 4559 2390 4612 et
2420 4554 2697 4614 mollibus
2718 4557 3053 4614 cantilenis.
3086 4556 3471 4625 Morionibus,
3495 4555 3729 4623 scurris,

311 4647 567 4703 στακταῖς
624 4641 963 4716 ἐρῥαντίζετο
1021 4644 1095 4706 ὡς
1154 4641 1417 4717 ὁμοίωμά
1472 4662 1531 4697 τε
1581 4644 1713 4696 ναοῦ
1744 4639 1931 4696 στολαῙ

2121 4643 2485 4717 istrionibus,
2527 4646 2823 4720 parasitis,
2855 4646 3082 4715 mimis,
3139 4645 3482 4703 cantoribus
3531 4643 3732 4716 palatii

312 4729 566 4802 ἔξάλλοις
631 4729 887 4785 ἐκέκαστο
983 4732 1505 4808 βοστρυχιζόμενος,
1572 4728 1932 4786 Ἐπιδεικτικό

2114 4750 2230 4791 ares
2250 4735 2529 4807 patebant
2549 4753 2562 4805 ;
2580 4752 2715 4793 cum
2744 4736 2962 4808 quibus
2988 4735 3162 4793 rebus
3184 4739 3242 4792 et
3270 4732 3609 4792 hominibus
3624 4733 3734 4788 uti-

312 4842 370 4877 τε
398 4822 465 4891 ἦν
496 4820 570 4883 ὡς
600 4819 747 4882 ταὼς
798 4821 826 4873 ὁ
876 4820 1219 4895 φιλόκοσμος
1276 4820 1367 4874 καὶ
1430 4821 1505 4893 μή
1569 4816 1652 4881 δὶς
1681 4819 1773 4874 τὸν
1806 4816 1932 4873 αύτὸ

366 4914 453 4933 ,-~,
503 4931 526 4933 ,_
588 4909 602 4933 2
644 4904 1029 4933 9_$,._-1_--_.--
1108 4908 1284 4933 ,¢!___-
1354 4906 1408 4933 2--
1471 4910 1672 4933 __._»_-:-:
1732 4907 1932 4933 -...__--!-

2113 4838 2193 4895 ue
2224 4823 2436 4880 Bacchi
2475 4828 2533 4881 et
2560 4826 2808 4882 Veneris
2839 4823 3295 4896 intemperantia
3324 4820 3733 4893 conjungitur.

318 4914 529 4988 χιτῶνα
584 4904 1029 4981 ἐνδιδοσκόμενος
1104 4908 1287 4982 ὥσπερ
1352 4906 1413 4961 ἐκ
1468 4910 1676 4963 παστοῦ
1732 4907 1938 4985 νυμφίο

2120 4916 2404 4985 aeteraque
2434 4913 2656 4970 bonum
2688 4914 2819 4971 sani
2848 4912 3081 4986 imperii
3112 4915 3333 4968 statum
3362 4925 3740 4983 corrumpere

317 5001 405 5055 καὶ
457 5000 531 5062 ὡς
579 4999 639 5054 ἐκ
696 4997 900 5072 λίμνης
953 4994 1324 5073 περικαλλοῦς
1384 4993 1549 5066 ἣλιος
1607 4994 1805 5071 προῄει
1850 5006 1937 5059 κα(

2115 5000 2274 5059 olita.
2307 5005 2450 5059 Cum
2483 5002 2800 5074 aliquando
2830 5002 2891 5058 in
2922 5018 3088 5058 ccsna
3109 5000 3225 5058 sibi
3247 5000 3363 5057 alia
3386 4999 3577 5057 atl‘erri
3606 4999 3735 5070 jus-

319 5089 552 5159 ἒκάστην
582 5093 692 5147 τῶν
752 5087 1080 5164 ἀνακτόρων.
1136 5084 1361 5163 Χαίρων
1423 5082 1480 5140 δὲ
1534 5090 1653 5148 ταῖς
1711 5086 1939 5159 εύτραπε

2121 5091 2279 5159 isset,
2339 5092 2657 5149 mimorum
2689 5090 2848 5148 illius
2895 5090 3085 5149 astatis
3116 5089 3552 5162 festivissimus,
3584 5089 3741 5147 580

325 5175 471 5241 λίαις
525 5181 616 5235 καὶ
671 5182 790 5245 τοῖς
869 5177 929 5234 ἐκ
999 5184 1102 5247 τῆς
1160 5178 1379 5247 ἁπαλῆς
1459 5175 1685 5248 Μούσης
1743 5177 1945 5252 ᾅσμασι

2122 5185 2470 5253 ognomento
2519 5180 2846 5251 Calibures,
2878 5183 3183 5252 conspecto
3216 5183 3367 5237 coetu
3426 5177 3742 5238 mulierum

328 5261 710 5342 ἁλισκόμενος,
760 5266 1151 5346 ἐγερσιγέλωσί
1194 5288 1252 5322 τε
1300 5265 1699 5342 ἀνθρωπίσκοις
1758 5286 1945 5342 συμπα

2121 5270 2190 5342 ςυὶ
2243 5270 2476 5328 ancillis
2524 5275 2582 5326 et
2633 5269 2896 5344 cognatis
2953 5269 3327 5345 imperatoris
3384 5268 3741 5328 constabat:

1713 5446 1882 5512 Hier.
1912 5448 2131 5513 Wolfii
2160 5452 2350 5513 notes.

400 5612 513 5686 (39)
561 5607 637 5668 Οὔ
694 5609 763 5685 γὰ
858 5612 1020 5686 μόνον
1075 5617 1193 5676 τοῖς
1250 5609 1303 5682 ἐξ
1342 5606 1506 5681 ὕλης.
1562 5609 1640 5668 Οὐ
1682 5611 1788 5686 γὰρ
1824 5611 1989 5686 μόνον

400 5687 440 5757 ei
451 5703 593 5758 ματα
622 5682 712 5738 καὶ
769 5629 963 5758 βλατία
1004 5682 1334 5758 ἲλάμοανεν,
1376 5681 1524 5739 ἀλλὰ
1553 5683 1642 5739 καὶ
1673 5682 1833 5758 ἕτερα
1866 5681 1985 5757 εἷ’δη

2135 5610 2289 5686 .ικρά.
2322 5613 2438 5669 Non
2469 5616 2684 5670 tantum
2723 5615 3022 5686 pecuniam
3052 5624 3103 5673 et
3134 5619 3327 5688 vestes,
3360 5613 3452 5672 sed
3482 5612 3755 5671 minutio-

2135 5702 2163 5744 τι
2191 5700 2402 5758 quoque
2429 5686 2756 5758 accipiebat.

328 5679 593 5761 χρῆμεκτα
622 5679 718 5738 καῖ
769 5679 963 5758 βλὰτία
1004 5679 1334 5760 ἲλάμοανεν,
1376 5679 1524 5739 ἀλλὰ
1553 5683 1642 5739 καὶ
1673 5679 1835 5760 ἕτερα
1866 5681 1947 5740 εἷ’δ

1135 5679 1334 5757 mm,
1376 5679 1524 5739 ἀλλὰ
1553 5683 1642 5739 καὶ
1673 5679 1835 5760 ἕτερα
1866 5681 1985 5757 εἷ’δη
2096 5679 2163 5744 i'a
2191 5679 2402 5758 Quoque
2429 5679 2755 5758 accipiebat.

644 5805 911 5869 PATROL.
958 5804 1069 5869 Gn.
1104 5804 1418 5868 CXXXIX.
3434 5805 3513 5864 26
