4102 6408
372 400 486 459 811

1660 395 1968 458 ΝΙΟΕΤΑΞ
2023 393 2455 460 OHONIATIE

3677 408 3801 470 812

374 557 403 586 ‹‹
454 533 893 605 Cognoscamus
926 532 1086 606 prius
1136 532 1241 589 has
1269 553 1297 581 »
1342 532 1554 605 inquit,
1588 554 1617 583 ‹‹
1676 532 2012 605 imperator,

2138 531 2407 607 ραθύρων,
2450 532 2551 588 οὑκ
2605 533 2870 613 ἓπεζῦγου
2927 534 3180 612 Κέρκωψί
3232 557 3291 593 τε
3332 539 3424 594 καὶ
3468 537 3665 614 μίμοις
3695 543 3788 598 καὶ

374 620 585 676 deinde
633 619 780 677 alias
834 620 1044 676 adduci
1073 620 1294 691 iubeto.
1332 638 1357 671 ι
1416 621 1573 686 Quod
1607 619 1831 675 dictum
1892 635 2023 675 cum

374 726 579 767 omnes
603 714 660 765 et
702 710 807 765 viri
841 714 896 765 et
928 709 1205 767 mulieres
1237 708 1356 767 risu
1386 710 1771 781 excepissent,
1800 709 1899 766 ille
1930 724 2030 764 co-

372 799 495 855 lore
528 804 743 856 mutato
776 805 832 855 et
884 800 975 855 vix
1010 814 1276 871 repressa
1304 799 1611 856 iracundia
1643 799 1923 857 morionis
1955 799 2025 853 li-

375 889 625 945 centiam
660 888 836 945 minis
868 888 1193 960 castigavit.
1221 889 1368 945 Loca
1397 894 1455 946 et
1496 893 1613 946 situ
1659 894 1716 945 et
1748 888 2027 961 temperie

375 978 524 1035 aeris
579 995 808 1034 amoma
856 978 1323 1045 consectabatur,
1359 983 1414 1034 et
1469 994 1538 1035 ex
1596 978 1918 1035 intervallis
1965 978 2024 1033 in

376 1069 578 1124 urbem
642 1067 883 1136 redibat,
951 1071 1009 1122 et
1065 1071 1131 1123 ut
1186 1067 1422 1141 phoenix
1479 1068 1602 1125 avis
1650 1085 1767 1124 non
1794 1082 2028 1140 semper

375 1155 863 1228 conspiciebatur.
914 1156 977 1212 In
1002 1156 1214 1229 primis
1243 1173 1376 1214 vero
1409 1157 1719 1215 immensis
1750 1158 2028 1215 substru-

373 1245 666 1301 ctionibus
721 1244 1143 1315 delectabatur,
1194 1251 1251 1303 et
1300 1247 1494 1305 furore
1542 1248 1795 1319 quodam
1835 1247 1907 1304 ad
1959 1263 2028 1305 ea

376 1335 584 1391 ruebat
636 1352 763 1407 quae
824 1336 1217 1406 desiderabat,
1278 1336 1468 1394 officio
1504 1337 1562 1392 in
1596 1336 1892 1410 plerisque
1925 1353 2024 1393 ne-

374 1428 584 1497 glecto.
659 1425 726 1481 In
777 1434 1024 1498 utroque
1082 1426 1296 1499 palatio
1356 1426 1562 1483 balnea
1613 1435 1666 1484 et
1731 1425 2027 1485 conclavia

376 1513 859 1587 splendidissima
904 1520 961 1571 et
990 1515 1049 1570 in
1082 1516 1437 1588 Propontide
1465 1519 1845 1588 sumptuosas
1875 1515 2027 1571 aedes

376 1605 704 1678 aediﬁcavit,
725 1610 781 1661 et
812 1606 1040 1663 insulas
1060 1623 1269 1679 parvas
1298 1608 1445 1663 mari
1466 1608 1777 1681 aggeribus
1799 1606 2026 1680 expleto

375 1694 661 1751 excitavit.
722 1699 861 1750 Cum
898 1695 1105 1751 turrim
1140 1698 1199 1752 in
1250 1696 1595 1754 Blachernio
1642 1696 1858 1769 palatio
1888 1711 2023 1752 cum

378 1783 747 1853 munitionis,
784 1789 845 1840 ut
877 1784 1085 1855 aiebat,
1117 1790 1241 1842 tum
1272 1802 1391 1842 suis
1431 1784 1811 1842 habitationis
1849 1801 2026 1842 causa

2131 621 2454 696 παρασίτοις
2483 624 2573 679 καὶ
2630 623 2840 688 ἀοιδοῖς
2896 625 2964 681 τὰ
3024 625 3294 700 βασίλεια.
3349 631 3483 691 Τοῖς
3517 626 3574 684 δὲ
3598 631 3788 686 τοιού-

2129 728 2249 772 τοις
2307 710 2336 763 ὁ
2395 710 2655 786 πάροινος
2731 713 2941 786 κόσμος
2997 714 3338 785 συνέζευκται
3419 716 3636 780 πάντως
3694 718 3784 774 καὶ

2130 799 2165 868 ἡ
2242 799 2378 855 κατᾶ
2455 802 2550 864 τὰς
2621 801 2806 866 κοίτας
2891 801 3151 881 ἀσέλγεια
3226 806 3635 882 συνεφάπτεται,
3696 809 3787 863 καὶ

2131 886 2230 943 ὅσα
2290 898 2540 964 χρηστῆς
2599 892 2688 946 καὶ
2758 892 2947 967 ὑγιοῦς
3037 892 3321 968 βασιλείας
3386 893 3786 976 συνδιαφθείρει

2129 978 2451 1034 κατάστασιν
2529 980 2690 1056 Ἀτᾶρ
2748 978 2933 1056 εἷ’ρηκέ
2989 1002 3120 1038 ποτε
3179 981 3264 1038 ἐπὶ
3327 982 3570 1042 δείπνου.
3607 1010 3634 1037 ‹‹
3667 988 3789 1042 Ἐν·-

2130 1067 2323 1143 έγκατέ
2356 1088 2451 1141 μοι
2483 1067 2620 1132 ἃλας
2652 1072 2783 1144 (40)·
2819 1094 2848 1123 ι)
2894 1072 3178 1145 παρεστὼς
3212 1070 3270 1127 δὲ
3298 1077 3407 1129 τῶν
3440 1074 3563 1130 τότε
3595 1076 3784 1150 μίμων

2130 1157 2159 1212 ὁ
2199 1155 2583 1235 χαριέστατος,
2617 1161 2662 1233 ᾦ
2693 1162 2755 1217 τὸ
2786 1160 3078 1235 ἐπώνυμον
3108 1157 3489 1239 Χαλιὸοὑρης,
3521 1161 3785 1241 περιϐλέ-

2129 1249 2370 1323 ψάμενος
2402 1250 2492 1305 τὸν
2523 1255 2631 1305 τῶν
2672 1257 2939 1327 γυναικῶν
3000 1254 3169 1329 χορὸν
3230 1248 3291 1309 ἔκ
3344 1276 3507 1310 τινων
3540 1257 3788 1331 προσπό-

2129 1336 2242 1394 λων
2271 1338 2360 1394 καὶ
2396 1346 2667 1415 συγγενῶν
2697 1345 2795 1396 τοῦ
2839 1341 3110 1417 βασιλέως
3140 1346 3545 1417 κεκρατημένον
3579 1369 3606 1397 ‹‹
3639 1351 3787 1400 Γνω-

2130 1424 2355 1498 σόμεθα,
2387 1448 2413 1475 ››
2441 1426 2578 1497 εἶπε,
2614 1450 2643 1479 ‹‹
2675 1430 2908 1502 πρώτως
2956 1428 3175 1497 ταύτας,
3207 1429 3252 1483 ὦ
3287 1428 3531 1505 βασιλεῦ·
3564 1431 3665 1487 εἶθ’
3695 1428 3788 1486 οῦ·

2128 1535 2236 1576 τως
2269 1511 2444 1577 ἄλλας
2473 1516 2843 1592 εἰσενεχθῆναι
2871 1518 3153 1576 κέλευσον.
3181 1544 3207 1572 ››
3241 1520 3342 1575 Καὶ
3370 1521 3505 1593 πρὸς
3534 1522 3597 1575 τὸ
3628 1522 3787 1594 ῥῆμα

2124 1607 2286 1659 τοῦτο
2316 1604 2482 1660 πᾶσαί
2531 1627 2589 1662 τε
2646 1607 2734 1662 καὶ
2783 1607 2975 1670 πάντες
3028 1605 3413 1684 ξξεκάγχασαν.
3447 1611 3543 1679 Τῷ
3570 1606 3627 1662 δὲ
3656 1609 3782 1684 τρέ-

2126 1712 2285 1748 πεται
2311 1694 2339 1748 ὁ
2371 1696 2546 1768 χρὼς,
2581 1694 2669 1750 καί
2705 1695 2869 1771 μόλις
2896 1698 2988 1753 τὸν
3042 1699 3215 1772 θυμὸν
3252 1695 3304 1753 ἔν
3332 1697 3504 1752 πείσει
3532 1693 3779 1758 κολάσας

2130 1778 2518 1858 ἔμϐριμήματι
2573 1787 2672 1855 τήν
2731 1790 2828 1841 τοῦ
2861 1786 3239 1863 γελωτοποιοῦ
3294 1783 3774 1859 έλευθεροστομίαν

378 1878 674 1929 exstruere
726 1874 1050 1944 statuisset,
1084 1881 1142 1931 et
1173 1880 1366 1932 vetera
1396 1874 1552 1944 fana,
1579 1893 1703 1947 quae
1735 1876 1795 1930 in
1825 1874 2012 1931 littore

2132 1870 2425 1928 ἀνέστειλε.
2462 1871 2833 1930 Μεταδιώκων
2887 1873 2945 1931 δὲ
2999 1877 3068 1931 τὰ
3106 1880 3212 1931 τῶν
3246 1875 3467 1952 χωρίων
3497 1873 3553 1929 εῦ
3584 1867 3778 1948 ἔχοιτα

377 1962 643 2035 neglecta
664 1964 983 2032 stabant,et
1006 1963 1216 2020 multas
1241 1963 1504 2021 illustres
1527 1963 1687 2021 urbis
1709 1964 1913 2020 domos
1929 1964 2025 2020 de-

2131 1962 2222 2016 καὶ
2253 1959 2399 2036 ὥρας
2431 1964 2518 2018 καὶ
2554 1964 2773 2036 θέσεως,
2822 1964 2881 2020 ἐκ
2932 1962 3351 2039 διαλειμμάτων
3384 1964 3459 2027 εἷς
3483 1963 3582 2032 τὴν
3616 1982 3782 2037 μεγα.

380 2053 619 2109 molitus
638 2052 783 2110 58]
813 2060 919 2122 est,
939 2070 1183 2125 quarum
1210 2055 1595 2111 fundamenta
1624 2068 2012 2127 nuncquoqut

2132 2048 2371 2107 λόπολιν
2428 2052 2792 2128 ἐπανήρχετο,
2850 2053 2940 2108 καὶ
2998 2054 3136 2110 κατὰ
3187 2052 3478 2127 περιόδους
3529 2053 3603 2115 ὡς
3636 2053 3784 2127 ὅρνις

377 2144 469 2197 vix
493 2144 616 2199 sine
636 2142 906 2215 lacrymis
920 2144 1168 2215 spectari
1201 2148 1454 2216 queunt;
1477 2143 2022 2216 splendidissimum

374 2232 662 2305 generalis
676 2233 1170 2305 aedilicium,quod
1188 2238 1374 2289 totum
1395 2232 1572 2289 latere
1590 2232 1779 2291 coctili
1794 2237 2023 2291 consta-

380 2325 499 2394 bat,
524 2323 647 2380 solo
665 2323 908 2393 aequavit
936 2327 993 2380 ct
1015 2330 1221 2395 praeter
1238 2323 1349 2380 alia
1377 2323 1555 2380 multa
1573 2324 1848 2397 inclytam
1863 2327 2021 2380 Man-

375 2415 608 2485 ganiam
637 2415 877 2469 domum
908 2413 1215 2483 destruxit,
1240 2429 1426 2485 neque
1458 2414 1650 2486 operis
1671 2413 2016 2487 elegantiam

367 2508 424 2557 et
458 2502 919 2575 magnitudinem
946 2503 1156 2559 veritus
1189 2518 1377 2575 neque
1397 2503 1665 2559 victorem
1688 2509 2017 2574 martyrem,

363 2590 457 2646 cui
491 2606 557 2646 ea
587 2590 848 2645 dedicata
889 2594 1039 2659 erat,
1072 2589 1370 2647 reveritus.
1394 2591 1598 2646 Edam
1629 2589 1754 2647 Divi
1775 2589 2019 2647 Michae-

363 2680 437 2736 lis
470 2679 794 2735 coelestium
827 2679 1131 2751 copiarum
1162 2679 1516 2750 archiducis,
1541 2679 1600 2735 in
1636 2683 1800 2751 portu
1823 2679 2016 2747 sitam,

367 2772 829 2840 instauraturus,
864 2771 912 2827 si
945 2787 1064 2843 qua
1092 2771 1152 2826 in
1186 2771 1399 2843 palatio
1457 2787 1783 2828 marmorea
1815 2771 2019 2829 tabula

362 2862 677 2934 splendore
706 2864 763 2917 et
809 2867 1103 2932 guttarum
1136 2861 1416 2916 varietate
1444 2859 1696 2917 illustris
1740 2859 1824 2917 vel
1854 2861 2017 2933 pavi-

362 2957 626 3007 mentum
660 2950 894 3022 tegebat
934 2949 1020 3006 vel
1071 2951 1319 3021 parietes
1350 2951 1617 3020 ornabat,
1648 2967 1715 3007 eo
1765 2950 2017 3006 transfe-

362 3042 601 3098 rendam
633 3039 872 3096 curavit.
905 3040 1016 3095 Sed
1053 3044 1110 3095 et
1153 3039 1489 3112 archangeli
1524 3040 1712 3111 pictas
1748 3044 1807 3095 et
1841 3040 2012 3097 fictas

360 3129 669 3201 imagines,
692 3127 781 3184 vel
812 3128 871 3184 in
905 3129 1048 3185 urbe
1083 3126 1169 3185 vel
1200 3130 1333 3186 aliis
1364 3128 1503 3185 locis
1535 3128 1789 3200 praesidii
1837 3144 2013 3185 causa

359 3221 673 3284 dedicatas,
723 3221 965 3274 vetustae
995 3223 1052 3274 et
1089 3218 1448 3275 admirandae
1482 3234 1686 3275 manus
1714 3234 1911 3291 opera,
1946 3219 2003 3275 in

358 3311 515 3365 idem
547 3307 832 3380 templum
854 3308 1260 3380 congregabat,
1292 3308 1448 3365 582
1479 3323 1779 3365 summum
1827 3309 2000 3365 etiam

357 3400 622 3456 studium
700 3397 989 3467 adhibuit,
1046 3402 1111 3454 ut
1186 3397 1590 3454 Monembasia
1667 3398 2010 3455 transferret

355 3489 671 3556 Christum,
705 3488 799 3557 qui
850 3488 905 3543 in
938 3504 1107 3545 cruce
1140 3487 1416 3557 trahitur,
1465 3504 1616 3560 opus
1667 3487 2006 3545 admirabili

352 3584 473 3635 arte
505 3582 561 3634 et
588 3577 893 3650 elegantia,
925 3578 1077 3650 quod
1113 3577 1405 3634 cruciatus
1458 3577 1683 3634 Domini
1713 3581 1770 3634 et
1797 3581 2008 3635 Serva-

349 3670 495 3724 toris
544 3667 729 3723 nostri
762 3667 1201 3723 evidentissime
1260 3669 1674 3739 repraesentat;
1735 3683 1841 3723 nec
1866 3683 2003 3722 con-

348 3756 571 3828 quievit
594 3755 939 3827 priuspuam
961 3771 1090 3811 eam
1122 3754 1442 3826 imaginem
1466 3753 1598 3811 dolo
1623 3754 2001 3812 abstulisset:

350 3862 484 3901 nam
510 3852 704 3917 aperte
734 3846 881 3901 citra
911 3844 1237 3917 periculum
1271 3844 1327 3899 id
1359 3844 1557 3901 conari
1589 3844 1744 3900 haud
1778 3845 2000 3916 potuis-

346 3939 454 3989 set.
510 3935 705 3990 IEreas
739 3939 934 4005 portas
990 3931 1140 3987 latas
1184 3937 1242 3986 et
1294 3932 1638 3989 altissimas.
1691 3948 1819 4003 quae
1858 3933 1999 3989 olim

346 4039 625 4096 magnum
660 4022 945 4095 palatium
994 4020 1366 4089 claudebant,
1424 4026 1624 4077 nostra
1663 4027 1831 4078 aetate
1870 4039 1996 4077 car-

343 4128 555 4182 cerem,
588 4115 687 4185 qui
721 4113 857 4168 inde
882 4110 1092 4167 Chalce
1125 4109 1358 4180 dicitur,
1397 4109 1761 4180 muniebant,
1792 4111 1995 4168 eodem

342 4202 665 4260 transtulit.
733 4201 1031 4258 Celebrem
1089 4203 1239 4257 aulae
1305 4202 1513 4269 adem,
1564 4201 1721 4273 quod
1781 4217 1993 4259 novum

343 4291 767 4348 monasterium
822 4292 1058 4362 dicitur,
1117 4290 1278 4346 omni
1328 4306 1495 4347 sacro
1544 4296 1781 4361 ornatu,
1834 4292 1992 4350 vasis

340 4382 617 4437 omnibus
648 4379 939 4452 spoliavit.
976 4387 1166 4452 Atque
1205 4378 1298 4435 his
1342 4380 1515 4436 rebus
1546 4380 1907 4452 gloriabatur
1935 4384 1992 4438 et

338 4470 680 4525 efferebatur
731 4468 922 4540 magis
952 4481 1126 4539 quam
1159 4468 1467 4539 quicquam
1514 4469 1666 4525 alius
1700 4468 1989 4526 mirabilia

336 4576 512 4630 opera
537 4558 695 4615 laudi
727 4558 841 4614 sibi
884 4558 1137 4613 duceret.
1171 4556 1318 4611 Nam
1348 4573 1483 4613 cum
1539 4559 1807 4615 umbram
1838 4559 1986 4615 ima-

2132 2141 2161 2196 ὁ
2193 2143 2383 2214 Φοῖνιξ
2413 2142 2757 2198 ἐπωπτάνετο
2807 2145 2956 2216 [283]
3008 2143 3167 2218 Ὑπὲρ
3205 2148 3309 2198 πᾶν
3369 2142 3425 2197 δὲ
3472 2140 3657 2217 ἕτερον
3688 2142 3785 2203 τὰς

2128 2236 2235 2286 τῶν
2308 2233 2621 2307 ὑπερόγκων
2695 2230 3012 2304 οίκημάτων
3099 2231 3405 2304 ἀνεγέρσεις
3459 2229 3784 2306 περιεσπού-

2128 2316 2272 2390 δαζε,
2336 2322 2705 2396 μανικώτερον
2779 2317 2867 2375 έπὶ
2934 2320 3004 2375 τὰ
3079 2319 3276 2393 ἐραστὰ
3333 2316 3619 2392 ἐμπηδῶν,
3677 2317 3775 2372 κάν

2122 2413 2241 2471 τοῖς
2290 2407 2566 2472 πλείστοις
2621 2414 2718 2465 τοῦ
2764 2411 3100 2480 καθήκοντος
3148 2407 3533 2487 ἐκφερόμενος.
3593 2405 3782 2468 Ἐντός

2121 2518 2180 2553 τε
2210 2495 2302 2553 οῦν
2331 2501 2439 2554 τῶν
2475 2496 2771 2573 βασιλείων
2818 2497 3140 2576 ἀμφοτέρων
3191 2497 3400 2572 λουτρὰ
3439 2496 3531 2551 καὶ
3567 2494 3786 2566 διαιτή-

2126 2608 2238 2652 σεις
2276 2585 2670 2661 λαμπροτάτας
2718 2585 2993 2661 ἐδείματο,
3049 2588 3139 2641 καὶ
3196 2587 3333 2641 κατὰ
3383 2586 3485 2655 τὴν
3531 2587 3784 2660 Προπον-

2122 2673 2244 2734 τίδα
2299 2677 2622 2740 πολυτελεῖς
2670 2675 2873 2751 δόμους
2951 2675 3226 2752 ἀνήγειρε,
3286 2671 3505 2745 νησίδιά
3560 2695 3617 2729 τε
3682 2676 3782 2744 τήν

2124 2765 2395 2832 θάλασσαν
2488 2768 2838 2843 ἀπογαιώσας
2929 2766 3233 2843 είργάσατο.
3305 2765 3651 2840 Προθέμενος
3720 2760 3779 2820 δὶ

2120 2858 2210 2914 καὶ
2263 2858 2471 2935 πύργον
2523 2860 2881 2929 τεκτήνασθαι
2935 2856 3073 2912 κατὰ
3148 2857 3211 2911 τὸ
3293 2855 3344 2909 ἐν
3434 2852 3777 2928 Βλαχέρναις

2119 2946 2406 3020 παλᾶτιον,
2474 2948 2588 3021 ἅμα
2655 2949 2748 3020 μὲν
2844 2946 2921 3010 εἷς
3013 2943 3187 3019 ἔρυμα
3262 2943 3596 3019 ἀνακτόρων,
3699 2943 3775 3004 ὡς

2119 3035 2336 3113 ἔφασκε,
2394 3037 2483 3092 καὶ
2543 3036 2861 3111 ὑπέρεισμα,
2923 3036 3038 3109 ἅμα
3114 3032 3170 3090 δὲ
3223 3034 3315 3089 καὶ
3371 3033 3446 3096 είς
3503 3030 3774 3103 ἐνοίκησιν

2119 3126 2317 3199 ἒαὺτῷ,
2350 3125 2512 3188 ναούς
2567 3146 2624 3180 τε
2668 3127 2805 3181 κατὰ
2860 3125 2958 3194 τήν
3018 3123 3187 3195 ἀκτὴν
3244 3123 3416 3178 παλαι
3450 3122 3777 3196 ἱσταμένους

2119 3214 2419 3289 ἀτημελεῖς
2472 3216 2770 3290 κατήρειψε
2832 3214 2923 3270 καὶ
2976 3211 3268 3275 πλείστους
3325 3217 3432 3267 τῶν
3495 3211 3631 3267 κατᾶ
3678 3210 3779 3280 τήν

2120 3301 2377 3378 βασιλίδα
2433 3304 2595 3359 πόλιν
2646 3307 2956 3379 περιφανῶν
3014 3302 3178 3358 οἴκων
3238 3296 3387 3357 ἔθετο
3435 3300 3509 3363 εἷς
3549 3299 3777 3376 ἐρήμω-

2115 3414 2219 3464 σιν,
2250 3395 2326 3450 ὧν
2356 3391 2576 3470 έσδεῦρό
2634 3414 2772 3456 τινες
2829 3395 3001 3467 θέαμα
3054 3397 3174 3453 τοῖς
3231 3393 3489 3465 παριοῦσι
3520 3386 3773 3465 δακρύων

2111 3482 2262 3553 ἄξιον
2316 3483 2445 3547 τοὺς
2522 3483 2811 3558 θεμελίους
2862 3476 3304 3558 προϐάλλονται,
3390 3477 3482 3534 καὶ
3531 3479 3631 3549 τὴν
3704 3478 3766 3534 ἐκ

2110 3571 2340 3639 πλίνθου
2417 3574 2599 3645 πάσης
2686 3573 2858 3643 ὀπτῆς
2943 3569 3341 3645 λαμπροτάτην
3398 3572 3496 3623 τοῦ
3552 3570 3768 3645 γενικοῦ

2111 3664 2414 3740 οἰκοδομὴν
2473 3662 2833 3742 κατηδάφισε·
2917 3662 3020 3718 Σὺν
3111 3659 3349 3723 πολλοῖς
3416 3658 3474 3714 δὲ
3529 3660 3617 3713 καὶ
3677 3658 3770 3713 τὸν

2107 3754 2435 3830 περίκλυτον
2495 3755 2642 3809 οἶκον
2698 3757 2805 3809 τῶν
2890 3751 3192 3827 Μαγγάνων
3274 3743 3563 3818 κατέϐαλε,
3629 3749 3772 3819 μήτε

2103 3843 2167 3899 τὸ
2197 3848 2295 3900 τοῦ
2324 3841 2483 3919 ἔργου
2536 3840 2747 3904 κάλλος
2799 3841 2890 3897 καὶ
2928 3841 2990 3896 τὸ
3036 3841 3259 3917 μέγεθος
3306 3835 3594 3909 αἰδεσθεὶς,
3627 3838 3770 3910 μήτε

2102 3932 2197 3986 τὸν
2263 3932 2669 4009 τροπαιοφόρον
2747 3932 2995 4005 μάρτυρα
3065 3926 3344 4000 πτοηθεῖς,
3412 3928 3457 3999 ᾧ
3524 3924 3763 3981 ἀνέκειτο

2103 4023 2308 4083 οὑτοσί.
2370 4025 2750 4081 Ἐπισκευάσαι
2811 4020 2869 4078 δὲ
2929 4020 3224 4097 βουληθεὶς
3279 4019 3370 4075 καὶ
3428 4020 3518 4074 τὸν
3581 4018 3632 4073 έν
3679 4022 3764 4091 τῷ

2101 4112 2331 4186 ἀναπλῳ
2377 4114 2512 4168 νεὼν
2560 4117 2657 4168 τοῦ
2728 4112 3180 4187 ἀρχιστρατήγου
3247 4114 3351 4165 τῶν
3393 4106 3501 4161 ἄνω
3551 4108 3759 4176 τάξεων

2102 4202 2362 4278 Μιχαὴλ,
2401 4200 2559 4265 εἷ’τις
2592 4201 2644 4257 ἐν
2690 4200 2854 4271 πλαξὶ
2902 4206 3019 4259 τοῖς
3055 4198 3356 4274 βασιλείοις
3391 4193 3587 4268 δόμοις
3622 4196 3761 4250 ὑπέ-

2099 4312 2310 4366 στρωτο
2366 4293 2455 4347 καὶ
2514 4296 2898 4369 περιημπῖσχε
2944 4290 3070 4352 τοὺς
3128 4288 3356 4363 τοίχους
3387 4282 3667 4355 καλλίστη
3701 4307 3765 4342 τε

2094 4384 2164 4455 τῇ
2197 4379 2552 4453 στιλπνότητι
2582 4381 2673 4436 καὶ
2723 4380 2923 4457 ῥανίσιν
2971 4379 3264 4454 ἒστιγμένη
3305 4374 3763 4451 ποικιλοχρόοις,

2094 4470 2267 4527 ἐκεῖσε
2320 4471 2766 4545 μετακεκόμικεν.
2814 4466 2996 4526 Ἀλλὰ
3042 4467 3132 4522 καὶ
3189 4467 3257 4521 τὰ
3320 4470 3420 4521 τοῦ
3473 4464 3755 4541 ἀρχαγγέ-

2096 4557 2199 4614 λου
2229 4557 2318 4614 διὰ
2357 4561 2672 4635 χρωμέίτων
2713 4558 2806 4614 καὶ
2854 4552 3107 4633 ψηφίδων
3145 4553 3476 4629 τυπώματα,
3509 4553 3681 4608 όπόσα
3710 4554 3748 4622 ἡ

333 4628 456 4721 gini
528 4647 845 4721 praeferret,
906 4645 1366 4702 subtractionem
1428 4663 1530 4718 pro
1581 4648 1879 4705 additione
1929 4652 1989 4705 et

2118 4644 2260 4711 εόλις
2351 4628 2559 4726 ἔστεγεν
2626 4651 2661 4719 ἤ
2727 4628 2959 4723 κώμαις,
3006 4645 3097 4701 καὶ
3188 4628 3404 4721 χώραις
3479 4644 3749 4700 ἀνέκειντο

334 4737 850 4810 transpositionem
884 4752 987 4807 pro
1018 4734 1379 4808 appositione
1417 4734 1692 4804 habebat,
1713 4737 1983 4808 quamvis

2118 4736 2458 4815 ›υλακτήρια,
2518 4740 2707 4813 χειρὸς
2762 4738 2997 4815 ἀρχαίας
3044 4732 3175 4811 ἔργα
3250 4736 3341 4790 καί
3420 4733 3748 4808 Θαυμασίας,

330 4844 393 4883 ea
426 4827 655 4882 nullum
710 4825 1104 4882 beneficentiae
1148 4822 1553 4894 simulacrum,
1603 4840 1839 4896 parvam
1885 4830 1983 4883 aut

2118 4826 2225 4882 md:
2277 4829 2339 4884 τὸ
2392 4828 2523 4884 αὐτὸ
2573 4830 2896 4903 συνήθροισε
2950 4824 3191 4900 τέμενος.
3245 4824 3311 4881 Ἢ
3370 4820 3427 4879 δὲ
3455 4826 3556 4878 τοῦ
3591 4823 3749 4899 βασι-

332 4917 549 4972 nullam
608 4914 908 4987 religionis
959 4914 1213 4986 speciem
1277 4912 1556 4969 haberet:
1598 4929 1787 4985 neque
1848 4931 1978 4973 vero

2118 4916 2229 4980 ,έως
2284 4919 2482 4974 τούτου
2542 4915 2756 4987 σπουδή
2816 4917 2965 4980 ὅπως
3024 4914 3085 4971 έκ
3137 4920 3237 4985 τῆς
3283 4918 3370 4969 νῦν
3436 4910 3748 4988 λεγομένης

333 5007 508 5059 Deum
534 5002 728 5068 irasci,
761 5004 861 5057 sed
885 5002 1077 5074 potius
1105 5002 1374 5071 gaudere,
1416 5000 1466 5057 si
1498 4999 1653 5056 aliud
1688 5003 1977 5074 templum

2118 5002 2470 5079 Ῑονεμϐασίας
2522 5007 2870 5081 ἀνακομίσειε
2915 5004 3007 5061 τὸν
3076 5003 3165 5059 ἐπὶ
3232 5002 3453 5077 σταυρὸν
3504 4996 3740 5066 ἑλκόμε-

331 5092 572 5160 prislino
627 5091 937 5162 splendore
992 5093 1271 5160 privatum
1325 5090 1663 5146 volucribus
1713 5090 1881 5148 nidos
1921 5101 1974 5149 et

2118 5114 2175 5149 ον
2205 5096 2441 5170 Χριστὸν
2495 5097 2570 5161 ὠς
2620 5092 2773 5173 ἔργον
2818 5096 3139 5171 ἀξιάγαστον
3176 5093 3264 5148 καὶ
3293 5091 3387 5157 τήν
3414 5086 3610 5163 τέχνην
3637 5083 3733 5138 καί

325 5178 606 5235 erinaceis
630 5179 820 5235 foveas
880 5181 1178 5249 praeberet,
1221 5178 1380 5236 aliud
1420 5195 1557 5236 vero
1580 5179 1973 5238 instauratum

2118 5183 2181 5253 ἢν
2238 5188 2401 5261 χάριν
2470 5183 2622 5240 οὐδὲν
2714 5183 3039 5240 ἀπελείπετο
3135 5187 3237 5238 τῶν
3325 5175 3732 5254 ἐκφανεστάτων

1709 5339 1879 5402 Hier.
1915 5338 2124 5402 Wolﬁi
2158 5346 2346 5404 nolm.

387 5501 773 5584 (40_Apparet
832 5500 1121 5584 principio
1141 5500 1448 5573 legendum
1479 5499 1642 5584 ἅλας,
1672 5505 1724 5584 i_d
1756 5511 1846 5565 est
1867 5525 1965 5584 “sa-

2118 5510 2563 5584 renuntiatione
2613 5511 2858 5584 juvetur
2911 5509 2973 5564 τὸ
3022 5505 3256 5584 ἃλας-εί.
3300 5506 3500 5584 ἄΑΑας,
3562 5502 3765 5584 paulo.

313 5569 447 5655 lem.
668 5569 866 5655 vocem
907 5569 1131 5655 accepit
1156 5569 1557 5655 scurraquasi
1587 5569 1829 5655 dixi_ss_et
1859 5574 1965 5655 ἀλ·
2074 5569 2275 5638 ἱιιίιιυε
2306 5582 2583 5655 frigidum
2613 5569 2876 5652 Videtur,
2910 5597 3087 5653 quam
3121 5580 3168 5635 si
3201 5579 3364 5635 dicas
3392 5569 3509 5633 alia
3540 5569 3599 5631 e't
3627 5575 3746 5630 alia

312 5637 436 5729 λας,
494 5637 1062 5729 εςξὶίοριλγυναῖκαςί
1104 5646 1291 5703 Locus
1321 5637 1426 5729 hic
1471 5649 1715 5721 exprimi
1763 5651 1966 5729 Latine

2118 5637 2269 5710 :orta
2288 5637 2463 5711 subiti
2475 5637 2765 5729 telligens.

307 5728 425 5767 non
468 5719 615 5777 satis
661 5719 847 5792 potest
884 5733 897 5786 ;
952 5730 1284 5788 quanquam
1345 5719 1813 5793 Graece—quoque,
1846 5724 1962 5781 nisi
