4102 6388
328 437 447 499 813

1456 430 1556 491 DE
1601 431 1909 492 lSAAClO
1953 430 2272 492 ANGELO
2318 431 2466 493 LIB.
2516 432 2623 492 lII.

3634 435 3755 496 8M

331 573 538 634 παθῶν·
608 565 738 627 ὅλος
802 565 906 640 γὰρ
991 563 1262 638 ἀνήρτητο
1345 565 1467 623 ταῖς
1560 560 1792 631 ἐλπίσιν,
1874 556 1978 624 ἕως

2115 564 2418 636 )eregrinis
2440 564 2697 621 donariis
2746 568 2804 620 et
2855 561 3063 620 alienis
3109 564 3495 621 ornamentiis
3550 566 3752 636 splen-

335 657 532 714 ἐκεῖθεν
586 656 680 711 σὺν
740 651 893 725 δόλῳ
949 652 1251 731 ἀφῄρηκεν·
1314 651 1385 704 οὐ
1436 649 1537 723 γὰρ
1595 647 1878 712 ἀκίνδυνος
1925 652 1991 719 ἦν

2104 655 2389 709 desceret.

339 748 672 803 παντάπασιν
735 747 771 813 ἡ
828 746 1111 821 προφανής
1167 739 1533 814 ἐπιχείρησις.
1593 738 1767 795 Ἀλλὰ
1826 741 1916 794 καὶ
1972 741 2067 802 τὰς
2127 740 2341 816 χαλκᾶς
2416 740 2595 803 πύλας
2672 741 2843 797 ἐκεῖσε
2932 740 3243 815 μετέθηκεν,
3302 741 3359 797 αἳ
3413 744 3605 818 πρώην
3666 744 3760 817 μὲν

340 836 638 913 ἐπεζύγουν
692 838 790 889 τοῦ
851 830 1091 909 μεγᾶλου
1148 829 1420 885 παλατίου
1477 828 1577 896 τήν
1651 826 1862 882 ε’ἰσοδον
1919 827 2120 902 εὐρεῖαι
2214 832 2375 886 οὖσαι
2455 833 2544 886 καὶ
2625 832 2869 906 ὕψισται,
2953 832 3007 894 ἐς
3076 829 3123 886 δ’
3179 834 3327 906 ἡμᾶς
3380 833 3480 901 τὴν
3541 834 3758 910 εἱρκτὴν

342 931 596 1001 συνεῖχον
643 923 785 998 ἥπερ
841 922 890 995 ἐξ
945 922 1126 976 αὐτῶν
1184 917 1387 986 Χαλκῆ
1444 916 1884 990 κατωνόμασται.
1943 919 2042 972 Καὶ
2099 920 2189 974 τὸν
2248 920 2300 975 ἐν
2360 922 2680 994 ἀνακτόροις
2737 922 3088 996 περιώνυμον
3142 923 3269 978 ναὸν
3331 922 3388 986 ὅς
3447 925 3559 980 Νέα
3619 926 3761 996 μονή

342 1015 723 1086 κικλήσκεται,
801 1014 950 1076 θείου
1002 1011 1198 1071 παντὸς
1253 1007 1489 1064 ἐπίπλου
1547 1007 1645 1063 κπί
1704 1007 1856 1082 ἱεροῦ
1912 1006 2136 1069 σκεύους
2195 1006 2453 1083 ἐψίλωσε.
2514 1010 2660 1067 Κάπὶ
2713 1010 2937 1075 τούτοις
3014 1011 3477 1086 λαμπρυνάμενος
3546 1014 3615 1083 ἦν
3670 1014 3763 1070 καὶ

347 1103 724 1182 θρυπτόμενος
754 1101 829 1164 ὡς
881 1100 943 1155 οὕ
998 1120 1080 1161 τις
1138 1097 1309 1160 ἄλλος
1364 1096 1448 1152 ἐπ’
1505 1090 1688 1172 ἔργοις
1748 1096 2085 1167 θαυμαστοῖς
2143 1092 2530 1172 ἀὸρυνόμενος,
2588 1101 2746 1177 ᾫετο
2800 1101 2902 1175 γὰρ
2960 1102 3267 1175 προσένεξιν
3326 1103 3425 1171 τήν
3480 1102 3762 1181 ἀφαίρεσιν

340 1181 430 1249 καὶ
485 1192 772 1269 πρόσθεσιν
828 1191 926 1258 τήν
992 1188 1292 1270 μετάθεσιν·
1350 1186 1453 1254 τὴν
1511 1205 1616 1270 γαρ
1677 1185 1828 1239 σκιὰν
1888 1181 2185 1260 προῦκρινε
2240 1193 2340 1255 τῆς
2429 1186 2663 1255 εἰκόνος,
2742 1185 2805 1242 οὒ
2879 1190 2981 1257 τήν
3065 1190 3421 1267 ἀγαθοεργίας
3498 1213 3760 1270 σκιογρα-

349 1282 475 1360 φίαν
505 1267 591 1333 καὶ
630 1276 823 1352 μικρὸν
870 1276 906 1346 ἢ
966 1270 1119 1330 οὐδὲν
1175 1269 1456 1351 φιλοθεῖας
1517 1267 1759 1344 ἵνδαλμα
1812 1271 2113 1339 σώζουσαν⁶
2167 1270 2321 1329 Ἀλλ’
2380 1270 2505 1328 οὐδὲ
2562 1273 2621 1328 τὸ
2676 1278 2819 1338 θεῖον
2874 1275 3076 1349 χολᾷν,
3128 1276 3342 1350 χαίρειν
3405 1276 3463 1333 δὲ
3522 1267 3763 1352 μᾶλλον,

344 1368 392 1425 εἷ
469 1365 626 1429 οὗτος

706 1366 800 1439 μὲν
878 1364 906 1418 6
981 1364 1116 1425 νεὼς
1187 1365 1288 1426 τῆς
1363 1360 1554 1435 πρώην
1632 1361 1952 1435 ἀχρειοῦται
2030 1360 2422 1436 λαμπρότητος
2497 1361 2572 1424 εἷς
2630 1361 2964 1418 ἐννόσσευσιν
3023 1370 3241 1433 πτηνῶν
3295 1367 3385 1422 καὶ
3447 1367 3764 1439 κατοίκησιν

336 1459 538 1534 ἐχίνων
570 1456 833 1530 ἐώμενος,
867 1452 1224 1530 ἐγκαινίζεται
1257 1448 1303 1504 δ’
1328 1448 1513 1523 ἓτερος
1541 1448 1771 1513 ὀθνείοις
1801 1449 2118 1523 κειμηλίοις
2143 1452 2232 1506 καὶ
2265 1452 2498 1525 κόσμοις
2526 1450 2849 1528 ἀλλοτρίοις
2877 1450 3330 1528 καταγλαλιζεται.

418 1598 498 1669 [Ρ.
534 1594 685 1665 284.]
709 1592 770 1661 ζ’.
803 1595 862 1643 Ὀ
905 1586 963 1643 δὲ
1013 1586 1232 1660 τόλμης
1288 1589 1564 1663 μετεῖχεν,
1616 1585 1708 1639 ἳνα
1759 1581 1995 1660 μετρίως

2171 1589 2225 1643 7.
2258 1588 2339 1644 Ea
2371 1605 2602 1663 quoque
2634 1588 2745 1645 fuit
2776 1589 3023 1646 audacia
3068 1592 3167 1661 (ne
3197 1590 3335 1662 quid
3395 1592 3588 1649 dicam
3626 1610 3763 1667 gra-

338 1688 471 1762 γοῦν
504 1681 740 1756 εἷ’ποιμι,
773 1677 987 1735 ἐκοίνου
1015 1679 1083 1732 τά
1112 1675 1233 1750 ἰερᾶ
1282 1675 1472 1746 σκεύη,
1524 1674 1628 1730 κᾶκ
1681 1677 1790 1730 τῶν
1838 1672 1996 1729 θείων

341 1761 477 1830 αύτά
506 1776 648 1828 ναῶν
704 1771 966 1827 ἀποσπῶν
1026 1771 1145 1831 ταῖς
1192 1766 1383 1820 ἑαυτοῦ
1437 1761 1728 1839 τραπέζαις
1775 1783 1999 1838 παρεισ-

345 1866 553 1941 ἐφερεν,
582 1865 743 1938 Ὥχει
775 1859 832 1917 δὲ
869 1861 959 1916 καὶ
1014 1863 1134 1920 τοῖς
1190 1854 1483 1917 δακτύλοις
1530 1856 1666 1911 κατὰ
1717 1855 1885 1910 πότον
1936 1855 2004 1910 τὰ

346 1954 401 2010 ἐν
430 1953 623 2033 τάιροις
659 1947 927 2025 βασιλέων
959 1946 1265 2024 ᾐωρημὲνα
1312 1943 1609 2001 κυπελλοει
1640 1941 1709 2033 νδῆ
1758 1948 1851 2033 τῷ,
1886 1947 2003 2016 Θεῷ

351 2032 696 2114 ἄναθόματα,
728 2038 789 2094 ἐκ
817 2035 983 2093 λίθων
1016 2038 1305 2116 τιμαλφῶν
1346 2033 1437 2090 καὶ
1485 2032 1713 2110 χρυσίου
1758 2032 2003 2112 ἀπέφθου

361 2128 745 2205 ἐσκευασμένα,
772 2129 861 2184 καὶ
919 2127 995 2190 εἷς
1056 2120 1283 2205 χέρνιϐα
1313 2128 1516 2205 χειρῶν
1577 2121 1840 2198 ὑδροχόοι
1897 2143 2003 2178 πε-

354 2222 669 2296 ριεφέροντο
743 2216 955 2292 ἄμαχοι
1029 2218 1092 2270 τὸ
1168 2214 1378 2279 κάλλος
1452 2214 1543 2270 καὶ
1593 2211 1869 2284 ἄπληστοι
1906 2213 2004 2281 τὴν

354 2313 518 2387 ὥραν,
553 2314 635 2374 οἷς
665 2311 1079 2387 ἀπομόργυνται
1128 2303 1351 2364 Λεϐῖται
1402 2307 1491 2363 καὶ
1550 2308 1714 2383 ἱερεῖς
1765 2304 1831 2361 τά
1888 2305 2007 2360 θεῖα

346 2400 617 2478 μετίόντες
681 2401 975 2474 μυστήρια.
1035 2398 1308 2475 Ἀφαιρῶν
1365 2396 1421 2451 δὲ
1492 2397 1583 2451 καὶ
1643 2395 1747 2450 ἀπὸ
1801 2392 2002 2469 τιμίων

347 2494 593 2560 σταυρῶν
649 2489 740 2544 καὶ
796 2491 1023 2562 πτυχῶν
1080 2490 1188 2541 τῶν
1248 2484 1538 2559 ἀκηράτων
1604 2486 1843 2560 Χριστοῦ
1901 2482 2004 2539 λο-

349 2581 486 2658 γίων
529 2578 772 2650 κόσμους
825 2572 1156 2636 πολυτελεῖς
1207 2569 1522 2649 περιδέραια
1563 2573 1655 2628 καὶ
1710 2573 2005 2647 στρεπτοὺς

348 2657 551 2723 ἐτίθετο
582 2665 632 2739 ἐξ
664 2665 864 2735 αὐτῶν,
895 2663 987 2720 καὶ
1035 2661 1260 2724 τούτους
1309 2666 1376 2716 αὖ
1420 2660 1553 2717 κατὰ
1600 2661 1660 2716 τὸ
1708 2660 1855 2734 αύτῷ
1904 2657 2004 2717 δο-

354 2762 481 2813 κοῦν
519 2750 880 2830 μεταϐάλλων
940 2751 1145 2826 ἑτέραις
1193 2750 1492 2826 ἐνήρμοζεν
1547 2746 2009 2825 ἀπεριθαμϐήτως

358 2846 673 2922 βασιλικαῖς
728 2843 974 2907 στολαῖς.
1041 2842 1179 2919 Πρὸς
1236 2839 1295 2897 δὲ
1343 2840 1470 2903 τοὺς
1528 2840 1846 2918 εἰσάγοντας
1902 2862 2005 2896 πα-

2112 1677 2264 1751 νίυε)
2281 1682 2344 1734 ut
2375 1695 2543 1738 sacra
2565 1696 2704 1736 vasa
2718 1679 3053 1750 profanaret
3065 1683 3121 1736 et
3139 1680 3375 1751 templis
3393 1681 3592 1738 avulsa
3606 1700 3733 1739 men
3748 1714 3765 1725 -

2115 1768 2198 1825 sis
2229 1768 2354 1824 suis
2375 1767 2767 1826 adhiberet.ln
2800 1768 3335 1826 comessationibus
3356 1770 3510 1828 583
3537 1789 3770 1844 quoque

2115 1876 2184 1916 ex
2215 1860 2461 1930 gemmis
2485 1859 2760 1932 pretiosis
2792 1864 2850 1916 et
2876 1860 3065 1918 solido
3106 1877 3249 1918 auro
3300 1861 3548 1919 calicum
3582 1863 3771 1920 instar

2116 1950 2270 2005 facta
2300 1949 2563 2020 donaria,
2595 1966 2723 2021 quae
2754 1950 3373 2024 supraimperatorum
3407 1953 3772 2009 monimenta

2117 2036 2469 2108 pendebant,
2514 2036 2786 2092 manibus
2815 2037 3130 2106 versabat;
3164 2043 3221 2095 et
3276 2039 3545 2110 pelvibus
3600 2038 3772 2096 insu-

2119 2124 2394 2198 perabilis
2420 2125 2740 2197 elegantiae,
2774 2125 2995 2198 quibus
3026 2140 3087 2183 se
3125 2127 3326 2182 Levites
3387 2131 3442 2183 et
3498 2129 3772 2184 sacerdo-

2120 2218 2230 2282 tes,
2266 2231 2400 2271 cum
2431 2231 2595 2272 sacra
2628 2214 2902 2289 mysteria
2933 2219 3204 2284 tractant,
3240 2217 3526 2274 mundare
3555 2218 3768 2286 solent,

2121 2320 2224 2377 pro
2258 2304 2556 2362 maliuviis
2605 2306 2896 2362 utebatur.
2970 2306 3277 2363 Auferebat
3319 2306 3640 2379 particulas
3698 2309 3769 2364 de

2120 2394 2471 2451 venerandis
2503 2393 2795 2463 crucibus,
2828 2394 2967 2451 item
3006 2399 3275 2453 ornatum
3311 2397 3542 2452 maximi
3595 2397 3766 2470 pretii

2122 2483 2193 2539 de
2225 2483 2660 2542 immortalibus
2692 2484 2909 2541 Christi
2940 2483 3218 2555 oraculis,
3243 2486 3436 2558 iisque
3491 2503 3591 2560 pro
3648 2503 3765 2543 mo-

2123 2572 2346 2629 nilibus
2377 2577 2433 2631 et
2465 2573 2767 2647 torquibus
2802 2576 3109 2631 utebatur:
3161 2574 3322 2649 ipsos
3355 2592 3489 2632 vero
3538 2576 3769 2633 codices

2122 2664 2252 2723 aliis
2289 2666 2679 2737 imperatoriis
2703 2665 2890 2735 stolis,
2926 2684 3051 2739 quas
3084 2666 3225 2723 nihil
3261 2667 3542 2725 haberent
3591 2669 3774 2724 admi-

2125 2755 2393 2827 rationis,
2426 2756 2775 2813 involvebat.
2812 2758 2877 2814 Et
2908 2757 3155 2828 graviter
3212 2759 3590 2815 succensebat
3637 2758 3710 2816 iis
3744 2776 3777 2816 a

2124 2845 2338 2918 quibus
2372 2845 2715 2902 monebatur
2745 2861 2812 2901 ea
2835 2846 2988 2903 facta
3019 2863 3134 2903 non
3186 2847 3455 2920 expedire
3504 2846 3776 2921 religioso

355 2957 605 3015 ραιφασιν
667 2936 743 3010 μὴ
806 2932 1098 3012 συμφέρειν
1157 2930 1303 3004 αύτῷ
1365 2931 1432 2987 τὰ
1505 2930 1762 3006 γινόμενα
1839 2935 2000 2987 ταῦτα

519 3023 535 3035 .
581 3030 606 3035 _
708 3024 720 3035 .
884 3024 894 3035 .
1081 3021 1107 3035 ..
1314 3020 1327 3035 .
1372 3018 1397 3035 ..
1484 3022 1506 3035 .
1615 3018 1630 3035 .
1886 3020 1898 3035 .

2121 2935 2482 3007 imperatori,
2532 2936 2632 3007 qui
2693 2935 2962 3008 pietatem
2995 2953 3024 2991 a
3060 2934 3384 3011 majoribus
3433 2937 3776 3011 accepisset,

355 3023 606 3101 θεοφιλεῖ
663 3024 1022 3097 αὐτοκράτορι
1077 3021 1193 3078 ὄντι
1241 3020 1330 3077 καὶ
1371 3018 1565 3076 ἂνωθεν
1611 3018 1671 3076 ἐκ
1721 3020 2009 3097 προγόνων

349 3117 450 3185 τήν
504 3109 774 3170 εὐσέϐειαν
836 3106 1352 3167 ἐπικαταϐαίνουσαν
1412 3108 1621 3185 ἔχοντι,
1677 3111 1768 3165 καὶ
1821 3112 2006 3166 θεοσυ-

355 3203 476 3261 λίαν
531 3205 668 3259 εἶναι
727 3209 979 3279 προφανῆ
1037 3201 1105 3257 τά
1158 3201 1437 3275 γινόμενα,
1496 3197 1730 3278 σφοδρὸς
1787 3199 1854 3269 ἦν
1918 3197 2007 3254 καὶ

354 3293 767 3368 παροξυντικὸς,
844 3291 934 3347 καὶ
1011 3288 1349 3362 ἐπέπληττεν
1454 3290 1528 3350 ὡς
1624 3289 2007 3361 ἀνοηταίνουσι

354 3381 651 3457 προδήλως
682 3380 771 3437 καὶ
813 3379 1211 3457 δυσπραγοῦσιν
1242 3378 1465 3456 ἄγνοιαν
1521 3382 1620 3435 τοῦ
1667 3378 1842 3435 καλοῦ
1888 3382 2005 3443 τοῖς

355 3471 498 3526 οὕτω
531 3473 813 3550 φάσκουσι·
856 3473 1028 3527 πάντα
1085 3470 1191 3547 γὰρ
1239 3468 1429 3541 ἐξεῖναι
1483 3473 1603 3531 τοῖς
1657 3467 2005 3541 βασιλεύουσι

350 3566 526 3616 ποιεῖν
595 3558 902 3633 διετείνετο,
960 3561 1051 3615 καί
1109 3563 1242 3615 Θεοῦ
1293 3558 1383 3614 καὶ
1441 3557 1672 3622 ἂνακτος
1727 3558 1862 3614 κατᾶ
1940 3559 2004 3614 τὸ

350 3648 540 3726 ἄρχειν
571 3656 678 3706 τῶν
713 3650 969 3727 ἐπιγείων
1004 3650 1080 3723 μὴ
1113 3649 1187 3710 ὡς
1217 3647 1412 3704 ἐπίπαν
1471 3648 1611 3703 εἶναι
1663 3648 1725 3703 τὸ
1779 3645 2004 3710 διεστὼς

349 3736 659 3815 ἀσύμϐατον
720 3741 810 3795 καὶ
862 3738 1157 3809 ἀντίθετον,
1206 3739 1281 3801 ὡς
1337 3742 1406 3813 τῇ
1489 3737 1785 3819 καταφάσει
1859 3738 2001 3794 ἀπό-

348 3854 526 3912 φάσις.
559 3835 834 3889 Συνιστῶν
879 3828 936 3886 δὲ
979 3831 1053 3893 ὡς
1108 3827 1270 3901 δῆθεν
1315 3829 1545 3904 ἀμεμφῆ
1605 3830 1694 3885 καὶ
1743 3829 2002 3896 ἀνεύθυνα

344 3923 412 3978 τὰ
441 3924 723 3999 γινόμενα,
757 3924 1002 3997 παρῆγεν
1055 3919 1135 3983 εἲς
1190 3917 1541 3998 παράδειγμα
1587 3920 1677 3974 τὸν
1730 3918 1783 3975 ἐν
1839 3920 1996 3995 βασι-

341 4011 495 4070 λεῦσι
552 4016 898 4089 Χριστιανοῖς
954 4013 1258 4089 πρώτιστον
1315 4012 1406 4067 καὶ
1488 4011 1780 4087 κράτιστον
1841 4017 1993 4068 Κων-

341 4108 640 4173 σταντῖνον,
669 4103 760 4158 τὸν
798 4103 890 4175 μὲν
922 4105 1030 4156 τῶν
1079 4100 1238 4171 ἥλων
1298 4099 1369 4156 δι’
1425 4098 1498 4155 ὧν
1557 4103 1585 4156 6
1636 4102 1838 4176 Κύριος
1895 4104 1994 4172 τῆς

341 4190 504 4263 δόξης
534 4196 615 4263 τῷ
644 4191 793 4263 ξύλῳ
834 4196 934 4258 τῆς
986 4189 1220 4264 κατάρας
1273 4190 1609 4264 προσήλωτο
1659 4191 1738 4262 τῷ
1792 4190 1997 4263 ἱππείῳ

337 4280 554 4353 χαλινῷ
609 4274 1075 4345 πατταλεύσαντα,
1131 4279 1224 4332 τὸν
1314 4274 1373 4331 δέ
1430 4281 1499 4351 τῇ
1546 4278 1738 4353 κόρυθι
1793 4275 1997 4353 ἐνερεί-

2124 3042 2229 3081 nec
2251 3024 2409 3080 aliud
2438 3041 2566 3081 esse
2598 3042 2770 3098 quam
2796 3025 3173 3099 sacrilegium
3202 3051 3216 3096 ;
3241 3042 3457 3099 eosque
3490 3034 3550 3083 ut
3583 3026 3773 3083 mani-

2119 3114 2260 3170 feste
2291 3113 2505 3171 deliros
2537 3123 2590 3171 et
2613 3115 2933 3171 honestatis
2965 3116 3200 3188 ignaros
3227 3117 3547 3189 arguebat:
3598 3116 3773 3173 licere

2118 3205 2273 3261 enim
2307 3205 2755 3278 imperatoribus
2783 3206 3025 3275 omnia;
3059 3208 3116 3262 et
3144 3205 3298 3262 inter
3346 3207 3528 3264 Deum
3587 3214 3641 3263 et
3673 3221 3766 3263 re-

2116 3310 2270 3368 gem,
2309 3295 2460 3367 quod
2494 3295 2565 3351 ad
2626 3298 2992 3352 terrenarum
3029 3311 3219 3352 rerum
3281 3296 3768 3368 gubernationem

2118 3383 2405 3453 attinere],
2440 3402 2555 3442 non
2586 3401 2714 3442 eam
2742 3401 2869 3442 esse
2898 3385 3351 3459 repugnantiam
3392 3404 3519 3459 quae
3553 3389 3630 3444 sit
3677 3388 3739 3444 in
3759 3415 3783 3430 -

2116 3477 2207 3531 ter
2228 3475 2599 3547 negationem
2633 3479 2691 3531 et
2736 3474 3185 3534 afﬁrmationem
3244 3478 3653 3534 contendebat.
3688 3481 3768 3535 Ac

2115 3572 2177 3621 ut
2207 3564 2481 3636 probaret
2511 3564 2731 3621 scilicet
2760 3581 2823 3622 se
2865 3582 2932 3622 eo
2991 3565 3229 3623 nomine
3260 3584 3375 3623 non
3417 3584 3547 3625 esse
3579 3583 3771 3640 repre-

2115 3653 2492 3710 hendendum
2568 3655 2740 3727 prim‘i
2798 3659 2856 3712 et
2914 3655 3131 3712 summi
3188 3656 3339 3712 inter
3406 3656 3772 3714 Christianos

2112 3743 2487 3817 imperatoris
2516 3744 2883 3800 Constantini
2934 3744 3265 3818 exemplum
3323 3746 3478 3804 584
3513 3745 3769 3804 adduce-

2110 3833 2340 3906 bat,qui
2372 3833 2621 3891 alterum
2645 3833 2899 3904 clavum,
2923 3834 3139 3908 quibus
3159 3835 3451 3908 gloriosus
3486 3836 3770 3894 Dominus

2110 3923 2453 3981 exsecrabili
2488 3925 2645 3981 cruci
2680 3924 2790 3981 fuit
2819 3925 3226 3994 aifixus,i‘reno
3258 3926 3393 3998 equi
3425 3926 3743 3983 inseruerit

2109 4012 2360 4070 alterum
2389 4013 2568 4086 galeae
2598 4013 2868 4070 inﬁxerit.
2895 4015 3004 4070 Sed
3053 4031 3292 4071 causam
3352 4016 3422 4071 de
3473 4014 3765 4071 industria

2109 4101 2546 4171 dissimulabat,
2578 4120 2683 4159 cur
2731 4103 3072 4160 Christianae
3134 4102 3433 4177 religionis
3494 4104 3767 4178 princeps

2107 4192 2399 4263 ejusmodi
2428 4192 2603 4248 rebus
2635 4209 2696 4250 se
2726 4193 2969 4261 ornarit,
2996 4199 3060 4250 ut
3117 4193 3387 4250 videlicet
3441 4194 3761 4267 gentilibus

2107 4280 2443 4336 ostenderet
2515 4281 2984 4352 praedicationem
3051 4282 3244 4339 crucis
3306 4299 3437 4340 esse
3499 4283 3756 4340 divinam

345 4388 531 4436 σαντα,
571 4367 671 4422 Τὸν
725 4365 782 4422 δὲ
839 4367 1041 4421 σκοπὸν
1094 4364 1230 4420 ἐκὼν
1290 4360 1688 4440 παρεϐλέπετο,
1747 4364 1817 4422 δι’
1875 4366 1932 4421 δν
1967 4369 1995 4424 6

2115 4369 2452 4443 potentiam,
2503 4386 2682 4442 quam
2742 4371 2855 4444 ipsi
2925 4378 2989 4428 ut
3059 4373 3417 4430 dementiam
3483 4391 3759 4445 asperna-

343 4461 445 4524 τῆς
482 4453 713 4518 πίστεως
764 4452 1012 4529 ἀρχηγὸς
1078 4451 1205 4525 ἅναξ
1258 4457 1380 4516 ταῖς
1439 4453 1723 4517 τοιαύταις
1778 4452 2000 4511 ἐνεκαλ-

2110 4458 2351 4515 bantur.

351 4543 624 4615 λωπίζετο
650 4544 895 4619 πράξεσι,
925 4541 1146 4620 δύναμιν
1178 4542 1447 4620 θειοτέραν
1480 4544 1699 4600 τὸντοῦ
1742 4548 1973 4622 σταυροῦ
2031 4544 2201 4626 λόγον
2252 4544 2462 4612 δεικνὺς
2505 4551 2623 4611 τοῖς
2670 4547 2908 4621 Ἕλλησι
2956 4550 3046 4606 καὶ
3096 4553 3398 4627 τιθέμενος,
3450 4551 3501 4608 ο⁹ί
3554 4552 3761 4627 μωρίαν

344 4636 409 4691 τὸ
441 4637 698 4712 κήρυγμα
724 4632 947 4710 ἥγηντο.

409 4770 585 4830 Ἀλλά
610 4771 701 4827 καὶ
765 4773 828 4827 τὸ
888 4769 1146 4847 ἀργύριον
1204 4768 1573 4842 κιδδηλεύσας
1618 4768 1885 4844 ἀδόκιμον
1936 4773 1998 4827 τὸ

336 4862 582 4936 νόμισμα
605 4861 823 4940 κέκοφε,
862 4857 951 4914 καὶ
1008 4859 1107 4928 τὴν
1165 4865 1275 4915 τῶν
1334 4861 1643 4935 χρημάτων
1715 4858 1998 4936 συλλογὴν

342 4951 445 5006 οὐκ
475 4949 811 5026 ἂνέγκλητον
846 4949 1083 5005 ἐποιεῖτο
1123 4947 1457 5017 παντάπασι,
1507 4950 1603 5011 τάς
1659 4970 1720 5005 τε
1747 4954 1855 5004 τῶν
1902 4947 2000 5022 δη·-

349 5041 556 5114 μοσίων
612 5039 794 5118 φόρων
849 5038 1151 5111 εἰσπράξεις
1208 5038 1465 5109 ἐπέτεινε,
1541 5039 1632 5093 καὶ
1717 5041 1838 5115 περὶ
1896 5040 1997 5109 τήν

337 5149 545 5186 τουτων
574 5130 891 5209 ἀπόχρησιν
921 5129 1251 5199 ἠσωτεύετο.
1301 5128 1404 5185 Καὶ
1453 5128 1551 5190 τὰς
1600 5129 1778 5203 ἀρχὰς
1824 5126 1995 5204 προῦ-

346 5216 548 5287 βαλλεν
603 5220 680 5282 εἷς
732 5219 993 5290 ἐξώνησιν
1051 5218 1125 5279 ὡς
1183 5216 1280 5280 τάς
1340 5217 1562 5293 ὀπώρας
1621 5218 1673 5272 οἱ
1726 5219 1997 5294 ἀγοραῖοι.

341 5303 547 5360 Ἐνίοτε
588 5305 646 5362 δὲ
683 5310 775 5364 καὶ
832 5307 958 5383 ὄίτερ
1022 5304 1322 5382 βαλαντίου
1379 5307 1469 5361 καὶ
1525 5307 1704 5381 πήρας
1763 5306 1998 5362 ἀποστο·

339 5391 510 5456 λικώς
544 5394 742 5459 εἰςτὰς
790 5395 1060 5476 ἐπαρχίας
1120 5394 1419 5470 ἐξέπεμπεν
1473 5393 1566 5459 οὕς
1622 5393 1745 5471 ᾔδει
1807 5394 1998 5472 μερίδα

338 5488 418 5557 τῷ
473 5481 669 5558 δικαίῳ
726 5486 976 5551 διδόντας
1036 5487 1128 5543 καὶ
1189 5486 1701 5565 ἀκαταγοητεύτους
1761 5489 1994 5565 χρυσίῳ,

342 5572 474 5650 μηδ’
507 5573 651 5630 οἷ’κοι
679 5572 1044 5642 καταϐόοντας
1073 5579 1247 5633 πάντα
1284 5579 1353 5633 τὰ
1401 5575 1802 5654 συλλεγόμενα,
1850 5578 1998 5636 ἄλλά

332 5666 426 5721 καὶ
457 5669 537 5738 τῷ
563 5662 819 5739 δημοσίῳ
870 5667 1084 5740 ταμείῳ
1132 5666 1589 5742 κατατιθεμένους
1636 5668 1699 5722 τὸ
1748 5667 1998 5750 ἐφάρμο-

332 5776 459 5814 στον
494 5753 746 5839 ὄφλημα.
780 5755 950 5817 Ναοῖς
1000 5752 1059 5812 δὶ
1104 5755 1194 5814 καῖ
1244 5753 1491 5833 τεμένεσι
1538 5757 1629 5813 καὶ
1676 5757 1993 5835 εύκτηρίοις

2182 4781 2530 4850 Argenteam
2555 4781 2851 4836 monetam
2866 4780 3431 4853 adulteravit,neque
3451 4779 3762 4850 pecuniam

2110 4865 2281 4939 plane
2337 4867 2481 4923 citra
2521 4867 3035 4939 reprehensionem
3093 4868 3349 4940 collegit.
3386 4858 3759 4925 Publicorum

2107 4952 2484 5027 vectigalium
2520 4957 2852 5013 exactiones
2881 4957 3062 5025 auxit,
3085 4957 3302 5029 quibus
3334 4958 3404 5013 ad
3440 4957 3640 5013 luxum
3673 4963 3764 5013 est

2111 5044 2352 5100 abusus.
2388 5045 2854 5117 Magistratus,ut
2884 5047 3334 5103 circumforanei
3365 5062 3558 5118 poma,
3589 5063 3759 5103 vena-

2107 5133 2193 5189 les
2224 5135 2469 5205 babuit;
2501 5151 2720 5207 eosque
2750 5151 3196 5208 nonnumquam
3249 5136 3569 5209 apostolico
3602 5153 3759 5194 more

2109 5223 2238 5279 sine
2295 5240 2465 5280 sacco
2498 5229 2556 5280 et
2612 5241 2891 5281 crumena
2921 5226 2980 5280 in
3043 5225 3372 5298 provincias
3431 5227 3757 5300 ablegabat,

2109 5328 2256 5386 quos
2288 5314 2576 5386 aequitatis
2596 5315 2884 5372 rationem
2912 5315 3171 5388 aliquam
3199 5315 3435 5385 habere,
3464 5333 3572 5373 nec
3617 5334 3759 5375 auro

2108 5403 2317 5475 decipi,
2350 5419 2456 5460 nec
2487 5404 2766 5477 quicquid
2801 5404 3172 5477 collegissent
3228 5405 3387 5462 domi
3416 5406 3762 5463 abstrudere

2107 5499 2297 5562 norat,
2330 5496 2432 5552 sed
2462 5494 2622 5567 quod
2654 5496 2796 5554 ﬁsco
2818 5497 3126 5555 deberetur
3153 5497 3310 5555 bona
3338 5497 3453 5554 lide
3485 5498 3760 5568 pendere.

2105 5584 2328 5641 Tamen
2359 5585 2705 5643 liberalitate
2736 5587 2797 5644 in
2830 5587 3047 5662 templa
3095 5592 3154 5645 et
3211 5587 3565 5646 monasteria
3594 5604 3765 5660 supe-

2106 5673 2288 5732 riores
2322 5676 2701 5747 imperatores
2732 5693 2939 5735 omnes
2970 5677 3288 5752 superavit.
3320 5677 3467 5735 Nam
3497 5681 3761 5751 tempore

2105 5764 2341 5824 ruinosa
2374 5766 2656 5840 sutl‘ulsit,
2691 5771 2982 5827 vetustate
3014 5767 3335 5827 deformata
3379 5766 3758 5826 incrustatio-
