4102 6406
327 435 447 496 815

1654 424 1968 488 ΝΙΕΕΤΕ
2009 425 2430 488 ΟΗΟΝῙΑἸὪΕ

3637 428 3761 490 816

327 567 504 623 nibus
536 568 593 622 et
623 563 866 636 picturis
897 561 1233 619 illustravit.
1271 560 1371 618 Dei
1429 557 1782 616 Genitricem
1816 560 1980 614 tanta

2095 555 2270 619 οἲκοις
2299 556 2390 613 καὶ
2421 558 2598 633 ἱεροῖς
2645 553 3116 636 φροντιστηρίοις,
3168 557 3244 618 ὡς
3297 555 3360 612 οὕ
3405 577 3490 620 τις
3545 559 3751 634 πρότε-

325 657 698 713 veneratione
727 653 907 711 coluit
937 652 1088 710 585
1121 657 1187 708 ut
1217 651 1286 707 ad
1320 651 1450 721 eius
1473 648 1756 720 imagines
1786 647 1981 704 animo

324 762 472 819 pene
504 746 902 819 linqueretur;
940 743 1184 814 ideoque
1215 739 1498 812 plurimas
1557 755 1699 794 auro
1729 741 1788 794 et
1821 751 1984 810 gem-

326 835 440 891 mis
467 843 702 892 ornatas
734 833 792 889 in
826 833 896 888 iis
935 831 1088 886 fanis
1120 828 1407 886 adorandi
1436 845 1615 886 causa
1671 826 1980 893 dedicavit,

327 925 428 980 ubi
459 921 976 996 frequentissimus
1005 923 1133 976 erat
1198 919 1428 992 piorum
1487 917 1796 975 hominum
1837 933 1983 972 con-

327 1029 557 1069 cursus.
589 1011 838 1068 Domum
886 1007 1094 1065 Isaacii
1149 1005 1627 1064 sebastocratoris
1684 1006 1743 1061 in
1799 1005 1984 1061 ardua

327 1109 490 1176 parte
521 1100 800 1174 Sophiani
835 1104 1039 1172 portus
1069 1097 1244 1155 sitam
1268 1098 1328 1153 in
1361 1097 1769 1170 pandocheum
1793 1100 1984 1152 trans-

325 1191 619 1257 formavit,
655 1191 751 1246 ubi
787 1193 1023 1245 centum
1082 1187 1194 1243 viri
1237 1186 1436 1243 cibum
1478 1201 1706 1260 capere,
1738 1183 1982 1241 totidem

327 1282 496 1336 lectis
527 1281 762 1347 cubare,
795 1286 851 1335 et
880 1277 1129 1334 totidem
1186 1277 1320 1348 equi
1383 1275 1662 1334 stabulari
1721 1276 1982 1348 possent.

331 1372 401 1426 Et
433 1369 534 1441 qui
558 1386 625 1426 eo
653 1367 987 1435 veniebant,
1023 1367 1153 1423 sine
1184 1365 1433 1439 pecunia
1476 1365 1690 1422 diebus
1721 1361 1988 1436 complu-

325 1459 490 1515 ribus
525 1460 938 1531 paseebantur.
974 1455 1188 1529 Regius
1222 1456 1374 1512 mdes
1415 1471 1564 1528 quas
1612 1452 1985 1510 Andronicus

327 1550 398 1605 ad
459 1550 642 1606 tndem
697 1552 1042 1604 Sanctorum
1102 1545 1495 1619 Quadraginta
1553 1546 1867 1610 struxerat,
1923 1542 1984 1598 in

330 1638 735 1694 nosocomium
792 1636 1058 1693 mutavit.
1119 1635 1389 1692 Redemit
1444 1638 1501 1691 ct
1554 1634 1794 1690 domum
1855 1647 1984 1704 quae

329 1728 527 1801 magni
559 1725 864 1799 drungarii
887 1725 1104 1782 dicitur
1131 1740 1551 1798 apossessore;
1584 1727 1641 1779 et
1663 1722 1724 1778 in
1755 1738 1821 1778 ea
1837 1737 1984 1794 quo-

329 1835 442 1892 que
473 1816 626 1873 male
659 1817 937 1872 habentes
967 1813 1373 1872 refocillendos
1432 1812 1677 1881 curavit,
1730 1809 1893 1868 nulla
1923 1825 1986 1866 re

331 1912 544 1979 negata
573 1923 703 1978 qum
734 1906 1098 1962 sanationem
1131 1903 1554 1974 eorumjuvare
1587 1905 1801 1974 posset.
1835 1905 1982 1957 Cum

332 1997 498 2053 urbis
528 2013 660 2068 pars
690 1992 1164 2068 septentrionalis
1186 1991 1618 2063 conﬂagrasset,
1643 2007 1745 2047 eos
1777 1989 1876 2062 qui
1895 1988 1983 2046 vel

332 2087 544 2142 aedium
578 2084 661 2141 vel
682 2084 1270 2154 bonorumjacturam
1299 2083 1549 2138 fecerant
1573 2080 1990 2137 distributione

337 2173 596 2248 pecunia!
628 2173 970 2231 sublevavit.
1009 2172 1258 2244 Imperio
1291 2172 1532 2243 potitus,
1565 2169 1828 2244 quinque
1860 2169 1990 2226 auri

337 2265 698 2323 centenarios
755 2263 980 2320 civibus
1033 2262 1249 2318 divisit.
1317 2261 1530 2332 Magna
1605 2259 1986 2326 hebdomade,

335 2371 461 2427 quae
489 2353 756 2427 snpplicii
781 2353 933 2424 quod
967 2353 1116 2408 Deus
1155 2355 1214 2407 et
1243 2351 1418 2407 homo
1449 2365 1554 2422 pro
1609 2348 1778 2406 nobis
1811 2347 1989 2404 subiit

338 2446 622 2501 memoria
653 2443 881 2510 colitur,
913 2443 1118 2498 viduas
1160 2439 1567 2513 eleemosynis,
1599 2436 1986 2512 pauperculus

331 2536 586 2605 virgines
615 2534 748 2590 dote
775 2533 932 2590 586
990 2540 1043 2588 et
1073 2536 1310 2604 sumptu
1353 2529 1692 2602 nuptiarum
1715 2528 1981 2600 juvabat.

331 2626 529 2696 Neque
563 2640 693 2680 vero
725 2621 984 2693 singulos
1011 2621 1295 2678 duntaxat
1317 2619 1606 2687 homines,
1635 2619 1862 2684 domos,
1896 2617 1984 2672 fa-

331 2714 522 2770 milias
575 2711 984 2768 munificentia
1028 2727 1133 2767 sua
1181 2710 1500 2778 recreabat,
1541 2707 1640 2764 sed
1686 2707 1983 2764 interdum

330 2803 578 2859 urbibus
645 2803 888 2873 integris
939 2800 1224 2856 tributum
1278 2796 1624 2855 remittebat.
1664 2795 1736 2853 Ut
1785 2796 1987 2869 paucis

334 2892 712 2966 complectar,
748 2893 828 2947 ita
857 2907 1182 2964 propensus
1227 2895 1346 2946 erat
1399 2888 1470 2944 ad
1505 2885 1984 2956 misericordiam,

331 2982 800 3048 beneficentiam,
824 2985 883 3036 et
911 2980 1151 3051 inepum
1201 2975 1682 3044 sublevationem,
1717 2977 1782 3032 ut
1809 2975 1982 3046 quic-

335 3071 480 3145 quid
519 3072 907 3141 undecunque
940 3084 1044 3140 per
1080 3067 1196 3122 vim
1227 3073 1282 3122 et
1310 3065 1587 3138 injuriam
1621 3071 1850 3138 partum
1884 3079 1982 3120 ae-

335 3164 590 3234 ceperat,
622 3160 680 3215 id
713 3173 922 3214 rursus
955 3161 1202 3230 utraque
1229 3172 1407 3212 manu
1441 3153 1982 3226 et'funderetanue

335 3252 406 3308 de
439 3265 619 3305 causa
640 3248 751 3304 etsi
791 3247 1036 3320 pecunia
1065 3263 1098 3302 a
1154 3245 1504 3319 pauperibus
1542 3243 1893 3315 exigebatur,
1919 3241 1980 3298 in

335 3355 404 3396 eo
445 3352 637 3396 errore
669 3336 1004 3393 versabatur
1033 3339 1096 3392 ut
1124 3350 1187 3391 se
1224 3350 1340 3390 non
1374 3349 1614 3407 peccare
1645 3346 1989 3404 persuasum

2092 665 2212 719 ρον,
2269 646 2334 703 τὸ
2393 645 2694 726 φιλότιμον
2754 647 3068 721 έπεξέτεινε’
3125 646 3256 709 τοὺς
3311 645 3413 723 γὰρ
3481 647 3754 721 καμόντας

2093 734 2284 814 χρόνῳ
2317 737 2602 809 ὑπήρεισε,
2624 736 2715 793 καὶ
2747 737 2896 801 ’ὅσοις
2925 738 2989 794 τὸ
3018 735 3362 814 ἀγλαοφανὶς
3418 737 3751 812 ἧμαύρωτο,

2097 826 2313 890 τούτοις
2344 833 2461 892 τοῖς
2521 827 2581 884 ἐκ
2627 826 2884 907 ψηφίδων
2931 829 3022 883 καὶ
3071 825 3390 904 χρωμάτων
3449 828 3758 904 ὡραϊσμοῖς

2090 913 2492 992 κατεκόσμησε.
2545 921 2690 996 Πρὸς
2731 916 2790 975 δέ
2839 939 2900 996 γε
2949 921 3050 989 τὴν
3101 920 3426 996 Θεομήτορα
3482 920 3755 992 τοσαύτην

2089 1001 2278 1085 ἔτρεφε
2310 1009 2494 1064 πίστιν
2543 1009 2620 1072 ὡς
2666 1007 2759 1064 καὶ
2805 1009 2906 1079 τήν
2962 1009 3050 1082 [Ρ.
3101 1009 3228 1082 285]
3285 1010 3472 1084 ψυχὴν
3528 1007 3758 1086 ἐκκεχύ-

2091 1108 2213 1162 σθαι
2259 1103 2379 1162 ταῖς
2445 1098 2646 1156 εἰκόσιν
2707 1096 2896 1164 αὐτῆς.
2955 1096 3060 1155 Καὶ
3121 1094 3213 1154 διὰ
3265 1103 3430 1154 τοῦτο
3497 1097 3760 1164 πλείστας

2093 1187 2308 1262 χρυσίῳ
2364 1186 2710 1264 περιστείλας
2775 1187 2866 1244 καὶ
2933 1185 3118 1252 λίθοις
3185 1185 3486 1268 τιμαλφέσι
3542 1209 3758 1267 περιαν-

2092 1277 2245 1341 θίσας
2287 1277 2514 1349 ἀνέθηκε
2570 1283 2721 1342 ναοῖς
2777 1277 2856 1342 είς
2904 1277 3296 1354 προσκύνησιν,
3353 1281 3474 1335 καθ’
3529 1280 3626 1346 οὓς
3669 1279 3761 1358 γί-

2089 1387 2271 1424 νονται
2302 1365 2582 1431 πολλάκις
2611 1372 2720 1424 τῶν
2777 1363 3014 1424 εὐσεϐῶν
3061 1363 3386 1444 συνδρομαί.
3439 1366 3618 1428 Ἀλλά
3661 1369 3754 1426 καὶ

2091 1459 2192 1527 τήν
2242 1455 2332 1513 ἐπὶ
2380 1457 2444 1514 τὸ
2507 1458 2766 1522 κάταντες
2835 1457 2892 1514 έν
2958 1462 3040 1532 τῷ
3111 1456 3297 1532 λιμένι
3361 1464 3469 1514 τῶν
3535 1464 3758 1539 Σοιριῶν

2095 1547 2273 1602 ἑστίαν
2342 1547 2612 1605 Ἰσαακίου
2688 1551 2784 1604 τοῦ
2842 1542 3348 1624 σεϐαστοκράτορος
3411 1547 3490 1612 εἰς
3548 1545 3758 1606 πανδο-

2093 1641 2249 1713 χεῖον
2310 1639 2732 1712 μετασκευάσας,
2792 1633 2999 1714 ἀνδρῶν
3063 1637 3164 1712 μὲν
3221 1637 3406 1694 ἑκατὸν
3481 1637 3754 1711 παρέθηκε

2091 1724 2358 1802 τράπεζαν
2435 1728 2524 1783 καὶ
2599 1725 2791 1791 κλίνας
2864 1727 3214 1806 ἱσομέτρους,
3301 1726 3748 1801 τοσαυταρίθμων

2094 1813 2154 1871 δὲ
2218 1816 2534 1893 ὑποζυγίων
2599 1817 2854 1881 ἱππῶνας
2920 1817 3200 1890 ἀνέστησε⁶
3295 1816 3386 1872 καὶ
3434 1815 3742 1871 -είστιῶντο

2093 1907 2211 1960 καθ’
2277 1904 2506 1978 εκάστην
2577 1907 2629 1962 οἱ
2695 1903 3150 1982 παραϐάλλοντες
3218 1906 3345 1978 ἄτερ
3420 1903 3748 1969 καταθέσεως

2098 1994 2358 2072 ἀργυρίου
2435 1995 2517 2073 ἐφ’
2591 1996 2827 2071 ἡμέραις
2900 1995 3142 2052 πλείοσι.
3222 1990 3509 2053 Μετέϐαλε
3581 1990 3638 2048 δὲ
3677 1991 3752 2055 εἰς

2099 2090 2454 2158 νοσοκομεῖον
2514 2085 2604 2140 καὶ
2664 2084 2793 2146 τοὺς
2853 2083 3180 2160 βασιλικοὺς
3230 2081 3444 2156 δόμους
3489 2081 3582 2148 οὕς
3623 2080 3758 2137 κατὰ

2096 2175 2188 2230 τὸν
2221 2175 2352 2230 νεὼν
2413 2179 2521 2228 τῶν
2575 2174 2992 2246 Τεσσαράκοντα
3052 2173 3344 2248 μαρτύρων
3405 2173 3434 2227 ὁ
3495 2169 3758 2247 βασιλεὺς

2099 2261 2444 2338 Ἀνδρόνικος
2498 2261 2838 2337 ὲδομησατο.
2897 2263 3018 2319 “Et:
3077 2281 3139 2338 γε
3197 2261 3460 2335 μήν-τὸν
3508 2263 3607 2314 τοῦ
3664 2279 3759 2332 με·

2093 2351 2268 2428 γάλου
2326 2349 2694 2428 δρουγγαρίου
2741 2349 3159 2426 ὀνομαζόμενον
3221 2349 3369 2405 οἷκον
3416 2348 3476 2403 ἐκ
3522 2351 3621 2404 τοῦ
3680 2345 3764 2402 δε-

2096 2441 2394 2512 σπόζοντος
2423 2439 2802 2515 ὠνησάμενος,
2853 2439 3068 2515 ὁμοίως
3123 2439 3216 2495 καὶ
3270 2441 3464 2494 τοῦτον
3508 2436 3584 2498 εἰς
3633 2435 3764 2492 ἀνά-

2094 2551 2286 2605 παυμα
2329 2534 2436 2586 τῶν
2487 2530 2910 2606 καχεκτούντων
2972 2528 3248 2600 ἀπέταξεν,
3299 2525 3520 2589 οὐδενὸς
3569 2526 3760 2597 φεισά-

2099 2640 2257 2696 μενος
2308 2618 2484 2675 ὁπόσα
2539 2618 2674 2696 πρὸς
2729 2619 2894 2693 ῥῶσιν
2954 2618 3126 2694 ὁρῶσι
3179 2621 3287 2672 τῶν
3357 2615 3749 2673 ἀσθενούντων.

2098 2711 2200 2768 Καὶ
2227 2709 2398 2785 πυρὸς
2436 2710 2499 2766 τὸ
2556 2711 2922 2786 προσάρκτιον
2970 2707 3148 2783 κλίμα
3189 2713 3293 2778 τῆς
3349 2705 3568 2767 πόλεως
3616 2704 3756 2784 ἀφα-

2093 2799 2362 2870 νίσαντος,
2423 2796 2694 2855 διαδόσεσι
2743 2798 3051 2879 χρημάτων
3107 2798 3236 2860 τοὺς
3295 2795 3347 2858 ἐς
3407 2792 3614 2869 δόμους
3664 2793 3752 2849 καὶ

2091 2889 2160 2946 τὰ
2189 2886 2329 2963 ,ὄντα
2389 2887 2767 2964 ζημιωθέντας
2835 2885 3192 2964 παρεκάλεσε.
3261 2884 3359 2940 Καὶ
3431 2883 3757 2960 βασιλεύσας

2091 2980 2209 3038 τοῖς
2275 2973 2536 3038 πολίταις
2599 2971 2840 3048 διένειμε
2905 2973 3138 3049 χρυσίου
3202 2973 3520 3046 κεντηνάρια
3577 2971 3755 3032 πέντε.

2093 3065 2202 3122 Καὶ
2242 3071 2344 3136 τῆς
2397 3062 2642 3140 μεγάλης
2709 3059 3019 3139 ἑϐδομάδος
3087 3062 3454 3143 ἐφισταμένης
3515 3062 3635 3127 καθ’
3690 3061 3760 3132 ἣν

2095 3154 2163 3211 τὰ
2201 3153 2334 3230 ὑπὲρ
2395 3155 2558 3226 ἡμῶν
2617 3156 2715 3208 τοῦ
2773 3153 3138 3230 θεανθρώπου
3200 3153 3350 3224 πάθη
3420 3147 3760 3222 σεϐάζονται,

2103 3241 2320 3305 πολλάς
2355 3263 2415 3298 τε
2457 3236 2884 3316 ἆποϐαλομένας
2939 3241 3152 3316 θανάτῳ
3201 3239 3331 3303 τοὺς
3384 3238 3596 3303 εὐνέτας
3644 3239 3764 3294 ἀνε-

2102 3337 2267 3390 κτᾶτο
2297 3339 2398 3404 τῆς
2431 3331 2662 3412 χηρείας
2715 3330 2783 3388 δι’
2837 3330 3084 3402 εὐποιας,
3141 3329 3231 3387 καὶ
3291 3331 3576 3406 παρθένοις
3632 3328 3764 3406 ἐχοο

331 3428 592 3498 baberet,
625 3427 778 3498 quod
811 3424 921 3482 hoc
952 3425 1124 3481 modo
1145 3424 1353 3482 iisdem
1386 3423 1811 3480 restitueretur.
1843 3420 1982 3479 Nam

2104 3427 2258 3504 ρήγει
2334 3425 2400 3482 τὰ
2475 3426 2612 3501 πρὸς
2680 3424 2966 3502 γαμήλιον
3021 3421 3166 3499 δόμα
3220 3423 3311 3480 καὶ
3367 3420 3616 3480 παστάδα
3670 3421 3764 3479 καὶ

333 3518 610 3575 immensi
643 3520 920 3589 sumptus
959 3515 1297 3573 efﬁciebant
1325 3523 1388 3570 ut
1418 3514 1477 3570 in
1513 3511 1835 3586 provincias
1865 3512 1982 3568 mit-

2106 3515 2362 3590 ὑμέναιον
2391 3513 2696 3587 ἐπιτήδεια.
2731 3513 2809 3572 Οὐ
2852 3516 3021 3588 μόοον
3075 3510 3132 3569 δὲ
3186 3513 3306 3568 καθ’
3348 3510 3440 3568 ἕνα
3499 3512 3592 3569 καὶ
3641 3513 3765 3568 κατ’

333 3619 475 3668 teret
505 3610 774 3666 homines
806 3612 1134 3682 corruptos,
1174 3608 1276 3681 qui
1330 3607 1710 3681 magistratus
1767 3605 1982 3663 auctio-

2102 3606 2288 3670 οἷ’κους
2319 3605 2410 3663 καὶ
2470 3605 2783 3683 συγγενείας
2836 3602 3148 3680 ἐνεπίμπλα
3197 3600 3562 3684 φιλοδωρίας,
3616 3600 3764 3658 ἀλλὰ

332 3705 632 3758 narentur.
669 3702 808 3767 Quae
839 3714 1014 3756 causa
1069 3703 1198 3754 erat
1244 3703 1307 3753 ut
1365 3713 1456 3754 res
1488 3696 1720 3769 publica
1750 3712 1982 3770 pessum

2097 3697 2189 3752 καὶ
2219 3695 2411 3759 πόλεις
2443 3693 2584 3750 ἔστιν
2616 3695 2706 3751 ’ὀτε
2737 3692 2872 3760 δλας
2901 3693 3184 3772 εὐηργέτει
3235 3698 3356 3757 ταῖς
3412 3697 3524 3750 τῶν
3575 3691 3760 3768 φόρων

330 3789 608 3847 iret.Nam
635 3787 884 3861 pecunia
909 3804 1012 3860 per
1032 3787 1152 3844 vim
1172 3791 1230 3843 et
1257 3785 1522 3842 fraudem
1555 3785 1982 3858 quassitaetiam

2097 3785 2356 3840 ἀνέσεσιν.
2389 3789 2475 3846 Ὠς
2505 3780 2550 3838 δ’
2584 3781 2712 3844 ἔπος
2754 3781 2948 3856 εἷπεῖν,
3009 3781 3185 3844 οὕτως
3241 3778 3432 3859 ἔχαιρε
3483 3785 3564 3855 τῷ
3616 3779 3759 3855 ἐλέῳ

331 3880 480 3937 bene
512 3884 738 3952 partam
773 3894 892 3934 una
924 3875 1253 3948 corrumpit
1283 3879 1341 3930 et
1397 3873 1676 3931 absumit.
1709 3872 1988 3938 Quamvis

335 3973 531 4026 autem
566 3985 784 4041 pronus
817 3967 874 4022 in
897 3965 1046 4022 iram
1073 3968 1248 4031 esset,
1272 3967 1470 4019 tamen
1504 3978 1608 4018 nee
1669 3978 1702 4017 a
1731 3960 1986 4017 clemen-

332 4058 416 4116 tia
445 4063 569 4115 erat
592 4057 843 4127 alienus,
881 4059 938 4112 et
969 4054 1248 4110 saevitiam
1282 4051 1532 4108 subinde
1554 4051 1984 4117 moderabatur,

335 4153 392 4204 et
449 4145 847 4220 placabilitate
899 4142 1209 4200 hominum
1270 4155 1564 4196 aerumnas
1621 4138 1981 4196 sublevabat.

333 4239 492 4306 Qua),
517 4237 746 4309 aliaque
777 4253 810 4290 ιι
849 4234 1019 4290 nobis
1049 4231 1200 4290 587
1265 4229 1636 4304 pretermissa
1666 4245 1798 4286 cum
1840 4229 1986 4287 face-

333 4331 442 4396 ret,
477 4342 539 4382 se
571 4326 777 4398 palmas
809 4323 999 4379 instar
1027 4321 1100 4378 ad
1132 4320 1350 4377 ﬂumen
1388 4318 1510 4376 sitas
1535 4319 1756 4387 ﬂorere,
1787 4321 1846 4375 et
1874 4319 1983 4375 im-

331 4417 491 4488 perio
541 4414 790 4470 solidius
865 4412 1110 4468 inﬁxum
1164 4425 1296 4467 esse
1373 4425 1550 4482 quam
1608 4407 1789 4466 solem
1838 4409 1980 4466 ccelo

330 4505 744 4573 arbitrabatur,
776 4506 835 4559 et
856 4507 920 4558 ut
951 4500 1130 4557 altam
1164 4501 1402 4556 cedrum
1449 4499 1655 4556 Libani
1687 4499 1746 4554 in
1775 4499 1980 4572 longas

2094 3875 2186 3928 καὶ
2243 3874 2380 3949 πρὸς
2433 3874 2533 3944 τήν
2592 3877 2702 3928 τῶν
2763 3872 3130 3949 ἀγειρομένων
3189 3873 3492 3944 ἀπόκτησιν
3547 3866 3756 3946 ἔῤῥωτο

2093 3964 2168 4024 ὡς
2199 3959 2490 4017 ἀπαντλεῖν
2518 3961 2853 4040 ἀμφοτέραις
2897 3961 2966 4017 τὰ
3017 3960 3386 4038 έπεισρέοντα·
3439 3961 3559 4017 ὅθεν
3605 3959 3756 4032 αὐτῷ

2094 4049 2347 4108 ὑπεισέδυ
2395 4053 2485 4107 καὶ
2539 4051 2796 4115 ὑπούλως
2845 4052 3253 4132 παρεισεφθάρη
3297 4051 3362 4108 τὸ
3415 4051 3492 4126 μὴ
3543 4050 3602 4106 ἐκ
3649 4050 3755 4106 πό·-

2093 4163 2200 4218 ρων
2255 4141 2338 4197 ἀεί
2396 4163 2529 4198 ποτε
2587 4139 2812 4197 δικαίων
2867 4141 2935 4198 τὰ
2990 4144 3255 4218 χρήματα
3311 4140 3756 4218 συγκομίζεσθαι.

2091 4235 2203 4296 Τὰς
2233 4235 2336 4310 γὰρ
2381 4238 2488 4290 τῶν
2540 4230 2792 4290 δαπανῶν
2853 4233 3190 4310 ὑπερόγκους
3247 4238 3317 4309 τῇ
3377 4231 3613 4304 ἀσωτείᾳ
3666 4229 3758 4309 ἒγ-

2088 4323 2344 4400 γιζούσας
2405 4325 2456 4380 οἱ
2515 4321 2768 4380 πλεῖστοι
2834 4325 2910 4399 μή
2987 4323 3360 4402 ὑφορώμενοι,
3427 4321 3758 4400 εἰσπράξεων

2093 4413 2374 4489 ἐφευρεταῖ
2405 4417 2602 4469 καινῶν
2673 4413 3059 4486 καθιστάμενοι
3117 4413 3195 4476 ὡς
3252 4413 3506 4490 γεωργίῳ
3563 4410 3759 4486 ἡμέρῳ

2096 4501 2321 4577 μελίνην
2355 4503 2391 4574 ἢ
2423 4500 2568 4579 ῥόδῳ
2599 4501 2880 4577 ἀνεμώνην
2909 4503 2974 4557 τὰ
3035 4503 3113 4578 μὴ
3167 4499 3356 4566 καλῶς
3412 4497 3542 4577 μηδ’
3591 4500 3758 4565 ὁσίως

329 4599 525 4652 aetates
583 4595 957 4650 duraturum.
993 4589 1151 4645 Idem
1213 4592 1271 4644 et
1301 4588 1451 4643 alius
1501 4587 1846 4659 iudicasset,
1877 4588 1978 4660 qui

2093 4591 2460 4668 συλλεγόμενα
2535 4593 2874 4670 συμφύρουσι
2952 4594 3218 4672 χρήματα
3289 4597 3411 4656 τοῖς
3519 4590 3754 4654 δικαίοις

327 4686 608 4758 optimam
640 4685 864 4756 partem
910 4678 1184 4752 elegisset
1213 4685 1268 4733 et
1297 4676 1618 4747 dilexisset,
1651 4692 1754 4732 nec
1807 4693 1978 4732 mun-

2093 4679 2441 4754 πορίσμασιν.
2496 4683 2811 4757 Κατάφορος
2864 4678 2910 4736 δ’
2969 4679 3045 4737 ὥν
3100 4681 3178 4744 εἷς
3239 4683 3413 4756 θυμὸν
3473 4679 3604 4738 οὐδὲ
3653 4685 3754 4736 τοῦ

327 4778 479 4832 dana
511 4775 796 4831 duntaxat
825 4773 1112 4836 curasset,
1153 4768 1256 4824 sed
1301 4771 1360 4822 et
1411 4766 1670 4822 futurum
1703 4765 1984 4822 secutum

328 4865 588 4937 quotidie
621 4879 737 4935 prae
777 4859 966 4916 oeulis
1005 4857 1332 4914 habuisset.
1358 4855 1503 4911 Nam
1538 4854 1755 4910 bonum
1779 4858 1837 4910 et
1865 4869 1986 4910 ma-

329 4954 450 5008 lum
480 4951 538 5007 in
587 4949 1052 5019 uniuscujusque
1099 4948 1390 5019 potestate
1448 4947 1504 4999 et
1540 4941 1764 5014 judicio
1803 4943 1978 5000 situm

328 5045 440 5107 est,
472 5043 539 5095 ut
566 5038 628 5094 id
677 5036 894 5109 deligat
961 5041 1019 5092 et
1064 5040 1196 5108 agat
1229 5031 1384 5106 quod
1433 5035 1548 5088 Deo
1606 5037 1836 5104 gratum
1869 5036 1977 5093 est.

328 5129 491 5196 Quod
523 5128 618 5199 qui
649 5125 804 5193 facit,
837 5127 897 5181 in
931 5125 1146 5181 multos
1171 5138 1358 5180 annos
1405 5120 1665 5189 durabit,
1700 5123 1978 5193 quemad-

325 5218 567 5274 modum
630 5222 832 5273 contra
879 5215 1280 5288 improborum
1339 5211 1512 5268 vitam
1568 5211 1799 5268 brevem
1856 5212 1979 5270 fore

322 5307 592 5376 dicimus,
654 5305 948 5378 prephetae
993 5303 1395 5360 auctoritatem
1426 5301 1634 5370 secuti,
1661 5301 1760 5373 qui
1819 5302 1976 5360 viros

318 5395 731 5466 sanguinarios
745 5400 802 5450 et
815 5393 1047 5450 dolosos
1064 5393 1134 5448 ad
1153 5390 1464 5448 dimidium
1491 5389 1722 5446 dierum
1736 5407 1974 5448 suorum

315 5492 695 5558 perventuros
725 5500 853 5541 esse
883 5489 1075 5555 negat.
1109 5481 1260 5538 Deus
1290 5496 1420 5536 vero
1461 5495 1578 5536 non
1636 5481 1716 5536 ita
1746 5481 1973 5538 statuit.

309 5570 458 5640 Quis
482 5587 614 5632 vero
647 5573 808 5631 novit
832 5579 1085 5629 mentem
1110 5568 1464 5636 Domini,aut
1494 5568 1568 5626 ab
1590 5585 1656 5626 eo
1689 5568 1748 5624 in
1781 5570 1972 5628 consi-

297 5665 457 5720 lium
479 5666 566 5718 est
601 5663 904 5722 adhibitus
937 5665 960 5718 Ρ

2097 4771 2414 4842 συμπαθοῦς
2446 4768 2617 4840 ἤθους
2646 4769 2950 4843 ἀπῴκιστο,
2984 4769 3114 4827 ἀλλ’
3160 4769 3321 4834 αὐτὸς
3373 4771 3565 4826 ἑαυτὸν
3616 4771 3752 4846 πρὸς

2097 4857 2380 4932 εὐμένειαν
2431 4857 2706 4936 ἐπανάγων
2764 4855 3071 4934 σύνδρομον
3125 4858 3400 4922 πολλάκις
3459 4857 3752 4928 ἐπεποίητο

2093 4951 2162 5022 τῇ
2194 4947 2332 5024 ὀργῇ
2380 4948 2480 5017 τὴν
2527 4947 2888 5022 συμπάθειαν,
2945 4949 3038 5004 καὶ
3089 4953 3215 5013 ταῖς
3276 4952 3586 5028 συμφοραῖς
3637 4950 3747 5000 τῶν

2095 5037 2393 5112 ἀνθρώπων
2454 5035 2836 5112 έπικλώμενος
2885 5039 2956 5094 τὰ
3011 5039 3148 5113 πρὸς
3207 5037 3479 5118 ὑφαίρεσιν
3535 5033 3743 5105 ἑκάστῳ

2089 5123 2378 5200 ἕπεμέτρει
2440 5129 2551 5181 τῶν
2629 5125 2913 5202 ἀλγεινῶν.
2973 5130 3156 5184 Ταῦτα
3213 5123 3270 5182 δὲ
3321 5124 3596 5199 πράττωνι
3651 5121 3742 5176 καὶ

2089 5213 2216 5270 ἄλλ’
2245 5214 2420 5271 ὁπόσα
2489 5215 2553 5272 τὸ
2612 5213 2787 5290 λέγειν
2837 5213 3206 5294 παρεδραμεν,
3246 5213 3451 5289 ᾢετοτῆ
3499 5210 3752 5290 βασιλείᾳ

2089 5303 2475 5384 ἐνεστηρίχθαι
2508 5305 2584 5368 ὠς
2642 5303 2768 5362 οὐδὲ
2807 5304 3043 5383 οὐρανίῳ
3093 5307 3444 5383 σφαιρώματι
3492 5299 3748 5375 ἢλιος,ἤ

2086 5395 2178 5457 ὡς’
2245 5393 2510 5471 στέλεχος
2565 5394 2811 5474 φοίνικος
2879 5395 2982 5452 ὑπὸ
3068 5396 3247 5470 ὀσμῆς
3305 5393 3754 5468 ἀναθηλούμενος

2084 5480 2282 5547 ὕδατος
2312 5483 2405 5540 καὶ
2463 5481 2654 5561 κέδρος
2713 5480 3010 5561 Λιϐανίτης
3072 5483 3350 5560 ὑψίκομος
3407 5483 3463 5548 ἐς
3510 5481 3754 5546 κύκλους

2091 5570 2492 5648 διατηρηθῆναι
2562 5572 2920 5651 μακραιιῖωων
2987 5573 3272 5630 ἐνιαυτῶν.
3331 5577 3515 5632 Τοῦτο
3593 5569 3641 5628 δ’
3693 5571 3756 5627 ἄν

2088 5662 2182 5719 καὶ
2241 5661 2415 5727 ἄλλος
2481 5684 2566 5727 τις
2637 5663 2944 5720 ὑπετόπασε
3005 5663 3106 5734 τὴν
3165 5663 3380 5738 ἀγαθὴν
3452 5661 3755 5741 ἀποκρίνας

287 5741 508 5825 μερίδα
538 5754 629 5810 καὶ
659 5749 1065 5824 ἀσπασάμενος,
1096 5747 1187 5804 καὶ
1225 5749 1302 5824 μὴ
1327 5751 1444 5812 τοῖς
1499 5746 1634 5804 ἑπτὰ
1694 5748 1860 5823 μόνον
1915 5749 2102 5820 διὸοὑς
2162 5755 2226 5812 τὸ
2281 5752 2580 5831 ἀνάλογον,
2639 5751 2788 5812 ἀλλὰ
2841 5751 2934 5811 καὶ
2986 5753 3050 5810 τὸ
3118 5760 3222 5826 τῆς
3278 5753 3482 5830 ὀγδόης
3543 5753 3756 5832 μυστή-
