4102 6388
348 387 469 452 81⁷
1475 383 1575 444 DE
1618 376 1930 445 ISAAGIO
1970 379 2009 439 Α

2118 378 2286 440 lELO
2328 378 2483 439 LIB.
2532 377 2643 440 III.
3667 379 3788 439 818

357 542 473 598 ριον
525 517 672 601 ἔχων
728 520 836 595 πρὸ
897 514 1223 597 ὀφθαλμῶν.
1279 516 1371 572 κάὶ
1426 521 1507 590 τῷ
1562 523 1663 586 τῆς
1719 513 1800 595 ἐφ’
1858 514 2091 601 ἑκάτερα,
2140 513 2316 587 ῥοπῆς
2371 514 2458 586 [Ρ.
2524 513 2650 586 286]
2707 510 2909 587 Κύριος
2968 510 3098 601 εἶναι
3156 507 3481 587 προσρέπων
3544 515 3639 587 μὶν
3698 515 3782 570 ἀεὶ

346 619 464 675 τοῖς
520 598 824 687 ἀμείνοσιν,
891 615 1010 671 τοῖς
1067 607 1114 664 δ’
1175 606 1440 669 ἐναντίοις
1497 606 1903 682 ἐπινηχόμενος
1969 600 2215 680 βράδιον,
2277 601 2404 659 ἀλλ’
2465 602 2527 658 οὐ
2584 602 2870 687 γινόμενος
2931 598 3295 679 ὑποϐρύχιος,
3356 603 3484 665 Θεὸς
3546 602 3602 658 δὲ
3675 606 3782 684 οὐχ

355 701 498 758 οὕτω
533 696 892 776 βεϐούληται.
942 697 1041 762 Τίς
1101 695 1147 753 δ’
1205 691 1346 774 ἔγνω
1395 699 1519 751 νοῦν
1572 693 1854 769 Κυρίου,ἢ
1887 691 1971 755 τίς
2030 690 2517 768 συμπαρείληπται
2580 694 2633 747 οἱ
2691 686 3050 765 σύμϐουλος;
3110 689 3331 765 Ἀμέλει
3390 693 3481 747 καὶ
3538 690 3783 748 ἐκποδὼν

350 792 441 847 τὸν
493 788 663 864 ἄνδρα
717 790 898 845 θὲσθαι
957 788 1022 844 τὸ
1080 788 1227 843 θεῖον
1282 785 1806 860 προμηθευσάμενον
1860 780 2053 857 ἀρίστῃ
2112 779 2300 855 πράξει
2357 782 2448 836 καὶ
2517 778 2789 856 καλλίστῃ
2876 780 3157 856 προθυμίᾳ
3234 786 3605 857 συνεπεγεῖραν
3662 782 3779 836 οἶον

350 880 513 934 αὐτὸν
542 878 633 935 καὶ
664 877 974 954 ἔπιρρῶσαν
1005 878 1317 953 χρήσασθαι
1345 874 1616 930 ἀσπαστὸν
1644 872 1734 927 καὶ
1770 870 1903 947 μετά
1932 870 2031 938 την
2061 869 2315 925 ἀπόθεσιν
2344 875 2446 940 τῆς
2478 869 2659 946 ἀρχῆς
2687 876 2806 932 τοῖς
2836 867 3085 926 πλείοσιν
3114 865 3305 941 ἔδειξε.

430 970 501 1038 η“’
533 968 627 1037 Μή
659 968 836 1045 φέρειν
865 967 970 1043 γὰρ
997 960 1142 1042 ἔχων
1173 966 1271 1027 τάς
1328 964 1463 1038 μετά
1515 963 1737 1017 Σκυθῶν
1792 956 2009 1034 ἐπιδρο-

2197 960 2252 1015 8.
2298 962 2579 1017 Caeterum
2628 978 2762 1017 cum
2820 977 2953 1017 eum
3012 962 3084 1017 ab
3140 960 3387 1032 imperio
3448 965 3783 1017 remoturus

356 1057 458 1131 μάς
497 1058 588 1112 καὶ
620 1054 877 1131 λῃστείας
908 1060 1017 1111 τῶν
1070 1052 1329 1129 Βλάχων,
1381 1051 1766 1124 πληττόμενος
1814 1046 1872 1104 δὲ
1922 1046 2013 1103 καὶ

350 1151 431 1219 τῷ
463 1146 551 1201 τὸν
601 1142 759 1201 Γίδον
820 1143 1063 1218 ’Λλέξιον
1104 1144 1197 1199 καὶ
1253 1143 1349 1198 τὸν
1398 1142 1639 1211 Βατάζην
1701 1137 2014 1205 Βασίλειον,

353 1239 428 1292 ὧν
458 1237 486 1291 6
522 1236 617 1309 μὶν
646 1238 756 1291 τῶν
790 1235 979 1307 Ἐῲων
1013 1235 1205 1311 ἡγεῖτο
1232 1233 1546 1307 ταγμάτων,
1578 1232 1607 1287 6
1639 1227 1697 1285 δὲ
1728 1227 2012 1298 Βατάτζης

352 1331 461 1382 τῶν
492 1325 794 1399 Ἑσπερίων
845 1321 1222 1398 προύκάθητο,
1272 1319 1690 1396 συμπλακέντας
1738 1323 1860 1397 τοῖς
1910 1338 2009 1372 πο-

350 1413 568 1488 λεμίοις
614 1407 837 1489 ἔγγιστά
892 1432 1000 1468 που
1051 1416 1148 1467 τοῦ
1213 1409 1561 1483 πολίσματος
1628 1406 1691 1463 οὗ
1746 1405 2011 1481 δομήτωρ

349 1500 643 1579 Ἀρκάδιος
692 1503 770 1575 μή
820 1501 986 1575 μόνον
1038 1497 1192 1556 οὐδὲν
1257 1520 1312 1555 τι
1378 1494 1798 1573 κατωρθωκέναι
1863 1516 2012 1572 χρη-

350 1592 497 1660 στὸν,
528 1590 674 1647 ἀλλά
702 1592 796 1646 τὸν
857 1591 953 1665 μὲν
1008 1586 1167 1645 Γίδον
1221 1589 1480 1664 ἀκόσμως
1536 1592 1730 1665 φυγεῖν
1782 1584 2012 1642 ἀπολω-

350 1681 550 1739 λεκότα
586 1681 650 1736 τὸ
698 1684 943 1755 κρεῖττον
993 1685 1094 1749 τῆς
1162 1683 1438 1754 στρατιᾶς,
1493 1677 1585 1733 τὸν
1640 1674 1700 1731 δὲ
1766 1676 2012 1754 συμφθαο

355 1774 665 1847 ρῆναιταῖς
727 1770 816 1824 ὑπ’
868 1768 1026 1824 αὐτὸν
1086 1766 1317 1840 τάξεσιν,
1376 1761 1512 1842 ἔγνω
1569 1763 1660 1820 καὶ
1715 1761 1881 1819 πάλιν
1941 1760 2013 1817 δι’

351 1860 548 1915 ἑαυτοῦ
580 1857 715 1927 κατά
769 1862 878 1911 τῶν
938 1853 1254 1911 ἀντιπάλων
1315 1854 1683 1932 ἐξενέγκασθαι
1735 1850 2008 1925 πόλεμον.

350 1946 636 2023 Συλλογαὶ
685 1946 778 2001 οὗν
836 1945 928 2001 καὶ
980 1943 1292 2022 ἀπογραφαί.
1348 1947 1457 1999 τῶν
1514 1944 1843 2015 Ῥωμαϊκῶν
1899 1938 2010 2015 ἐγί-

349 2058 506 2095 νοντο
533 2035 973 2112 στρατευμάτων,
1023 2033 1124 2089 οὐκ
1172 2034 1396 2109 ἀχρεῖον
1450 2030 1507 2089 δὲ
1554 2033 1645 2089 καὶ
1690 2031 1753 2088 τὸ
1816 2030 2006 2105 μισθο-

348 2127 575 2205 φορικὸν
608 2124 947 2200 συνελέγετο.
983 2127 1208 2197 Πεμψας
1242 2122 1299 2179 δὲ
1327 2124 1418 2179 καὶ
1467 2122 1604 2199 πρὸς
1651 2123 1747 2178 τὸν
1797 2119 2008 2176 ἐκείνου

346 2215 601 2291 πενθερὸν
628 2215 719 2270 τὸν
753 2214 895 2290 ῥῆγα
923 2218 1032 2269 τῶν
1084 2210 1299 2271 Οῧννων
1348 2210 1416 2267 δι’
1472 2210 1776 2282 ἐπικούρων
1820 2209 2007 2285 ᾐτεῖτο

2122 1050 2572 1117 esset,animum
2604 1052 2730 1122 ejus
2754 1050 2826 1107 ad
2852 1066 2944 1107 res
2972 1050 3282 1123 praclaras
3320 1055 3495 1122 atque
3526 1050 3780 1123 optimas

2120 1136 2412 1204 excitavit,
2440 1143 2504 1195 ut
2532 1155 2598 1196 eo
2638 1139 2812 1196 etiam
2846 1140 3065 1196 amisso
3120 1138 3416 1213 plerisque
3447 1139 3664 1197 chartis
3717 1145 3777 1196 et

2121 1230 2359 1297 optatus
2405 1234 2576 1284 esset.
2612 1228 2757 1287 Nam
2808 1245 2941 1286 cum
2993 1228 3339 1286 Blachorum
3374 1245 3507 1285 cum
3540 1228 3772 1301 Scythis

2119 1315 2273 1374 588
2320 1316 2686 1373 incursiones
2727 1321 2784 1373 et
2838 1318 3145 1376 latrocinia
3194 1319 3340 1376 ferre
3371 1335 3488 1375 non
3548 1322 3765 1391 posset,

2116 1408 2294 1478 atque
2351 1405 2549 1463 animo
2608 1406 3028 1479 percellerctur
3085 1409 3238 1479 quod
3294 1409 3531 1465 Alexius
3588 1407 3775 1464 Guido

2117 1494 2503 1551 Orientalium
2535 1499 2592 1552 et
2620 1497 2878 1553 Batatzes
2910 1496 3161 1554 Basilius
3203 1497 3668 1553 Occidentalium
3700 1496 3778 1554 le.

2116 1583 2359 1656 gionum
2410 1585 2551 1653 dux,
2587 1602 2768 1659 prope
2819 1586 3245 1658 Arcadiopolim
3304 1603 3437 1642 cum
3499 1586 3784 1642 hostibus

2116 1675 2433 1747 congressi,
2466 1692 2585 1733 non
2618 1677 2793 1734 modo
2841 1691 2965 1732 rem
2999 1675 3149 1732 male
3190 1676 3536 1748 gessissent,
3569 1692 3774 1733 verum

2115 1765 2289 1822 etiam
2337 1766 2522 1822 Guido
2552 1766 2776 1823 amissa
2804 1766 3027 1838 majore
3080 1766 3370 1824 exercitus
3402 1773 3564 1838 parte
3594 1766 3777 1823 etl‘use

2116 1854 2380 1927 fugisset,
2410 1854 2551 1911 alter
2586 1871 2715 1913 vero
2769 1872 2886 1911 una
2917 1871 3051 1911 cum
3105 1857 3228 1911 suis
3268 1855 3455 1927 copiis
3489 1853 3777 1927 periisset,

2114 1945 2307 2002 denuo
2361 1959 2467 2001 suo
2496 1946 2676 2001 ductu
2709 1944 2951 2017 suisque
2994 1944 3276 2016 auspiciis
3315 1960 3477 2001 arma
3513 1944 3781 2000 hostibus

2112 2035 2330 2092 inferre
2377 2036 2602 2093 statuit.
2631 2035 3005 2107 Colliguntur
3046 2040 3105 2092 et
3153 2035 3619 2093 conscribuntur
3650 2036 3780 2092 ubi-

2112 2141 2221 2196 que
2270 2125 2547 2181 Romanaa
2601 2125 2884 2197 legiones,
2916 2140 3107 2195 neque
3157 2141 3333 2196 parva
3386 2125 3605 2179 auxilia
3632 2141 3779 2181 con-

2112 2214 2432 2271 ducuntur.
2476 2212 2759 2286 Implorat
2799 2216 2858 2268 et
2889 2212 3075 2269 soceri
3112 2210 3228 2268 "sui
3278 2212 3590 2284 Hungariae
3623 2212 3778 2283 regis

349 2304 624 2380 σύναρσιν.
679 2308 741 2361 Ὁ
798 2301 857 2358 δὲ
907 2302 1159 2377 ἀσμένως
1224 2302 1510 2378 ἐπαρήξειν
1595 2298 1863 2370 ἐπένευσε,
1916 2320 2007 2370 καί

2118 2320 2289 2377 opem
2324 2324 2339 2373 ;
2371 2307 2429 2360 et
2490 2302 2661 2360 facile
2699 2303 2978 2375 impetrat
3030 2306 3094 2358 ut
3148 2303 3200 2358 is
3254 2319 3317 2358 se
3364 2319 3465 2373 per
3495 2302 3776 2374 Bidynam

348 2391 439 2450 διὰ
464 2401 566 2465 τῆς
623 2390 847 2465 Βιδίνης
902 2391 1201 2467 ἐκπέμψειν
1259 2391 1381 2455 ἴλας
1438 2391 1686 2455 συνέθετο
1740 2390 2009 2466 στρατιώ-

344 2481 523 2546 τιδας.
568 2486 936 2559 ’Άποχρῶσαν
992 2481 1086 2537 οὖν
1143 2482 1244 2550 τὴν
1301 2486 1400 2537 τοῦ
1454 2478 1823 2554 στρατοπέδου
1881 2477 2009 2551 ξυλ-

346 2572 521 2649 λογὴν
551 2572 941 2648 ἐργασάμενος,
984 2571 1076 2626 καὶ
1134 2571 1296 2626 πέντε
1357 2571 1456 2643 μὶν
1513 2570 1653 2647 πρὸς
1710 2574 1826 2632 τοῖς
1881 2566 2013 2624 δέκα

346 2662 581 2742 χρυσίου
645 2661 1106 2734 ἐνσκευασάμενος
1196 2658 1544 2735 κεντηνάρπ,
1630 2658 1889 2735 ἀργυρίου
1957 2655 2003 2712 δ,

348 2753 635 2825 ἐνθέμενος
711 2751 841 2825 ὅπερ
914 2748 984 2805 τὰ
1057 2749 1340 2821 ἑξήκοντα,
1416 2749 1508 2805 καὶ
1579 2748 1719 2824 ἕτερ’
1778 2748 1911 2803 ἅττα
1937 2751 2009 2822 τῇ

352 2845 577 2915 στρατιᾷ
635 2836 1064 2917 ἐφοδιασάμενος
1122 2840 1399 2914 χρήσιμα,
1440 2837 1578 2894 κατά
1619 2838 1716 2901 τὰς
1767 2836 2013 2913 Μαρτίου

355 2932 569 3007 ἡμέρας
637 2937 738 3000 τῆς
810 2925 1093 3006 βασιλίδος
1154 2932 1264 2984 τῶν
1328 2928 1544 2984 πόλεων
1593 2923 1802 3002 ἔξεισιν,
1858 2927 2012 3008 ἀφεὶς

351 3021 540 3078 ἑαυτὸν
584 3023 723 3092 Θεῷ,
783 3018 874 3074 καὶ
927 3019 1066 3075 κατὰ
1116 3022 1226 3074 τῶν
1290 3014 1579 3095 βαρϐάρων
1638 3017 1896 3091 στηρίξας
1948 3018 2013 3073 τὸ

349 3110 488 3166 ἴδιον
517 3111 812 3186 πρόσωπον
853 3108 946 3164 καὶ
977 3107 1088 3173 θείς
1143 3107 1272 3163 ὡσεὶ
1320 3106 1531 3182 πέτραν
1589 3108 1718 3164 αὐτὸ
1770 3108 2011 3185 στερεὰν,

348 3209 438 3265 καὶ
468 3207 592 3284 ὅρον
646 3215 747 3277 τῆς
812 3204 1220 3281 ἐπαναστροφῆς
1281 3205 1504 3280 θέμενος
1559 3208 1620 3262 τὸ
1677 3206 1844 3281 πέρας
1902 3210 2010 3261 τῶν

351 3298 526 3375 ἔργων
571 3300 648 3353 ὧν
689 3295 853 3377 χάριν
903 3296 1041 3352 κατά
1089 3300 1196 3351 τῶν
1249 3297 1568 3352 ἀποστατῶν
1620 3295 2009 3372 ἐξεστράτευεν,

353 3388 404 3442 sl
434 3389 529 3461 μὲν
561 3385 734 3458 δεξιὸν
782 3385 867 3457 εἴη
920 3385 1105 3457 τοῦτο,
1166 3386 1505 3450 ἐπανατιθείς
1552 3390 1634 3458 τῷ
1678 3391 1817 3459 Θεῷ,
1869 3386 1914 3441 εἱ
1965 3382 2012 3440 δ’

356 3477 633 3546 ἀπαίσιον,
700 3479 834 3555 ἢπερ
891 3476 1204 3553 ἀπηύχετο,
1287 3477 1375 3532 καὶ
1440 3475 1583 3531 οὕτω
1639 3481 1748 3532 τῶν
1808 3476 2011 3532 ἐκείνου

353 3569 640 3643 κριμάτων
692 3566 928 3644 ἒξαρτῶν
1017 3565 1179 3623 είσὲτι
1266 3564 1663 3640 δοκιμάζοντος
1745 3568 1845 3636 τὴν
1903 3570 2011 3622 τῶν

355 3658 701 3735 ἁμαρτωλῶν
763 3653 967 3735 ῥάϐδον
1016 3656 1306 3712 πατάσσειν
1362 3657 1454 3711 τὸν
1498 3654 1707 3731 κλῆρον
1759 3660 1865 3711 τῶν
1926 3654 2008 3711 δι-

354 3748 545 3805 καίων.
579 3748 740 3805 Καὶὸ
773 3747 868 3820 μὶν
918 3744 1137 3821 ἀπαίρει
1186 3750 1436 3802 τοιοῦτον
1486 3745 1696 3823 τρέφων
1755 3745 1818 3800 τὸ
1874 3745 2011 3821 πρό-

353 3850 524 3912 θυμον
556 3837 650 3894 καὶ
683 3837 853 3911 ὁμόσε
881 3839 951 3911 τῇ
999 3837 1150 3911 ἀκμῇ
1200 3839 1299 3892 τοῦ
1346 3833 1601 3891 κινδύνου
1646 3839 1868 3911 χωρῶν
1901 3838 1936 3905 ἡ
1965 3833 2012 3890 δ’

352 3927 717 4006 ὑπερκειμένη
748 3926 968 3983 πάντων
1023 3926 1151 4002 χεὶρ
1201 3924 1293 3981 καὶ
1345 3923 1492 4002 ῥοπὴ
1546 3919 1623 3981 ἔτι
1672 3925 1741 3994 ἦν
1796 3923 2012 3999 ὑψηλὴ,

350 4016 465 4074 οὐδ’
497 4019 526 4073 6
554 4022 653 4074 τοῦ
689 4018 999 4092 κρείττονος
1052 4014 1369 4094 ἀπεστράφη
1425 4015 1619 4089 θυμὸς,
1674 4016 1747 4078 ὠς
1791 4012 2009 4087 ἔδειξεν,

348 4105 437 4163 ἐπὶ
468 4112 641 4164 πᾶσαν
692 4106 781 4166 οἷς
833 4107 888 4161 o't
948 4103 1175 4181 Βλάχοι
1230 4104 1653 4179 κραταιωθέντες
1707 4104 2015 4181 προηγωνί·

348 4218 528 4253 σαντο.
572 4196 671 4250 Καὶ
729 4193 879 4249 οὕτω
937 4194 1033 4267 μὶν
1091 4195 1143 4248 οἱ
1203 4193 1479 4271 ὀρθαλμοὶ
1532 4198 1631 4250 τοῦ
1682 4198 2009 4269 κρατοῦντος

348 4287 440 4340 ἐπὶ
469 4285 598 4345 τοὺς
648 4281 1188 4357 παραπικραίνοντας
1244 4275 1476 4336 ἔϐλεπον
1535 4283 1866 4354 ἀποστάτας,
1918 4282 2009 4339 καὶ

350 4379 429 4447 τῷ
456 4372 791 4447 διανοητικῷ
822 4371 1029 4429 ἐκείνου
1073 4371 1142 4426 τὰ
1189 4370 1471 4448 ἀφεστῶτα
1519 4372 1798 4449 πόρρωθεν
1846 4373 2010 4452 ἐφαν-

346 4466 599 4535 τάζοντο·
658 4465 711 4519 οἱ
754 4461 811 4519 δέ
856 4484 920 4539 γε
974 4466 1170 4518 τοῦτον
1226 4467 1328 4531 τῆς
1387 4461 1566 4538 ἀρχῆς
1625 4464 2010 4538 ἀνατρέψοντες

350 4557 436 4629 [Ρ.
499 4555 629 4628 287]
700 4551 863 4631 ἐγγὺς
918 4550 1063 4614 ὄντες
1138 4546 1570 4626 παρεϐλὲποντο,
1651 4551 1741 4609 καὶ
1797 4553 1862 4608 τὸ
1918 4552 2008 4633 ἀφ’

351 4645 531 4709 ἑστίας
564 4642 782 4701 σκῶλον
841 4642 916 4705 ὠς
976 4642 1053 4717 μὴ
1111 4642 1499 4722 παρονοχλοῢν
1558 4643 2006 4719 ὑπεραλλόμενος

345 4735 436 4805 ἦν.
471 4735 573 4792 Καὶ
619 4732 803 4789 καινὸν
845 4729 1022 4800 οὐδὲν,
1070 4730 1186 4788 ἐπεὶ
1240 4733 1333 4787 καὶ
1386 4733 1487 4795 τὰς
1535 4729 2010 4809 παραϐλαστανού-

347 4844 442 4888 σας
497 4823 688 4887 κακίας
739 4822 863 4885 ταῖς
921 4821 1138 4895 ἀρεταῖς
1195 4819 1531 4898 ἀγχιθόρους
1586 4824 1621 4892 ἢ
1652 4822 1745 4878 καὶ
1805 4823 2006 4900 φιραλ-

349 4912 561 4985 λήλους
619 4911 860 4988 μάλιστα
899 4906 1061 4973 οὔσας
1119 4908 1229 4985 οὐχ
1276 4910 1404 4986 ὁρᾷν
1456 4909 1532 4975 ὠς
1591 4909 1716 4968 δέον
1767 4914 1897 4987 ὁρᾷν
1952 4916 2005 4970 οἱ

347 5008 597 5060 πλεῖστοι
650 5007 761 5059 τῶν
816 5000 1116 5075 ἀνθρώπων
1161 4998 1526 5075 αἱρούμεθα-ἤ
1561 4999 1845 5077 δυνάμεθα.
1894 5007 2005 5060 Έῶ

2120 2394 2437 2451 auxiliares
2493 2398 2717 2450 turmas
2788 2392 3112 2449 missurum
3170 2391 3533 2465 polliceatur.
3593 2392 3781 2464 Igitur

2115 2485 2272 2556 justo
2304 2482 2558 2540 exercitu
2591 2482 3252 2555 munitus,depromptis
3279 2481 3408 2537 auri
3440 2482 3776 2554 quindecim

2120 2582 2178 2633 et
2207 2575 2434 2647 argenti
2466 2574 2722 2647 amplius
2772 2573 3075 2647 sexaginta
3102 2572 3476 2644 centenariis,
3523 2573 3778 2629 caeteris-

2123 2681 2237 2738 que
2296 2665 2473 2721 rebus
2531 2664 2761 2721 idoneis
2808 2665 3153 2732 instructus,
3205 2665 3484 2721 omnibus
3531 2664 3782 2734 negotiis

2124 2756 2249 2812 suis
2303 2754 2423 2811 Deo
2483 2754 2785 2826 permissis
2818 2769 3023 2812 mense
3060 2753 3265 2810 Martio
3298 2755 3443 2811 urbe
3465 2754 3781 2826 egreditur,

2121 2844 2317 2902 animo
2367 2847 2567 2900 contra
2620 2844 2907 2900 Barbaros
2939 2843 3167 2901 intento
3215 2848 3272 2899 et
3327 2843 3656 2913 obﬁrmato,
3689 2860 3778 2899 re-

2122 2934 2283 2989 ditus
2319 2948 2455 2990 vero
2497 2949 2612 2989 non
2666 2931 2778 2989 alio
2831 2932 3081 2990 termino
3139 2933 3375 3005 praeﬁxo
3434 2933 3549 2989 nisi
3584 2933 3682 2989 ubi
3714 2950 3786 2989 ea

2123 3023 2471 3080 confecisset
2504 3027 2737 3096 propter
2768 3039 2895 3094 quae
2934 3023 3365 3094 expeditionem
3399 3022 3777 3080 instituisset.

2123 3113 2346 3180 Quodsi
2397 3129 2643 3185 prosper
2669 3117 2823 3170 esset
2872 3120 3135 3179 eventus,
3186 3128 3323 3169 eum
3382 3114 3495 3171 Deo
3526 3130 3589 3170 se
3619 3129 3781 3170 acce-

2125 3213 2288 3277 ptum
2321 3202 2585 3259 laturum
2620 3219 2634 3258 :
2668 3202 2758 3259 sin
2791 3203 3067 3260 adversus
3100 3203 3297 3275 (quem
3326 3203 3778 3276 deprecaretur).

2122 3298 2180 3350 et
2232 3294 2390 3350 hunc
2443 3292 2608 3350 illius
2659 3292 2879 3363 judicio
2936 3294 3392 3364 permittendum
3455 3293 3610 3351 589
3681 3294 3780 3365 qui

2122 3395 2341 3450 sortem
2391 3392 2689 3464 justorum
2740 3391 2964 3448 diutius
2995 3390 3154 3463 virga
3209 3396 3580 3465 peccatorum
3637 3394 3778 3449 Othi

2122 3481 2310 3539 vellet.
2369 3482 2493 3546 Quo
2550 3480 2748 3537 animo
2780 3487 2835 3536 et
2865 3479 3110 3537 consilio
3170 3497 3303 3537 cum
3335 3483 3403 3537 ad
3480 3498 3779 3540 summum

2120 3570 2439 3628 discrimen
2492 3573 2778 3642 pergeret,
2810 3569 2912 3626 Dei
2947 3587 3161 3626 manus
3210 3579 3264 3625 et
3298 3575 3553 3641 potestas
3584 3572 3776 3628 adhuc

2120 3658 2352 3717 excelsa
2400 3665 2546 3727 erat,
2580 3674 2766 3730 neque
2809 3659 3071 3715 numinis
3124 3661 3211 3715 ira
3244 3660 3483 3733 placata,
3520 3665 3582 3716 ut
3612 3678 3783 3719 even-

2121 3753 2213 3804 tus
2246 3747 2464 3817 docuit,
2510 3748 2744 3805 Blachis
2773 3747 3078 3804 victoriam
3128 3754 3331 3804 contra
3385 3766 3490 3805 nos
3523 3751 3776 3822 adeptis.

2118 3841 2259 3893 Cum
2294 3846 2492 3894 autem
2541 3838 2910 3910 imperatoris
2961 3837 3115 3894 oculi
3146 3838 3382 3894 acerbos
3417 3838 3608 3895 hostes
3639 3857 3774 3911 spe-

2118 3932 2366 3996 ctarent,
2398 3931 2456 3985 et
2511 3929 2783 4002 cogitatio
2832 3928 3004 4001 longe
3034 3933 3254 3985 remota
3300 3936 3774 4003 prosequeretur,

2119 4038 2236 4078 non
2294 4020 2531 4078 videbat
2560 4037 2695 4077 eum
2750 4038 2929 4093 aquo
2986 4019 3233 4093 imperio
3292 4020 3597 4094 pellendus
3628 4028 3773 4091 erat,

2116 4127 2294 4184 prope
2324 4115 2612 4169 astantem
2645 4115 2703 4167 et
2759 4126 2991 4167 summa
3023 4112 3205 4168 animi
3260 4112 3645 4169 consensione
3675 4130 3777 4183 per

2117 4200 2318 4257 omnia
2364 4202 2769 4272 conjunctum,
2810 4204 2868 4256 et
2916 4200 3300 4256 domesticum
3351 4201 3774 4259 offensaculum

2116 4292 2183 4345 ut
2213 4287 2386 4361 plane
2434 4289 2740 4344 innoxium
2784 4288 3171 4345 transiliebat.
3226 4290 3426 4362 Neque
3459 4292 3515 4347 id
3544 4297 3633 4347 est
3668 4292 3772 4347 mi-

2117 4380 2394 4443 randum,
2427 4379 2700 4449 quoniam
2754 4377 3034 4435 mortales
3081 4380 3222 4436 vitia
3245 4382 3412 4452 juxta
3439 4382 3681 4438 virtutes
3713 4382 3773 4438 in

2115 4467 2444 4541 prOpinquo
2472 4472 2529 4523 et
2562 4468 2622 4522 in
2656 4467 2856 4525 eadem
2892 4485 3072 4541 prope
3113 4469 3298 4541 stirpe
3328 4472 3625 4526 nascentia
3657 4487 3776 4527 cer-

2115 4574 2251 4615 nere
2282 4563 2383 4613 aut
2414 4558 2690 4614 nolumus
2723 4566 2820 4614 aut
2853 4558 3269 4630 nequimus.Ut
3299 4577 3413 4616 non
3446 4561 3637 4617 dicam
3681 4578 3778 4615 na-

2113 4654 2247 4706 tura
2276 4667 2310 4706 a
2340 4649 2508 4706 nobis
2537 4650 2975 4721 quodammodo
3009 4650 3351 4708 charitatem
3382 4668 3520 4724 erga
3550 4669 3642 4708 res
3676 4669 3776 4708 no-

2112 4743 2264 4797 stras
2295 4754 2425 4796 esse
2455 4740 2713 4809 insitam,
2749 4756 2865 4811 qua
2908 4740 3161 4796 devincti
3192 4744 3250 4795 et
3304 4742 3772 4798 remollescentes

2112 4828 2285 4886 malis
2344 4829 2649 4886 affectibus
2675 4839 2731 4886 et
2792 4829 3120 4887 actionibus
3177 4832 3297 4886 tam
3347 4832 3562 4888 nostris
3590 4849 3769 4904 quam

2111 4919 2595 4977 charissimorum
2647 4919 2888 4992 segnius
2934 4918 3296 4975 resistamus.
3330 4920 3451 4985 Quo
3480 4921 3545 4976 fit
3576 4926 3636 4977 ut
3665 4938 3766 4978 ve-

2111 5009 2217 5066 luti
2251 5009 2444 5066 surdis
2494 5008 2736 5067 auribus
2763 5025 2967 5066 eorum
2996 5008 3170 5065 verba
3205 5013 3641 5082 praetereamus,
3674 5013 3772 5083 qui

345 5094 450 5169 γὰρ
481 5093 662 5171 λέγειν
714 5093 801 5149 ὃτι
858 5110 959 5165 περ
1016 5088 1396 5163 ἰνεσημήνατό
1445 5111 1565 5154 πως
1611 5094 1747 5162 ἡμῖν
1779 5095 1814 5163 ἡ
1846 5094 2006 5174 φύσις

2122 5103 2459 5157 nostrorum
2499 5099 2765 5172 improba
2792 5099 2945 5157 facta
2974 5105 3456 5157 commemorant.
3484 5101 3579 5157 Sic
3615 5103 3776 5159 Isaa-

346 5182 438 5236 καί
511 5182 819 5262 ἰνεφότευσε
872 5181 1013 5255 πρὸς
1068 5179 1136 5234 τὰ
1216 5177 1392 5234 οἰκεῖα
1474 5183 1830 5254 συμπάθειαν,
1915 5183 2006 5239 καὶ

350 5266 655 5339 συνδήσασα
707 5270 789 5345 τῷ
848 5266 1065 5346 φίλτρῳ
1115 5264 1382 5323 ἐνδιδόναι
1459 5270 1551 5324 καὶ
1612 5270 2005 5345 μαλακίζεσθαι

348 5356 487 5430 πρὸς
516 5360 610 5421 τὰς
667 5362 879 5439 φαύλας
927 5353 1065 5430 ἕξεις
1122 5358 1213 5413 καὶ
1260 5357 1481 5435 πράξεις
1541 5361 1745 5417 ἑαυτῶν
1801 5384 1860 5419 τε
1916 5364 2006 5418 καὶ

346 5450 456 5503 τῶν
525 5446 702 5521 φίλων
761 5450 992 5529 ἐνιαχοῦ
1047 5442 1467 5523 παραϐιάζεται,
1524 5450 1613 5505 καὶ
1676 5454 1751 5524 μὴ
1807 5451 2009 5527 ῥᾳδίως

354 5533 648 5614 ὑπάγεσθαι
677 5533 947 5609 διατίθησι
987 5541 1106 5599 τοῖς
1166 5536 1531 5594 ὶπαντλοῦσιν
1570 5539 1645 5602 ὠς
1688 5540 1765 5603 είς
1814 5562 2008 5618 τετρη-

353 5628 512 5703 μένον
540 5629 708 5696 πίθον
738 5629 800 5685 τὸ
852 5628 946 5693 οὖς
976 5629 1068 5687 καὶ
1123 5630 1528 5709 ὑφηγουμένοις
1579 5635 1645 5689 τὰ
1702 5638 1778 5709 μή
1825 5637 2011 5702 καλῶς

2121 5189 2249 5246 cius
2328 5205 2561 5262 quoque
2617 5205 2751 5245 cum
2815 5205 2846 5245 e
2913 5187 3180 5260 plurimis
3256 5190 3476 5247 audiret
3536 5191 3774 5249 fratrem

2121 5277 2383 5335 Alexium
2426 5294 2547 5334 suae
2578 5281 2636 5334 et
2663 5277 2797 5334 vitae
2822 5280 2881 5334 et
2910 5278 3157 5350 imperio
3187 5278 3477 5352 insidiari,
3511 5284 3568 5337 et
3609 5281 3774 5338 clan-

2121 5367 2421 5429 destinum
2470 5369 2626 5426 590
2665 5367 2866 5425 odium
2900 5367 3316 5425 benevolentia:
3348 5372 3625 5440 praetextu
3661 5372 3780 5428 dis-

2127 5459 2430 5528 simulare,
2462 5477 2529 5516 ac
2561 5462 2759 5533 plures
2789 5474 2917 5516 esse
2947 5458 3127 5516 Alexii
3160 5476 3332 5533 quam
3359 5461 3556 5518 [saacii
3583 5479 3783 5520 aman-

2125 5549 2417 5617 tes,verha
2447 5548 2550 5606 illa
2581 5566 2684 5622 pro
2715 5551 2890 5623 nugis
2921 5550 3491 5623 aspernabatur,non
3521 5552 3785 5610 adhibito

2118 5640 2368 5713 judicio,
2400 5643 2465 5695 ut
2516 5639 2708 5712 lapide
2762 5639 3066 5711 Herculeo,
3100 5641 3169 5695 ad
3226 5640 3557 5697 adulterina
3588 5641 3782 5698 fratris

350 5721 610 5801 δρώμενα
661 5723 747 5783 οἷς
802 5720 1312 5799 προσπεπόνθαμεν.
1372 5722 1581 5782 Οὐκοῦν
1643 5726 1733 5781 καὶ
1790 5724 2009 5792 οὗτοςό

2123 5734 2261 5791 acta
2290 5728 2799 5802 deprehendenda.
2843 5730 2964 5786 Imo
2994 5746 3168 5802 asper
3212 5730 3273 5786 in
3307 5730 3592 5789 delatores
3631 5735 3777 5799 erat,
