4102 6400
325 365 442 427 819

1643 361 1964 425 ΝΙΟΕΤιΕ
2005 360 2429 428 GHONIA'I‘IE

3631 373 3758 440 820

325 501 498 576 quasi
538 499 882 557 cbaritatem
927 516 1093 559 suam
1146 515 1286 573 erga
1337 499 1574 556 fratrem
1605 497 1976 554 indelebilem

2097 496 2357 570 βασιλεὺς
2401 501 2549 577 παρά
2599 501 2868 560 πλείστων
2926 501 3316 576 ἐνωτιζόμενος
3372 498 3748 564 ἐπιϐουλεύειν

325 596 383 648 et
439 590 796 648 firmissimis
833 591 1024 646 nixam
1070 591 1368 647 radicibus
1421 587 1650 646 abolere
1690 595 1862 658 alque
1891 603 1982 642 ex-

327 681 591 738 scindere
629 679 1046 752 vellent,quem
1078 679 1267 737 solum
1302 677 1564 736 omnium
1589 681 1840 734 vastator
1868 677 1983 732 An-

329 769 607 827 dronicus
641 785 757 824 non
803 768 1070 824 laesisset.
1107 768 1291 841 Igitur
1325 768 1394 824 ad
1447 767 1776 824 Radestum
1813 765 1984 822 mari-

329 860 529 915 timam
582 859 786 915 urbem
835 859 1131 930 profectus
1165 857 1484 914 maximum
1517 862 1575 913 et
1621 856 1844 913 nomini
1876 872 1982 914 suo

329 949 688 1021 respondens
767 947 1211 1006 resurrectionis
1287 949 1497 1004 festum
1571 948 1848 1014 celebrat,
1923 951 1984 1004 et

330 1038 549 1094 Pascha
581 1036 892 1108 mysticum
924 1037 1192 1094 immolat
1219 1041 1279 1093 et
1306 1037 1556 1094 comedit
1591 1056 1606 1106 ;
1642 1037 1839 1110 ibique
1867 1036 1982 1093 Ba-

329 1127 596 1183 silacium
643 1127 931 1192 convenit,
983 1127 1276 1183 inusitate
1307 1127 1434 1185 vitae
1466 1125 1787 1195 hominem,
1819 1141 1980 1183 eam-

326 1233 437 1288 que
505 1215 840 1288 opinionem
896 1217 1051 1288 apud
1123 1233 1329 1272 omnes
1383 1221 1762 1272 consecutum
1812 1216 1982 1288 quasi

325 1305 516 1360 futura
548 1307 892 1377 praevideret
931 1311 1106 1378 atque
1142 1307 1510 1376 praediceret.
1531 1306 1694 1364 Unde
1726 1307 1982 1362 maxima

324 1394 627 1452 hominum
664 1396 993 1467 frequentia
1043 1396 1116 1452 ad
1148 1413 1305 1464 eum,
1339 1400 1406 1452 ut
1433 1396 1570 1452 olim
1603 1397 1672 1452 ad
1702 1398 1978 1452 Hammo-

321 1483 414 1539 nis
444 1489 503 1541 et
553 1485 891 1556 Amphiarai
949 1485 1274 1555 oraculum,
1306 1485 1660 1542 conﬂuebat.
1691 1489 1979 1543 Ceterum

321 1572 465 1629 nihil
499 1574 617 1630 veri
648 1579 704 1630 et
755 1574 1046 1646 perspicui
1096 1577 1166 1631 de
1200 1575 1374 1631 rebus
1432 1575 1646 1631 futuris
1677 1573 1977 1647 .loqueba-

319 1667 435 1729 tur,
467 1664 567 1720 sed
599 1662 773 1718 verba
803 1665 1064 1733 confusa,
1107 1663 1263 1719 inter
1291 1680 1355 1720 se
1385 1663 1738 1721 dissidentia
1765 1668 1823 1720 et
1845 1678 1976 1736 per-

324 1753 493 1824 plexa
526 1752 838 1820 fundebat;
871 1757 928 1808 et
956 1753 1218 1824 quamvis
1251 1769 1402 1826 saepe
1433 1752 1683 1809 ridicula
1711 1753 1978 1824 quaedam

324 1840 694 1908 admisceret,
733 1845 928 1897 tamen
962 1843 1189 1898 turbam
1251 1846 1555 1915 pastorum
1588 1843 1974 1913 agricolarum

319 1935 376 1986 et
405 1929 688 2000 remigum
743 1931 814 1985 ad
865 1946 928 1986 se
959 1929 1306 1986 attrahebat.
1350 1929 1493 1986 Nam
1557 1931 1867 1986 mulierum
1901 1931 1974 1987 ad

317 2043 380 2084 se
434 2027 794 2084 venientium
844 2028 990 2085 591
1058 2027 1330 2084 mammis
1383 2027 1700 2100 exploratis
1743 2032 1802 2083 et
1845 2027 1977 2084 talis

318 2117 689 2174 contrectatis
735 2119 982 2173 obscura
1013 2117 1322 2190 promebat
1368 2116 1627 2184 oracula,
1658 2121 1716 2172 et
1747 2119 1820 2174 ad
1853 2117 1974 2189 ple-

319 2224 532 2280 rasque
590 2207 945 2280 quaestiones
985 2206 1132 2263 nihil
1167 2206 1580 2279 respondebat,
1619 2210 1678 2262 et
1725 2224 1866 2262 suas
1891 2207 1976 2262 di-

317 2296 643 2354 vinationes
674 2296 1202 2353 discursationibus
1223 2301 1281 2350 et
1311 2293 1532 2351 insanis
1561 2295 1823 2364 gestibus
1855 2311 1979 2368 per-

319 2386 545 2458 agebat.
627 2387 914 2442 Astabant
971 2385 1021 2441 ei
1091 2399 1319 2456 quoque
1390 2390 1648 2456 cognatae
1707 2384 1974 2452 aniculae,

319 2477 590 2532 vecordes
622 2483 670 2531 et
706 2474 946 2546 insanae,
979 2490 1111 2547 quae
1150 2472 1578 2530 consultoribus
1606 2472 1978 2545 explicabunt

322 2565 461 2640 quid
494 2563 577 2621 illi
611 2564 878 2622 Basilacii
903 2568 1100 2636 gestus
1125 2579 1317 2620 rerum
1343 2562 1671 2620 futurarum
1703 2562 1976 2635 designa-

321 2663 470 2724 rent,
524 2659 582 2710 et
637 2653 1102 2710 taciturnitatem
1154 2658 1221 2709 ut
1271 2655 1591 2725 sapientem
1651 2653 1974 2709 orationem

320 2744 879 2817 interpretabantur.
929 2743 986 2799 Is
1037 2741 1216 2814 igitur
1276 2743 1466 2813 homo,
1501 2746 1565 2797 ut
1620 2741 1760 2813 dixi,
1817 2749 1977 2800 vates

317 2833 491 2907 vulgo
547 2834 872 2892 habebatur
901 2840 955 2890 et
1011 2833 1206 2890 futura
1233 2833 1542 2906 praedicere
1573 2833 1909 2904 putabatur,
1941 2849 1978 2888 a

321 2923 687 2982 mulierculis
733 2922 1083 2997 praesertim,
1117 2922 1332 2996 quibus
1380 2927 1584 2996 turpes
1615 2921 1974 2994 quaestiones

313 3019 370 3074 ct
413 3015 716 3072 deformes
747 3013 996 3070 vestium
1032 3012 1420 3085 implexiones
1466 3029 1569 3086 pro
1597 3011 1735 3068 ludo
1765 3011 1973 3082 etjoco

319 3104 484 3162 cordi
535 3107 722 3161 erant.
754 3103 1019 3160 Cordatis
1049 3119 1186 3160 vero
1241 3101 1575 3160 hominibus
1626 3101 1856 3172 ineptus
1884 3100 1974 3156 hi-

317 3195 463 3252 strio
494 3200 551 3251 et
593 3209 790 3250 vecors
843 3192 1203 3250 silicernium
1235 3190 1558 3248 videbatur.
1592 3191 1774 3245 Erant
1797 3189 1970 3245 etiam

313 3283 418 3358 qui
476 3298 608 3340 eum
639 3282 958 3357 Pythonico
1015 3282 1226 3356 spiritu
1288 3297 1413 3338 esse
1468 3277 1776 3352 praditum
1811 3277 1971 3336 haud

317 3375 573 3434 absurde
602 3375 998 3448 conjectarent
1017 3391 1030 3443 ;
1047 3389 1298 3448 quorum
1322 3387 1424 3442 ego
1443 3369 1689 3444 judiciis
1720 3369 1972 3426 maxime

320 3465 629 3523 assentior.
678 3465 1098 3536 Imperatorem
1146 3477 1332 3534 neque
1392 3464 1457 3516 ut
1512 3465 1671 3516 tanta
1717 3458 1973 3532 potentia

321 3555 627 3629 praeditum
680 3553 904 3626 excepit
964 3569 978 3622 ;
1030 3567 1217 3624 neque
1277 3549 1612 3608 salutationi
1671 3550 1796 3622 ejus
1843 3565 1972 3621 quis

324 3652 480 3704 erat:
525 3663 550 3690 «
593 3643 782 3713 Salve,
814 3646 976 3716 pater
1002 3641 1266 3712 Basilaci,
1310 3663 1338 3692 »
1389 3639 1693 3712 respondit
1735 3657 1750 3707 ;
1784 3655 1974 3712 neque

324 3734 500 3793 tacito
529 3740 672 3792 nutu
704 3733 910 3807 capitis
930 3731 1143 3805 gratias
1163 3731 1318 3806 egit:
1351 3731 1453 3788 sed
1489 3731 1599 3787 huc
1628 3735 1801 3802 atque
1832 3728 1972 3784 illuc

322 3834 512 3891 instar
541 3832 688 3908 pulli
711 3832 908 3905 equini
930 3835 1030 3888 aut
1058 3830 1316 3888 hominis
1340 3830 1540 3886 furiosi
1571 3827 1794 3885 saltans
1817 3829 1972 3885 502

323 3923 734 3982 accedentibus
772 3919 1094 3992 maledixit,
1131 3919 1514 3976 Constantino
1571 3918 1976 3989 Mesopotami-

322 4017 461 4071 tano
508 4012 569 4070 in
602 4011 832 4086 primis,
885 4008 982 4081 qui
1032 4011 1158 4065 tum
1191 4006 1413 4064 Isaacio
1478 4005 1974 4064 familiarissimus

321 4109 466 4162 erat.
516 4103 632 4161 Nec
686 4100 798 4174 ipsi
850 4099 1102 4172 denique
1159 4098 1492 4172 imperatori
1561 4113 1823 4171 parcens,
1881 4097 1972 4152 vix

323 4195 550 4250 tandem
607 4189 884 4264 inquietis
917 4187 1034 4246 illis
1093 4187 1512 4261 agitationibus
1553 4186 1809 4256 omissis,
1857 4185 1973 4242 sci-

322 4284 494 4356 pione
527 4298 700 4355 quem
733 4280 1006 4338 manibus
1048 4279 1333 4353 gestabat,
1358 4278 1634 4352 imaginis
1671 4278 1975 4348 imperato-

323 4373 427 4442 ris,
484 4389 610 4444 quae
650 4371 706 4426 in
759 4371 888 4440 ejus
937 4369 1196 4426 oratorias
1249 4367 1405 4426 cellae
1467 4369 1687 4440 pariete
1744 4367 1976 4439 depicta

323 4464 471 4528 erat,
505 4458 692 4516 oculis
743 4457 946 4526 erasis,
979 4457 1156 4512 etiam
1207 4456 1422 4527 pileum
1486 4456 1559 4512 de
1600 4456 1785 4527 capite
1817 4455 1977 4512 illius

323 4549 553 4605 auferre
601 4545 896 4602 studebat.
948 4546 1082 4609 Quae
1116 4559 1247 4600 cum
1278 4545 1527 4613 fecisset,
1562 4544 1880 4616 imperator
1908 4561 1975 4600 eo

323 4637 506 4695 deliro
537 4636 808 4706 despecto
841 4632 1101 4698 recessit,
1126 4633 1377 4705 populus
1408 4649 1542 4689 vero
1595 4634 1691 4704 qui
1721 4651 1786 4688 ea
1815 4633 1973 4689 vide-
2009 4625 2053 4689 D

323 4725 589 4799 rat,nibil
620 4725 756 4781 boni
799 4722 1193 4779 ominabatur.
1227 4721 1299 4779 Ut
1329 4739 1460 4778 vero
1491 4723 1666 4778 etiam
1699 4728 1972 4778 eventum

323 4834 440 4876 non
475 4816 646 4889 plane
677 4813 748 4870 ab
781 4812 897 4870 illis
923 4811 1106 4884 signis
1131 4811 1443 4869 abhorrere
1473 4811 1755 4881 constitit,
1781 4811 1973 4881 cujus—

325 4933 442 4990 que
488 4915 682 4988 opinio
735 4914 806 4970 de
852 4910 1139 4969 Basilacio
1183 4911 1525 4969 confirmata
1572 4916 1678 4978 est,
1733 4926 1882 4982 quae,
1913 4914 1977 4966 ut

325 5004 468 5072 dixi,
500 5020 714 5076 anceps
745 5003 906 5075 prius
934 5005 992 5059 et
1015 5001 1073 5058 in
1109 4999 1398 5074 plerisque
1427 4999 1610 5056 dubia
1641 4999 1848 5056 fuerat.
1903 4998 1977 5056 Ut

327 5099 523 5152 autem
579 5093 898 5164 imperator
955 5091 1220 5164 Cypsella
1277 5091 1560 5163 pervenit,
1620 5089 1972 5146 exercituum

329 5190 552 5255 partem
610 5179 978 5246 centuriavit,
1030 5185 1277 5252 partem,
1310 5196 1437 5252 quas
1495 5179 1755 5235 nondum
1805 5179 1974 5235 adve-

330 5276 517 5339 norat,
583 5270 954 5340 exspectavit.
1007 5269 1118 5324 Sed
1181 5269 1501 5326 nobilitatis
1573 5286 1783 5340 magna
1843 5285 1975 5341 pars

329 5376 482 5433 ωερε
541 5358 689 5415 ferre
747 5374 808 5415 se
857 5357 1144 5415 simulans
1203 5361 1358 5432 quod
1391 5359 1564 5432 longo
1595 5365 1852 5430 tempore
1901 5360 1976 5413 ab

331 5451 680 5520 imperatore
739 5446 995 5518 neglecta
1051 5455 1228 5517 esset,
1277 5451 1552 5521 quodque
1603 5464 1696 5505 res
1743 5449 1979 5520 publica

331 5537 488 5596 598
529 5551 827 5607 perperam
862 5544 914 5590 et
955 5544 1165 5592 temere
1195 5539 1720 5607 administraretur,
1752 5553 1884 5594 cum
1917 5553 1979 5593 re

328 5639 467 5681 vera
498 5624 640 5680 illud
672 5629 978 5696 spectaret,
1015 5628 1166 5696 quod
1201 5644 1267 5684 ex
1297 5629 1527 5699 imperii
1563 5627 1978 5684 mutationibus

324 5730 394 5772 se
423 5709 670 5781 plurima
701 5713 1086 5774 emolumenta
1121 5716 1412 5788 percipere
1449 5717 1976 5787 animadvertebat,

2088 589 2156 660 τῇ
2186 587 2351 644 αὐτοῦ
2382 593 2534 671 ἀρχῇ
2581 594 2672 648 καὶ
2732 597 2850 669 ζωῇ
2907 593 3002 649 τὸν
3062 591 3298 673 ἀδελφὸν
3361 593 3608 667 Ἀλέξιον
3657 601 3746 656 καὶ

2089 683 2548 755 παραπετάσματι
2608 682 2797 761 φιλίας
2853 683 3250 756 συγκαλύπτειν
3330 683 3597 761 πολλαχῆ
3685 685 3748 744 τὰ

2093 767 2456 846 μισάδελφον,
2485 771 2576 827 καί
2607 773 2681 835 ὡς
2713 769 2966 836 πλείονές
3007 772 3111 827 εἶσι
3165 772 3475 850 φιλαλέξιοι
3534 775 3747 850 μᾶλλον

2089 855 2230 930 ἢπερ
2273 857 2638 932 φιλισαάκιοι,
2680 860 2758 922 ὡς
2825 858 2997 934 λῆρον
3054 859 3404 934 ἂπεπέμπετο
3461 863 3528 920 τὰ
3588 863 3750 941 λεγόο

2093 964 2254 1018 μενα,
2325 944 2466 1018 μηδὲ
2520 949 2584 1004 τὸ
2636 946 2975 1018 ἐξεταστικὸν
3043 949 3118 1004 ὡς
3203 947 3358 1014 λίθον
3428 951 3750 1027 Ἡράκλειον

2089 1034 2385 1110 προσάγων
2438 1037 2530 1092 καὶ
2598 1037 2900 1113 βασανίζων
2967 1045 3076 1093 τῶν
3141 1041 3287 1114 παρὰ
3345 1047 3443 1098 τοῦ
3510 1041 3751 1123 ἀδελφοῦ

2087 1123 2480 1198 πραττομένων
2509 1126 2572 1182 τὸ
2602 1121 2896 1198 κίϐδηλον,
2953 1125 3100 1184 ἀλλὰ
3151 1124 3346 1202 δριμὸς
3397 1128 3472 1185 ὥν
3520 1121 3752 1197 τοῖςίτὰ

2088 1217 2318 1270 τοιαῦτα
2383 1215 2799 1290 εἰσηγουμένοις
2857 1216 2934 1282 ὡς
3015 1212 3209 1293 ἔχουσι
3292 1221 3428 1294 πρὸς
3515 1220 3746 1296 ἐφέσεως

2089 1311 2342 1384 ἐξίτηλον
2371 1321 2548 1370 ποιεῖν
2580 1317 2682 1386 τὴν
2731 1315 3071 1372 ἀνέκπλυτον
3121 1319 3214 1373 καὶ
3266 1321 3386 1375 οἷον
3441 1321 3521 1384 εἷς
3579 1323 3747 1398 βάθος

2087 1399 2494 1476 ἐγκεκαυμένην
2526 1407 2595 1478 τῇ
2628 1405 2822 1460 ἑαυτοῦ
2877 1409 3032 1480 ψυχῇ
3089 1407 3226 1481 πρὸς
3275 1410 3372 1464 τὸν
3422 1410 3748 1487 κασίγνητον

2091 1493 2352 1566 στοργήν,
2383 1493 2441 1548 δν
2477 1493 2642 1566 μόνον
2672 1493 2780 1549 ἀπὸ
2829 1495 3043 1550 πάντων
3104 1497 3132 1550 ὁ
3191 1493 3460 1574 λωϐητὴρ
3511 1499 3746 1576 Ἀνδρό-

2091 1600 2244 1642 νικος
2277 1579 2378 1636 οὐκ
2415 1582 2644 1639 έσίνατο.
2715 1585 3041 1662 Ἀφιγμένος
3097 1585 3276 1641 τοίνυν
3323 1585 3377 1649 ἐς
3421 1588 3520 1654 τήν
3565 1609 3741 1663 παρα-

2085 1667 2432 1726 θαλαττίδιον
2507 1669 2811 1730 Ῥαιδεστὸν
2875 1675 2976 1744 τὴν
3054 1676 3312 1750 μεγίστην
3376 1673 3585 1730 ἐκτελεῖ
3648 1675 3740 1731 καὶ

2083 1758 2434 1835 κυριώνυμον
2467 1762 2834 1836 ἀναπάσιμον
2867 1763 3088 1838 ἑορτήν,
3143 1765 3233 1818 καὶ
3273 1763 3384 1819 θύει
3429 1763 3518 1819 καὶ
3573 1761 3734 1818 ἐσθίει

2083 1849 2146 1904 τὸ
2208 1856 2402 1926 Πασχα
2453 1851 2515 1906 τὸ
2567 1851 2851 1926 μυστικόν.
2912 1854 3075 1910 1Ἐενθα
3125 1854 3214 1909 καὶ
3272 1858 3352 1926 τῷ
3425 1851 3736 1925 Βασιλακίῳ

2087 1938 2418 2014 συγγίνεται,
2475 1942 2575 1998 Ἢν
2637 1938 2684 1996 δ’
2742 1941 2900 2004 οὗτος
2957 1941 3310 2014 ἆλλότροπόν
3367 1963 3486 1998 τινα
3555 1936 3738 2015 βίότον

2089 2027 2312 2100 μετιὼν,
2362 2029 2453 2083 καὶ
2511 2027 2666 2100 δόξαν
2725 2030 2870 2104 παρὰ
2920 2031 3136 2085 πάντων
3195 2033 3466 2106 ἠνέγκατο
3523 2049 3748 2104 προφη-

2085 2117 2258 2173 τεύειν
2288 2119 2381 2174 καὶ
2411 2113 2744 2193 προϐΛέπειν
2794 2119 2862 2174 τὰ
2911 2116 3235 2192 ἔμπροσθεν,
3279 2121 3402 2174 ὅθεν
3454 2119 3533 2183 είς
3581 2117 3744 2174 αὐτὸν

2082 2208 2152 2262 τά
2179 2207 2369 2278 πλήθη
2426 2206 2707 2282 συνέῤῥεον
2755 2207 2830 2270 ὡς
2887 2204 3004 2261 οὐδ’
3053 2206 3106 2266 ἐς
3159 2207 3478 2280 μυρμηκιὰν
3537 2207 3591 2260 οἱ
3647 2205 3746 2260 ἐπ-

2084 2296 2323 2358 ανιόντες
2353 2315 2410 2349 τε
2438 2295 2528 2348 καὶ
2582 2294 2812 2366 ἐξιόντες
2871 2293 3167 2373 φιλόπονοι
3220 2294 3510 2370 μύρμήκες
3543 2294 3578 2364 ἢ
3611 2297 3742 2370 γοῦν

2083 2384 2135 2460 οἱ
2175 2381 2230 2445 ἐς
2267 2387 2570 2456 ’Ἄμμωνος
2623 2382 2796 2438 πάλαι
2863 2383 2954 2438 καὶ
3017 2385 3340 2458 Ἀμφιάρεω
3394 2382 3744 2460 ἀφικόμενοι.

2083 2459 2244 2528 ’Δλλ’
2291 2469 2441 2528 οὐδὲν
2497 2471 2700 2543 ἀληθὲς
2742 2474 2834 2529 καὶ
2901 2475 3064 2552 σαφὶς
3121 2473 3243 2548 περῖ
3302 2477 3412 2528 τῶν
3448 2459 3746 2545 ἐσομένων

2085 2561 2245 2624 οὗτος
2302 2560 2612 2640 ἐφθέγγετο,
2679 2559 3079 2635 πεπλανημένα
3145 2559 3204 2616 δὲ
3269 2563 3360 2616 καὶ
3447 2561 3748 2642 ἀσύμφωνα

2084 2652 2301 2714 ἑαυτοῖς
2333 2651 2424 2707 καὶ
2453 2648 2704 2732 γριφώδη
2739 2649 2942 2726 διεξῄει
2993 2651 3234 2726 ῥήματαο
3287 2651 3342 2706 ἐν
3392 2649 3632 2713 πολλοῖς
3690 2649 3747 2707 δὲ

2083 2741 2174 2798 καὶ
2205 2740 2452 2818 γέλωτος
2492 2738 2934 2817 διατεχνώμενος
2996 2740 3139 2814 ἄξια,
3189 2739 3282 2796 τὸν
3342 2738 3745 2817 ἆγελαιοκόμον

2083 2842 2238 2916 ὅμως
2290 2843 2382 2899 καὶ
2438 2843 2575 2918 πρὸς
2643 2842 2790 2896 ὕννιν
2855 2841 3146 2919 ἀφορῶντα
3209 2841 3301 2896 καὶ
3369 2839 3566 2911 κώπην
3623 2839 3744 2896 ἐπε-

2085 2937 2257 2987 σπᾶτο
2303 2931 2463 2987 Λεών.
2517 2933 2642 2987 Τῶν
2689 2929 2794 3005 γὰρ
2855 2927 3269 3007 ἀφικνουμένων
3325 2925 3378 2990 ἐς
3433 2927 3594 2984 αὐτὸν
3649 2951 3746 3004 γυ-

2083 3023 2284 3074 ναικῶν
2339 3017 2600 3092 ἐμάστευε
2653 3015 2782 3080 τοὺς
2845 3018 3104 3091 μαστοὺς,
3163 3017 3256 3072 καὶ
3312 3022 3620 3092 περιαθρῶν
3679 3018 3746 3074 τὰ

2083 3107 2264 3184 σφυρὰ
2295 3106 2484 3184 ληρῶν
2518 3105 2607 3162 ἐπὶ
2635 3107 2852 3170 τούτοις
2891 3107 2958 3176 ἧν
3007 3105 3101 3162 καὶ
3149 3103 3538 3179 ἆποφοιϐάζων
3589 3104 3745 3162 ἀδιά-

2086 3217 2304 3272 γνωστα
2349 3191 2536 3272 λόγια.
2583 3197 2904 3254 ’Λπεσιώπα
2962 3193 3020 3252 δὲ
3083 3194 3217 3252 κάπὶ
3274 3201 3397 3259 ταῖς
3463 3195 3747 3261 πλείσταις

2083 3291 2192 3343 τῶν
2251 3285 2492 3342 πεύσεων
2557 3287 2721 3362 αἳπερ
2795 3286 2946 3360 αύτῷ
3011 3285 3159 3362 παρὰ
3229 3289 3337 3340 τῶν
3405 3286 3742 3360 προσιόντων

2085 3375 2380 3452 ἐπήγοντο,
2455 3375 2547 3431 καὶ
2619 3377 2716 3438 τάς
2793 3375 2995 3438 οἰκείας
3098 3374 3318 3450 πράξεις
3417 3370 3743 3450 μεταϐάσεσι

2081 3473 2336 3530 τυπικαῖς
2364 3468 2454 3523 καὶ
2499 3471 2916 3544 σχηματισμοῖς
2967 3465 3209 3541 ἐπέραινε
3257 3470 3540 3528 Πανικοῖς.
3598 3472 3746 3522 Συν-

2084 3561 2293 3615 εστῶτα
2347 3553 2404 3613 δὲ
2445 3555 2642 3634 γύναια
2701 3556 2900 3634 γραῖκά
2968 3576 3090 3610 τινα
3155 3553 3626 3632 οἳστρηλατοῦντά
3687 3577 3746 3612 τε

2083 3650 2171 3704 καὶ
2231 3648 2680 3721 κωθωνιζόμενα,
2739 3645 2875 3702 κατὰ
2927 3645 3078 3720 γένος
3126 3642 3274 3718 αύτῷ
3345 3643 3742 3718 συναπτόμενα,

2088 3738 2397 3814 ὑφηγοῦντο
2428 3741 2544 3798 τοῖς
2575 3730 2995 3811 παραϐάλλουσι
3024 3733 3092 3791 τὰ
3125 3735 3230 3791 ὑπὸ
3267 3737 3365 3791 τοῦ
3405 3733 3742 3792 Βασιλακίου

2083 3826 2414 3899 τελούμενα,
2468 3825 2499 3882 ὅ
2547 3847 2600 3882 τι
2665 3831 2774 3881 τῶν
2838 3823 3222 3902 γενησομένων
3287 3825 3740 3900 τεκμηριάζουσιν

2085 3917 2176 3973 καὶ
2223 3918 2324 3985 τήν
2370 3917 2532 3990 σιγὴν
2575 3915 2650 3978 ὥς
2697 3936 2752 3971 τι
2805 3912 3187 3992 φθεγγομένην
3225 3913 3318 3970 καὶ
3357 3911 3738 3986 ὑποδηλοῦσαν

2087 4005 2254 4086 σοφὸν
2287 4001 2662 4078 διεσήμαινον.
2705 4007 2794 4077 [Ρ.
2823 4007 2954 4078 288]
2987 4001 3193 4062 Ἐδόκει
3225 4002 3319 4078 οὖν
3351 4003 3378 4058 ὁ
3409 4003 3549 4079 ἀνὴρ
3581 4002 3740 4065 οὗτος

2084 4100 2202 4160 τοῖς
2235 4095 2328 4170 μὲν
2378 4091 2636 4168 πολλοῖς,
2697 4093 2774 4159 ὡς
2817 4093 2934 4170 ἔχω
2993 4092 3185 4166 εἰπὼν,
3243 4092 3604 4170 προφητικὸς,
3651 4091 3743 4147 καὶ

2087 4182 2479 4260 προσημαίνων
2519 4184 2588 4239 τὰ
2641 4179 3058 4258 συμϐησόμενα,
3107 4183 3198 4238 καὶ
3255 4181 3475 4256 μάλισθ’
3517 4179 3745 4244 ὁπόσαις

2085 4279 2196 4332 τῶν
2243 4277 2515 4352 γυναικῶν
2575 4273 2631 4328 αἱ
2688 4277 2796 4328 τῶν
2855 4271 3095 4328 πεύσεων
3149 4271 3371 4345 ἂσεμνοι
3423 4271 3516 4326 καὶ
3571 4270 3752 4346 ἀσχή-

2093 4385 2253 4440 μονες
2311 4367 2419 4419 τῶν
2481 4363 2805 4436 ἐσθημάτων
2851 4356 3226 4436 ἐγκομϐώσεις
3286 4361 3362 4422 ὠς
3420 4357 3615 4416 παιδιά
3665 4382 3750 4424 τις

2089 4459 2554 4538 περιεσπούδαστο
2607 4461 2811 4539 γέλωτι
2869 4459 3200 4535 σύμμικτος,
3251 4465 3366 4522 τοῖς
3416 4456 3462 4514 δ’
3523 4458 3577 4522 ἐς
3622 4463 3747 4516 νοῦν

2095 4554 2362 4628 βάπτουσι
2392 4550 2676 4626 περίεργόν
2703 4573 2756 4606 τι
2785 4551 2876 4606 καὶ
2907 4549 3307 4626 γελωτοποιῶν
3337 4549 3430 4604 καὶ
3491 4547 3743 4625 ληρῶδες

2084 4640 2365 4719 γεφόντιον
2395 4637 2601 4716 ἤγητο.
2653 4639 2772 4696 Εἰσὶ
2829 4636 2876 4694 δ’
2925 4641 2980 4694 οἱ
3026 4637 3115 4693 καὶ
3169 4638 3437 4712 πνεύματι
3493 4639 3747 4702 Πύθωνος

2082 4733 2321 4806 κάτοχον
2383 4729 2663 4806 εὐστόχως
2751 4729 3048 4804 εἰρήκασιν,
3108 4728 3192 4791 οἷς
3244 4727 3447 4802 ἐθέμην
3505 4728 3743 4804 μάλιστα

2082 4823 2174 4880 καὶ
2217 4821 2402 4882 αὐτός.
2452 4821 2595 4878 Τότε
2668 4823 2803 4894 γοῦν
2875 4819 3153 4876 ἐπιστάντι
3226 4823 3308 4891 τῷ
3383 4818 3740 4894 αὐτοκράτορι

2085 4910 2210 4968 οὔτε
2264 4908 2564 4986 προσέσχεν
2623 4907 2773 4972 ’ὀλως
2832 4909 2908 4973 ὠς
2957 4903 3421 4986 περιϐεϐλημένῳ
3473 4909 3739 4977 τοσαύτην

2085 5003 2170 5057 καὶ
2205 4999 2464 5070 τοιαύτην
2509 4999 2696 5078 ἱσχὺν,
2757 4995 2880 5054 οὔτε
2909 4997 3046 5074 πρὸς
3099 4999 3198 5068 τήν
3247 4997 3410 5053 αὐτοῦ
3463 5014 3738 5072 προσηγο-

2088 5091 2207 5167 ρίαν
2240 5091 2297 5162 (ἡ
2333 5086 2388 5144 δὲ
2416 5090 2484 5158 ἦν
2518 5113 2547 5141 ι(
2579 5086 2826 5163 Χαίροις,
2872 5088 2917 5142 ὧ
2969 5089 3139 5162 πάτερ
3194 5085 3486 5145 Βασιλάκιε
3519 5105 3544 5138 ε
3578 5085 3596 5158 )
3639 5083 3739 5152 τὴν

2087 5179 2375 5255 ἀπόκρισιν
2420 5173 2568 5234 ἔθετο
2623 5179 2658 5249 ἢ
2715 5181 2843 5250 γοῦν
2906 5179 3283 5248 ἀντησπάσατο
3338 5177 3523 5249 σιωπῇ
3580 5193 3745 5229 κατα-

2085 5269 2278 5331 νεύσας
2307 5273 2375 5344 τῇ
2408 5268 2644 5349 κεφιιλῇ,
2696 5267 2825 5324 ἀλλ’
2873 5267 2984 5324 ὦδε
3035 5268 3252 5325 κάκεῖσε
3299 5267 3433 5342 μετὰ
3484 5264 3748 5322 πωλικῶν

2087 5365 2386 5439 φερόμενος
2447 5359 2832 5433 σκιρτημάτων
2891 5358 2982 5413 καὶ
3033 5359 3368 5436 παραφόρων
3449 5357 3748 5430 μετακινή.

2088 5471 2221 5506 σεων
2250 5446 2568 5524 ἐκακολόγει
2631 5446 2756 5511 τοὺς
2808 5447 3157 5524 προσιόντας,
3214 5447 3305 5502 καὶ
3363 5445 3607 5520 μάλιστα
3653 5445 3750 5502 τὸν

2089 5538 2554 5611 Μεσοποταμίτην
2631 5542 3052 5609 Κωνσταντῖνον,
3137 5537 3198 5598 ὅς
3271 5538 3339 5604 ἦν
3415 5539 3542 5591 τότε
3617 5535 3742 5592 λίαν

2087 5625 2432 5701 ᾠκειωμένος
2465 5632 2544 5698 τῷ
2579 5625 2816 5702 βασιλεῖ,
2861 5623 2990 5699 μηδ’
3051 5624 3218 5682 αὐτοῦ
3270 5623 3596 5704 φειδόμενος
3643 5629 3740 5680 τοῦ

2089 5717 2438 5794 κραττῦντος.
2476 5717 2612 5792 Ὀψὲ
2643 5713 2700 5772 δὲ
2758 5715 2844 5771 καὶ
2893 5713 3061 5790 μόλις
3115 5719 3226 5774 τῶν
3275 5714 3522 5773 ἀτάκτων
3571 5712 3740 5787 λήξας
