4102 6456
402 408 515 470 821

1526 404 1627 465 DE
1668 399 1985 464 lSAACIO
2028 396 2343 459 ANGELO
2386 388 2534 454 LIB.
2583 392 2686 454 III.

3705 394 3823 457 822

404 544 690 615 κινήσεων,
740 542 839 612 τήν
892 545 1055 617 χεῖρα
1104 538 1338 599 ἐκτείνας
1392 539 1614 617 ἀχρειοῖ
1651 532 1739 592 δια
1766 537 1863 590 τοῦ
1895 530 2044 606 σκίμ-

2171 546 2298 602 qua;
2331 529 2431 585 diu
2464 526 2698 585 czelarat
2722 525 2960 593 animis,
2993 531 3114 580 tum
3148 523 3204 578 in
3242 528 3509 596 apertum
3556 528 3820 599 protulit.

405 637 609 705 πωνος,
641 632 699 687 ὅν
727 628 881 712 ἔφερε
934 637 1054 685 ταῖν
1124 634 1333 708 χεροῖν,
1380 629 1480 696 τὴν
1541 624 1721 681 εῗκόνα
1759 628 1856 681 τοῦ
1899 625 2056 698 βασι-

407 720 573 789 λέως,
605 719 729 790 ἤτις
767 710 917 774 Ὕκατᾶ
963 719 1025 773 τὸ
1074 717 1149 781 εἰς
1212 716 1386 796 εὐχὴν
1444 713 1591 786 αὐτῷ
1620 710 2055 786 ἀποτεταγμένον

409 805 636 864 οἰκίδιον
669 808 963 884 χρώμασιν
994 804 1083 861 ἐπὶ
1120 803 1322 879 τοίχου
1365 801 1669 873 ἐστήλωτο,
1700 801 1825 863 τοὺς
1855 797 2059 874 ὀφθαλ-

414 896 549 973 μοὺς
604 891 1112 968 διαλωϐησάμενος.
1161 894 1429 969 Ὠρμήκει
1478 889 1534 947 δὲ
1581 889 1673 944 καὶ
1721 887 1812 943 τὸν
1842 891 1943 956 τῆς
1971 905 2060 973 κεῖ

409 972 589 1065 φαλῆς
643 988 738 1040 τοῦ
790 983 1189 1059 αὐτοκράτορος
1249 980 1412 1037 πῖλον
1475 976 1710 1052 ἁρπάσαι
1759 975 1849 1031 καὶ
1880 972 2061 1052 χαμαὶ

407 1080 761 1152 κατενεγκεῖν.
818 1075 921 1132 Καὶ
968 1078 1136 1128 ταῦτα
1186 1073 1280 1146 μὲν
1331 1071 1489 1131 οὗτος
1538 1064 1914 1140 διεπεπράχειθ
1948 1059 2062 1116 ὁδέ

407 1151 660 1227 ϐασιλεῦς
708 1163 1017 1242 ἀφροσύνην
1065 1159 1368 1236 καταγνοὺς
1408 1163 1506 1214 τοῦ
1540 1154 1832 1231 ἀνδραρίου
1862 1151 2060 1208 ἐκεῖθεν

406 1256 747 1328 μεθισταται.
807 1252 1006 1314 Αὐτοῖς
1069 1247 1249 1326 μέντοι
1308 1270 1372 1326 γε
1427 1252 1542 1310 τοῖς
1604 1243 2058 1317 συνειλεγμένοις,

404 1326 714 1424 όφϐαλμοῖς
750 1337 1136 1420 παραλαϐοὖσι
1162 1341 1233 1396 τὰ
1260 1339 1519 1416 γεγονότα
1569 1335 1671 1390 οὐκ
1716 1326 2058 1424 εὐσύμϐολος

404 1420 510 1489 τῶν
544 1430 818 1507 ἒσομένων
875 1431 1070 1495 οἰωνὸς
1123 1426 1544 1504 συλλελόγιστο.
1597 1426 1673 1487 ὡς
1731 1422 1789 1479 δὲ
1844 1422 1931 1477 καὶ
1962 1420 2058 1484 τὰς

403 1518 701 1587 ἀποϐάσεις
750 1521 812 1577 οὐ
857 1522 1033 1592 πάντη
1092 1516 1405 1592 ἀπᾳδούσας
1460 1521 1578 1579 τοῖς
1636 1507 1941 1586 συμϐόλοις
1969 1530 2060 1567 τε-

404 1613 637 1685 θέανται,
673 1611 757 1666 ἐπὶ
795 1608 964 1666 πλέον
1017 1602 1242 1671 ἕκαστος
1298 1605 1383 1662 ἓτι
1435 1606 1533 1676 τὴν
1593 1603 1717 1677 περὶ
1763 1605 1859 1657 τοῦ
1890 1606 2059 1657 Βασι-

404 1699 596 1756 λακίου
659 1697 816 1770 δόξαν
873 1696 1192 1773 ἒκράτυναν,
1248 1693 1567 1772 ἀμφιῤῥεπῆ
1625 1712 1686 1747 τε
1737 1690 1923 1760 οὖσαν,
1981 1689 2055 1751 ὡς

401 1787 510 1862 ἤδη
575 1812 670 1863 μοι
729 1786 1003 1857 λέλεκται,
1064 1787 1328 1861 πρότερον
1386 1783 1519 1838 κάπὶ
1585 1785 1702 1843 τοῖς
1766 1779 2052 1842 πλείστοις

2168 621 2314 678 Cum
2352 624 2545 676 autem
2594 618 2910 690 imperator
2966 631 3286 672 conscenso
3337 631 3487 687 equo
3545 623 3819 675 venatum

2167 709 2360 765 iturus
2392 709 2631 764 fratrem
2668 705 2957 773 Alexium,
2983 709 3047 760 ut
3065 719 3259 761 secum
3294 704 3477 760 exiret
3507 709 3564 759 et
3595 705 3648 759 in
3686 707 3819 763 her-

2171 798 2325 856 bidis
2357 802 2413 853 et
2438 797 2661 853 ﬂoridis
2687 795 2806 852 illis
2831 794 2975 852 locis
3004 811 3121 850 una
3152 793 3565 862 obiectaretur,
3598 804 3819 855 accersi

2160 888 2464 961 jussisset,
2496 887 2549 942 is
2582 885 2895 943 destinatis
2925 884 3313 956 exsequendis
3335 885 3617 953 intentus,
3651 888 3817 959 aegri-

2168 977 2375 1033 tudine
2405 981 2463 1031 et
2492 991 2649 1031 venae
2696 975 2955 1031 sectione
3007 972 3315 1042 simulata,
3375 975 3648 1033 comitari
3685 993 3818 1033 eum

2170 1064 2483 1122 recusavit.
2509 1065 2603 1121 Sic
2625 1063 2723 1119 ille
2745 1062 2909 1120 solus
2948 1066 3209 1135 ereptum
3260 1065 3370 1119 iter
3418 1066 3815 1136 prosequitur.

2173 1152 2360 1210 Alexii
2393 1168 2528 1209 vero
2550 1152 2867 1224 conjurati,
2898 1152 3168 1208 homines
3202 1152 3383 1223 leves,
3416 1154 3816 1224 eonscelerati,

2169 1241 2371 1315 euripo
2406 1240 2833 1311 mutabiliores,
2867 1242 3018 1299 fucis
3035 1246 3095 1297 et
3129 1240 3281 1298 dolis
3311 1242 3532 1311 referti,
3564 1243 3661 1299 ubi
3705 1244 3820 1300 im-

2168 1338 2495 1409 peratorem
2526 1347 2661 1387 cum
2716 1330 3070 1387 satellitibus
3121 1335 3179 1387 et
3208 1331 3439 1399 amicis,
3472 1349 3723 1404 quorum
3756 1334 3814 1389 in

2169 1420 2637 1480 administranda
2668 1436 2728 1476 re
2755 1418 2991 1491 publica
3019 1425 3076 1476 et
3112 1419 3533 1493 cupiditatibus
3567 1422 3690 1478 suis
3714 1439 3815 1479 ex-

2168 1511 2398 1586 plendis
2429 1526 2605 1584 opera
2642 1509 2934 1575 utebatur,
2971 1508 3080 1565 tria
3099 1509 3542 1567 circiterstadia
3571 1512 3816 1569 ataber-

2167 1602 2379 1660 naculo
2411 1599 2726 1659 recessisse
2741 1599 3032 1665 viderunt,
3052 1602 3086 1651 A
3098 1597 3313 1654 lexium
3327 1598 3573 1656 invitum
3588 1599 3813 1657 scilicet

2166 1693 2476 1765 abreptum
2494 1689 2576 1746 eti
2587 1687 3082 1762 nimperatorium
3106 1688 3425 1745 tentorium
3458 1691 3809 1761 perductum

2165 1782 2576 1855 imperatorem
2608 1778 2955 1835 salutarunt.
3010 1777 3190 1834 Erant
3247 1777 3307 1832 hi
3363 1779 3583 1835 Branas
3624 1780 3809 1836 Theo-

399 1874 916 1960 ἀμφισϐητήσιμον.
957 1877 1044 1939 Ὠς
1096 1872 1143 1931 δ’
1192 1875 1268 1938 εἰς
1322 1873 1388 1930 τὰ
1448 1868 1704 1947 Κύψελλα
1753 1870 1782 1924 6
1829 1873 2044 1965 ’κρατῶν

2167 1873 2368 1942 dorus,
2401 1868 2707 1965 Georgius.
2741 1866 3130 1965 l’alaeologus,
3173 1867 3322 1923 Raul
3373 1867 3809 1938 Constantinus,

403 1958 648 2046 ἀφίκετο,
702 1967 769 2023 τὰ
830 1966 923 2041 μὲν
977 1970 1085 2021 τῶν
1156 1962 1576 2038 στρατευμάτων
1647 1959 1701 2023 ἐς
1770 1958 2055 2035 φάλαγγας

399 2058 490 2112 καὶ
546 2057 674 2121 ’ἰλας
733 2054 1032 2126 ξυνέταττε,
1096 2055 1162 2109 τὰ
1233 2050 1290 2108 δὲ
1346 2047 1662 2126 καραδοκῶν
1726 2047 2053 2124 προσέμενεν

397 2146 698 2227 ἀφικέσθαι.
729 2149 845 2200 Τῶν
897 2142 944 2200 δ’
993 2141 1048 2199 εὗ
1097 2141 1405 2219 γεγονότων
1441 2139 1631 2216 συχνοὶ
1659 2140 1729 2213 τῇ
1762 2137 2055 2212 ἅκομιστίᾳ

393 2242 490 2293 τοῦ
555 2233 825 2312 βασιλέως
882 2232 943 2289 ἐκ
1004 2235 1214 2308 μακροῦ
1269 2229 1644 2310 δυσχεραίνειν
1683 2227 2051 2302 πλαττόμενοι

392 2325 592 2397 καὶτῷ
641 2325 718 2398 μή
769 2325 907 2379 κατά
952 2322 1043 2378 τὸν
1093 2321 1274 2377 εἰκότα
1313 2320 1482 2398 λόγον
1524 2318 1593 2374 τα
1639 2317 1793 2372 κοινὰ
1824 2313 2052 2371 διοικεῖ-

393 2427 516 2481 σθαι
572 2413 885 2490 πράγματα,
944 2411 1113 2467 εἰπεῖν
1198 2407 1244 2465 δ’
1321 2408 1680 2481 ἀληθέστερον
1717 2406 1827 2490 ,τὰς
1889 2424 2050 2478 μετα-

392 2498 564 2564 ϐολὰς
611 2488 718 2557 τῶν
792 2501 1128 2576 πραγμάτων
1191 2499 1327 2554 κατᾶ
1382 2496 1525 2553 πολὺ
1584 2488 2049 2570 συμϐαλλομένας

392 2594 579 2653 αὐτοῖς
640 2588 693 2653 ἐς
753 2587 1147 2664 χρηματισμὸν
1203 2587 1648 2656 κατανοήσαντες,
1703 2583 1827 2638 τότε
1868 2584 1934 2637 τὰ
1963 2583 2051 2638 ἐν-

392 2678 654 2736 δεδυκότα
710 2682 780 2752 τῇ
841 2681 996 2753 ψυχῇ
1054 2677 1143 2732 καὶ
1204 2674 1633 2747 ὑποϐαλπόμενα
1684 2676 1782 2727 τοῦ
1814 2674 2046 2742 στήθους

389 2767 791 2842 ἀναμηρύοντες
856 2768 934 2829 εἷς
993 2770 1107 2844 φῶς
1159 2766 1525 2839 προήνεγκαν.
1585 2760 1778 2821 Τοίνυν
1847 2763 1875 2816 ὁ
1951 2763 2047 2835 μὲν

390 2859 746 2933 αὐτοκράτωρ
803 2856 880 2917 εἷς
939 2853 1263 2932 κυνηγέσιον
1324 2853 1589 2928 ὁρμηθεὶς
1643 2851 1734 2907 καὶ
1791 2852 1927 2925 πρὸς
1967 2855 2046 2925 τῷ

383 2943 621 3025 ἔφιππος
687 2948 921 3026 ὀφθῆναι
1004 2945 1285 3021 γινόμενος
1373 2940 1745 3016 μετεπέμπετο
1800 2939 1892 2996 καὶ
1950 2941 2044 2997 τὸν

384 3035 617 3115 ἀδελφὸν
691 3033 936 3106 Ἀλέξιον
1006 3034 1294 3104 συνεξιέναι
1358 3032 1410 3086 οἱ
1468 3032 1556 3086 καὶ
1618 3028 2041 3107 συνδιαχυθῆναι

380 3128 515 3184 κατὰ
541 3130 651 3182 τῶν
700 3123 871 3181 ἐκεῖσε
924 3121 1125 3178 πεδίων
1185 3122 1251 3177 τὰ
1304 3118 1499 3192 ποώδη
1533 3119 1622 3176 καὶ
1659 3120 1889 3194 ἀνθηρά·
1923 3121 1951 3175 6
1982 3116 2041 3175 δὲ

379 3221 516 3295 πρὸς
563 3219 627 3274 τὸ
686 3215 738 3272 ἐν
798 3216 987 3296 χερσὶν
1044 3211 1199 3290 ἔργον
1257 3213 1684 3287 ἑτοιμασάμενος
1719 3210 2034 3269 ἐπισπέσθαι

382 3309 434 3363 οἱ
466 3307 759 3378 ἀπείπατο,
817 3305 953 3381 πρὸς
1005 3302 1198 3380 σχάσιν
1255 3298 1457 3381 φλεϐὸς
1516 3301 1904 3376 ἐτοιμασθῆναι
1946 3300 2041 3358 λέ-

383 3417 519 3471 γων,
583 3395 922 3469 μσλακισμὸν
971 3394 1396 3469 ὑποκρινάμενος
1447 3393 1721 3466 σώματος.
1782 3390 1883 3450 Καὶ
1933 3390 2036 3447 οὕ-

386 3506 494 3547 τως
553 3485 581 3539 6
638 3485 732 3559 μὶν
790 3480 950 3557 ἔξείσι
1001 3482 1091 3538 καὶ
1153 3481 1316 3555 μόνος
1375 3482 1464 3537 καὶ
1519 3488 1620 3551 τῆς
1668 3483 2035 3554 προκειμένης

385 3568 587 3650 ἔχεται,
625 3574 677 3628 οἱ
704 3571 761 3628 δὲ
790 3570 887 3628 τοῦ
918 3572 1235 3645 σκέμματος
1281 3574 1668 3631 κοινωνοῦντες
1699 3574 1777 3642 τῷ
1805 3567 2035 3643 Ἀλεξίῳ

383 3662 575 3738 λοιμοί
631 3662 722 3718 καὶ
770 3657 931 3717 κύϐοι
990 3663 1082 3716 καὶ
1140 3656 1354 3735 εὔριποι
1413 3659 1502 3715 καὶ
1558 3661 1641 3733 [Ρ.
1675 3662 1803 3734 289]
1834 3665 2036 3730 σκηνῆς

381 3755 641 3830 γέμοντες
675 3749 951 3828 ἅνθρωποι
1011 3750 1141 3805 ὡσεὶ
1201 3747 1453 3812 σταδίους
1508 3754 1654 3823 τρεῖς
1686 3749 1776 3804 τὸν
1810 3749 2036 3825 βασιλέα

380 3844 645 3920 προϊόντα
702 3838 903 3904 ἰδόντες
961 3847 1064 3911 τῆς
1122 3846 1326 3911 σκηνῆς
1387 3838 1523 3914 μετὰ
1573 3844 1682 3894 τῶν
1735 3836 1908 3903 πέλας
1947 3837 2034 3895 καὶ

382 3934 556 4011 φίλων
619 3933 701 3996 οἷς
755 3928 1120 3986 πεπολίτευτο
1179 3929 1270 3984 καὶ
1322 3927 1376 3983 οἳ
1428 3924 1760 4001 συνδιῲκουν
1790 3928 1941 4000 αὐτῷ
1969 3928 2037 3984 τὰ

375 4025 491 4079 κατ’
536 4017 738 4099 ἔφεσιν,
785 4020 1211 4095 συναρπάζουσιν
1265 4016 1565 4093 είρωνίκῶς
1623 4018 1714 4072 τὸν
1766 4015 2034 4090 Ἀλέξιον,

377 4116 465 4170 καὶ
527 4113 603 4175 εἷς
657 4115 760 4183 τὴν
820 4110 1097 4185 βασίλειον
1152 4110 1356 4181 σκηνήν
1413 4113 1606 4166 τοῦτον
1644 4109 1915 4185 εἷ’σάγουσι
1945 4109 2035 4165 καὶ

378 4203 796 4277 ἀναγορεύουσιν
846 4198 1239 4275 αὐτοκράτορα.
1289 4201 1457 4256 Ἦσαν
1506 4195 1553 4253 δ’
1601 4199 1754 4254 οὗτοι
1803 4199 1831 4254 6
1892 4201 2037 4274 Βρα-

378 4297 473 4354 νᾶς
534 4288 837 4364 Θεόδωρος,
897 4290 924 4343 6
986 4287 1367 4364 Παλαιοιιόγος
1428 4288 1721 4364 Γεώργιος,
1756 4290 1785 4344 6
1829 4294 2039 4365 Πετρα-

381 4376 544 4456 λίφας
579 4379 832 4448 Ἰωάννης
889 4376 978 4431 καὶ
1038 4377 1066 4431 6
1123 4374 1322 4433 Ῥαοὺλ
1380 4380 1800 4441 Κωνσταντῖνος,
1835 4379 1863 4432 6
1896 4382 2034 4436 Καν-

380 4467 715 4539 τακουζηνὸς
745 4463 981 4541 Μιχαὴλ
1041 4464 1130 4520 καὶ
1191 4464 1385 4540 συχνοῖ
1442 4461 1617 4539 ἕτεροι
1670 4465 1915 4542 ἀνάρσιοι
1944 4467 2035 4523 καὶ

381 4555 595 4632 εὔριποι
626 4555 927 4633 ἄνθρωποι,
970 4554 1105 4612 κατὰ
1152 4553 1302 4631 γένος
1352 4560 1430 4628 τῷ
1496 4553 1716 4632 βασιλεῖ
1764 4557 2035 4613 συναπτό-

384 4667 558 4721 μενοι,
589 4646 681 4701 καὶ
739 4651 949 4718 σμῆνος
1006 4642 1149 4701 ἄλλο
1202 4642 1463 4721 ἀγελαῖον
1522 4646 1647 4722 περὶ
1691 4647 1752 4701 τὸ
1785 4641 2034 4702 σεϐαστο·

377 4735 700 4811 κρατορικὸν
748 4732 919 4790 πάλαι
976 4733 1246 4806 ἀλητεῦον
1301 4734 1392 4790 καὶ
1452 4740 1643 4810 χαῖνον
1697 4734 2033 4813 ἒστιατόριον

378 4825 469 4881 καὶ
500 4829 698 4902 χαῖρον
750 4827 869 4886 ταῖς
928 4827 1037 4880 τῶν
1087 4823 1424 4898 πραγμάτων
1475 4823 1823 4901 ἐξαλλαγαῖς.
1856 4830 2037 4900 ΙΙροσ-

380 4920 558 4992 χωρεῖ
589 4912 646 4971 δέ
677 4914 847 4970 οἱκαὶ
878 4915 1014 4988 πρὸς
1053 4914 1226 4988 μόνην
1282 4914 1383 4983 τήν
1437 4919 1547 4971 τῶν
1603 4916 2034 4992 νεοχμωθέντων

380 5005 646 5082 ἐνήχησιν
706 5000 843 5060 ἅπαν
896 5003 960 5059 τὸ
1024 5004 1413 5078 στρατιωτικὸν
1473 5001 1679 5077 ἰλαδὸν,
1712 5006 1802 5062 καὶ
1839 5000 2038 5062 ὁπόσον

379 5096 633 5168 Ἰσαακίῳ
676 5091 1014 5171 προσέῤῥεπε
1067 5093 1452 5167 θεραπευτικὸν
1504 5095 1595 5148 καὶ
1648 5092 1901 5168 οἰκίδιον,
1947 5096 2036 5150 καὶ

381 5185 537 5260 οἳπερ
577 5185 653 5249 εἰς
716 5181 925 5261 βουλῆς
978 5181 1194 5256 ἀξίωμα
1249 5183 1516 5257 ἤρθησαν.
1566 5184 1627 5241 Ὀ
1678 5182 1735 5240 δὲ
1774 5183 2035 5250 Βασιλεὺς

384 5273 630 5346 ἀσήμους
684 5274 780 5338 τὰς
833 5277 1023 5350 πρῶτα
1080 5274 1262 5353 φωνὰς
1317 5273 1393 5337 εἷς
1444 5274 1614 5344 ἀκοὴν
1669 5274 1836 5332 ὠτίου
1894 5273 2038 5351 δεξά-

387 5380 562 5434 μενος,
594 5363 711 5419 εἶτα
737 5366 824 5420 καὶ
857 5364 992 5419 κατὰ
1044 5363 1146 5433 τήν
1202 5362 1439 5439 ἀρχικῆν
1471 5363 1704 5421 αὐλαίαν
1735 5369 1841 5420 τῶν
1874 5365 2032 5423 πλεί-

383 5470 526 5505 στων
594 5453 860 5527 θεὼμενος
919 5452 1233 5529 συνδρομὴν
1312 5455 1401 5509 καὶ
1472 5456 1570 5525 τὴν
1641 5458 1738 5512 τοῦ
1794 5455 2035 5536 ἀδελφοῦ

382 5538 679 5616 ἀνάρρησιν
729 5542 1119 5620 ἱνηχούμενος,
1182 5544 1295 5619 μετ’
1356 5543 1419 5599 οὐ
1478 5546 1623 5601 πολὺ
1665 5543 1723 5602 δὲ
1768 5549 1856 5602 καὶ
1903 5547 2034 5612 τοὺς

384 5626 759 5703 ἀγγέλλοντας
783 5624 927 5706 ἔχων
958 5632 1113 5688 ταυτὶ
1170 5631 1237 5688 τὰ
1295 5629 1657 5707 τολμώμενα,
1689 5628 1815 5706 ἔστη
1845 5657 1904 5692 τε
1931 5641 2032 5691 τοῦ

381 5722 559 5789 ἳεσυαι
615 5721 825 5800 πρόσω,
882 5722 972 5778 καὶ
1036 5724 1096 5780 τὸ
1154 5726 1251 5781 τοῦ
1311 5727 1542 5803 σταυροῦ
1597 5730 1826 5801 σημεῖον
1858 5727 2032 5802 ἑαυτῷ

2165 1961 2607 2017 Cantacuzenus
2636 1955 2905 2023 Michael,
2936 1960 2994 2012 et
3037 1955 3135 2011 alii
3166 1957 3500 2030 complures
3557 1957 3809 2030 improbi

2161 2053 2219 2106 et
2238 2048 2392 2104 leves
2422 2044 2717 2110 homines,
2765 2044 3105 2117 imperatori
3168 2048 3457 2118 sanguine
3509 2047 3722 2123 juncti,
3757 2055 3814 2105 et

2163 2153 2373 2212 agmen
2408 2151 2609 2192 eorum
2635 2134 2735 2207 qui
2758 2135 2913 2192 594
2945 2150 3205 2190 mensam
3223 2135 3809 2193 sebastocratoricam

2159 2224 2674 2293 consectabantur,
2707 2223 2870 2279 novis
2890 2222 3068 2278 rebus
3099 2224 3446 2294 gaudentes.
3468 2225 3649 2279 Totus
3672 2224 3809 2280 item

2158 2314 2449 2372 exercitus
2482 2312 2581 2368 illo
2604 2316 2766 2369 motu
2817 2312 3101 2367 duntaxat
3133 2312 3333 2368 audito
3390 2313 3696 2368 turmatim
3732 2315 3801 2369 ad

2154 2405 2419 2463 Alexium
2479 2403 2697 2473 deficit,
2749 2400 3059 2459 domestici
3116 2406 3395 2475 praeterea
3452 2407 3509 2459 et
3546 2402 3804 2459 ministri

2155 2495 2359 2554 Isaacii
2388 2511 2611 2565 omnes,
2645 2498 2704 2551 et
2725 2493 2824 2567 qui
2857 2493 2928 2549 ab
2962 2509 3028 2549 eo
3047 2491 3333 2565 dignitate
3383 2493 3677 2549 senatoria
3707 2511 3801 2548 or-

2158 2588 2279 2644 nati
2304 2592 2489 2643 erant.
2513 2588 2589 2642 At
2639 2586 2958 2658 imperator
3016 2584 3286 2642 obscuris
3328 2584 3616 2658 principio
3648 2586 3798 2642 voci-

2151 2677 2263 2734 bus
2294 2674 2571 2748 acceptis,
2605 2674 2816 2731 deinde
2838 2691 2897 2730 in
2929 2673 3246 2729 tentorium
3281 2690 3456 2731 suum
3509 2690 3800 2733 concursu

2152 2765 2542 2840 plurimorum
2587 2765 2711 2820 viso
2765 2767 2823 2819 et
2879 2763 3075 2819 fratris
3127 2761 3519 2820 declarations
3577 2764 3798 2829 audita,

2150 2873 2258 2915 nec
2288 2856 2474 2913 multo
2508 2860 2642 2929 post
2687 2855 3048 2912 facinoribus
3094 2854 3227 2910 istis
3259 2854 3568 2922 nuntiatis,
3624 2871 3801 2911 cursu

2151 2963 2442 3021 represso,
2483 2948 2652 3016 signo
2695 2944 2887 3002 erucis
2933 2961 2996 3001 se
3027 2943 3257 3014 muniit,
3316 2949 3374 3001 et
3416 2943 3631 3001 Christi
3662 2962 3802 3017 pace

2147 3035 2462 3109 implorata
2485 3035 2671 3093 Deum
2708 3035 2921 3106 saepius
2954 3034 3139 3090 oravit
3160 3049 3223 3089 se
3245 3050 3314 3090 ex
3338 3033 3435 3090 illo
3460 3033 3801 3091 discrimine

2143 3127 2420 3194 liberari;
2461 3130 2517 3182 et
2548 3125 2652 3182 Dei
2678 3123 2991 3181 Genitricis
3025 3123 3343 3196 imaginem
3377 3140 3444 3181 ex
3474 3125 3608 3180 sinu
3668 3142 3805 3196 pro-

2106 3267 2120 3291 ,
2149 3217 2325 3274 latam
2358 3216 2560 3271 crebro
2594 3213 2959 3286 amplectens
2986 3213 3197 3286 partim
3241 3212 3631 3279 collaudabat,
3667 3231 3798 3286 par-

2070 3268 2121 3330 U

2152 3305 2255 3362 tim
2281 3301 2800 3378 supplexefﬂictim
2816 3302 3021 3360 orabat
3053 3302 3447 3359 utimminens
3470 3304 3794 3375 periculum

2147 3396 2401 3469 effugere
2433 3392 2652 3451 liceret.
2696 3392 2837 3450 Cum
2873 3399 3065 3451 autem
3100 3393 3382 3467 quosdam
3416 3395 3796 3467 comprehen-

2146 3486 2322 3544 dendi
2352 3485 2443 3542 sui
2469 3501 2648 3541 causa
2696 3482 2843 3541 laxis
2902 3485 3149 3542 habenis
3209 3484 3427 3541 irruere
3476 3501 3581 3543 nec
3629 3485 3789 3543 aliud

2144 3580 2367 3648 spirare
2390 3579 2493 3631 aut
2512 3578 2774 3647 spectare
2804 3574 2919 3631 nisi
2945 3574 3342 3647 captivitatem
3386 3593 3557 3633 suam
3588 3593 3787 3635 cerno-

2146 3671 2254 3736 ret,
2295 3667 2494 3738 fugam
2546 3664 2789 3737 arripit;
2819 3669 2877 3721 et
2924 3664 3209 3721 vorticoso
3266 3664 3465 3735 ﬂuvio,
3528 3666 3627 3738 qui
3671 3667 3791 3724 illic

2145 3754 2507 3831 preterﬂuit,
2567 3771 2681 3810 non
2732 3755 2860 3811 sine
2920 3754 3178 3826 periculo
3246 3760 3521 3827 superato
3579 3757 3788 3830 pergit.

2145 3844 2421 3913 Quamvis
2447 3844 2603 3900 enim
2643 3844 2870 3900 nullum
2905 3848 3098 3900 tutum
3133 3849 3431 3916 receptura
3476 3845 3627 3902 595
3663 3863 3794 3903 cer-

2145 3939 2330 4005 neret,
2367 3937 2567 3990 tamen
2599 3938 2665 3990 ut
2693 3932 2934 3989 exitium
2997 3950 3029 3989 a
3088 3931 3289 4005 populi
3330 3933 3524 3990 furore
3563 3951 3794 3991 summa

2149 4024 2530 4082 festinatione
2562 4022 2967 4095 persequentis
2990 4022 3306 4077 imminens
3363 4024 3620 4093 evitarei,
3666 4025 3794 4081 Sta-

2144 4115 2269 4187 gira
2299 4113 2581 4187 pervenit,
2615 4130 2746 4187 quas
2776 4116 3157 4170 nuncMaera
3185 4112 3436 4182 dicitur,
3468 4113 3569 4169 ubi
3597 4115 3793 4170 aPan-

2144 4207 2397 4276 teugeno
2435 4205 2690 4276 quodam
2723 4203 3186 4276 comprehensus
3218 4208 3276 4259 et
3317 4205 3794 4277 persecutoribus

2147 4292 2414 4365 proditus
2445 4291 2567 4347 sole
2594 4296 2954 4365 postremum
2984 4292 3134 4359 viso,
3159 4291 3330 4361 paulo
3373 4299 3504 4366 post
3535 4295 3603 4349 ad
3638 4295 3794 4350 Perse

2145 4379 2570 4437 monasterium
2598 4381 2669 4436 ab
2703 4380 3073 4452 imperatoris
3104 4383 3422 4439 Andronici
3442 4388 3604 4455 patre
3635 4385 3791 4441 Isaa-

2143 4471 2234 4529 cio
2296 4471 2596 4526 conditum
2651 4476 2997 4528 exemeatur.
3066 4472 3265 4530 Utrum
3337 4489 3470 4529 vero
3521 4474 3794 4530 Numinis

2146 4560 2406 4617 vindicta
2425 4575 2628 4633 pmnns
2659 4559 2792 4617 illas
2834 4560 2913 4617 ibi
2941 4560 3187 4631 dederit,
3222 4560 3353 4619 aliis
3415 4563 3792 4620 consideran-

2068 4635 2115 4702 D
2147 4649 2286 4705 dum
2326 4649 2611 4721 relinquo.
2642 4648 2784 4706 Vult
2813 4649 2972 4706 enim
3012 4649 3395 4721 Providentia,
3437 4669 3564 4734 quas
3595 4654 3795 4710 omnia

2149 4739 2373 4812 optime
2393 4740 2704 4811 gubernat,
2734 4740 2909 4796 etiam
2959 4739 3019 4795 in
3070 4740 3623 4798 inimicissimorum
3649 4760 3791 4815 sup-

2147 4829 2835 4902 plieiismoderationem
2862 4830 3148 4901 adhiberi,
3182 4835 3240 4887 et
3276 4846 3509 4903 semper
3555 4833 3613 4887 in
3659 4847 3791 4889 eon-

2146 4924 2351 4992 spectu
2377 4936 2507 4977 esse
2535 4921 2842 4993 potestatis
2895 4919 3189 4976 lubricum
3223 4924 3279 4976 et
3329 4921 3560 4992 imperii
3613 4923 3791 4979 amis-

2147 5009 2396 5078 sionem,
2446 5026 2538 5081 ne,
2584 5012 2651 5065 ut
2712 5008 2976 5066 omnium
3037 5024 3233 5066 rerum
3292 5010 3632 5067 vicissitudo
3679 5016 3792 5080 est,

2148 5099 2640 5172 quemadmodum
2677 5097 2925 5171 quisque
2964 5098 3230 5155 tractarit
3278 5103 3540 5167 caeteros,
3598 5101 3680 5158 ita
3734 5108 3794 5160 et

2146 5189 2274 5263 ipse
2304 5189 2501 5246 divino
2525 5188 2752 5260 judicio
2795 5189 2867 5243 ab
2927 5186 3056 5244 aliis
3109 5193 3409 5246 tractetur.
3470 5195 3605 5249 Post
3642 5193 3791 5250 hanc

2146 5279 2660 5347 ealamitatem,ob
2683 5279 2980 5351 ingentem
3026 5278 3354 5335 cruciatum
3387 5279 3596 5338 diebus
3627 5299 3790 5340 com-

2147 5369 2419 5442 pluribus
2452 5368 2580 5425 cibo
2612 5385 2728 5425 non
2763 5372 3019 5443 gustato,
3053 5368 3310 5442 palatino
3341 5371 3559 5428 carceri
3603 5372 3793 5430 inclu-

2145 5458 2325 5516 ditur.
2364 5458 2541 5515 Paulo
2583 5475 2719 5516 vero
2768 5462 2901 5532 post
2947 5457 3005 5514 in
3051 5459 3291 5517 alteram
3353 5462 3513 5518 urbis
3564 5467 3789 5536 partem

2142 5551 2214 5608 ad
2245 5548 3063 5621 Diplocioniumtransfertur,
3098 5565 3202 5607 nec
3233 5550 3555 5624 quidquam
3582 5557 3794 5625 prater

2141 5639 2259 5696 vini
2291 5643 2351 5696 et
2380 5639 2547 5711 panis
2585 5639 2954 5709 demensum,
3004 5645 3070 5697 ut
3136 5640 3310 5698 homo
3367 5641 3634 5714 plebeius
3666 5647 3788 5701 ruri

2144 5731 2383 5804 degens,
2423 5729 2654 5804 accipit.
2717 5728 2917 5790 Frater
2967 5746 3099 5788 vera
3148 5731 3276 5802 eius
3332 5731 3487 5790 σου
3537 5733 3782 5808 imperio
