4102 6382
349 367 469 431 825

1265 363 1367 422 DE
1411 360 1707 423 ALEXIO
1751 358 2039 420 ISAACII
2085 357 2382 419 ANGELI
2428 359 2548 420 FB.
2598 358 2748 420 LIB.
2793 358 2845 418 Ι.

3651 359 3772 419 826

345 502 594 573 ται,τίνι
648 501 711 558 ἄν
781 496 1359 576 συναρμολογηθέντες
1427 498 1758 571 ζησώμεθα;
1827 495 1916 551 καὶ
1969 497 2004 564 ἡ

2123 491 2356 563 quidem
2387 508 2484 549 ars
2513 509 2583 549 ex
2610 491 2920 549 contrariis
2954 492 3128 549 rebus
3168 491 3421 548 salutare
3443 493 3770 550 antidotum

355 594 448 666 μὶν
500 589 890 672 φιλάνθρωπος
939 588 1105 664 τέχνη
1161 587 1212 659 ἐξ
1266 587 1556 651 ἀντιθέτων
1608 590 1822 662 σαρκῶν
1873 583 2013 640 ἀντί-

351 671 518 739 δοτον
572 681 959 755 συνεκεράσατο
1048 680 1354 749 σώζουσαν,
1413 671 1548 731 ἔνιοι
1635 673 1694 730 δὲ
1746 679 1853 730 τῶν
1909 682 2009 744 τῆς

358 774 570 850 φύσεως
629 770 837 843 σεμνῶν
897 766 1088 843 δώρων
1174 764 1563 838 έπιΛαθόμενοι
1647 764 2008 833 ἐπανέστησάν

355 883 414 918 τε
471 860 768 931 ἀλλήλοις,
829 860 918 913 καὶ
975 859 1109 933 ὅπερ
1159 857 1319 924 εἰσὶν,
1369 857 1676 932 ἠγνοήκασι
1725 853 2010 931 μοχθηρίᾳ

357 954 581 1027 γνώμης
610 950 699 1007 καὶ
757 948 918 1020 δόξης
975 947 1136 1022 ἔρωτι
1197 948 1463 1021 μείζονος.
1517 948 1618 1002 Ἢν
1675 944 1852 1000 τοίνυν
1883 943 2010 1016 παρ’

357 1037 528 1106 ἔθνεσι
585 1042 673 1096 καὶ
733 1044 894 1097 τοῦτο
952 1039 1244 1111 Ῥωμαίων
1299 1037 1374 1099 εἰς
1428 1036 1784 1108 ἐξουθένημα,
1834 1053 2012 1107 παρα-

351 1129 680 1204 κολούθημά
737 1151 795 1185 τε
843 1129 934 1184 καὶ
993 1123 1355 1200 έπισύμὸαμά
1409 1146 1462 1182 τι
1529 1123 1826 1200 λελόγιστο
1900 1128 2007 1178 τῶν

354 1220 830 1298 προηγησαμένων
932 1215 1180 1273 ἁπάντων
1247 1214 1468 1291 αἶ’σχιον
1543 1214 1632 1270 ἐπὶ
1705 1218 1824 1274 ταῖς
1898 1216 2010 1268 τῶν

354 1309 688 1384 πραγμάτων
763 1308 1212 1382 μεταπεττεύσεσι
1253 1306 1346 1361 καὶ
1401 1310 1521 1367 ταῖς
1567 1310 1674 1360 τῶν
1747 1301 2008 1378 κρατούν-

352 1421 460 1454 των
535 1398 842 1473 μεταθέσεσί
910 1418 969 1452 τε
1031 1396 1121 1452 καὶ
1195 1394 1578 1452 ἀλλοιώσεσιν.
1654 1395 1822 1452 Ἦσαν
1865 1390 1912 1447 δ’
1953 1391 2008 1448 ο⁹ί

354 1490 444 1544 καὶ
509 1497 610 1559 τῆς
651 1487 704 1549 ἔς
741 1489 867 1548 τοὺς
910 1486 1080 1549 πέλας
1122 1484 1310 1560 φιλίας
1348 1485 1706 1564 ἀφιστάμενοι
1770 1480 2011 1538 ἀπολυό-

359 1579 513 1651 μενοί
568 1599 628 1632 τε
685 1579 784 1645 τὴν
840 1575 1012 1631 πάλαι
1072 1577 1378 1645 συνήθειαν,
1429 1599 1456 1626 ‹‹
1502 1570 1768 1650 ’Λδελφὸς
1809 1570 1869 1626 οὗ
1913 1570 2009 1626 λυ-

353 1671 600 1740 τροῦταιο
666 1663 998 1740 λυτρώσεται
1059 1663 1382 1738 ἄνθρωποςς
1428 1687 1456 1713 ››
1515 1659 1722 1734 ἔλεγον.
1777 1658 1878 1714 Καὶ
1921 1659 2008 1720 οἷς

352 1758 420 1812 τά
482 1753 841 1832 μυστηριώδη
901 1758 1009 1809 τῶν
1090 1751 1482 1829 βουλευμάτων
1541 1753 1681 1814 τινες
1739 1749 2008 1806 ἀπεκάλυ-

353 1867 512 1911 πτον,
559 1845 764 1901 τούτων
831 1848 1130 1915 τηνικαῦτα
1195 1844 1286 1898 καὶ
1350 1843 1450 1912 τὴν
1514 1839 1891 1918 προσηγορίαν
1933 1841 2083 1936 ὡςΒ

348 1931 643 1990 ἐπίϐουλον
713 1928 1112 2004 ὑπεϐλέποντο,
1167 1931 1305 2005 πρὸς
1362 1927 1712 2006 παράδειγμα
1759 1930 1820 1984 τὸ
1859 1950 2012 2005 γεγο-

345 2026 437 2086 νὸς
506 2025 836 2101 ἀφορῶντες.
905 2021 1082 2084 Αὐτὸς
1145 2019 1202 2076 δὲ
1261 2022 1289 2076 ὁ
1341 2027 1442 2089 τῆς
1502 2021 1682 2094 ἀρχῆς
1731 2014 2013 2092 έπιϐήτωρ

348 2123 616 2193 Ἀλέξιος,
689 2124 764 2197 μὴ
843 2121 896 2178 έν
965 2126 1042 2194 νῷ
1113 2119 1461 2196 βαλλόμενος
1524 2120 1598 2181 ὡς
1655 2118 1842 2173 ἑαυτὸν
1884 2128 2017 2181 καθ-

349 2214 524 2288 ῄρηκε
564 2220 664 2283 τῆς
733 2213 916 2288 ἀρχῆς
983 2212 1080 2267 τὸν
1150 2207 1389 2288 ἀδελφὸν
1455 2208 1723 2276 καθελὼν,
1791 2208 1868 2270 ὡς
1923 2207 2016 2263 τὸν

355 2304 639 2380 βασιλικὸν
698 2303 889 2360 αὐτίκα
952 2301 1138 2379 θρόνον
1196 2301 1286 2356 ἐπὶ
1338 2305 1418 2374 τῷ
1469 2304 1657 2374 θερμῷ
1699 2299 1882 2371 τούτῳ
1924 2299 2014 2354 ἀν-

358 2391 629 2465 επήδησεν
685 2393 1027 2466 ἀνομήματι,
1087 2391 1177 2447 καὶ
1235 2392 1362 2453 τοὺς
1413 2389 1746 2463 ἱματισμοὺς
1803 2389 1895 2444 καὶ
1950 2390 2014 2444 τὸ

357 2483 552 2557 στέφος
630 2481 863 2559 διφήσας
926 2486 1024 2536 τοῦ
1099 2482 1428 2555 κασιγνήτου
1495 2479 1586 2534 καὶ
1663 2477 2018 2554 περιθέμενος

364 2572 468 2628 ὑπὸ
507 2573 708 2634 παντὸς
770 2575 867 2626 τοῦ
945 2574 1347 2644 στρατιωτικοῦ
1421 2569 1726 2643 τάγματος,
1764 2566 1854 2622 καὶ
1895 2566 2013 2622 ὅσοι

363 2662 528 2738 μέρος
577 2662 711 2732 ἦσαν
788 2663 886 2729 τῆς
961 2659 1271 2734 γερουσίας,
1342 2655 1599 2732 βασιλεὺς
1661 2657 2011 2730 αὐτοκράτωρ

362 2751 768 2826 ἀναγορεύεται.
839 2749 942 2806 Καὶ
991 2751 1061 2822 τῇ
1106 2748 1199 2822 μὶν
1258 2747 1473 2822 γυναικὶ
1519 2746 1611 2801 καὶ
1671 2749 1786 2808 τοῖς
1851 2744 1904 2800 ἐν
1944 2747 2012 2818 τῇ

352 2840 522 2897 πόλει
562 2842 860 2910 καθήκουσι
904 2836 1048 2908 δῆλα
1115 2836 1181 2893 τὰ
1238 2835 1610 2913 ξυνενεχθέντα
1670 2841 2016 2912 παραχρῆμα

355 2937 524 2987 ποιεῖ’
575 2929 738 2992 αὐτὸς
779 2927 836 2984 δὲ
875 2929 1002 2991 τοὺς
1063 2928 1463 3002 συναραμένους
1501 2927 1654 3000 αὐτῷ
1690 2932 1792 2996 τῆς
1833 2927 2012 3001 ἀρχῆς

353 3019 702 3095 δεξιούμενος
763 3025 863 3089 τῆς
919 3039 979 3074 τε
1038 3014 1280 3087 σπουδῆς
1357 3012 1893 3095 ἀμειϐόμενος,νκαὶ
1950 3016 2013 3071 τὸ

351 3109 546 3166 λοιπὸν
625 3108 762 3162 ἅπαν
836 3105 1050 3173 πλῆθος
1125 3104 1438 3181 θεραπεύων
1481 3104 1563 3160 ὅτι
1639 3125 1697 3160 τε
1772 3102 2016 3178 ἀσμένως

349 3199 748 3274 προσεχώρησε
785 3198 873 3252 καί
937 3194 1088 3252 οὐδὲν
1149 3217 1202 3251 τι
1264 3193 1650 3267 διεστασίασεν,
1690 3192 1890 3269 ἤρξατο
1934 3196 2008 3269 μή

351 3290 444 3344 σὺν
508 3287 663 3365 λόγῳ
720 3289 808 3342 καὶ
867 3287 1010 3357 τάξει
1065 3285 1196 3351 τινὶ,
1257 3284 1404 3341 ἀλλά
1453 3284 1593 3361 πρὸς
1644 3286 1746 3355 τήν
1785 3284 2011 3340 ἑκάστου

356 3376 570 3447 αἴτησίν
609 3397 669 3432 τε
705 3378 796 3432 καὶ
833 3371 1013 3449 ἔφεσιν
1054 3369 1355 3430 διαδιδόναι
1395 3375 1462 3430 τὰ
1501 3377 1787 3450 χρήματα,
1844 3375 2019 3429 ὁπόσα

354 3465 721 3541 ἔκστρατεύων
765 3467 1000 3543 ἐπήγετο
1043 3463 1334 3526 Ἱσαάκιος.
1383 3464 1604 3523 Τούτων
1658 3462 1705 3520 δ’
1755 3464 2016 3540 ὑπορρεο-

357 3559 560 3612 σάντων
588 3555 690 3631 ττῇ
724 3555 919 3629 ἀσώτῳ
981 3557 1072 3610 καὶ
1119 3554 1365 3628 ἀνομοίῳ
1413 3551 1648 3628 διανομῇ
1692 3551 1862 3630 γήδια
1889 3575 2018 3630 καρ-

357 3649 572 3725 ποφόρα
635 3647 726 3702 καὶ
794 3644 1098 3719 δημοσίους
1165 3644 1519 3724 συνεισφορὰς
1593 3649 1826 3719 παρεῖχε
1899 3648 2018 3706 τοῖς

356 3737 751 3810 αἰτουμένοις.
803 3735 891 3797 Ὠς
933 3732 979 3790 δ’
1028 3732 1370 3790 ἐπιλελοίπει
1401 3734 1491 3792 καὶ
1521 3733 1711 3806 ταῦτά,
1748 3739 1868 3797 τοῖς
1903 3741 2012 3790 τῶν

354 3837 677 3910 ἀξιωμάτων
722 3834 927 3912 ἐπεφύη
981 3834 1285 3908 λαμπροῖς,
1325 3833 1416 3889 καὶ
1475 3837 1568 3889 νῦν
1626 3833 1758 3890 κάπὶ
1797 3833 2016 3897 τούτοις

353 3925 577 4002 ἐξαίρων
621 3925 686 3981 οὐ
725 3921 883 3980 τόνδε
920 3923 956 3994 ἥ
993 3921 1152 3980 τόνδε
1189 3927 1297 3979 τῶν
1339 3921 1685 4000 ἐλλογίμων,
1721 3920 1758 3994 ἥ
1799 3922 2014 3998 ἀνάγων

354 4015 429 4079 εἷς
469 4016 562 4072 τὸν
600 4021 850 4093 προσεχῆ
896 4014 1104 4090 βαθμὸν
1157 4013 1250 4069 καὶ
1290 4012 1582 4089 ἀνάλογον,
1633 4010 1780 4069 ἀλλά
1817 4014 2011 4083 πάντα,

355 4106 448 4161 καὶ
486 4107 579 4161 τὸν
623 4104 862 4182 βραχέος
897 4105 1215 4177 τιμώμενον
1253 4103 1355 4170 τήν
1401 4103 1572 4174 τιμὴν
1621 4100 1713 4157 καὶ
1760 4102 1856 4158 τὸν
1889 4101 2014 4158 οὐδέ

357 4216 490 4250 ποτε
534 4201 634 4263 τῆς
681 4195 911 4267 πρώτης
950 4189 1255 4265 ἠξιωμένον
1298 4187 1587 4264 ὅαθμῖδος,
1627 4188 1716 4244 ἐπὶ
1743 4193 1844 4260 τήν
1877 4192 2014 4246 ἀνω-

357 4285 502 4338 τάτω
559 4282 649 4338 καὶ
723 4282 1024 4358 κορυφαίαν
1101 4279 1446 4355 μετεωρίζων
1523 4274 1860 4351 ἀνεϐίϐαζεν,
1939 4281 2014 4344 ὡς

354 4359 578 4427 εἶναιτὸ
622 4369 934 4443 πολύτιμον
978 4367 1172 4442 ἄτιμον
1224 4369 1314 4424 καὶ
1360 4369 1424 4424 τὸ
1470 4367 1767 4446 φιλότιμον
1820 4367 2008 4445 ἄχαρι,

355 4457 569 4515 Πολλοὶ
624 4455 681 4513 δὲ
717 4457 807 4513 καὶ
862 4452 1241 4531 ὑποϐιϐασμὸν
1296 4459 1397 4527 τήν
1449 4454 1643 4512 ἄνοδον
1689 4454 1884 4529 ᾤοντο,
1935 4458 2009 4520 ὡς

353 4551 454 4626 ὀψέ
501 4571 635 4606 ποτε
697 4548 922 4612 δικαίως
971 4549 1270 4622 ἠξιωμένοι
1319 4549 1394 4604 ὧν
1445 4547 1611 4604 ἄλλοι
1673 4549 1797 4624 παρ’
1855 4547 2004 4620 ἀξίαν

2121 581 2373 638 conficit.
2431 582 2678 646 Quidam
2738 599 2872 637 vero
2925 581 3201 655 praeclara
3273 585 3490 639 naturae
3533 599 3775 640 munera

2123 669 2287 726 obliti
2320 675 2523 728 mutuo
2590 688 2653 728 se
2692 669 3009 743 exagitant,
3042 675 3099 727 et
3131 688 3242 741 prie
3284 670 3650 742 improbitate
3681 673 3771 728 in-

2119 760 2275 831 genii
2307 766 2364 816 et
2399 762 2632 832 majoris
2679 761 2873 833 gloria:
2913 760 3231 831 cupiditate
3259 777 3317 816 se
3349 761 3618 817 homines
3645 777 3772 818 esse

2122 866 2236 906 non
2279 852 2686 908 meminerunt.
2724 852 2955 925 Peperit
3004 852 3112 908 hoc
3142 867 3370 923 quoque
3402 851 3625 907 facinus
3657 851 3769 908 Ro-

2121 941 2311 996 manis
2359 944 2512 1014 apud
2565 948 2789 1000 exteras
2849 943 3112 1000 nationes
3168 947 3583 1015 contemptum,
3645 958 3773 999 om-

2121 1030 2291 1087 nibus
2321 1030 2452 1088 aliis
2499 1049 2625 1104 quae
2665 1035 2724 1089 in
2777 1033 3066 1089 mutandis
3115 1033 3564 1104 imperatoribus
3622 1033 3772 1090 acci-

2121 1124 2257 1178 dere
2310 1121 2499 1178 solent
2547 1124 2776 1195 turpius
2811 1129 2866 1179 et
2896 1124 3258 1196 ﬂagitiosius.
3301 1124 3558 1179 Fuerunt
3589 1129 3644 1180 et
3673 1125 3772 1196 qui

2121 1211 2306 1283 ruptis
2337 1212 2600 1269 amicitiae
2643 1212 2890 1269 vinculis
2919 1218 3167 1270 veterem
3202 1213 3650 1270 familiaritatem
3682 1213 3771 1268 di-

2119 1302 2418 1361 rimerent.
2478 1306 2669 1358 Fraler
2702 1303 2954 1372 fratrem,
3005 1303 3300 1377 inquiunt,
3344 1321 3460 1360 non
3515 1304 3770 1360 liberat:

2121 1402 2256 1474 quid
2323 1400 2496 1458 faciat
2526 1400 2754 1458 alienus
2784 1401 2812 1456 ?
2852 1402 3074 1466 Quibus
3105 1406 3239 1458 ante
3279 1419 3489 1459 arcana
3518 1401 3773 1460 commi-

2118 1495 2338 1559 serant,
2398 1506 2601 1548 eorum
2650 1490 2734 1546 vel
2794 1490 3146 1564 colloquium
3206 1494 3364 1548 metu
3429 1491 3766 1548 insidiarum

2117 1580 2466 1647 devitabant,
2542 1580 2601 1634 in
2661 1578 2802 1636 illud
2862 1580 3096 1636 fraterni
3157 1579 3393 1636 sceleris
3439 1581 3766 1651 exemplum

2118 1669 2434 1727 intuentes.
2469 1669 2597 1740 Ipse
2617 1685 2752 1726 vero
2782 1668 3010 1741 imperii
3041 1673 3348 1738 occupator
3377 1668 3628 1736 Alexius,
3650 1685 3766 1726 non

2117 1759 2376 1831 cogitans
2442 1775 2506 1814 se
2553 1758 2725 1814 fratre
2772 1774 2972 1815 everso
3030 1757 3412 1830 semetipsum
3470 1758 3770 1826 evertisse,

2123 1850 2314 1904 statim
2369 1848 2808 1920 imperatorium
2858 1849 3089 1918 solium,
3123 1847 3407 1920 flagrante
3445 1847 3637 1904 adhuc
3703 1863 3770 1904 eo

2124 1935 2352 2002 delicto,
2402 1935 2767 2004 conscendit,
2824 1939 2880 1992 et
2940 1935 3134 1992 fratris
3187 1936 3396 1992 vestitu
3444 1952 3775 2008 coronaque

2123 2029 2387 2092 ornatus,
2419 2023 2488 2081 ah
2511 2024 2668 2081 omni
2703 2024 2940 2080 militari
2987 2025 3156 2082 turba
3185 2031 3239 2080 et
3278 2025 3585 2082 senatoriis
3633 2024 3774 2082 viris

2122 2115 2434 2186 imperator
2496 2117 2793 2185 Augustus
2865 2113 3278 2184 consalutatus,
3321 2131 3557 2172 uxorem
3606 2131 3769 2171 suam

2123 2209 2182 2260 et
2212 2203 2571 2277 propinquos
2611 2203 2670 2259 in
2731 2203 2875 2260 urbe
2905 2205 3179 2274 degentes
3211 2221 3280 2261 ea
3300 2206 3370 2261 de
3401 2222 3462 2260 re
3502 2205 3774 2262 certiores

2123 2295 2255 2351 facit
2289 2315 2303 2364 ;
2347 2294 2498 2352 599
2532 2298 2590 2349 et
2631 2297 2695 2350 ut
2725 2310 2824 2350 eos
2854 2309 3100 2365 quorum
3131 2309 3236 2364 Ope
3281 2297 3337 2350 et
3366 2294 3558 2350 studio
3587 2294 3768 2366 impe-

2124 2385 2275 2440 rium
2325 2389 2673 2441 consecutus
2722 2391 2840 2440 erat
2872 2389 3362 2452 remuneraretur,
3395 2388 3452 2439 et
3483 2383 3774 2456 reliquum

2121 2473 2352 2546 vulgus,
2414 2475 2567 2548 quod
2619 2475 2863 2531 libenter
2911 2482 2963 2530 et
3011 2477 3156 2531 citra
3203 2475 3542 2532 seditionem
3589 2491 3780 2532 acces-

2126 2567 2320 2632 sissel,
2383 2565 2440 2620 in
2513 2564 2706 2622 officio
2762 2565 3053 2633 retineret,
3105 2566 3229 2620 sine
3274 2565 3497 2621 ratione
3541 2564 3660 2621 ulla
3715 2569 3774 2622 et

2125 2655 2327 2711 ordine
2357 2655 2456 2712 sed
2489 2671 2592 2727 pro
2641 2655 2928 2727 cujusque
2985 2653 3264 2726 petitione
3297 2659 3353 2710 et
3398 2653 3643 2710 libidine
3675 2671 3767 2727 pc-

2125 2745 2360 2801 cuniam
2392 2743 2652 2816 dilargiri
2694 2746 2884 2815 ccepit,
2917 2759 3092 2817 quam
3125 2745 3185 2801 in
3216 2743 3482 2801 militiam
3513 2744 3772 2801 Isaacius

2121 2834 2448 2890 advexerat.
2489 2835 2623 2900 Quae
2672 2849 2802 2890 cum
2854 2834 3229 2890 immoderata
3281 2837 3340 2890 et
3367 2832 3640 2906 inaequali
3687 2833 3774 2888 di-

2123 2923 2464 2980 stributione
2518 2923 2828 2995 dilapidata
2882 2928 3058 2991 esset,
3107 2925 3320 2995 praedia
3378 2925 3674 2980 fructuosa
3719 2927 3778 2979 et

2125 3022 2356 3095 publica
2413 3021 2714 3096 vectigalia
2744 3023 3075 3094 petentibus
3119 3023 3369 3080 donavit.
3431 3022 3506 3079 Iis
3547 3039 3775 3096 quoque

2125 3113 2548 3181 deficientibus,
2599 3112 2922 3169 illustribus
2970 3113 3348 3184 dignitatibus
3396 3129 3513 3170 non
3563 3128 3776 3184 paucos

2129 3219 2339 3276 eosque
2370 3220 2484 3261 non
2517 3204 2698 3262 claros
2741 3205 2892 3261 viros
2922 3205 3164 3275 ornavit,
3213 3212 3309 3261 aut
3338 3206 3410 3260 ad
3453 3205 3773 3276 proximum

2125 3301 2180 3350 et
2220 3294 2659 3351 convenientem
2691 3295 2929 3365 gradum
2976 3295 3197 3351 evexit:
3233 3296 3328 3352 sed
3379 3295 3629 3367 quosvis,
3675 3295 3774 3366 qui

2127 3400 2257 3442 eum
2311 3386 2582 3441 honorem
2627 3401 2787 3455 parvr
2837 3385 3191 3442 mstimabant
3241 3393 3294 3441 et
3342 3386 3591 3457 primum
3642 3402 3778 3456 gra-

2125 3477 2262 3531 dum
2321 3476 2580 3533 nondum
2639 3477 3113 3545 conscenderant,
3159 3477 3217 3532 in
3267 3491 3492 3532 summo
3550 3476 3776 3547 fastigio

2126 3565 2448 3634 collocavit,
2500 3569 2560 3621 ut
2615 3565 2959 3635 dignitatum
3013 3566 3331 3637 frequentia
3376 3565 3776 3638 indignitatem

2127 3654 2434 3712 haberetet
2458 3655 2616 3711 omni
2649 3656 2830 3727 gratia
2859 3659 3100 3723 careret,
3136 3655 3312 3727 aliqui
3342 3655 3516 3712 etiam
3547 3672 3650 3711 suo
3675 3656 3777 3712 ho-

2127 3745 2252 3802 nori
2303 3744 2640 3815 derogatum
2700 3749 2973 3816 putarent
3016 3745 3116 3801 illo
3159 3744 3392 3802 honoris
3443 3745 3778 3803 incremen-

2125 3841 2204 3903 to,
2252 3840 2315 3893 ut
2345 3852 2470 3894 sero
2518 3837 2750 3893 tandem
2803 3839 2937 3909 jure
2993 3837 3049 3893 id
3099 3837 3396 3894 consecuti
3445 3837 3597 3910 quod
3647 3837 3776 3894 aliis

2125 3933 2326 3998 praeter
2367 3925 2635 3982 meritum
2686 3933 2820 3982 ante
2849 3931 3080 3998 tempus
3110 3926 3462 3998 contigisset,
3494 3927 3777 4000 dignitate

2124 4033 2322 4075 secum
2346 4016 2656 4088 exmquatis
2674 4016 2764 4084 iis,
2784 4017 3018 4089 quibus,
3044 4017 3411 4088 quantumvis
3435 4017 3650 4075 honore
3669 4033 3776 4075 au-

2121 4107 2249 4174 ctis,
2273 4107 2380 4176 ipsi
2413 4121 2652 4177 prorsus
2676 4106 2922 4178 neglecti
2943 4107 3224 4176 dignitate
3254 4107 3774 4178 praastarejudica—

2122 4208 2338 4260 rentur.
2387 4205 2584 4276 Neque
2621 4221 2753 4262 vero
2796 4204 3054 4262 difficilis
3084 4213 3204 4262 erat
3248 4205 3481 4262 honoris
3526 4207 3773 4279 adeptio.

2121 4293 2282 4359 Quod
2301 4292 2456 4348 enim
2480 4294 2757 4364 scriptum
2777 4296 3106 4366 imperatori
3129 4295 3384 4365 offerres,
3407 4296 3462 4352 id
3485 4312 3515 4353 e
3537 4297 3774 4369 vestigio

2120 4382 2588 4453 subsignabatur,
2636 4383 2755 4440 sive
2793 4383 2989 4456 inepta
3033 4387 3189 4442 600
3235 4387 3487 4443 dictione
3542 4395 3772 4444 consta-

2121 4475 2227 4539 ret,
2261 4471 2382 4527 sive
2440 4477 2499 4527 ut
2532 4489 2688 4527 mare
2715 4489 2899 4542 arare,
2933 4478 3084 4530 terra
3114 4476 3384 4545 navigare
3432 4484 3487 4533 et
3543 4481 3770 4534 montes

2121 4564 2181 4619 in
2213 4563 2463 4619 medium
2494 4579 2652 4620 mare
2683 4566 3014 4636 transferre,
3075 4567 3192 4625 sive
3220 4569 3311 4640 (ut
3340 4573 3429 4625 est
3481 4569 3541 4626 in
3598 4571 3770 4627 fabu—

349 4644 925 4718 προηυμοιρήκεισαν,
983 4639 1254 4702 κακείνοις
1299 4641 1398 4710 τὴν
1450 4639 1616 4708 αὐτὴν
1666 4642 1834 4714 τιμήν
1887 4661 2006 4714 συγ-

2120 4653 2208 4726 Ιίε)
2244 4661 2303 4710 ut
2331 4653 2518 4710 Athon
2549 4654 2792 4726 Olympo
2822 4621 3118 4728 imponere
3149 4621 3770 4730 liceret,‘peteres:~liis

347 4731 723 4809 κληρούμενοι
785 4732 860 4785 ὧν
927 4731 1242 4804 ἠξιωμένων
1309 4736 1479 4803 τιμῆς
1531 4728 1686 4784 αὐτοὶ
1735 4723 2009 4802 παράϐλε-

347 4824 577 4900 πόμενοι
630 4821 813 4896 ἄδοξοι
874 4821 1160 4899 ἐκρίθησαν
1218 4820 1590 4895 τιμηέστεροι.
1644 4821 1748 4877 Ἦν
1812 4816 1869 4876 δὲ
1915 4820 2006 4875 καὶ

345 4919 380 4986 ἡ
414 4923 607 4987 κτῆσις
640 4915 965 4990 πρόχειροςο
1020 4912 1078 4966 δν
1122 4910 1225 4986 γάρ
1270 4932 1354 4975 τις
1404 4913 1741 4988 προσήνεγκε
1789 4913 2003 4987 χάρτην

343 5011 426 5080 τῷ
495 5003 736 5083 βασιλεῖ,
813 5000 1005 5057 αὐτίκα
1081 5000 1499 5074 ὗπεσημαίνετο,
1563 5001 1662 5057 κᾶν
1731 5001 2004 5063 σολαίκως

346 5096 464 5172 εἶχε
513 5102 617 5166 τῆς
678 5091 945 5172 φράσεως,
997 5089 1093 5146 κᾶν
1142 5091 1170 5145 ὁ
1234 5089 1534 5165 προτείνων
1589 5088 1762 5146 ἐδεῖτο
1791 5090 2006 5148 ναυτίλ-

349 5182 534 5248 λεσθαι
570 5185 666 5259 μὲν
696 5184 796 5252 τήν
829 5182 1018 5257 ξηρὰν,
1065 5180 1328 5254 ἀροῦσθαι
1378 5177 1435 5234 δὶ
1482 5180 1581 5248 τὴν
1625 5180 1924 5258 φάλασσαν,
1965 5176 2003 5250 ἤ

348 5271 416 5325 τά
445 5268 545 5346 ὅρη
580 5274 630 5328 ἐν
672 5269 918 5347 καρδίαις
964 5269 1244 5325 θαλασσῶν
1296 5270 1381 5345 [Ρ.
1424 5272 1550 5343 293]
1604 5269 2001 5342 μετατίθεσθαι,

348 5358 455 5416 ε⁹ίτε
505 5364 632 5434 μὴν,
691 5361 763 5425 ὠς
821 5363 848 5416 ὁ
909 5365 1080 5435 μῦθος
1158 5358 1444 5436 βούλεται,
1500 5359 1766 5434 Ὀλύμπῳ
1823 5362 2004 5417 Ἀθων

348 5450 780 5514 ἐπανατίθεσθαι.
831 5450 991 5508 Οὕτω
1058 5447 1115 5505 δὲ
1182 5454 1350 5505 ταῦτα
1416 5451 1588 5505 πάντα
1633 5453 1930 5515 τετελεκὼς
1964 5449 1999 5521 ἤ

341 5538 558 5618 μᾶλλον
607 5539 1022 5608 συντετελεκὼς,
1074 5539 1423 5614 οἰκειότερον,
1477 5540 1666 5611 εἰπεῖν,
1717 5540 1793 5602 ὠς
1841 5542 2004 5617 χαρίο

337 5638 516 5702 ζεσθαι
573 5633 655 5699 τῷ
706 5633 884 5704 καιρῴ
941 5631 1032 5685 καὶ
1108 5635 1225 5694 τοῖς
1303 5630 1588 5706 πράγμασι
1671 5631 1998 5705 βιαζόμενος

333 5720 612 5802 διαφίησιν
645 5713 827 5774 ἔπειτα
873 5719 939 5773 τά
989 5719 1374 5796 στρατεύματα
1421 5717 1497 5782 εἷς
1549 5718 1657 5792 ἤθη
1707 5722 1774 5776 τά
1822 5719 1998 5779 οἰκεῖα

2117 4743 2290 4799 rebus
2345 4743 2617 4799 omnibus
2673 4744 2754 4800 ita
2804 4745 3073 4816 perfectis
3139 4746 3226 4803 vel
3290 4749 3484 4819 potius
3535 4750 3766 4806 confec-

2116 4833 2214 4900 tis,
2266 4833 2424 4905 quasi
2472 4837 2794 4907 temporum
2855 4842 2906 4891 et
2956 4851 3148 4892 rerum
3189 4837 3506 4895 conditioni
3554 4839 3773 4899 servire

2115 4929 2372 4992 coactus,
2407 4922 2663 4994 legiones
2697 4924 2934 4980 domum
2984 4924 3140 4980 abire
3170 4925 3333 4996 sinit,
3367 4927 3516 4984 nihil
3556 4944 3768 4988 curans

2116 5009 2266 5079 quod
2301 5007 2497 5063 Blachi
2531 5023 2661 5064 cum
2721 5009 2966 5078 Scythis!
2995 5009 3162 5067 obvia
3194 5028 3432 5084 quisque
3454 5022 3768 5073 vastarent.

2116 5097 2184 5152 Et
2213 5097 2337 5168 ipse
2388 5114 2504 5152 non
2539 5096 2734 5153 statim
2766 5098 2828 5153 in
2872 5098 3076 5154 urbem
3108 5106 3402 5174 preparat,
3435 5104 3534 5160 sed
3593 5105 3766 5164 fratre

2113 5190 2278 5257 capto
2311 5190 2367 5242 et
2414 5194 2696 5242 excaecata
2742 5185 2890 5242 nihil
2937 5188 3174 5260 periculi
3228 5195 3518 5261 metuens,
3580 5198 3763 5268 pede-

2114 5276 2318 5330 tentim
2373 5293 2438 5330 ac
2488 5292 2587 5348 per
2629 5276 2806 5332 otium
2859 5279 2920 5334 in
2970 5277 3303 5338 diversoriis
3349 5288 3766 5343 commorando

2113 5363 2522 5435 proficiscitur.
2582 5365 2710 5421 Jam
2761 5366 2917 5423 enim
2953 5385 2985 5422 a
3029 5369 3246 5426 civibus
3296 5389 3527 5445 quoque
3567 5375 3766 5433 decla-

2111 5459 2270 5509 ratus
2306 5454 2617 5525 imperator
2645 5462 2697 5509 et
2737 5473 2770 5511 a
2797 5457 3045 5530 conjuge
3103 5459 3486 5532 Euphrosyna
3536 5463 3762 5538 ingres-

2110 5558 2212 5599 sus
2243 5543 2295 5600 ei
2359 5548 2724 5616 praeparatus
2791 5550 2918 5602 erat
2973 5552 3031 5603 et
3090 5554 3350 5620 senatus,
3429 5552 3564 5610 licet
3650 5573 3766 5612 non

2109 5638 2287 5699 totus,
2339 5635 2460 5705 ejus
2494 5635 2862 5692 successibus
2896 5636 3233 5695 laetabatur:
3266 5655 3456 5714 neque
3487 5643 3653 5716 plebs
3685 5648 3755 5702 ad

2106 5723 2267 5782 illius
2301 5725 2638 5784 mutationis
2681 5726 2896 5786 famam
2927 5730 3213 5789 concitata
3265 5733 3355 5790 vel
3388 5734 3552 5792 novis
3584 5736 3762 5796 rebus
