4102 6432
293 385 414 450 827

1606 383 1914 446 ΝΙΟΕΤᾸΞ
1954 380 2386 446 ΕΗΟΝΙΑΤΕ

3596 395 3720 459 828

291 519 515 578 studuit
571 519 659 576 vel
685 519 843 592 justa
889 517 1192 576 iracundia
1219 517 1454 586 exarsit,
1511 517 1666 590 quod
1697 517 1949 588 impera-

2062 509 2406 586 ἐπανελθεῖν,
2467 512 2677 590 μηδένα
2729 514 2954 592 θέμενος
3006 517 3173 594 λόγον
3231 520 3276 575 εἷ
3335 522 3402 577 τά
3459 521 3510 578 ἐν
3557 524 3720 581 ποσίν

292 611 431 666 toris
461 609 698 666 creandi
761 609 1127 680 privilegium
1161 625 1194 664 a
1217 608 1506 664 militibus
1537 607 1648 664 sibi
1680 611 1942 676 ereptum

292 708 481 758 esset:
507 700 609 756 sed
637 700 986 772 quieverunt
1015 704 1072 754 et
1099 704 1228 754 acta
1257 697 1706 769 comprobarunt
1725 711 1945 751 omnes.

293 792 572 846 Caeterum
633 804 762 844 cum
796 789 926 859 conj
939 803 1013 842 ux
1043 787 1172 859 ejus
1198 786 1431 842 ducissa
1479 785 1862 857 Euphrosyna
1891 785 1946 840 in

298 895 577 953 magnum
619 877 908 952 palatium
931 875 1134 943 abiret,
1168 879 1294 930 tum
1354 891 1484 932 vero
1515 874 1789 931 colluvies
1823 873 1948 944 opi-

297 969 472 1025 ficum
503 970 562 1024 et
593 966 1064 1022 turbulentorum
1097 963 1244 1020 σοι
1284 963 1593 1019 hominum
1635 963 1946 1034 quemdam

295 1047 650 1128 astrologum
680 1054 944 1110 Alexium
975 1052 1538 1123 Contostephanum,
1568 1053 1948 1123 imperiojam

294 1149 434 1204 olim
467 1146 863 1213 insidiantem,
897 1145 956 1199 in
989 1145 1107 1200 foro
1139 1144 1548 1216 imperatorem
1579 1142 1945 1200 consalutat:

298 1236 590 1308 negabant
602 1233 759 1289 enim
775 1249 839 1290 se
850 1232 988 1289 Com
999 1249 1279 1289 nouorum
1295 1233 1518 1289 laturos
1529 1232 1755 1289 diutius
1768 1232 1950 1306 impe-

293 1325 471 1392 rium,
504 1339 756 1396 quorum
791 1326 1102 1394 pertaesum
1127 1327 1302 1379 esset.
1321 1322 1694 1395 Imperatrice
1715 1339 1848 1378 vero
1867 1321 1950 1378 ita

293 1427 428 1470 cum
447 1411 706 1485 periculo
728 1428 1010 1484 magnum
1028 1412 1307 1485 palatium
1326 1413 1614 1485 ingressa,
1633 1412 1950 1468 comitatus

296 1501 586 1559 nobilium
647 1501 954 1557 hominum
989 1501 1278 1558 audacius
1307 1517 1480 1572 quam
1515 1501 1858 1573 prudentius
1887 1501 1974 1564 in,

294 1589 834 1664 Contostephanum
905 1591 1057 1648 facto
1119 1590 1342 1662 impetu
1410 1591 1722 1646 factionem
1786 1587 1949 1645 illam

295 1681 570 1753 dissipat,
599 1684 658 1736 et
686 1680 1228 1752 Contostephanum
1261 1682 1320 1736 in
1352 1695 1640 1736 carcerem
1693 1679 1948 1750 conjicit.

2055 601 2111 659 οἲ
2167 600 2386 678 Βλάχοι
2443 601 2720 676 λοίζονται
2783 608 2923 680 μετᾶ
3001 613 3220 673 Σκυθῶν
3295 609 3560 682 ἐπιόντες.
3620 615 3720 670 Καὶ

2057 693 2222 756 αὐτὸς
2287 694 2383 768 μὲν
2445 694 2544 750 οὐκ
2609 695 2767 760 εὐθὺς
2823 696 3018 774 ῥυτῆρι
3085 701 3244 754 παντὶ
3309 707 3409 772 τῆς
3475 703 3551 766 εἰς
3615 705 3715 775 τήν

2055 781 2220 838 πόλιν
2265 783 2468 858 ἥψατο,
2521 782 2649 841 ἀλλ’
2699 785 2774 848 ὡς
2820 791 2918 841 τοῦ
2960 784 3200 866 ἀδελφοῦ
3239 793 3594 866 συσχιθὲντος
3622 796 3714 851 καὶ

2055 875 2407 950 πηρωθέντος
2513 873 2714 951 μηδένα
2814 877 3166 954 ὑφορώμενος
3247 880 3454 954 κίνδυν,
3543 883 3716 960 βάδην

2055 965 2145 1019 καὶ
2226 969 2346 1027 τοῖς
2425 967 2690 1038 σταθμοῖς
2776 961 3136 1043 ἐμϐραδύνων
3197 969 3508 1046 ἐπορεύετο.
3567 971 3711 1046 Ἤδη

2056 1054 2160 1130 γὰρ
2211 1053 2302 1108 καὶ
2359 1054 2423 1110 τὸ
2481 1061 2582 1124 τῆς
2635 1053 2924 1118 πολιτείας
2993 1057 3157 1113 αὐτὸν
3233 1058 3500 1139 ἆνευφήσε
3569 1062 3716 1136 πλήο

2057 1161 2238 1218 ρωμα,
2271 1142 2360 1197 καὶ
2414 1143 2551 1216 πρὸς
2606 1147 2704 1214 τῆς
2758 1145 3008 1222 γυναικὸς
3067 1147 3487 1224 Εὐφροσύνηςὴ
3518 1151 3716 1208 τούτου

2056 1231 2471 1306 προητοίμαστο
2525 1229 2758 1301 εἷ’σοδος,
2806 1233 2868 1290 τό
2915 1255 2974 1290 τε
3020 1239 3121 1302 τῆς
3175 1237 3492 1312 συγκλήτου
3527 1240 3716 1316 μέρος,

2058 1321 2104 1376 εἰ
2135 1320 2223 1376 καὶ
2261 1322 2336 1394 μὴ
2368 1320 2534 1393 ἃπαν,
2565 1321 2774 1398 ἱλαρῶς
2824 1325 2924 1379 ’ὀσα
2982 1327 3035 1380 οἱ
3093 1325 3464 1397 ξὺνενήνεκται
3495 1331 3715 1408 ἤνεγκε,

2055 1411 2144 1465 καὶ
2185 1415 2294 1465 τῶν
2325 1409 2386 1466 ἐκ
2437 1415 2536 1467 τοῦ
2595 1408 2777 1485 δῆμου
2834 1413 2974 1488 πρὸς
3025 1415 3126 1485 τήν
3175 1417 3346 1488 ἀκοὴν
3377 1423 3484 1475 τῶν
3511 1418 3718 1496 ἠγγελ-

2060 1499 2236 1574 μένων
2297 1496 2452 1555 οὗδὲν
2507 1521 2591 1565 τις
2648 1500 2954 1567 ἀτάσθαλον
3011 1503 3374 1581 ἐνεόχμωσεν,
3424 1508 3715 1584 ἄλλ’-ἠρέ-

2063 1609 2240 1662 μησαν
2301 1590 2400 1664 μὲν
2457 1591 2653 1656 πάντες
2707 1591 2796 1649 καὶ
2849 1591 3309 1667 συνεπευδόκησαν
3363 1601 3483 1658 τοῖς
3541 1596 3710 1652 ἄκοὺ-

2061 1681 2253 1750 σθεῖσι,
2287 1681 2429 1752 μήτε
2484 1680 2902 1756 βατταρίσαντες
2967 1685 3106 1758 μήτε
3156 1681 3538 1762 ἁναφλεγέντες
3565 1685 3702 1756 πρὸς

303 1767 513 1825 δικαίαν
545 1767 716 1844 ὀργὴν
751 1771 834 1830 οἷς
893 1769 1085 1833 εἶ’ωθὸς
1143 1767 1328 1834 αὐτοῖς
1383 1765 1612 1844 βασιλέα
1667 1787 2000 1854 χειροτονειν
2059 1767 2164 1823 ὑπὸ
2213 1771 2321 1824 τῶν
2373 1768 2750 1845 στρατοπέδων
2787 1773 2878 1827 καὶ
2905 1777 3073 1830 τοῦτο
3103 1771 3428 1854 ὰφῂρηνται.
3462 1772 3613 1830 Ἐπεὶ
3644 1769 3702 1828 δὶ

295 1861 433 1934 πρὸς
460 1859 525 1914 τὸ
559 1861 811 1936 μέγιστον
871 1857 1096 1933 ἀρχεῖον
1151 1860 1188 1929 ἡ
1249 1856 1511 1913 δούκαινα
1562 1855 1884 1937 Εὑφροσύνη
1941 1853 2115 1931 ἄρασα
2175 1854 2398 1929 ἤλαυνε,
2447 1860 2572 1916 τότε
2602 1858 2668 1932 δὴ
2701 1865 2810 1917 τῶν
2847 1863 3128 1937 βαναύσων
3154 1853 3248 1920 καὶ
3276 1861 3592 1939 ξυγκλύδων
3619 1883 3704 1919 τι-

297 1951 384 2012 νὲς
444 1947 812 2028 φιλοτάραχοι
865 1947 1088 2026 φατρίαν
1147 1949 1508 2024 κροτήσαντες
1565 1947 1657 2002 καὶ
1716 1945 2038 2022 σύστρεμμα
2097 1949 2464 2021 ποιησάμενοί
2519 1970 2642 2005 τινα
2696 1951 3130 2027 Κοντοστὲφανον
3183 1953 3413 2027 ὀνόματι
3444 1951 3712 2022 Ἀλέξων,

297 2037 352 2101 ἐς
380 2038 444 2092 τὸ
479 2037 737 2114 μέγιστον
797 2035 1151 2116 ξὺλλεγὲντες
1203 2037 1451 2111 τέμενος,
1509 2037 1930 2111 ἀναγορεύουσιν
1985 2033 2383 2111 αὐτοκράτορα,
2442 2036 2852 2113 άστροθεάμονα
2883 2033 3010 2094 ὄντα
3035 2039 3126 2094 καὶ
3157 2040 3330 2096 πάλαι
3361 2043 3430 2114 τῇ
3465 2038 3719 2116 βασιλείᾳ

293 2122 662 2202 ἐνεϐρεύοντα,
695 2126 874 2182 ούκὲτι
909 2126 1160 2204 λέγοντες
1221 2125 1397 2191 θέλειν
1450 2125 1555 2182 ὑπὸ
1613 2129 1918 2198 Κομνηνῶν
1980 2124 2363 2199 βασιλεύεσθαι
2419 2128 2803 2202 γεγενημένων
2859 2127 3043 2188 αὐτοῖς
3102 2126 3180 2188 είς
3211 2128 3568 2202 πλησμονήν.
3601 2132 3720 2198 Τῆς

291 2213 350 2272 δὲ
383 2215 710 2292 βασιλίσσης
770 2215 1126 2292 Εοφροσύνης
1185 2215 1544 2280 ἐπικινδύνως
1599 2215 1774 2276 οὓτως
1815 2213 1881 2270 τὸ
1945 2211 2085 2288 μέγα
2142 2213 2410 2269 παλάτιον
2467 2213 2767 2284 εἰσιούσης,
2809 2211 2944 2269 ἔνιοι
2982 2218 3090 2269 τῶν
3121 2215 3213 2270 ἀπ’
3243 2214 3489 2289 εὔσημου
3521 2217 3714 2290 γένους

283 2307 615 2382 ’ἐφεπόμενοι
645 2305 822 2382 ἐκείνῃ
859 2306 997 2362 κατὰ
1051 2311 1150 2362 τοῦ
1215 2305 1654 2379 Κοντοστεφάνου
1715 2303 1979 2380 ὥρμησαν
2039 2299 2450 2377 τολμηρότερον
2509 2299 2723 2374 μᾶλλον
2756 2303 2792 2373 ἢ
2824 2304 3145 2379 συνετώρον,
3199 2303 3291 2358 καὶ
3346 2304 3409 2359 τὸ
3449 2303 3713 2380 χυδαῒζον

287 2401 479 2476 στῖφος
509 2403 610 2466 τῆς
641 2395 858 2458 πόλεως
887 2393 1082 2452 αὒτίκα
1112 2391 1572 2464 διασκεδάννυται,
1604 2395 1695 2450 καὶ
1725 2395 1754 2449 ὁ
1785 2389 2216 2470 Κοντοσιὲφανος
2255 2387 2590 2468 συλληφθεὶς
2621 2397 2830 2468 φρουρᾷ
2857 2389 3239 2467 παραδίδοται.

359 2491 413 2544 2.
442 2491 518 2544 Eo
543 2487 738 2560 populi
773 2491 928 2545 motu
959 2503 1322 2560 compresso,
1361 2487 1536 2542 etiam
1559 2483 1939 2543 ecclesiastici

2123 2480 2198 2537 B'.
2229 2480 2342 2536 Τοῦ
2390 2477 2448 2535 δὲ
2497 2477 2794 2554 δημώδους
2834 2479 3085 2552 πλήθους
3129 2480 3302 2544 οὕτως
3333 2483 3710 2558 ἡρεμηκότος,

291 2593 504 2633 novum
530 2577 940 2650 imperatorem
969 2575 1294 2648 approbant
1329 2591 1343 2643 ;
1376 2579 1434 2632 et
1464 2574 1704 2646 quidam
1728 2573 1948 2630 sacrifi-

291 2665 462 2724 culus
495 2664 698 2738 paucis
748 2665 1010 2720 nummis
1041 2670 1350 2736 corruptus
1397 2663 1619 2736 (eodem
1669 2662 1842 2718 modo
1891 2667 1948 2717 et

292 2770 427 2811 cum
457 2754 754 2810 seditiosis
807 2753 1294 2812 circumforaneis
1327 2757 1385 2810 et
1415 2754 1618 2826 paucis
1647 2767 1714 2808 ex
1740 2750 1944 2807 ordine

283 2844 580 2916 judicum,
611 2859 859 2916 quorum
911 2843 1254 2900 nominibus
1285 2859 1482 2916 parco,
1515 2843 1760 2914 actum),
1806 2859 1942 2912 sug-

295 2935 458 3005 gesto
507 2949 829 2988 conscenso
885 2930 1071 2987 Alexii
1124 2931 1645 3004 proclamationem
1694 2930 1945 3002 orditur,

293 3022 419 3080 sine
464 3023 810 3096 patriarchae
855 3037 1142 3078 consensu
1187 3039 1203 3090 ;
1255 3021 1356 3094 qui
1403 3025 1602 3078 tamen
1648 3019 1949 3094 paulisper

291 3113 644 3186 refragatus,
707 3127 779 3168 ne
809 3127 919 3168 sua
987 3111 1284 3168 voluntate
1342 3115 1581 3170 coactus
1629 3110 1946 3176 videretur,

291 3210 344 3258 et
375 3203 500 3274 ipse
555 3201 613 3257 in
649 3201 1020 3273 imperatoris
1053 3205 1246 3273 partes
1279 3199 1591 3257 concessit.
1641 3199 1764 3264 Quo
1797 3197 1947 3254 facto

293 3307 456 3346 remo
487 3290 742 3363 amplius
769 3294 860 3346 est
897 3289 1264 3358 adversatus,
1295 3288 1400 3346 sed
1430 3287 1686 3344 universi
1730 3287 1789 3343 in
1823 3303 1946 3342 ma-

294 3395 479 3452 gnum
509 3378 788 3452 palatium
833 3384 1115 3452 tanquam
1147 3378 1442 3448 mancipia
1463 3377 1946 3448 transfugerunt;

293 3473 352 3524 et
400 3468 740 3541 priusquam
803 3485 1016 3524 novum
1069 3467 1478 3540 imperatorem
1521 3465 1798 3536 viderent,
1848 3467 1951 3521 aut

295 3558 438 3631 quid
475 3557 652 3613 veteri
704 3557 1014 3614 accidisset
1071 3559 1434 3630 compertum
1466 3554 1768 3624 haberent,
1820 3554 1948 3626 ejus

293 3647 459 3704 uxori
519 3647 618 3720 qui
678 3633 870 3704 rerum
948 3645 1119 3718 potiri
1191 3645 1486 3702 ferebatur
1540 3643 1947 3712 obediverunt,

295 3737 450 3794 002
481 3743 538 3794 et
595 3741 827 3792 tantum
860 3752 975 3792 non
1032 3735 1232 3808 capita
1261 3751 1362 3808 pro
1416 3733 1686 3791 scabellis
1733 3749 1947 3806 suppo-

2051 2567 2142 2624 καὶ
2188 2568 2324 2624 αὐτὸ
2381 2573 2660 2632 συναπτῶς
2715 2570 2780 2626 τὸ
2838 2577 2938 2640 τῆς
2996 2568 3294 2642 ἐκκλησίας
3325 2570 3612 2646 πλήρωμα
3637 2575 3708 2648 τῇ

2051 2656 2145 2730 νέᾳ
2199 2655 2474 2734 τυραννίδι
2541 2653 2849 2732 συμϐαίνει,
2927 2659 3018 2714 καὶ
3111 2681 3196 2724 τις
3251 2663 3358 2716 τῶν
3426 2661 3712 2736 νεωκόρων

2055 2744 2270 2824 ὀλίγοις
2319 2747 2648 2825 ὑποφθαρεὶς
2693 2749 2940 2824 κάρμασι
2988 2751 3172 2824 (τοῦτο
3216 2747 3273 2804 δὲ
3321 2749 3550 2804 καὶτῶν
3579 2751 3712 2826 ἆγο-

2055 2838 2225 2914 ραίων
2271 2839 2325 2892 οἱ
2377 2835 2721 2914 ταραχώδεις
2782 2839 3080 2895 πεπόνθασι
3131 2839 3222 2893 καὶ
3257 2840 3484 2914 βραγεῖς
3510 2843 3619 2894 τῶν
3653 2839 3714 2896 ἐκ

2051 2930 2150 2982 τοῦ
2181 2923 2498 2982 δικαστικοῦ
2552 2925 2856 3002 τάγματος’
2917 2926 2985 2982 τὰ
3034 2923 3092 2982 δὲ
3147 2927 3394 3000 ὀνόματα
3423 2929 3713 3004 προφέρειν

2053 3013 2116 3072 οὒ
2151 3014 2410 3090 δύναμαι)
2439 3020 2540 3082 τῆς
2589 3020 2687 3072 τοῦ
2745 3015 3000 3086 Ἀλεξίου
3059 3017 3334 3092 εὐφημίας
3381 3017 3716 3094 κατάρχεται

2055 3106 2131 3168 εἰς
2187 3107 2282 3162 τὸν
2335 3106 2480 3182 ἱερὸν
2536 3105 2878 3180 ἀνάσταθμὸν
2939 3107 3122 3174 ἀνιὼν,
3178 3110 3254 3179 μὴ
3313 3107 3608 3181 ἀναμείνας
3657 3107 3720 3165 ἐκ

2054 3199 2152 3250 τοῦ
2205 3196 2605 3270 ἀρχιποιμὲνος
2673 3196 2735 3251 τὸ
2795 3192 3101 3270 ἐνδόσιμον.
3163 3195 3341 3253 Ἀλλὰ
3406 3197 3496 3252 καὶ
3555 3198 3714 3260 οὗτος

2058 3283 2252 3358 μικρόν
2281 3303 2337 3338 τι
2367 3282 2576 3356 ἐνστὰς,
2609 3285 2700 3340 καὶ
2731 3283 2861 3340 ὅσον
2897 3287 2990 3341 τὸν
3045 3285 3120 3360 μή
3166 3285 3508 3357 αὐτόκλητον
3537 3286 3712 3360 ὑπεμ-

2055 3375 2242 3450 φῆναι,
2285 3373 2385 3442 τὴν
2440 3374 2674 3449 γνώμην
2732 3373 2808 3436 εἰς
2863 3374 2956 3430 τὸν
3023 3371 3252 3450 ἄρξαντα
3289 3375 3570 3449 μετέθηκε.
3603 3377 3708 3432 Καὶ

2052 3467 2150 3519 τοῦ
2205 3463 2553 3543 πατριάρχου
2607 3463 2787 3520 τοίνυν
2869 3464 3352 3539 ὑποχ-αυνωθέντος
3409 3463 3590 3529 οὐδεὶς
3643 3465 3714 3534 ἦν

2054 3552 2114 3610 ἐκ
2163 3553 2361 3609 τούτου
2419 3558 2818 3630 γνωσιμαχῶν,
2875 3553 3024 3610 ἀλλὰ
3078 3554 3272 3616 πάντες
3322 3555 3385 3610 τὸ
3456 3555 3706 3629 μέγιστον

2055 3642 2279 3718 ἀρχεῖον
2330 3637 2841 3716 καταλαμϐάνοντες
2917 3641 3270 3716 ηὐτομόλουν
3339 3643 3587 3724 ἀτεχνῶς
3643 3647 3712 3719 τῇ

2059 3729 2306 3807 βασιλίδι
2337 3731 2414 3793 ώς
2443 3729 2778 3806 ἀνδράποδα,
2835 3733 2926 3787 καὶ
2980 3733 3110 3808 πρῖν
3170 3729 3375 3788 ἰδέσθαι
3403 3733 3494 3788 τὸν
3522 3754 3718 3809 τυραν-

297 3831 583 3884 suerunt:
616 3831 668 3882 et
701 3825 1036 3882 catellorum
1104 3825 1290 3880 instar
1318 3823 1578 3879 calceum
1639 3824 1770 3894 ejus
1809 3822 1949 3878 deo-

2063 3820 2301 3889 νήσαντα
2356 3815 2393 3886 ἤ
2454 3822 2656 3894 γνῶναι
2711 3815 2954 3892 ἀκριϐῶς
3013 3821 3177 3875 ὁποῖα
3221 3821 3289 3875 τὰ
3345 3821 3725 3902 ξυνενεχθέντα

298 3915 532 3985 sculati,
589 3913 1032 3971 formidantium
1067 3911 1292 3980 habitu,
1323 3910 1656 3982 conjunctis
1701 3910 1952 3982 pedibus

302 4009 360 4062 et
387 4004 710 4077 complexis
763 4001 1059 4072 manibus,
1092 3999 1202 4056 soli
1234 4000 1402 4054 fama
1455 4000 1952 4070 obtemperantes,

298 4094 624 4151 astiterunt.
657 4101 728 4150 At
791 4087 1123 4162 imperatrix
1176 4087 1390 4145 callida
1439 4092 1497 4144 et
1528 4089 1776 4160 tempori
1832 4103 1951 4144 ser-

295 4183 418 4240 vire
457 4183 663 4239 edocta
712 4178 923 4236 mulier
955 4179 1145 4235 fatuos
1176 4177 1481 4248 Byzantios
1526 4176 1837 4232 verborum
1871 4176 1952 4232 le-

298 4273 528 4330 nocinio
561 4270 973 4338 demulcebat;
1007 4269 1108 4342 qui
1137 4275 1196 4324 ut
1229 4265 1387 4341 porci
1419 4266 1700 4340 resupini,
1735 4267 1952 4340 quibus

297 4366 530 4418 ventres
590 4360 897 4426 fricentur,
959 4357 1254 4414 blanditiis
1314 4357 1567 4428 deliniti,
1621 4356 1764 4412 nihil
1837 4373 1950 4414 non

301 4459 502 4500 eorum
539 4458 669 4514 quae
715 4446 838 4497 acta
871 4443 1038 4495 erant
1070 4437 1494 4510 approbabant.
1557 4437 1830 4510 Ingressu
1881 4439 1950 4495 ad

302 4535 464 4589 hunc
497 4533 738 4588 modum
785 4529 909 4585 sine
939 4528 1227 4600 sanguine
1257 4532 1316 4584 et
1348 4527 1740 4600 publicatione
1771 4529 1956 4585 bono-

305 4637 436 4678 rum
495 4623 848 4692 cujusquam
881 4620 1220 4690 praeparato,
1268 4622 1398 4688 post
1427 4617 1552 4674 dies
1579 4617 1803 4690 aliquot
1831 4619 1956 4690 ipse

305 4711 542 4768 Alexius
571 4711 628 4765 in
677 4709 880 4765 urbem
911 4707 1110 4774 venit;
1155 4709 1212 4762 et
1241 4722 1444 4762 recens
1468 4706 1626 4762 lotus
1657 4707 1716 4762 in
1751 4711 1956 4763 aurato

301 4799 449 4856 lecto
480 4801 536 4854 in
570 4797 855 4855 exteriore
900 4794 1229 4868 Philopatio
1259 4795 1470 4851 sedens
1513 4795 1761 4851 libenter
1787 4799 1845 4850 et
1873 4795 1958 4851 hi-

307 4891 497 4946 Iariter
529 4889 674 4946 adiri
727 4903 790 4944 se
838 4885 1078 4959 patitur,
1107 4884 1304 4940 animo
1349 4888 1590 4956 propter
1631 4885 1956 4941 admissum

307 4979 368 5034 in
400 4979 632 5033 fratrem
665 4975 855 5032 scelus
885 4991 998 5030 non
1032 4978 1422 5030 consternato.
1456 4973 1701 5037 Quidam
1735 4989 1869 5030 vero
1890 4990 1959 5030 ex

313 5067 429 5124 Beli
465 5066 792 5139 judicibus,
813 5063 967 5120 608
997 5061 1418 5134 intempestivis
1441 5061 1615 5132 jocis,
1647 5079 1793 5136 quos
1813 5063 1960 5121 adu-

308 5155 450 5210 latio
525 5154 895 5227 suggerebat,
972 5153 1118 5208 risui
1177 5167 1240 5207 se
1302 5157 1716 5223 exposuerunt.
1788 5153 1962 5210 Erant

308 5245 480 5300 etiam
501 5244 602 5314 qui
633 5243 693 5297 id
726 5240 1125 5312 spectaculum
1149 5240 1419 5312 suspiriis
1451 5247 1964 5316 prosequerentur,

311 5348 442 5388 cum
473 5337 684 5400 vestes,
718 5347 865 5403 quas
911 5329 1024 5386 sibi
1054 5329 1385 5386 confecerat
1409 5331 1691 5400 Isaacius,
1723 5333 1958 5392 fratrem

310 5423 440 5492 ejus
462 5420 727 5478 induisse
755 5419 1038 5487 viderent,
1081 5422 1140 5474 et
1169 5417 1478 5492 indignum
1512 5420 1574 5476 id
1603 5421 1828 5479 facinus
1863 5424 1962 5480 de-

2063 3911 2142 3978 τῷ
2195 3907 2390 3981 πρώην
2447 3905 2658 3977 ἄνακτι,
2739 3911 2811 3988 τῇ
2884 3911 2982 3963 τοῦ
3040 3906 3344 3986 λεγομένου
3405 3908 3727 3985 βασιλεῦσαι

2063 3992 2472 4058 καθυπὲκυπτον
2541 3995 2778 4070 γυναικὶ,
2836 3997 2926 4052 καὶ
2995 3997 3279 4062 ὑπετίθουν
3335 3999 3410 4062 ὡς
3469 3998 3722 4076 θρανίδας

2061 4083 2159 4145 τὰς
2185 4082 2446 4160 κεφαλὰς,
2501 4085 2594 4140 καὶ
2649 4086 2747 4154 τὴν
2809 4084 2931 4161 ῥῖνα
2987 4088 3055 4159 τῇ
3116 4081 3312 4159 ἐμϐάδι
3364 4085 3522 4159 δίκην
3549 4109 3722 4163 προσ-

2061 4172 2396 4246 κνιζομὲνων
2451 4169 2706 4228 κυνιδίων
2764 4171 3067 4250 ἐνήρειδον,
3132 4175 3224 4230 καὶ
3282 4173 3522 4252 περιδεεῖ
3575 4196 3719 4252 παρ-

2067 4259 2279 4316 ίσταντο
2328 4265 2409 4335 τῷ
2456 4264 2730 4338 σχήματι,
2789 4263 2868 4318 τὼ
2927 4261 3063 4320 πόδε
3121 4266 3480 4330 συνάπτοντες
3525 4267 3613 4324 καὶ
3639 4266 3721 4322 τὼ

2061 4356 2216 4428 χεῖρε
2251 4345 2686 4424 συμϐάλλοντες.
2742 4351 2840 4407 Καὶ
2893 4353 2946 4407 οἱ
2999 4354 3092 4426 μὶν
3143 4348 3428 4430 ἀϐέλτεροι
3476 4357 3562 4427 [Ρ.
3597 4358 3726 4431 294]

2065 4441 2240 4502 οὕτως
2303 4439 2352 4510 ἐξ
2433 4440 2603 4510 ἀκοῆς
2690 4441 3070 4515 ἀνασσόμενοι,
3129 4443 3165 4512 ἡ
3223 4439 3281 4497 δὲ
3337 4447 3445 4518 (43)
3509 4446 3727 4520 βασιλὶς

2065 4529 2266 4605 χρῆμά
2311 4550 2362 4584 τι
2411 4530 2545 4585 οὖσα
2592 4530 2848 4586 ποικίλον
2888 4529 2979 4586 καί
3027 4531 3344 4607 πράγμασιν
3380 4535 3726 4611 εὐμεθάρμο.

2065 4639 2190 4673 στον
2245 4625 2546 4698 προσφυεῖς
2600 4625 2720 4683 ταῖς
2792 4621 3010 4676 πεύσεσι
3081 4622 3178 4686 τὰς
3228 4622 3545 4702 ἀποκρίσεις
3600 4627 3731 4702 ἐμὲ-

2067 4712 2204 4780 ριζε,
2265 4707 2358 4762 καὶ
2414 4707 2544 4771 τοὺς
2625 4710 2842 4780 εὐήθεις
2902 4707 3083 4786 διέχεε
3139 4713 3468 4782 Βυζαντίους
3525 4715 3580 4770 ἐν
3639 4719 3728 4781 οἷς

2068 4795 2390 4854 ἐκώτιλλεν·
2437 4799 2492 4854 οἱ
2524 4796 2582 4854 δὲ
2639 4799 2712 4861 ὡς
2765 4798 2851 4862 ὕες
2905 4799 2964 4855 α⁶ί
3023 4801 3119 4862 τὰς
3171 4804 3436 4879 γαστέρας
3465 4808 3730 4882 καταψώ-

2072 4906 2227 4961 μεναι
2279 4887 2652 4960 ὖπτιάζουσιν,
2711 4891 3098 4964 ὕποκνώμενοι
3164 4892 3232 4946 τὰ
3297 4891 3412 4948 ὦτα
3474 4900 3591 4956 τοῖς
3640 4894 3732 4950 εύ-

2067 4977 2442 5054 προσηγόροις
2471 4977 2783 5053 ἀσπασμοῖς
2842 4977 2996 5035 οὐδὲν
3050 5001 3104 5036 τι
3159 4984 3266 5037 τῶν
3299 4977 3722 5056 συμϐεϐηκότων

2073 5065 2178 5122 ὑπὸ
2226 5068 2440 5142 νέμεσιν
2487 5065 2692 5132 ἔθεντο.
2746 5068 2845 5124 Καὶ
2886 5071 3114 5141 τοιαύτη
3168 5072 3262 5145 μὲν
3303 5073 3336 5138 ἡ
3380 5065 3722 5142 προεισόδιος

2073 5156 2362 5230 ἓτοιμασία
2431 5161 2530 5213 τοῦ
2617 5157 2886 5234 βασιλέως
2943 5159 3010 5228 ἦν
3069 5159 3328 5230 Ἀλεξίου,
3387 5157 3724 5232 ἀναίμακτος

2075 5246 2253 5318 πάντη
2301 5248 2389 5302 καὶ
2444 5247 2657 5321 μηγὲνα
2709 5251 2820 5303 τῶν
2869 5246 3016 5304 ὅλων
3075 5247 3128 5312 ἒς
3187 5249 3371 5304 οὐσίαν
3400 5245 3728 5321 ἆδικήσασα.

2071 5332 2279 5392 Εἴσεισι
2337 5332 2394 5392 δὲ
2450 5337 2514 5392 τὸ
2599 5336 2890 5408 Βυζάντιον
2978 5344 3094 5411 μεθ’
3171 5339 3383 5416 ἡμέρας
3430 5339 3582 5403 τινας
3640 5341 3734 5396 καὶ

2073 5422 2258 5495 αὐτὸς,
2313 5426 2404 5480 καὶ
2463 5425 2628 5502 κλίνη
2709 5429 3079 5508 χρυσοπάστῳ
3137 5427 3430 5491 νεόλουτος
3485 5429 3736 5503 ἒνιζήσας

1674 5548 1864 5620 Hier.
1911 5551 2151 5622 Wolﬁi
2191 5561 2392 5624 notae.

395 5697 507 5771 (43)
535 5696 598 5753 Ἠ
631 5689 709 5750 δὲ.
741 5692 996 5766 Apparet
1027 5689 1212 5748 ironia
1241 5706 1310 5748 ex
1337 5691 1745 5788 similitudine.
