4102 6442
385 447 503 508 829

1308 445 1408 505 DE
1450 442 1743 504 ALEXIO
1789 440 2073 505 ISAACII
2116 441 2409 503 ANGELI
2453 441 2576 503 FB.
2626 441 2775 502 LIB.
2816 440 2863 502 Ῑ.

3680 435 3801 501 830

384 579 521 635 κατὰ
567 579 629 633 τὸ
678 576 980 653 λεγόμενον
1034 574 1132 649 ἔξω
1174 575 1516 631 Φιλοπάτιον
1572 577 1890 650 περιχαρῶς
1944 573 2036 629 καὶ

2154 575 2469 647 plorarent,
2514 579 2573 630 et
2630 591 2758 631 eam
2810 573 3174 647 principatus
3226 572 3607 629 mulationem
3638 572 3800 630 brevi

389 669 638 743 ἀσμένως
701 666 828 726 τοὺς
894 665 948 729 ἐς
1022 666 1213 720 αὐτὸν·
1259 664 1688 742 ἀφικνουμένους
1768 663 2044 738 προσίετο,

400 759 476 831 μή
507 755 950 819 καταπεπτωκὼς
1021 756 1122 822 τήν
1197 753 1520 808 κατάστασιν
1577 760 1676 821 τῆς
1754 756 1941 825 ψυγῆς
1996 751 2046 823 ἐξ

396 848 469 902 ὧν
512 847 587 909 εἰς
645 846 739 902 τὸν
797 843 1030 924 ἀδελφὸν
1070 841 1410 917 διεπράξατο.
1471 843 1632 902 Τινὲς
1691 838 1748 895 δὲ
1785 845 1892 895 τῶν
1951 840 2047 896 τοῦ

393 937 581 1007 Βήλου
613 940 811 1012 κριτῶν
851 936 925 1008 μή
961 934 1224 1008 εὐκαιρως
1276 933 1370 988 τὸν
1416 932 1604 1004 καιρὸν
1659 927 2046 990 κολακεύοντες

394 1024 767 1101 βωμολόχους
833 1023 1116 1103 έπαφῆκαν
1178 1022 1380 1100 φωνάς,
1441 1020 1493 1076 ἐν
1550 1022 1635 1082 αἷς
1701 1018 1790 1075 καθ
1859 1017 2045 1098 ὦφλον

391 1111 727 1190 κατάγελων.
763 1116 932 1169 Ἦσαν
986 1111 1032 1167 δ’
1082 1109 1135 1166 οἵ
1175 1111 1264 1166 καὶ
1324 1111 1671 1182 ἐπεστέναξαν
1726 1114 1844 1171 τοῖς
1902 1109 2043 1184 ὁρω-

394 1202 595 1276 μένοις,
654 1204 743 1258 καὶ
802 1203 930 1266 τοὺς
988 1200 1304 1278 βασιλείους
1355 1202 1602 1272 κόσμους
1660 1198 2047 1254 κατωπτευκό-

391 1311 502 1362 τες,
537 1292 630 1354 οὕς
680 1294 857 1363 έαυτῷ
906 1289 1208 1366 ὑπέρῥαψεν
1261 1290 1552 1356 Ἰσαοίκιος,
1609 1287 2048 1367 περιαμπίσχον-

384 1403 482 1443 τας
528 1381 651 1454 ἄρτι
710 1382 802 1436 τὸν
862 1380 1067 1435 ἐκείνου
1115 1381 1446 1455 κασίγνητον
1508 1376 1885 1452 ἐπωδύραντο,
1942 1379 2044 1447 τήν

392 1470 619 1526 ἀτοπίαν
673 1469 1033 1547 ἐκπλαγέντες
1089 1472 1185 1524 τοῦ
1232 1470 1574 1543 πράγματος,
1632 1468 1722 1521 καὶ
1771 1467 1869 1536 τὴν
1928 1488 2043 1523 τοι·

388 1560 559 1629 αύτην
593 1557 892 1614 ἀλλοίωσιν
924 1566 1026 1628 τῆς
1074 1558 1254 1633 ἀρχῆς
1305 1558 1483 1637 ἀρχὴν
1533 1558 1861 1635 προσφάτων
1910 1555 2042 1609 οῒω-

390 1649 605 1718 νίζοντο
664 1652 981 1725 συμφορῶν,
1047 1648 1115 1702 τά
1176 1669 1235 1702 τε
1300 1643 1570 1721 Ὀσίριδος
1635 1645 1723 1701 καὶ
1789 1647 2048 1722 Τυφῶνος

387 1732 652 1792 ἐϐάλοντο
695 1737 830 1792 κατὰ
893 1740 1037 1802 νοῦν,
1099 1736 1183 1815 ὑφ’
1242 1737 1317 1790 ὧν
1373 1733 1814 1809 ἐκακοπράγησεν
1873 1732 2044 1808 Αἲγυ-

387 1847 542 1888 πτος.
576 1825 853 1890 Εἰσελθὼν
897 1823 954 1881 δὲ
1000 1826 1062 1881 τὸ
1106 1832 1208 1895 τῆς
1269 1828 1404 1879 Θεοῦ
1460 1822 1664 1902 Σοφίας
1715 1822 2044 1897 περίπυστον

380 1917 471 1969 καὶ
543 1914 793 1988 μέγιστον
859 1914 1104 1988 τέμενος,
1173 1915 1322 1977 ὅπως
1388 1915 1526 1969 κατὰ
1587 1915 1651 1968 τὸ
1726 1908 1917 1985 ἔθιμον
1984 1910 2117 2011 ἐςΒ

383 2004 612 2080 βασιλέα
666 2007 871 2082 χρισθῇ
929 2005 1019 2060 καὶ
1072 1999 1446 2078 περιϐαλεῖται
1505 2003 1571 2059 τὰ
1621 2006 1720 2058 τοῦ
1806 2001 2035 2075 κράτους

384 2090 660 2167 σύμϐολα,
711 2099 901 2170 πρῶτα
971 2096 1066 2169 μὲν
1132 2094 1442 2169 ὀψιαίτερον
1502 2095 1563 2149 τὸ
1630 2099 1731 2162 τῆς
1799 2093 2037 2154 πίστεως

384 2179 950 2260 ἐγγράφεισύμϐολον
1001 2186 1145 2263 βαφῆ
1205 2189 1274 2259 τῇ
1340 2182 1619 2259 βασιλικῆ,
1677 2177 1861 2236 ἔπειτα
1915 2185 2035 2242 ταῖς

382 2273 610 2347 ὡραίαις
643 2271 971 2350 λεγομέναις
1007 2278 1105 2329 τοῦ
1162 2274 1265 2328 νεὼ
1322 2271 1521 2336 πύλαίς
1578 2271 1796 2349 ἐγγίσας
1850 2270 2033 2326 ἱκανὸν

385 2360 556 2416 ἐκεῖσε
633 2362 832 2436 χρόνον
908 2360 1168 2437 διέτριψε,
1246 2359 1693 2437 προσδεχόμενος
1767 2361 1899 2416 πότε
1975 2358 2037 2415 ἄν

388 2448 712 2525 ἐπιταχθείη
771 2454 869 2520 τὴν
929 2449 1142 2506 εἷ’σοδον
1196 2451 1344 2527 παρὰ
1396 2455 1504 2505 τῶν
1555 2444 1924 2524 ἀκριϐούντων
1971 2450 2035 2505 τὸ

386 2546 486 2608 τῆς
518 2537 666 2615 ὥρας
715 2539 926 2613 καίριον
984 2544 1094 2595 τῶν
1152 2541 1314 2613 ἱερῶν
1365 2539 1846 2615 κατηχουμενείων
1902 2540 2038 2594 ἅνω-

389 2639 497 2692 θεν.
529 2629 719 2699 Ἐξιὼν
764 2626 820 2683 δέ
875 2627 971 2683 τοῦ
1029 2627 1135 2683 νεὼ
1195 2629 1284 2683 καὶ
1345 2625 1569 2701 μέλλων
1626 2621 1881 2697 ἐπιϐῆναι
1937 2632 2036 2682 τοῦ

388 2717 700 2792 ὀχήματος,
736 2718 764 2772 ὁ
800 2718 892 2791 μὲν
947 2717 1117 2780 ἳππος
1167 2718 1251 2789 (ἦν
1299 2714 1356 2772 δὲ
1404 2717 1564 2780 οὗτος
1624 2719 1880 2794 φανιστὸς
1945 2716 2037 2773 καὶ

381 2801 670 2880 ’Δράϐιος)
741 2806 1075 2883 προσάγεται
1155 2807 1302 2881 παρά
1375 2810 1474 2861 τοῦ
1547 2806 2036 2883 πρωτοστράτορος

378 2895 481 2950 ἀπὸ
511 2900 609 2950 τοῦ
641 2894 878 2971 χαλινοῦ
910 2894 1211 2965 έλκυσθεὶς,
1251 2896 1462 2972 γίνεται
1511 2892 1569 2952 δέ
1605 2917 1660 2951 τι
1690 2899 1799 2951 τῶν
1858 2897 2038 2966 ἀήθων

373 2984 465 3039 καὶ
540 2983 703 3055 ἀξίων
781 2984 1076 3057 θαύματος.
1155 2985 1234 3043 Ού
1308 2985 1592 3060 προσίεται
1649 2987 1677 3040 6
1725 2985 1895 3046 ἳππος
1941 2986 2036 3040 τὸν

375 3068 673 3145 ἀναϐάτην,
741 3071 888 3129 ἀλλὰ
940 3075 1261 3151 φριμάσσων
1313 3073 1555 3153 ὕφαιμος
1604 3076 1666 3130 τὸ
1733 3075 1891 3148 όμμα
1942 3074 2037 3130 καὶ

373 3163 436 3219 τὸ
467 3164 560 3225 οὖς
596 3161 868 3236 μετέωρος
919 3165 1009 3218 καὶ
1059 3164 1235 3242 συχνὰ
1290 3165 1507 3219 κόπτων
1552 3164 1616 3220 τὸ
1664 3161 1892 3220 δάπεδον
1940 3155 2037 3219 καὶ

370 3253 466 3313 τὰς
498 3251 861 3328 ἐμπροσθίους
902 3246 1231 3308 ἀναϐάλλων
1285 3253 1459 3314 ὁπλὰς
1507 3254 1601 3309 καὶ
1644 3251 1814 3331 ῥύδην
1866 3253 2030 3329 φερό-

2156 667 2436 721 malorum
2491 668 2609 721 fore
2664 665 3009 736 principium
3062 670 3498 735 augurarentur,
3559 662 3803 719 Osiridis

2153 763 2207 811 et
2278 756 2570 825 Typhonis
2633 755 2929 822 recordati,
3013 772 3045 810 a
3103 753 3315 826 quibus
3390 752 3605 808 afﬂicta
3661 759 3809 809 esset

2154 847 2438 915 Egyptus.
2484 846 2930 901 Celeberrimum
2981 849 3036 900 et
3077 844 3391 899 maximum
3434 842 3536 899 Dei
3567 842 3806 913 Sapien—

2150 934 2241 988 tia:
2274 936 2550 1005 templum
2604 934 2896 1007 ingressus
2959 942 3017 989 ut
3054 920 3126 990 de
3162 949 3321 989 more
3373 934 3809 1004 inauguraretur

2151 1030 2206 1077 et
2256 1023 2482 1093 imperii
2541 1023 2787 1095 insignia
2818 1032 3151 1089 assumeret,
3202 1023 3449 1093 primum
3484 1022 3616 1077 ﬁdei
3648 1037 3803 1095 sym-

2154 1110 2343 1167 bolum
2405 1114 2770 1183 imperatorio
2821 1113 3010 1169 colore
3065 1114 3280 1169 tardius
3337 1111 3660 1183 perscribit.
3694 1111 3810 1167 De-

2151 1201 2285 1255 inde
2316 1203 2383 1256 ad
2440 1203 2762 1271 Speciosam
2797 1203 2993 1274 lempii
3028 1208 3246 1273 portam
3297 1202 3512 1258 diutius
3541 1216 3806 1258 commo-

2153 1295 2333 1356 ratur,
2393 1299 2751 1361 exspectans,
2813 1294 2947 1347 dum
3007 1292 3229 1362 ingredi
3278 1292 3581 1362 juberetur
3607 1290 3677 1347 ab
3736 1288 3808 1344 iis

2152 1381 2246 1453 qui
2306 1386 2693 1452 opportunam
2751 1381 2947 1436 horam
2999 1381 3057 1436 in
3088 1398 3154 1439 eo
3204 1381 3350 1448 loco,
3385 1381 3485 1437 ubi
3532 1379 3805 1437 catechu—

2153 1471 2309 1528 meni
2341 1471 2743 1537 instituuntur,
2801 1470 3201 1527 observabant.
3252 1471 3488 1542 Temple
3518 1486 3803 1541 egressus,

2152 1576 2285 1617 cum
2347 1559 2655 1617 sublimem
2705 1575 2915 1631 equum
2968 1559 3273 1616 Arabicum
3327 1576 3359 1615 a
3397 1566 3802 1631 protostratore

2151 1651 2462 1706 adductum
2493 1665 2917 1706 conscensurus
2962 1655 3128 1717 esset,
3161 1664 3250 1704 res
3280 1655 3598 1705 memoratu
3627 1649 3802 1719 digna

2151 1740 2379 1796 accidit.
2434 1740 2622 1809 Equus
2669 1739 2825 1796 enim
2869 1753 3146 1795 sessorem
3198 1753 3314 1794 non
3367 1736 3668 1793 admittit:
3703 1738 3799 1792 sed

2151 1829 2337 1887 oculis
2391 1829 2673 1900 sanguine
2731 1828 2986 1894 suffusis,
3038 1827 3269 1883 auribus
3316 1825 3570 1897 arrectis,
3603 1826 3802 1882 crebro

2151 1919 2338 1975 solum
2391 1919 2644 1989 pulsans,
2689 1921 2746 1973 et
2774 1915 3158 1973 anterioribus
3218 1915 3451 1987 ungulis
3503 1930 3636 1971 cum
3690 1914 3801 1970 fre-

2149 2009 2293 2064 mitu
2354 2008 2614 2074 sublatis,
2668 2022 2799 2062 eum
2860 2007 3018 2062 θυι
3085 2005 3439 2062 ferocissime
3493 2008 3805 2075 aversatur,

2149 2098 2307 2169 quasi
2360 2107 2514 2168 tergo
2564 2096 2825 2167 recipere
2871 2097 3292 2167 dedignaretur.
3355 2096 3537 2165 Atque
3579 2093 3659 2149 ita
3688 2109 3807 2149 saa-

2148 2186 2277 2257 pius
2307 2186 2366 2241 in
2400 2187 2744 2257 posteriores
2798 2186 2971 2256 pedes
3001 2193 3252 2241 arrectus
3296 2190 3351 2240 et
3380 2183 3597 2239 aversis
3625 2180 3808 2239 oculis

2144 2275 2412 2333 Alexium
2448 2275 2692 2348 repellit.
2729 2275 2794 2331 Ut
2825 2281 3011 2329 autem
3057 2278 3187 2345 post
3216 2274 3425 2329 multos
3454 2287 3805 2343 poppysmos

2146 2371 2204 2424 et
2257 2365 2495 2422 cervicis
2550 2363 2903 2435 palpationes
2960 2364 3219 2435 placatus
3275 2368 3329 2418 et
3385 2361 3614 2418 crebros
3670 2360 3800 2417 illos

2146 2471 2314 2529 gyros
2369 2464 2422 2510 et
2459 2453 2883 2511 calcitrationes
2922 2452 3235 2509 emissurus
3265 2450 3584 2518 videbatur,
3617 2450 3798 2519 impe-

2149 2551 2302 2601 rator
2333 2544 2392 2599 in
2421 2558 2551 2599 eum
2588 2542 2790 2598 insiliit
2833 2551 2887 2597 et
2918 2541 3168 2598 habenas
3197 2540 3519 2611 prehendit.
3580 2538 3630 2594 I:
3667 2553 3796 2594 vero

2154 2641 2212 2690 ut
2269 2634 2567 2704 deceptus,
2629 2647 2846 2690 sessore
2876 2646 3043 2701 quem
3100 2631 3281 2687 nollet
3337 2633 3585 2700 recepto,
3640 2643 3801 2698 aeque

2147 2741 2213 2781 ac
2244 2724 2401 2795 prius
2453 2724 2675 2789 ferocit,
2713 2739 2842 2780 cum
2879 2724 3032 2780 claro
3095 2722 3322 2779 hinnitu
3358 2723 3527 2792 pedes
3572 2720 3801 2786 attollit,

2150 2829 2257 2870 nec
2310 2813 2474 2886 prius
2507 2813 2840 2883 importune
2897 2812 3107 2867 saltare
3158 2810 3379 2867 desistit
3430 2826 3596 2881 quam
3643 2825 3802 2880 gem-

2148 2911 2301 2958 mata
2349 2917 2560 2959 corona
2588 2902 2773 2971 capite
2820 2902 2944 2972 ejus
2973 2915 3209 2956 excussa
3247 2911 3305 2956 et.
3351 2915 3418 2955 ex
3456 2902 3611 2970 parte
3640 2913 3799 2953 com-

2146 2992 2370 3049 minuta
2422 2991 2617 3058 ipsum
2665 3006 2888 3062 quoque
2936 2990 3260 3060 dejecisset.
3304 2988 3431 3044 Alio
3491 3003 3635 3059 equo
3691 2987 3798 3043 ad-

2145 3082 2342 3149 ducto,
2386 3081 2565 3136 fracta
2595 3095 2805 3137 corona
2861 3079 3284 3149 inauspicatum
3343 3092 3510 3134 omen
3560 3079 3680 3132 visa
3711 3082 3796 3132 est

2147 3170 2371 3242 imperii
2401 3168 2652 3225 cladium
2686 3185 2800 3225 non
2832 3170 3079 3239 expertis
3127 3176 3184 3225 et
3212 3166 3577 3223 imminentis
3618 3164 3802 3221 ruinae

2145 3265 2200 3316 et
2231 3276 2391 3317 noxas
2442 3258 2690 3314 hostilis.
2724 3256 3162 3313 Comitabantur
3217 3271 3346 3313 eum
3395 3255 3455 3312 in
3486 3254 3651 3326 cquis
3682 3254 3798 3310 duo

376 3361 531 3413 μενος
589 3341 754 3396 αὐτὸν
813 3343 1198 3416 ἀπεστρέφετο,
1252 3339 1457 3416 ἀδοξῶν
1522 3340 1705 3417 ὥσπερ
1767 3342 1855 3398 έπὶ
1912 3346 2023 3397 τῶν

2146 3347 2361 3420 generi,
2437 3347 2933 3418 Conlostepbanus
2996 3346 3363 3402 Andronicus
3430 3351 3483 3401 et
3536 3322 3797 3400 isaacius

373 3429 559 3483 νώτων
588 3430 738 3504 ὀχεῖν
785 3438 873 3484 καὶ
922 3432 1041 3485 κατ’
1088 3431 1257 3486 αὐτοῦ
1306 3430 1689 3508 ἀγριούμενος.
1744 3430 2024 3494 Πολλάκις

375 3516 465 3572 οὖν
524 3519 660 3592 πρὸς
723 3520 785 3574 τὸ
837 3520 1083 3575 ἱππεύειν
1131 3519 1424 3594 γενόμενον
1478 3521 1570 3575 τὸν
1625 3520 1868 3593 Ἀλέξιον
1924 3521 2023 3576 ἀπο

371 3607 689 3683 εκρούσκτο,
720 3610 814 3671 τὰς
854 3607 1223 3683 ἐμπροσθίους
1279 3609 1495 3664 ένσείων
1553 3608 1734 3685 χηλὰς
1791 3610 1881 3664 καὶ
1927 3612 2022 3672 τάς

367 3694 519 3772 ὄψεις
551 3697 885 3777 ἐπιστρέφων
926 3698 1126 3754 ὀπίσω.
1180 3700 1270 3761 Ὠς
1324 3695 1381 3753 δέ
1428 3718 1561 3754 ποτε
1612 3700 1749 3773 μετὰ
1794 3698 2025 3754 πλεῖστα

368 3787 870 3863 περιποππύσματα
927 3789 1019 3844 καὶ
1075 3786 1420 3862 διομαλίσεις
1475 3793 1574 3845 τοῦ
1625 3788 1855 3865 αὐχένος
1903 3785 2024 3844 ἔδο-

366 3880 446 3950 ξεν
487 3880 788 3954 ἠρεμήσειν
834 3878 924 3934 καὶ
982 3880 1287 3943 παύσασθαι
1343 3883 1452 3934 τῶν
1519 3879 1825 3955 ἀγερώχων
1883 3876 2028 3934 ἐκεῖ-

365 3990 472 4023 νων
512 3968 731 4042 έλίξεων
771 3969 863 4024 καὶ
919 3976 1019 4038 τῆς
1075 3972 1185 4024 τῶν
1245 3966 1431 4023 ποδῶν
1491 3969 1796 4044 ἂερώσεως,
1845 3969 1874 4023 6
1933 3969 2027 4042 μὲν

373 4057 631 4133 βασιλεὺς
662 4058 746 4114 ἐπ’
794 4058 957 4114 αὐτὸν
1006 4055 1315 4129 ἀνεπήδησε
1364 4059 1456 4114 καὶ
1508 4064 1617 4114 τῶν
1669 4058 1840 4128 ἠνίων
1896 4057 2026 4114 ἐλά-

370 4142 517 4202 ϐετο·
553 4151 581 4200 ὁ
614 4146 672 4201 δὲ
725 4146 903 4222 ὣσπιρ
963 4146 1341 4219 ἠπατημένος,
1400 4149 1490 4202 καὶ
1549 4145 1837 4220 δεξάμενος
1893 4147 2024 4203 ἀνα-

372 4230 543 4306 ϐάτην
578 4238 635 4291 ὅν
671 4236 771 4289 οὐκ
800 4233 1014 4304 ἤθελεν,
1044 4236 1269 4305 ἠτάκτει
1299 4256 1360 4290 τε
1409 4237 1484 4299 ὡς
1534 4237 1729 4310 πρώην
1778 4235 1869 4291 καὶ
1896 4237 2024 4297 τοὺς

365 4321 537 4384 πόδας
594 4323 783 4394 ἀνίστη
847 4325 963 4397 μετ’
1040 4322 1374 4393 ἐξακούστων
1446 4329 1554 4379 τῶν
1630 4325 2021 4402 χρεμετίσεων·

2135 3437 2485 3504 Gomuenus,
2547 3444 2600 3492 et
2654 3442 2887 3507 patruus
2943 3435 3067 3506 ejus
3123 3436 3374 3493 Joannes
3433 3433 3647 3498 Ducas,
3702 3431 3788 3487 vir

2138 3531 2402 3600 provecta
2447 3532 2633 3588 aetate.
2668 3526 2759 3582 cui
2789 3525 2849 3582 in
2901 3542 2965 3581 ea
2996 3542 3204 3596 pompa
3253 3523 3461 3580 mirum
3507 3522 3784 3596 quiddam

2133 3615 2364 3673 accidit.
2402 3615 2543 3673 Nam
2575 3629 2707 3671 cum
2742 3614 2895 3670 mula
2923 3613 3077 3671 605
3110 3615 3238 3683 ejus
3267 3631 3298 3669 a
3339 3613 3568 3669 nemine
3599 3616 3789 3669 exter-

2136 3706 2241 3760 rita
2289 3713 2454 3772 esset,
2489 3719 2700 3760 corona
2747 3702 3258 3760 sebastocratorica
3313 3705 3515 3772 sponte
3557 3701 3625 3755 de
3661 3700 3791 3770 ejus

2138 3793 2345 3850 vertice
2395 3793 2558 3848 humi
2617 3792 2843 3849 cecidit.
2896 3792 3062 3849 Unde
3115 3791 3360 3863 populus
3390 3789 3615 3846 calvitio
3664 3790 3790 3861 ejus

2136 3882 2286 3954 quod
2347 3883 2530 3938 instar
2586 3882 2770 3952 plenis
2826 3880 2974 3937 lunae
3033 3879 3341 3948 relucebat,
3383 3881 3595 3936 nudato
3654 3893 3783 3935 cum

2136 3976 2253 4028 risu
2286 3971 2645 4028 exclamavit.
2691 3976 2875 4027 Ducas
2905 3986 3057 4041 vero,
3090 3969 3186 4042 qui
3218 3970 3391 4026 etiam
3423 3968 3639 4040 alioqui
3672 3983 3788 4025 non

2139 4061 2305 4117 facile
2364 4061 2534 4117 rebus
2601 4061 2852 4118 adversis
2919 4064 3397 4128 commoveretur,
3454 4058 3793 4115 necessitate

2135 4151 2195 4206 in
2222 4152 2417 4221 jocum
2448 4156 2506 4206 et
2554 4151 2816 4206 festivum
2848 4148 3047 4205 ludum
3081 4165 3376 4215 conversa,
3437 4146 3787 4204 hilaritatem

2138 4238 2333 4310 populi
2380 4238 2522 4295 adeo
2555 4254 2668 4295 non
2720 4237 2955 4309 indigne
2987 4237 3122 4294 tulit
3152 4241 3215 4294 ut
3261 4237 3430 4305 etiam
3464 4251 3579 4293 una
3608 4233 3791 4292 laetari

2134 4329 2439 4386 videretur.

366 4428 703 4511 οὐδ’έληξεν
735 4436 1208 4517 ἐκϐακχευόμενος
1259 4441 1457 4512 οὓτως,
1518 4439 1627 4505 ἕως
1673 4443 1737 4497 τὸ
1788 4442 1886 4516 μὶν
1942 4442 2315 4519 λιθόστρωτον
2369 4444 2562 4517 στέφος
2616 4445 2675 4500 ἐκ
2735 4452 2834 4516 τῆς
2880 4453 3125 4526 κεφαλῆς
3180 4449 3265 4520 [Ρ.
3318 4448 3444 4521 295]
3489 4449 3585 4502 τοῦ
3636 4445 3787 4518 βασι“

371 4527 510 4592 λέως
578 4530 654 4592 εἷς
720 4538 821 4608 γῆν
881 4532 1233 4609 κατήνεγκεν,
1291 4531 1366 4593 ὡς
1423 4531 1512 4587 καὶ
1570 4532 1767 4588 τούτου
1827 4529 2255 4607 διαθραυσθῆναι
2325 4534 2463 4608 μέρη
2557 4534 2699 4605 τινὰ,
2768 4535 2929 4591 αὐτὸν
3000 4533 3046 4590 δ’
3112 4536 3516 4614 ἀπεσφαίρισεν.
3589 4536 3792 4591 Ἵππου

370 4618 549 4674 τοίνυν
607 4618 793 4695 ἑτέρου
851 4621 1324 4697 προσενεχθέντος,
1413 4620 1545 4698 οὐχὶ
1631 4622 1748 4693 μεθ’
1831 4622 2019 4697 ὑγιοῦς
2122 4621 2467 4679 ἐπωπτεύετο
2547 4624 2989 4701 στεφανώματος,
3049 4626 3079 4680 6'
3133 4626 3221 4680 καὶ
3289 4626 3364 4698 μὴ
3442 4623 3623 4679 αἶ’σιον
3681 4625 3791 4677 τῶν

375 4709 647 4782 ἐσομένων
703 4704 851 4781 ἔδοξε
907 4704 1210 4783 σύμϐολον’
1276 4706 1418 4785 μηδὲ
1472 4711 1577 4785 γὰρ
1634 4709 1696 4765 ἄν
1763 4706 2149 4783 ἀδιαλώϐητόν
2210 4715 2267 4767 o't.
2324 4715 2728 4788 συντηρηθῆναι
2782 4715 2882 4783 τὴν
2926 4713 3231 4789 βασιλείαν,
3298 4712 3445 4770 ἀλλᾶ
3481 4716 3578 4768 τοῦ
3618 4709 3790 4786 ὕψους

368 4801 657 4856 ἀποπεσεῖν
687 4799 778 4855 καὶ
835 4801 1167 4875 προσπαθεῖν
1221 4800 1383 4854 αὐτὸν
1439 4800 1546 4855 ἀπὸ
1605 4805 1714 4856 τῶν
1782 4799 2037 4857 ἐναντίων
2095 4807 2298 4867 κακῶς.
2355 4804 2779 4876 Συνεπόμπευον
2836 4803 2891 4859 δὲ
2947 4808 3027 4877 τῷ
3095 4802 3315 4879 βασιλεῖ
3366 4800 3507 4875 τῷδε
3562 4801 3789 4881 ἔφιπποι

363 4890 453 4944 καὶ
512 4891 567 4945 οἱ
622 4888 719 4945 δύο
779 4887 867 4944 ἐπὶ
927 4890 1224 4965 θυγατράσι
1281 4889 1459 4962 τούτῳ
1534 4883 1777 4966 γαμϐροὶ
1859 4891 1888 4945 6
1965 4891 2405 4965 Κοντοστέφανος
2476 4891 2825 4967 ’Δνδρόνικος
2899 4891 2991 4948 καὶ
3049 4894 3077 4947 6
3137 4892 3420 4964 Κομνηνὸς
3490 4892 3785 4961 Ἰσαάκιος,

363 4980 454 5037 καὶ
488 4982 516 5035 ὁ
547 4979 685 5056 πρὸς
716 4979 922 5054 πατρὸς
976 4976 1166 5052 ἐκείνῳ
1225 4983 1370 5043 θεῖος
1421 4979 1679 5050 Ἰωάννης
1740 4979 1768 5033 6
1827 4979 2056 5048 Δούκας,
2115 4978 2439 5055 πεπαίτερος
2498 4981 2570 5036 ὥν
2626 4983 2725 5051 τὴν
2782 4978 3030 5050 ἠλικίαν,
3062 4978 3227 5053 ᾧγαί
3284 4980 3423 5035 κατᾶ
3477 4981 3576 5050 τὴν
3630 5000 3789 5053 πομ-

365 5072 529 5128 παίαν
594 5070 805 5141 ἐκείνην
869 5065 1104 5144 πρόοδον
1169 5062 1367 5140 συνέϐη
1434 5058 1488 5124 τι
1555 5073 1805 5124 τοιοῦτον
1872 5067 2215 5147 παράλογον·
2289 5071 2365 5143 μὴ
2431 5071 2534 5145 γάρ
2617 5090 2761 5132 τινος
2848 5067 3263 5146 διαταράξαντος
3351 5072 3450 5140 τὴν
3518 5069 3789 5145 κόλουρον

370 5161 600 5233 ἡμίονον
748 5155 955 5234 ἔποχος
1017 5158 1108 5227 ἦν,
1192 5157 1284 5213 τὸν
1381 5152 1938 5234 σεϐαστοκρατορικὸν
2017 5154 2323 5215 ἀπεϐάλετο
2412 5161 2672 5237 στέφανον
2758 5160 3129 5232 ἀνατραπέντα
3206 5168 3307 5231 τῆς
3389 5167 3634 5237 κορυφῆς
3699 5159 3791 5215 καὶ

370 5246 689 5320 αὐτομάτως
743 5244 1114 5303 καταπεσόντα
1167 5244 1243 5309 εἷς
1302 5239 1522 5324 ἔδαφος.
1585 5248 1729 5321 Πρὸς
1786 5245 1919 5324 ὅπερ
1979 5248 2032 5302 οἱ
2092 5247 2186 5320 μέν
2246 5248 2519 5319 θεώμενοι
2578 5243 2868 5319 ἐξεϐόησαν
2925 5248 3015 5304 καὶ
3076 5248 3152 5311 εἷς
3237 5249 3416 5326 γέλων
3477 5248 3789 5320 διεκινήθηο

371 5355 484 5404 σαν,
551 5339 647 5406 τήν
707 5335 1214 5414 ἐγκρυφιαζομένην
1271 5338 1352 5407 τῷ
1412 5336 1658 5413 στεφάνῳ
1716 5336 1982 5411 πρότερον
2034 5335 2316 5416 φαλάκραν
2378 5337 2453 5398 ὡς
2507 5334 2864 5414 πλησίφωτον
2947 5337 3185 5410 σελήνην
3264 5340 3391 5396 τότε
3472 5359 3788 5396 κατωπτευ-

362 5425 535 5486 κότες·
573 5427 601 5479 6
633 5423 691 5480 δέ
722 5426 925 5489 Δούκας
956 5427 1057 5496 τὴν
1102 5426 1337 5501 ἀνάγκην
1402 5424 1708 5499 μετατιθεὶς
1759 5425 1836 5488 εἷς
1889 5426 1952 5480 τὸ
2005 5426 2201 5501 εὔχαρι
2260 5426 2349 5480 καὶ
2416 5426 2702 5502 μείλιχον,
2761 5426 2948 5492 ἂλλως
3008 5449 3067 5484 τε
3122 5431 3219 5485 κάν
3276 5438 3396 5493 τοῖς
3452 5426 3789 5501 ἀϐουλήτοις

362 5514 438 5588 μή
508 5511 742 5586 ἐτοίμως
811 5512 1180 5589 χολούμενος,
1242 5508 1426 5593 ἔφερεν
1495 5514 1569 5575 ὡς
1635 5513 1944 5589 σύμμικτον
2008 5512 2182 5589 ἡδονῇ
2251 5511 2473 5570 παιδιὰν
2536 5517 2637 5586 τὴν
2702 5520 2810 5571 τῶν
2879 5517 3155 5575 πλείστων
3221 5520 3312 5576 ἐπὶ
3376 5524 3457 5594 τῷ
3536 5519 3788 5598 γεγονότι

359 5602 635 5676 διάχυσιν,
665 5604 907 5678 γεγηθὼς
936 5603 988 5659 ἐν
1025 5603 1177 5680 μέρει
1210 5605 1297 5660 καὶ
1328 5603 1487 5666 αὐτὸς
1516 5604 1605 5660 καὶ
1643 5602 1917 5679 μηδαμῶς
1946 5605 2036 5660 τὸν
2066 5605 2476 5681 ἀγανακτοῦντα
2509 5605 2958 5680 ὑποκρινόμενος.

425 5694 495 5750 Γ’,
528 5693 592 5750 Ὁ
634 5688 691 5746 δέ
751 5692 1002 5767 βασιλεὺς
1059 5695 1157 5763 τήν
1207 5692 1622 5770 ἀγγελωνυμίαν
1677 5696 2005 5770 παρωσάμε·

2189 5697 2243 5751 3.
2290 5698 2606 5769 Imperator
2662 5713 2792 5755 vero
2849 5701 3051 5771 Augeli
3098 5706 3489 5774 cognomento
3539 5698 3658 5760 sive
3716 5706 3781 5759 ut
