4102 6400
316 396 432 460 831

1641 396 1960 459 NICETJE
2001 396 2424 460 GHONIATIE

3629 413 3753 472 839

317 532 626 591 humiliore
683 531 1009 603 repudiato,
1041 530 1159 589 sive
1206 533 1272 588 ut
1309 544 1423 587 una
1451 544 1585 588 cum
1644 530 1821 587 fratre
1848 529 1955 588 abo

2091 549 2184 594 νος
2224 532 2511 606 Κομνηνὸς
2573 531 2884 610 ἐπελέγετο,
2935 532 3043 598 εἷ’τς
3097 534 3158 591 τὸ
3204 534 3495 612 ἐπώνυμον
3542 539 3753 616 ἀδοξῶν

317 621 511 695 lende,
563 621 912 681 Comnemus
969 620 1243 693 appellari
1323 619 1525 678 voluit.
1578 621 1723 678 Cum
1785 624 1976 677 autem

2092 622 2180 676 οἷα
2258 621 2510 698 ὑφιζάνον
2589 624 2725 699 πρὸς
2799 623 2861 681 τὸ
2938 627 3286 697 Κομνηνικὸν
3332 625 3595 704 κλὲϊσμα,
3643 631 3753 689 εἴτε

312 728 512 770 omnes
563 715 831 785 putarent
885 725 1018 768 eum
1069 712 1201 782 post
1263 708 1746 776 declarationem,
1804 708 1959 766 rebul

2089 717 2440 785 συναφαντῶν
2494 716 2574 784 τῷ
2631 712 2897 788 ὁμαίμονι
2954 714 3044 770 καὶ
3097 717 3196 786 τήν
3259 714 3467 774 ἐκείνου
3519 719 3749 795 ἐπίκλη-

312 800 551 874 pacatis,
600 800 794 857 statim
845 799 906 856 in
935 798 1114 854 armis
1158 797 1278 854 fore
1338 812 1446 855 nec
1500 798 1765 871 urgentia
1828 799 1975 855 dun-

313 893 467 946 taxat
525 888 676 944 mala
732 886 1128 958 depulsurum,
1187 885 1289 942 sed
1370 886 1744 959 superiorum
1803 885 1975 943 etiam

314 987 642 1053 temporum
698 978 907 1035 delicta
982 978 1234 1034 fraterna
1310 984 1731 1051 correcturum,
1785 979 1976 1035 clades

318 1067 632 1141 praesertim
693 1085 726 1123 a
762 1065 1023 1123 Barbaris
1070 1070 1375 1137 propterea
1429 1065 1620 1122 illatas
1675 1067 1828 1138 quod
1887 1067 1974 1124 eis

276 1174 484 1235 nemo
562 1155 873 1215 restitisset
926 1162 1022 1211 aut
1080 1169 1272 1211 rerum
1347 1170 1544 1212 curam
1605 1155 1970 1228 suscepisset,

312 1247 409 1304 ille
439 1248 658 1314 contra,
692 1253 753 1301 ut
794 1245 918 1316 jam
962 1251 1229 1301 votorum
1286 1245 1550 1302 omnium
1602 1248 1661 1302 et
1716 1244 1877 1301 unici
1907 1260 1974 1303 ac

310 1334 566 1393 diuturni
614 1334 887 1392 desiderii
920 1350 1164 1406 compos
1211 1333 1418 1406 factus,
1472 1333 1692 1392 corolla
1720 1333 1971 1406 insignis

307 1428 547 1502 ignavias
576 1444 702 1486 sese
732 1426 1140 1499 dedidit,quasi
1170 1443 1289 1485 non
1311 1426 1633 1500 legitimam
1669 1427 1969 1484 hominum

308 1518 670 1577 curationem
684 1517 1060 1587 sortitus,sed
1075 1516 1419 1573 deliciarum
1436 1521 1494 1574 et
1506 1515 1611 1574 otii
1626 1515 1967 1574 facultatem

308 1624 440 1667 esse
472 1606 787 1680 imperium
826 1605 1186 1678 opinaretur.
1223 1607 1408 1678 Igitur
1436 1607 1659 1677 abjecta
1702 1607 1858 1663 600
1886 1606 1970 1663 rei

309 1697 558 1772 publica:
591 1713 751 1763 cura,
778 1700 843 1752 ut
871 1696 1226 1767 gubernator
1274 1695 1555 1752 ﬂuctibus
1586 1695 1964 1767 defatigatus,

310 1788 371 1844 in
403 1803 579 1843 aureo
608 1785 823 1843 vestitu
854 1800 919 1842 se
967 1784 1303 1841 ostentabat
1331 1803 1347 1854 ;
1374 1787 1433 1840 et
1478 1785 1695 1857 apertis
1720 1784 1965 1842 auribus

307 1878 574 1936 omnium
634 1893 838 1934 eorum
887 1874 1269 1948 petitionibus
1310 1875 1625 1945 annuebat,
1659 1892 1807 1949 quos
1837 1879 1965 1936 adi-

305 1967 570 2043 piscendi
632 1966 863 2041 imperii
919 1967 1212 2038 adjutores
1242 1964 1546 2035 habuerat,
1602 1972 1661 2024 et
1714 1972 1965 2041 utraque

305 2073 485 2114 manu
535 2056 843 2129 pecuniam
890 2054 963 2112 ab
1012 2053 1232 2113 Isaacio
1280 2054 1589 2112 collectam
1641 2058 1960 2128 profunde-

303 2148 428 2215 bat,
489 2163 605 2205 non
677 2144 1059 2203 considerans
1119 2160 1253 2201 cum
1330 2148 1550 2217 quanta
1606 2146 1964 2204 difficultate

302 2242 509 2311 postea
566 2236 960 2309 recolligenda
1006 2239 1162 2292 esset
1210 2239 1268 2291 et
1313 2250 1490 2308 quam
1541 2239 1764 2293 temere
1805 2254 1964 2295 nunc

302 2328 708 2399 dissiparetur.
779 2330 928 2384 Cum
987 2325 1170 2399 igitur
1242 2325 1433 2383 instar
1509 2325 1808 2399 palearum
1864 2333 1964 2386 aut

302 2418 486 2476 aestivi
541 2416 799 2491 pulveris
866 2415 1133 2473 celeriter
1188 2417 1433 2488 disjecta
1508 2421 1566 2473 et
1615 2416 1675 2474 in
1731 2423 1960 2475 ventres

306 2507 569 2581 ignavos,
622 2523 770 2579 quos
802 2523 874 2562 ne
932 2510 1098 2562 norat
1154 2505 1414 2578 quidem,
1449 2506 1754 2578 insumpta
1783 2517 1954 2578 esset,

302 2602 519 2656 temere
551 2596 866 2653 munificus
896 2595 1211 2669 imperator
1243 2596 1366 2668 ipse
1394 2596 1631 2653 tandem
1666 2597 1954 2670 profusio-

303 2704 438 2745 nem
486 2702 657 2744 suam
699 2686 979 2743 damnare
1007 2685 1199 2759 coepit,
1248 2700 1383 2743 cum
1443 2684 1692 2758 pecunia
1738 2691 1958 2759 egeret.

298 2776 442 2849 Ejus
495 2790 626 2832 vero
676 2791 838 2843 uxor,
892 2772 1049 2831 virili
1106 2773 1304 2831 animo
1345 2773 1559 2830 mulier
1604 2777 1663 2831 et
1719 2774 1791 2830 ab
1830 2776 1960 2848 ipsa

300 2870 510 2924 natura
568 2863 799 2921 dicendi
856 2863 1138 2921 suavitate
1195 2870 1249 2920 et
1307 2861 1505 2936 lepore
1561 2867 1787 2933 ornata,
1849 2880 1958 2923 nec

299 2959 370 3014 ad
420 2954 727 3029 prmeentia
757 2954 1037 3010 duntaxat
1076 2953 1296 3027 optime
1352 2953 1821 3013 administranda
1850 2955 1954 3012 sed

298 3051 357 3104 et
385 3047 455 3103 ad
505 3045 700 3103 futura
746 3043 1100 3117 providenda
1153 3041 1567 3114 solertissime,
1619 3041 1752 3100 aliis
1783 3044 1955 3101 rebus

297 3134 597 3194 teterrima
655 3133 840 3207 pestis
877 3131 1008 3189 fuit.
1070 3132 1270 3204 Neque
1330 3148 1489 3188 nunc
1545 3133 1618 3189 de
1663 3132 1955 3205 exquisito

293 3228 503 3282 ornatu
565 3227 622 3280 et
676 3221 816 3279 luxu
847 3220 1003 3293 regio
1062 3221 1294 3294 loquor,
1328 3236 1512 3294 neque
1566 3222 1639 3277 de
1696 3235 1764 3277 eo
1794 3222 1951 3293 quod

292 3313 518 3387 ingenii
586 3311 854 3370 felicitate
905 3285 968 3369 in
1033 3285 1311 3368 mutando
1370 3285 1602 3382 recepto
1660 3285 1833 3366 statu-
1894 3316 1954 3367 et
1983 3285 2027 3353 θ

296 3406 470 3464 rebus
528 3404 807 3462 novandis
864 3403 1146 3461 maritum
1207 3401 1523 3475 superabat
1588 3402 1747 3474 (nam
1804 3399 1948 3468 hac,

300 3498 412 3557 etsi
469 3512 583 3552 non
648 3496 858 3553 decora
907 3492 1281 3564 mulieribus,
1330 3490 1548 3564 reginis
1605 3491 1951 3565 praesrtim,

297 3593 495 3645 tamen
555 3585 955 3659 praetereunda
1014 3581 1268 3655 censeo),
1302 3580 1406 3638 sed
1447 3581 1520 3639 de
1576 3580 1953 3655 impudicitia)

296 3678 507 3752 probro
545 3680 718 3749 atque
769 3673 1011 3732 infamia
1057 3674 1207 3730 σω
1267 3688 1385 3744 qua
1441 3672 1712 3730 maritum
1769 3670 1953 3728 debo-

298 3767 587 3825 nestabat.
659 3764 768 3830 Qui
825 3780 959 3821 cum
1026 3762 1193 3820 initio
1270 3761 1332 3818 id
1389 3761 1637 3818 dedecus
1691 3759 1844 3818 scire
1899 3766 1956 3818 et

300 3856 675 3915 dissimulare
750 3855 824 3912 ab
883 3853 1163 3911 omnibus
1231 3854 1557 3924 putaretur,
1633 3855 1831 3907 tamen
1890 3867 1957 3908 ea

299 3947 556 4005 facinora
633 3961 698 4003 se
773 3944 1096 4015 ignorasse,
1176 3944 1380 4012 postea
1449 3954 1582 3997 cum
1666 3938 1958 4011 publicata

296 4040 513 4107 essent,
574 4031 908 4099 declaravit,
967 4033 1032 4087 ut
1087 4044 1194 4086 suo
1253 4036 1515 4099 tempore
1562 4028 1954 4086 narrabimus.

297 4128 442 4184 Cum
526 4125 702 4199 igitur
779 4119 1118 4193 imperatrix
1190 4117 1409 4176 limites
1498 4115 1820 4175 transiliret
1900 4120 1959 4174 et

298 4214 668 4289 superiorum
742 4213 1136 4285 Augustarum
1194 4208 1469 4266 instituta
1532 4210 1954 4275 contemneret,

298 4303 617 4378 imperium
665 4301 838 4374 plane
879 4300 943 4357 in
994 4299 1143 4356 duos
1174 4297 1538 4371 principatus
1570 4299 1663 4353 est
1688 4295 1953 4354 divisum.

298 4394 497 4464 Neque
553 4391 713 4449 enim
772 4390 1095 4462 imperator
1151 4389 1438 4444 duntaxat
1494 4385 1773 4460 quicquid
1834 4389 1959 4443 erat

299 4483 533 4542 libitum
567 4479 924 4537 mandabat:
952 4480 1052 4535 sed
1089 4476 1194 4534 illa
1223 4477 1397 4534 etiam
1432 4478 1557 4550 pari
1588 4476 1957 4547 auctoritate,

300 4590 430 4647 qua:
481 4571 602 4628 visa
659 4574 845 4632 erant,
900 4567 1233 4640 peragebat,
1301 4566 1421 4623 imo
1481 4566 1795 4638 aliquando
1853 4583 1956 4640 pro

303 4678 414 4720 sua
468 4659 716 4717 libidine
769 4656 928 4714 illius
991 4654 1173 4728 jussis
1212 4654 1641 4745 intercedebat.
1695 4657 1767 4712 Et
1824 4670 1956 4745 cum
1989 4679 2034 4745 Ι)

301 4750 568 4810 maximae
627 4746 943 4821 legationes
972 4744 1277 4804 audienda
1334 4749 1522 4813 erant,
1553 4745 1669 4802 duo
1699 4744 1953 4817 pretiosa

301 4843 452 4901 solia
499 4838 1026 4914 conjungebantur,
1079 4841 1136 4892 et
1191 4833 1293 4891 illa
1324 4834 1530 4892 marito
1560 4849 1693 4892 cum
1742 4848 1956 4907 magno

301 4933 612 5005 splendore
668 4944 736 4987 ac
777 4926 986 5002 pileolo
1038 4923 1287 4998 gemmis
1316 4927 1376 4981 et
1431 4922 1755 4997 perspicuis
1798 4939 1958 4980 mar-

299 5019 500 5093 garitis
527 5025 731 5076 ornato
768 5015 1091 5087 assidebat,
1118 5018 1180 5072 et
1210 5016 1449 5085 torques
1500 5012 1959 5086 pretiosissimas

302 5112 374 5169 de
431 5108 577 5166 collo
635 5104 1053 5180 suspendebat.
1110 5102 1442 5176 Aliquando
1489 5102 1666 5160 etiam
1724 5101 1784 5159 in
1827 5101 1960 5159 aliis

300 5198 534 5273 palatiis
575 5196 825 5268 sejunoti
883 5210 983 5267 per
1026 5193 1185 5252 vices
1242 5191 1652 5261 adorabantur,
1705 5191 1958 5250 subditis

302 5291 374 5347 ab
417 5289 767 5360 imperatore
820 5286 889 5340 ad
922 5284 1083 5342 illam
1114 5281 1476 5341 salutandam
1522 5282 1959 5344 transeuntibus

302 5384 361 5436 et
389 5394 575 5449 genua
630 5374 981 5432 submissius
1024 5372 1411 5431 ﬂectentibus.
1453 5372 1734 5430 Nonnulli
1785 5373 1957 5431 etiam

301 5464 668 5538 imperatoris
699 5461 1137 5533 consanguinei,
1162 5461 1265 5535 qui
1294 5477 1555 5520 summos
1597 5462 1960 5535 magistratus

2089 822 2195 858 σιν.
2266 802 2549 859 Ἀπάντων
2608 800 2657 858 δ’
2714 803 2983 878 οἰομένων
3044 805 3182 878 μετά
3237 808 3337 878 τὴν
3394 808 3747 888 ἀναγόρευσιν

2086 889 2279 947 αὐτίκα
2331 893 2424 947 καὶ
2462 895 2564 965 τὴν
2622 898 2732 950 τῶν
2780 893 3113 969 πραγμάτων
3168 895 3440 972 ἠρέμησιν
3491 898 3750 958 ὁπλιτεύ-

2086 1001 2214 1037 οντα
2280 989 2512 1063 φανῆναι
2579 982 2670 1039 καί
2725 983 3100 1060 θυραυλοῦντα
3174 987 3267 1042 τὸν
3328 988 3603 1064 Ἀλέξων,
3658 994 3748 1048 καὶ

2085 1069 2194 1147 οὐχ
2251 1072 2406 1134 ’ὁπως
2445 1070 2825 1144 ἀντιστήσεται
2892 1080 3013 1137 τοῖς
3081 1072 3134 1130 ἐν
3192 1079 3354 1153 χερσὶ
3413 1077 3751 1161 δυσχερέσιν,

2083 1160 2233 1217 ἀλλά
2262 1162 2352 1218 καὶ
2396 1165 2464 1220 τά
2512 1165 2777 1241 πρότερον
2836 1167 3207 1242 ἡμαρτημένα
3263 1171 3401 1246 πρὸς
3445 1160 3553 1229 τοῦθ
3598 1195 3752 1231 κασι-

2080 1254 2284 1328 γνήτου
2317 1256 2393 1327 μὴ
2426 1253 2487 1310 ἄν
2518 1275 2653 1311 ποτε
2681 1255 3009 1332 ἀνασχέσθαι
3058 1263 3408 1336 παροφθῆναί
3470 1264 3522 1318 οἱ
3569 1265 3748 1321 ὁπωσ-

2083 1346 2177 1431 οῦν
2212 1340 2545 1431 ἀδιόρθωτα,
2603 1344 2694 1400 καὶ
2759 1343 2978 1420 μάλισθ’
3037 1345 3139 1403 ὅσα
3198 1355 3379 1416 κακῶς
3436 1353 3544 1410 ὑπὸ
3601 1355 3743 1431 Βαρ-

2080 1428 2264 1506 ϐάρων
2292 1426 2489 1489 ἔπαθον
2522 1436 2597 1508 μὴ
2629 1435 2725 1491 τὸν
2759 1434 3150 1511 ἀνθιστάμενον
3201 1433 3404 1515 ἔχοντα
3456 1440 3598 1516 μηδὲ
3654 1426 3745 1500 {sv

2079 1519 2241 1593 ὅτεδὴ
2317 1522 2723 1597 παθηνάμενον,
2803 1526 2831 1580 ὁ
2907 1522 2966 1581 δὲ
3039 1528 3178 1601 πρὸς
3237 1528 3377 1586 ἅπαν
3427 1530 3742 1587 τούναντίον

2081 1613 2457 1688 μεθήρμοστο,
2488 1613 2581 1669 καὶ
2630 1614 2704 1677 ὡς
2750 1616 2814 1671 τὸ
2865 1614 3163 1691 ἀκρότατον
3210 1615 3318 1690 ἤδη
3365 1623 3475 1675 τῶν
3534 1620 3734 1698 ἐφετῶν

2078 1699 2326 1778 εἰληφὼς
2375 1703 2464 1758 καὶ
2518 1704 2656 1780 πρὸς
2688 1701 2921 1760 ὅπάλαι
2968 1706 3031 1761 τὸ
3084 1711 3185 1762 πᾶν
3239 1705 3475 1764 ἐπέτεινε
3525 1708 3733 1784 πρόθυ-

2078 1811 2183 1865 μον
2259 1790 2532 1868 ἐφθακὼς,
2607 1791 2832 1849 ἀνέπεσε
2907 1797 3349 1874 στεφηφορήσας,
3424 1796 3498 1860 ὡς
3588 1796 3739 1873 ε’ἰπερ

2078 1879 2178 1936 οὐκ
2216 1878 2532 1937 ἐπιστασίαν
2605 1879 2826 1957 ἔννομον
2906 1884 3213 1959 ἀνθρώπων
3291 1884 3424 1942 ἀλλ’
3491 1887 3737 1963 εὐποριαν

2076 1964 2285 2042 χλιδῆς
2325 1967 2418 2023 καὶ
2474 1967 2705 2033 ἀνέσεως
2745 1971 3004 2049 παροχήν
3071 1973 3174 2042 τήν
3241 1970 3525 2048 βασιλείαν
3583 1974 3738 2046 ᾤετο.

2074 2058 2287 2116 Οὐκοῦν
2351 2059 2441 2115 καὶ
2501 2060 2600 2129 τὴν
2658 2064 2769 2115 τῶν
2822 2063 3023 2115 κοινῶν
3086 2058 3363 2132 διοίκησιν
3441 2063 3741 2138 παρεικὼς,

2075 2147 2151 2212 ὠς
2180 2149 2245 2205 τὸ
2296 2145 2570 2219 πηδάλιον
2612 2148 2640 2203 ὁ
2671 2143 3017 2222 κυϐερνήτης
3073 2148 3133 2212 ὅς
3182 2150 3449 2222 ἀπείρηκε
3498 2153 3636 2225 πρὸς
3677 2150 3745 2206 τὰ

2070 2237 2307 2309 κύματα,
2367 2240 2732 2312 χρυσοφορῶν
2780 2236 2847 2304 ἧν
2898 2235 2990 2289 καὶ
3038 2236 3142 2305 τήν
3191 2236 3362 2306 ἀκοὴν
3413 2236 3554 2307 ὅλην
3608 2238 3738 2294 ἀνα-

2071 2325 2335 2388 πεταννὺς
2398 2323 2489 2379 καὶ
2550 2328 2724 2379 πᾶσαν
2794 2317 3023 2396 ἔντευξιν
3087 2324 3458 2402 χαριζόμενος
3513 2332 3631 2388 τοῖς
3681 2327 3742 2383 ἐκ

2067 2419 2169 2484 τῆς
2206 2410 2428 2489 μερίδος
2476 2418 2584 2469 τῶν
2645 2412 3103 2492 συνεφαψαμένων
3162 2414 3310 2488 αὐτῷ
3364 2422 3466 2486 τῆς
3534 2415 3743 2491 ἀρχῆς,

2066 2503 2159 2560 καὶ
2190 2501 2427 2581 ἀφειδῶς
2457 2503 2794 2582 ἀμφοτέραις
2849 2503 3119 2575 ἀπήντλει
3169 2504 3235 2559 τὰ
3284 2506 3554 2579 χρήματα
3602 2506 3739 2582 ἅπερ

2072 2592 2344 2664 συνέλεξεν
2395 2594 2688 2665 Ἰσαάκιος,
2745 2589 2875 2648 οὐτε
2932 2594 3035 2663 τὴν
3085 2590 3303 2669 ἐργώδη
3364 2593 3572 2649 τούτων
3629 2593 3743 2649 εἷ’σ-

2071 2682 2262 2741 ἔπειτα
2316 2683 2633 2758 συναγωγὴν
2681 2680 3055 2755 σκοπούμενος
3112 2674 3239 2737 οὐδὲ
3319 2684 3417 2752 τήν
3480 2679 3735 2752 διακενῆς

2071 2774 2376 2845 ἀπόκτησιν
2453 2767 2879 2847 εὐλαϐούμενος.
2955 2773 3053 2844 Τῷ
3126 2791 3213 2827 τοι
3289 2769 3738 2850 διαφορηθέντων

2068 2860 2230 2936 δίκην
2270 2864 2550 2939 ἀχυρμιᾶς
2593 2861 2685 2917 καὶ
2736 2863 2873 2918 κατὰ
2932 2861 3148 2935 θερινὴν
3205 2860 3353 2916 κόνιν
3409 2859 3736 2936 ἐσκεδασμέ-

2065 2975 2170 3009 νων
2247 2951 2467 3031 ταχέως
2542 2951 2680 3025 πρὸς
2755 2949 2922 3025 ἀργὰς
2998 2948 3259 3026 γαστέρας
3337 2950 3398 3014 ἃς
3475 2948 3590 3007 οὐδ’
3662 2951 3731 3021 ἦν

2066 3041 2451 3115 ἐπιστάμενος,
2529 3041 2557 3095 ὁ
2631 3046 2701 3115 τῇ
2777 3037 3090 3117 φιλοδωρίᾳ
3162 3041 3558 3116 προσκείμενος
3606 3042 3728 3119 εἰκῇ

2064 3130 2420 3207 αὐτοκράτωρ
2467 3129 2657 3186 ἑαυτὸν
2700 3137 2799 3200 τῆς
2857 3130 3095 3193 ἀσωτίας
3156 3131 3431 3211 ἐμέμφετο
3487 3132 3727 3208 ὕστερον,

2065 3220 2228 3291 ἡνίκα
2286 3218 2595 3296 χρημάτων
2640 3218 2909 3295 ἐχάτιζεν.
2959 3222 3059 3277 Ἧν
3122 3218 3179 3275 δὲ
3233 3221 3323 3276 καὶ
3353 3226 3388 3291 ἡ
3419 3226 3517 3276 τοῦ
3564 3223 3725 3298 βασι-

2067 3310 2208 3374 λέως
2238 3306 2400 3366 τοῦδε
2428 3307 2637 3372 ἄκοιτις
2661 3310 2723 3365 τὸ
2755 3307 2849 3383 μέν
2891 3307 3152 3384 φρόνημα
3196 3311 3288 3365 καὶ
3343 3309 3466 3367 λίαν
3507 3309 3726 3388 ἀνδρώ-

2063 3398 2163 3472 δης
2240 3401 2333 3457 καὶ
2406 3398 2658 3476 γλῶτταν
2734 3397 3018 3477 αὐτοφυῶς
3094 3399 3343 3475 αὐχοῦσα
3382 3403 3726 3481 σοφιστικὴν,

2061 3492 2252 3568 χάρισι
2310 3488 2705 3564 ὁιηνθισμένην
2763 3488 2855 3545 καὶ
2950 3488 3342 3565 περιθεομένην
3403 3489 3725 3566 γλυκύτητι,

2063 3583 2152 3656 [Ρ.
2192 3582 2320 3654 296]
2363 3581 2457 3636 καὶ
2517 3582 2827 3655 προγνῶναι
2882 3579 2945 3634 τὸ
3014 3577 3221 3653 μέλλον
3279 3579 3590 3654 ἱκανωτάτη
3633 3582 3721 3637 καὶ

2061 3672 2124 3727 τὸ
2182 3669 2409 3731 ἐνεστὼς
2467 3669 2699 3743 ἀρίστως
2768 3666 3069 3740 διοικήσειν
3141 3668 3499 3744 ἐπισταμένη,
3555 3671 3624 3727 τὰ
3678 3669 3726 3727 δ’

2062 3757 2210 3815 ἄλλα
2239 3758 2402 3814 κακὸν
2430 3755 2745 3834 διωλύγιον,
2801 3758 2864 3813 οὕ
2919 3779 3065 3834 φημι
3106 3759 3216 3826 Δτὰς
3264 3760 3589 3833 κομμώσεις
3635 3762 3727 3818 καὶ

2068 3846 2347 3925 βασιλείας
2390 3844 2853 3917 καθηδυπάθησιν.
2913 3846 3001 3902 καὶ
3058 3849 3122 3904 τὸ
3181 3848 3391 3923 ἰσχύειν
3445 3850 3578 3924 ὑπὲρ
3634 3852 3724 3906 τὸν

2064 3934 2362 4011 ὁμιυνέτην
2411 3935 2602 4011 εὐροίᾳ
2638 3935 2849 4015 φύσεως
2909 3943 3247 4012 μετενεγκεῖν
3305 3939 3372 3992 τὰ
3419 3941 3730 3995 καθεστῶτα

2064 4026 2154 4082 καὶ
2188 4026 2266 4099 μὴ
2299 4021 2428 4081 ὄντα
2477 4025 2776 4101 ἐπεξευρεῖν
2816 4028 3004 4097 (ταῦτα
3050 4026 3156 4102 γὰρ
3200 4023 3262 4082 οὐ
3312 4025 3403 4082 διὰ
3448 4027 3617 4103 λόγου
3657 4032 3726 4095 τῆ

2063 4115 2299 4192 ἱστορίᾳ,
2346 4114 2444 4171 κάν
2488 4116 2588 4171 εἶεν
2646 4115 2888 4193 γυναιξὶν
2945 4114 3053 4191 οὐχ
3103 4112 3365 4191 ἁρμόδια,
3424 4119 3510 4173 καὶ
3572 4120 3727 4193 βασι-

2065 4205 2282 4268 λίσσαις
2357 4207 2469 4280 (44)
2545 4201 2764 4275 οὶαισδὴ
2840 4204 3239 4281 προσεγένετο),
3312 4205 3440 4263 ἀλλ’
3515 4208 3600 4264 δτι
3661 4208 3726 4264 τὸ

2063 4294 2335 4371 κάλυμμα
2362 4298 2463 4361 τῆς
2492 4292 2682 4358 αἰδοῦς
2723 4294 3034 4368 ἀτιμάσασα
3085 4293 3364 4366 εἱλκύζετο
3417 4298 3508 4353 καὶ
3557 4296 3732 4355 διεσυ-

2066 4384 2279 4462 ρίττετο
2305 4386 2395 4441 καὶ
2439 4383 2516 4448 εἰς
2561 4380 2768 4448 ὄνειδος
2819 4385 2888 4454 ἦν
2947 4388 3027 4456 τῷ
3073 4385 3278 4457 ταύτην
3335 4386 3727 4463 ἁρμοσαμὲνῳ.

2063 4477 2126 4534 Ὀ
2173 4472 2230 4531 δὲ
2276 4475 2345 4530 τά
2392 4475 2488 4546 μὲν
2547 4477 2739 4550 πρῶτα
2793 4470 2990 4528 εἰδέναι
3051 4473 3118 4529 τά
3176 4475 3530 4551 ἀτοπούμενα
3585 4479 3730 4554 παρά

2064 4569 2226 4621 πᾶσιν
2285 4563 2548 4639 ἐκρίνετο,
2620 4567 2738 4626 τοῖς
2816 4560 2864 4618 δ’
2922 4564 3177 4640 ἀγνοοῦσι
3262 4568 3726 4641 σχηματίζεσθαι’

2065 4653 2117 4726 ἒξ
2175 4654 2248 4708 ὧν
2302 4650 2350 4708 δ’
2406 4651 2628 4727 ὕστερον
2688 4649 3069 4729 διεπεπράχει,
3138 4655 3228 4709 ὅτε
3286 4656 3357 4710 τά
3436 4657 3573 4714 κατά
3627 4660 3727 4728 τὴν

2063 4744 2313 4799 σύνοικον
2372 4741 2653 4820 γεγόνασιν
2709 4736 2970 4815 ἔκπυστα,
3047 4748 3233 4822 σαφῶς
3324 4743 3595 4819 ὑπέδειξεν
3656 4749 3731 4812 ὡς

2065 4830 2222 4889 οὐδὲν
2253 4835 2363 4888 τῶν
2394 4829 2774 4907 τολμωμένων
2805 4831 3099 4903 ἠπίστατο.
3159 4831 3412 4904 Δηλώσει
3461 4833 3520 4891 δὲ
3563 4842 3730 4895 ταῦτα

2062 4922 2125 4979 τὸ
2156 4921 2337 4999 λέγειν
2366 4922 2502 4978 κατά
2527 4921 2620 4978 τὸν
2660 4920 2861 4978 οἰκεῖον
2908 4923 3124 4996 καιρόν.
3173 4925 3282 4993 Τῆς
3334 4922 3515 4979 τοίνυν
3569 4928 3727 5000 βασι-

2066 5011 2223 5077 λίδος
2277 5012 2406 5077 τοὺς
2459 5010 2639 5087 ὅρουςο
2675 5006 3108 5087 ὑπερϐαινούσης
3158 5012 3250 5068 καὶ
3298 5013 3363 5069 τὰ
3419 5019 3537 5075 ταῖς
3591 5014 3716 5087 πρὶν

2067 5100 2404 5179 Αὐγούσταις
2479 5100 2773 5176 Ῥωμαίων
2839 5096 3002 5176 ἔθιμα
3097 5098 3412 5173 ἀδοξούσης,
3481 5101 3555 5162 εἰς
3618 5097 3714 5156 δύο

2067 5191 2314 5268 ἀτεχνῶς
2361 5189 2538 5268 ἀρχὰς
2567 5192 2603 5260 ἡ
2641 5188 2892 5267 βασιλεία
2944 5187 3205 5265 διῄρητο·
3256 5188 3318 5244 οὐ
3364 5187 3465 5266 γὰρ
3513 5191 3542 5245 ὁ
3583 5209 3717 5266 κρα-

2064 5285 2172 5338 τῶν
2227 5276 2392 5355 μόνον
2442 5280 2615 5335 ὁπόσα
2662 5279 2854 5355 ᾑρεῖτο
2902 5277 3264 5353 διεκελεύετο,
3315 5278 3463 5336 ἂλλά
3526 5300 3722 5336 ταυτο-

2068 5366 2326 5443 δυνάμως
2382 5369 2560 5443 τούτῳ
2607 5369 2831 5441 κάκείνη
2893 5371 2959 5425 τὰ
3014 5370 3150 5444 πρὸς
3201 5367 3412 5445 βουλῆς
3473 5367 3725 5444 διεπράτ-

2069 5480 2213 5530 τετο,
2261 5459 2315 5517 ἐν
2358 5457 2595 5524 πολλοῖς
2647 5456 2704 5515 δὲ
2749 5462 2838 5516 καὶ
2898 5457 3090 5517 ἀνέλυε
3156 5460 3293 5536 πρὸς
3347 5460 3410 5516 τὸ
3482 5463 3728 5535 θυμῆρες

1766 5566 1874 5627 ier.
1900 5564 2115 5627 Wolfli
2138 5570 2331 5627 notae.

368 5667 679 5749 (tl)_Alter
712 5664 829 5749 ιςΑ)
859 5665 931 5749 de
970 5661 1360 5749 impudicitia,
1392 5664 1563 5749 alter_
1594 5567 1959 5749 (β)

2070 5566 2115 5626 li
2138 5570 2331 5628 notae.

2070 5664 2202 5722 untia
2229 5670 2285 5722 et
2334 5663 2706 5725 immodestia
2760 5663 2821 5720 in
2851 5661 3208 5735 singultibus
3267 5672 3323 5721 et
3355 5665 3617 5723 ructibus
3644 5664 3734 5721 vi-

288 5731 466 5793 detur
481 5732 674 5810 loqui.
711 5731 855 5793 Nam
887 5731 1133 5794 barbara
1162 5734 1285 5794 haec
1308 5753 1427 5795 non
1458 5731 1611 5794 satis
1630 5731 1915 5809 intelligo.
