4102 6414
329 392 446 453 833
1241 382 1344 443 DE
1387 380 1677 444 ALEXIO
1724 378 2006 443 ISAACII

2119 380 2362 445 NGELI
2415 382 2542 446 ΡΒ.
2590 385 2736 447 LIB.
2785 383 2834 445 Ι.
3643 386 3765 447 834

342 527 484 600 αὐτῇ
547 515 955 598 μεταμείϐουσα
1012 517 1149 593 ἅπερ
1208 514 1459 573 ἐδέδοκτο
1511 519 1749 592 βασιλεῖ.
1821 512 2003 574 Ἀλλᾶ

2116 518 2417 592 gerebant,
2448 518 2841 593 imperatricis
2871 517 3215 591 splendidas
3245 521 3302 574 et
3348 517 3499 576 altas
3529 518 3764 577 lecticas

340 615 433 672 καὶ
490 607 777 690 πρεσϐείας
841 609 1101 686 μεγίστης
1159 607 1329 663 ἐθνῶν
1395 607 1709 681 μελλούσης
1784 603 2003 682 βασιλεῖ

2116 608 2376 668 humeris
2408 614 2692 683 tanquam
2724 610 3017 683 mancipia
3045 609 3347 667 subibant.

347 704 764 773 ἐποπτάνεσθαι,
821 702 1005 776 θρόνοι
1073 721 1337 778 συμφυως
1394 696 1720 759 πολυτελεῖς
1778 696 2150 771 παρετίθεντο,
2233 700 2323 754 καὶ
2411 699 2802 778 συνεδρεύουσα
2886 699 3228 776 προεκάθητο
3315 700 3586 776 λαμπρῶς
3685 699 3766 756 δι-

342 793 735 868 εσκευασμένη,
797 790 941 855 λίθις
990 811 1049 846 τε
1103 791 1195 845 καὶ
1258 788 1557 865 μαργάροις
1609 784 1886 862 διαφανέσι
1936 786 1998 841 τὸ
2054 789 2356 862 τυμπάνιον
2412 790 2707 847 ἂναδέουσα
2764 791 2854 848 καὶ
2939 796 3031 847 τὸν
3117 788 3403 868 τράχηλον
3478 792 3765 866 ὁρμίσκοις

343 884 676 958 πολυτίμοις
729 875 1196 954 διαλαμϐάνουσα.
1258 878 1465 936 Ἐνίοτε
1521 875 1579 933 δὲ
1633 877 1750 932 κατ’
1808 874 1983 937 ἄλλοις
2063 876 2374 951 βασιλείους
2448 880 2745 957 οἰκοδομάς
2830 879 3186 957 διιστάμενοι,
3262 882 3352 937 καὶ
3425 883 3526 937 δινᾶ
3604 881 3767 961 μέρος

351 976 652 1053 ἂμφότεροι
710 972 1160 1050 προφαινόμενοι,
1218 967 1294 1031 είς
1351 967 1538 1023 ἐαυτὸν
1594 964 1844 1041 ἐμέριζον
1902 965 1965 1019 τὸ
2026 965 2289 1036 ὑπήκοον·
2348 968 2384 1039 ἢ
2454 972 2544 1027 καὶ
2626 973 2862 1049 πρώτως
2923 971 3224 1046 ἂπονεῖμκν
3304 970 3522 1049 βασιλεῖ
3597 991 3769 1047 προσ-

346 1052 591 1136 κύνησιν,
651 1063 853 1127 ἆκεῖθεν
912 1060 1139 1135 ἂπαῖρον
1199 1058 1338 1133 πρὸς
1392 1059 1492 1128 τήν
1551 1052 1810 1133 βασιλίδα
1872 1052 2263 1129 μετεπορεύετο
2321 1057 2412 1112 καὶ
2481 1060 2776 1136 βαθυτέραν
2831 1060 2968 1136 αὐτῇ
3051 1066 3285 1137 παρεῖχε
3364 1065 3462 1116 τοῦ
3542 1061 3768 1138 γόνατος

346 1155 679 1230 σύγκαμψιν.
711 1152 788 1210 Οὐ
826 1152 1053 1228 βραχεῖς
1085 1146 1142 1204 δὲ
1187 1147 1279 1203 καὶ
1336 1151 1445 1203 τῶν
1502 1147 1623 1201 καθ’
1680 1145 1797 1219 ἃμα
1858 1143 2074 1219 βασιλεῖ
2128 1141 2484 1220 ἐγγιζόντων,
2536 1149 2626 1204 καὶ
2685 1151 2770 1213 οἷς
2827 1150 2893 1206 τὰ
2950 1150 3269 1231 ὑπερήφανα
3323 1153 3434 1206 τῶν
3493 1150 3765 1229 ὀφφικίων

342 1229 644 1315 ἂνέκειντο,
702 1240 832 1305 τοὺς
886 1238 1074 1313 ὤμους
1125 1238 1200 1300 ὡς
1241 1233 1494 1314 θρανίδας
1542 1229 1952 1294 ὑποϐάλλοντες
1998 1230 2236 1289 ἐπὶτῶν
2296 1231 2568 1314 λαμπρῶν
2616 1240 2706 1294 καὶ
2760 1240 3047 1317 μετεώρων
3102 1229 3292 1296 θώκων
3346 1241 3444 1310 τήν
3509 1238 3767 1316 βασιλίδα

346 1332 536 1414 ἃνέφερ
545 1353 622 1389 ον.

412 1429 595 1492 Ἀλλὰ
654 1427 808 1486 oti-er
865 1435 1033 1503 μῆνες
1088 1431 1237 1503 τρεῖς
1332 1422 1822 1500 παριππεύκεισαν,
1913 1419 2006 1476 καὶ

2189 1423 2342 1480 608
2374 1429 2593 1484 Verum
2627 1427 2911 1486 trimestri
2944 1430 3205 1486 nondum
3233 1430 3431 1504 elapso
3464 1431 3619 1488 fama
3650 1448 3769 1488 non

348 1523 510 1602 φήμη
544 1540 630 1582 τις
658 1518 901 1595 πρόεισιν
957 1513 1198 1589 ἀψευδὴς
1246 1513 1307 1570 ἐκ
1351 1513 1592 1602 Κιλίκων
1642 1512 1765 1568 τινὰ

2116 1511 2294 1602 ζουσι
2322 1516 2580 1586 atl‘ertur,
2613 1516 2849 1574 Cilicem
2885 1520 3201 1592 quemdam
3246 1524 3552 1593 assumpto
3587 1520 3768 1578 Alexii

355 1597 516 1685 μενον
549 1607 795 1678 Ἀλέξιον
845 1602 1111 1680 τοῦνομα,
1159 1609 1239 1678 τῷ
1288 1607 1387 1659 τού
1444 1601 1713 1678 βασιλέως
1760 1597 2005 1670 Ἀλεξίου

2116 1600 2214 1658 filii
2248 1602 2539 1663 Manuelis
2570 1606 2804 1663 nomine
2828 1607 2901 1663 ad
2930 1609 3169 1681 Ancyrae
3190 1608 3356 1665 urbis
3388 1614 3679 1682 satrapam
3704 1625 3769 1666 se

342 1699 572 1774 ὀνόματι
630 1695 1010 1772 έποχούμενον
1085 1694 1144 1750 ’ὸν
1205 1694 1233 1749 6
1291 1693 1550 1770 βασιλεὺς
1606 1689 1842 1767 ἒγείνατο
1882 1690 2002 1747 Μα-

344 1787 540 1860 νουὴλ,
578 1791 658 1860 τῷ
686 1788 784 1857 τῆς
815 1783 1034 1849 πόλεως
1062 1782 1336 1860 Ἀγκύρας
1385 1781 1777 1857 σατραπεύοντι
1830 1798 2002 1854 προσ-

2114 1691 2460 1765 contulisse,
2505 1695 2578 1752 ab
2635 1712 2821 1769 eoque
2879 1700 2944 1753 ut
2996 1713 3199 1754 verum
3254 1697 3540 1755 Manuelis
3572 1698 3764 1756 filium

2118 1788 2458 1857 susceptum
2490 1802 2642 1854 esse,
2687 1804 2803 1844 non
2854 1790 2921 1843 ut
2965 1788 3096 1861 ejus
3143 1787 3460 1861 postulatis
3488 1793 3772 1846 annueret

355 1853 549 1954 puﬁvat
579 1853 671 1932 καὶ
722 1853 809 1931 ὐπ’
856 1875 1024 1929 αὐτοῦ
1075 1853 1485 1949 πρόσδεχθῆναι
1535 1870 1610 1932 ὡς
1660 1870 1774 1925 υἱὸν
1826 1867 2006 1939 ἀληθῆ

2116 1872 2376 1943 (noverat
2404 1876 2561 1932 enim
2620 1880 2677 1934 et
2727 1878 2855 1949 ipse
2908 1879 3327 1951 imperatorem
3392 1878 3658 1936 Alexium
3695 1879 3767 1937 ab

347 1971 445 2023 τοῦ
502 1964 900 2040 αὐτοκράτορος
940 1961 1229 2035 Μανουὴλ,
1285 1962 1394 2041 οὐχ
1448 1961 1600 2023 ’ὁπως
1650 1958 2007 2034 περατώσειεν

364 2057 514 2129 αὐτῷ
543 2058 613 2111 τὰ
640 2056 757 2110 κατ’
796 2052 973 2132 ἔφεσιν
1028 2051 1171 2128 (ᾔδει
1219 2051 1325 2129 γὰρ
1373 2055 1621 2115 κακεῖνος
1671 2049 1746 2111 ὡς
1788 2050 1816 2103 6
1850 2049 2008 2123 βασι-

349 2144 475 2207 λεὺς
528 2144 773 2214 Ἀλεξιος
835 2140 928 2198 διὰ
984 2148 1297 2219 πνιγμονῆς
1357 2142 1445 2196 ὑπ’
1510 2137 1860 2215 Ἀνδρονίκου
1916 2137 2067 2195 τόν“”

345 2235 463 2309 βίον
492 2236 893 2310 κατέστρεψεν),
933 2231 1086 2299 ζάλλ¹
1131 2230 1205 2286 ’ίν’
1265 2232 1293 2286 6
1354 2230 1660 2308 βασιλεύων
1715 2228 2005 2301 Ῥωμαίων

351 2319 808 2377 συνδιαπλέκοιτο
847 2319 1131 2396 πράγμασι
1176 2323 1298 2380 τοῖς
1350 2321 1698 2380 στασιασταῖς
1744 2314 2006 2379 ἀντικαθ-

351 2411 656 2484 ιστάμενος,
722 2409 815 2464 καὶ
882 2408 1043 2471 αὐτὸς
1137 2407 1374 2471 ἐντεῦθεν
1441 2401 1844 2481 παρακερδαίνῃ
1930 2426 2008 2471 τι,

346 2500 657 2576 χρημάτων
698 2496 859 2553 ὢνιον
916 2498 1015 2566 την
1077 2496 1212 2571 μετὰ
1270 2496 1565 2570 Ῥωμαίων
1625 2492 1814 2570 φιλίαν
1873 2495 2010 2549 κτώ-

355 2609 539 2663 μενος.
573 2587 725 2643 Ἐπεὶ
769 2584 827 2642 δὲ
885 2586 959 2647 εἷς
1011 2579 1168 2659 ἔργον
1217 2589 1388 2641 ταῦτα
1439 2582 1506 2654 δὴ
1563 2588 1630 2639 τὰ
1686 2581 2010 2660 ἀγγέλματα

351 2672 659 2747 έκϐεϐήκει,
707 2674 796 2729 καὶ
858 2676 886 2728 6
947 2671 1302 2748 ψευδώνυμος
1362 2672 1518 2735 οὗτος
1587 2671 1834 2743 Ἀλέξιος
1889 2677 2008 2735 τοῖς

354 2770 584 2844 ὁμόροις
613 2770 683 2841 τῇ
715 2764 951 2841 Ἀγκύρᾳ
979 2766 1312 2839 Ῥωμαϊκοις
1361 2763 1698 2838 πολίσμασιν
1750 2763 2009 2842 ἐπεφύετο

353 2857 741 2933 ἒνισχυόμενος
802 2856 949 2931 παρὰ
1004 2859 1103 2911 τοῦ
1172 2851 1379 2930 Πέρσου
1431 2853 1523 2910 καὶ
1583 2855 2008 2929 κρατυνόμενος,

355 2946 640 3004 στέλλεταί
680 2967 762 3008 τις
812 2944 1070 3019 ἐκτομίας
1128 2943 1173 3017 ᾧ
1218 2943 1529 3016 τούπίκλην
1581 2941 2008 3015 Ἡονοπολίτης,

352 3040 475 3114 ἄρτι
509 3038 660 3111 [297]
692 3036 829 3111 πρὸς
867 3034 1138 3112 βασιλέως
1184 3035 1685 3111 παρακοιμώμενος
1732 3032 2008 3108 τιμηθείς.

357 3125 603 3200 Μηδὲντι
638 3124 695 3181 δὲ
722 3130 819 3180 τοῦ
851 3122 1079 3180 θλαδίου
1107 3126 1500 3201 κατορθοῦντος
1530 3124 1668 3199 πρὸς
1721 3124 1820 3194 τὴν
1874 3122 2006 3178 ὑπό-

2115 1964 2450 2021 Andronieo
2490 1966 2927 2039 strangulatum
2981 1970 3133 2039 esse)
3170 1968 3274 2025 sed
3332 1972 3398 2025 ut
3452 1969 3775 2043 imperator

2114 2051 2286 2110 bellis
2317 2054 2714 2124 distineretur,
2771 2056 2913 2112 dum
2973 2056 3271 2114 seditiosis
3330 2058 3650 2129 resisteret,
3710 2063 3769 2116 et

2109 2141 2240 2215 ipse
2270 2142 2493 2215 aliquid
2523 2144 2913 2202 emolumenti
2954 2145 3091 2201 inde
3121 2145 3467 2218 perciperet,
3508 2147 3771 2205 amicitia

2115 2248 2219 2287 sua
2250 2232 2534 2291 Romanis
2562 2235 2816 2292 vendita.
2871 2238 3191 2307 Postquam
3251 2240 3447 2293 autem
3511 2236 3772 2294 Pseuda.

2114 2319 2303 2380 lexius
2332 2322 2445 2380 iste
2474 2327 2785 2381 Persarum
2810 2324 3018 2395 opibus
3041 2324 3280 2396 adjutus
3309 2327 3549 2397 Ancyrae
3578 2325 3771 2383 vicina

2116 2414 2380 2470 Romana
2433 2413 2649 2487 oppida
2706 2414 3121 2486 populabatur,
3162 2414 3469 2472 eunuchus
3524 2415 3767 2487 quidam

2116 2507 2500 2575 cognomento
2533 2504 3092 2577 Eonopolita,nuper
3113 2505 3185 2561 ab
3217 2504 3571 2577 imperatore
3593 2520 3766 2562 accu-

2116 2591 2322 2649 bitoris
2373 2593 2660 2665 dignitate
2704 2598 2970 2662 ornatus,
3018 2595 3087 2650 ad
3134 2611 3270 2651 eum
3321 2594 3760 2667 reprimendum

2119 2680 2390 2738 mittitur.
2423 2681 2529 2749 Qui
2580 2698 2714 2739 cum
2747 2698 2867 2740 rem
2926 2682 3081 2739 male
3136 2687 3381 2756 gereret,
3447 2676 3769 2758 imperator

2115 2771 2232 2844 ipsi
2262 2772 2375 2827 sibi
2406 2771 2739 2828 exeundum
2768 2788 2898 2830 esse
2938 2771 3190 2841 censuit,
3242 2772 3564 2846 eademque
3593 2790 3769 2847 opera

2118 2860 2190 2916 de
2221 2859 2431 2916 {cedere
2462 2860 2687 2918 Persico
2717 2862 3028 2932 agendum,
3077 2860 3235 2918 baud
3284 2861 3525 2933 ignarus
3576 2862 3772 2934 impo-

2115 2952 2334 3006 storem
2365 2948 2530 3005 illum
2562 2965 2631 3005 ea
2676 2949 2905 3007 ratione
2932 2949 3212 3006 facillime
3262 2950 3543 3007 debellari
3576 2967 3766 3023 posse.

2114 3037 2333 3096 Verum
2356 3043 2532 3096 Persa
2545 3039 2850 3096 occasione
2866 3056 3012 3096 usus
3030 3040 3494 3113 pacificationem
3519 3057 3581 3098 se
3604 3041 3768 3099 nulla

2118 3127 2234 3186 alia
2262 3128 2490 3186 ratione
2522 3129 2925 3188 admissurum
2986 3128 3321 3199 afﬁrmavit,
3376 3127 3491 3187 nisi
3541 3131 3771 3203 argenti

357 3220 497 3274 θεσιν
528 3213 658 3285 δεῖν,
697 3214 751 3270 ἐν
789 3218 869 3287 τῷ
925 3214 1077 3290 μέρει
1131 3211 1190 3270 δὲ
1235 3215 1327 3269 καὶ
1374 3218 1484 3270 τῶν
1536 3215 1673 3288 μετὰ
1712 3217 1810 3269 τοῦ
1868 3214 2004 3290 Πέρ-

2127 3218 2343 3291 signati
2373 3218 2694 3274 centenarii
2733 3218 2995 3290 quinque
3054 3220 3113 3274 in
3173 3218 3379 3292 primis
3408 3224 3465 3276 et
3492 3220 3774 3293 deinceps

359 3329 455 3365 σου
497 3304 745 3363 σπονδῶν
778 3305 1202 3382 ἐπιμεληθῆναι,
1246 3302 1405 3368 εῗδὼς
1455 3305 1530 3368 ὡς
1579 3304 1722 3361 οὕτω
1774 3301 2013 3379 μάλιστα

361 3393 562 3470 ῥᾳδίως
607 3395 1034 3470 καταγωνίσεται
1075 3394 1166 3451 τὸν
1225 3392 1455 3468 ὀνόματι
1506 3391 1692 3469 ἐτέρου
1744 3391 1835 3449 καὶ
1880 3390 2014 3449 τού-

353 3513 452 3549 του
479 3490 650 3548 πάλαι
706 3496 1022 3563 τεθνεῶτος,
1073 3489 1451 3567 ἐπερχόμενον
1499 3490 1646 3563 αὐτῷ
1691 3488 2008 3548 ἀντίπαλον.

356 3582 518 3654 Πλὴν
555 3582 582 3637 ὁ
614 3581 823 3659 Πέρσης
881 3586 962 3655 τῷ
989 3585 1165 3656 καιρῷ
1192 3581 1623 3659 καταχρώμενος
1677 3578 1776 3637 οὐκ
1820 3578 2010 3644 ἄλλως

352 3673 455 3742 τήν
488 3671 711 3747 εἷ’ριςνην
745 3670 990 3748 ἐδέχετο,
1022 3670 1069 3727 εί
1105 3672 1181 3744 μή
1215 3669 1404 3727 αὐτίκα
1449 3667 1756 3746 δωρήσετάί
1803 3671 1854 3726 οἳ
1909 3672 2012 3746 βα-

354 3760 538 3825 σιλεὺς
592 3761 853 3840 ἀργυρίου
911 3761 1234 3837 κεντηνάρια
1306 3761 1466 3817 πέντε
1537 3759 1849 3835 κεκομμένα
1932 3759 2012 3824 εἷς

354 3854 624 3927 νόμισμα,
657 3851 889 3924 ἐτησίως
923 3849 970 3907 δ’
1020 3847 1207 3908 ἔκτοτε
1255 3850 1429 3926 τρισὶν
1495 3849 1555 3906 ἐκ
1598 3849 1806 3906 τούτων
1856 3849 2013 3929 φιλο-

348 3950 593 4018 τιμεῖται
633 3943 721 4000 καὶ
780 3948 1045 4019 Σηρικοῖς
1100 3943 1498 4020 τεσσαράκοντα
1551 3942 1812 4017 νήμασιν,
1872 3941 2010 4018 ἆπερ

357 4033 420 4088 ἐκ
448 4029 645 4105 Θηϐῶν
679 4030 1006 4090 ἱπταπύλων
1064 4033 1283 4109 βασιλεῖ
1328 4033 1729 4108 κεχορήγηται.
1783 4033 2009 4112 Ἀφικόο

359 4143 515 4198 μενος
575 4124 668 4179 οὖν
725 4125 862 4178 κατᾶ
914 4123 978 4178 τὸ
1055 4120 1306 4195 πόλισμα
1368 4122 1436 4176 τὰ
1492 4118 1813 4198 Μελάγγεια
1868 4124 2009 4198 πρὸς

350 4216 459 4267 τῶν
532 4211 705 4267 ἐκεῖσε
805 4208 1063 4285 βασιλεὺς
1164 4211 1517 4284 αὐτοκράτωρ
1604 4209 2007 4286 ἀναγορεύεται,

351 4299 503 4369 πλὴν
545 4300 673 4376 οὐχὶ
720 4298 810 4353 καὶ
867 4297 1117 4374 γενναίαν
1178 4299 1276 4367 τήν
1332 4298 1468 4352 κατὰ
1533 4302 1632 4354 τοῦ
1688 4298 2008 4356 ἀντιπάτου

350 4386 598 4458 Ἀλεξίου
650 4387 898 4462 σύναρσιν
958 4385 1220 4463 εὕρισκεν,
1276 4386 1404 4442 ἀλλ’
1472 4386 1546 4450 ὡς
1606 4385 1826 4461 βασιλεῖ
1869 4389 2012 4444 Ῥω-

350 4476 523 4551 μαίων
588 4478 738 4551 αὐτῷ
802 4476 1237 4556 προσανέχοντες
1297 4473 1423 4532 οὐδὲ
1478 4477 1573 4532 τὸν
1636 4474 2007 4552 Ψευδαλέξιον

2122 3309 2275 3364 009
2309 3307 2626 3380 quotannis
2657 3307 2831 3380 terni,
2863 3312 2922 3365 et
2970 3309 3356 3383 quadragenas
3404 3313 3593 3368 vestes
3623 3310 3772 3367 seri-

2122 3414 2226 3467 cae,
2257 3415 2386 3470 quas
2434 3396 2653 3454 Thebis
2704 3397 2974 3455 Boeoticis
3023 3398 3363 3470 imperatori
3412 3401 3587 3474 pendi
3619 3400 3770 3457 sole-

2121 3492 2272 3559 rent,
2305 3487 2420 3545 sibi
2459 3487 2848 3544 donarentur.
2902 3486 3011 3546 Ubi
3043 3488 3115 3545 ad
3164 3488 3456 3563 Melangia
3482 3490 3767 3564 oppidum

2121 3579 2405 3651 pervenit,
2453 3576 2528 3633 ab
2574 3576 2734 3633 illius
2787 3577 2900 3635 loci
2957 3576 3167 3634 incolis
3210 3577 3529 3652 imperator
3573 3584 3769 3654 Augu-

2120 3671 2250 3724 stus
2281 3666 2593 3734 salutatur,
2646 3667 2748 3724 sed
2795 3683 3001 3739 parum
3054 3666 3325 3724 alacriter
3371 3677 3570 3727 contra
3611 3670 3766 3727 sedi-

2120 3757 2340 3814 tiosum
2371 3757 2721 3829 adjuvatur;
2754 3756 3024 3830 quamvis
3053 3757 3210 3814 enim
3243 3774 3377 3815 eum
3410 3775 3515 3832 pro
3548 3759 3766 3816 Roma-

2122 3863 2331 3905 norum
2361 3846 2714 3919 imperatore
2772 3844 3051 3916 colerent,
3105 3849 3301 3904 tamen
3357 3863 3465 3905 nec
3512 3849 3769 3906 Pseuda-

2119 3936 2338 3995 lexium
2369 3936 2542 4010 plane
2588 3937 3078 4007 contemnebant;
3139 3940 3197 3993 et
3253 3937 3393 3993 dum
3451 3942 3772 4012 utrumque

2121 4026 2342 4097 colunt,
2397 4025 2644 4083 minime
2695 4043 2813 4099 prae
2863 4042 2925 4083 se
2984 4027 3183 4083 ferunt
3230 4026 3345 4083 utri
3376 4043 3618 4100 prorsus
3647 4030 3770 4085 sint

2121 4116 2359 4174 addicti.
2392 4114 2557 4172 Unde
2577 4115 2767 4187 quivis
2797 4115 3087 4188 conjicere
3135 4119 3365 4189 poterat
3411 4132 3509 4174 eos
3539 4116 3768 4175 duabus

2121 4206 2324 4262 sedere
2352 4204 2535 4273 sellis,
2568 4208 2628 4260 et
2656 4205 2715 4260 in
2746 4204 3059 4277 praesentia
3089 4205 3256 4262 neuri
3310 4221 3482 4278 opem
3514 4205 3762 4276 laturos,

2121 4295 2221 4350 sed
2273 4309 2376 4365 per
2407 4293 2773 4350 occasionem
2800 4292 2861 4349 in
2920 4300 3111 4366 partes
3168 4293 3405 4351 victoris
3454 4312 3766 4355 concessu-

2120 4399 2238 4439 ros.
2299 4385 2437 4445 Imo,
2476 4383 2654 4439 etiam
2716 4382 2946 4455 quoties
3022 4383 3428 4457 imperatorem
3507 4386 3770 4458 adibant,

2119 4470 2381 4528 Alexium
2410 4469 2685 4529 extollere
2715 4488 2833 4528 non
2874 4471 3253 4544 desistebant,
3306 4475 3559 4532 subinde
3586 4476 3773 4533 inter-

346 4569 549 4623 ἐκεῖνον
582 4566 992 4648 φιλοφροσύνης
1043 4566 1169 4623 ε’ἰων
1218 4567 1394 4640 ἐκτὸς,
1445 4567 1626 4640 τούτῳ
1674 4588 1735 4622 τε
1775 4567 2006 4642 κάκείνῳ

2116 4563 2387 4635 jicientes
2416 4561 2528 4634 ipsi
2557 4560 2739 4618 etiam
2791 4560 3076 4620 miraculo
3125 4578 3259 4619 eum
3295 4564 3437 4632 fore,
3470 4563 3520 4621 si
3552 4565 3772 4622 videret

347 4658 414 4714 τὰ
492 4656 787 4734 βλέμματα
859 4655 1221 4737 χαριζόμενοι
1296 4657 1432 4730 πρὸς
1507 4656 1797 4731 ἑκατέρους
1882 4663 2002 4723 ταῖς

346 4750 594 4825 γνώμαις
615 4744 867 4824 ἔῤῥεπον,
902 4744 1176 4821 μηδαμῶς
1205 4744 1561 4825 ἐμφαίνοντες
1607 4747 1718 4821 ὅτῳ
1769 4745 2007 4824 προσρέ-

345 4859 542 4895 πουσιν
592 4838 851 4915 ἆτεχνῶς³
905 4836 1020 4893 ὅθεν
1084 4836 1244 4891 παντὶ
1304 4841 1383 4910 τῷ
1441 4833 1766 4911 βουλομένῳ
1814 4843 2006 4913 παρεῖ-

349 4949 452 5006 χον
496 4933 779 4988 κατανοεῖν
836 4927 911 4991 ὡς
970 4925 1311 5004 ἀμφίρῥοποι
1371 4922 1519 4989 ὄντες
1579 4923 1851 5001 οὐδετέρῳ
1913 4928 2006 5002 μὲν

348 5018 408 5075 ἐκ
464 5023 560 5075 τοῦ
619 5018 810 5075 αὐτίκα
864 5016 1305 5092 προσκείσονται,
1358 5014 1496 5071 κατὰ
1552 5013 1609 5070 δὲ
1680 5017 1871 5093 καιρὸν
1925 5021 2007 5090 τῷ

347 5113 567 5166 νικῶντι
599 5111 1024 5186 προσθήσονται.
1059 5102 1238 5163 Ἀλλᾶ
1265 5104 1360 5160 κάν
1407 5109 1528 5167 ταῖς
1576 5103 1717 5180 πρὸς
1776 5104 2006 5182 βασιλέα

343 5197 638 5269 ἐντεύξεσιν
745 5196 1121 5269 ὑπεξαίροντες
1210 5194 1303 5250 τὸν
1400 5192 1645 5267 Ἀλέξιον
1744 5191 2003 5269 οὐδαμῶς

347 5281 567 5361 ἔληγον.
599 5287 882 5353 Πολλάκις
909 5290 1038 5362 γοῦν
1073 5280 1262 5362 ἔλεγον
1316 5284 1391 5346 ὡς
1441 5308 1470 5337 ‹‹
1514 5283 1616 5339 Καὶ
1662 5283 1727 5339 σὺ
1770 5282 2002 5362 ἀγᾶσαιο

344 5370 405 5428 ἄν
433 5375 522 5430 τὸν
579 5375 771 5452 ἄνδρα,
819 5377 864 5434 εἰ
927 5375 1167 5445 θεάσαιο,
1238 5371 1473 5430 δέσποτα
1533 5373 1782 5449 βασιλεῦ.
1838 5373 2002 5433 Οὕτω

343 5468 576 5538 πυρσαῖς
605 5464 697 5519 καὶ
728 5465 958 5522 ἐκτενέσι
1016 5459 1214 5540 κόμαις
1270 5461 1574 5541 ἠγλάϊσται
1633 5463 1709 5524 ὡς
1763 5461 1809 5519 εί
1857 5483 2001 5540 χρυ-

342 5552 464 5608 σίου
536 5551 673 5622 ἦσαν
748 5553 1187 5633 ἀπορῥινήματα.
1265 5549 1455 5615 Οὕτως
1537 5549 1683 5608 ἐστὶν
1783 5550 1998 5627 εὐῆλιξ,

342 5641 521 5705 οὕτως
580 5641 816 5713 ἱππότης
869 5641 1201 5720 ἆκράδαντος
1259 5642 1335 5705 ὡς
1394 5640 1545 5718 εἴπερ
1593 5645 1663 5718 τῇ
1722 5639 1995 5722 ἐφεστρίδι

338 5732 770 5810 ἐμπεπερόνητο.
804 5754 831 5787 n
858 5733 1001 5806 Πρὸς
1053 5730 1110 5787 Si
1156 5735 1326 5789 ταῦτα
1362 5735 1462 5788 τοῦ
1509 5729 1782 5807 βασιλέως
1837 5732 1997 5789 ἔνθυ-

2115 4658 2179 4710 ut
2207 4652 2336 4708 rul‘o
2399 4655 2459 4707 et
2513 4650 2807 4723 promisso
2864 4650 3076 4723 capillo
3116 4656 3273 4708 esset
3324 4656 3591 4724 ornatus,
3652 4671 3769 4710 non

2120 4758 2289 4799 secus
2321 4757 2388 4798 ac
2419 4740 2470 4796 si
2502 4739 2629 4797 auri
2662 4739 2908 4797 bractcae
2938 4744 3158 4807 essent,
3191 4745 3255 4798 ut
3284 4749 3437 4799 esset
3466 4759 3766 4814 procerus,

2119 4836 2183 4887 ut
2213 4831 2490 4888 robustus
2521 4844 2722 4901 eques,
2749 4829 2921 4901 quasi
2970 4829 3172 4886 ﬁbulis
3220 4829 3377 4886 sella:
3405 4831 3638 4890 alﬁxus.
3670 4833 3766 4888 Ad

2115 4937 2241 4994 quae
2272 4936 2407 4977 cum
2431 4918 2746 4992 imperator
2768 4917 3086 4990 aliquando
3113 4920 3514 4992 respondisset
3535 4920 3770 4979 Manus-

2117 5010 2191 5067 lis
2222 5009 2412 5065 filium
2446 5008 2518 5064 ab
2550 5007 2888 5065 Andronico
2909 5009 3038 5080 jam
3087 5007 3227 5065 olim
3278 5009 3600 5080 sublatum,
3634 5028 3771 5069 eum

2113 5117 2248 5158 vero
2278 5101 2382 5171 qui
2422 5113 2581 5154 nunc
2606 5095 2768 5153 illius
2808 5111 3024 5155 nomen
3056 5103 3307 5171 usurpet
3345 5115 3614 5159 erronem
3641 5117 3773 5158 esse

2114 5195 2172 5248 et
2203 5207 2237 5246 α
2265 5186 2586 5246 Comnenia
2638 5185 2866 5243 familia
2911 5186 3187 5257 alienum,
3222 5192 3280 5245 et
3311 5193 3376 5246 ut
3420 5189 3519 5249 ille
3551 5190 3771 5249 viveret

2111 5285 2286 5352 atque
2314 5277 2366 5335 is
2397 5276 2552 5333 010
2583 5274 2711 5348 ipse
2738 5279 2890 5332 esset
2919 5275 3020 5349 qui
3069 5292 3234 5334 arma
3276 5278 3538 5352 inferret,
3580 5296 3642 5337 se
3672 5284 3768 5339 ta-

2113 5386 2248 5427 men
2275 5365 2510 5425 meliore
2533 5364 2670 5437 jure
2721 5365 3032 5437 imperare,
3091 5366 3194 5438 qui
3247 5384 3405 5426 nuno
3462 5374 3764 5443 sceptrum

2113 5465 2327 5525 teneat,
2357 5455 2445 5512 illi
2474 5455 2602 5528 ejus
2632 5453 2892 5512 oratione
2920 5454 3293 5529 interpellata
3322 5465 3378 5515 et
3405 5474 3474 5516 ex
3504 5463 3765 5533 tempore

2110 5551 2366 5609 refutata
2395 5545 2829 5620 responderunt
2862 5562 2876 5603 :
2918 5567 2949 5600 κ
2999 5546 3178 5606 Vides
3227 5565 3387 5623 ergo,
3418 5550 3760 5624 imperator,

2110 5650 2163 5698 te
2194 5654 2429 5714 quoque
2458 5636 2531 5694 de
2559 5634 2660 5692 illo
2692 5633 2986 5707 dubitare,
3017 5642 3076 5694 et
3123 5643 3372 5697 mortem
3404 5641 3534 5712 ejus
3567 5642 3763 5700 incer-

2108 5739 2228 5791 tam
2259 5725 2640 5788 existimem?
2670 5741 2848 5800 quare
2880 5727 2998 5786 noli
3024 5744 3371 5790 succensere
3402 5729 3477 5790 iis
3507 5731 3611 5803 qui
3628 5731 3764 5789 ado-
