4102 6408
331 344 452 405 835

1644 339 1768 404 NIC
1777 339 1950 402 ETE
1993 337 2423 404 ΟΗΟΝῙΑΤιΕ

3638 348 3770 411 836

332 474 606 533 lescentis
621 475 1093 546 miserentur,cui
1108 491 1352 548 regnum
1369 475 1700 549 preavitum
1714 473 1975 540 debeturI

2095 470 2446 548 πενεγκόντος
2489 471 2626 529 ποτὶ
2665 471 2742 537 ὡς
2792 473 2822 530 6
2872 477 2974 530 τοῦ
3019 473 3426 550 αὐτοκράτορος
3473 477 3591 542 υἱὸς
3651 483 3772 538 Μα-

334 580 450 638 quo
483 569 677 621 tamen
710 581 826 622 una
855 580 988 622 cum
1024 565 1210 638 patria
1238 582 1342 638 per
1373 565 1652 637 injuriam
1683 566 1773 620 est
1794 561 1987 636 priva-

335 658 456 712 tus.
494 677 521 704 »
554 655 756 728 Itaque
801 655 1006 711 videns
1056 655 1372 726 imperator
1414 671 1477 710 se
1523 653 1668 710 nihil
1703 669 1810 709 sua
1841 667 1989 723 pras-

335 744 527 800 sentia
557 745 856 816 prolicere,
898 743 1162 798 castellis
1217 741 1540 814 praeteritis,
1588 757 1842 815 quorum
1873 738 1990 796 alia

344 833 416 890 ab
467 832 664 888 Alexio
705 833 946 889 dimovit
997 831 1111 888 alia
1157 830 1419 888 incendit
1467 836 1530 888 ut
1577 831 1855 888 seditioso
1887 829 1988 886 ad-

338 924 513 988 dicta,
547 923 607 978 in
641 922 844 977 urbem
877 922 1068 988 rediit,
1102 920 1468 992 expeditione
1497 920 1731 978 duobus
1763 918 1988 976 mensi-

337 1013 449 1069 bus
473 1012 870 1080 terminata,et
889 1010 1102 1066 Ciliciae
1119 1010 1290 1066 rebus
1309 1009 1564 1067 Metnueli
1587 1010 1988 1066 Cantacuzeno

340 1100 772 1158 mandatis.Sed
807 1115 942 1156 cum
978 1103 1116 1155 neis
1145 1099 1385 1171 quidem
1417 1105 1617 1173 aperte
1648 1099 1729 1155 illi
1765 1097 1986 1156 bellum

336 1191 597 1256 inferret,
629 1187 900 1260 quamvis
932 1187 1122 1245 Persas
1153 1187 1388 1244 auxiliis
1419 1188 1668 1245 subinde
1699 1187 1984 1245 crescenti

331 1284 389 1338 et
418 1297 452 1334 a
483 1277 734 1335 castellis
764 1279 1002 1350 Ancyrae
1038 1277 1308 1335 ﬁnitimis
1347 1278 1624 1335 omnibus
1653 1285 1750 1335 aut
1780 1279 1986 1334 saltem

334 1369 606 1442 pluribus
637 1367 864 1424 tributa
913 1367 1186 1438 exigenti,
1235 1367 1535 1424 diuturnis
1584 1367 1781 1440 utique
1812 1367 1987 1423 malis

332 1458 628 1516 Romanos
656 1457 973 1514 alfecturus
1005 1457 1102 1512 ille
1160 1456 1292 1525 fuit,
1349 1456 1463 1514 nisi
1529 1456 1644 1514 Deo
1702 1473 1850 1512 nova
1893 1455 1987 1512 hic

333 1565 567 1622 quoque
596 1547 822 1604 ratione
852 1549 1036 1604 nostri
1079 1547 1344 1614 miserto,
1377 1549 1434 1604 in
1484 1546 1724 1606 castello
1753 1548 1986 1620 Zungra

329 1644 508 1696 noctu
535 1636 848 1710 jugulatus
880 1655 912 1693 a
945 1639 1200 1710 quodam
1231 1636 1460 1694 fuisset.
1495 1637 1590 1693 Sic
1625 1636 1984 1710 fulgurisin-

286 1776 301 1789 .
334 1736 460 1786 star
491 1729 691 1786 subito
747 1733 806 1785 et
862 1729 1106 1785 emicuit
1160 1732 1216 1784 et
1274 1729 1532 1797 evanuit,
1579 1732 1683 1784 aut
1715 1734 1779 1784 ut
1805 1728 1986 1786 ﬂatus

333 1819 652 1876 vehemens
695 1837 764 1876 ex
811 1826 978 1876 antro
1035 1819 1272 1893 Corycio
1302 1835 1641 1892 erumpens,
1676 1819 1777 1891 qui
1810 1818 1982 1892 paulo

331 1914 464 1981 post
498 1909 554 1964 in
588 1914 815 1982 partem
867 1907 1116 1966 Romani
1164 1908 1392 1982 imperii
1427 1910 1839 1965 conturbatam
1871 1925 1980 1965 sas-

330 1999 452 2055 vire
484 1999 674 2056 desiit.

324 2083 405 2160 τῷ
461 2086 696 2162 ἂντάρτῃ
758 2087 1152 2164 προσρέποντα,
1205 2084 1472 2142 ἐπανόδου
1531 2085 1829 2162 ἐμνήσατο,
1889 2083 1985 2142 δυσ

2005 1921 2068 2146 5

2095 559 2270 629 νουήλ
2298 558 2470 617 πάλαι
2519 557 2730 618 ἆπεϐίω
2777 563 2990 637 θανάτῳ
3022 565 3068 636 ᾧ
3101 561 3168 634 δὴ
3220 565 3356 640 πρὸς
3406 562 3768 642 Ἀνδρονίκου

2095 649 2540 722 καταδεδίκαστο,
2576 653 2604 708 6
2637 651 2695 709 δὲ
2753 657 2844 709 νῦν
2895 655 3139 729 προσιὼν
3189 655 3346 716 οὗτος
3397 653 3600 720 πλάνος
3649 659 3766 715 ἐστὶ

2093 741 2184 796 καὶ
2216 745 2312 797 τοῦ
2341 747 2451 798 τῶν
2484 749 2781 816 Κομνηνῶν
2808 744 3002 819 γένους
3043 741 3365 820 αλλὸτριος,
3419 744 3463 800 εἰ
3520 743 3567 800 δ’
3617 745 3764 804 έκεῖ-

2093 851 2182 885 νον
2216 828 2340 903 δοίη
2371 853 2453 895 τις
2487 833 2579 904 ζῇν
2607 834 2695 888 καὶ
2757 835 2952 888 τοῦτον
3004 834 3142 889 εἶναι
3190 835 3282 890 τὸν
3334 834 3582 908 ἐπιόντα,
3631 837 3764 894 ἀλλ’

2095 919 2257 984 αὐτὸς
2315 923 2506 997 ἄρχειν
2567 921 2839 993 δήπουθέν
2899 920 3238 998 δικαιότερος
3286 927 3314 980 6
3365 925 3454 980 καὶ
3503 928 3571 982 τα
3615 927 3760 986 Ῥω-

2103 1011 2281 1084 μαίων
2313 1014 2565 1086 σκῆπτρα
2607 1011 2867 1088 χειρίζων
2915 1013 3049 1084 νυνὶ,
3099 1009 3432 1070 ἐπελάϐοντο
3493 1021 3603 1072 τῶν
3657 1016 3764 1073 λό-

2095 1120 2210 1173 γων
2243 1101 2298 1154 o't
2331 1100 2699 1176 ἀκροώμενοι,
2731 1101 2824 1156 καὶ
2873 1101 2966 1158 ἀπ’
3016 1103 3193 1158 αὐτῶν
3244 1105 3610 1180 πορισάμενοι
3657 1109 3762 1177 τήν

2095 1187 2356 1244 ἀντίθεσιν
2384 1214 2411 1244 ι(
2447 1194 2582 1266 Δρᾷς
2614 1214 2642 1243 ››
2692 1187 2901 1266 ἔλεγον,
2953 1189 3274 1267 «βασιλεῦ,
3325 1194 3402 1257 ὡς
3453 1193 3538 1270 ἂρ’
3589 1197 3754 1275 ἀμφι-

2094 1284 2276 1353 γνοεῖς
2308 1278 2493 1335 καὶσὺ
2536 1279 2661 1356 περὶ
2719 1285 2816 1336 τοῦ
2875 1278 3093 1350 παιδὸς,
3139 1285 3230 1337 καί
3273 1284 3369 1338 τὸν
3420 1281 3626 1340 ἐκείνου
3669 1287 3743 1349 0i-

2095 1389 2252 1424 νατον
2297 1369 2641 1446 ἀμφήριστον
2694 1369 2944 1447 ἥγησαις
2995 1373 3088 1440 Mf)
3142 1373 3234 1427 οὗι
3289 1370 3594 1448 χαλέπαινε
3639 1378 3750 1436 τοῖς

2093 1459 2186 1514 τὸν
2226 1459 2437 1514 νεανίαν
2467 1457 2829 1536 οἷκτείρουσιν
2864 1459 2924 1516 ἐκ
2971 1461 3068 1534 μὲν
3119 1463 3402 1538 τριγονίας
3450 1465 3550 1534 τὴν
3603 1465 3756 1539 βασι-

2095 1546 2246 1604 λείαν
2277 1547 2330 1610 ἐς
2363 1547 2520 1603 αὐτὸν
2556 1543 2980 1605 καταϐαίνουσαν
3006 1549 3228 1626 ἔχοντα,
3260 1551 3438 1628 ἀρχῆς
3497 1550 3544 1606 δ’
3603 1551 3745 1624 ὁμοῦ

2092 1637 2185 1692 καὶ
2240 1634 2503 1709 πατρίδος
2561 1637 2708 1713 παρὰ
2765 1635 2924 1710 δίκην
2981 1637 3449 1714 ἆποπλαζὸμενον.
3491 1663 3520 1692 »
3587 1637 3737 1694 Ἰδὼν

2092 1726 2266 1781 τοίνυν
2301 1727 2329 1781 6
2383 1725 2638 1801 βασιλεὺς
2693 1729 2768 1791 ὡς
2819 1725 2976 1784 οὐδὲν
3028 1725 3253 1808 ὠφελεῖ,
3302 1729 3390 1785 καὶ
3434 1731 3530 1799 τὴν
3580 1729 3742 1790 αὐτὸς

2095 1817 2260 1873 αὐτοῦ
2325 1817 2621 1889 παρουσίαν
2690 1817 2774 1874 ἐπ’
2852 1816 3032 1875 οὐδενὶ
3123 1817 3404 1895 κερδαλέῳ
3477 1823 3748 1876 κατανοῶν

2091 1906 2354 1984 γίνεσθαι,
2409 1909 2472 1962 τὰ
2512 1908 2747 1987 φρούρια
2804 1908 3114 1985 παρελθὼν,
3175 1912 3266 1966 καὶ
3315 1911 3348 1966 ἃ
3402 1913 3498 1986 μὶν
3543 1909 3750 1966 τούτων

2094 1998 2404 2068 ἀποστήσας
2447 2002 2542 2053 σοῦ
2599 1999 2852 2072 Αλεξίου,
2912 2002 2946 2055 ἅ
3010 1999 3069 2057 δὲ
3135 2003 3265 2076 πυρὶ
3333 2000 3613 2076 παραδοὺς
3678 2001 3754 2060 ὡς

2077 2089 2164 2158 εὴν
2206 2085 2544 2163 ἐκστρατείαν
2594 2090 2938 2166 περιγράψας
2986 2092 3120 2162 μησὶ
3188 2092 3278 2146 καὶ
3349 2091 3418 2146 τὰ
3470 2090 3606 2146 κατᾶ
3656 2090 3750 2144 τὸν

329 2176 526 2236 Κίλικα
580 2178 826 2249 Ἀλέξων
885 2177 1173 2255 ἐπιτρέψας
1228 2183 1310 2252 τῷ
1367 2184 1800 2251 Καντακουζηνῷ
1859 2175 2145 2248 Μανουήλ.
2209 2179 2360 2249 [Ιλήν
2421 2177 2534 2234 οὐδ’
2594 2181 2753 2244 οὗτος
2817 2179 3068 2254 ἐξήνεγκε
3112 2179 3359 2253 πόλεμον
3408 2183 3524 2236 κατ’
3580 2182 3752 2236 αὐτοῦ

330 2275 607 2347 προφανῆ,
656 2269 849 2344 καίπερ
897 2267 1387 2342 ὲμπλατυνομὲνου
1446 2266 1527 2324 ἀεὶ
1577 2273 1646 2343 τῇ
1703 2267 1986 2344 ἐπικουρίᾳ
2042 2273 2139 2324 τοῦ
2195 2269 2422 2344 Πέρσου,
2475 2269 2564 2324 καὶ
2619 2274 2728 2324 τῶν
2793 2271 2872 2342 [Ρ.
2933 2271 3057 2341 298]
3113 2270 3238 2344 περὶ
3295 2270 3394 2337 τήν
3473 2271 3752 2343 ’Ἄγκυραν

331 2357 608 2434 φρουρίων
659 2357 1097 2435 φορολογοῦντος
1143 2358 1212 2414 τὰ
1259 2357 1432 2414 πάντα
1479 2360 1514 2430 ἢ
1559 2358 1627 2413 τα
1671 2355 1921 2416 πλείονα.
1980 2363 2081 2415 Ἦν
2131 2355 2177 2414 δ’
2223 2355 2286 2414 ἄν
2333 2358 2422 2414 καὶ
2483 2359 2640 2422 οὗτος
2695 2356 2783 2413 ἐπὶ
2845 2357 3046 2434 μακρὸν
3104 2357 3391 2432 ἀμήχανον
3447 2355 3750 2430 Ῥωμαίοις

334 2446 524 2516 κακὸν,
585 2446 630 2502 εί
691 2447 768 2520 μὴ
831 2445 960 2510 Θεὸς
1017 2451 1287 2511 κανταῦθα
1343 2447 1528 2525 φανεὶς
1593 2448 1922 2524 καινουργὸς
1992 2449 2061 2502 τὰ

2143 2448 2432 2522 Ῥωμαίων
2497 2445 2720 2524 ᾤκτειρε
2796 2447 3108 2524 πράγματα·
3176 2446 3240 2502 τὸ
3315 2444 3417 2520 γὰρ
3485 2445 3752 2521 φρούριον

339 2538 520 2595 εἰσιὼν
547 2537 576 2593 6'
606 2538 890 2615 Τζούγγρα
918 2539 1366 2612 κατονομάζεται,
1397 2539 1587 2602 νυκτὸς
1619 2537 2017 2613 ἂποσφάττεται
2049 2541 2297 2615 μαχαίρᾳ
2347 2539 2492 2614 παρᾶ
2537 2561 2704 2602 τινος.
2747 2537 2906 2597 Οὕτω
2955 2538 3048 2611 μὶν
3091 2537 3180 2592 οὖν
3231 2537 3321 2591 καὶ
3370 2534 3527 2597 οὗτος
3578 2535 3755 2614 ἠφάν-

335 2646 528 2700 τωται,
557 2628 695 2684 κατᾶ
723 2627 894 2702 τάχος
926 2626 1202 2701 ἀστραπῆς
1237 2623 1440 2700 διαῖξας
1472 2626 1564 2682 καὶ
1593 2625 1762 2682 πάλιν
1792 2621 2121 2703 ἂποκρυϐεἱς
2169 2627 2204 2698 ἤ
2257 2632 2390 2702 γοῦν
2439 2626 2514 2689 ὠς
2571 2628 2631 2684 ἐκ
2674 2625 2926 2684 Κιλικίου
2975 2624 3258 2700 Κωρυκίου
3307 2627 3522 2696 πνεῦμα
3578 2623 3755 2698 βίαιον

330 2713 674 2780 διεκπνεύσας
703 2718 794 2773 καὶ
824 2717 986 2793 μέρος
1011 2725 1111 2788 τῆς
1146 2719 1250 2774 ὑπὸ
1298 2717 1606 2791 Ῥωμαίους
1658 2716 2008 2790 διακυκήσας,
2062 2720 2195 2792 μετὰ
2249 2719 2428 2796 βραχὺ
2479 2716 2855 2796 διεκφυσηθεὶς
2899 2717 3167 2772 ἐπαύσατο
3213 2723 3316 2785 τῆς
3362 2711 3753 2795 σφοδρότητος.

399 2813 520 2865 Ηοο
557 2809 778 2866 malum
811 2825 842 2866 e
870 2810 1112 2882 vestigio
1143 2809 1302 2866 aliud
1350 2810 1674 2882 pessimum
1730 2816 1822 2867 est
1854 2827 1991 2866 con-

331 2902 636 2966 secutum;
687 2903 744 2954 et
796 2915 930 2954 cum
990 2899 1140 2954 BII
1206 2899 1502 2954 exaruisse
1558 2899 1750 2955 visum
1807 2903 1984 2967 esset,

328 2986 521 3043 instar
550 2986 800 3043 lethiferi
857 2988 1070 3044 aconiti
1116 2988 1400 3044 refloruit.
1459 2987 1604 3044 Nam
1648 2974 1982 3045 Comnenus

2172 2809 2296 2864 Ἐπὶ
2376 2806 2433 2864 δὲ
2507 2813 2588 2881 τῷ
2663 2811 2818 2880 κακῷ
2891 2809 3072 2880 τούτῳ
3144 2807 3290 2880 παρὰ
3365 2803 3536 2867 πόδας
3573 2801 3760 2880 ἕτερον

2101 2895 2460 2974 ἐπεισέφρησε
2491 2895 2788 2973 χείριστον,
2846 2893 2883 2965 ἤ
2918 2894 3134 2969 μᾶλλον
3173 2893 3331 2965 δόξαν
3378 2895 3516 2968 πρὸς
3565 2896 3756 2968 καιρὸν

2097 2985 2426 3063 ὗποῤῥεῦσαι
2485 2983 2652 3040 πάλιν
2713 2979 3010 3040 ἁνέϐλαστε
3066 2984 3201 3038 κατὰ
3259 2983 3485 3038 κώνειον
3552 2993 3750 3058 φθοροο

330 3076 610 3142 Isaacius,
639 3094 672 3132 a
699 3093 815 3150 quo
845 3082 1132 3132 vastatam
1175 3092 1305 3132 esse
1352 3080 1602 3149 Cyprum
1651 3094 1832 3149 supra
1867 3093 1975 3132 me-

2093 3075 2273 3144 ποιὸν,
2305 3075 2332 3129 6
2367 3074 2648 3147 Κομνηνὸς
2678 3073 2834 3135 οὗτος
2870 3071 3157 3143 Ἰσαάκιος,
3189 3072 3248 3136 ὅς
3285 3069 3338 3126 ἐν
3377 3078 3496 3135 τοῖς
3542 3069 3752 3146 ἔμπου-

329 3165 710 3231 moravimus,
741 3169 950 3236 captus
981 3165 1214 3236 quidem
1262 3165 1372 3221 fuit
1419 3183 1453 3222 a
1479 3182 1614 3239 rege
1662 3165 1888 3237 Anglia;
1919 3164 1979 3221 in

334 3253 707 3310 Palaestinam
741 3255 1072 3327 navigante,
1106 3259 1163 3311 et
1193 3272 1298 3328 pro
1327 3255 1644 3312 verberone
1675 3271 1839 3311 servo
1863 3253 1982 3310 cui-

328 3342 466 3398 dam
517 3341 781 3416 populari
813 3343 942 3415 ejus
987 3343 1260 3412 donatus,
1317 3345 1474 3401 fama
1528 3344 1744 3415 ubique
1774 3359 1982 3416 sparsa

329 3429 550 3486 malum
584 3429 880 3487 hominem
913 3429 1065 3487 male
1125 3430 1391 3503 periisse.
1423 3430 1536 3486 Sed
1565 3435 1628 3485 ut
1659 3445 1750 3485 res
1779 3434 1980 3502 postea

329 3517 662 3586 declaravit,
697 3519 823 3576 sola
849 3519 1002 3576 fama
1053 3524 1322 3576 mortuus
1349 3509 1597 3585 levixit,
1646 3523 1704 3575 et
1731 3517 1979 3575 vinculis

330 3612 388 3664 et
417 3624 644 3665 carcere
675 3609 853 3682 (quod
888 3609 1112 3665 utinam
1156 3610 1368 3666 factum
1413 3625 1526 3664 non
1557 3610 1734 3679 esset)
1765 3606 1978 3664 libera-

325 3700 424 3754 tus
473 3696 782 3770 pristinam
841 3697 1062 3770 imperii
1119 3698 1500 3770 cupiditatem
1559 3704 1812 3754 renovat.
1870 3697 1975 3762 Qui

325 3801 459 3842 cum
488 3786 882 3860 imperatricis
911 3785 1308 3858 Euphrosynae
1327 3785 1612 3858 impulsu,
1646 3803 1822 3859 quam
1850 3802 1980 3860 pro-

323 3875 544 3948 pinqna
574 3877 921 3948 cognatione
954 3875 1526 3947 sttingebat,crebris
1553 3873 1735 3930 Alexii
1767 3874 1978 3932 litteris

324 3969 713 4031 revocaretur,
746 3963 907 4020 illam
958 3963 1356 4020 conditionem
1407 3980 1538 4018 cum
1575 3963 1978 4034 indignatione

321 4072 567 4128 prorsus
598 4055 932 4126 respuebat,
965 4069 1027 4111 se
1079 4053 1390 4126 imperare,
1443 4069 1555 4108 non
1589 4069 1788 4125 parere
1819 4053 1975 4110 didi-

317 4145 494 4214 cisse,
517 4150 575 4200 et
604 4146 840 4212 ducem,
873 4160 990 4198 non
1042 4142 1294 4198 militem
1345 4157 1520 4215 agere
1561 4143 1788 4198 novisse
1814 4143 1974 4200 afﬁr-

319 4249 513 4290 mans.
548 4233 801 4290 Proinde
833 4233 1168 4304 frequentes
1198 4231 1424 4288 litteras
1457 4232 1527 4288 ad
1562 4231 1807 4289 Asianos
1841 4251 1976 4306 pro-

320 4339 479 4380 ceres
530 4322 728 4391 mittit,
767 4338 894 4393 quze
945 4321 1093 4378 nihil
1142 4338 1256 4377 non
1315 4321 1562 4378 vetitum
1623 4323 1971 4391 suadebant,

318 4412 468 4468 nihil
503 4428 617 4468 non
651 4411 1044 4482 a'majoribus
1094 4411 1431 4467 institutum
1477 4411 1784 4484 abrogant,
1819 4411 1964 4468 nihil

313 4517 430 4558 non
462 4501 1002 4572 obtemperantibus
1053 4500 1492 4572 promittebant,
1543 4500 1592 4556 si
1642 4516 1759 4572 quo
1791 4500 1964 4558 modo

312 4589 546 4662 imperii
577 4590 816 4646 titulum
850 4594 1331 4660 consequeretur.
1383 4589 1600 4645 Verum
1636 4597 1693 4644 ut
1724 4589 1864 4645 olim
1897 4606 1964 4646 ea

311 4681 650 4738 sectabatur
679 4695 810 4750 quis
837 4677 1073 4750 assequi
1105 4695 1221 4734 non
1279 4681 1526 4750 poterat,
1559 4681 1614 4734 et
1645 4694 1712 4734 ea
1746 4677 1964 4735 frustra

311 4770 666 4827 moliebatur
696 4784 823 4840 qua
865 4768 922 4823 in
974 4767 1107 4823 falis
1139 4783 1252 4824 non
1303 4773 1489 4835 erant,
1520 4766 1601 4822 ita
1631 4771 1752 4822 tum
1784 4769 1960 4824 etiam

307 4859 504 4914 irritos
534 4864 780 4927 conatus
810 4857 940 4928 ejus
971 4860 1214 4912 eventus
1245 4855 1400 4912 612
1431 4857 1711 4928 coarguit.
1763 4859 1960 4929 Neque

306 4949 460 5005 enim
497 4948 670 5004 Persa
702 4945 1014 5020 postulatis
1043 4946 1174 5017 ejus
1197 4944 1405 5002 annuit
1435 4943 1732 5017 (cupiebat
1762 4952 1957 5004 autem

303 5052 440 5094 eum
474 5036 756 5093 Romanis
802 5034 1024 5091 bellum
1077 5034 1422 5096 inferentem
1487 5050 1621 5090 cum
1679 5036 1959 5094 omnibus

303 5127 489 5198 copiis
521 5126 646 5182 suis
677 5125 866 5198 sequi,
899 5130 956 5181 et
986 5125 1113 5197 ejus
1137 5125 1328 5197 jussis
1360 5124 1640 5180 omnibus
1661 5125 1958 5198 obtempe-

303 5215 674 5288 rare),neque
704 5217 1018 5288 quisquam
1053 5231 1254 5271 eorum
1285 5213 1355 5270 ad
1389 5229 1536 5286 quos
1564 5213 1711 5270 clam
1735 5216 1956 5272 scribe-

303 5304 406 5361 bat
435 5305 722 5376 benignas
750 5319 923 5358 aures
953 5305 1004 5358 ei
1037 5303 1302 5374 praebuit.
1335 5302 1477 5366 Quis
1507 5303 1664 5358 enim
1700 5304 1953 5362 belluam

301 5392 740 5462 sanguinariam
777 5389 948 5462 paulo
999 5396 1127 5462 post
1175 5393 1234 5447 in
1287 5393 1493 5448 faciem
1529 5392 1866 5450 invasuram
1898 5400 1956 5450 et

300 5480 692 5537 laceraturam
741 5479 1258 5550 sequeretur7aut
1327 5497 1460 5536 cum
1500 5487 1784 5538 venenato
1813 5500 1952 5540 .ser-

300 5571 477 5638 perite
505 5567 824 5624 amicitiam
874 5567 1275 5641 constitueret,
1310 5571 1433 5641 qui,
1481 5570 1603 5628 sive
1634 5571 1952 5646 amplecte-

297 5667 448 5719 rere,
485 5653 698 5712 lethale
727 5654 887 5710 virus
937 5663 1244 5726 evomeret,
1298 5661 1418 5715 sive
1464 5659 1524 5716 in
1557 5660 1692 5718 sinu
1726 5663 1950 5722 foveres

2087 3165 2204 3219 σθεν
2241 3158 2485 3239 βιϐλίοις
2515 3161 2706 3238 ἐρῥέθη
2747 3183 2841 3234 μοι
2873 3160 2957 3217 ὅτι
3007 3160 3275 3238 ἐγκρατὴς
3326 3162 3439 3235 ἅμα
3487 3160 3576 3216 καὶ
3631 3160 3752 3218 ὀλε-

2083 3255 2190 3328 τῆρ
2240 3259 2342 3322 τῆς
2400 3257 2509 3308 τῶν
2556 3250 2810 3326 Κυπρίων
2868 3251 3038 3321 νήσου
3097 3249 3389 3328 γενόμενος
3446 3250 3594 3306 ἑάλω
3655 3251 3750 3324 μὲν

2085 3343 2222 3418 πρὸς
2253 3347 2350 3398 τοῦ
2397 3341 2566 3419 ῥηγὸς
2619 3339 2911 3418 Ἰγγλινίας
2959 3338 3012 3402 ἐς
3060 3338 3430 3409 Παλαιστίνην
3494 3341 3750 3419 ἀφικνου.

2088 3431 2252 3506 μένου
2305 3429 2647 3502 διαποντίου,
2715 3430 2806 3485 καὶ
2874 3430 2950 3492 ὡς
3018 3426 3214 3490 δοῦλος
3283 3429 3572 3504 μαστιγίας
3640 3429 3743 3484 τινὶ

2081 3525 2190 3578 τῶν
2241 3520 2541 3600 ὁμοφύλων
2591 3519 2775 3594 ἐκείνῳ
2825 3516 3249 3594 ἂποκεχοὶριστο.
3303 3517 3406 3574 Καὶ
3465 3519 3533 3588 ἦν
3581 3519 3746 3574 ἁπαν-

2081 3621 2228 3694 ταχῆ
2295 3609 2619 3687 διαδόσιμος
2678 3613 2752 3676 ὡς
2811 3608 3140 3685 κατέστρεψε
3225 3611 3318 3666 τὸν
3383 3610 3500 3685 βίον
3560 3615 3744 3674 κακῶς

2085 3703 2112 3758 6
2169 3703 2360 3765 κακός·
2422 3705 2584 3780 φήμῃ
2645 3699 2715 3770 δ’,
2796 3701 2871 3764 ὡς
2946 3697 3212 3755 δέδεικται
3280 3700 3526 3775 ὕστερον,
3605 3700 3744 3775 μόνῃ

2082 3787 2346 3855 ἀποϐεοὺς
2392 3791 2480 3846 καὶ
2515 3789 2728 3862 δεσμῶν
2781 3787 3120 3866 ἀπαλλαγεὶς
3176 3787 3266 3844 καὶ
3315 3792 3554 3866 φρουρᾶς
3605 3789 3741 3846 ἀπο·

2085 3879 2292 3948 λυθεὶς,
2325 3881 2399 3942 ὡς
2454 3883 2528 3952 μὴ
2586 3874 2789 3958 ὤφελε,
2839 3879 2932 3934 τὸν
2987 3875 3223 3933 παλαιὸν
3282 3877 3586 3934 ἀναθάλπει
3643 3885 3744 3950 τῆς

2081 3966 2397 4044 τυραννίδος
2459 3967 2655 4043 ἔρωτα.
2718 3966 3067 4028 Ἀνεκαλεῖτο
3130 3970 3226 4040 μὲν
3285 3965 3378 4022 οὖν
3451 3969 3586 4042 πρὸς
3640 3972 3738 4024 τοῦ

2084 4058 2354 4134 βασιλέως
2403 4056 2650 4132 Ἀλεξίου
2701 4055 2789 4114 διὰ
2837 4057 3177 4135 γραμμάτων
3229 4060 3469 4132 συχνῶν,
3515 4055 3736 4131 ἐναγού-

2082 4170 2182 4220 σης
2210 4148 2366 4204 αὐτὸν
2401 4149 2477 4212 εἰς
2545 4152 2708 4204 τοῦτο
2765 4153 2865 4217 τῆς
2927 4143 3212 4208 βασιλίδος
3270 4145 3623 4225 Εὐφροσύνης
3681 4143 3732 4201 δ’

2080 4236 2148 4309 ἤν
2178 4238 2241 4294 ἓκ
2285 4237 2590 4313 συγγενείας
2649 4236 2916 4312 ἐγγύτητα
2963 4237 3113 4312 εἶχεν
3158 4237 3294 4306 αὕτη
3357 4236 3495 4311 πρὸς
3557 4235 3736 4293 Ἰσαά-

2081 4349 2218 4385 κιον.
2251 4329 2313 4386 Ὀ
2345 4325 2402 4382 δὲ
2455 4323 2809 4382 ἀπεδυσπέτει
2861 4324 2953 4380 καὶ
3010 4325 3148 4400 πρὸς
3207 4325 3380 4396 μόνης
3425 4317 3736 4401 ’ἠγανάκτει

2075 4422 2186 4474 τῶν
2240 4415 2714 4490 ἐπιστελλομένων
2775 4413 3064 4491 ἐνήχησιν,
3118 4411 3444 4490 βασιλευειν,
3519 4413 3581 4470 ού
3631 4417 3740 4490 μὴν

2080 4505 2455 4582 βασιλεύεσθαι
2496 4504 2670 4581 λέγων
2724 4501 2944 4573 εἰδέναι,
3009 4503 3101 4558 καὶ
3159 4500 3352 4559 ἄλλων
3411 4503 3738 4578 ἐξηγεῖσθαι,

2075 4595 2270 4671 ¹ἢγοῦν
2329 4591 2534 4672 ἑτέροις
2591 4593 2888 4651 πείθεσθαι.
2947 4592 3139 4669 Συχνᾶ
3192 4591 3374 4648 τοίνυν
3438 4593 3739 4669 γράμματα

2075 4685 2331 4739 συνετίθει
2380 4683 2515 4758 πρὸς
2572 4683 2700 4747 τοὺς
2751 4689 2853 4752 τῆς
2907 4678 3215 4742 Ἀσιάτιδος
3270 4687 3373 4757 γῆς
3430 4681 3738 4756 πρωτεύον-

2071 4795 2191 4844 τας,
2241 4774 2294 4830 τί
2341 4773 2436 4846 μὶν
2477 4777 2587 4828 τῶν
2641 4769 3024 4848 ἀπειρημένων
3085 4769 3182 4826 οὐκ
3235 4769 3622 4848 εἷσηγούμενα,
3679 4771 3735 4828 τί

2073 4859 2132 4917 δὲ
2171 4865 2276 4917 τῶν
2315 4861 2668 4917 καθεστώτων
2722 4859 2853 4936 οὐχὶ
2907 4864 3180 4929 κινοῦντα,
3234 4859 3322 4913 καὶ
3383 4857 3557 4914 πάντα
3613 4863 3732 4922 τοῖς

2069 4953 2421 5026 πειθομένοις
2457 4945 2817 5026 βραϐεύοντα,
2883 4949 2932 5004 εἲ
2983 4970 3100 5011 πως
3147 4951 3245 5003 τοῦ
3293 4955 3393 5017 τῆς
3452 4946 3728 5023 βασιλείας

2071 5039 2341 5112 ὀνόματος
2397 5039 2747 5112 ἐπιτεύξεται.
2828 5037 3003 5096 Ἀλλᾶ
3083 5037 3177 5094 καὶ
3262 5039 3451 5112 πρώην
3505 5031 3717 5087 διώκων

2069 5129 2135 5200 ἦν
2165 5129 2232 5186 τὰ
2261 5129 2521 5204 ἀκίχητα,
2579 5127 2669 5184 καὶ
2718 5127 2752 5182 ’ἁ
2807 5128 2881 5201 μή
2933 5128 3062 5190 Θεὸς
3113 5121 3486 5202 βεϐούλευται,
3536 5117 3718 5175 διακε-

2067 5225 2168 5288 νῆς
2205 5218 2630 5294 μηχανώμενος·
2666 5217 2758 5272 καὶ
2789 5218 2914 5272 τότε
2967 5216 3178 5290 ὁμοίως
3227 5211 3494 5291 ἠλέγχετο
3547 5208 3724 5283 μάτην

2070 5305 2510 5386 διατεχνώμενος
2567 5307 2634 5362 τὰ
2691 5308 2945 5378 ίανῆνυτα.
3001 5304 3142 5364 Οὔτε
3197 5305 3299 5380 γὰρ
3358 5301 3507 5376 αὐτῷ
3555 5319 3731 5376 προσ-

2070 5397 2226 5472 έσχεν
2259 5398 2286 5452 ὁ
2318 5397 2528 5471 Πέρσης
2587 5394 2768 5471 ὥσπερ
2831 5396 3074 5471 ἱμείρετο
3135 5393 3416 5470 (ἐγλίχετο
3475 5389 3543 5460 δὴ
3617 5391 3733 5462 μεθ’

2067 5484 2206 5557 ’ὀλης
2251 5493 2352 5556 τῆς
2404 5485 2606 5548 οἰκείας
2649 5485 2842 5560 ἰσχύος
2887 5481 3104 5541 ἕπεσθαί
3155 5485 3208 5539 οἱ
3258 5483 3396 5538 κατὰ
3441 5479 3732 5554 Ῥωμαίων

2066 5576 2433 5653 στρατεύοντι,
2485 5576 2576 5630 καὶ
2631 5577 2787 5631 πάνθ’
2840 5573 3014 5630 ὁπόσα
3071 5572 3378 5628 ἐπιτάττειν
3433 5567 3555 5647 ἔχει
3614 5590 3734 5625 ποια

2064 5667 2192 5742 εῖν),
2227 5661 2350 5722 οὔτε
2395 5667 2476 5729 οἷς
2528 5663 2823 5722 ἐπέστελλε
2864 5658 3109 5742 κρύϐδην
3166 5663 3258 5726 οὒς
3313 5683 3398 5726 τις
3461 5659 3730 5739 ὑπέσχετο
