4102 6418
372 402 491 468 837

1298 403 1399 464 DE
1446 402 1733 464 ALEXIO
1781 399 2073 463 ISAACII
2118 397 2415 461 ANGELI
2458 397 2586 458 FB.
2636 398 2777 459 LIB.
2828 401 2879 461 Ι.

3673 407 3793 469 838

371 535 635 604 εὕεικτον,
699 531 849 590 ἀλλὰ
906 534 1100 595 πάντες
1155 533 1230 595 ὡς
1290 530 1513 596 ἀσπίδες
1591 534 1679 596 οἷς
1737 530 1906 605 ἐπῇδε
1936 532 2063 613 τὰςί

2159 530 2451 601 pestiferos
2481 530 2686 587 dentes
2719 531 3031 604 inﬁgeret?
3054 532 3363 591 Enimvero
3394 542 3445 592 et
3471 536 3564 593 hic
3615 541 3794 611 paulo

368 625 533 688 ἀκοὰς
566 624 915 702 ἐπέφραττον,
949 624 1046 685 Τίς
1098 623 1202 699 γὰρ
1255 619 1318 676 ἅν
1369 622 1549 695 θηρίῳ
1611 620 2028 693 κατηκολούθη-

375 737 459 772 σεν
490 709 799 790 αἱμοϐόρῳ,
838 712 955 785 μετ’
984 711 1047 767 οὗ
1079 709 1230 767 πολὺ
1270 718 1390 774 ταῖς
1422 708 1609 786 ὄψεσιν
1650 709 2029 784 έμπηδήσοντί

374 826 435 862 τε
476 804 567 860 καὶ
634 805 1027 878 ἀναιρήσοντι;
1076 799 1113 871 ἤ
1168 804 1284 875 μετ’
1334 798 1509 881 ὄφεως
1560 796 1788 856 ἴοϐόλου
1842 798 2029 877 φιλίαν

371 893 643 965 συνέθετο,
670 892 766 948 κᾶν
824 890 1234 969 προσπλέκοιτό
1281 910 1364 952 τις
1414 890 1584 962 αὐτῷ,
1633 891 1725 945 τὸν
1786 890 1869 943 ἱὸν
1920 888 2029 959 ἐξε-

378 988 611 1057 μοῦθτος
647 986 964 1055 θανάσιμον,
997 978 1093 1037 κᾶν
1119 980 1170 1035 ἐν
1203 979 1399 1053 κόλπῳ
1460 977 1760 1052 διαθάλπῃ,
1811 977 2035 1051 ὀλέθρια

378 1072 665 1134 δάκνοντος
693 1092 707 1143 ;
740 1072 894 1141 Πλὴν
929 1069 1075 1127 ἀλλὰ
1104 1070 1196 1125 καὶ
1228 1071 1390 1133 οὗτος
1421 1070 1560 1125 κατά
1589 1069 1731 1123 θεῖον
1784 1064 2034 1142 ἐξέρρηξε

2140 626 2274 692 post
2306 626 2572 677 mortuus
2601 621 2671 676 ad
2695 624 2934 678 caeteros
2968 627 3249 695 tyrannos
3279 623 3380 680 Dei
3415 630 3557 682 nutu
3592 629 3792 686 subla-

2141 716 2229 766 tos
2253 711 2417 780 abiit,
2448 710 2793 766 mirabiliter
2814 711 3079 783 quidem,
3108 714 3208 768 sed
3243 730 3359 770 non
3404 715 3532 772 sine
3572 717 3793 775 instru-

2142 799 2355 855 mentis
2387 799 2637 855 salutem
2672 800 2878 856 afferre
2900 800 3077 857 soliti.
3112 804 3423 860 Ferebatur
3450 810 3642 862 autem
3680 825 3794 864 non

2142 889 2487 945 naturaliter
2507 892 2605 945 sed
2640 906 2858 947 veneno
2900 908 3001 964 per
3041 892 3376 963 pincernam
3415 896 3645 967 magnis
3675 896 3790 953 lar-

2144 977 2461 1047 gitionibus
2491 980 2561 1034 ab
2604 979 2732 1051 ipso
2789 980 3137 1053 imperatore
3185 990 3529 1056 corruptum
3592 989 3788 1059 propi-

2147 1072 2283 1123 nate
2311 1069 2628 1127 interiisse.

385 1166 520 1239 μετά
555 1163 735 1241 βραχὺ
764 1163 828 1219 τὸ
859 1160 1118 1238 ψυχίδιον
1165 1161 1253 1218 καὶ
1305 1166 1424 1222 τοῖς
1484 1158 1704 1221 λοιποῖς
1754 1157 2052 1233 προσετέθη
2101 1157 2383 1232 τυράννοις
2433 1157 2523 1221 οὕς
2573 1159 2697 1234 χεὶρ
2746 1161 2949 1235 Κυρίου
3002 1164 3256 1236 ἠφάνισε,
3307 1163 3402 1220 κᾶν
3455 1165 3558 1221 οὐκ
3611 1166 3799 1232 εἷ’ωθεν

383 1256 603 1329 ἀμέσως
654 1259 832 1310 ποιεῖν
884 1254 917 1307 ἅ
954 1257 1242 1308 καινοποεῖ
1303 1248 1580 1313 πολλάκις
1631 1251 1900 1326 σωτήρια.
1954 1243 2150 1316 ’ᾘδετο
2201 1244 2259 1302 δὲ
2319 1246 2463 1321 μηδὲ
2521 1254 2734 1328 φυσικῷ
2793 1253 3001 1326 θανάτῳ
3055 1251 3295 1327 δαμῆναι
3352 1257 3442 1311 τὸν
3499 1256 3793 1331 ἀλιτήριον

379 1342 528 1400 ἀλλὰ
570 1343 845 1420 φαρμάκῳ
905 1344 989 1416 [Ρ.
1049 1342 1177 1414 299]
1234 1337 1586 1397 ἀπολωλέναι
1644 1336 2137 1416 κυλικοφορηθᾶντι
2194 1337 2343 1413 παρά
2399 1358 2541 1401 τινος
2601 1341 2862 1415 μεγάλοις
2923 1339 3121 1417 δώροις
3173 1342 3599 1418 ἐπιβρωσθέντος
3658 1348 3798 1425 πρὸς

381 1431 610 1509 τοῦργον
645 1432 749 1488 ὑπὸ
779 1435 875 1487 τοῦ
910 1429 1180 1507 βασιλέως
1212 1431 1400 1487 αὐτοῦ.

454 1519 517 1580 δ’.
552 1523 673 1577 Ἐπὶ
707 1526 838 1576 πᾶσι
868 1518 915 1575 δ’
948 1521 1030 1583 οἷς
1061 1519 1307 1593 Ἀλέξιος
1334 1518 1656 1595 ἐπειράσατο
1688 1517 2033 1594 βασιλεύσας,

385 1608 438 1666 εἶ’
481 1631 599 1672 πως
660 1611 939 1665 σπείσαιτο
1002 1607 1272 1684 Βλάχοις,
1330 1609 1422 1664 καὶ
1468 1603 1723 1683 πρέσϐεις
1780 1607 2037 1683 πέπομφε

2215 1518 2270 1575 4.
2304 1521 2581 1576 Caeterum
2607 1520 2847 1576 Alexius
2873 1521 3375 1595 potitusimperio,
3399 1526 3791 1584 missieadPe-

2144 1608 2303 1663 trum
2334 1613 2391 1663 et
2423 1609 2669 1665 Asanem
2699 1608 2934 1682 legatie,
2961 1626 3163 1682 pacem
3195 1628 3327 1668 cum
3351 1614 3583 1671 Blachis
3605 1616 3793 1673 facere

387 1701 525 1775 πρὸς
556 1699 649 1754 τὸν
710 1699 914 1773 Πέτρον
973 1696 1064 1753 καί
1273 1698 1463 1759 Ἀσάν.
1514 1680 1773 1773 Ἔπὲράνε
1821 1694 1867 1751 δ’
1928 1680 2044 1750 οὗδ⁹

2159 1695 2401 1752 studuit.
2435 1696 2544 1753 Sed
2571 1680 2788 1753 frustra
2818 1696 2867 1753 is
2898 1680 3147 1755 conatus
3176 1700 3284 1756 fuit
3305 1701 3377 1756 ob
3410 1704 3731 1774 superbum
3749 1709 3809 1760 et

382 1788 530 1853 ὅλως
557 1790 657 1859 τὴν
687 1791 910 1862 εἰρήνην
957 1787 1051 1843 καὶ
1097 1787 1193 1849 τὰς
1245 1783 1501 1855 σπονδὰς,
1535 1788 1628 1840 οἶα
1672 1789 1783 1841 τῶν
1833 1781 2045 1857 ἀνδρῶν

380 1879 593 1933 τούτων
663 1876 1000 1954 ὑπερόγκους
1077 1875 1173 1938 τὰς
1273 1875 1594 1951 ἀποκρίσεις
1653 1873 2043 1947 ποιησαμένων

386 1967 606 2021 κάκεῖνα
678 1967 1065 2040 προσθεμένων
1142 1964 1276 2040 ὑπὲρ
1352 1964 1575 2039 εἰρήνης
1650 1965 1683 2019 ἅ
1746 1961 2046 2037 Ῥωμαίοις

390 2054 626 2111 ἀδύνατά
680 2077 738 2110 τε
793 2054 884 2110 καὶ
944 2055 1111 2129 ἃτιμα
1179 2052 1449 2126 δήπουθεν
1512 2057 1602 2123 ἦν.
1674 2051 1897 2128 Ἀμέλει
1963 2073 2049 2108 τοι

393 2150 490 2201 τοῦ
525 2143 793 2221 βασιλέως
824 2145 962 2201 κατά
988 2148 1087 2213 τήν
1118 2140 1192 2198 ἕω
1226 2138 1601 2220 διατρίϐοντος
1630 2138 2050 2219 προσϐάλλουσι

397 2239 515 2296 τοῖς
546 2235 670 2311 περὶ
717 2235 814 2297 τὰς
857 2230 1064 2311 Σέρῥας
1119 2231 1517 2308 Βουλγαρικοῖς
1570 2233 1788 2306 θέμασι,
1842 2232 1932 2287 καὶ
1988 2232 2050 2287 τὸ

399 2322 757 2397 αὗλιζόμενον
818 2321 989 2378 ἐκεῖσε
1044 2323 1349 2396 Ῥωμαϊκὸν
1411 2322 1692 2398 σύνταγμα
1755 2320 2052 2391 ἡττηκότες

397 2410 603 2476 ἀλλους
633 2433 692 2467 τε
732 2411 1022 2475 πλείστους
1077 2416 1255 2475 κακῶς
1306 2410 1645 2486 εἲργάσαντο,
1693 2410 1783 2466 καὶ
1839 2408 1905 2481 δή
1958 2410 2051 2467 καὶ

397 2506 560 2561 αὐτὸν
638 2504 787 2560 εἷλον
864 2505 1094 2579 ζωγρίαν
1170 2504 1263 2559 τὸν
1340 2503 1634 2573 Ἀσπιέτην
1679 2501 1949 2575 ’Λλέξιον,
1991 2502 2050 2565 ὅς

400 2596 663 2670 ἀρχηγεῖν
701 2593 1005 2666 Ῥωμαίοις
1061 2587 1479 2665 προόϐέϐλητυ.
1538 2595 1810 2667 Κρατοῦσι
1865 2591 1923 2646 δὲ
1960 2593 2050 2647 καὶ

396 2683 622 2740 πολλῶν
656 2680 716 2738 ἔκ
745 2686 852 2738 τῶν
899 2682 1069 2736 ἐκεῖθι
1122 2681 1420 2759 φρουρίων,
1476 2683 1562 2736 καί
1626 2680 1763 2736 αὐτά
1820 2681 1915 2754 μὲν
1971 2680 2050 2744 εἷς

399 2774 463 2829 τὸ
503 2771 787 2848 ἐπικρατὲς
836 2769 1233 2848 ἠσφαλίσαντο,
1284 2769 1439 2825 αὐτοὶ
1470 2768 1515 2824 δ’
1547 2767 1817 2839 ἒπανῆκον
1869 2767 2053 2826 οἷειαδε

402 2861 551 2919 λείαν
587 2860 923 2932 ἐληλακότες
954 2859 1016 2915 οὐ
1047 2861 1385 2933 σταθμητήν.
1427 2857 1693 2921 Βασιλεὺς
1724 2856 1782 2914 δὲ
1835 2859 1911 2933 μή
1959 2859 2047 2915 καὶ

403 2951 691 3027 μετέπειτα
736 2950 985 3005 τοιοῦτόν
1032 2970 1084 3005 τι
1145 2948 1508 3024 διαπραχθείη
1562 2948 2047 3023 προμηθούμενος,

2158 1785 2315 1842 ferox
2347 1786 2735 1843 Barbarorum
2770 1802 3116 1859 responsum
3150 1793 3208 1845 et
3263 1789 3631 1848 conditiones
3698 1795 3804 1849 Ro-

2158 1874 2727 1947 maniejnboneetas
2755 1880 2813 1933 et
2834 1876 3253 1936 intolerabiles.
3302 1884 3450 1935 Dum
3475 1885 3670 1937 autem
3706 1881 3813 1937 im-

2158 1964 2458 2036 peratoria
2489 1967 2724 2021 Oriente
2755 1972 3046 2037 versatur,
3080 1967 3138 2023 in
3185 1968 3566 2041 Bulgaricum
3599 1986 3806 2042 agrum

2150 2054 2539 2124 juxtaSerras
2571 2055 2907 2112 incursione
2962 2057 3136 2126 facta,
3195 2058 3462 2131 victaque
3511 2060 3665 2117 613
3722 2061 3807 2117 le—

2155 2143 2630 2214 gioneRomana,
2665 2148 2788 2200 tum
2831 2145 2977 2202 alios
3045 2146 3333 2218 plurimos
3394 2147 3543 2205 male
3592 2154 3806 2207 tracta-

2157 2237 2316 2301 runt,
2341 2237 2470 2288 tum
2502 2232 2696 2304 ipsum
2730 2232 2950 2290 Ducam
2982 2235 3249 2291 Alexium
3308 2237 3602 2308 Aspietem
3636 2253 3806 2310 cepe-

2158 2326 2317 2389 runt,
2378 2321 2677 2394 multaque
2751 2322 2996 2379 castella
3077 2334 3523 2397 expugnarunt;
3590 2327 3807 2398 quibus

2158 2410 2409 2467 ﬁrmatis
2441 2427 2568 2467 cum
2605 2411 3020 2468 innumerabili
3072 2414 3263 2485 praeda
3331 2414 3572 2470 domum
3622 2416 3811 2472 redie-

2161 2508 2313 2556 runt.
2347 2501 2667 2572 Imperator
2695 2518 2829 2558 vero
2864 2506 3175 2559 utcaveret
3206 2519 3277 2559 ne
3301 2503 3442 2574 quid
3498 2503 3693 2561 simile
3748 2507 3806 2561 in

2159 2595 2453 2662 posterum
2519 2591 2829 2662 accideret,
2915 2591 3205 2649 Ieaacium
3280 2592 3808 2651 sehaetocratorem

2159 2695 2442 2753 generum
2476 2696 2648 2735 suum
2672 2696 2806 2736 cum
2849 2680 3029 2752 justis
3061 2680 3246 2753 copiis
3304 2681 3554 2754 ablegat.
3588 2685 3713 2749 Qua
3738 2685 3810 2740 de

2159 2785 2339 2825 causa
2351 2785 2485 2825 cum
2502 2769 2699 2825 Blachi
2714 2769 3496 2842 aquibusdammenerentur
3512 2776 3811 2829 netemere

2159 2862 2218 2916 et
2237 2856 2594 2914 conﬁdenter
2615 2858 2673 2914 in
2707 2858 3002 2916 Romanos
3024 2858 3337 2928 irruerent,
3374 2860 3475 2916 sed
3538 2860 3811 2918 militaris

2159 2948 2336 3005 etiam
2367 2946 2615 3002 solertiae
2657 2950 2714 3003 et
2731 2947 2848 3004 doli
2882 2947 3290 3006 meminissent
3333 2948 3491 3019 (nam
3526 2949 3730 3005 audire
3750 2966 3813 3006 se

402 3043 519 3116 μεθ’
549 3043 740 3111 ἱκανῆς
795 3038 1060 3113 ἐξέπεμψε
1116 3043 1367 3113 στρατιᾶς
1415 3039 1507 3093 τὸν
1562 3038 1756 3093 ἑαυτοῦ
1805 3033 2055 3116 γαμϐρὸν

2167 3038 2459 3109 imperare
2488 3040 2676 3092 virum
2691 3036 3034 3094 bellicorum
3048 3042 3107 3094 et
3137 3038 3314 3094 fratre
3335 3037 3508 3111 longe
3538 3047 3812 3112 praestan-

398 3130 667 3189 Ἰσαάκιον
726 3132 817 3186 τὸν
886 3127 1379 3205 σεὸαστοκράτορα,
1450 3130 1541 3184 ὅτε
1606 3126 1672 3200 δή
1735 3128 1825 3185 καὶ
1893 3130 2057 3187 Ἀσὰν

399 3222 537 3297 πρὸς
584 3221 712 3283 τοὺς
780 3221 1090 3295 εἰσάγοντας
1153 3218 1458 3293 παραίνεσιν
1528 3217 1786 3294 Βλάχους
1858 3217 2054 3293 μηκέτι

400 3310 496 3375 τὰς
567 3312 705 3366 κατὰ
778 3308 1067 3383 Ῥωμαίων
1144 3306 1453 3371 ἒπελεύσεις
1532 3311 1667 3381 μετᾶ
1713 3307 2052 3385 θερμότητος

399 3401 663 3470 τίθεσθαι,
723 3401 1029 3475 μεμνῆσθαι
1089 3395 1146 3453 δὲ
1202 3398 1294 3453 καὶ
1364 3395 1611 3470 μεθόδων
1679 3403 2054 3473 στρατηγικῶν

405 3488 619 3565 (ἄρχειν
656 3489 780 3565 γὰρ,
821 3489 897 3550 ὡς
937 3488 1317 3556 πυνθάνονται,
1368 3484 1535 3561 ἄνδρα
1596 3485 1901 3561 πολεμικὸν
1962 3488 2053 3543 καὶ

407 3576 529 3633 λίαν
556 3582 652 3635 τοῦ
681 3576 922 3656 ἀδελφοῦ
956 3577 1429 3655 προφερέστερον),
1465 3577 1598 3649 μετὰ
1624 3576 1845 3651 κόμπου
1883 3576 2052 3633 ἀπεκ-

406 3668 586 3743 ρίνατο
621 3668 698 3740 μὴ
724 3665 832 3723 δεῖν
856 3666 940 3721 ἀεὶ
961 3671 1081 3727 ταῖς
1106 3667 1316 3741 φήμαις
1351 3663 1646 3720 ἐπικλίνειν
1669 3665 1732 3721 τὸ
1763 3663 1879 3738 οὖς,
1914 3668 2055 3738 μήτε

398 3755 445 3812 δ’
475 3758 532 3812 δν
563 3754 810 3833 ἀνδρεῖον
842 3755 976 3827 αὕτη
1011 3752 1312 3829 διαθρυλεῖ,
1348 3755 1421 3816 ὡς
1439 3752 1549 3823 ἢδη
1584 3754 1675 3809 καὶ
1699 3753 1948 3811 τοιοῦτον
1964 3755 2052 3811 δν-

394 3869 462 3905 τα
490 3851 681 3903 τοῦτον
719 3843 1144 3923 κατεπτηχέναι,
1178 3844 1293 3899 οὔθ’
1347 3844 1406 3898 ’ὸν
1465 3840 1679 3914 διέξεισι
1733 3841 1914 3900 δειλὸν
1962 3845 2054 3900 καὶ

398 3934 683 4004 ἀνάλκιδα,
727 3937 833 4011 πρὸ
890 3942 991 4005 τῆς
1053 3934 1214 4009 πείρα
1271 3933 1537 4009 ἀθερίζειν
1590 3934 1679 3989 καὶ
1730 3933 2054 4009 ἀποπέμπε-

404 4039 547 4098 σθαι,
603 4024 754 4081 ἀλλά
809 4026 909 4094 τήν
975 4024 1070 4098 μὲν
1125 4025 1318 4103 φήμην
1377 4025 1454 4097 μὴ
1513 4022 1741 4097 πάμπαν
1801 4025 2058 4102 ἀποστρέ-

400 4119 613 4197 φεσθαι,
662 4115 746 4170 ὃτι
797 4111 926 4187 μηδ’
973 4113 1025 4175 ἐς
1084 4108 1224 4168 ἅπαν
1276 4110 1609 4181 ἀπόλλυται,
1666 4114 1759 4167 καὶ
1820 4113 2058 4186 μάλιστα

400 4201 465 4270 ἤν
498 4203 749 4258 πλεῖστοι
809 4200 935 4256 λαοὶ
993 4203 1346 4277 φημίζουσιν,
1405 4197 1623 4276 ἐπάγειν
1674 4197 1721 4254 δ’
1766 4200 1840 4262 ὠς
1898 4199 2052 4266 λίθον

401 4294 732 4365 Μαγνησσαν
794 4290 887 4351 τὰς
947 4288 1165 4363 πράξεις
1220 4291 1329 4343 τῶν
1382 4284 1887 4360 ἐνδιαϐαλλομένων
1948 4290 2057 4345 ε’ἰτε

2161 3126 2412 3196 tiorem),
2467 3133 2626 3182 Aean
2674 3125 2996 3183 insolenter
3052 3127 3358 3199 respondit
3412 3144 3527 3184 non
3587 3144 3819 3201 semper

2163 3218 2332 3272 famae
2357 3215 2694 3288 prmbendas
2706 3232 2835 3272 esse
2852 3233 3047 3289 aures,
3064 3234 3169 3273 nec
3201 3217 3248 3272 ei
3268 3234 3444 3289 quem
3469 3234 3536 3275 ea
3557 3235 3657 3282 pro
3679 3219 3815 3274 forti

2164 3305 2440 3374 celebret,
2471 3321 2606 3362 cum
2639 3305 2841 3362 statim
2872 3310 2937 3362 ut
2966 3306 3142 3363 talem
3172 3323 3300 3363 esse
3332 3307 3765 3364 formidandum
3793 3328 3809 3377 ;

2163 3413 2270 3454 nec
2286 3397 2336 3454 ei
2353 3396 2489 3469 quis
2506 3412 2608 3468 pro
2641 3396 2845 3453 timido
2869 3402 2926 3453 et
2941 3396 3148 3469 ignavo
3167 3398 3521 3467 traducatur,
3540 3415 3815 3472 spernen-

2162 3489 2304 3543 dum
2333 3486 2786 3559 etrejiciendum
2808 3503 2939 3544 esse
2962 3489 3097 3544 :sed
3117 3488 3334 3544 famam
3354 3493 3418 3545 ut
3442 3506 3557 3545 non
3575 3491 3816 3547 omnino

2161 3595 2394 3647 vanam,
2428 3579 2751 3651 praaeertim
2775 3583 2892 3635 tam
2907 3579 3219 3648 celebrem,
3238 3597 3353 3637 non
3374 3582 3610 3652 quidem
3645 3579 3816 3653 plane

2162 3667 2669 3735 contemnendam,
2703 3667 2803 3723 sed
2821 3668 2894 3723 ad
2908 3684 2999 3725 res
3010 3671 3209 3740 gestas
3229 3685 3432 3725 eorum
3449 3669 3551 3740 qui
3569 3668 3657 3724 vel
3673 3669 3820 3725 bene

2166 3756 2412 3812 audiant
2441 3759 2723 3827 tanquam
2757 3757 2830 3812 ad
2884 3756 3131 3827 Lydium
3164 3747 3425 3829 lapidem.
3446 3756 3814 3830 exigendam,

2163 3861 2315 3916 saepe
2327 3844 2506 3901 etiam
2522 3844 2691 3901 oculo
2710 3845 2992 3916 judicium
3010 3845 3496 3918 permittendum,
3510 3850 3566 3903 et
3580 3846 3665 3903 sic
3686 3862 3815 3902 eam

2162 3934 2252 3990 vel
2277 3940 2548 3990 utveram
2569 3935 2928 4005 probandam
2941 3933 3028 3991 vel
3049 3939 3112 3991 ut
3145 3933 3351 3991 falsam
3371 3935 3811 4007 repudiandam.

2163 4025 2347 4079 Aures
2377 4023 2532 4080 enim
2562 4040 2677 4080 non
2723 4022 2913 4081 videre
2949 4024 3138 4095 ipsam
3171 4040 3319 4095 rem,
3352 4024 3676 4081 alienarum
3700 4024 3816 4080 lin-

2162 4128 2409 4184 guarum
2443 4112 2601 4168 (H4
2629 4117 2687 4168 et
2717 4128 2868 4185 saepe
2900 4114 3275 4169 adversarum
3335 4112 3643 4186 strepitum
3673 4130 3815 4171 con-

2163 4215 2414 4256 servare.
2460 4200 2662 4258 Visum
2693 4217 2825 4257 vero
2857 4206 3082 4258 certum
3105 4218 3235 4259 esse
3257 4219 3454 4259 rerum
3485 4203 3772 4259 arbitrum
3799 4223 3815 4271 ;

2172 4290 2230 4342 et
2262 4286 2443 4357 pluris
2473 4303 2623 4354 esse,
2654 4292 2717 4343 ut
2745 4287 2827 4343 ait
2855 4288 3137 4357 comicus,
3167 4305 3346 4346 unum
3398 4289 3699 4348 oculatum
3736 4298 3817 4347 te-

408 4378 484 4450 μή
534 4376 920 4453 κροτουμένων
997 4377 1124 4450 παρ’
1189 4374 1357 4445 αὐτῆς
1423 4372 1652 4449 ἀνδρῶν,
1719 4375 1773 4432 ἐν
1814 4375 2054 4442 πολλοῖς

2168 4378 2318 4431 stem
2353 4391 2527 4445 quam
2558 4374 2779 4431 auritos
2810 4376 3039 4444 decem,
3069 4377 3167 4448 qui
3189 4394 3303 4434 non
3335 4377 3523 4435 alieno
3554 4379 3819 4435 testimo-

398 4463 455 4521 δὲ
484 4467 575 4522 καὶ
603 4468 696 4523 τὸν
731 4463 1016 4542 ὀφθαλμὸν
1049 4465 1246 4536 ἱζάνειν
1286 4469 1396 4520 τῶν
1447 4467 1843 4542 φημιζομένων
1899 4464 2053 4524 δικα-

400 4558 555 4626 στὴν,
588 4556 677 4611 καὶ
725 4555 867 4611 οὕτω
913 4554 1230 4630 προσίεσθαι
1276 4556 1376 4624 τὴν
1427 4556 1621 4629 φήμην
1678 4555 1752 4617 ὡς
1798 4555 1982 4628 ἄληθῆ
2014 4559 2049 4627 ἢ

397 4650 526 4722 γοῦν
593 4645 786 4721 μύροις
827 4645 1067 4723 ἀλείφειν
1137 4644 1212 4706 ὠς
1279 4640 1451 4719 ψευδῆ
1522 4643 1611 4700 καὶ
1678 4642 1882 4701 ἄλλοθί
1945 4667 2051 4703 που

399 4736 612 4814 ἀφιέναι
642 4732 918 4791 πέτεσθαι.
952 4757 981 4787 ιι
1028 4733 1110 4791 Τὰ
1154 4734 1256 4808 γὰρ
1307 4734 1422 4789 ὦτα
1477 4733 1578 4789 οὐκ
1628 4731 1749 4788 οἶδε
1793 4732 1859 4790 τὰ
1909 4732 2049 4811 δρώ-

401 4845 558 4898 μενα,
611 4824 761 4880 ἀλλᾶ
815 4822 1074 4899 γλώττης
1130 4821 1303 4898 ὄχλον
1360 4822 1764 4896 εἶσοικιζόμενα
1812 4822 2049 4902 φύλακές

396 4914 528 4969 εἰσιν
562 4913 900 4989 ἀλλοτρίων,
933 4911 1022 4967 καὶ
1052 4911 1263 4967 τούτων
1292 4911 1546 4968 ἐναντίων
1598 4910 1866 4975 πολλάκις
1914 4912 2049 4985 ἐνη-

397 5004 695 5078 χημάτων,
729 4999 1013 5081 Ἀσφαλὴς
1049 5000 1106 5056 δέ
1150 4999 1262 5056 ἐστι
1316 5005 1423 5057 τῶν
1477 5002 1782 5077 γινομένων
1834 4999 2052 5074 διαιτη-

392 5095 494 5163 τής
560 5091 864 5170 ὀφθαλμὸς,
924 5091 1016 5147 καὶ
1078 5091 1281 5168 μάρτυς
1334 5090 1409 5145 ὧν
1465 5092 1708 5155 τεθέαται
1773 5091 2052 5166 ἀπαραλό·

393 5203 595 5255 γιστος,
631 5183 737 5257 οὐχ
800 5182 1055 5258 ἑτέρωθεν
1114 5180 1472 5256 εἷσχεομένην
1520 5177 1667 5257 ἔχων
1714 5181 1816 5250 τήν
1866 5183 2047 5237 πίστιν

400 5267 475 5329 ὦς
503 5272 603 5341 τήν
632 5276 739 5327 τῶν
769 5270 1080 5348 λεγομένων
1113 5268 1190 5333 είς
1245 5269 1515 5340 ἐνοίκησιν
1562 5270 1749 5341 ἀκοήν.
1805 5272 1894 5341 Μὴ
1955 5271 2047 5326 οὗν

398 5353 467 5426 δὴ
498 5359 586 5413 καὶ
617 5361 773 5433 ὕμεῖς
807 5366 1052 5438 θροεῖσθε
1096 5359 1171 5422 ὠς
1202 5360 1229 5414 ὁ
1260 5363 1351 5414 νῦν
1401 5358 1689 5433 Ῥωμαίων
1739 5357 2047 5433 βασιλεύων

394 5452 636 5521 γενναῖος
694 5448 797 5505 ὑπὸ
855 5452 1055 5528 φήμης
1108 5449 1457 5524 κηρύττεται,
1516 5447 1645 5503 ἀλλ’
1704 5447 1750 5503 εί
1798 5450 2046 5513 τοιοῦτός

390 5532 533 5591 ἐστιν
606 5537 796 5601 ὁποῖος
849 5536 1030 5610 ᾄδεται
1087 5540 1267 5616 χρεὼν
1327 5537 1643 5612 σκέψασθαι.
1700 5534 1939 5614 Ὀδηγὸς
1991 5536 2049 5595 δὲ

392 5625 530 5700 ὑμῖν
561 5625 636 5688 εἰς
665 5630 828 5682 τοῦτο
873 5623 1009 5685 ἔστω
1068 5630 1186 5704 βίος
1241 5630 1270 5684 ὁ
1315 5628 1602 5704 πρότερος,
1647 5627 1739 5683 καὶ
1796 5630 2046 5705 καθηγη-

386 5715 488 5788 τὴς
538 5709 776 5795 ἀκριϐὴς
822 5720 917 5772 τοῦ
973 5715 1163 5795 ἀνδρὸς
1221 5720 1583 5775 καθιστάσθιυ.
1645 5717 1815 5794 Ἀτὰρ
1868 5718 1915 5773 εἰ
1961 5741 2047 5796 φι-

2160 4464 2277 4530 nio,
2312 4464 2411 4520 sed
2443 4480 2550 4521 suo
2582 4464 2978 4536 experimento
3013 4465 3252 4523 nitatur.
3304 4466 3432 4523 Non
3486 4467 3662 4538 igitur
3717 4484 3817 4525 eos

2165 4553 2380 4609 moveri
2407 4556 2695 4624 oportere,
2721 4554 2873 4624 quod
2920 4552 3013 4610 hie
3071 4553 3470 4611 Romanorum
3500 4555 3815 4627 imperator

2161 4645 2248 4701 vir
2277 4643 2446 4700 fortis
2476 4643 2887 4716 perhibeatur:
2913 4645 3015 4701 sed
3042 4660 3121 4701 an
3143 4644 3276 4723 talis
3306 4645 3410 4716 sit,
3443 4661 3509 4701 ex
3540 4653 3672 4702 ante
3694 4651 3819 4703 acta

2162 4733 2291 4804 ejus
2322 4732 2848 4803 vitaconjecturam
2883 4732 3245 4803 capiendam.
3297 4734 3477 4797 Quam
3538 4733 3588 4788 si
3640 4749 3815 4791 accu-

2162 4821 2344 4878 ratius
2376 4819 2734 4889 intueantur,
2768 4820 2919 4876 nihil
2953 4836 3205 4892 unquam
3240 4821 3310 4877 ab
3329 4837 3397 4877 eo
3428 4837 3556 4877 esse
3578 4825 3811 4893 gestum

2161 4911 2331 4966 laude
2351 4909 2615 4982 dignum.
2648 4914 2851 4981 Neque
2908 4909 3064 4965 enim
3122 4909 3294 4965 bellis
3342 4912 3400 4966 et
3457 4911 3668 4981 pretiis
3700 4928 3806 4984 pro

2160 5001 2419 5056 Romana
2449 5015 2507 5054 re
2532 4998 2761 5071 publica
2805 4997 2985 5069 gestis
3043 4998 3406 5067 interfuisse,
3468 5015 3653 5071 neque
3699 5017 3816 5057 una

2160 5105 2290 5145 cum
2332 5088 2504 5144 fratre
2549 5088 2777 5144 labores
2808 5094 2862 5143 et
2909 5086 3169 5157 pericula
3197 5087 3637 5159 adiisse,'quod
3688 5089 3813 5162 ipse

2159 5178 2397 5250 quidem
2430 5176 2628 5243 sciret,
2659 5175 2757 5246 qui
2787 5174 3052 5232 hostilem
3104 5191 3311 5248 agrum
3346 5181 3620 5249 perpetuo
3662 5176 3813 5234 infe-

2159 5268 2328 5324 etarit
2356 5271 2414 5322 et
2467 5265 2762 5335 victorias,
2795 5263 3055 5321 victoriis
3114 5264 3438 5336 triumphos
3496 5265 3811 5338 triumphis

2158 5355 2492 5414 cumularit.
2528 5353 2731 5427 Neque
2759 5352 2846 5409 illi
2888 5370 3207 5426 purpuram
3236 5359 3292 5411 et
3337 5355 3610 5411 diadema
3637 5353 3804 5412 labo-

2160 5462 2288 5502 rum
2316 5445 2620 5517 praemium
2641 5459 2768 5500 esse
2788 5444 2945 5514 data,
2969 5443 3072 5499 sed
3106 5443 3352 5500 fortuna;
3387 5444 3634 5501 ludibrio
3668 5461 3808 5501 con-

2160 5536 2383 5608 tigisee.
2418 5556 2446 5585 ‹‹
2482 5535 2535 5590 Is
2557 5549 2688 5604 ergo
2720 5532 2823 5606 qui
2855 5548 3154 5606 nunquam
3187 5532 3247 5589 in
3295 5550 3491 5607 pugna
3521 5534 3680 5590 visus
3713 5534 3810 5604 sit,

2159 5624 2257 5698 qui
2289 5640 2409 5681 non
2427 5637 2581 5691 voce,
2615 5638 2730 5677 non
2746 5638 2950 5690 manu,
2975 5637 3092 5677 non
3116 5621 3363 5680 consilio
3388 5640 3480 5680 res
3511 5624 3809 5696 Mysorum

2159 5729 2414 5786 unquam
2447 5710 2795 5778 labefecerit,
2829 5727 2943 5783 qua
2973 5711 3199 5772 ratione
3219 5711 3410 5770 subito
3442 5716 3702 5772 mutatus
3728 5712 3809 5770 sit
