4102 6432
314 403 437 463 839

1604 402 1662 464 Ν
1672 399 1923 461 ΙΟΕΤᾹΞ
1961 395 2381 459 ΟΗΟΝΙΑΤᾹΞ

3626 416 3755 476 840

314 535 377 591 in
409 532 966 605 contrarium,plane
988 533 1406 607 nonintelligo.
1435 533 1507 592 Ut
1535 531 1944 603 autem,inquit

2054 526 2464 617 _).oxptv7jecte,
2520 529 2620 586 οὐκ
2680 529 2739 587 ἂν
2798 531 2881 609 ἐφ’
2940 534 3124 592 ὁτιοῦν
3210 534 3625 615 εὐδοκιμηκὸτα
3682 547 3761 602 εἷ’-

315 623 506 682 virum
540 623 729 695 illum,
760 624 910 682 6·Ιὸ
943 628 1225 696 quantum
1256 624 1388 680 licet
1445 622 1833 681 similitudine
1864 622 1967 677 de-

316 713 553 785 pingam
581 719 638 771 et
666 729 848 785 genus
878 715 1004 784 ejus
1033 712 1347 783 declarem,
1379 714 1591 770 videtis
1623 713 1722 769 illa
1755 710 1968 768 diversi

313 804 541 870 coloris,
564 805 672 861 etsi
700 821 815 862 non
849 802 1251 872 diverszelelas,
1271 806 1342 862 de
1365 805 1531 862 hasta
1548 821 1676 862 mea
1705 804 1969 878 penden-

313 893 442 949 tia?
470 896 604 951 Haec
634 910 752 950 una
783 893 1104 967 eademque
1136 895 1383 951 materia
1407 898 1698 973 constant,
1745 895 1817 950 ab
1851 907 1966 949 uno

312 986 534 1040 textore
563 983 823 1040 confecta
850 987 1004 1039 sunt.
1035 983 1148 1040 Sed
1198 985 1339 1056 quia
1396 983 1689 1041 coloribus
1747 985 1967 1041 discre-

311 1081 471 1145 pant,
502 1089 571 1130 ex
596 1072 711 1129 alia
746 1071 986 1130 materia
1014 1077 1073 1130 et
1101 1074 1174 1129 ab
1231 1075 1348 1131 alio
1407 1074 1633 1131 artifice
1688 1074 1967 1131 confecta

312 1166 613 1235 putantur,
644 1177 783 1220 cum
814 1176 905 1218 res
934 1163 1105 1221 aliter
1133 1179 1259 1221 sese
1283 1164 1513 1222 habeat.
1548 1165 1760 1220 Eodem
1793 1163 1965 1220 modo

307 1249 559 1309 lsaacius
587 1259 641 1309 et
680 1251 917 1308 Alexius
948 1253 1176 1324 fratres,
1209 1268 1459 1324 quorum
1500 1251 1646 1310 alter
1707 1251 1956 1324 imperio

306 1340 565 1412 dejectus
594 1345 706 1411 est,
731 1341 875 1398 alter
901 1343 1179 1415 ipurpura
1234 1347 1292 1399 et
1334 1342 1662 1399 diademate
1709 1340 1962 1414 insignis

304 1432 682 1504 conspicitur,
743 1433 1005 1490 eumdem
1077 1437 1299 1505 patrem
1350 1433 1693 1501 habuerunt,
1755 1433 1960 1489 eodem

302 1526 465 1580 utero
488 1528 624 1579 sunt
661 1521 822 1593 editi,
873 1523 1074 1579 eadem
1108 1526 1262 1580 terra
1302 1522 1446 1593 nati,
1505 1522 1699 1579 omnia
1756 1522 1959 1578 eadem

300 1614 444 1667 sunt
475 1611 795 1681 consecuti,
829 1610 1096 1682 quamvis
1139 1610 1375 1669 Alexius
1422 1611 1504 1668 sit
1548 1614 1690 1668 natu
1751 1609 1954 1681 major.

296 1700 501 1770 Quare,
524 1715 656 1757 mea
685 1700 919 1773 quidem
964 1700 1268 1768 sententia,
1321 1716 1428 1759 nec
1480 1699 1540 1757 in
1598 1714 1661 1756 re
1717 1698 1957 1755 militari

300 1790 624 1862 quidquam
655 1790 919 1847 intereos
940 1790 1206 1848 intererit
1228 1807 1243 1859 ;
1265 1791 1508 1862 jamque
1525 1805 1585 1846 re
1600 1788 1726 1862 ipsa
1748 1802 1955 1845 omnes

299 1893 740 1951 cognoscemus.
776 1879 972 1951 Itaque
992 1880 1273 1937 rationem
1306 1878 1444 1935 belli
1502 1878 1813 1951 pristinam
1860 1892 1952 1934 se-

302 1970 588 2041 quendam
620 1985 750 2027 esse
781 1969 949 2027 nobis
978 1970 1229 2038 afﬁrmo,
1264 1985 1395 2026 cum
1424 1968 1628 2026 iisdem
1672 1984 1837 2025 arma
1858 1967 1952 2024 in-

298 2059 537 2116 ferenda
564 2059 683 2115 sint
713 2075 858 2132 quos
903 2060 1067 2132 prius
1126 2059 1617 2132 oppugnavimus,
1650 2074 1724 2114 ne
1789 2059 1952 2114 dete-

299 2147 552 2205 rioribus
602 2149 811 2205 dicam.
863 2154 1009 2206 Nam
1071 2150 1470 2206 Romanorum
1524 2147 1711 2205 animi
1735 2146 1953 2204 crebris

296 2236 562 2294 cladibus
586 2238 751 2295 fracti
782 2242 839 2296 et
868 2239 1124 2295 enervati
1157 2245 1316 2311 sunt,
1349 2243 1407 2295 et
1438 2238 1643 2295 crebro
1703 2254 1736 2293 a
1780 2236 1951 2293 nobis

295 2326 358 2382 in
378 2325 573 2400 fugam
605 2328 753 2386 versi
786 2344 860 2385 ne
889 2327 1067 2385 semel
1126 2327 1362 2400 quidem
1393 2326 1542 2384 vires
1600 2342 1734 2383 suas
1782 2341 1952 2383 recu-

296 2431 498 2489 perare
554 2424 880 2490 potuerunt.
926 2417 1044 2475 Nec
1100 2416 1242 2474 illud
1302 2416 1793 2489 praetereundum,
1854 2430 1950 2472 eos

293 2508 443 2563 iram
476 2507 577 2564 Dei
598 2516 801 2565 contra
830 2525 892 2565 se
923 2507 1269 2577 concitasse,
1301 2507 1543 2578 Isaacio,
1566 2506 1736 2578 cujus
1775 2522 1951 2579 opera

293 2596 451 2667 gravi
483 2596 804 2654 Andronici
842 2596 1154 2669 tyrannide
1182 2596 1408 2654 liberati
1451 2596 1629 2663 fuere,
1691 2594 1948 2667 legitimo

290 2685 536 2758 imperio
567 2687 759 2759 pulso.
792 2687 941 2745 Nam
975 2687 1077 2760 qui
1126 2693 1451 2743 servatores
1492 2701 1629 2741 suos
1690 2685 1770 2741 ita
1828 2691 1945 2740 tra-

290 2783 536 2846 ctarunt,
570 2777 754 2849 primo
784 2793 1019 2849 quoque
1041 2781 1298 2848 tempore
1315 2775 1387 2832 ab
1416 2774 1671 2832 inimicis
1692 2776 1849 2831 616
1881 2779 1946 2831 ut

294 2868 559 2927 homines
587 2867 791 2940 perﬁdi
822 2867 1179 2924 occidentur.
1214 2864 1601 2937 »Hujusmodi
1632 2863 1941 2921 sententiis

292 2958 582 3017 Barbarus
613 2972 850 3014 suorum
876 2956 1088 3012 animis
1117 2953 1749 3027 excitatis,provincias
1770 2954 1942 3025 juxta

292 3050 660 3121 Strymonem
691 3054 746 3103 et
774 3045 1163 3117 Amphipolim
1185 3044 1407 3116 majore
1447 3044 1665 3100 saevitia
1704 3045 1940 3101 invasit.

286 3141 431 3195 Cum
490 3141 688 3193 autem
747 3135 1193 3205 sebastocrator,
1244 3133 1413 3191 homo
1494 3133 1832 3190 adolescens
1886 3138 1942 3190 ct

287 3226 509 3285 recenti
540 3225 705 3283 clade
736 3223 1089 3280 Blachorum
1120 3223 1325 3293 elatus,
1366 3223 1565 3280 hostes
1615 3225 1934 3279 Serranum

1983 1932 2031 1998 B

2061 2073 2198 2125 μενα
2239 2049 2473 2132 διάφορα
2521 2061 2643 2119 ταῖς
2693 2063 2938 2133 χροιαῖς,
2989 2059 3035 2114 εἰ
3093 2059 3181 2115 καὶ
3234 2062 3309 2135 μὴ
3351 2067 3471 2126 ταῖς
3532 2064 3719 2137 ὑφαῖς,

2078 620 2229 675 σεσθε
2259 618 2494 675 τουτονί·
2531 618 2657 676 οὔτε
2686 620 2789 697 γὰρ
2816 620 3089 698 πολέμοις
3118 624 3379 701 ὡμίλησε
3423 630 3515 686 καὶ
3567 631 3753 690 κινδύ-

2074 727 2188 773 νοις
2236 708 2368 783 ὑπὲρ
2436 710 2721 783 Ῥωμαίων
2788 709 3175 788 παρενεϐλήοη
3246 721 3744 797 συστρατευόμενος

2075 798 2166 852 καὶ
2211 798 2533 874 συγκάμνων
2561 804 2640 873 τῷ
2671 797 2914 880 ἀδελφῷ,
2947 802 3047 858 ὃσα
3091 826 3153 881 γε
3204 806 3372 872 αὐτὸς
3412 807 3573 886 ἷ¹σημι
3628 813 3747 869 κεί-

2077 905 2186 962 ρων
2221 886 2305 942 ἀεὶ
2335 887 2426 943 καὶ
2457 890 2543 962 [Ρ.
2587 891 2715 963 300]
2762 891 3117 969 κατατρέχων
3170 897 3273 966 τὴν
3320 895 3595 973 πολεμίαν
3648 904 3743 960 καὶ

2074 976 2230 1037 νίκας
2289 976 2378 1032 ἐπὶ
2437 976 2608 1041 νίκαις
2667 978 3059 1056 ἀναιρούμενος
3110 984 3201 1040 καὶ
3255 987 3545 1062 τροπαίοις
3622 990 3744 1048 im-

2076 1059 2389 1134 σποιόάζων
2427 1065 2496 1121 τὰ
2550 1067 2809 1142 τρόπαια,
2859 1065 2985 1125 οὔτε
3038 1073 3146 1145 μὴν
3220 1059 3414 1146 μισθὸν
3475 1080 3741 1152 καμάτων

2071 1152 2510 1245 ,ἁλουργίδα
2556 1157 2648 1245 καῖ
2690 1157 2783 1213 τὸν
2848 1158 3127 1235 βασίλειον
3184 1161 3387 1241 εἴληχε
3443 1167 3739 1245 στέφανον,

2073 1240 2203 1299 ἀλλ’
2233 1242 2308 1306 ὠς
2341 1241 2402 1299 ἐκ
2446 1248 2556 1299 τῶν
2615 1241 2788 1322 ἔργων
2850 1245 3113 1322 ὑπέδειξε,
3171 1240 3357 1329 τύχης
3406 1240 3736 1332 ἀγνώμονος

2070 1332 2346 1409 πέττευμα
2401 1334 2470 1390 τὸ.
2525 1342 2778 1413 σκῆπτρα
2836 1338 3230 1415 παρείληπται.
3289 1344 3468 1408 Οὗτος
3524 1347 3731 1422 τοίνυν,

2072 1422 2131 1485 ὅς
2204 1423 2270 1515 ού
2345 1423 2586 1515 τεθέαται
2667 1447 2763 1501 μοι
2843 1425 3163 1504 μαχόμενος
3240 1431 3367 1488 οὐδὲ
3441 1441 3600 1515 φωνῇ
3641 1439 3733 1495 καὶ

2069 1514 2217 1589 χειρὶ
2278 1514 2372 1570 καὶ
2434 1514 2616 1591 βουλῇ
2668 1518 2736 1573 τὰ
2794 1519 2997 1576 Μυσῶν
3057 1514 3461 1599 παραλυπῆσας
3534 1525 3722 1599 ἐνίοτε,

2068 1603 2218 1665 ὅπως
2260 1602 2508 1681 ἐξαίφνης
2564 1605 2641 1669 είς
2698 1607 2835 1662 ἅπαν
2893 1608 3211 1666 τούναντίον
3269 1616 3713 1687 μεταπεποίηται,

2066 1691 2178 1769 ἐγὼ
2211 1694 2305 1768 μὲν
2340 1693 2440 1749 οὐκ
2467 1690 2583 1771 ἔχω
2630 1696 2724 1752 καὶ
2783 1695 3036 1758 συνιδεῖν.
3089 1704 3202 1758 Ἰνα
3251 1700 3309 1758 δὲ
3355 1704 3445 1759 καὶ
3495 1702 3538 1760 δ’
3586 1706 3722 1762 ὓπο-

2066 1777 2381 1857 δείγματος,
2413 1784 2533 1838 καθ’
2564 1784 2688 1840 ὅσον
2721 1782 2912 1860 ἔξεστι,
2941 1788 3009 1844 τὰ
3054 1792 3191 1845 κατά
3237 1790 3331 1847 τὸν
3380 1789 3543 1869 ἄνδρα
3587 1815 3717 1850 του-

2064 1871 2177 1927 τονὶ
2207 1872 2298 1927 καὶ
2327 1873 2391 1928 τὸ
2424 1871 2621 1929 λοιπὸν
2669 1874 2818 1949 αύτῷ
2879 1879 3036 1953 γένος
3094 1877 3514 1958 διασαφήσαιμι,
3561 1885 3723 1961 ὁρᾶτε

2059 1960 2125 2017 τὰ
2154 1958 2243 2016 ἒπὶ
2274 1965 2370 2017 τοῦ
2402 1962 2538 2036 ἐμοῦ
2576 1961 2839 2039 δόρατους
2868 1966 3298 2044 ἀπαιωρούμενοι
3345 1970 3436 2026 καὶ
3485 1958 3720 2045 ἄνεμούο

2057 2143 2297 2216 νήματα.
2329 2144 2515 2200 Ταὖτα
2547 2150 2675 2219 μιᾶς
2729 2148 2824 2220 μὲν
2874 2148 3248 2223 προελήλυθεν
3293 2148 3453 2222 ὕλης,
3502 2152 3594 2206 καὶ
3642 2153 3719 2215 εἷς

2062 2232 2297 2311 ὑφάντης
2328 2233 2464 2289 αὐτὰ
2490 2232 2825 2312 ἐμηρύσατοο
2866 2242 2981 2300 τοῖς
3030 2236 3087 2293 δὲ
3132 2239 3393 2314 χρώμασι
3438 2237 3709 2296 διαλλάτ-

2059 2342 2218 2378 τοντα
2250 2320 2521 2379 διεστάναι
2553 2321 2772 2381 δοκοῦσι
2802 2327 2891 2382 καὶ
2921 2327 3055 2382 κατά
3084 2330 3146 2384 τὸ
3174 2328 3350 2383 τὸτοῦ
3372 2328 3510 2385 εἶναι
3538 2350 3712 2402 ποιη-

2058 2412 2209 2467 τικὸν
2242 2410 2439 2469 αἶ’τιον.
2476 2412 2635 2469 Ἀλλ’
2664 2413 2761 2469 οὐκ
2790 2412 2900 2470 ἔστι
2930 2420 3118 2489 τοῦτο,
3169 2415 3269 2472 οὐκ
3309 2415 3475 2476 ἔστιν.
3529 2419 3711 2474 Ἰσαά-

2057 2522 2174 2564 κιος
2222 2500 2312 2557 οὖν
2358 2504 2448 2557 καὶ
2507 2502 2751 2574 Ἀλέξιος
2806 2505 2857 2559 οἱ
2917 2505 3237 2579 ὁμαίμονες,
3290 2507 3363 2561 ὧν
3394 2509 3421 2562 ὁ
3458 2508 3555 2580 μὲν
3605 2514 3708 2578 τῆς

2060 2593 2339 2667 βασιλείας
2368 2591 2474 2666 ¹ἤδη
2509 2597 2838 2671 καθῄρηται,
2869 2597 2897 2651 ὁ
2949 2595 3005 2652 δὲ
3048 2582 3441 2675 τηϐεννοφορεῖ
3479 2602 3571 2653 νῦν
3620 2598 3711 2654 καὶ

2056 2680 2319 2739 διαδεῖται
2351 2683 2571 2761 ἀρχικῷ
2602 2687 3007 2764 στεφανώματι,
3037 2686 3127 2742 Eva
3167 2689 3328 2742 τοκέα
3376 2683 3561 2766 ἔσχον,
3611 2691 3711 2759 τῆς

2054 2773 2228 2842 αὐτῆς
2250 2770 2446 2845 νηδύος
2475 2773 2795 2848 ἐξώλισθον,
2825 2776 2961 2832 κατά
2988 2778 3086 2847 τήν
3137 2776 3305 2848 αὐτὴν
3352 2778 3706 2853 γεγέννηνται

2052 2868 2177 2938 γῆν,
2207 2863 2276 2918 τὰ
2304 2863 2460 2918 πάνθ’
2488 2862 2658 2937 ὅμοια
2687 2863 3100 2939 ἐκληρώσαντο,
3133 2864 3228 2921 κᾶν
3262 2866 3450 2941 ἅτερος
3498 2865 3705 2923 τούτων

2052 2951 2298 3022 Ἀλέξιος
2339 2958 2421 3026 τῷ
2471 2953 2659 3029 χρόνῳ
2725 2956 2986 3028 προήκων
3048 2955 3303 3029 ἑώραται.
3367 2957 3523 3015 Ὀθεν
3581 2953 3707 3011 οὺδὶ

2051 3040 2187 3097 κατὰ
2214 3042 2341 3104 τούς
2391 3040 2672 3115 πολέμους
2722 3042 3025 3120 διαφέροιεν
3075 3037 3160 3114 ἄν,
3211 3043 3286 3107 ὠς
3337 3039 3529 3121 ἔμοιγε
3570 3048 3705 3120 γοῦν

2052 3129 2220 3202 δοκεῖ,
2250 3132 2341 3187 καὶ
2391 3130 2467 3192 ὠς
2514 3131 2567 3185 ἐν
2615 3129 2775 3206 πείρᾳ
2834 3132 3027 3195 πάντες
3087 3132 3432 3208 γνωσόμεθα.
3493 3140 3709 3211 Χρῆναι

2048 3221 2229 3277 τοίνυν
2258 3220 2403 3299 φημὶ
2454 3219 2590 3295 μετά
2644 3223 2744 3291 τῆς
2804 3220 2973 3291 αὐτῆς
3038 3220 3129 3278 καὶ
3187 3224 3456 3299 προτέρας
3512 3224 3714 3300 προθέο

286 3332 491 3389 agrum
522 3316 821 3373 incursare
849 3314 1180 3383 audivisset,
1234 3328 1349 3371 non
1409 3312 1940 3386 prius’exploratis

2056 3333 2191 3375 σεως
2223 3310 2316 3368 καὶ
2347 3310 2513 3367 πάλιν
2545 3316 2653 3367 τῶν
2686 3310 2822 3368 κατᾶ
2868 3310 3116 3387 πόλεμον
3166 3314 3445 3384 ἅπτεσθαι,
3497 3311 3715 3377 εἰδότας

288 3421 493 3464 eorum
521 3404 767 3470 viribus,
826 3403 1020 3459 statim
1076 3402 1242 3474 signo
1299 3401 1441 3459 tuba
1498 3403 1656 3469 dato,
1712 3402 1939 3474 primus

286 3496 351 3552 in
384 3494 559 3550 armis
585 3507 736 3565 equo
762 3507 1079 3550 conscenso
1098 3491 1333 3547 hastam
1363 3490 1424 3546 in
1451 3490 1644 3548 hostes
1677 3490 1938 3560 vibravit,

290 3585 460 3658 quasi
491 3585 559 3641 ad
590 3587 856 3658 paratam
892 3598 1192 3640 cervorum
1233 3582 1598 3639 venationem
1629 3593 1730 3639 aut
1778 3581 1938 3637 ludi-

284 3691 449 3733 crum
483 3674 715 3746 aliquod
746 3673 951 3730 exiret.
986 3673 1132 3728 Cum
1162 3672 1335 3743 igitur
1374 3671 1522 3728 laxis
1554 3670 1799 3728 habenis
1829 3671 1941 3728 eir-

284 3765 426 3823 citer
445 3764 683 3836 triginta
729 3763 917 3820 stadia
969 3761 1372 3834 processisset,
1422 3767 1481 3819 et
1529 3763 1847 3834 equitatum
1884 3767 1940 3818 et

278 3854 604 3926 peditatum
637 3853 719 3909 ita
744 3851 1009 3923 fatigavit
1040 3858 1103 3907 ut
1132 3866 1337 3923 pugnae
1391 3855 1654 3924 tempore
1701 3850 1939 3907 inutiles

282 3950 500 4001 essent.
553 3941 627 4000 Ut
680 3941 913 4014 propius
976 3941 1226 3997 hostium
1283 3948 1481 3997 castra
1531 3946 1777 3997 ventum
1825 3946 1936 4007 est,

281 4035 536 4091 maxima
556 4039 619 4089 ‘et
635 4031 940 4105 potissima
969 4046 1102 4103 pars
1123 4032 1419 4103 copiarum
1452 4031 1662 4087 Asanis
1693 4030 1753 4086 in
1788 4029 1935 4085 insi-

282 4125 410 4181 dias
438 4123 749 4181 distributa
772 4129 874 4178 est.
909 4123 1033 4186 Quo
1064 4124 1471 4192 strategemate
1515 4124 1571 4176 et
1595 4118 1726 4175 dolo
1784 4119 1937 4176 Isaa-

281 4213 407 4271 cius
433 4230 549 4271 non
578 4211 1002 4279 animadverso,
1036 4216 1193 4268 certa
1223 4226 1327 4280 spe
1354 4209 1604 4267 victoriae
1655 4214 1937 4282 concepta

280 4304 487 4361 insano
517 4303 740 4374 impetu
763 4316 860 4359 eos
879 4301 1114 4357 invasit.
1135 4303 1275 4356 Cum
1291 4307 1481 4357 autem
1497 4298 1581 4355 illi
1609 4316 1678 4356 ex
1707 4299 1937 4357 insidiis

279 4392 802 4461 consurrexissem,
836 4399 898 4448 ut
920 4390 1126 4448 mediis
1154 4389 1412 4447 cassibus
1441 4389 1750 4461 irrretitus,
1784 4390 1936 4446 mul-

279 4484 359 4540 tis
390 4498 623 4540 suorum
654 4482 889 4539 amissis
924 4480 1157 4537 tandem
1186 4488 1243 4536 et
1272 4479 1394 4550 ipse
1445 4497 1479 4536 a
1524 4479 1754 4552 Scythis
1786 4480 1940 4551 capi-

281 4581 395 4629 tur.
429 4571 597 4630 Unde
626 4572 868 4629 Barbari
900 4571 970 4628 ad
999 4569 1367 4626 incursiones
1387 4573 1445 4625 et
1496 4570 1726 4638 rapinas
1776 4584 1937 4626 more

2049 3401 2124 3465 ὠς
2169 3403 2258 3465 οἷς
2315 3401 2404 3457 καὶ
2464 3400 2732 3479 πρότερον
2789 3401 2842 3474 ἐξ
2912 3400 3154 3467 ἐναντίας
3217 3403 3413 3480 μοίρας
3466 3403 3556 3459 καὶ
3614 3408 3708 3460 νῦν

2047 3492 2378 3566 στησόμεθα,
2411 3492 2498 3547 ἳνα
2528 3493 2607 3567 μὴ
2640 3494 2731 3548 καὶ
2775 3491 3020 3568 χείροσιν
3072 3491 3289 3566 εἴποιμι
3336 3492 3557 3571 ἀφορῶν
3610 3494 3708 3566 μὶν

2045 3584 2133 3639 καὶ
2195 3582 2334 3660 πρὸς
2385 3582 2450 3638 τὸ
2508 3576 2993 3656 καταϐεϐλημένον
3051 3583 3145 3637 καὶ
3204 3582 3537 3658 ἀτονώτερον
3596 3580 3704 3655 ἤδη

2044 3672 2301 3752 φρόνημα
2326 3676 2432 3728 τῶν
2463 3671 2778 3745 Ῥωμαίων,
2811 3674 2862 3726 οἱ
2894 3670 3170 3735 πολλάκις
3221 3671 3308 3750 ὑφ’
3351 3674 3513 3745 ἡμῶν
3562 3666 3705 3748 “τρο..

2041 3760 2309 3825 πωθέντες
2341 3760 2455 3817 οὐδ’
2487 3762 2623 3834 ἅπαξ
2656 3762 2723 3817 τὰ
2778 3762 2897 3817 κατ’
2945 3759 3141 3822 αὐτοὺς
3195 3756 3487 3817 ἀναλαϐεῖν
3534 3760 3710 3837 ἐσχή-

2038 3873 2164 3908 κασι
2192 3852 2508 3928 πράγματα,
2540 3850 2736 3906 έννοιῖρν
2770 3848 2826 3906 δὲ
2856 3850 2945 3906 καὶ
2976 3850 3043 3920 ἢν
3095 3851 3276 3916 θεόθεν
3329 3850 3711 3907 ἐπεσπάσαντο

2039 3940 2156 3997 οἳδε
2197 3948 2389 4015 μῆνιν,
2460 3941 2553 3996 τὸν
2631 3940 2829 4003 αὐτοὺς
2911 3940 3130 4016 βαρείας
3169 3937 3484 4014 τυραννίδος
3522 3940 3704 4013 ἀπηλ-

2041 4030 2258 4107 λαχότα
2314 4030 2578 4086 Ἰσαάκιον
2649 4029 2930 4106 βασιλείας
3016 4028 3250 4105 ἐννόμου
3304 4032 3704 4106 καθῃρηκότεςο

2042 4123 2093 4177 οἱ
2123 4122 2225 4199 γὰρ
2258 4119 2402 4175 οὕτω
2451 4119 2588 4175 κατά
2632 4124 2741 4175 τῶν
2797 4119 3119 4175 σεσωκότων
3181 4117 3545 4194 ὁπλισάμενοι
3603 4120 3704 4175 ούκ

2040 4210 2100 4267 ἄν
2135 4211 2388 4290 φθάνοιεν
2423 4209 2529 4265 ὕπὸ
2560 4212 2667 4266 τῶν
2701 4207 2919 4289 ἐχθρῶν
2952 4208 3027 4272 ὠς
3050 4206 3425 4284 παράσπονδοι
3447 4209 3701 4288 ἀναιρού-

2044 4321 2217 4376 μενοι.
2254 4322 2282 4352 ι)
2312 4298 2601 4363 Τοιαύταις
2652 4297 2897 4377 γνώμαις
2947 4300 2975 4353 ὁ
3029 4293 3308 4377 βάρϐαρος
3350 4300 3418 4355 τὰ
3458 4305 3568 4356 τῶν
3619 4300 3707 4357 ὑπ’

2040 4389 2204 4447 αὐτὸν
2246 4388 2553 4460 ἀναστήσας
2600 4389 2929 4466 φρονήμάτα
2979 4388 3114 4462 μετὰ
3169 4389 3393 4462 κόμπου
3455 4390 3706 4464 μείζονος

2040 4479 2199 4554 ἐπῄει
2230 4478 2368 4534 κατὰ
2415 4483 2524 4533 τῶν
2582 4478 2710 4553 περὶ
2771 4476 3058 4553 Στρυμόνα
3109 4498 3168 4533 τε
3222 4478 3311 4534 καὶ
3372 4478 3706 4559 Ἀμφίπολιν

2041 4570 2343 4643 έπαρχιῶν.
2370 4568 2527 4624 Ἐπεὶ
2569 4567 2627 4623 δὲ
2657 4567 2748 4623 καὶ
2778 4573 2898 4630 ταῖς
2929 4568 3161 4644 Σέρῥαις
3213 4563 3477 4643 ἐμϐαλεῖν
3532 4575 3710 4627 Ἰσαα-

281 4663 514 4721 leonum
534 4663 593 4719 in
638 4666 905 4720 armenta
949 4658 1295 4717 irruentium
1357 4658 1739 4715 animosiores
1798 4658 1936 4715 facti

2054 4658 2152 4731 »ιίῳ
2180 4658 2445 4728 ἧκουσται
2475 4661 2554 4730 τῷ
2585 4651 3067 4734 σεϐαστοκράτορι,
3109 4658 3232 4720 νέος
3284 4655 3359 4713 ὢν
3411 4660 3571 4725 οὗτος
3617 4659 3710 4718 καὶ

282 4761 439 4821 sunt,
470 4753 684 4826 quippe
715 4768 846 4809 cum
878 4766 1047 4807 nemo
1082 4750 1474 4805 Romanorum
1509 4749 1595 4804 eis
1628 4762 1935 4805 occurrere

280 4844 429 4900 017
462 4843 724 4913 auderet,
770 4841 870 4898 sed
912 4854 1120 4897 omnes
1180 4838 1363 4895 lerriti
1407 4837 1550 4893 laxis
1600 4837 1841 4894 habenis
1871 4837 1934 4895 in

280 4932 486 4989 urbem
515 4936 714 4989 Serras
748 4929 1149 5002 confugerent,
1188 4927 1290 5000 qui
1323 4928 1383 4983 in
1443 4926 1546 4984 illa
1595 4926 1759 4983 clade
1816 4943 1933 4983 non

277 5022 690 5079 occubuerant.
740 5020 953 5094 Scytha
1015 5035 1150 5076 vero
1199 5018 1718 5075 sebastocralorem
1787 5034 1821 5074 a
1874 5034 1934 5074 se

279 5116 514 5184 captum
572 5110 777 5184 quovis
807 5109 981 5167 modo
1039 5106 1226 5165 celare
1283 5110 1530 5165 conatus
1588 5111 1703 5174 est,
1766 5122 1840 5164 ne
1871 5106 1933 5163 id

281 5203 433 5257 Asan
457 5201 813 5268 rescisceret,
845 5216 946 5271 spe
996 5198 1248 5257 maxime
1305 5198 1566 5269 pecuniae
1617 5197 1749 5268 ejus
1778 5198 1934 5254 redi-

282 5290 480 5346 mendi
510 5305 683 5347 causa
723 5288 1073 5360 accipiendae
1111 5294 1411 5359 concepta,
1456 5286 1504 5343 si
1542 5285 1839 5344 hominem
1871 5289 1931 5344 in

281 5377 575 5451 Scythiam
606 5378 895 5435 abducere
925 5377 1145 5433 liceret.
1177 5376 1289 5433 Sed
1320 5391 1453 5432 cum
1480 5375 1635 5433 fama
1692 5380 1930 5447 captum

287 5468 632 5526 esseducem
650 5467 908 5524 hostium
942 5464 1650 5538 vulgasset,inquisitione
1664 5467 1930 5539 diligenti

281 5558 610 5627 compertus
644 5555 715 5611 ad
748 5556 997 5611 Asanem
1021 5553 1371 5627 perducitur.

2046 4751 2313 4823 προσεχεῖ
2340 4767 2450 4802 τινι
2498 4749 2609 4802 τῶν
2665 4745 2905 4822 Βλάχων
2954 4746 3204 4823 ἐπαρθεὶς
3251 4748 3575 4823 πταίσματι,
3629 4753 3707 4825 μή

2044 4837 2402 4913 προεξετάσας
2472 4837 2575 4906 τήν
2651 4840 2759 4892 τῶν
2834 4834 3122 4911 πολεμίων
3200 4835 3449 4912 δύναμιν,
3660 4838 3707 4894 δ’

2042 4926 2183 4999 ἀκοῇ
2216 4926 2449 5001 συνάψας
2477 4926 2579 4996 τὴν
2636 4932 2756 4981 κατ’
2817 4925 2992 4982 αὐτῶν
3065 4925 3402 5002 έξώρμησιν,
3462 4927 3706 4998 ἀνίστησί

2040 5037 2099 5073 τε
2208 5023 2553 5093 παραχρῆμα
2660 5017 2762 5086 τήν
2875 5018 3127 5092 στρατιὰν
3204 5024 3302 5088 τῆς
3394 5016 3694 5090 σάλπιγγος

2042 5106 2302 5180 ἐνδούσης
2378 5108 2443 5163 τὸ
2518 5107 2792 5181 σύνθημα,
2896 5109 2988 5163 καὶ
3084 5109 3175 5164 τὸν
3270 5105 3696 5181 πολεμιστήριον

2037 5195 2211 5253 *ίππον
2284 5201 2508 5273 πρῶτος
2582 5192 2783 5259 ἀναϐὰς
2857 5196 2949 5253 καὶ
3050 5196 3484 5274 θωρακισάμενος
3580 5193 3698 5248 κατ’

2042 5284 2382 5365 ἓπειγωλὴν,
2462 5285 2591 5363 οὐχὶ
2671 5284 2866 5363 βάδην,
2940 5286 3004 5344 τὸ
3083 5283 3215 5364 δόρυ
3286 5284 3425 5343 κατᾶ
3461 5289 3570 5340 τῶν
3613 5283 3709 5338 ἂν-

2042 5376 2294 5432 τιπάλων
2353 5375 2608 5432 τιταίνων
2668 5372 2861 5448 ἔξεισιν
2922 5375 2997 5439 ὠς
3052 5375 3203 5451 εἴπερ
3265 5375 3484 5457 ἐλάφων
3564 5372 3713 5446 αὗτῷ

2040 5467 2361 5543 κυνηγέσιον
2428 5467 2870 5544 προηυτρέπιστο
2937 5466 2973 5537 ἢ
3045 5467 3342 5542 θηρευτικὰ
3430 5463 3545 5522 εκεῖ
3606 5483 3715 5520 που

2040 5555 2327 5631 ἀθύρματα
2368 5556 2807 5633 προητοίμαστο.
2858 5555 3097 5613 Διελθὼν
3146 5553 3241 5612 οὖν
3281 5555 3460 5628 ἀνέτῳ
3508 5554 3679 5630 ῥυτῆρ

281 5642 411 5697 ὡσεὶ
471 5641 718 5704 σταδίοκ
773 5644 1063 5719 τριάκοντα
1114 5645 1177 5701 τό
1232 5663 1290 5699 τε
1344 5643 1573 5700 ἱππικὸν
1635 5646 1962 5704 ἀποκναῖσαι
2019 5648 2343 5720 πεποίηκεν,
2402 5648 2477 5713 ὡς
2536 5650 2762 5725 ἀχρεῖον
2820 5647 2954 5706 εἶναι
3014 5646 3151 5704 κατὰ
3206 5648 3307 5718 τὴν
3385 5645 3531 5722 ὣραν
3610 5647 3713 5712 τῆς

280 5727 626 5807 προσϐολῆς,
657 5732 747 5788 καὶ
775 5734 835 5788 τὸ
866 5735 1083 5804 πεζικὸν
1118 5733 1335 5790 έκλυθὶν
1365 5733 1417 5796 ές
1447 5731 1602 5791 οὐδὲν
1635 5736 1851 5814 γέγονε.
