4102 6386
282 388 400 447 841
1195 382 1297 442 Ι)ίῦ
1343 382 1638 445 ALEXlO
1679 373 1945 439 lSAACl

2055 366 2305 432 .NGELl
2352 369 2479 430 FR.
2530 370 2676 429 LIB.
2726 373 2776 429 Ι.
3600 374 3723 434 842

281 546 368 579 ναι
414 521 699 596 μετέπειτα
749 522 1054 594 χρήσιμον.
1105 520 1199 583 Ὠς
1250 516 1309 574 δὲ
1356 519 1582 593 ⁹ἤγγισεν
1630 510 1756 579 ἔνθα
1788 503 2124 587 παρενέϐαλε
2167 509 2254 579 [Ρ.
2304 506 2431 576 301]
2477 503 2541 559 τὸ
2588 502 2881 575 πολέμιον,
2931 507 3029 558 τοῦ
3086 505 3180 575 μὲν
3223 505 3383 562 Ἀσᾶιν
3437 506 3499 560 τὸ
3555 505 3718 562 πλεῖς

283 634 409 668 στον
439 612 528 666 καὶ
565 611 853 683 κράτιστον
892 609 1200 685 στράτευμα
1233 608 1308 669 εἷς
1341 605 1557 680 ἐνέδρας
1597 605 1690 660 καὶ
1749 601 1958 676 λόχους
2009 594 2402 671 διαμερίζεται,
2436 594 2464 647 ὁ
2492 590 2536 646 δ’
2587 592 2855 656 Ἰσαάκιος
2906 594 2982 665 μὴ
3038 593 3099 647 τὸ
3145 596 3506 671 στρατήγημα
3558 601 3720 652 τοῦτο

284 703 376 757 καὶ
442 702 533 757 τὸν
594 680 759 755 δόλον
826 680 1189 768 κατα-νοήσας,
1244 697 1319 757 ὡς
1386 697 1640 766 ἧττήσων
1709 691 1798 746 καὶ
1864 685 2284 765 τροπωσόμενος
2356 686 2708 758 βακχευτικῷ
2791 682 3025 768 ἐπῆλθεν
3112 683 3417 757 ὁρμήματι·
3479 680 3564 738 διὸ
3623 684 3714 739 καὶ

292 795 400 846 τῶν
434 790 487 844 ἐν
521 794 641 853 τοῖς
669 788 868 863 λόχοις
928 767 1288 861 ἐπεθεμένων,
1351 786 1425 846 ὡς
1483 784 1535 838 ἐν
1599 780 1783 855 μέσοις
1832 773 2114 855 συσχεθεὶς
2164 769 2680 863 ἄρκυσι,-πρλλοὺς
2736 772 2830 845 μὲν
2873 767 3116 827 ἀπέϐαλε
3166 776 3274 828 τῶν
3327 769 3504 841 ἰδίων,
3560 772 3720 835 τέλος

290 878 348 935 δὲ
394 879 484 934 καὶ
544 877 708 941 αὐτὸς
747 855 915 933 ’ίεάλω
976 855 1212 952 ζιιιγνρίας
1270 855 1374 930 ὗπὸ
1434 874 1682 938 Σκυθῶν,
1739 870 1835 925 Ἐκ
1894 863 1952 920 δὶ
2007 862 2217 917 τούτων
2278 855 2620 933 συμϐέϐηκεν
2678 860 2752 922 ὡς
2809 859 2862 915 έν
2926 862 3141 931 κτήνεσι
3209 858 3403 917 λέοντα
3468 862 3604 935 πρός
3661 882 3721 918 τε

290 971 386 1033 τὰς
443 967 751 1029 ἐπελεύσεις
806 964 1141 1028 ἀδεεστάτως
1199 966 1290 1020 καὶ
1346 965 1442 1026 τὰς
1500 958 1786 1037 προνομὰς
1843 957 1938 1010 τὸν
2000 946 2271 1029 βάρϐαρον
2330 950 2597 1028 ἐφορμᾷν,
2652 952 2746 1004 οἶα
2805 948 3041 1023 μηδενὸς
3098 950 3435 1020 ἀντεξιόντος
3517 949 3596 1007 ἔτι
3652 954 3710 1006 ἐκ

287 1065 394 1115 τῶν
450 1058 759 1131 Ῥωμαίων,
822 1057 968 1113 ἀλλά
1018 1057 1232 1112 πάντων
1285 1051 1786 1110 ἀποδειλιασάντων
1836 1046 1925 1102 καὶ
1989 1047 2058 1115 τῇ
2116 1042 2277 1096 πόλει
2334 1045 2455 1103 ταῖς
2515 1039 2743 1115 Σὲβραις
2804 1042 2920 1114 μετ’
2976 1041 3177 1097 ἀνέτων
3235 1044 3406 1113 ἡνιῶν
3476 1042 3715 1116 εἰσρυέν-

287 1172 416 1221 των,
476 1126 593 1203 δσδι
652 1126 793 1210 ,ἠώς
855 1149 933 1221 μή
995 1146 1179 1223 ξίφους
1237 1141 1495 1224 ὤφθησαν
1550 1143 1823 1216 πάρεργον
1880 1135 1932 1190 ὲν
1981 1136 2050 1197 τῇ
2116 1126 2396 1224 συμϐολῇ.
2432 1131 2512 1224 ’Ὀ
2562 1127 2629 1224 ⁸δὲ
2686 1129 3182 1224 συνειληφὼς-τὸν
3243 1128 3715 1208 σεϐαστοκράτορα

300 1219 515 1307 Σκύθης
573 1219 864 1301 παντοίως
899 1219 1067 1291 αὐτὸν*
1120 1219 1540 1311 περιέκρυππεν,
1598 1232 1672 1292 ὡς
1730 1228 1815 1298 ε’ἰη
1862 1224 2149 1304 ἀφώρατος
2195 1224 2275 1291 τῷ
2325 1219 2503 1288 Ἀσάν,
2557 1219 2978 1293 ὑποσαινόμενος
3029 1220 3209 1276 ἐλπίσι
3274 1225 3349 1296 μὴ
3412 1244 3576 1279 τινων
3634 1221 3720 1278 ἓν,

289 1326 615 1403 δεεστέραις,
658 1327 733 1389 ὠς
792 1329 839 1380 εί
894 1326 1024 1389 τοὺς
1080 1306 1337 1400 Βλά-γους
1396 1322 1625 1386 διελθων
1682 1323 1755 1382 εἰς
1813 1315 1880 1372 τὰ
1935 1312 2110 1369 οἶκεῖα
2166 1306 2275 1379 ἤδη
2333 1312 2523 1364 τοῦτον
2578 1309 2885 1384 ἀπενέγκαι,
2944 1312 3176 1367 πλεῖστα
3232 1312 3291 1366 ἂν
3343 1312 3491 1386 αύτῴ
3548 1314 3713 1369 κατά-

293 1430 447 1481 θοιτο
476 1398 654 1490 λύτρα
686 1416 713 1469 ὁ
748 1415 1030 1490 βασιλεύς.
1066 1418 1177 1484 Τῆς
1207 1398 1265 1469 δὲ
1313 1414 1506 1490 φήμης
1548 1405 1913 1476 κατειπούσης
1961 1398 2347 1476 συλληφθῆναι
2400 1398 2492 1453 τὸν
2535 1398 2949 1472 στρατηλάτην,
3006 1399 3304 1474 ἐπιμελοῦς
3350 1402 3713 1479 γεγενημένης

289 1506 512 1581 ἐρεύνης
546 1503 718 1575 δῆλος
750 1504 954 1580 γίνεται
985 1504 1074 1559 καὶ
1105 1508 1185 1576 τῷ
1214 1503 1378 1559 Ἀσὰν
1410 1500 1784 1579 ἐμφανίζεται.

363 1598 419 1652 ε’.
456 1596 553 1650 Καὶ
604 1592 737 1669 τῇδε
783 1595 877 1668 μὲν
937 1589 1114 1664 ἀπέϐη
1174 1597 1360 1649 ταῦτα·
1417 1590 1542 1646 τότε
1599 1586 1656 1643 δὲ
1703 1588 1792 1643 καὶ
1841 1588 1945 1640 τῶν

2134 1584 2186 1637 6.
2223 1580 2324 1636 Hic
2357 1580 2514 1636 illius
2543 1580 2931 1652 expeditionis
2964 1581 3155 1638 exitus
3188 1583 3317 1637 fuit.
3352 1584 3499 1639 Tum
3529 1584 3706 1640 etiam

291 1684 657 1761 δορυαλώτων
689 1704 772 1745 τις
817 1684 1035 1758 ἱερέων,
1085 1683 1161 1745 εἰς
1208 1683 1301 1737 τὸν
1356 1681 1529 1752 Αἶμον
1588 1676 1953 1752 αἰχμάλωτος

289 1774 663 1850 ἀπαγόμενος,
700 1770 870 1827 δεῖται
920 1776 1018 1827 τοῦ
1080 1772 1238 1826 ’Δσάν
1296 1770 1584 1848 ἀφεθῆναι,
1637 1763 1683 1820 δ’
1730 1766 1951 1841 ὁμοφω-

285 1864 400 1925 νίας
434 1862 509 1924 ὠς
538 1859 678 1937 ἴδρις
709 1868 809 1930 τῆς
840 1865 950 1916 τῶν
982 1858 1218 1934 Βλάχων
1251 1865 1438 1935 φωνῆς
1469 1856 1548 1920 εἷς
1580 1850 1731 1910 ἔλεον
1787 1851 1946 1907 αὐτὸν

288 1950 714 2026 ἐκκαλούμενος.
784 1952 842 2005 Ὀ
910 1948 956 2005 δ’
1032 1949 1320 2012 ἀνανεύσας
1413 1946 1577 2026 ἔφατο
1675 1941 1952 2017 μηδέποτε

291 2037 586 2115 προθέσθαι
661 2042 968 2113 Ῥωμαίους
1045 2037 1328 2108 ἀπολύειν,
1413 2035 1540 2091 ἀλλ’
1625 2031 1949 2100 ἀπολλύειν,

292 2133 457 2185 τοῦτο
486 2130 588 2205 γάρ
637 2129 724 2184 καί
785 2129 914 2184 Θεὸν
979 2128 1292 2203 βοδλεσθαι.
1356 2126 1496 2201 Πρὸς
1550 2123 1580 2179 ὅ
1631 2123 1724 2177 τὸν
1782 2122 1948 2189 θύτην

294 2217 507 2291 λέγεται
610 2218 1035 2293 ἀνθυπενεγκεῖν,
1151 2216 1470 2286 στενάξαντα
1574 2212 1757 2285 βύθιον
1856 2209 1948 2263 καὶ

289 2302 547 2381 δακρύοις
597 2308 663 2362 τά
722 2306 946 2381 ὄμματα
1000 2305 1284 2380 τέγξαντκ,
1350 2301 1481 2377 μηδ’
1576 2300 1725 2373 αὺτῷ
1817 2299 1946 2353 Θεὸν

291 2394 686 2450 ὑπολείπεσθαι
764 2395 1092 2469 οἰκτίρμονα
1166 2393 1282 2457 ἀνθ’
1358 2394 1431 2446 ὧν
1514 2391 1614 2445 ούκ
1703 2387 1945 2461 ἐμνήσθη

283 2490 515 2552 ποιῆσαι
561 2479 714 2545 ἕλεος
768 2484 902 2556 μετᾶ
957 2482 1190 2553 πένητος
1252 2479 1444 2557 ἀνδρὸς
1502 2477 1592 2534 διὰ
1648 2476 1947 2553 ἱερωσύνης

281 2575 403 2643 Θεῷ
436 2571 862 2642 πλησιάζοντος,
918 2571 1081 2646 ἐγγυς
1139 2568 1196 2625 δέ
1255 2572 1306 2624 οἱ
1367 2569 1695 2644 παρεστάναι
1742 2565 1833 2620 καὶ
1884 2565 1947 2619 τὸ

276 2668 385 2730 τῆς
422 2667 566 2731 ζωῆς
596 2662 793 2737 τέρμα,
824 2662 915 2716 καὶ
945 2667 1108 2716 τούτο
1144 2662 1221 2732 μή
1270 2660 1344 2722 ὠς
1395 2663 1449 2714 ἓν
1508 2658 1739 2732 μαλακῷ
1794 2655 1946 2727 ὕπνῳ

281 2756 366 2823 τῷ
394 2756 607 2830 ιρυσικῷ
670 2752 824 2824 μόρῳ
872 2749 1323 2823 ἐπελευσόμενον,
1376 2747 1501 2805 ἀλλ’
1551 2747 1627 2809 ὠς
1675 2744 1834 2808 εἴωθε
1881 2743 1949 2799 τά

280 2839 519 2896 πλεῖστα
575 2846 692 2902 τοῖς
751 2839 1000 2914 σφάττειν
1062 2838 1114 2894 ἐν
1188 2837 1437 2914 μαχαίρᾳ
1500 2834 1942 2912 προτιθεμένας-

2055 1670 2295 1742 quidam
2345 1669 2610 1742 captivus
2659 1670 2955 1741 sacerdos,
2991 1670 3272 1725 Blachicae
3319 1672 3532 1744 linguas
3565 1673 3711 1744 peri-

2057 1766 2173 1823 tus,
2210 1777 2343 1815 cum
2388 1760 2448 1814 in
2487 1759 2752 1814 Haemum
2801 1760 3208 1825 abduceretur,
3240 1764 3489 1816 Asanem
3540 1762 3711 1816 mise-

2057 1850 2224 1905 rabili
2272 1850 2536 1905 oratione
2566 1849 2897 1905 obtestatus
2930 1853 2995 1904 ut
3045 1866 3106 1905 se
3137 1849 3481 1914 dimitteret,
3517 1850 3616 1904 ubi
3654 1850 3709 1905 id

2057 1926 2154 1993 ille
2188 1940 2397 2005 renuit,
2433 1954 2621 2009 neque
2660 1937 2814 1993 enim
2850 1938 2962 1993 sibi
2996 1940 3386 2010 propositum
3430 1956 3559 1995 esse
3592 1940 3702 1995 Ro—

2057 2044 2263 2083 manos
2304 2027 2603 2082 dimittere
2649 2028 2748 2081 sed
2800 2028 3062 2097 perdere,
3113 2028 3290 2098 idque
3351 2030 3462 2083 Deo
3521 2028 3698 2085 etiam

2056 2118 2307 2187 probari,
2338 2116 2437 2172 ille
2478 2133 2613 2173 cum
2664 2116 2782 2171 alto
2832 2116 3085 2187 suspirio
3132 2121 3191 2171 et
3234 2117 3507 2189 lacrymis
3556 2119 3691 2173 sub-

2051 2207 2263 2277 jecisse
2312 2207 2492 2262 fertur
2540 2221 2644 2261 nec
2684 2206 2796 2277 ipsi
2844 2206 3126 2276 reliquam
3170 2222 3295 2262 esse
3342 2207 3442 2263 Dei
3477 2206 3704 2262 miseri-

2054 2297 2339 2364 cordiam,
2372 2296 2528 2368 quod
2558 2295 2661 2351 viri
2704 2296 3000 2367 pauperis,
3033 2295 3147 2350 Deo
3195 2296 3268 2351 ob
3312 2296 3701 2353 sacerdotium

2055 2386 2382 2452 familiaris,
2416 2401 2531 2439 non
2555 2383 2633 2438 sit
2664 2383 2957 2453 misertus,
2986 2400 3052 2439 ac
3085 2383 3302 2440 instare
3323 2385 3374 2439 ei
3401 2395 3705 2441 cruentum

2055 2475 2183 2530 vitae
2214 2476 2456 2542 exitum,
2488 2472 2646 2545 quali
2670 2472 2937 2528 homines
2969 2472 3328 2544 sanguinarii
3366 2473 3703 2544 plerumque

2057 2564 2243 2634 perire
2286 2563 2532 2619 soleant.
2578 2562 2694 2618 Nec
2747 2562 2950 2617 fefellit
2998 2578 3066 2617 ea
3109 2562 3419 2618 sacrificuli
3472 2563 3705 2619 divina-

2055 2655 2170 2723 tio;
2221 2669 2355 2708 nam
2414 2650 2583 2722 paule
2629 2656 2759 2722 post
2817 2650 2969 2707 618
3030 2651 3089 2706 in
3148 2651 3396 2723 Mysiam
3442 2668 3706 2708 reversus

2055 2762 2089 2800 a
2137 2743 2510 2800 familiarium
2558 2757 2801 2798 suorum
2854 2742 3109 2814 quodam
3152 2743 3480 2811 occiditur;
3533 2742 3707 2814 idque

2053 2833 2161 2889 hoc
2209 2834 2378 2887 modo
2431 2832 2647 2887 factum
2704 2836 2811 2885 est.
2864 2831 3109 2895 Quidum
3169 2835 3378 2887 natura
3416 2837 3476 2887 et
3529 2833 3710 2889 mori-

278 2929 484 2986 Καἰού
532 2926 741 2983 διέπεσε
780 2934 877 2984 τοῦ
936 2927 1220 2997 θυηπόλου
1276 2929 1340 2982 τὸ
1389 2925 1706 3002 πρόρῥημα·
1764 2926 1944 2997 μικρῷ

2056 2924 2165 2979 bus
2204 2923 2253 2978 ei
2286 2921 2519 2988 similis,
2552 2925 2611 2976 et
2638 2919 2849 2975 intima
2898 2920 3292 2976 familiaritate
3328 2922 3705 2992 conjunclus,

277 3018 388 3094 γὰρ
431 3017 651 3093 ὕστερον
708 3017 785 3080 εἷς
833 3020 932 3088 τήν
992 3017 1201 3074 Μυσίαι
1250 3016 1537 3086 έπανηκὼς
1595 3015 1740 3089 παρὰ
1797 3032 1942 3073 τινος

279 3111 392 3162 τῶν
454 3106 670 3161 οἰκείων
729 3104 1143 3181 διαχειρίζεται.
1203 3109 1300 3162 Ἦν
1358 3103 1416 3160 δὲ
1469 3103 1731 3179 ὁτρόπος
1785 3099 1941 3164 οὗτος

282 3199 388 3261 τῆς
445 3196 614 3251 αὐτοῦ
671 3196 1017 3271 ἀναιρέσεως.
1087 3196 1254 3269 Ἀνήρ
1338 3214 1423 3256 τις
1483 3193 1736 3271 ὁμοφυής
1795 3191 1942 3263 αὖτῷ

275 3283 371 3338 καὶ
427 3283 739 3357 ὁμότροπος
797 3284 888 3338 καὶ
947 3284 993 3355 ᾧ
1050 3283 1191 3338 πάνυ
1277 3278 1649 3357 προσέϐλεπεν
1731 3281 1942 3353 ἣμερον

283 3365 556 3445 (Ἱϐαγκὸς
617 3368 791 3443 ὄνομα
855 3369 1017 3444 τῷδε·
1109 3371 1364 3443 σημαίνει
1443 3368 1500 3425 δὲ
1557 3372 1592 3439 ἡ
1648 3368 1792 3439 λέξις
1853 3369 1943 3423 τὸν

282 3458 584 3533 Ἰωάννην),
614 3465 683 3534 τῇ
713 3464 813 3530 τῆς
859 3462 1119 3537 γυναικὸς
1178 3461 1349 3515 αὐτοῦ
1405 3460 1718 3534 κασιγνήτῳ
1768 3457 1944 3532 λάθρα

284 3550 619 3624 συνήρχετο.
674 3551 986 3623 Πυθόμενος
1049 3551 1140 3605 οὖν
1194 3550 1259 3604 τὰ
1323 3556 1423 3618 τῆς
1486 3550 1683 3621 μίξεως
1742 3547 1944 3606 ἐκεῖνος

278 3638 349 3694 τὰ
388 3638 482 3711 μὲν
536 3643 728 3713 πρῶτα
785 3638 862 3701 εἷς
921 3638 1145 3703 εὐθύνας
1192 3639 1297 3712 ἦγε
1353 3639 1455 3706 τήν
1510 3637 1810 3711 ὁμευνέτιν,
1851 3636 1945 3690 καὶ

278 3725 511 3782 θανάτου
543 3725 704 3800 ἐτίμα
749 3728 851 3796 τὴν
914 3726 1002 3782 ἐπὶ
1050 3732 1166 3789 τοῖς
1217 3724 1521 3802 δρωμένοις
1581 3726 1942 3800 παρασιώπη-

280 3834 388 3870 σιν·
453 3815 527 3878 ὠς
595 3814 642 3871 δ’
702 3813 900 3881 ἄλλοις
954 3836 1014 3871 τε
1077 3815 1235 3872 αὐτὸν
1292 3819 1327 3886 ἠ
1384 3817 1520 3892 γυνή
1590 3816 1779 3892 λόγοις
1845 3818 1944 3870 τοῦ

280 3904 471 3980 φονίου
528 3905 832 3976 κατηύναζε
884 3904 1206 3980 βλέμματος
1259 3905 1351 3961 καὶ
1397 3907 1747 3980 ὁρμήματος,
1797 3903 1946 3960 ἀλλὰ

278 3993 349 4065 δὴ
386 3996 475 4049 καὶ
505 3999 583 4066 τῷ
627 3994 922 4071 προσάγειν
982 3993 1201 4069 ὕστερον
1232 3994 1308 4056 ὠς
1360 3994 1575 4058 εἰκαίως
1619 3994 1769 4070 χολᾷ
1817 4015 1944 4062 κατ,

286 4083 484 4153 αὶτῆς,
544 4079 785 4160 ἀκριϐῶς
841 4084 943 4159 γὰρ
1002 4089 1250 4140 κακεῖνον
1332 4083 1400 4138 τὰ
1457 4085 1580 4159 περὶ
1638 4085 1738 4153 τὴν
1803 4083 1942 4157 μίξιν

282 4175 516 4242 ταυτηνί
548 4170 868 4238 συνειδέναι,
898 4173 991 4226 τὸν
1043 4174 1181 4226 κατὰ
1222 4180 1323 4241 τῆς
1376 4168 1721 4247 ὁμολέκτρου
1769 4173 1943 4247 χόλον

288 4256 646 4333 είςῚϐαγκὸν
706 4259 1050 4330 μετατίθησι,
1107 4261 1197 4313 καὶ
1258 4258 1323 4329 δὴ
1388 4260 1794 4332 μεταπέμπεται
1850 4260 1941 4314 τὸν

284 4345 457 4417 ἃνδρα
486 4352 596 4402 τῶν
623 4351 831 4402 νυκτῶν
865 4347 1027 4421 ἀωρὶ,
1071 4345 1240 4420 μηδὲν
1273 4348 1526 4426 καθυφεὶς
1573 4355 1677 4417 τῆς
1737 4349 1939 4422 ὁρμῆς,

282 4440 344 4492 '0
380 4432 436 4490 δὲ
465 4437 655 4505 τὸτῆς
709 4437 899 4512 χρείας
951 4432 1150 4513 ἔξωρον
1206 4436 1305 4492 ούκ
1350 4436 1591 4492 ἀναιτιον
1641 4437 1731 4492 καὶ
1787 4437 1940 4492 ἀνεύ-

283 4530 441 4583 θυνον
478 4526 686 4597 οἰηθεὶς
717 4525 769 4589 ἐς
814 4528 914 4595 τήν
962 4525 1147 4602 αὔριον
1196 4528 1296 4597 τήν
1344 4525 1517 4606 ἄφιξιν
1574 4527 1938 4603 ὑπερτίθεται.

283 4620 371 4691 [Ρ.
427 4618 553 4689 302]
605 4615 844 4671 Ἑκείνου
905 4612 950 4670 δ⁹
1001 4614 1066 4670 αὖ
1125 4614 1292 4671 πάλιν
1343 4613 1657 4691 ἐγκειμένου
1712 4614 1802 4671 καί
1864 4617 1939 4689 μή

283 4704 471 4784 φέρειν
532 4699 757 4779 ἔχοντος
824 4704 922 4772 τὴν
976 4703 1257 4777 ῥᾳστώνην
1318 4703 1395 4768 ὠς
1443 4700 1765 4779 παρόρασιν,
1824 4724 1948 4759 κοι-

280 4799 474 4851 νοῦται
529 4798 646 4854 τοῖς
704 4799 819 4855 καθ’
877 4795 1016 4865 αἷμα
1069 4793 1159 4847 καὶ
1218 4792 1402 4870 φίλοις
1459 4795 1522 4848 τὸ
1594 4795 1856 4863 ποιητέον
1918 4794 1945 4848 ὁ

285 4880 557 4959 Ἰϐαγκὸς,
592 4882 667 4944 εἷς
708 4886 833 4937 νοῦν
886 4881 986 4955 ὀψέ
1029 4903 1161 4938 ποτε
1212 4881 1396 4957 βαλὼν
1437 4884 1500 4939 τὸ
1558 4890 1658 4953 τῆς
1714 4884 1946 4962 ἀφίξεως

282 4969 482 5028 αἶ’τιον,
518 4973 581 5026 Οἱ
642 4969 687 5026 δ’
738 4969 1057 5035 ὑποτιθέασι
1103 4971 1283 5044 τούτῳ
1339 4974 1440 5043 τὴν
1495 4979 1732 5047 προτενῆ
1792 4994 1947 5049 περι-

285 5062 561 5133 ζώσασθαι
632 5081 933 5138 μαχαιραν,
988 5061 1079 5117 καὶ
1144 5061 1346 5132 ταύτην
1400 5067 1480 5135 τῷ
1537 5063 1743 5137 ίματίῳ
1798 5063 1948 5119 ἐνθά-

290 5155 470 5224 ψαντα
500 5150 780 5221 εἰσελθεῖν,
832 5151 923 5206 καὶ
979 5155 1075 5207 τοῦ
1137 5152 1231 5224 μὲν
1290 5152 1450 5209 Ἀσάν
1507 5153 1690 5227 ἠρέμα
1752 5174 1949 5229 προσε-

292 5238 702 5308 πιπλήττοντος
732 5240 916 5296 καὶτὸ
963 5245 1062 5296 τοῦ
1113 5245 1289 5314 θυμοῦ
1335 5243 1452 5296 κατ’
1495 5240 1663 5297 αὐτοῦ
1716 5243 1946 5318 βράττον

292 5318 486 5398 ὕϐρεσι
514 5334 979 5402 σνδμμετροῦντος,
1006 5329 1095 5384 καὶ
1136 5335 1255 5392 τοῖς
1315 5328 1533 5407 λοιποῖς
1566 5331 1600 5385 ἅ
1632 5332 1708 5404 μὴ
1761 5330 1949 5405 λυμή-

293 5432 461 5483 νηται
518 5417 581 5470 τὸ
639 5423 801 5490 σῶμα
853 5422 953 5490 τήν
1007 5419 1232 5474 κόλασιν
1318 5419 1695 5496 ἀφορίζοντος,
1773 5420 1950 5497 φέρειν

291 5501 558 5578 γενναίως
588 5504 677 5558 καὶ
733 5508 831 5575 τήν
891 5507 972 5584 ἐφ’
1027 5509 1114 5569 οἷς
1172 5507 1318 5563 ἑάλω
1377 5508 1764 5583 παραλύπησιν
1822 5531 1947 5587 συγ-

290 5592 530 5671 γνώμην
562 5592 750 5647 αίτεῐν·
795 5597 845 5649 εἴ
900 5593 945 5650 δ’
1004 5595 1208 5659 ἐκεῖνος
1263 5595 1443 5671 διφῲη
1502 5599 1565 5653 τὸ
1621 5598 1773 5677 ξίφος
1832 5601 1949 5655 κατ’

290 5681 486 5754 αὐτοῦ,
541 5686 835 5755 τηνικαῦτα
892 5682 1137 5743 κάκεῖνον
1195 5683 1560 5762 ἀνδρίζεσθαι,
1638 5688 1728 5744 καὶ
1788 5688 1951 5745 σπεύι

541 5804 813 5865 ΡΔΤΙΙΟΙ..
861 5804 968 5866 Gs.
1017 5805 1339 5870 CXXXIX.

2053 3013 2292 3068 nomine
2337 3013 2589 3067 Ibancus
2636 3009 2739 3073 (sic
2784 3010 3041 3066 Joannes
3089 3027 3122 3066 a
3169 3009 3402 3067 Blachis
3450 3010 3707 3077 dicitur),

2048 3104 2201 3160 clam
2255 3119 2388 3159 cum
2447 3102 2645 3157 uxoris
2692 3103 2818 3172 ejus
2876 3118 3070 3158 sorore
3126 3107 3530 3161 consueverat.
3578 3103 3702 3168 Quo

2050 3199 2257 3265 stupro
2302 3197 2620 3263 comperto,
2672 3191 2956 3263 principio
3006 3208 3242 3248 uxorem
3289 3193 3601 3250 accusabat
3650 3199 3708 3249 et

2050 3288 2281 3355 propter
2349 3283 2479 3353 ejus
2555 3280 2829 3336 facinoris
2905 3280 3431 3338 dissimulationem
3498 3282 3706 3353 capitis

2050 3372 2388 3428 damnabat.
2426 3372 2471 3424 A
2497 3384 2613 3440 quo
2664 3367 2883 3423 crudeli
2921 3367 3215 3439 proposito
3246 3386 3379 3424 cum
3412 3369 3543 3427 aliis
3576 3387 3703 3426 ver-

2049 3465 2140 3519 bis
2168 3462 2366 3518 uxoris
2400 3478 2520 3517 suae
2551 3460 2886 3529 deterritus,
2920 3465 3046 3516 tum
3076 3477 3143 3517 eo
3176 3462 3332 3532 quod
3368 3463 3706 3519 affirmabat

2050 3552 2247 3625 ipsum
2281 3566 2515 3622 quoque
2546 3550 2674 3619 ejus
2711 3549 2792 3605 rei
2826 3549 3005 3621 probe
3036 3566 3283 3619 gnarum
3313 3567 3463 3619 esse,
3498 3551 3645 3607 iram
3677 3570 3711 3609 a

2051 3643 2295 3697 muliere
2328 3640 2391 3694 in
2429 3640 2704 3693 lbancum
2730 3639 3032 3705 transfert,
3066 3653 3321 3710 eumque
3351 3639 3515 3695 nulla
3546 3656 3712 3696 mora

2050 3730 2389 3802 interposita
2437 3728 2791 3800 intempesta
2836 3734 3004 3786 nocte
3052 3730 3319 3786 accersit.
3355 3730 3411 3786 Is
3460 3747 3594 3786 vero
3650 3747 3716 3786 se

2049 3819 2239 3875 alieno
2286 3823 2546 3890 tempore
2594 3835 2709 3874 non
2760 3818 2883 3874 sine
2927 3818 3084 3889 gravi
3134 3834 3311 3875 causa
3356 3823 3415 3875 et
3461 3819 3707 3876 crimine

2049 3908 2241 3965 voeari
2274 3913 2458 3975 ratus,
2482 3909 2795 3965 adventum
2830 3923 3006 3963 suum
3039 3907 3096 3963 in
3130 3908 3455 3964 crastinum
3488 3908 3700 3965 dill‘ert.

2049 3999 2156 4055 Sed
2214 3997 2311 4053 illo
2359 4014 2566 4053 rursus
2608 3996 2862 4052 instante
2892 4000 2949 4053 et
2980 3996 3564 4068 procrastinationem
3612 3998 3704 4053 sui

2052 4090 2454 4157 contemptum
2515 4085 2957 4156 interpretante,
3017 4085 3267 4141 lbancus
3321 4085 3412 4141 vix
3469 4087 3706 4143 tandem

2051 4191 2229 4231 causa
2260 4190 2363 4229 cur
2408 4177 2710 4229 vocaretur
2757 4173 3075 4239 intellecta,
3108 4190 3242 4229 cum
3282 4175 3488 4230 amicis
3534 4182 3591 4231 et
3619 4191 3711 4233 co-

2052 4264 2238 4334 gnatis
2285 4261 2588 4323 deliberat.
2639 4261 2682 4316 Ii
2734 4266 2977 4317 monent
3027 4267 3087 4318 ut
3133 4262 3307 4337 longo
3356 4263 3547 4335 gladio
3596 4265 3708 4321 sub

2053 4355 2211 4409 veste
2231 4350 2518 4408 occultato
2550 4350 2844 4406 accinctus
2873 4349 3260 4423 ingrediatur.
3285 4353 3503 4418 Quodsi
3549 4355 3706 4411 Asan

2053 4457 2188 4497 eum
2222 4438 2444 4495 modice
2474 4440 2744 4511 obiurget
2798 4444 2856 4496 et
2894 4439 3205 4496 iracundia:
3257 4442 3540 4513 impetum
3571 4461 3709 4500 con-

2055 4529 2220 4585 viciis
2267 4528 2541 4583 terminet
2587 4528 2715 4583 sine
2763 4528 3025 4584 cruciatu
3071 4531 3348 4602 corporis,
3384 4536 3447 4587 ut
3487 4534 3713 4589 fortiter

2059 4620 2195 4675 ferat
2245 4622 2304 4673 et
2346 4615 2579 4687 culpam
2630 4619 2991 4688 deprecetur.
3024 4618 3128 4674 Sin
3180 4635 3379 4676 ensem
3425 4622 3709 4694 postulet,

2056 4714 2178 4765 tum
2211 4712 2268 4762 et
2294 4708 2419 4778 ipse
2447 4705 2637 4760 virum
2668 4720 2731 4760 se
2762 4707 3033 4777 praebeat,
3067 4712 3124 4762 et
3159 4725 3394 4779 operam
3426 4710 3524 4765 det
3553 4711 3708 4766 6I9

2058 4802 2123 4853 ut
2146 4798 2470 4853 antevertat
2500 4793 2796 4850 hominem
2841 4794 3244 4865 impudentem
3287 4803 3347 4852 et
3387 4799 3711 4869 sanguina-

2061 4888 2233 4953 rium,
2270 4899 2373 4940 nec
2403 4883 2592 4939 ullum
2625 4883 2808 4938 ictum
2843 4883 2955 4939 nisi
2990 4883 3263 4939 lcthalem
3297 4885 3349 4941 ei
3380 4886 3611 4943 inferat.
3649 4888 3710 4943 ld

2060 4973 2375 5031 consilium
2427 4971 2675 5027 lbancus
2719 4970 2921 5026 statim
2967 4971 3326 5045 exsequitur.
3376 4972 3522 5030 Nam
3571 4990 3707 5032 cum

2061 5064 2344 5119 Barbarus
2375 5060 2525 5116 nihil
2557 5059 2844 5116 moderati
2887 5059 2946 5115 in
2978 5076 3112 5116 eum
3159 5062 3465 5135 cogitaret,
3495 5064 3600 5121 sed
3631 5066 3704 5122 ad

2062 5152 2316 5226 primum
2347 5151 2477 5219 ejus
2507 5152 2886 5219 conspectum
2934 5150 3209 5207 efferatus
3237 5168 3436 5209 ensem
3484 5169 3710 5225 quare-

2061 5246 2171 5309 ret,
2202 5240 2297 5296 ille
2329 5239 2555 5294 facinus
2584 5245 2833 5309 occupat
2881 5244 2939 5294 et
2967 5254 3106 5296 ense
3147 5241 3206 5296 in
3241 5240 3479 5313 inguine
3521 5244 3712 5301 deﬁxo

2063 5334 2309 5388 Asanem
2345 5328 2580 5385 occidit.
2614 5327 2758 5383 Inde
2787 5326 3023 5400 elapsus
3043 5332 3235 5387 statim
3264 5332 3337 5388 ad
3366 5334 3631 5392 conscios
3652 5353 3718 5394 se

2063 5418 2287 5491 recipit,
2314 5433 2380 5472 ac
2396 5416 2548 5472 caede
2571 5415 2824 5471 indicata
2847 5432 2981 5472 cum
3017 5418 3101 5475 eis
3121 5419 3428 5476 consilium
3453 5422 3723 5481 defectio-

2064 5509 2152 5565 nis
2200 5508 2350 5563 init:
2385 5520 2576 5569 neque
2606 5503 2764 5560 enim
2816 5506 3043 5573 fratres,
3077 5514 3359 5581 cognatos
3411 5516 3467 5567 et
3498 5515 3719 5570 amicos

2061 5596 2348 5655 interfecti
2381 5595 2698 5667 quieturos.
2726 5595 2943 5661 Quodsi
2969 5612 3058 5653 res
3088 5614 3152 5654 ex
3184 5601 3474 5656 sententia
3494 5617 3725 5659 succes-

2061 5691 2223 5759 serit,
2248 5703 2309 5746 se
2341 5685 2566 5760 regioni
2599 5684 2681 5740 illi
2712 5691 2769 5742 et
2802 5688 2904 5744 toti
2936 5690 3127 5759 Mysia;
3153 5690 3370 5761 jus-tius
3404 5696 3456 5747 et
3495 5694 3720 5766 mquius

3413 5810 3488 5868 27
