4102 6418
352 378 475 439 84⁸7
1673 371 1993 434 ΝΙΟΕΤΛΕ
2035 371 2454 436 ΟΗΟΝῘΑΤΛΕ
3671 380 3796 440 868

339 510 422 568 Τὰ
471 509 704 566 πλεῖστα
761 509 857 581 μὲν
908 505 1002 562 οὖν
1056 507 1084 561 ὁ
1141 505 1281 581 ἀνὴρ
1340 504 1499 566 οὕτος
1558 508 1678 565 τοῖς
1735 503 1860 577 περὶ
1910 503 2010 570 τὴν
2071 501 2355 560 Φιλίππου
2413 505 2594 561 ἐπόνει
2643 505 2849 584 μέρεσι,
2893 507 2984 562 καὶ
3035 507 3102 578 ἦν
3155 507 3440 582 ἀγαπητὸν
3477 509 3797 582 Ῥωμαίοις

343 599 694 678 ἀντίφραγμα
759 601 865 652 τῶν
908 596 968 652 ἐκ
1005 601 1102 652 τοῦ
1141 595 1329 671 γένους
1396 594 1600 648 ἐκείνου
1671 594 1806 666 μετᾶ
1875 597 2097 656 Σκυθῶν
2165 594 2466 670 συνάρσεως
2523 595 2776 667 ἐξιόντῶν
2834 596 2924 652 καὶ
2981 597 3280 670 κειρόντων
3339 599 3404 654 τὸ
3453 600 3769 674 προσπεσὸν

344 687 521 744 ἐνίοτε
552 685 613 742 δὲ
642 685 733 742 καὶ
771 688 986 762 βασιλεῖ
1017 685 1388 755 συστρατεύων
1421 681 1785 760 διαφερόντως
1831 678 2006 735 ἐδόκει
2059 678 2411 756 δραστήριος.
2451 685 2549 748 Τίς
2583 683 2630 740 δ’
2679 685 2738 740 ἃν
2767 687 2859 740 καὶ
2889 685 3142 761 ἀριθμεῖν
3175 683 3396 742 δύναιτο
3425 686 3546 742 ὅσαι
3577 693 3666 742 καὶ
3701 689 3798 746 ὅτε

345 777 443 833 τοῦ
474 773 627 839 ἔτους
659 778 884 832 Σκυθῶν
922 776 1011 830 καὶ
1045 775 1284 848 Βλάχων
1317 773 1558 848 ἐγίνοντο
1591 768 1800 848 ἔφοδοι,
1830 770 1921 825 καὶ
1953 771 2046 825 οἷα
2076 768 2210 847 ἔργα
2238 769 2407 847 ἔδρων
2457 774 2685 845 ἀνόσια;
2738 779 3090 852 Βιαρτυροῦσι
3123 773 3302 847 δήπου
3333 776 3403 832 τὰ
3432 779 3799 853 πεπραγμένα

351 870 386 932 ἡ
419 872 531 924 τῶν
563 866 699 940 πρὸς
731 866 912 939 Αἷμον
943 867 1145 938 χωρῶν
1183 862 1432 937 ἐρημίαι,
1459 857 1798 922 Μακεδονίας
1829 880 1886 914 τε
1915 858 2005 914 καὶ
2037 859 2251 935 Θρᾴκης
2281 863 2334 917 οὶ
2366 861 2602 938 ληϊσμοὶ
2634 863 2854 936 στηλῶν
2881 865 2972 920 καὶ
3001 861 3246 940 κύρϐεων
3277 861 3658 941 ἀκριϐέστερον
3687 883 3785 937 καξ

345 957 632 1030 ξυμπάσης
665 954 909 1029 ἱστορίας
941 953 1287 1028 τρανότερον.

417 1049 474 1102 7.
531 1046 731 1117 Neque
785 1061 916 1100 vero
986 1061 1018 1099 a
1093 1041 1653 1114 Septentrionalibus
1712 1041 1993 1096 duntaxat

2184 1042 2243 1110 ζ“.
2294 1042 2372 1100 Οὐ
2407 1044 2576 1114 μόνον
2625 1041 2683 1098 δὲ
2737 1045 2802 1099 τὰ
2859 1045 2995 1098 κατᾶ
3051 1046 3178 1105 τοὺς
3235 1043 3371 1120 πρὸς
3403 1041 3600 1116 ἄνεμον
3636 1043 3774 1120 βορο

347 1136 610 1193 Barbaris
648 1134 890 1190 Romani
945 1141 1222 1204 perpetuo
1297 1132 1732 1204 premebantur,
1793 1130 1894 1185 sed
1945 1130 2001 1186 in

347 1225 575 1281 Oriente
599 1223 787 1278 Persis
807 1223 984 1278 etiam
1012 1221 1208 1293 praedae
1256 1224 1440 1276 erant.
1473 1219 1614 1274 Nam
1646 1234 1777 1275 cum
1813 1219 2004 1290 impe-

347 1321 507 1370 rator
539 1329 672 1368 cum
729 1315 902 1367 Persa
947 1310 1214 1365 Galaticaa
1257 1311 1494 1381 Ancyrae
1528 1308 1765 1363 domino
1799 1323 1999 1380 pacem

350 1421 467 1460 non
499 1404 751 1468 fecisset,
785 1401 885 1457 sed
925 1401 1131 1472 partim
1164 1397 1481 1454 amicitiam
1515 1399 1740 1468 ejus,ut
1767 1397 1865 1468 qui
1893 1397 2006 1451 Ro-

351 1493 539 1550 manis
566 1507 772 1547 nocere
805 1506 919 1545 non
965 1492 1180 1560 posset,
1221 1491 1564 1557 aSpernatus
1595 1491 1762 1554 esset,
1798 1485 2008 1556 partim

350 1584 630 1654 pecuniae,
693 1597 818 1651 quae
870 1595 974 1650 pro
1052 1593 1189 1649 pace
1257 1575 1680 1648 postulabatur,
1729 1581 2008 1646 parceret,

353 1688 536 1726 unum
583 1685 808 1725 annum
847 1673 904 1723 et
951 1684 1050 1722 sex
1096 1683 1326 1722 menses
1377 1665 1595 1720 bellum
1643 1665 2011 1719 continenter

351 1775 486 1814 cum
519 1774 586 1814 eo
617 1758 821 1829 gessit.
859 1758 977 1821 Qua
1008 1755 1078 1810 de
1127 1771 1298 1808 causa
1328 1753 1470 1810 Cilix
1509 1753 1744 1808 Alexius
1783 1769 1845 1807 ea
1883 1769 2011 1824 qua

353 1848 682 1916 retulimus,
715 1845 874 1901 illius
930 1845 1170 1916 adjutus
1211 1843 1441 1914 opibus,
1475 1842 1746 1908 confecit,
1785 1847 1842 1898 et
1873 1841 2010 1896 urbs

353 1937 606 1994 Dadibra
636 1954 667 1991 a
708 1935 896 1991 Persis
939 1938 1222 2004 occupata
1279 1937 1387 1987 est.
1439 1931 1584 1986 Nam
1639 1947 1769 1986 cum
1804 1930 1852 1984 is
1883 1946 2006 1986 om-

359 2027 534 2081 nibus
573 2025 691 2080 suis
720 2023 902 2094 copiis
943 2021 1208 2078 abductis
1238 2037 1298 2076 se
1329 2036 1443 2076 non
1477 2018 1613 2074 inde
1643 2034 2010 2076 recessurum

357 2115 511 2172 625
571 2113 944 2170 confirmaret
997 2109 1102 2166 nisi
1139 2109 1294 2165 illam
1347 2112 1756 2181 expugnasset,
1790 2109 2013 2164 obsidio

358 2210 604 2276 quatuor
637 2217 862 2258 menses
913 2201 1165 2264 duravit,
1197 2197 1544 2253 Dadibrenis
1589 2196 1821 2252 nemine
1845 2213 2012 2268 opem

359 2294 600 2350 ferente.
660 2295 804 2345 Nam
866 2291 1180 2358 imperator
1235 2288 1346 2342 etsi
1399 2303 1494 2342 eos
1537 2303 1638 2358 por
1685 2287 2012 2343 nuntiosad

364 2383 584 2438 fortiter
615 2377 1005 2435 resistendum
1067 2376 1403 2432 hortabatur
1443 2381 1500 2431 et
1528 2375 1744 2431 auxilia
1783 2376 2008 2446 pollice-

362 2468 551 2534 batur,
583 2467 828 2523 subinde
879 2474 1066 2520 tamen
1099 2481 1220 2519 rem
1253 2463 1750 2535 procrastinabat;
1794 2473 1846 2518 et
1879 2463 2008 2517 lini-

361 2557 486 2613 timi
529 2556 924 2628 Paphlagones
971 2554 1202 2628 prepius
1255 2555 1525 2610 accedere
1580 2559 1637 2608 et
1685 2570 1858 2624 opem
1926 2553 2011 2608 eis

359 2649 508 2704 ferre
555 2663 672 2702 non
729 2645 1038 2701 audebant.
1100 2643 1300 2715 Neque
1339 2659 1471 2697 vero
1532 2641 1754 2697 hostem
1801 2643 2012 2697 latebat

357 2753 456 2793 eos
484 2737 646 2792 omni
675 2734 892 2790 auxilio
923 2735 1230 2789 destitutos
1259 2741 1313 2787 et
1347 2733 1494 2787 fame
1529 2734 1713 2802 premi
1745 2741 1801 2787 et
1829 2749 1861 2785 a
1895 2748 2012 2786 ma-

354 2825 546 2882 chinis
603 2823 936 2896 gravissime
995 2821 1196 2892 afﬂigi.
1251 2821 1394 2876 Nam
1428 2837 1561 2876 cum
1608 2837 1764 2888 saxa,
1797 2820 1920 2876 calx
1955 2828 2010 2875 et

353 2919 638 2992 quidquid
694 2916 997 2973 hominum
1031 2915 1158 2970 vitae
1195 2913 1524 2978 insidiatur,
1556 2931 1626 2968 ex
1666 2913 1912 2968 collibus
1950 2915 2005 2968 in

358 3009 610 3065 mediam
653 3005 853 3062 urbem
914 3003 1362 3075 conﬁcerentur,
1414 3002 1566 3058 aedes
1625 3002 2006 3058 diruebantur

349 3104 408 3151 et
447 3096 603 3166 putei
659 3093 1090 3150 inﬁciebantur.
1139 3095 1262 3146 Non
1324 3090 1506 3146 multo
1558 3101 1679 3162 post
1715 3091 1906 3146 missis
1934 3092 2007 3146 ab

348 3189 708 3257 imperatore
735 3183 996 3251 auxiliis,
1029 3198 1152 3252 quea
1186 3181 1242 3234 in
1276 3182 1435 3236 Baba
1457 3189 1653 3236 monte
1685 3191 1871 3236 castra
1901 3181 2000 3235 ha-

350 3275 586 3340 bebant,
621 3273 805 3328 tribus
838 3271 1303 3327 adolescentibus
1351 3270 1622 3339 ducibus,
1682 3271 1862 3325 Brana
1894 3271 2002 3326 isto

351 3364 676 3430 Theodoro,
717 3359 1046 3416 Andronico
1106 3358 1447 3415 Cataczlone
1489 3365 1546 3415 et
1581 3363 1790 3415 Cuzanc
1821 3360 2002 3416 ’l‘hco~

354 3454 518 3521 dero,
575 3455 763 3506 Persa
811 3466 876 3506 ea
906 3464 964 3504 re
1003 3455 1291 3519 comperta
1342 3465 1407 3504 ex
1441 3447 1672 3504 insidiis
1729 3465 1825 3504 cos
1873 3458 2004 3504 aute

351 3543 542 3598 lucem
589 3540 798 3607 adorti,
860 3544 920 3594 et
967 3537 1142 3608 tergis
1221 3537 1568 3608 fugientium
1628 3537 2004 3610 inhaerentes,

351 3631 494 3688 alios
552 3629 912 3697 occiderunt,
1000 3627 1145 3682 alios
1203 3631 1504 3698 ceperunt,
1564 3633 1621 3681 et
1695 3628 1841 3683 duos
1895 3628 2001 3683 du—

2117 1129 2212 1203 ῥᾶν
2267 1129 2747 1206 ἐκπολεμωθέντας
2803 1135 2940 1205 ἡμῖν
3006 1127 3316 1208 βαρϐάρους
3373 1133 3440 1202 ἦν
3507 1131 3592 1188 ἀεί
3658 1153 3780 1194 πως

2115 1216 2536 1294 ἐπικρατέστερά
2592 1241 2650 1277 τε
2694 1219 2786 1276 καὶ
2836 1217 3293 1295 δυσαντίϐλεπτα,
3345 1221 3494 1278 ἀλλά
3540 1224 3633 1279 καὶ
3665 1225 3784 1288 καθ’

2111 1305 2185 1362 ’ἑιυ
2234 1309 2300 1363 τὰ
2357 1307 2645 1382 Ῥωμαίων
2701 1308 2932 1384 Πέρσαις
2991 1309 3222 1381 ἐξέκειτο
3275 1311 3413 1386 πρὸς
3445 1311 3779 1388 ἀφάντωσιν.

2117 1400 2206 1468 Μὴ
2263 1400 2364 1475 γὰρ
2421 1405 2501 1472 τῷ
2561 1399 2736 1475 Πέρσῃ
2794 1401 3150 1476 σπεισάμενος
3209 1404 3266 1464 ὅς
3327 1401 3598 1476 ’Λγκύρας
3636 1405 3783 1482 ἦρχε

2113 1495 2214 1557 τῆς
2245 1488 2577 1558 Γαλατικῆς,
2627 1487 2774 1546 ἀλλὰ
2831 1493 2908 1556 πῆ
2969 1491 3064 1562 μέν
3111 1493 3211 1562 τὴν
3247 1493 3358 1565 μετ’
3393 1489 3560 1546 αξιτοῦ
3589 1493 3779 1572 φιλίαν

2115 1580 2243 1651 παρ’
2309 1577 2462 1634 οὐδὲν
2531 1579 2811 1644 τιθέμενος
2870 1579 2946 1642 ὡς
3007 1579 3371 1653 λυμαίνεσθαι
3464 1581 3773 1655 Ῥωμαίους

2115 1667 2220 1722 οὐκ
2251 1661 2502 1742 ἔχοντος,
2558 1675 2634 1736 πῆ
2703 1667 2758 1723 δὲ
2812 1669 2938 1744 περὶ
2997 1670 3096 1738 τήν
3129 1667 3276 1724 δόσιν
3309 1674 3416 1724 τῶν
3473 1670 3765 1744 χρημάτων

2117 1757 2189 1811 ὧν
2253 1757 2386 1832 ὑπὲρ
2439 1759 2662 1830 εἰρήνης
2704 1753 2825 1832 ᾔτει
2884 1757 3447 1834 σμικρολογούμενος,
3480 1757 3769 1814 διετέλεσεν

2117 1842 2170 1906 ἐς
2243 1845 2443 1922 χρόνον
2494 1843 2588 1898 ’ἐνα
2639 1844 2730 1899 καὶ
2793 1851 2970 1918 μῆνας
3137 1845 3327 1919 ἐκείνῳ
3358 1843 3775 1924 διαφερόμενος,

2117 1931 2340 2006 Ἀμέλει
2369 1955 2454 1989 τοι
2505 1931 2596 1988 διὰ
2656 1939 2824 1990 ταῦτα
2881 1935 2911 1988 6'
2972 1956 3031 1990 τε
3092 1935 3255 2006 Κίλιξ
3296 1935 3540 2007 Ἀλέξιος
3571 1935 3668 1991 ὅσα
3699 1933 3780 1990 εἲς

2119 2044 2293 2096 πομεν
2328 2020 2650 2097 διεπράξατο
2698 2025 2846 2100 παρά
2899 2028 2996 2080 τοῦ
3053 2027 3153 2093 τῆς
3211 2025 3482 2100 Ἀγκύρας
3515 2022 3782 2079 δυνάστου

2119 2110 2531 2188 ἐνισχυόμενος,
2577 2111 2611 2182 ἢ
2669 2133 2729 2167 τε
2784 2111 2950 2176 πόλις
3010 2107 3255 2188 Δάδιϐρα
3311 2111 3459 2168 ἑάλω
3517 2114 3781 2186 7.1211129-

2119 2221 2237 2262 σαις
2293 2201 2584 2275 ὑπέκοψεν.
2643 2205 2816 2276 ’Ἄρας
2868 2203 2971 2278 γάρ
3039 2203 3160 2275 μεθ’
3217 2201 3432 2271 ἀπάσης
3481 2202 3508 2255 ὁ
3561 2201 3778 2273 Πέρσης

2121 2291 2284 2346 αὐτοῦ
2343 2294 2428 2366 [Ρ.
2463 2294 2590 2366 305]
2643 2298 2746 2362 τῆς
2795 2288 3070 2364 δυνάμεως
3126 2291 3212 2344 καὶ
3263 2290 3388 2366 περὶ
3417 2290 3778 2360 ταυτηνὶτήν

2119 2379 2284 2435 πόλιν
2345 2379 2532 2455 βαλὼν
2593 2376 2952 2454 στρατόπεδον
3008 2378 3230 2453 ἐπέμειε
3269 2375 3784 2454 πολιορκῶν.Τρι-

2119 2464 2355 2542 ϐομένου
2387 2467 2446 2524 δέ
2479 2472 2577 2525 τοῦ
2635 2467 2824 2545 καιροῦ
2879 2468 2954 2530 είς
3017 2471 3183 2541 μῆνας
3220 2468 3312 2540 μὲν
3343 2470 3376 2536 ἡ
3410 2465 3783 2542 πολιόρκησις

2115 2559 2392 2633 παρετάθη
2450 2559 2732 2634 τέσσαρας,
2793 2557 3080 2630 ἐπικουρία
3123 2555 3168 2612 δ’
3225 2557 3290 2626 ἧν
3355 2553 3609 2630 ούδαμοῦ
3663 2561 3790 2620 τοῖς

2117 2643 2478 2721 Δαδιϐρηνοῖς
2527 2647 2752 2704 ἐπιοῦσα
2808 2647 2867 2704 ἐκ
2921 2652 3028 2702 τῶν
3089 2645 3264 2708 ἐκτός·
3324 2641 3354 2701 δ
3413 2667 3472 2701 τε
3528 2647 3634 2723 γὰρ
3689 2648 3786 2723 βα-

2113 2735 2297 2800 σιλεὺς
2350 2739 2398 2794 εἰ
2455 2739 2543 2794 καὶ
2595 2739 2829 2810 πέμπων
2883 2737 3063 2811 ἐνῆγεν
3123 2734 3316 2798 αὐτοὺς
3371 2736 3616 2811 ἀντέχειν
3657 2757 3774 2813 γεν-

2111 2827 2274 2888 ναίως
2339 2828 2430 2882 καὶ
2509 2829 2898 2902 συμμαχήσειν
2970 2823 3470 2901 κατεπηγγέλλετο,
3540 2818 3770 2898 ἔμελλεν

2111 2913 2190 2969 ἀεί
2223 2935 2340 2978 πως
2379 2915 2468 2970 καὶ
2526 2912 2796 2983 ἀνεδύετο,
2849 2915 2943 2968 καὶ
3001 2915 3053 2968 οἱ
3097 2913 3361 2989 πρόσοροι
3421 2911 3770 2990 Παφλαγόνες

2110 3005 2292 3079 ἀγχοῦ
2341 3026 2446 3060 που
2503 3003 2784 3080 προσιέναι
2839 3003 2931 3058 καὶ
2981 3001 3254 3076 ἐπαμῦναι
3307 2999 3564 3074 οὐδαμῶς
3613 2999 3768 3074 ἐθέρ-

2114 3095 2303 3171 ῥησαν.
2360 3095 2530 3170 Ἀτάρ
2590 3095 2641 3150 οἱ
2701 3093 3167 3168 πολιορκούμενοι
3223 3092 3361 3166 πρὸς
3419 3096 3586 3147 πᾶσαν
3629 3089 3767 3145 ἀπε·

2109 3185 2385 3259 γνώκεσαν
2415 3185 2656 3259 ἀρωγὴν,
2711 3184 2804 3238 καὶ
2863 3180 3028 3252 δῆλοι
3082 3183 3216 3252 ἦσαν
3269 3183 3421 3256 λιμῷ
3450 3181 3772 3252 πιεζόμενοι

2108 3274 2198 3328 καὶ
2228 3280 2349 3336 ταῖς
2380 3267 2744 3347 πετροϐόλοις
2793 3276 3072 3350 μηχαναῖς
3125 3271 3392 3340 ἀνήκεστα
3438 3269 3770 3344 πάσχοντες·

2107 3363 2236 3426 τοὺς
2294 3363 2398 3439 γὰρ
2455 3360 2644 3427 λίθους
2701 3361 2761 3416 ἐκ
2815 3367 2924 3416 τῶν
2986 3358 3178 3432 ἔξωθεν
3236 3358 3500 3437 γηλόφων
3545 3360 3744 3414 κατάτ

2113 3457 2276 3526 μέσον
2317 3453 2556 3532 ἀφιεῖσαι
2613 3459 2713 3522 τῆς
2766 3449 2988 3514 πόλεως
3040 3451 3135 3512 τὰς
3177 3449 3352 3512 οἰκίας
3407 3451 3782 3520 κατήρειπονξ,

2105 3542 2295 3598 τίταιά
2324 3563 2382 3598 τε
2438 3541 2873 3612 διακοντίζουσαι
2931 3541 3022 3596 καὶ
3079 3546 3183 3594 πᾶν
3237 3535 3422 3614 ἕτερον
3461 3538 3774 3610 ἀνθρώποις

2109 3627 2408 3688 ἐπίϐουλον
2483 3627 2944 3708 ἀκροϐολίζουσαι
3001 3629 3067 3684 τὰ
3126 3627 3321 3704 δοχεῖα
3383 3632 3492 3682 τῶν
3565 3623 3779 3682 ὑδάτων

349 3737 446 3778 ces
477 3721 632 3777 inter
659 3724 915 3776 caeteros.
948 3718 1100 3782 Quos
1131 3717 1296 3773 Persa
1317 3717 1588 3773 manibus
1619 3721 1746 3788 post
1775 3721 2000 3790 tergum

2108 3723 2373 3799 ἠφάνιζον
2428 3720 2518 3776 καὶ
2574 3721 2642 3776 τὰ
2697 3721 2839 3776 ποτά
2889 3718 3152 3794 ἡχρείουν
3223 3719 3432 3773 ἑστῶτα
3493 3711 3616 3772 ὅντα
3675 3717 3772 3771 καὶ

349 3811 625 3867 revinctis
679 3809 834 3865 626
887 3807 1144 3878 undique
1198 3805 1628 3862 circumductos
1682 3807 1751 3862 iis
1793 3783 1894 3878 qui
1935 3807 1994 3862 in

2113 3811 2189 3884 μή
2220 3807 2572 3882 πλανώμενα.
2607 3809 2743 3866 Μετ’
2773 3805 2835 3862 ού
2865 3807 3039 3862 πολὺν
3073 3803 3129 3860 δὲ
3159 3826 3280 3861 τινα
3312 3805 3517 3880 χρόνον
3554 3803 3718 3880 βασιλ
3732 3827 3772 3860 ι-

347 3901 639 3956 mmnibus
669 3907 834 3954 erant
875 3895 1233 3966 ostendebat,
1267 3911 1509 3952 monens
1563 3899 1628 3950 ut
1659 3895 1855 3951 urbem
1889 3895 1994 3966 pri-

348 4006 590 4062 usquam
626 3989 760 4044 belli
791 3987 1062 4042 fluctibus
1119 3985 1480 4052 obrueretur,
1526 3985 1634 4039 sibi
1671 3985 1994 4056 gubernan-

341 4081 481 4136 dam
509 4078 806 4134 traderent
837 4092 850 4131 :
888 4091 1069 4146 neque
1099 4073 1252 4130 enim
1280 4088 1441 4144 spem
1476 4071 1679 4129 salutis
1713 4073 1886 4128 ullam
1914 4075 1996 4131 eis

339 4184 688 4240 superesse;
752 4181 938 4236 mque
993 4180 1053 4219 se
1106 4163 1241 4218 inde
1287 4179 1651 4218 recessurum
1692 4163 1803 4218 nisi
1853 4165 1992 4220 urbe

339 4265 686 4332 expugnata.
721 4257 820 4312 His
866 4253 1210 4328 spectaculis
1240 4261 1292 4310 et
1317 4255 1682 4310 sermonibus
1715 4255 1990 4312 Dadibre-

340 4349 402 4404 ni
437 4346 600 4404 fracti
625 4346 698 4402 ad
759 4346 1056 4422 pactiones
1084 4342 1462 4412 descendunt,
1496 4343 1725 4415 iniquas
1755 4345 1989 4416 quidem

340 4437 495 4508 illas,
571 4434 673 4491 sed
728 4451 880 4506 quas
965 4419 1246 4502 temporis
1298 4431 1580 4504 angustiis
1667 4439 1723 4489 et
1776 4419 1989 4489 durum

341 4525 519 4583 telum
606 4524 916 4580 necessitas
991 4519 1341 4592 ﬂagitabant.
1423 4523 1708 4576 Annuunt
1781 4538 1844 4578 se
1899 4536 1988 4578 ur-

341 4615 474 4672 bem
500 4613 729 4686 penitus
759 4613 1110 4673 deserturos,
1154 4614 1219 4664 ut
1247 4609 1456 4680 cuique
1499 4625 1628 4665 cum
1653 4609 1780 4666 suis
1811 4611 1988 4666 caris-

343 4705 510 4762 simis
539 4711 594 4761 et
633 4701 1092 4776 supellectililius
1134 4698 1411 4756 incolumi
1446 4699 1605 4756 abire
1633 4698 1835 4756 liceret
1873 4716 1990 4772 quo

340 4794 551 4852 vellet:
585 4807 772 4866 neque
810 4793 968 4848 enim
993 4789 1282 4846 Barbarus
1324 4804 1422 4844 eos
1453 4788 1510 4844 in
1543 4789 1726 4860 patria
1757 4805 1992 4847 manere

339 4890 396 4940 et
427 4883 644 4940 tributa
690 4881 982 4954 pensitare
1008 4879 1126 4952 pali
1175 4877 1370 4933 voluit.
1406 4877 1508 4932 His
1555 4877 1989 4935 conditionibus

329 4972 716 5043 jurejurando
748 4969 1198 5035 lirmatis,Persa
1227 4967 1428 5022 urbem
1463 4965 1583 5021 suis
1615 4967 1991 5038 popularibus

334 5061 704 5118 incolendam
739 5060 916 5126 dedit,
949 5059 1106 5114 cives
1137 5057 1195 5112 in
1236 5055 1380 5112 alias
1437 5062 1606 5124 atque
1636 5057 1777 5110 alias
1808 5058 1989 5130 regio~

2105 3901 2208 3964 κῆς
2235 3896 2549 3972 ἐπικουρίας
2580 3896 2886 3974 ἀφιγμένης
2918 3895 3007 3951 καὶ
3039 3895 3175 3950 κατά
3216 3893 3310 3949 τὸν
3339 3888 3516 3951 Βάϐαν
3542 3894 3604 3948 τὸ
3635 3889 3768 3970 ὅρος

2105 3985 2497 4060 αὐλισαμένης,
2542 3985 2608 4053 ἧς
2657 3985 2832 4062 ἦρχον
2901 3984 3152 4060 μείρακες
3217 3987 3387 4059 τρεῖς,
3455 3985 3483 4038 6
3551 3986 3766 4058 Βρανᾶς

2107 4077 2264 4140 οὗτος
2320 4072 2624 4150 Θεόδωρος,
2680 4075 2708 4130 ὁ
2771 4073 3103 4131 Κατακαλὼν
3173 4069 3525 4146 Ἀνδρόνικος
3589 4072 3684 4126 καὶ
3736 4072 3766 4126 ὁ

2105 4168 2355 4236 Καζάνης
2409 4163 2711 4242 Θεόδωρος,
2781 4165 2857 4228 ὡς
2923 4160 3154 4238 ᾔσθοντο
3196 4164 3248 4218 οἱ
3291 4161 3510 4237 Πέρσαι,
3553 4160 3768 4237 λόχους

2107 4255 2516 4328 ὑποκαθίζουσι,
2573 4256 2664 4311 καί
2757 4256 2928 4328 μήπω
3006 4249 3482 4328 παρανατειλάσης
3553 4253 3766 4324 ἡμέρας

2104 4346 2413 4418 ἐπιθέμενοι
2479 4345 2568 4400 καὶ
2635 4345 2924 4422 φεύγουσιν
2993 4341 3219 4397 κατόπιν
3283 4339 3622 4414 ἐπικείμενοι
3674 4339 3769 4401 οὕς

2104 4437 2202 4510 μὲν
2257 4429 2514 4503 ἔκτειναν,
2585 4432 2678 4495 οὕς
2745 4431 2803 4488 δὲ
2875 4429 3231 4508 συνειλήφασι
3276 4434 3506 4500 ζῶντας,
3547 4433 3666 4502 μεθ’
3693 4427 3768 4483 ὧν

2102 4523 2346 4588 καὶτοὺς
2393 4520 2488 4578 δύο
2549 4521 2906 4598 στρατηγούς.
2968 4519 3071 4577 Καὶ
3127 4518 3357 4582 τούτους
3390 4539 3767 4592 περιηγκωνι-

2102 4614 2330 4686 σμένους
2410 4612 2506 4674 τὰς
2594 4615 2786 4686 χεῖρας
2847 4608 3038 4682 κύκλῳ
3113 4609 3388 4685 περιάγων
3454 4608 3483 4662 6
3555 4605 3769 4683 Πέρσης

2099 4701 2309 4758 ἐδείκνυ
2352 4707 2470 4764 τοῖς
2539 4699 2628 4756 ἐπὶ
2685 4704 2790 4754 τῶν
2839 4703 3063 4774 τειχῶν,
3113 4699 3204 4752 καὶ
3259 4696 3516 4774 παρῄνει,
3574 4693 3677 4758 ἓως
3725 4699 3762 4765 ἡ

2099 4792 2264 4856 πόλις
2310 4797 2426 4854 τοῖς
2476 4789 2770 4865 πολεμίοις
2820 4785 3150 4851 ἀϐάπτιστος
3195 4787 3424 4862 κύμασι,
3473 4787 3573 4856 τὴν
3618 4785 3759 4840 ἱεκεί-

2101 4904 2200 4954 νης
2254 4879 2560 4961 ἐγχειρίσαι
2618 4879 2766 4952 αὖτῷ
2815 4875 3066 4934 οἷάκισιν·
3133 4874 3274 4951 μηδὲ
3329 4877 3430 4953 γάρ
3493 4875 3551 4930 ἐκ
3601 4871 3761 4930 τοῦδε

2101 4959 2577 5046 σώζεινγέχουσαν
2628 4965 2828 5025 ἐλπίδα
2895 4966 3075 5043 σφίσιν
3141 4964 3554 5043 ὑπολελεῖφθαι,
3625 4959 3760 5032 μηδ’

2099 5059 2159 5116 ἂν
2211 5062 2370 5117 αὐτὸν
2420 5058 2620 5124 ἐκεῖθεν
2677 5055 3096 5134 μετα-θαστεῦσαί
3141 5077 3294 5124 ποτε,
3338 5054 3384 5108 εἰ
3435 5053 3507 5122 μή
3550 5047 3746 5134 ἐγκρα-

337 5165 440 5204 nes
475 5153 530 5204 et
553 5149 724 5204 urbes
738 5157 873 5203 sunt
904 5143 1171 5218 dispersi.
1199 5143 1439 5208 Quidam
1460 5144 1630 5198 etiam
1657 5147 1837 5202 Persa!
1855 5129 1990 5200 con-

2108 5151 2198 5220 τῆετ
2237 5157 2340 5220 τῆς
2383 5149 2602 5210 πόλεως
2648 5147 2882 5224 γένοιτο.
2934 5145 3222 5210 Τοιούτοις
3268 5143 3355 5198 οὗν
3387 5139 3442 5192 οἱ
3469 5129 3749 5210 Δαδιϐρη-

330 5255 518 5304 cessu,
554 5233 941 5308 tuguriolisin
973 5235 1236 5306 proximo
1269 5231 1527 5298 structis,
1562 5249 1759 5290 amore
1791 5235 1990 5306 patria:

329 5335 627 5392 servitutis
677 5335 880 5405 jugum
941 5333 1268 5388 subierunt.
1329 5333 1407 5386 Ac
1441 5348 1573 5386 cum
1627 5332 1766 5388 urbe
1809 5333 1986 5388 Dadi—

326 5425 431 5479 bra
459 5425 570 5479 hoc
605 5425 776 5478 modo
823 5429 1014 5477 actum
1047 5427 1155 5476 est.
1215 5422 1542 5491 Imperator
1582 5425 1777 5476 autem
1814 5423 1986 5494 paulo

323 5521 468 5582 post,
505 5528 645 5584 pace
701 5526 836 5567 cum
892 5510 1066 5566 Persa
1117 5511 1286 5575 facta,
1349 5509 1600 5564 libenter
1643 5509 1721 5570 ei.
1753 5511 1984 5567 deterso

328 5603 564 5670 pudore,
597 5615 666 5654 ea
719 5599 882 5654 dedit
911 5613 1041 5669 quae
1071 5602 1204 5653 ante
1239 5596 1392 5652 illius
1425 5598 1584 5652 urbis
1625 5597 1981 5656 deditionem

329 5688 670 5759 postularat.

2099 5241 2180 5294 νοὶ
2257 5239 2484 5312 θεάμασι
2579 5237 2671 5294 καὶ
2773 5236 3080 5310 ἀκούσμασι
3173 5227 3622 5292 κατακλεισθέντες
3689 5224 3756 5279 τὸ

2097 5329 2387 5403 πρόθυμον
2444 5327 2734 5402 τρέπονται
2819 5327 2956 5398 πρὸς
3034 5319 3330 5400 συμϐάσεις
3409 5315 3760 5394 ἀσυμφόρους

2100 5418 2220 5492 μὶν,
2269 5418 2458 5480 ὁαοίας
2513 5413 2558 5472 δ’
2609 5415 2893 5472 ἐπέταττεν
2951 5416 2980 5470 ὁ
3035 5414 3224 5488 καιρὸς
3257 5411 3496 5484 ἀκμαῖος
3528 5404 3766 5478 ἐφεστὼς

2093 5508 2184 5562 καὶ
2233 5507 2428 5580 τομὸς,
2483 5505 2832 5562 κατανεύουσι
2893 5525 2952 5560 τε
2997 5505 3096 5573 τὴν
3147 5501 3243 5576 μὲν
3299 5497 3465 5555 πόλιν
3516 5493 3764 5552 ἐκλιπεῖν

2094 5593 2362 5666 πανσυδί,
2422 5593 2636 5672 βαδίσαι
2707 5591 2753 5648 δ’
2819 5591 3047 5648 ἕκαστον
3124 5595 3306 5646 κακῶν
3374 5587 3555 5656 ἀπαθῆ
3630 5585 3769 5656 μετά

2091 5688 2198 5740 τῶν
2262 5683 2538 5764 φιλτάτων
2609 5682 2760 5760 σφίσι
2831 5679 2922 5736 καὶ
2987 5684 3092 5736 τῶν
3145 5680 3397 5751 κτήσεων
3455 5677 3524 5748 ἢν
3575 5671 3638 5730 ’ἀν
3679 5671 3769 5728 al-
