4102 6424
349 424 468 484 849
1270 427 1375 486 DE
1415 425 1704 487 ALEXIO
1747 423 1997 484 lSAACl

2108 421 2376 482 LNGELI
2421 421 2546 482 FR.
2597 423 2743 481 LIB.
2791 422 2841 482 ῐ.
3657 423 3782 483 850

351 564 536 632 ροῖντο
597 559 937 630 στείλασθαι,
997 561 1113 616 ἐπεί
1176 557 1308 634 μηδ’
1367 557 1612 634 εὕρισκον
1671 559 1764 614 τὸν
1821 551 2094 633 βάρϐαρον
2154 555 2332 628 μένειν
2379 555 2578 620 αὐτοὺς
2635 556 2772 612 κατὰ
2831 557 3018 634 γώραν
3052 555 3223 612 ἐῶντα
3275 556 3366 612 καὶ
3394 557 3594 632 φόρους
3627 559 3778 630 αὐτῷ

351 649 728 706 κατατίθεσθαι
787 651 1042 706 ὁπωσοῦν
1109 649 1504 723 συντιθέμενον.
1565 653 1710 706 Ταῦτ
1769 646 1871 722 ἄρα
1945 646 2037 701 καὶ
2085 644 2262 720 ὅρκων
2319 645 2704 722 γεγενημένων
2762 647 2790 700 ὁ
2852 647 2947 720 μὲν
3017 643 3228 721 Πέρσης
3285 649 3406 722 εἷχε
3458 649 3557 716 τὴν
3606 647 3769 703 πόλιν

353 738 443 792 καὶ
476 744 593 802 τοῖς
655 739 716 794 ἐκ
773 743 868 794 τοῖ’)
924 737 1112 814 γένους
1172 735 1392 793 δίδωσιν
1452 737 1622 805 αὐτὴν
1681 735 1760 798 εἷς
1816 734 2115 805 ἐνοίκησιν,
2173 735 2331 790 αὐτοὶ
2363 733 2420 790 δὲ
2478 735 2896 809 μεταναστάντες
2956 733 3154 791 ἐκεῖθεν
3217 737 3336 791 καθ’
3367 735 3548 813 ἒτέρας
3586 737 3777 813 χώρας

353 828 446 880 καὶ
501 827 697 905 πόλεις
755 826 1142 905 διεσπάρησαν·
1203 825 1412 882 πολλοὶ
1475 823 1532 881 δέ
1583 833 1686 894 τῆς
1733 823 1993 898 πατρίδος
2049 823 2291 898 ἄγχιστα
2347 827 2653 900 πηξάμενοι
2701 826 2931 900 μόσυνα,
2991 824 3134 881 οὕτω
3187 822 3380 882 δοκοῦν
3443 831 3524 898 τῷ
3594 829 3773 903 Πέρσῃ

357 917 722 991 προσέμειναν
782 916 1033 974 δούλειον
1114 915 1408 979 ὕποδύντες
1475 917 1657 988 ζυγὸν,
1717 917 1800 974 οἷς
1857 915 1893 982 ἡ
1965 916 2066 977 τῆς
2123 911 2488 990 ἐνεγκαμένης
2553 913 2834 990 γλυκύτης
2898 917 2966 989 τῇ
3025 918 3218 990 μνήμῃ
3277 917 3594 990 προσίζανεν
3649 917 3776 972 ἀνα-

353 1009 639 1068 πόνιπτος.
701 1005 808 1061 Καὶ
855 1009 1108 1060 τοιοῦτον
1169 1004 1262 1076 μὲν
1321 1006 1390 1076 τῇ
1450 1001 1610 1057 πόλει
1665 993 1904 1074 Δαδίϐρῃ
1973 997 2137 1060 τέλος
2193 997 2522 1070 ἀπήντησεν·
2569 1002 2596 1055 ὁ
2655 998 2713 1056 δέ
2775 999 3031 1076 βασιλεὺς
3083 1003 3216 1076 μετὰ
3257 997 3438 1078 ϐραχὺ
3485 1007 3566 1074 τῷ
3599 1002 3776 1076 Πέρσῃ

357 1095 717 1167 σπεισάμενος
773 1091 1051 1150 ἀπέδωκεν
1138 1091 1419 1154 ὄίσπασίως
1489 1091 1590 1146 ὅσα
1669 1091 1776 1166 πρὸ
1823 1093 1921 1144 τοῦ
2002 1086 2210 1142 ἁλῶναι
2269 1084 2537 1165 Δάδιϐραν
2592 1089 2856 1164 ἀπῃτεῖτο
2913 1092 3198 1166 χρήματα,
3259 1093 3334 1154 ὡς
3393 1091 3445 1163 ἐξ
3503 1091 3770 1180 ὄμμάτων

355 1184 518 1241 οὖσαν
547 1185 647 1254 τὴν
686 1183 812 1240 τότε
841 1183 1106 1258 αἰσχύνην
1125 1183 1338 1258 ταχέως
1371 1180 1834 1257 ἀποτριψάμενος.

423 1301 584 1362 Ἀλλ’
617 1299 678 1356 οὔ
698 1323 784 1356 πω
809 1303 846 1371 ἡ
872 1301 1162 1375 Ῥωμαίων
1208 1299 1356 1374 ἀρχὴ
1397 1301 1496 1369 τὴν
1561 1297 1746 1372 ἅλμην
1801 1295 1997 1364 ταύτην

2194 1297 2343 1354 627
2381 1297 2490 1352 Vix
2521 1300 2912 1354 Romanorum
2961 1299 3275 1372 imperium
3333 1301 3406 1356 ab
3461 1301 3572 1358 hoc
3620 1301 3776 1358 malo

345 1391 644 1448 ἀπέπτυσεν
721 1391 966 1446 ἀνένευσέ
1053 1409 1111 1446 τε
1193 1393 1443 1464 καθαρῶς
1527 1387 1618 1442 καὶ
1703 1385 2009 1455 ἀνέπνευσε,

348 1481 440 1536 καὶ
501 1477 813 1534 δεινοτέοων
885 1476 1226 1554 ἀγγέλμασιν
1287 1475 1652 1549 ἀκουσμάτων
1744 1474 2009 1550 βάλλεται

350 1570 674 1638 eum»,sz
700 1573 808 1625 τῶν
846 1568 1155 1624 ἐνεστώτων
1213 1570 1296 1642 [Ρ.
1358 1569 1486 1640 30’5]
1531 1565 1666 1636 ἦσαν
1723 1565 1791 1620 τά
1839 1584 2011 1638 προσ-

354 1657 646 1732 δοκώμενα
727 1655 1150 1736 δυσαχθέστερα,
1224 1655 1278 1712 εἴ
1329 1677 1392 1732 γε
1449 1655 1514 1712 τά
1576 1655 1668 1728 μὲν
1723 1653 2006 1709 ὗπέσαινον

348 1747 660 1822 ἐλευθερίας
690 1745 1192 1821 ἐγκαταλείμμασιν
1252 1745 1360 1800 ἀπὸ
1421 1744 1618 1819 μέρους
1685 1741 2006 1820 ἀλγύνοντα,

346 1839 415 1892 τΞι
473 1835 518 1891 δ’
578 1836 639 1892 ἐκ
691 1841 798 1890 τῶν
866 1835 1132 1911 ἐσπερίων
1191 1833 1358 1899 ἐθνῶν
1417 1831 1698 1910 βάλλοντα
1754 1831 2006 1887 δουλείαν

348 1930 617 2001 παρεῖχον
692 1923 1050 1996 φαντάζεσθαι
1112 1923 1370 2000 παγγενεὶ
1431 1916 1859 1998 προϐησομένην
1917 1919 2007 1976 καὶ

347 2013 830 2070 δυσαπάλλακτον.
863 2015 924 2071 Ὁ
950 2013 1054 2090 γάρ
1109 2011 1176 2083 δὴ
1235 2013 1359 2069 τότε
1409 2017 1624 2088 κρατῶν
1681 2015 1788 2066 τῶν
1836 2008 2006 2066 Ἀλα-

351 2109 532 2175 μςινῶν
591 2103 896 2176 Ἀμερίγος
957 2103 984 2156 ὁ
1033 2106 1137 2157 τοῦ
1208 2097 1550 2176 Φρεδερίχου
1614 2099 1754 2168 υίὸς,
1821 2098 1880 2162 ὅς
1954 2096 2008 2153 ἐν

346 2199 414 2267 τῇ
449 2195 583 2248 κατᾶ
617 2191 982 2264 Παλαιστίνην
1015 2189 1194 2266 ἀνόδῳ
1248 2191 1318 2248 τὰ
1381 2191 1584 2248 ὕστατα
1659 2189 1856 2265 νίπτρα
1905 2189 2006 2246 λέ-

346 2280 537 2337 λουται
587 2281 848 2357 ποταμίῳ
922 2281 1260 2356 ἐναποψύξας
1353 2281 1604 2356 ῥεύματι,
1687 2279 1870 2344 γαθὼς
1955 2277 2006 2334 ἐν

340 2375 458 2434 τοῖς
489 2372 625 2426 κατὰ
650 2371 744 2427 τὸν
804 2371 1074 2448 Ἄγγελον
1136 2368 1326 2446 λόγοις
1381 2369 1690 2446 ἱστόρηται,
1751 2369 1851 2438 τὴν
1900 2389 2004 2424 πα-

343 2461 522 2535 τρῴαν
577 2457 832 2538 είληιρὼς
880 2457 1164 2534 βασιλείαν
1222 2456 1479 2513 Σικελίαν
1536 2479 1594 2513 τε
1651 2456 2004 2532 παραστησά-

349 2568 510 2622 μενος
577 2548 666 2602 καὶ
710 2547 949 2606 Ἰταλίαν
1013 2546 1449 2622 ὑπαγαγόμενος,
1545 2545 1633 2600 ἐπὶ
1711 2545 1854 2619 τῷδε
1909 2547 2002 2600 καὶ

2119 1386 2452 1457 respirarat,
2495 1402 2633 1442 cum
2691 1385 2790 1442 alii
2829 1387 3022 1444 nuntii
3075 1389 3369 1460 graviores
3429 1390 3774 1460 afferuntur,

2119 1479 2177 1531 et
2210 1475 2405 1531 futura
2455 1479 2732 1546 majorem
2783 1475 3042 1532 dolorem
3102 1479 3354 1533 alfcrunt
3402 1496 3578 1551 quam
3631 1497 3776 1552 pra:-

2119 1566 2334 1620 sentia.
2366 1565 2508 1620 Nam
2559 1565 2681 1620 haec
2713 1565 2976 1636 quidem,
3019 1568 3294 1637 quamvis
3322 1583 3392 1622 ex
3446 1577 3610 1640 parte
3651 1587 3772 1626 mo-

2119 1652 2348 1709 lestiam
2395 1655 2697 1721 baberent,
2747 1658 2942 1710 tamen
2993 1653 3278 1710 libertatis
3327 1657 3626 1713 nonnullis
3684 1677 3759 1716 re-

2117 1742 2316 1815 liquiis
2367 1743 2846 1798 blandiebantur.
2880 1743 3016 1806 Quae
3081 1751 3274 1799 autem
3308 1745 3380 1800 ab
3407 1745 3775 1802 occidentali-

2118 1832 2228 1887 bus
2285 1832 2557 1902 gentibus
2603 1831 3006 1897 imminebant,
3046 1849 3115 1888 ea
3165 1833 3507 1890 servitutem
3550 1837 3780 1892 univer-

2117 1938 2240 1978 sam
2257 1927 2310 1977 et
2330 1930 2666 1994 perpetuam
2687 1923 3131 1978 minitabantur.
3154 1923 3298 1979 Nam
3317 1923 3774 1982 Alamannorum

2116 2025 2212 2065 rex
2245 2011 2574 2080 Amerigus,
2635 2009 2912 2065 Friderici
2949 2009 3126 2076 ﬁlius,
3162 2011 3264 2082 qui
3294 2011 3354 2066 in
3405 2012 3776 2083 expeditione

2114 2097 2422 2152 Palaestina
2452 2098 2796 2153 submersus
2831 2103 2942 2164 est,
2989 2105 3054 2154 ut
3079 2100 3137 2153 in
3185 2099 3392 2155 lsaacii
3422 2101 3624 2172 Angeli
3672 2103 3779 2161 im.

2113 2188 2271 2260 pel-io
2293 2188 2571 2254 diximus,
2605 2193 2848 2258 paterno
2880 2188 3210 2260 principatu
3235 2195 3526 2260 suscepto,
3575 2191 3778 2247 Sicilia

2110 2282 2166 2332 et
2236 2275 2400 2332 [talia
2471 2277 2754 2344 subactis,
2831 2277 3122 2332 Romanos
3187 2275 3347 2349 ipsos
3425 2278 3770 2346 lacessebat,

2112 2381 2398 2420 novarum
2433 2381 2626 2420 rerum
2667 2364 3006 2437 importune
3049 2365 3322 2437 cupidus,
3383 2371 3441 2422 et
3473 2373 3773 2436 grassator

2110 2445 2488 2510 inevitabilis.
2521 2453 2718 2526 Neque
2749 2459 2949 2510 tamen
2984 2455 3180 2511 statim
3207 2455 3504 2512 Romanos
3529 2456 3767 2524 invasit,

2111 2544 2190 2600 rei
2221 2542 2568 2600 difticultate
2623 2543 2966 2616 deterritus,
3001 2545 3210 2616 positis
3239 2545 3431 2600 adhuc
3461 2545 3534 2601 ob
3565 2545 3768 2601 oculos

341 2636 641 2708 Ῥωμαίοις
691 2635 881 2696 αὐτοῖς
947 2635 1208 2712 ἐπεφύετο
1294 2639 1634 2711 πραγμάτων
1723 2633 1997 2710 νεωτέρων

2117 2639 2454 2690 nostrorum
2523 2638 2726 2690 contra
2789 2632 3016 2690 Siculos
3077 2634 3324 2690 fortibus
3383 2635 3766 2702 facinoribus,

342 2723 544 2788 ἄτοπος
577 2722 650 2778 ὥν
708 2725 936 2800 ἐραστής
993 2724 1083 2779 καὶ
1145 2723 1332 2799 ῥέκτης
1391 2729 1572 2779 κακῶν
1641 2721 2001 2779 δυσαπάλλα-

339 2835 492 2876 κτος.
526 2814 640 2871 Ούκ
679 2811 874 2884 ἀνέδην
923 2811 981 2868 δὲ
1023 2813 1114 2868 καὶ
1151 2811 1340 2868 αὐτίκα
1395 2811 1694 2886 Ῥωμαίοις
1749 2813 1814 2882 ἦν
1871 2813 2000 2891 ἐφε-

340 2901 569 2980 δρεύων,
595 2905 656 2958 τὸ
699 2907 802 2968 τῆς
864 2901 1238 2982 ἐγχειρήσεως
1302 2898 1538 2978 ἐργῶδες
1609 2897 2000 2974 ὑποδλεπόμι-

337 3013 450 3062 νος,
476 2991 566 3046 καὶ
595 2987 673 3046 ἔτι
705 2987 850 3066 ἔχων
881 2998 999 3052 τοῖς
1049 2987 1366 3068 ὀφθαλμοῖς
1426 2989 1762 3066 προκείμενα
1827 2991 2002 3045 ὁπόσα

333 3080 771 3156 Ῥωμαῖοικατά
832 3079 1136 3136 Σικελικῶν
1189 3076 1515 3154 ἠνδρίσαντο
1585 3079 1641 3142 ἐς
1697 3079 1798 3148 τήν
1859 3081 1998 3151 ἡμε-

335 3171 490 3246 τέραν
529 3170 730 3244 πρώην
762 3165 1246 3244 παρευϐαλόντων,
1302 3168 1394 3223 καὶ
1447 3169 1595 3244 παρά
1648 3171 1746 3224 τοῦ
1802 3168 1998 3223 πάππα

337 3255 394 3314 δὲ
423 3263 524 3324 τῆς
573 3253 943 3332 πρεσϐυτέρας
995 3257 1219 3326 Ῥώμης
1270 3256 1372 3312 οὐκ
1436 3250 1662 3312 ἔλαττον
1721 3257 1998 3332 ἀνασειρα-

339 3347 567 3420 ζόμενος
597 3353 696 3416 τῆς
729 3345 1058 3421 προθέσεως.
1104 3346 1329 3420 Πέμψας
1381 3347 1472 3402 οὖν
1534 3341 1792 3420 πρέσϐεις
1861 3347 1996 3422 πρὸς

337 3436 429 3490 τὸν
463 3435 1131 3509 αὐτοκράτορκῚσαάκιον
1191 3433 1278 3507 (οὒ
1338 3435 1442 3511 γὰρ
1500 3455 1588 3489 πω
1644 3441 1746 3505 τῆς
1811 3433 1994 3510 ἀρχῆς

339 3524 758 3599 ἐξωστράκιστο)
817 3524 990 3586 αἰτίας
1065 3522 1294 3598 συνείρει
1377 3522 1637 3578 ἀναιτίου
1724 3521 1990 3594 δήπουθεν

339 3611 686 3676 διαστάσεως.
719 3615 932 3685 Ἐαυτῷ
959 3613 1062 3688 γάρ
1122 3612 1415 3686 ἀπεμέριζε
1476 3613 1566 3668 καὶ
1622 3613 1990 3690 προσῳκείου,

339 3701 549 3775 ὠςῆδη
595 3703 853 3765 Σικελίας
899 3703 1289 3773 ἐξουσιάζοντι,
1345 3703 1440 3765 τὰς
1502 3703 1552 3776 ἐξ
1607 3703 1779 3772 αὐτῆς
1839 3703 1995 3758 Ἐπι-

337 3791 541 3868 δάμνοτ
575 3792 741 3868 μέχρι
772 3793 863 3847 καὶ
905 3794 1005 3862 τὴς
1069 3792 1472 3867 μεγαΛωνύμου
1532 3791 1752 3856 πόλεως
1797 3799 1994 3848 Θεσσα-

334 3883 564 3954 λονίκης
621 3883 939 3956 Ῥωμαϊκὰς
998 3881 1352 3952 ἁπαξαπάσας
1413 3883 1602 3959 χώρας
1671 3883 1744 3944 ὡς
1835 3882 1993 3957 νόμῳ

337 3973 688 4047 ὑπικυψάσας
739 3968 991 4044 πολέμου
1045 3975 1124 4042 τῷ
1178 3975 1285 4028 τῶν
1345 3970 1588 4027 Σικελῶν
1633 3977 1740 4046 πρὸ
1795 3970 1989 4046 τρίτης

2116 2739 2247 2778 cum
2283 2723 2508 2794 pridem
2569 2723 2626 2778 in
2665 2722 2992 2793 provincias
3021 2729 3255 2780 nostras
3284 2723 3568 2796 impetum
3601 2725 3768 2782 fecis-

2111 2818 2266 2878 sent,
2289 2817 2347 2868 et
2375 2829 2409 2868 a
2439 2813 2648 2868 veteris
2682 2817 2875 2868 Romae
2921 2817 3076 2886 Papa
3109 2812 3178 2868 ab
3211 2815 3478 2870 instituto
3509 2815 3770 2870 retrahe-

2111 2912 2290 2958 retur.
2325 2900 2524 2957 Missis
2562 2899 2743 2972 igitur
2791 2903 2860 2956 ad
2898 2901 3184 2958 Isaacium
3231 2901 3438 2976 legatis
3479 2903 3766 2974 (nondum

2109 2992 2264 3048 enim
2304 2989 2353 3045 is
2420 2990 2668 3061 imperio
2728 2991 3042 3062 exciderat)
3096 3007 3338 3047 causam
3379 2992 3766 3049 dissensionis

2109 3081 2344 3136 inanem
2380 3080 2722 3150 quaeritans,
2754 3079 3051 3136 Romanas
3083 3082 3410 3149 provincias
3453 3098 3659 3138 omnes
3692 3083 3762 3138 ab

2107 3170 2433 3244 Epidamno
2499 3187 2686 3243 usque
2717 3171 2787 3226 ad
2830 3171 3106 3242 inclytam
3151 3172 3355 3228 urbem
3388 3173 3768 3230 Thessaloni-

2105 3259 2364 3317 censium
2395 3258 2508 3315 sibi
2540 3265 2606 3314 ut
2636 3259 2851 3315 Siciliae
2911 3259 3034 3332 regi
3092 3261 3448 3330 vindicabat,
3507 3267 3572 3316 ut
3628 3259 3763 3318 belli

2098 3351 2236 3422 jure
2265 3365 2453 3420 nuper
2483 3365 2518 3404 a
2549 3348 2744 3405 Siculo
2788 3349 3042 3405 exercitu
3077 3350 3373 3406 subactas.
3412 3351 3566 3408 028
3614 3353 3760 3408 Nam

2105 3439 2254 3512 quod
2301 3438 2350 3493 is
2398 3438 2634 3492 tandem
2671 3455 2702 3492 a
2734 3437 3014 3494 Romanis
3080 3438 3428 3513 proﬂigatus
3473 3449 3647 3512 esset,
3697 3441 3759 3496 id

2103 3528 2306 3582 fraude
2337 3529 2554 3583 factum
2607 3529 2928 3599 asserebat,
2961 3527 3022 3584 in
3053 3529 3179 3584 suis
3215 3531 3636 3602 cupiditatibus
3669 3532 3754 3587 fu-

2102 3616 2304 3674 candis
2333 3617 2630 3673 fabulator
2649 3617 2922 3690 insignis.
2944 3621 3452 3676 Commemorabat
3479 3620 3678 3686 etiam,
3701 3625 3758 3676 et

2103 3703 2327 3777 iniquis
2388 3705 2661 3762 lancibus
2720 3707 3082 3778 ponderabat
3112 3713 3388 3778 paternas
3447 3709 3760 3779 offensas;

2105 3809 2210 3850 nec
2243 3810 2340 3850 eas
2371 3803 2634 3850 recentes
2673 3795 2978 3864 duntaxat,
3030 3796 3128 3851 sed
3161 3801 3384 3852 veteres
3413 3796 3614 3864 etiam,
3645 3799 3760 3852 Ma-

2107 3881 2297 3939 nuelis
2345 3883 2586 3939 solertia
2635 3883 2844 3940 veteris
2904 3883 3100 3940 Romae
3144 3888 3297 3956 Papa
3345 3889 3550 3942 contra
3589 3886 3760 3942 illum

2107 3974 2422 4041 concitato,
2453 3973 2627 4043 cujus
2675 3972 2967 4030 Manuelis
3001 3990 3176 4045 opera
3227 3975 3402 4032 etiam
3453 3975 3615 4033 Italia
3638 3994 3764 4034 exa-

339 4060 720 4140 στρατεύματι·
775 4062 874 4130 τήν
935 4061 1040 4136 γάρ
1097 4059 1264 4129 ἧτταν
1321 4059 1530 4116 τούτων
1579 4061 1670 4116 καὶ
1727 4061 1990 4133 κατατρόο

2108 4066 2236 4118 ctus
2266 4032 2424 4119 esset
2454 4032 2634 4135 pater.
2682 4065 2768 4119 Ita
2799 4032 3081 4118 obsoletis
3111 4063 3458 4120 criminibus
3490 4032 3770 4138 perfricta

333 4171 508 4206 πωσιν
557 4150 676 4205 κατ’
735 4147 946 4218 ἀπάτην
1011 4143 1168 4222 ἔλεγε
1241 4147 1537 4222 Ῥωμαίων
1607 4155 1998 4222 προσυπαντῆ-

333 4263 445 4308 σαι,
480 4239 589 4317 οὐχ
647 4239 845 4308 ἣκιστα
897 4238 1119 4292 πάντων
1184 4237 1490 4313 λογοποιὸς
1546 4239 1600 4292 ἐν
1654 4244 1771 4300 τοῖς
1829 4239 1991 4294 ἁνδά-

333 4348 516 4382 νουσιν
559 4325 968 4401 εὑρισκόμενος.
1010 4325 1362 4401 Ἑλογίστευε
1405 4324 1462 4380 δὲ
1517 4326 1607 4381 καὶ
1665 4325 1842 4389 λύπας
1897 4328 1995 4390 τὰς

331 4419 428 4470 τοῦ
457 4414 684 4490 πατρὸς,
739 4413 830 4468 καὶ
881 4412 1166 4486 σταθμίοις
1234 4412 1296 4468 ού
1356 4411 1590 4475 δικαίοις
1646 4415 1814 4476 αὐτὰς
1871 4413 1993 4471 ἔτα-

332 4503 604 4575 λάντευεν,
646 4503 708 4558 οὗ
734 4504 830 4566 τὰς
861 4503 1212 4580 προσφάτους
1246 4503 1435 4576 μόνον,
1486 4501 1633 4559 ἀλλά
1691 4506 1783 4560 καί
1842 4504 1995 4567 ὅσαις

329 4595 529 4658 ἐκεῖνος
609 4593 668 4649 ἐκ
728 4593 947 4650 πολλοῦ
1007 4592 1444 4665 προσεπάλαισε,
1501 4601 1602 4664 τῆς
1658 4592 1992 4671 παλαιτέρας

328 4685 530 4759 Ρώμης
587 4679 996 4757 ἐκδιιστάμενος
1052 4688 1172 4744 ταῖς
1225 4687 1324 4738 τοῦ
1384 4683 1656 4758 βασιλέως
1717 4683 1988 4754 Μανουὴλ

328 4773 638 4850 ἀγχινοίαις
677 4773 767 4828 καὶ
827 4771 1064 4836 Ἰταλίας
1119 4772 1379 4836 ὡσαύτως
1441 4770 1986 4852 ἐκσφενδονούμενος.

329 4867 428 4920 Καὶ
459 4867 630 4920 ταῦτα
669 4861 738 4934 δὴ
785 4862 852 4917 τὰ
908 4862 1014 4937 πρὸ
1075 4859 1378 4918 Εὐκλείδου
1435 4862 1825 4926 ἀνυποστόλως
1865 4865 1991 4920 ἀνα-

327 4957 490 5009 κινῶν
520 4951 685 5022 ἢθελε
727 4951 1038 5024 Ῥωμαίους
1070 4951 1326 5028 χρήμασι
1389 4950 1672 5028 μεγίστοις
1729 4951 1990 5028 πρίασθαι

325 5043 425 5112 τὴν
458 5041 684 5117 εἰρήνην
721 5039 758 5110 ἤ
797 5037 1245 5112 πολεμησείοντα
1269 5043 1461 5096 τοῦτον
1518 5039 1578 5096 ἐκ
1625 5045 1723 5097 τοῦ
1799 5041 1991 5097 αὐτίκα

332 5128 480 5198 μάλα
536 5127 1062 5204 καθυπεκδέχεσθαι.
1119 5130 1463 5202 Προσαπήτει
1518 5127 1594 5203 δέ,
1663 5129 1739 5192 ὡς
1785 5131 1832 5185 εἰ
1891 5152 1984 5188 κυ-

335 5216 464 5287 ρίων
500 5223 689 5295 κύριος
753 5219 1097 5288 καθειστήκει
1155 5217 1245 5272 καὶ
1307 5217 1563 5294 βασιλεὺς
1618 5217 1984 5278 άναδέδεικται

331 5303 619 5376 βασιλέων,
667 5308 997 5383 συνάρασθαι
1052 5315 1169 5369 τοῖς
1217 5307 1357 5362 κατᾶ
1415 5307 1786 5380 Παλαιστίνην
1844 5311 1986 5384 ὁμο-

2106 4151 2294 4207 fronte
2326 4153 2702 4222 renovandis,
2738 4151 3018 4208 Romanis
3051 4157 3152 4208 aut
3170 4167 3370 4222 pacem
3394 4154 3652 4210 maxima
3671 4172 3766 4227 pe-

2105 4239 2280 4294 cunia
2312 4239 2738 4303 redimendam,
2773 4243 2876 4296 aut
2909 4238 3126 4296 bellum
3161 4240 3360 4296 statim
3395 4241 3762 4300 tolerandum

2104 4325 2514 4386 arbitrabatur.
2587 4328 2867 4384 Pra-terea
2941 4333 3220 4400 tanquam
3292 4347 3390 4386 rex
3445 4347 3642 4402 regum
3707 4339 3766 4390 et

2105 4415 2424 4488 imperator
2497 4419 2912 4488 imperatorum
2964 4417 3316 4490 postulabat,
3368 4425 3431 4476 ut
3486 4423 3766 4480 Romanis

2105 4506 2230 4561 suis
2283 4506 2339 4561 in
2401 4506 2710 4563 Palaestina
2791 4507 3172 4580 pepularibus
3247 4511 3480 4567 navalia
3548 4513 3766 4570 auxilia

2101 4596 2412 4652 mitterent.
2443 4599 2523 4653 Ad
2558 4613 2688 4670 quae
2717 4613 2850 4653 cum
2903 4598 3225 4672 imperator
3251 4601 3674 4674 rescripsisset,
3707 4607 3766 4660 et

2101 4686 2292 4741 virum
2328 4702 2444 4742 non
2505 4687 2824 4743 obscurum
2857 4689 2928 4743 ad
2973 4705 3103 4744 eum
3153 4687 3534 4763 ablegasset:
3585 4691 3759 4764 legati

2103 4775 2176 4830 ab
2211 4791 2278 4830 eo
2319 4780 2626 4846 venerunt,
2659 4793 2908 4847 quorum
2943 4777 3090 4832 alter
3116 4776 3294 4833 homo
3337 4780 3762 4851 superciliosos

2100 4868 2246 4932 erat,
2279 4869 2422 4921 eteo
2440 4867 2682 4920 nomine
2714 4867 3025 4938 superbus,
3059 4868 3213 4937 quod
3245 4867 3477 4938 regisin
3511 4870 3762 4940 pueritia

2102 4969 2300 5010 curam
2371 4955 2674 5026 gessisset.
2729 4955 2872 5024 Ejus
2930 4954 3242 5028 legationis
3317 4973 3554 5012 summa
3613 4965 3762 5028 erat,

2101 5043 2488 5115 plurimorum
2545 5043 2900 5099 talentorum
2956 5043 3287 5115 postulatio,
3338 5049 3674 5120 arrogantia
3703 5055 3759 5106 et

2099 5131 2414 5188 insolentia
2444 5133 2642 5198 verba,
2699 5149 2891 5188 rerum
2924 5133 2998 5188 ab
3049 5132 3392 5192 Alemannis
3451 5142 3754 5209 gestarum

2095 5221 2350 5294 gloriosa
2390 5221 2894 5287 commemoratio,
2953 5222 3168 5294 quibus
3217 5224 3516 5283 auditores
3567 5227 3761 5302 decipi

2097 5309 2306 5366 solent.

327 5391 533 5466 γενέσιν
566 5394 755 5469 ἐκείνῳ
789 5393 860 5451 δι’
891 5395 1208 5466 ἀποστολῆς
1239 5404 1595 5472 ναυμαχικῆς
1627 5403 1903 5474 στρατιᾶς.
1936 5397 2472 5460 ’Λντὲπιστείλαντος
2505 5395 2562 5454 δὲ
2591 5400 2728 5474 πρὸς
2766 5405 2936 5456 ταῦτα
2965 5404 3064 5456 τοῦ
3107 5399 3377 5466 βασιλέως
3432 5405 3523 5460 καὶ
3581 5402 3752 5481 ἄνδρα

328 5485 438 5536 τῶν
474 5481 574 5537 ούκ
599 5483 830 5556 ἀσήμων
862 5480 1199 5558 πρεσϐευτὴν
1234 5484 1569 5554 στείλαντος,
1601 5483 1855 5563 πρέσϐεις
1887 5488 2087 5553 ἐκεῖθεν
2115 5485 2395 5566 ἀφίκοντο,
2423 5489 2498 5542 ὧν
2533 5487 2722 5564 ἅτερος
2757 5491 2927 5564 βαρὺς
2984 5489 3052 5560 ἦν
3112 5491 3212 5560 τήν
3270 5491 3438 5570 ὀφρὺν
3504 5495 3596 5548 καὶ
3654 5480 3750 5551 πε-

331 5571 512 5646 ριττὸς
543 5575 622 5643 τῷ
652 5569 1060 5646 παιδοκομῆσαι
1084 5575 1174 5630 τὸν
1208 5574 1372 5652 ῥῆγα.
1403 5577 1502 5630 Ἦν
1536 5574 1594 5632 δὲ
1621 5577 1711 5632 καὶ
1739 5579 1806 5634 τὰ
1837 5575 1905 5634 δι’
1937 5577 2115 5633 αὐτῶν
2152 5572 2556 5654 πρεσϐευόμενοι
2613 5596 2724 5654 χρη
2737 5582 2922 5653 μάτων
2987 5575 3274 5643 ἀποδόσεις
3315 5569 3746 5640 πολυταλάντων

326 5657 634 5729 ἀλαζονεῖαί
673 5680 732 5714 τε
768 5661 858 5714 καὶ
888 5661 1095 5734 κόμποι
1128 5665 1213 5718 καὶ
1253 5663 1398 5739 αύχη
1412 5665 1595 5738 μάτων
1626 5664 1918 5742 ἐγχωρίων
1947 5665 2274 5743 κατάλογοι,
2299 5662 2368 5720 δι’
2399 5667 2474 5720 ὧν
2503 5688 2639 5722 κατα
2671 5666 3048 5725 πολιτεύονται
3082 5669 3134 5723 οἱ
3165 5665 3477 5733 ἀκούοντες.
