4102 6386
342 389 455 453 85!

1661 387 1708 447 Ν
1718 380 1976 446 ICE'I‘IE
2020 381 2448 443 CHONIATJE

3663 389 3798 452 852

411 524 722 601 Imperator
786 529 956 600 igitur
1006 526 1347 599 (potiebatur
1393 532 1582 580 autem
1664 536 1854 578 rerum
1924 517 1992 580 is,

2127 598 2134 601 μ
2184 513 2448 577 Βασιλεὺς
2477 515 2652 571 τοίνυν
2680 517 2846 592 (ἦρχε
2890 514 2948 572 δὲ
2999 519 3026 572 ὁ
3069 521 3164 572 νῦν
3221 518 3633 596 ἱστορούμενος)
3705 525 3788 598 μή

342 619 506 686 cuius
567 633 725 674 nunc
795 617 1090 674 historiam
1153 613 1532 686 centesimus)
1587 627 1717 668 cum
1787 611 1995 676 legatos

341 707 497 763 029
551 708 761 762 infecta
809 721 869 762 ro
920 707 1208 760 dimittere
1261 719 1376 760 non
1436 709 1647 774 posset,
1705 699 1906 754 annuit
1937 712 1996 752 se

343 812 540 866 pacem
583 797 820 867 pecunia
863 797 1291 865 redempturam
1327 813 1342 861 ;
1393 807 1515 862 quae
1563 807 1649 846 res
1691 792 1757 845 ad
1794 789 1844 843 id
1902 801 1994 841 us-

345 904 454 959 que
482 899 702 957 tempus
736 890 880 943 facta
931 903 1042 942 non
1077 894 1213 942 erat.
1247 887 1312 941 Et
1371 893 1429 940 ut
1479 883 1702 954 imperii
1755 879 1996 936 Romani

343 995 482 1046 otves
551 986 862 1034 ostentaret
916 985 1084 1048 atque
1139 981 1522 1047 exaggeraret,
1583 989 1700 1030 rem
1769 987 1993 1042 aggres-

343 1084 438 1124 sus
485 1073 570 1124 est
640 1067 992 1137 temporibus
1045 1067 1283 1122 minime
1354 1072 1820 1129 consentaneum,
1896 1063 1993 1115 sed

343 1159 414 1213 ab
495 1158 684 1213 ol‘lieio
754 1165 806 1213 et
873 1159 1076 1213 decoro
1156 1155 1566 1212 alienissimam
1627 1162 1676 1208 et
1733 1149 2000 1206 Romanis

345 1263 519 1318 prope
571 1247 898 1302 ridiculam.
957 1245 1102 1301 Nam
1161 1245 1219 1300 in
1265 1246 1406 1300 festo
1440 1242 1654 1300 Natalis
1693 1239 1904 1296 Christi
1945 1247 1998 1292 et

339 1337 465 1407 ipse
521 1342 870 1408 gemmatam
905 1341 1114 1390 vestem
1168 1335 1376 1403 induit,
1430 1343 1483 1390 et
1517 1334 1763 1401 reliquos
1801 1346 1997 1386 omnes

342 1434 570 1481 auratas
637 1431 691 1481 et
751 1425 998 1480 laticlavi
1068 1433 1251 1480 vestes
1311 1424 1551 1479 induere
1613 1423 1808 1493 ju~sil.
1878 1425 1997 1488 Quo

341 1515 668 1584 spectaculo
734 1513 1037 1570 Alemanni
1079 1515 1220 1569 adeo
1277 1530 1388 1568 non
1445 1513 1881 1583 obstupuerunt,
1941 1520 1997 1566 ut

343 1619 538 1660 eorum
573 1604 856 1673 cupidjtas
900 1601 1000 1659 illo
1030 1605 1333 1673 splendore
1384 1602 1770 1657 Romanorum
1819 1602 2000 1671 magis

345 1694 514 1748 etiam
559 1693 1034 1760 inﬂammaretur,
1085 1697 1142 1748 et
1191 1692 1422 1748 Graecos
1483 1700 1540 1746 ut
1597 1693 1836 1761 ignavos
1894 1691 2000 1746 ho-

349 1782 532 1839 mines
579 1791 632 1838 et
662 1782 964 1839 servilibus
1014 1781 1235 1838 deliciis
1291 1783 1510 1836 deditos
1569 1781 1996 1852 quamprimum

343 1874 717 1946 Oppugnandi
791 1874 1152 1929 occasionem
1220 1877 1503 1943 optarent.
1584 1872 1724 1926 Cum
1803 1884 2070 1972 autemB

342 1971 592 2019 astantes
644 1962 886 2019 Romani
953 1980 1048 2019 eos
1096 1963 1456 2018 hortarentur
1522 1970 1578 2017 ut
1637 1980 1990 2032 gemmarum

343 2053 730 2124 splendorem,
779 2053 984 2124 quibus
1030 2056 1336 2122 imperator
1368 2055 1544 2108 instar
1577 2057 1720 2124 prati
1757 2054 1989 2122 nitebat,

341 2145 664 2213 aspicerent
690 2152 744 2198 et
803 2145 986 2198 media
1020 2144 1220 2198 bruma
1254 2144 1400 2198 veris
1429 2144 1760 2200 suavitatem
1812 2145 1993 2199 oculis

343 2233 724 2304 perciperent,
756 2233 1046 2302 negabant
1095 2232 1446 2288 Alamannos
1495 2233 1632 2288 talia
1670 2235 1994 2304 Spectacula

345 2323 687 2392 desiderare,
744 2338 928 2392 neque
958 2320 1258 2378 muliebria
1325 2326 1666 2378 ornamenta
1720 2322 1992 2378 admirari

347 2412 548 2480 solere,
609 2427 732 2485 quae
794 2412 937 2466 fucis
978 2411 1282 2478 ﬂammeis,
1338 2410 1635 2468 inauribus
1681 2413 1838 2468 030
1899 2413 1991 2467 i‘a-

345 2500 638 2557 dianlibus
690 2501 823 2558 viris
881 2502 1140 2571 impense
1189 2501 1410 2571 placere
1466 2504 1785 2571 studeant;
1827 2519 1894 2559 ac
1936 2511 1994 2558 ut

347 2591 626 2646 Romanis
656 2591 1295 2658 terroremineuterent,
1330 2606 1484 2647 nunc
1531 2599 1757 2663 tempus
1783 2593 1993 2648 instare

345 2681 529 2748 aiunt,
559 2687 618 2736 ut
650 2679 1024 2736 muliebribus
1077 2681 1435 2736 ornamentis
1490 2681 1756 2751 sepositis
1786 2699 1989 2738 aurum

347 2769 493 2825 ferro
525 2779 899 2826 commutent.
940 2769 1083 2825 Nam
1133 2769 1178 2824 si
1214 2769 1418 2839 legatio
1452 2771 1595 2825 foret
1651 2771 1829 2839 irrita,
1888 2788 1994 2828 nec

343 2861 658 2930 imperator
687 2860 836 2930 regis
866 2860 952 2915 sui
1000 2869 1053 2916 et
1099 2860 1318 2916 domini
1365 2862 1663 2930 postulatis
1695 2871 1992 2932 annuerat,

347 2965 583 3007 necesse
637 2965 736 3005 eos
795 2949 1089 3005 habituros
1150 2965 1400 3021 pugnare
1459 2967 1592 3006 cum
1666 2951 1992 3008 hominibus

344 3039 441 3112 qui
489 3055 605 3095 non
633 3039 878 3111 gemmis
909 3045 970 3093 ut
1023 3043 1186 3108 prata
1219 3041 1455 3106 niteant,
1502 3055 1686 3108 neque
1737 3041 1993 3098 rotundis

345 3127 670 3198 margaritis
725 3127 1118 3184 intumescant
1174 3135 1272 3183 aut
1335 3128 1670 3198 amethystis
1731 3145 1992 3201 purpuras

345 3225 404 3273 et
432 3231 569 3272 auro
617 3215 941 3272 intertextis
985 3217 1216 3284 pavonis
1283 3216 1468 3273 instar
1522 3217 1858 3288 glorientur,
1893 3221 1989 3276 sed

348 3306 444 3375 qui
487 3303 682 3360 Martis
743 3304 964 3360 alumni
995 3305 1093 3360 iras
1125 3305 1356 3361 ﬂamma
1383 3306 1580 3364 oculos
1626 3309 1828 3364 sullusi
1878 3327 1994 3366 non

348 3411 512 3452 secus
542 3409 716 3466 quam
750 3409 991 3466 gemmae
1024 3397 1265 3460 radient,
1295 3401 1351 3452 et
1393 3405 1540 3453 totos
1572 3399 1693 3453 dies
1724 3400 1993 3456 sudorem

351 3483 592 3541 fundant
678 3485 993 3553 margaritis
1063 3485 1533 3555 splendidiorem.
1603 3488 1992 3546 Recensebant

349 3578 519 3630 etiam
567 3575 892 3646 pecuniam,
923 3591 1052 3646 quas
1105 3589 1204 3644 pro
1255 3587 1391 3644 pace
1440 3576 1840 3645 postularetur,
1872 3595 1994 3634 esse

345 3664 471 3722 auri
522 3666 890 3722 centenarias
932 3664 972 3719 L
1024 3665 1334 3735 quotannis
1390 3667 1748 3736 pendendos.
1809 3669 1991 3732 Quam

342 3770 634 3812 summam
661 3770 792 3810 cum
819 3769 882 3810 se
913 3753 1229 3822 imperator
1248 3755 1465 3810 solvere
1496 3772 1658 3824 posse
1687 3756 1991 3827 diffideret,

339 3843 707 3900 Eumathium
770 3843 1119 3899 Philocalem
1176 3845 1506 3912 prafectum
1553 3845 1714 3901 urbis
1747 3845 1992 3914 legatum

338 3938 406 3987 ad
450 3947 640 4001 regem
678 3931 841 3987 mittit
874 3948 888 3998 ;
940 3931 1036 4002 qui
1083 3947 1214 3986 cum
1238 3933 1442 4001 opibds
1479 3939 1719 3988 caeteros
1758 3950 1992 4004 snpera-

339 4022 444 4080 ret,
480 4013 632 4069 ultro
667 4013 720 4067 id
773 4027 988 4068 munus
1031 4011 1228 4078 subiit,
1263 4014 1606 4082 imperatore
1656 4024 1885 4070 exorato
1933 4021 1992 4071 ut

338 4103 447 4159 sibi
492 4117 625 4159 cum
682 4101 1031 4171 prtefecturaa
1077 4101 1402 4173 insignibus
1434 4102 1780 4172 legationem
1834 4105 1992 4160 obire

337 4192 766 4248 concederetur.
840 4193 1160 4260 Imperator
1248 4207 1377 4246 vero
1430 4192 1640 4250 viatico
1716 4198 1989 4264 quantum

337 4283 659 4353 postularat
691 4280 937 4336 libenter
968 4282 1100 4335 dato
1131 4280 1278 4335 631
1329 4281 1452 4336 suis
1482 4296 1610 4336 eum
1659 4283 1990 4354 sumptibus

339 4371 698 4441 propositum
757 4369 866 4424 iter
896 4367 1178 4424 coniicere
1207 4386 1412 4440 passus
1447 4373 1559 4425 est.
1594 4373 1679 4426 Ita
1712 4371 1806 4426 ille
1839 4373 1986 4428 inso-

340 4459 476 4514 litus
533 4475 601 4514 ac
653 4457 842 4528 potius
900 4457 1162 4513 insolens
1211 4459 1435 4530 legatus
1485 4475 1598 4515 non
1657 4465 1822 4516 modo
1873 4478 1986 4517 non

339 4550 559 4619 majore
589 4562 761 4618 quam
793 4545 984 4602 caeteri
1028 4546 1242 4603 honore
1275 4549 1512 4604 ali‘ectus
1553 4554 1664 4612 est,
1711 4551 1811 4605 sed
1844 4551 1990 4607 deri-

2107 598 2253 680 ἔχων
2309 603 2623 678 ἀπράκτους
2685 605 3009 678 ἀποπέμψαι
3082 607 3210 669 τοὺς
3278 603 3551 682 πρέσϐεις,
3617 609 3787 668 κατέ-

2105 715 2257 749 νευσε
2316 696 2621 768 χρημάτων
2669 697 2770 764 τήν
2831 694 3054 768 εἰρήνην
3111 695 3472 772 ἀλλάξασθαι,
3549 709 3784 779 πρᾶγμα

2109 786 2279 857 μήπω
2309 781 2364 846 ἐς
2397 781 2522 839 τόδε
2551 788 2747 859 καιροῦ
2779 784 3027 860 γεγονός·
3061 786 3349 862 ’Υπεξᾶραι
3387 786 3444 844 δὲ
3483 791 3582 860 τήν
3617 793 3780 866 βασι-

2107 873 2254 928 λείαν
2315 870 2606 946 Ῥωμαίων
2657 873 2731 935 ὡς
2791 871 3064 929 πλουσίαν
3116 877 3144 931 ὁ
3204 875 3464 952 βασιλεὺς
3525 882 3610 954 [Ρ.
3647 885 3780 957 307]

2107 961 2348 1031 Ἀλέξιος
2405 959 2739 1035 προθέμενος
2773 963 2825 1024 ἐς
2871 960 3032 1018 οὐδὲν
3083 959 3243 1041 ἔργον
3293 971 3374 1040 τῷ
3429 974 3606 1042 καιρῷ
3654 993 3782 1026 συν-

2107 1048 2748 1122 ᾷδονκαθυπενήνεκται,
2811 1049 2960 1108 ἁλλά
3015 1055 3107 1108 καὶ
3176 1055 3298 1111 λίαν
3345 1064 3784 1135 παρακεκινημέ-

2109 1162 2197 1196 νον
2230 1145 2326 1196 τοῦ
2359 1145 2556 1212 σεμνοῦ
2602 1163 2662 1196 τε
2715 1141 2808 1196 καὶ
2867 1141 3169 1218 εὐπρεποῦς
3223 1147 3314 1200 καὶ
3371 1146 3512 1224 ῥυὲν
3572 1157 3780 1226 μικροῦ

2106 1229 2242 1304 πρὸς
2276 1229 2566 1302 Ῥωμαίων
2598 1229 2932 1305 κατάγελων.
2979 1235 3088 1302 Τῆς
3146 1233 3252 1309 γὰρ
3305 1235 3594 1310 γενεθλίου
3661 1238 3781 1296 ἐπι-

2109 1319 2308 1390 στάσης
2338 1318 2546 1393 ἡμέρας
2577 1324 2822 1394 Χριστοῦ
2855 1321 3014 1385 αὐτός
3042 1345 3100 1380 τε
3131 1327 3229 1393 τήν
3279 1321 3525 1383 διάλιθον
3561 1331 3774 1402 στολὴν

2107 1409 2452 1484 ἠμφιέσατο,
2485 1409 2576 1464 καὶ
2641 1416 2758 1473 τοῖς
2817 1408 3038 1474 λοιποῖς
3081 1417 3241 1468 πᾶσιν
3302 1411 3619 1497 ὲπετετσὶχει
3673 1420 3773 1484 τὰς

2108 1503 2442 1577 χρυσοῦῳεῖς
2473 1499 2780 1574 περιθέσθαι
2811 1506 2901 1556 καί
2932 1501 3332 1576 πλατυσήμους
3386 1505 3637 1576 ἐσθῆτας.
3693 1512 3762 1568 Οἱ

2109 1587 2156 1643 δ’
2189 1587 2496 1662 Ἀλαμανοὶ
2541 1595 2803 1646 τοσοῦτον
2860 1590 3093 1671 ἀπεῖχον
3137 1589 3407 1668 ἒκοαμὸοι
3467 1597 3757 1672 ὁρωμένοις

2106 1677 2324 1741 τοὺτοις
2382 1685 2635 1760 φανῆναι,
2699 1679 2838 1735 ὥστε
2895 1681 2986 1735 καὶ
3036 1681 3341 1746 ἀνέοαλπον
3403 1684 3606 1758 μᾶλλον
3664 1689 3756 1742 τὸν

2108 1763 2284 1843 ἔρωτα
2323 1767 2382 1823 δν
2442 1767 2708 1848 ὑπέτυιρον
2767 1771 2892 1833 ταῖς
2959 1769 3434 1848 λαμπρειμονίαις
3481 1781 3584 1830 τῶν
3621 1779 3758 1832 Ῥω-

2111 1859 2288 1931 μαίων
2348 1856 2695 1932 ἔναυὸμενον,
2755 1860 2846 1914 καὶ
2907 1856 3144 1936 θῦχοντο
3232 1864 3431 1939 τάχιον
3500 1871 3766 1940 κρατῆσαι

2101 1950 2346 2021 Γραικῶν
2405 1947 2478 2010 ὡς
2525 1947 2762 2024 ἀγεννῶν
2817 1948 2884 2004 τὰ
2943 1948 2996 2014 ἐς
3047 1948 3294 2023 πόλεμον
3343 1953 3432 2008 καὶ
3466 1975 3768 2024 περισπου-

2102 2033 2372 2105 δαζόντων
2405 2038 2501 2098 τὰς
2556 2033 2998 2112 ἀνδραποδώδεις
3053 2037 3273 2114 χλιδάς.
3345 2042 3488 2118 Πρὸς
3547 2039 3604 2098 δὲ
3634 2043 3768 2106 τοὺς

2103 2129 2430 2188 συνεστῶτας
2493 2147 2641 2205 σφισι
2702 2127 3017 2201 Ῥωμαίους
3068 2130 3159 2182 καὶ
3225 2128 3522 2204 ἐνάγοντας
3571 2131 3625 2196 ἐς
3665 2135 3769 2202 τήν

2100 2217 2207 2269 τῶν
2258 2211 2428 2277 λίθων
2474 2211 2608 2284 ἃνθη
2669 2213 2894 2294 ἀφορᾷν,
2955 2218 3038 2280 οἷς
3069 2217 3096 2270 ὁ
3151 2215 3408 2290 βασιλεὺς
3439 2218 3513 2281 ὡς
3547 2217 3769 2293 λειμὼν

2101 2299 2453 2376 ἐνηγλάίστο,
2511 2304 2601 2358 καὶ
2673 2309 2952 2380 χειμῶνος
3022 2303 3183 2378 μέσον
3245 2305 3481 2381 χάριτας
3542 2307 3772 2383 ἐαρινᾶς

2101 2389 2390 2467 δρέπεσθαι
2428 2395 2514 2447 καὶ
2548 2393 2639 2448 τὸν
2671 2394 2958 2473 ἀφοαλμὸν
2984 2392 3185 2466 ἐστιᾷν,
3237 2419 3264 2448 ‹‹
3329 2395 3409 2454 Οὐ
3469 2399 3691 2473 χρείαν,
3735 2424 3765 2450 ››

2102 2481 2354 2560 ἔφασκον,
2411 2507 2430 2532 ι
2491 2481 2797 2557 Ἀλαμανοὶ
2855 2483 3119 2539 τοιούτων
3196 2481 3394 2564 ἔχουσι
3454 2487 3764 2561 θεαμάτιιιν,

2102 2568 2228 2627 οὕτε
2333 2573 2440 2644 μὴν
2535 2569 2859 2642 ἐπιτηδείων

2099 2661 2191 2716 καὶ
2285 2659 2666 2736 πολισμάτων
2751 2662 2971 2741 φιλοῦσι

2959 2573 3199 2649 γυναιξῗν
3304 2574 3565 2650 ἐμπορπς
3579 2577 3766 2650 μάτων

3081 2665 3328 2720 θειασταῖ
3413 2669 3762 2738 καθεστάναι,

2103 2752 2186 2816 αἷς
2259 2753 2294 2822 ἡ
2354 2753 2506 2808 κονία
2580 2752 2669 2809 καὶ
2738 2755 3020 2827 κρήδεμνα
3095 2755 3184 2810 καὶ
3263 2755 3457 2812 ἐνώτια
3533 2781 3762 2831 12193;:-

2101 2843 2314 2898 νόωντα
2360 2843 2447 2898 καὶ
2506 2844 2569 2898 τὸ
2631 2843 2816 2916 ἀρέσαι
2895 2842 3294 2920 τρῖ-τ’ἀνδράσι
3392 2843 3760 2923 amastri-.10;

2101 2931 2416 3001 ἀσπάζεται.
2473 2955 2500 2983 ››
2550 2929 2730 2988 Ἀλλὰ
2767 2933 2859 2987 καὶ
2909 2933 3228 3006 Ῥωμαίους
3263 2933 3758 3011 μορμολύττοντες,

2105 3043 2132 3072 ‹‹
2165 3023 2274 3075 Νῦν
2305 3021 2479 3075 ἱκάνει
2513 3023 2724 3096 καιρὸς,
2757 3045 2786 3074 ››
2814 3013 3022 3096 ἔλεγον,
3058 3046 3087 3075 (ι
3154 3032 3592 3101 μεθαρμοσθῆναι
3641 3029 3754 3080 τῶν

2103 3105 2460 3185 γυναικωδῶν
2491 3107 2896 3184 ἐμπορπτςσεων
2941 3110 3031 3166 καῖ
3083 3109 3297 3188 σιδήρῳ
3363 3112 3762 3189 περισταλῆναι

2103 3198 2218 3253 άντὶ
2269 3203 2498 3274 χρυσοῦ.
2545 3200 2605 3254 Et
2639 3201 2715 3273 μή
2745 3199 2849 3274 γὰρ
2889 3200 2956 3255 τὰ
2984 3202 3086 3270 τῆς
3139 3199 3428 3277 πρεσϐείας
3488 3201 3766 3278 λήψονται

2035 3287 2274 3360 ρπὲρας
2333 3287 2424 3343 καὶ
2501 3288 2638 3363 πρὸς
2711 3293 2810 3343 τοῦ
2883 3288 3076 3364 κυρίου
3135 3296 3280 3366 σρῶν
3338 3292 3426 3346 καὶ
3489 3291 3758 3368 βασιλέως

2105 3379 2362 3457 συμϐαῖεν
2441 3384 2711 3457 Ῥωμαῖοι
2803 3385 3085 3460 βούλημα,
3173 3387 3370 3462 ἀνάγκη
3446 3409 3530 3450 τις
3605 3383 3763 3446 ἔσται

2102 3473 2320 3536 πάντως
2375 3469 2462 3528 διὰ
2541 3470 2727 3549 μάχης
2782 3475 3087 3550 ἀνθρώποις
3136 3482 3340 3552 χωρεῖν
3415 3477 3616 3541 οἳτινες
3693 3479 3760 3534 οὗ

2105 3560 2280 3626 λίθοις
2306 3563 2382 3624 ὡς
2425 3561 2692 3636 λειμῶνες
2749 3564 3208 3636 περιανθίζονται,
3252 3563 3368 3621 οὐδ’
3427 3564 3758 3623 οἷδαίνονται

2103 3651 2238 3726 πρὸς
2297 3651 2432 3720 ἦθος
2494 3648 2784 3732 ἀγέρωχον
2847 3653 3138 3728 μαργάρων
3209 3656 3562 3734 σιραιρώμασι
3621 3658 3766 3731 πρὸς

2104 3745 2218 3820 φῶς
2281 3738 2664 3818 διαγελώντων
2726 3742 2982 3814 σελήνης,
3136 3749 3254 3805 ταῖς
3311 3743 3362 3800 ἐν
3404 3746 3628 3810 θυᾶσοις
3672 3766 3768 3818 με-

2107 3829 2292 3884 θύουσι
2325 3829 2554 3902 λίθαξιν,
2590 3831 2642 3885 αἳ
2675 3831 2749 3892 ὡς
2780 3829 2998 3902 ἀλαζὼν
3033 3829 3180 3907 ὅρνις
3213 3833 3243 3888 ὅ
3313 3831 3564 3905 Μηδικὸς
3612 3857 3756 3912 πορ-

2105 3920 2244 3998 φύρᾳ
2281 3921 2372 3975 καὶ
2427 3925 2622 3998 χρυσῷ
2677 3923 3143 4000 περιχρώζονται,
3202 3921 3332 3979 ἀλλ’
3381 3926 3574 3998 Ἄρεος
3608 3922 3762 3990 ὄντες

2100 4009 2366 4086 τρόφιμοι
2427 4014 2602 4083 θυμοῦ
2661 4009 2752 4082 μὲν
2802 4011 2924 4086 περὶ
2951 4010 3078 4072 τοὺς
3124 4010 3446 4089 ὀφθαλμοὺς
3505 4013 3758 4091 ἐρυθραί-

2100 4119 2282 4154 νονται
2323 4105 2441 4162 τοῖς
2469 4104 2576 4154 τῶν
2602 4097 2772 4163 λίθων
2807 4098 2996 4170 ἐπίσης
3026 4098 3397 4168 ἁκτινώδεσιν,
3429 4100 3668 4180 ἱδρῶτας
3702 4102 3763 4161 δὲ

2103 4184 2468 4264 θρομϐυῦντες
2502 4189 2554 4244 ἐν
2576 4194 2656 4262 τῷ
2691 4195 2878 4266 μογεῖν
2926 4191 3240 4266 πανημέριοι
3309 4193 3444 4268 ὑπὲρ
3502 4195 3762 4252 στιλπνό-

2097 4298 2239 4347 τητα
2273 4277 2570 4353 μαργάρων
2628 4278 2818 4341 αὐτοῖς
2850 4275 3318 4348 καλλωπίζονται.
3364 4306 3392 4334 ››
3453 4283 3761 4357 ἸΙρίθμουν

2101 4363 2158 4422 δὲ
2214 4367 2304 4422 καὶ
2372 4369 2439 4422 τὰ
2509 4367 2644 4442 ὑπὲρ
2711 4366 2938 4442 εἰρήνης
2985 4368 3279 4442 αἰτούμενα
3359 4373 3625 4446 χρήματα
3690 4375 3769 4438 εἷς

2098 4456 2331 4532 χσυσίου
2379 4458 2716 4527 πεντήκοντα
2767 4458 3078 4532 κεντηνὲρια
3142 4460 3260 4514 καθ’
3319 4453 3542 4516 ἕκαστον
3623 4465 3764 4538 χρό-

2097 4567 2187 4600 νον
2219 4543 2496 4619 διδόμενα,
2530 4547 2666 4620 πρὸς
2713 4541 2848 4621 ἅπερ
2910 4546 2938 4601 ὁ
3001 4545 3259 4621 βασιλεὺς
3312 4548 3573 4606 ἀπαυδῶν
3632 4551 3762 4626 πρέ·

337 4652 435 4694 sus
456 4637 626 4693 etiam
659 4636 734 4692 ob
763 4636 1006 4692 vestitus
1035 4635 1293 4691 inusitati
1326 4637 1660 4692 novitatem.
1703 4642 1984 4694 Caeterum

2104 4631 2221 4690 σειν
2273 4633 2325 4698 ἐς
2385 4635 2474 4690 τὸν
2519 4633 2666 4711 ῥῆγα
2730 4635 2988 4714 πέπομφε
3036 4637 3132 4692 τὸν
3191 4635 3516 4711 Φιλοκάλην
3574 4643 3764 4716 Εὐμά-

337 4726 600 4798 pecunia,
646 4741 770 4799 quas
805 4727 958 4795 pacis
1007 4742 1180 4782 causa
1209 4727 1404 4782 danda
1433 4732 1608 4794 esset,
1667 4729 1738 4783 ad
1790 4730 1994 4786 sexde-

335 4817 451 4874 cim
509 4817 633 4873 auri
675 4817 892 4872 talenta
953 4815 1215 4882 redacta,
1273 4815 1602 4873 Philocales
1655 4817 1714 4872 in
1775 4817 1993 4884 Sicilia,

339 4907 434 4963 ubi
475 4922 664 4978 regem
697 4909 1066 4972 convenerat,
1117 4905 1483 4974 exspectabat
1515 4906 1650 4962 dum
1683 4921 1751 4962 ea
1803 4906 1995 4964 mitte-

339 5005 557 5052 rentur.
600 4996 924 5066 Imperator
949 5009 1080 5050 vcro
1113 4995 1370 5066 pecunias
1401 4996 1658 5066 inepiam
1694 5003 1990 5064 causatus,

340 5101 374 5140 a
395 5084 708 5156 provinciis
750 5083 1028 5139 tributum
1063 5083 1332 5157 exigebat
1356 5085 1510 5156 quod
1540 5085 1988 5142 Alamannicum

339 5172 682 5245 appellatur,
734 5178 858 5228 tum
909 5173 1164 5244 primum
1232 5173 1592 5243 institutum,
1651 5181 1707 5230 et
1764 5175 1990 5231 urbano

337 5261 574 5334 populo,
633 5264 838 5316 senatu
903 5269 958 5317 et
1007 5273 1154 5318 coetu
1213 5262 1628 5330 ecclesiastico,
1683 5263 1989 5336 opiﬁcibus

335 5353 474 5407 item
504 5355 563 5406 et
593 5349 914 5405 artiﬁcibus
979 5351 1172 5406 omnis
1225 5352 1455 5422 generis
1485 5353 1839 5418 convocatis,
1895 5369 1990 5424 pe-

337 5443 500 5498 tebat
565 5443 630 5494 ut
683 5439 923 5510 quisque
985 5439 1054 5494 de
1126 5438 1495 5496 facultatibus
1566 5443 1687 5498 suis
1759 5449 1984 5514 partem

2103 4727 2242 4792 θιον,
2299 4719 2540 4799 ἔπαρχον
2603 4721 2734 4778 ὅντα
2799 4730 2900 4794 τῆς
2956 4723 3194 4787 πόλεως.
3229 4727 3406 4790 Οὗτος
3447 4725 3502 4784 δὲ
3531 4729 3754 4802 πλούτῳ

2103 4813 2234 4888 ὑπὲρ
2272 4815 2397 4875 τοὺς
2449 4812 2571 4868 τότε
2626 4817 2818 4885 κομῶν
2879 4813 3108 4876 ἐχόντως
3169 4813 3333 4870 ὑπέδυ
3380 4817 3472 4872 τὸν
3501 4813 3762 4893 πρεσϐευ-

2097 4906 2218 4975 τήν.
2249 4909 2307 4958 Ἀ
2321 4901 2477 4978 μέλει
2507 4903 2600 4958 καὶ
2643 4899 2814 4958 δεῖται
2843 4907 2940 4958 τοῦ
2977 4901 3244 4978 βασιλέως
3274 4907 3409 4979 μετά
3437 4913 3543 4963 τῶν
3592 4907 3754 4981 ἐπαρ-

2101 4999 2278 5074 χικῶν
2360 4996 2704 5068 παρασήμων
2820 4991 3110 5064 ἐνδοθῆναί
3187 4997 3240 5051 οἱ
3343 4993 3750 5070 διαπρεσϐεύσα-

2102 5087 2221 5140 σθαι
2237 5088 2367 5157 (45).
2390 5083 2492 5138 Καὶ
2536 5082 2795 5158 βασιλεὺς
2829 5083 3045 5161 ἐφόδιον
3077 5086 3210 5160 ὅπερ
3241 5083 3408 5162 ᾔτησε
3439 5101 3746 5158 περιχαρως

2102 5172 2248 5245 ούτῷ
2299 5173 2722 5247 παρασχόμενος
2811 5171 3039 5238 οἰκείοις
3115 5173 3366 5250 ὀψωνίοις
3447 5173 3544 5240 τήν
3600 5192 3749 5246 προ-

2097 5261 2352 5335 κειμένην
2381 5268 2596 5336 παρῆκε
2655 5261 2994 5326 στείλασθαι.
3043 5264 3204 5328 "00w
3261 5262 3514 5340 ὲποφθεὶς
3567 5261 3756 5327 καινός

2095 5372 2178 5414 τις
2234 5351 2323 5406 καὶ
2374 5347 2602 5422 ἓξαλλος
2635 5346 2980 5426 πρεσϐευτὴς
3014 5351 3077 5407 οὐ
3110 5352 3278 5425 μόνον
3327 5351 3482 5408 οὐδέν
3526 5374 3576 5407 τι
3616 5353 3766 5426 παρά

2096 5441 2227 5504 τοὺς
2278 5443 2543 5518 πρότερον
2603 5436 2858 5516 πρέσϐεις
2917 5441 3203 5515 τετίμητο,
3264 5441 3413 5499 ἀλλὰ
3456 5441 3545 5498 καὶ
3587 5441 3767 5520 γέλων

1714 5569 1884 5630 Hier.
1932 5567 2144 5630 Wolﬁi
2192 5575 2378 5629 nota.

409 5699 524 5774 (45)
563 5691 726 5748 Alter
759 5699 977 5755 sentire
1015 5694 1244 5751 videtur
1273 5698 1456 5767 legato
1487 5701 1684 5756 datum
1719 5718 1850 5758 esse
1881 5701 2155 5757 viaticum
2191 5701 2262 5757 ab
2293 5701 2664 5773 imperatore,
2694 5699 2842 5756 alter
2871 5715 3007 5756 eum
3043 5701 3099 5756 id
3135 5702 3204 5754 de
3239 5719 3344 5756 suo
3379 5703 3700 5776 accepisso.
