4102 6390
329 393 445 451 855

1643 372 1769 434 NlC
1778 370 1949 432 ETE
1991 367 2421 430 CHONIATE

3643 373 3776 434 836

333 533 488 600 ptor,
547 530 610 582 ut
643 521 1033 580 monarcbiam
1067 517 1442 574 constitueret
1471 521 1523 568 et
1555 511 1974 578 circumjecen-

2109 502 2177 558 ἱεὶ
2223 523 2520 580 μεριμναις
2571 499 3023 578 κατατεινόμενος
3078 501 3168 559 καὶ
3225 502 3364 578 πρὸς
3421 504 3632 560 ἅπασαν
3674 505 3774 562 ἆν-

334 599 494 674 tibus
547 613 740 685 regnis
805 609 1082 668 omnibus
1143 605 1557 673 dominaretur,
1602 599 1884 656 Antonios
1939 604 1994 652 et

341 709 625 779 Augustos
667 705 915 759 Caesares
945 697 1194 756 subinde
1244 693 1566 760 somnians,
1597 698 1650 746 et
1679 689 1750 744 ad
1797 701 1993 743 eorum

341 795 731 868 principatum
765 789 1140 862 cupiditatem
1169 784 1505 849 extendens,
1539 789 1593 836 et
1625 784 1848 834 tantum
1880 793 1994 833 non

343 895 404 940 ut
441 883 763 940 Alexander
792 880 1107 935 dictitans:
1148 880 1206 930 et
1238 873 1359 928 hac
1389 876 1447 928 et
1477 871 1574 926 illa
1618 885 1746 925 mea
1776 875 1930 932 sunt,
1967 887 1994 916 »

343 973 598 1045 pallidus
627 977 684 1027 et
716 983 968 1026 severus.
1003 965 1146 1022 Cum
1195 968 1388 1018 autem
1420 976 1548 1017 sero
1579 959 1773 1014 cibum
1825 973 1994 1027 cape-

342 1067 448 1130 ret,
482 1066 540 1118 et
570 1064 901 1117 moneretur
949 1056 1271 1112 cavendum
1304 1065 1428 1108 esse
1468 1066 1540 1106 ne
1569 1065 1636 1105 ea
1666 1064 1726 1104 re
1773 1047 1994 1103 valetu~

342 1152 541 1207 dinem
583 1149 842 1216 laederet,
874 1143 1182 1216 respondit
1229 1139 1450 1198 homini
1485 1140 1705 1212 privato
1751 1135 1997 1208 quodvis

341 1244 578 1312 tempus
609 1239 679 1294 ad
711 1237 904 1293 cibum
958 1233 1117 1290 684
1149 1229 1664 1304 capiendum;esse
1693 1227 1994 1294 idoneum,

343 1330 400 1385 id
437 1327 756 1401 praesertim
819 1326 914 1382 cui
945 1321 1304 1380 assueverit:
1354 1318 1474 1391 regi
1535 1333 1664 1374 vero
1695 1322 1782 1374 tot
1839 1316 1998 1372 curis

343 1420 643 1482 distracto,
700 1417 748 1473 si
782 1413 1009 1471 nomini
1048 1429 1156 1469 suo
1210 1409 1564 1482 respondere
1618 1407 1809 1474 vellet,
1852 1405 1994 1462 satis

343 1523 470 1564 esse
501 1506 553 1562 si
583 1505 810 1578 vesperi
841 1517 1042 1559 curare
1090 1516 1301 1572 corpus
1334 1498 1532 1554 liceret
1579 1497 1788 1553 Verum
1839 1495 1994 1568 quod

345 1597 488 1662 dixi,
505 1593 660 1668 regis
691 1592 1053 1649 Alemannim
1079 1604 1238 1645 mors
1260 1605 1390 1644 cum
1413 1585 1686 1642 omnibus
1715 1584 1845 1640 aliis
1867 1601 1990 1656 gen.

346 1687 508 1742 tibus
539 1689 738 1758 optata
772 1683 966 1749 fuerit,
991 1687 1116 1737 tum
1139 1678 1323 1736 Siculi
1352 1695 1420 1735 ea
1445 1681 1608 1734 tanto
1642 1675 1830 1748 magis
1860 1680 2000 1730 sunt

347 1775 675 1840 cxhilarati,
735 1773 890 1844 quod
926 1770 1120 1827 insula
1177 1773 1350 1840 capta
1395 1766 1755 1839 gravissimis
1811 1765 1883 1820 ab
1931 1780 1997 1820 eo

2100 591 2282 664 τίξους
2336 589 2620 666 ὁρώμενος
2657 590 3010 661 ἡδυπάθειαν,
3056 591 3210 653 ’ὁπως
3247 593 3556 668 μοναρχίαν
3610 615 3774 670 περιι-

2104 675 2352 736 6αλεῖται
2382 681 2474 736 καὶ
2531 682 2722 758 κύριος
2769 681 2969 736 ἐσεῖται
3017 686 3127 736 τῶν
3175 681 3367 754 κύκλῳ
3418 679 3776 758 δυναστειῶν,

2099 769 2228 832 τοὺς
2262 772 2582 834 Ἀντωνίους
2628 771 2720 829 καὶ
2779 769 3133 845 Αύγούστους
3191 771 3470 846 Καίσαρας
3520 777 3602 846 τῷ
3649 771 3774 830 δια-

2103 865 2345 932 νοητικῷ
2374 861 2798 938 φανταζόμενος,
2829 859 2920 914 καὶ
2971 859 3114 931 πρὸσ
3160 860 3260 929 τήν
3311 859 3529 916 ἐκείνων
3583 863 3773 940 ἀργήν

2101 947 2350 1005 ἐκτείνων
2386 951 2488 1018 τήν
2543 945 2746 1030 ἔφεσιν,
2804 950 2896 1004 καὶ
2959 952 3159 1024 μικροῦ
3217 949 3592 1026 φθεγγόμενος
3652 951 3776 1008 κατ’

2101 1036 2458 1114 Ἀλέξανδρον
2500 1040 2635 1098 αΤὰ
2689 1036 2825 1112 τῇδε
2881 1039 2973 1093 καὶ
3030 1039 3098 1094 τὰ
3155 1036 3286 1112 τῇδε
3351 1039 3527 1096 πάντα
3583 1039 3715 1114 ἐμὲ,
3752 1068 3771 1092 ι

2108 1125 2296 1203 ὠχρός
2326 1149 2383 1184 τε
2411 1129 2503 1184 καὶ
2529 1128 2754 1192 σύννους
2787 1127 3088 1204 ὁρώμενος,
3119 1128 3211 1183 καὶ
3257 1135 3361 1198 τῆς
3409 1127 3622 1205 ἡμέρας
3673 1131 3776 1206 6ψέ

2106 1218 2316 1292 τροφὴν
2362 1216 2741 1292 προσιέμενος,
2792 1216 2882 1271 καὶ
2927 1217 3065 1293 πρὸς
3110 1217 3240 1278 τοὺς
3291 1215 3610 1292 εἰσάγοντας
3663 1242 3774 1275 πετ-

2113 1306 2346 1381 ραίνεσιν
2377 1307 2451 1368 ὡς
2486 1306 2666 1381 χρεὼν
2717 1304 2778 1361 ἐκ
2828 1311 2927 1362 τοῦ
2987 1304 3131 1362 οὕτω
3191 1311 3454 1371 σιτεῖσθαι
3512 1310 3775 1382 καχεξίαν

2107 1390 2512 1451 ὑποϐλέπεσθαι
2563 1396 2840 1469 σώματος,
2893 1395 3328 1474 ἀποφαινόμενός
3377 1416 3437 1451 τε
3483 1396 3576 1452 καὶ
3624 1420 3776 1472 γνω-

2109 1482 2357 1556 ματεύων
2409 1479 2604 1553 ἰδιώτῃ
2653 1483 2746 1555 μὲν
2801 1479 3112 1552 ἐπιτήδειον
3163 1483 3304 1537 εἶναι
3357 1485 3532 1538 πάντα
3578 1487 3768 1558 καιρὸν

2104 1571 2181 1633 εἰς
2241 1571 2499 1641 ἑστίασιν,
2559 1570 2650 1631 καὶ
2711 1569 2952 1644 μάλιστα
3012 1570 3082 1641 ἥν
3138 1570 3320 1636 εἰώθει
3403 1574 3760 1642 τονθεύεσθαι,

2108 1658 2326 1736 βασιλεῖ
2353 1657 2409 1715 δὲ
2456 1657 2852 1735 πολυφρόντιδι
2911 1664 2998 1731 [Ρ.
3057 1662 3185 1734 310]
3242 1657 3386 1734 μηδὲ
3445 1659 3760 1737 βουλομένῳ

2105 1749 2206 1816 τήν
2237 1749 2433 1817 κλῆσιν
2463 1745 2751 1822 ψεύδεσθαι
2782 1748 3062 1824 ἀγαπητὸν
3112 1747 3160 1804 εί
3205 1750 3334 1804 κααὶ
3385 1751 3509 1824 περὶ
3556 1749 3766 1824 βουλυ-

350 1863 521 1920 malis
551 1837 1041 1925 aﬁ‘ecti-fuerant,
1071 1874 1202 1929 qua:
1247 1837 1336 1911 vix
1369 1837 1512 1910 satis
1559 1853 1812 1910 describi
1863 1868 1997 1924 pos-

2109 1839 2199 1893 τὸν
2233 1837 2600 1912 ἐνευκαιρήσει
2627 1839 2698 1909 τῆ
2728 1838 2900 1894 ἀνέσει
2951 1842 3050 1893 τοῦ
3099 1839 3374 1912 σώματος,
3421 1838 3582 1896 Ἀλλ’
3627 1839 3768 1914 ’ὅπερ

349 1955 513 2007 sunt.
548 1950 672 2008 Non
706 1948 860 2005 enim
904 1950 1130 2002 tantum
1175 1945 1452 2013 cedibus,
1487 1941 1733 2014 rapinis,
1787 1941 1998 2011 exiliis,

350 2039 707 2096 cruciatibus
765 2035 1228 2092 intolerabilibus
1285 2038 1342 2088 et
1395 2037 1582 2088 morte
1635 2031 1999 2102 gravioribus

348 2127 550 2185 afﬂicti
609 2128 858 2192 fuerant,
910 2125 1008 2180 sed
1069 2122 1270 2178 multa;
1321 2121 1495 2178 etiam
1549 2121 1720 2176 urbes
1763 2135 1998 2188 eversas,

351 2218 540 2274 multa
595 2222 923 2288 opportuna
974 2211 1208 2268 castella
1239 2211 1432 2267 diruta
1479 2215 1662 2268 erant.
1713 2209 2002 2264 Meluebat

355 2307 532 2362 etiam
564 2304 935 2362 rebellionem
969 2319 1194 2372 eorum,
1226 2307 1283 2356 et
1313 2317 1428 2372 quo
1458 2298 1741 2354 libertatis
1773 2297 2000 2369 cupidi-

354 2400 530 2453 tatem
563 2393 941 2468 opprimeret,
982 2407 1217 2448 omnem
1245 2390 1490 2446 fortunas
1525 2387 1782 2444 melioris
1813 2403 2000 2459 spem,

356 2499 533 2557 quam
560 2482 653 2539 vel
713 2480 961 2554 pecunia
989 2480 1075 2535 vel
1109 2495 1317 2536 currus
1373 2482 1428 2534 et
1459 2479 1594 2550 equi
1626 2477 1712 2532 vel
1761 2475 2003 2531 munita:

356 2573 534 2630 urbes
576 2571 665 2628 vel
695 2571 803 2626 viri
837 2569 1061 2626 nobiles
1087 2567 1175 2624 vel
1220 2573 1345 2624 tuta
1373 2566 1606 2623 castella
1635 2565 2006 2639 suppeditare

357 2669 597 2734 queunt,
627 2661 708 2718 eis
730 2659 969 2716 ademit.
997 2663 1139 2714 Dum
1163 2663 1359 2714 autem
1391 2657 1652 2712 futurum
1676 2655 2000 2728 periculum

357 2761 634 2824 tanquam
658 2751 778 2822 jam
831 2765 1041 2820 urgens
1073 2748 1430 2813 reformidat,
1479 2750 1538 2802 et
1583 2745 1640 2800 id
1671 2746 1827 2816 quod
1861 2760 2003 2802 non-

357 2841 499 2896 dum
531 2842 730 2894 aderat
760 2834 1079 2908 propulsat,
1105 2835 1494 2908 quorumdam
1527 2833 1756 2889 insidiis
1786 2837 1875 2889 est
1903 2848 2005 2904 ap-

356 2929 614 3000 petitus;
647 2942 893 2999 quorum
935 2929 1180 2982 conatus
1211 2939 1342 2979 cum
1394 2923 1545 2980 685
1579 2923 2004 2989 antevertisset,

355 3017 730 3072 insidiatores
780 3031 896 3070 non
925 3012 1116 3086 gladio
1176 3011 1424 3085 punivit,
1457 3011 1560 3068 sed
1593 3010 1768 3068 variis
1817 3010 2007 3066 modis

353 3103 771 3162 miserabiliter
823 3102 1186 3158 excruciatos
1244 3100 1556 3156 interfecit.
1618 3099 1759 3155 Nam
1825 3099 2004 3155 alium

355 3195 596 3249 ferventi
640 3209 790 3266 aqua
821 3196 1125 3248 excoctum
1161 3189 1236 3276 ‘in
1268 3189 1525 3245 canistro
1557 3205 1660 3260 pro
1716 3187 1902 3244 missu
1935 3189 2002 3242 ad

355 3301 498 3341 suos
549 3284 797 3346 remisit.
833 3281 1013 3338 alium
1047 3283 1102 3336 in
1154 3283 1447 3353 ingentem
1484 3296 1685 3350 rogum
1736 3279 2006 3351 coniecit,

357 3373 537 3431 alium
568 3372 731 3429 culeo
763 3373 1026 3428 insutum
1059 3370 1116 3425 in
1153 3371 1394 3426 fundum
1434 3367 1610 3424 maris
1637 3368 1870 3439 abjecit.
1907 3370 2008 3424 Fa-

367 3462 578 3520 ctionis
634 3479 767 3519 vero
827 3461 1145 3533 principem
1203 3463 1261 3516 et
1293 3475 1482 3531 regem
1536 3458 1826 3515 delectum
1881 3475 2010 3530 gra-

365 3551 512 3608 viori
562 3550 846 3624 supplicio
903 3549 1240 3606 destinavit.
1299 3547 1484 3604 Jussit
1529 3547 1683 3604 enim
1734 3564 2008 3604 coronam

359 3655 578 3697 teneam
613 3638 736 3694 ﬁeri
767 3654 899 3694 cum
935 3642 1190 3710 quatuor
1220 3635 1627 3706 foraminibus,
1672 3651 1844 3708 quam
1881 3636 2010 3706 ejus

355 3729 530 3803 capiti
562 3728 804 3786 totidem
859 3727 1090 3800 magnis
1128 3726 1304 3782 clavis
1333 3725 1539 3793 aiﬁxit,
1571 3729 1746 3797 atque
1796 3725 1872 3779 ita
1903 3724 2006 3781 ho-

354 3819 574 3876 minem
596 3819 757 3874 abire
777 3818 966 3889 jussit
985 3816 1076 3872 bis
1097 3815 1292 3872 verbis
1312 3831 1326 3871 :
1357 3838 1384 3866 «
1405 3815 1611 3882 Habes,
1634 3814 1828 3880 homo,
1852 3830 2010 3870 coro-

352 3924 489 3964 nam
522 3923 696 3979 quam
755 3910 1000 3962 venatus
1031 3922 1114 3960 es.
1158 3903 1342 3961 Nemo
1392 3903 1498 3959 tibi
1531 3903 1783 3960 invidet:
1819 3905 2006 3960 fruere

351 4013 537 4068 usque
563 3997 709 4052 adeo
731 3995 1055 4051 desiderata
1086 4009 1167 4050 re.
1199 4015 1228 4044 »
1253 3995 1307 4050 Is
1336 4008 1469 4048 vero
1493 3992 1776 4065 vertigine
1805 3993 2006 4048 oborta

347 4087 511 4142 humi
547 4085 853 4158 prolapsus
883 4082 1052 4157 paulo
1085 4089 1216 4154 post
1244 4081 1302 4137 in
1338 4080 1658 4138 miserabili
1689 4080 1788 4138 illo
1816 4082 2004 4138 diade-

353 4184 499 4233 mate
529 4175 866 4248 exspiravit.
919 4174 1096 4245 Capta
1151 4170 1373 4240 Sicilia,
1427 4187 1542 4227 una
1589 4187 1718 4227 cum
1783 4172 2006 4227 caeteris

346 4264 510 4321 Irens
561 4263 770 4320 lsaacii
805 4261 1177 4334 imperatoris
1210 4260 1325 4316 lilia
1370 4259 1590 4330 captiva
1619 4263 1707 4315 est
1756 4260 2005 4316 abducta

346 4359 405 4410 et
434 4355 724 4426 desponsa
765 4350 945 4407 notho
977 4349 1137 4406 fratri
1172 4349 1322 4422 regis
1365 4348 1720 4404 Alemanniis
1775 4349 2001 4421 Philip-

348 4460 444 4516 po,
460 4444 681 4498 amisso
706 4441 896 4512 priore
917 4441 1186 4510 conjuge,
1207 4439 1304 4510 qui
1323 4441 1454 4511 post
1478 4439 1698 4495 obitum
1721 4439 2002 4495 Tancredi

350 4531 528 4602 patris
555 4527 767 4585 Siciliae
798 4528 1133 4599 imperarat.

2106 1925 2317 2008 ἔλεγον,
2348 1931 2439 1986 καὶ
2471 1937 2601 1988 πᾶσι
2645 1932 2741 2005 μὲν
2797 1931 3046 1995 εὖκταῖος
3107 1933 3314 1997 ἐθνεσιν
3369 1933 3397 1988 ὁ
3446 1937 3544 1989 τοῦ
3593 1934 3773 2010 ῥηγὸς

2103 2019 2438 2094 Ἀλαμανίας
2472 2022 2695 2086 θάνατος
2729 2021 2922 2099 ἐφάνη,
2965 2021 3224 2084 Σικελοῖς
3273 2022 3332 2077 δὲ
3377 2023 3468 2078 καὶ
3521 2020 3772 2095 μάλιστα

2104 2113 2178 2173 ὡς
2212 2109 2336 2166 οὐδὲ
2364 2132 2502 2166 τισιν
2535 2109 2736 2175 ἄλλοις
2764 2113 2799 2182 ἡ
2841 2110 3068 2180 τελευτὴ
3127 2112 3321 2167 τούτου
3370 2111 3771 2181 ἀσπασιωτάτη

2103 2199 2409 2276 γεγένηται,
2485 2199 2599 2274 ὅσῳ
2671 2201 2762 2256 καὶ
2845 2203 2943 2270 τῆς
3019 2203 3190 2272 νήσου
3261 2199 3466 2272 ταύτης
3523 2198 3781 2270 ἁλούσης

2102 2289 2384 2354 πλείστοις
2451 2291 2538 2347 ὑπ’
2605 2290 2772 2346 αὐτοῦ
2834 2297 3022 2354 κακοῖς
3081 2289 3548 2365 προσεπάλαισαν,
3632 2290 3782 2367 ’ἅπερ

2107 2377 2233 2436 οἰ)δέ
2266 2378 2452 2456 ῥᾴδιον
2482 2385 2666 2460 γραφῇ
2717 2379 3075 2456 παραδοῦναι.
3129 2381 3206 2439 Ού
3247 2381 3350 2457 γὰρ
3401 2382 3570 2454 μόνον
3629 2381 3781 2452 ὑπή-

2107 2489 2306 2547 νεγκαν
2384 2469 2536 2525 οὗτοι
2608 2471 2817 2546 σφαγὰς
2893 2469 2985 2526 καὶ
3060 2469 3366 2550 χρημάτων
3467 2469 3786 2542 ὑπέστησαν

2109 2561 2360 2637 ἁρπαγὰς
2413 2562 2504 2616 καὶ
2557 2557 2822 2636 πατρίδος
2881 2558 3262 2640 ἐδυστύχησαν
3341 2557 3616 2616 ἔκπτωσιν
3689 2562 3785 2616 καὶ

2107 2649 2400 2706 κολάσεσιν
2449 2650 2802 2712 ἀνυποίστοις
2856 2645 3379 2720 καθυπεϐλήθησαν,
3425 2649 3624 2705 ὁπόσαι
3680 2654 3782 2705 τοῦ

2112 2745 2209 2814 ζῇν
2233 2741 2591 2816 αἱρετώτερον
2629 2745 2838 2806 τιθέασι
2885 2743 2950 2796 τὸ
2999 2742 3199 2813 θανεῖν,
3245 2738 3393 2796 ἀλλὰ
3442 2741 3534 2796 καὶ
3584 2741 3780 2804 πόλεις

2111 2828 2333 2886 Σικελαὶ
2375 2830 2584 2887 πολλαὶ
2641 2831 3024 2906 καθῃρέθησαν
3079 2831 3172 2886 καὶ
3235 2829 3470 2906 φρούρια
3520 2829 3775 2904 ἐπίκαιρα

2108 2921 2544 2996 κατεσκάφησαν.
2606 2918 2832 2978 Ἐδεδίει
2917 2920 3022 2996 γὰρ
3075 2923 3176 2990 τήν
3235 2920 3290 2983 ἐς
3358 2919 3576 2976 τούπιὸν
3633 2919 3767 2974 ἐπα-

2109 3009 2384 3079 νάστασιν,
2420 3010 2511 3065 καὶ
2553 3010 2628 3072 ὡς
2682 3011 2756 3083 μή
2817 3029 2951 3065 ποτε
3017 3009 3240 3065 Σικελοὶ
3297 3016 3400 3079 τῆς
3462 3007 3762 3083 ἐλευθερίας

2113 3099 2386 3175 ἐρασθεῖεν
2445 3097 2910 3175 προμηδούμενος
2966 3105 3140 3156 πᾶσαν
3186 3099 3377 3162 αὐτοῖς
3427 3099 3631 3174 ἀγαθὴν
3684 3098 3772 3153 ex.

2119 3186 2250 3244 πίδα
2305 3189 2596 3263 ἀπέκοψεν,
2656 3189 2754 3260 ὃση
2823 3209 2882 3244 τε
2939 3186 2993 3244 ἐν
3069 3191 3322 3264 χρήμασι
3388 3189 3480 3244 καί
3533 3188 3658 3259 ὅση,
3719 3186 3772 3242 ἐν

2121 3273 2327 3354 ἅρμασι
2358 3279 2447 3333 καὶ
2473 3275 2669 3340 *ίπποις
2698 3277 2966 3349 τεθέαται,
3015 3279 3107 3333 καὶ
3157 3278 3258 3349 ὅση
3304 3272 3626 3352 περιϐόλοις
3671 3277 3776 3331 πό-

2119 3370 2258 3427 λεων
2293 3371 2656 3446 εὖτειχιστοις
2691 3369 2783 3425 καὶ
2822 3366 3078 3444 ἀνδράσιν
3125 3369 3360 3447 εὖγενέσι
3405 3371 3498 3425 καὶ
3551 3368 3779 3444 ἐχυροῖς

2119 3459 2380 3536 ἐρύμασιν
2433 3460 2838 3534 ἔμπερικροτεῖ.
2891 3459 3044 3528 Πλὴν
3096 3459 3288 3515 καὶτὸ
3341 3457 3549 3533 μέλλον
3602 3456 3779 3514 δεινὸν

2117 3549 2193 3614 ὡς
2220 3547 2364 3624 ὧραι
2397 3549 2752 3627 ὑφορώμενος
2785 3549 2874 3604 καὶ
2929 3549 3007 3622 μή
3059 3548 3233 3624 παρὸν
3283 3549 3778 3622 προαποκρουόμε-

2113 3632 2608 3708 νος’ἐπεϐουλεύθη
2643 3637 2790 3713 παρά
2819 3657 2984 3693 τινων
3032 3637 3123 3694 καὶ
3171 3637 3433 3713 κρείττων
3483 3644 3585 3708 τῆς
3639 3636 3780 3693 ἐκεί-

2113 3748 2220 3782 νων
2253 3728 2436 3805 φανείς
2468 3726 2755 3792 ἐπιθέσεως
2783 3727 2846 3782 ού
2877 3728 2956 3801 τῷ
3004 3725 3093 3783 διὰ
3141 3727 3328 3804 ξίφους
3385 3729 3594 3802 θανάτῳ
3645 3727 3776 3784 τοὺς

2114 3815 2431 3878 ἀντιστάτας
2461 3815 2735 3890 ἠμύνατο,
2769 3815 2916 3872 ἀλλὰ
2945 3815 3312 3894 πολυτρόπως
3363 3817 3629 3893 πρότερον
3678 3821 3776 3893 βα-

2115 3905 2330 3969 σανίσας
2364 3905 2684 3982 οἰκτρότατα
2716 3905 2858 3962 οὕτω
2899 3904 2997 3962 τοῖ’)
3055 3905 3150 3980 ζῇν
3207 3903 3510 3982 ἐστέρησεν⁹
3563 3909 3620 3962 ὅν
3675 3909 3775 3981 μὲν

2110 3995 2211 4070 γὰρ
2271 3993 2690 4070 διακεχαλακὼς
2742 3993 3080 4071 καχλάζοντι
3130 3991 3326 4066 λέϐητι
3372 3997 3464 4051 καὶ
3514 3996 3623 4060 θεὶς
3684 3997 3777 4052 ἐπὶ

2112 4081 2278 4139 κοινοῦ
2308 4085 2548 4160 καθάπερ
2579 4089 2728 4139 σῖτον
2787 4083 3104 4162 ἐκπέπομφε
3142 4089 3261 4146 τοῖς
3311 4083 3559 4152 οἰκείοις,
3607 4085 3665 4140 ὃν
3712 4082 3780 4140 δὲ

2117 4171 2424 4243 ἡκοντικὼς
2468 4173 2546 4236 εἴς
2604 4174 2776 4249 πυρὰν
2864 4174 3184 4228 ἆνακαεῖσαν
3253 4171 3662 4243 ἐπταπλασίως,
3717 4175 3779 4228 δν

2115 4259 2174 4317 δὲ
2207 4261 2562 4325 ἐνσακκεύσας
2617 4262 2708 4318 καὶ
2763 4267 2843 4334 τῷ
2905 4263 3056 4337 βυθῷ
3112 4267 3212 4331 τῆς
3272 4261 3551 4333 θαλάσσης
3605 4283 3779 4336 παρα·

2115 4349 2339 4428 πέμψας
2368 4351 2631 4427 ἐξέτριψε.
2663 4352 2766 4407 Τὸν
2797 4350 2855 4406 δέ
2884 4373 2948 4429 γε
2976 4351 3335 4427 πρωτουργὸν
3365 4372 3465 4406 του
3510 4354 3781 4428 συστρέμ-

2117 4463 2287 4515 ματος
2315 4440 2407 4497 καὶ
2437 4441 2577 4516 πρὸς
2626 4440 2926 4515 ἠγεμονίαν
2993 4439 3313 4514 ἐπιλεγέντα
3371 4441 3643 4517 βαρυτέρᾳ
3694 4463 3776 4496 τι-

2117 4531 2300 4605 μωρίᾳ
2327 4534 2435 4586 τῶν
2465 4529 2678 4587 λοιπῶν
2709 4527 3014 4586 ὑπεδίκασε·
3062 4531 3254 4607 στέφος
3303 4531 3412 4606 γὰρ
3457 4531 3518 4586 ἐκ
3560 4529 3780 4610 χαλκοῦ

343 4617 596 4690 ἐπιτάξας
656 4619 926 4694 γενέσθαι,
987 4615 1306 4693 ἐγκαρσίους
1365 4613 1494 4692 ἔχον
1555 4616 1692 4680 όπάς
1776 4617 1898 4679 ’ἰσας
1975 4624 2089 4682 τοῖς
2147 4621 2364 4695 πέρασι,
2442 4619 2751 4694 περιτίθησι
2829 4625 2992 4676 τοῦτο
3067 4625 3147 4694 τῷ
3232 4621 3514 4696 ἀντάραντι
3585 4629 3776 4699 χεῖρας

344 4708 556 4784 ἐκείνῳ,
617 4701 802 4764 ἔπειτα
846 4705 1063 4782 τέτρασι
1133 4707 1414 4784 μεγίστοις
1469 4703 1720 4774 ἕστορσιν
1777 4706 1831 4770 ἐς
1888 4710 1951 4762 τὸ
2009 4707 2306 4787 διαμπερὲς
2398 4706 2866 4784 διαϐεϐλημένοις
2936 4714 3005 4785 τῇ
3082 4707 3295 4788 κεφαλῇ
3373 4709 3638 4787 ἐνερείσας
3711 4714 3774 4768 τὸ

343 4798 590 4875 διάδημα
619 4799 765 4855 οὕτω
807 4793 1039 4874 διαφῆκε
1098 4793 1360 4872 βαδίζειν,
1421 4820 1448 4847 ‹‹
1510 4798 1720 4872 Ἔχεις,
1779 4819 1808 4850 »
1869 4797 2060 4868 είπὼν,
2121 4823 2150 4852 ‹‹
2212 4799 2269 4856 δν
2329 4799 2572 4871 ἐδίωκες,
2631 4798 2900 4876 ἄνθρωπε,
2963 4801 3244 4878 στέφανον·
3314 4801 3516 4873 φθόνος
3575 4799 3770 4872 οὐδεὶς,

345 4892 589 4949 ἀπόλαυε
635 4895 733 4947 τοῦ
790 4889 982 4968 ἐφετοῦ
1022 4909 1106 4942 σοι
1158 4885 1282 4942 λίαν
1343 4887 1432 4942 καὶ
1487 4885 1960 4962 περισπουδάστου
2020 4892 2400 4964 χρήματος.»
2467 4893 2529 4949 Ὁ
2587 4887 2645 4946 δὲ
2699 4889 3020 4961 σκοτοδίνης
3080 4890 3349 4960 πλησθεὶς
3409 4893 3500 4948 καὶ
3559 4893 3771 4966 πρηνὴς

343 4982 520 5037 πεσὼν
585 4980 720 5054 μετὰ
780 4979 959 5056 βραχὺ
1016 4977 1308 5048 ἐτεθνήκει,
1361 4980 1442 5048 τῷ
1509 4976 1678 5049 οἰκτῷ
1725 4975 1916 5050 ἐκείνῳ
1972 4975 2344 5055 ἐναπορῥήξας
2398 4983 2780 5058 στεφανώματι
2858 4982 2960 5050 τήν
3049 4983 3264 5056 ψυχήν.
3351 4982 3495 5038 Κατὰ
3559 4977 3618 5035 δι
3667 4979 3766 5044 τὴν

345 5067 553 5124 ἅλωσιν
610 5076 711 5138 τῆς
763 5066 1016 5130 Σικελίας
1075 5067 1304 5142 ἀπήχθη
1368 5068 1482 5139 μεθ’
1533 5061 1729 5139 ἐτέρων
1789 5066 2156 5146 αἰχμάλωτος
2201 5069 2293 5124 καὶ
2349 5071 2386 5139 ἡ
2447 5070 2683 5144 θυγάτηρ
2747 5069 3014 5126 Ἰσαακίου
3072 5073 3169 5124 τοῦ
3227 5069 3636 5146 αὐτοκράτορος,
3688 5065 3758 5132 ἧς

345 5161 380 5228 ἡ
412 5155 610 5228 κλῆσις
641 5155 875 5232 Είρήνη,
902 5157 993 5211 καὶ
1023 5155 1466 5231 προσαρμόζεται
1499 5155 1768 5230 Φιλίππῳ
1797 5157 1877 5228 τῷ
1905 5161 2003 5212 τοῦ
2035 5155 2208 5233 ῥηγὸς
2257 5157 2593 5231 Ἀλαμανίας
2639 5156 2882 5238 ἀδελφῷ,
2933 5157 2993 5214 ἐκ
3042 5164 3318 5233 πορνικῶν
3369 5157 3547 5232 φυέντι
3597 5175 3766 5226 σπερ-

348 5241 942 5321 μάτων,ἆπο6αλοῢσα
983 5247 1118 5314 αὓτη
1175 5245 1391 5317 θανάτῳ
1442 5245 1534 5300 τὸν
1591 5244 1651 5300 ἐκ
1715 5244 2015 5321 παρθενίας
2073 5247 2164 5302 καὶ
2220 5246 2484 5322 πρότερον
2545 5247 2820 5319 σύνευνον,
2880 5247 2940 5310 ὅς
2995 5248 3086 5304 καί
3145 5248 3464 5324 ἐτυράννησε
3524 5241 3782 5308 Σικελίας

346 5337 482 5409 μετᾶ
505 5335 674 5409 μόρον
700 5331 800 5388 τοῦ
827 5335 1078 5397 τεκόντος
1109 5331 1272 5390 αὺτὸν
1301 5334 1538 5410 Ταγκρέ.

415 5425 570 5483 080
599 5424 881 5481 Castorum
911 5423 1020 5481 hoc
1067 5439 1298 5497 quoque
1332 5424 1482 5481 malo
1513 5425 1784 5495 maximo,
1817 5443 1848 5482 a
1881 5443 1996 5499 quo

2173 5424 2335 5484 Ἀλλ’
2365 5423 2614 5482 ἐκποδὼν
2643 5427 2735 5483 καὶ
2781 5425 2943 5483 τοῦδε
2998 5432 3096 5483 τοῦ
3159 5431 3336 5486 κακοῦ
3395 5427 3577 5482 θεόθεν
3634 5446 3784 5500 γεγε-

345 5527 548 5570 omnes
597 5511 908 5585 provinciae
943 5513 1217 5568 Romanae
1275 5513 1518 5582 pessima
1552 5531 1797 5587 quaeque
1837 5516 2002 5572 time-

348 5601 506 5668 bant,
540 5599 823 5658 divinitus
870 5601 1100 5658 sublato
1131 5599 1291 5656 aliud
1347 5602 1738 5659 infortunium
1771 5621 1801 5660 e
1855 5605 1997 5660 mari

346 5690 589 5746 exstitit.
623 5688 768 5744 Nam
793 5690 1120 5748 Genuensis
1151 5690 1392 5762 quidam
1425 5694 1657 5749 nomine
1680 5693 1997 5765 Caphures,

2109 5515 2374 5589 νημένου,
2411 5518 2671 5591 μεγίστου
2701 5538 2761 5572 τε
2791 5513 2949 5582 ὄντος
2995 5517 3086 5573 καὶ
3138 5518 3226 5598 ὑφ’
3285 5515 3348 5572 οὗ
3399 5523 3547 5572 πᾶσα
3576 5518 3611 5585 ἡ
3643 5516 3782 5572 Ῥω-

2113 5607 2290 5679 μαίων
2351 5603 2667 5684 ἐκαραδόκει
2722 5607 2793 5662 τὰ
2861 5604 3141 5662 δεινότατα
3221 5607 3526 5676 πείσεσθαι,
3594 5603 3781 5680 ἕτερον

2111 5697 2418 5770 ὑπεκύμανε
2475 5690 2812 5758 κυνοϐλαϐὲς
2866 5697 2988 5752 καθ’
3055 5693 3162 5750 ἅλα
3235 5696 3426 5754 κακόν.
3491 5693 3784 5765 Γενουῗτης
