4102 6424
381 410 502 470 857

1268 403 1369 465 DE
1413 402 1705 465 ALEXIO
1747 399 2029 464 ISAACII
2073 396 2367 460 ANGELI
2419 398 2546 459 FR.
2594 397 2748 457 LIB.
2794 394 2872 457 II.

3678 396 3799 457 858

380 544 484 620 γάρ
511 562 594 603 τις
627 540 916 617 Καφοόρης
944 534 1211 609 τοῦνομα,
1267 543 1400 605 νῆας
1461 533 1745 610 δικρότους
1787 534 1873 590 καὶ
1909 552 2028 608 τριν

2145 531 2468 588 biremibus
2501 534 2557 586 et
2587 530 2924 586 triremibus
2955 529 3273 597 fabricatis,
3310 532 3576 587 rotundis
3616 533 3793 588 etiam

378 633 609 705 κρότους
658 628 971 700 πηξάμενος
1023 628 1114 681 καὶ
1163 623 1385 685 πλοίοις
1440 623 1801 700 στρογγύλοις
1834 623 2036 699 φραξά-

385 742 571 796 μενος,
624 722 719 781 τὰς
774 716 1248 794 παραθαλαττίους
1306 711 1478 792 ἔκειρε
1535 715 1726 779 πόλεις
1785 715 1874 770 καὶ
1940 717 2036 776 τάς

383 813 587 881 νήσους
643 807 809 864 ἐπιὼν
845 809 995 882 [311]
1045 806 1204 862 ἐτίθει
1264 809 1444 869 κακῶς
1472 806 1528 859 αἳ
1556 804 1691 859 κατά
1718 804 1781 858 τὸ
1813 804 2035 880 Αἰγαῖον

382 900 667 974 ἀνίσχουσι
699 896 964 972 πέλαγος.
995 894 1169 954 ’Λλλά
1225 895 1317 951 καὶ
1374 900 1455 968 τῷ
1487 893 1834 969 Ἀτραμυτίῳ
1867 912 2038 967 προσ-

381 983 567 1044 ϐαλὼν
598 986 748 1044 λείαν
800 987 1000 1042 ἐκεῖθεν
1049 984 1222 1055 ἤλασε
1272 983 1364 1039 καὶ
1418 981 1667 1052 συνέλεξε
1701 980 1940 1037 πλοῦτον
1970 982 2035 1036 οὐ

377 1076 711 1149 σταθμητόν.
741 1077 829 1137 Ὠς
891 1073 949 1130 δέ
1008 1075 1289 1151 ῥέγκοντες
1350 1071 1555 1149 βαθέως
1598 1070 1910 1146 ἐξανέθορον
1939 1069 2037 1144 ὀψέ

374 1187 509 1222 ποτε
563 1165 655 1221 καὶ
709 1166 980 1239 ἀνένηψαν
1062 1160 1285 1239 βράδιον
1373 1163 1456 1226 οἷς
1515 1161 1636 1232 ἐξῆν
1690 1160 1757 1215 τά
1810 1164 2036 1215 τοιαῦτα

374 1256 716 1326 σκέπτεσθαι,
794 1253 1079 1310 στέλλεται
1153 1254 1290 1308 κατά
1380 1257 1477 1307 τοῦ
1567 1249 1822 1331 Καφούρη
1903 1249 2037 1323 μετά

372 1346 665 1418 τριάκοντα
730 1348 873 1413 νηῶν
944 1344 972 1398 6
1032 1343 1354 1418 Στειρνόνης
1422 1341 1702 1411 Ἰωάννης,
1771 1341 2035 1414 πειρατὴς

379 1436 474 1507 μὲν
549 1453 683 1488 ποτε
757 1434 995 1509 γεγονὼς
1068 1430 1158 1487 καὶ
1233 1435 1502 1506 πειρατῶν
1560 1432 1587 1486 6
1646 1429 1921 1506 γείριστος
1977 1428 2037 1483 ἐκ

374 1517 690 1597 Καλαϐρίας
768 1522 1121 1594 ὁρμώμενος,
1199 1519 1453 1592 Ἰσαακίῳ
1530 1518 1588 1575 δὲ
1660 1524 1740 1592 τῷ
1818 1517 2036 1594 βασιλεῖ

374 1612 666 1686 προσρυεὶς
743 1609 830 1664 ἐπὶ
910 1609 1188 1685 μεγίστοις
1266 1607 1681 1688 φιλοτιμήμασι
1755 1610 1844 1662 καὶ
1894 1608 2027 1665 Ῥω·

380 1701 571 1775 μαίους
605 1700 925 1763 πλειστάκις
966 1699 1276 1780 ὠφεληκὼς
1332 1698 1383 1754 ἐν
1438 1706 1558 1762 τοῖς
1601 1701 1736 1755 κατὰ
1766 1699 2030 1755 θάλατταν

374 1789 757 1864 ἀεθλεύμασιν.
813 1789 1008 1860 ³Εξιὼν
1070 1790 1160 1844 οὖν
1211 1790 1348 1844 κατὰ
1404 1795 1502 1845 τοῦ
1561 1789 1823 1864 Καφούρη
1867 1808 2033 1843 κακο-

375 1876 630 1969 δαιμονεῖ
685 1876 1086 1969 ποιριὶιδόξαν·Δ
1134 1875 1276 1955 ἔχων
1336 1877 1437 1969 γάρ
1470 1876 1586 1969 ,διὰ
1643 1876 1876 1969 μελέτης
1919 1898 2028 1969 ,κα-
2062 1904 2109 1969 Β

363 1968 758 2046 τασοφίσασθαι
816 1968 908 2022 τὸν
967 1965 1292 2038 ἀντίπαλον,
1353 1966 1530 2023 πλείω
1569 1961 2023 2043 προϐεϐλημένον

369 2059 551 2134 ἰσχὺν,
625 2058 716 2112 ὑπ’
789 2056 994 2113 ἔκείιου
1069 2062 1595 2137 καταναυμαχεῖται›
1636 2057 1920 2119 πεπονθὼς
1995 2055 2025 2110 ὅ

369 2144 584 2220 δράσειν
642 2146 847 2202 ἐκεῖνον
905 2145 1097 2201 ἐνενόει
1155 2144 1245 2201 διά
1300 2147 1526 2210 παντός.
1583 2150 1715 2209 Ταῖς
1753 2145 1856 2222 γὰρ
1885 2146 2028 2202 Ῥω-

374 2240 597 2308 μαϊκαῖς
655 2237 803 2291 ναυσὶ
874 2235 999 2311 περὶ
1059 2236 1270 2306 Σηστὸν
1330 2234 1684 2297 σαλευοῦσαις
1747 2232 2024 2309 λαθρηδὸν

366 2324 588 2391 ἐπιστὰς
620 2329 647 2383 6
682 2329 992 2406 Καφούρης,
1051 2328 1125 2389 ὡς
1187 2327 1309 2402 εὗρε
1359 2328 1480 2401 περὶ
1517 2321 1862 2401 μεσημϐρίαν
1893 2327 2028 2382 κατά

367 2417 459 2470 τὸν
492 2417 654 2492 Σιγὸν
684 2418 932 2490 ποταμὸν
965 2416 1334 2488 κεκενωμένας
1389 2420 1490 2471 τοῦ
1545 2421 1824 2486 ναυτικοῦ,
1858 2417 2027 2486 ἀπαξ-

372 2504 581 2568 απάσας
613 2506 747 2576 μετὰ
776 2509 884 2560 τῶν
944 2504 1133 2560 ὅτλων
1192 2505 1284 2560 καὶ
1347 2506 1420 2559 ὧν
1480 2505 1632 2579 εἶχον
1675 2501 1856 2560 ἔνδοθι
1894 2507 2027 2578 βιω-

374 2592 550 2666 σίμων
586 2594 747 2668 αἱρεῖ.
782 2595 890 2649 Ἐκ·
925 2591 983 2648 δέ
1032 2592 1228 2648 τούτου
1285 2593 1379 2655 τὰς
1423 2595 1623 2665 νήσους
1656 2591 1826 2656 ἀδεῶς
1859 2594 2026 2650 έπιὼν

371 2682 462 2736 καὶ
516 2702 700 2761 χωρια
750 2682 817 2737 τά
870 2680 1091 2756 πάραλα
1148 2680 1480 2756 ληϊζόμενος
1536 2681 1736 2759 φόρους
1778 2682 2030 2739 ἐπέταττε

369 2772 459 2826 καὶ
495 2770 782 2848 συνέλεγεν
842 2771 918 2836 ὡς
972 2766 1269 2842 ἠϐούλετο.
1328 2769 1594 2836 Βασιλεὺς
1620 2772 1802 2827 τοίνυν
1831 2771 2027 2844 ἐξηπο-

371 2860 553 2935 ρηκὼς
590 2860 676 2915 ἐπὶ
708 2861 931 2923 τούτοις
981 2856 1091 2915 δεῖν
1143 2855 1287 2937 ἔγνω
1319 2859 1633 2925 σπείσασθαι
1662 2866 1741 2933 τῷ
1770 2867 2026 2938 πειρατῇ.

369 2950 592 3022 Ἀμέλει
641 2950 733 3005 καὶ
784 2947 1003 3011 στείλας
1058 2970 1211 3012 τινας
1268 2954 1374 3004 τῶν
1428 2952 1674 3021 συνήθων
1708 2948 1895 3024 ἐκείνῳ
1926 2957 2026 3007 Γε⁴

363 3044 593 3095 νουϊτῶν
649 3037 942 3112 (πολλακις
993 3038 1097 3115 γὰρ
1155 3041 1271 3095 κατ’
1334 3038 1600 3114 ἐμπορίαν
1632 3036 1738 3095 ὧδε
1768 3041 2024 3115 κατήχθη

363 3130 417 3193 ἐς
473 3131 536 3186 τὸ
598 3130 906 3201 Βυζάντιονο
966 3131 1057 3186 καὶ
1113 3128 1144 3185 6'
1199 3127 1478 3205 δέδρακεν,
1521 3129 1573 3193 ἐς
1635 3133 1898 3206 χρήματα
1929 3137 2029 3203 ζη-

369 3221 595 3295 μιωθεὶς
652 3221 799 3294 παρὰ
855 3224 950 3276 τοῦ
1005 3219 1130 3276 τότε
1182 3217 1377 3284 δουκὸς
1422 3224 1519 3275 τοῦ
1550 3220 1751 3276 στόλου
1783 3222 2023 3300 Μιχαὴλ

361 3316 461 3366 τοῦ
514 3313 794 3387 Στρυφνοῦ
845 3309 1159 3386 εἰργάσατο)
1214 3310 1439 3366 ὰνεκίνει
1518 3311 1612 3385 μέν
1677 3311 1766 3365 καὶ
1826 3310 2023 3387 λόγους

474 3399 489 3417 \
690 3397 751 3417 ἐιν
925 3397 997 3419 ἐν
1499 3400 1512 3413 ο
1833 3400 1844 3419 Ι

368 3420 492 3474 περι
546 3412 817 3469 σπονοων,
880 3416 1038 3455 ουοεν
1099 3396 1158 3454 δὶ
1203 3402 1366 3469 ἦττον
1424 3421 1515 3455 και
1572 3399 1707 3475 πρὸς
1775 3398 2024 3474 πολεμον

368 3488 724 3561 ἡτοιμάζετο,
756 3490 1001 3564 τριήρεις
1053 3487 1228 3552 ἄλλας
1280 3489 1742 3564 καταρτισάμενος
1772 3491 1860 3545 καὶ
1894 3490 2021 3546 ταύ-

364 3596 462 3637 τας
490 3573 648 3637 αὗθις
679 3580 760 3648 τῷ
800 3576 1090 3651 Στειριόνῃ
1150 3573 1449 3650 παραδούς.
1498 3576 1585 3637 Ὠς
1617 3574 1674 3631 δὲ
1704 3572 2022 3648 συνέϐησαν,

363 3667 391 3720 6
475 3666 568 3739 μὲν
614 3664 871 3741 βασιλεὺς
910 3661 961 3739 ἔξ
1006 3668 1332 3741 κεντηνάρια
1391 3664 1624 3740 χρυσίου
1678 3664 1886 3721 στεῖλαι
1943 3669 2021 3738 τῷ

366 3754 623 3832 Καφούρῃ
701 3755 791 3811 καὶ
869 3759 1058 3831 χώραν
1136 3752 1507 3810 ἀποδάσασθαί
1582 3755 1633 3809 οἳ
1707 3755 2018 3829 Ῥωμαϊκὴν

359 3843 766 3907 έπταπλασίους
841 3842 1075 3919 ἔχουσαν
1172 3843 1384 3922 τρέφειν
1474 3845 1754 3922 ὁμογενεῖς
1831 3843 2020 3918 ἐκείνῳ

2144 622 2392 677 navibus
2451 621 2793 690 instructus,
2857 620 3177 675 maritimas
3235 621 3409 674 urbes
3465 625 3521 674 et
3573 621 3795 676 insulas

2141 710 2313 782 zEgazi
2348 710 2522 766 maris
2553 709 2792 765 vexavit.
2826 709 2933 764 Sed
2981 715 3037 764 et
3066 708 3429 781 Adramyttio
3476 718 3599 764 acta
3648 728 3791 781 prae-

2142 801 2218 855 da
2250 801 2556 855 immensis
2586 799 2798 871 opibus
2828 805 2919 855 est
2947 800 3184 870 potitus.
3214 798 3282 855 Ut
3312 815 3441 854 vero
3474 798 3545 853 iis
3576 801 3792 871 quibus

2141 889 2278 944 talia
2309 906 2459 944 cura:
2492 905 2619 944 esse
2634 890 2922 944 debebant
2951 889 3183 943 tandem
3218 893 3491 943 veternus
3515 905 3793 945 excussus

2140 981 2246 1045 est,
2279 976 2532 1031 Joannes
2563 977 2847 1033 Stiriones
2876 993 3007 1031 cum
3043 976 3282 1047 triginta
3315 975 3562 1031 navibus
3594 981 3794 1032 contra

2141 1064 2307 1120 illum
2340 1065 2613 1119 mittitur.
2649 1069 2857 1120 Fuerat
2909 1065 2957 1120 is
2988 1065 3272 1120 Stiriones
3323 1064 3510 1137 pirata
3540 1066 3796 1121 Brevissi-

2143 1170 2297 1217 mus.
2350 1169 2380 1209 e
2436 1153 2702 1210 Calabria
2753 1155 3039 1210 oriundus
3083 1171 3096 1209 :
3158 1156 3257 1210 sed
3321 1156 3390 1211 ab
3445 1155 3795 1226 imperatore

2141 1245 2361 1301 Isaacio
2412 1244 2683 1300 maximis
2717 1245 3060 1301 muneribus
3101 1246 3319 1302 ascitus
3370 1246 3652 1302 Romanis
3683 1264 3793 1302 sse-

2142 1334 2386 1406 pissime
2414 1333 2473 1389 in
2507 1333 2810 1389 navalibus
2844 1333 3009 1389 bellis
3040 1336 3458 1391 commodarat.
3502 1337 3557 1391 Is
3589 1345 3794 1392 contra

2140 1422 2461 1495 Caphurcm
2513 1424 2800 1493 profectus
2859 1428 3067 1494 praeter
3121 1427 3611 1496 exspectationem
3689 1428 3790 1479 ad-

2140 1529 2305 1569 versa
2338 1514 2567 1569 fortuna
2598 1512 2813 1568 utitur:
2848 1528 2980 1569 nam
3018 1528 3155 1569 cum
3187 1515 3407 1571 viribus
3458 1516 3789 1571 adversario

2139 1604 2381 1658 interior
2436 1603 2601 1658 illum
2652 1606 2773 1658 arte
2814 1618 3090 1673 superare
3142 1605 3537 1669 contenderet,
3599 1616 3670 1659 ut)
3722 1623 3788 1660 eo

2138 1692 2322 1749 victus
2373 1697 2481 1759 est,
2516 1692 2576 1747 id
2610 1707 2917 1763 perpessus
2967 1692 3119 1763 quod
3154 1698 3430 1764 perpetuo
3478 1693 3661 1748 facere
3692 1695 3789 1748 de-

2138 1782 2404 1837 stinarat.
2438 1781 2733 1853 Capbures
2764 1782 2934 1837 etiam
2967 1785 3256 1837 Romanas
3305 1798 3473 1837 naves
3505 1783 3654 1837 circa
3686 1783 3787 1838 Se-

2138 1876 2291 1927 stum
2322 1873 2469 1927 clam
2515 1872 2777 1937 adortus,
2808 1887 2940 1927 cum
2976 1872 3085 1926 sub
3128 1872 3426 1927 meridiem
3459 1873 3530 1926 ad
3586 1872 3785 1943 Siguzu

2135 1964 2353 2019 flumen
2387 1961 2704 2018 classiariis
2735 1978 2949 2018 vacuas
2978 1963 3310 2032 reperisset,
3330 1963 3633 2018 universas
3657 1979 3788 2017 cum

2133 2053 2315 2107 armis
2345 2056 2401 2107 et
2457 2056 2787 2108 commeatu
2846 2053 3019 2123 capit.
3056 2052 3136 2107 Ex
3195 2070 3259 2108 eo
3292 2051 3505 2108 insulis
3538 2057 3596 2107 et
3645 2051 3787 2107 locis

2134 2144 2284 2198 637
2321 2142 2650 2210 maritimis,
2684 2159 2813 2214 quae
2840 2143 3081 2214 impune
3114 2142 3332 2214 passim
3368 2142 3782 2214 populabatur,

2132 2231 2351 2287 tributa
2400 2248 2501 2303 pro
2555 2249 2665 2287 sua
2712 2231 2956 2287 libidine
3014 2231 3340 2302 imperabat
3398 2235 3455 2285 et
3496 2230 3782 2299 exigebat.

2135 2324 2321 2388 Quare
2352 2322 2666 2392 imperator
2700 2321 2869 2393 inops
2899 2319 3127 2376 consilii
3179 2336 3382 2391 pacem
3430 2337 3563 2375 cum
3600 2319 3793 2390 pirata

2137 2411 2465 2467 faciendam
2499 2411 2771 2478 censuit;
2806 2415 2863 2466 et
2885 2409 3240 2481 quibusdam
3268 2408 3671 2464 Genuensibus
3705 2408 3791 2463 illi

2136 2498 2521 2556 familiaribus
2549 2501 2620 2555 ad
2654 2515 2786 2555 eum
2821 2497 3020 2555 missis
3053 2498 3227 2572 (stepe
3265 2497 3418 2553 enim
3454 2497 3793 2568 negotiandi

2135 2591 2326 2661 gratia
2358 2592 2694 2664 Byzantium
2748 2591 3078 2661 appulerat,
3124 2594 3181 2645 et
3213 2588 3366 2660 quod
3417 2587 3683 2652 faciebat,
3719 2604 3787 2642 ea

2137 2678 2206 2734 de
2239 2696 2417 2734 causa
2448 2679 2695 2734 faciebat
2716 2677 2871 2750 quod
2902 2694 2936 2732 a
2964 2675 3241 2732 Michaele
3261 2675 3555 2747 Strypbno
3579 2674 3787 2730 classis

2136 2772 2408 2842 praefecto
2442 2773 2685 2843 pecunia
2720 2770 3005 2826 multatus
3045 2770 3277 2839 fuerat),
3310 2767 3582 2840 quamvis
3611 2768 3787 2822 verba

2135 2861 2207 2915 de
2238 2877 2377 2932 pace
2431 2863 2666 2929 faceret,
2701 2858 3094 2915 nihilominus
3124 2860 3298 2914 etiam
3343 2858 3414 2913 ad
3469 2856 3686 2913 bellum
3726 2874 3788 2911 se

2137 2950 2401 3021 parabat,
2434 2950 2565 3006 aliis
2597 2950 2941 3006 triremibus
2972 2949 3326 3021 comparatis
3358 2951 3415 3003 et
3445 2964 3653 3003 rursus
3682 2945 3791 3001 Sti-

2135 3040 2286 3095 rioni
2322 3040 2573 3097 traditis.
2609 3040 2720 3096 Sed
2753 3046 2813 3095 ut
2842 3039 2997 3095 inter
3027 3055 3125 3095 eos
3175 3038 3468 3106 convenit,
3500 3046 3555 3093 et
3604 3039 3790 3108 impe-

2135 3135 2294 3184 rator
2353 3147 2414 3186 se
2472 3129 2524 3185 ei
2583 3146 2681 3185 sex
2746 3129 2874 3185 auri
2935 3127 3300 3184 centenarios
3355 3128 3675 3183 missurum
3731 3130 3789 3180 et

2137 3223 2469 3279 Romanum
2502 3240 2710 3296 agrum
2738 3223 3200 3296 assignaturum,
3225 3221 3324 3293 qui
3357 3219 3630 3293 septuplo
3661 3219 3782 3290 plu-

2137 3330 2230 3368 res
2280 3312 2499 3368 milites
2531 3318 2733 3384 posset
2781 3312 2933 3368 alere
2981 3328 3156 3383 quam
3192 3312 3319 3382 ipse
3367 3310 3629 3379 haberet,
3688 3309 3786 3364 illo

2136 3411 2338 3459 contra
2370 3420 2431 3458 se
2460 3401 2805 3472 imperatori
2837 3402 2990 3458 dicto
3024 3402 3361 3457 audientem
3393 3400 3513 3455 fore
3542 3410 3629 3455 est
3661 3398 3782 3471 pol-

2133 3490 2354 3547 lieitus.
2393 3491 2675 3547 Stiriones
2735 3507 2867 3546 cum
2918 3492 3063 3561 suis,
3115 3491 3340 3546 Pisanis
3393 3489 3602 3560 copiis,
3650 3504 3789 3559 pace

2136 3580 2334 3636 adhuc
2384 3581 2671 3651 ambigua,
2703 3598 2770 3637 ex
2802 3581 3116 3652 improviso
3165 3580 3493 3651 Capburem
3527 3580 3793 3634 adoritur

2132 3669 2569 3741 commissaque
2586 3686 2785 3742 pugna
2807 3675 3041 3742 captum
3059 3669 3355 3735 oceidit,et
3375 3670 3501 3740 ejus
3519 3685 3619 3724 nas
3634 3669 3787 3737 ibus,

2132 3764 2382 3830 quatuor
2425 3759 2703 3831 exceptis,
2754 3760 2993 3832 potitur,
3025 3759 3085 3814 in
3132 3758 3348 3831 quibus
3397 3758 3786 3815 consobrinus

2131 3849 2256 3920 ejus
2286 3855 2429 3904 erat.

362 3932 616 4006 ὁπλίτας,
653 3936 681 3989 ὁ
714 3932 771 3989 δὲ
803 3933 1040 3990 ὑπείκειν
1073 3933 1152 4008 τῷ
1188 3933 1428 4011 βασιλεῖ,
1463 3933 1876 4010 ἀπροσδόκητος
1905 3936 1933 3990 ὁ
1966 3936 2283 4012 Στειριόνης
2330 3938 2466 4011 μετὰ
2519 3940 2619 4003 τῆς
2658 3938 2930 4011 ἑπομένης
2961 3938 3110 4010 αὐτῷ
3145 3940 3441 4006 Πισσαϊκῆς
3474 3933 3778 4011 δυνάμεως,

359 4021 446 4080 ἔτι
478 4022 645 4097 οὔσης
675 4033 774 4095 τῆς
805 4025 1029 4101 έῖρήνης
1062 4026 1440 4105 ἀμφιπαλοῦς,
1473 4026 1563 4081 καὶ
1599 4027 1787 4105 μάχην
1847 4026 2104 4101 συνάψας,
2155 4027 2317 4083 αὐτόν
2372 4050 2431 4085 τε
2472 4028 2564 4084 τὸν
2598 4030 2890 4106 Καφούρην
2925 4029 3064 4084 ἑλὼν
3097 4027 3308 4105 ἀναιρεῖ
3332 4027 3423 4082 καὶ
3452 4026 3545 4090 τάς
3578 4026 3783 4082 ἐκείνου

362 4122 498 4185 νῆας
530 4113 678 4185 πλὴν
711 4116 980 4171 τεττάσων
1012 4116 1172 4187 αἱρεῖ·
1206 4116 1360 4169 αὗται
1395 4112 1452 4168 δὲ
1482 4115 1571 4169 τὸν
1606 4114 1811 4170 ἐκείνου
1842 4116 1979 4190 ἦγον
2010 4117 2245 4191 ἀνεψιόν.

439 4205 506 4277 β’.
564 4201 740 4258 Ἀλλὰ
786 4203 875 4257 καὶ
906 4201 1076 4258 τῶνδε
1133 4207 1240 4257 τῶν
1299 4208 1481 4257 κακῶν
1514 4200 1759 4258 ἐκποδὼν
1790 4203 2018 4278 γενομέι-

359 4311 469 4343 νων
524 4291 551 4344 6
609 4289 660 4343 ἐν
712 4294 827 4351 τοῖς
884 4289 1132 4368 ἀρχείοις
1190 4288 1517 4365 ἐπεγείρεται
1549 4291 1821 4368 τάραχος,
1854 4292 1914 4354 ὅς
1951 4292 2016 4346 τὰ

362 4379 497 4432 κατά
521 4378 611 4432 τὸν
649 4375 875 4452 βασιλέα
905 4374 1111 4452 ᾔσχυνέ
1167 4398 1225 4433 τε
1263 4379 1330 4434 τὰ
1386 4381 1509 4453 περί
1563 4380 1783 4452 μέγιστα
1813 4380 1900 4434 καὶ
1933 4379 2017 4457 ἐφ’

265 4490 273 4494 ν
358 4466 542 4521 ἱκανὸν
573 4464 880 4538 διεκῦκησε.
923 4465 1157 4524 Μέλλων
1211 4465 1268 4522 δέ
1311 4469 1379 4523 τά
1427 4466 1548 4542 περὶ
1580 4468 1787 4524 τούτων
1823 4466 2012 4539 διεξιέ-

358 4578 464 4623 ναι,
499 4556 572 4618 ὡς
605 4556 682 4617 εἷς
712 4556 893 4631 ἀρχὴν
944 4557 1034 4611 τὸν
1089 4555 1257 4632 λόγον
1306 4556 1523 4634 ἀνάγειν
1557 4558 1885 4631 πειράσομαι
1919 4580 2013 4613 σα-

2197 4209 2253 4262 2.
2318 4209 2414 4263 His
2474 4226 2707 4282 quoque
2768 4208 2948 4265 malis'
2985 4208 3202 4266 amotis
3258 4207 3537 4264 Palatinae
3592 4208 3779 4265 turbas

2127 4296 2418 4364 oriuntur,
2452 4315 2583 4369 quae
2629 4299 3031 4368 imperatorem
3066 4303 3119 4353 et
3153 4299 3365 4370 probro
3398 4303 3453 4353 et
3485 4299 3779 4354 diuturnis

2126 4384 2413 4441 molestiis
2462 4386 2799 4442 affecerunt.
2852 4389 2978 4452 Qua
3010 4389 3080 4442 de
3136 4405 3195 4443 re
3229 4388 3452 4443 dicturo
3509 4388 3654 4442 mihi
3703 4388 3774 4442 ad

2126 4473 2479 4545 principium
2513 4480 2602 4530 est
2623 4478 3067 4542 recurrendum,
3093 4481 3157 4531 ut.
3188 4478 3441 4532 narratio
3475 4476 3575 4532 fiat
3606 4493 3769 4548 aper-

2123 4563 2257 4619 tior.
2319 4564 2472 4619 638
2530 4563 2848 4637 Imperator
2897 4566 3154 4633 Alexius,
3216 4571 3280 4620 ut
3338 4583 3518 4639 supra
3582 4567 3773 4635 innui,

511 4646 521 4665 ι
624 4643 648 4665 ﬂ
857 4651 880 4661 υ
991 4647 1004 4666 ‹
1247 4646 1260 4668 r
1654 4646 1665 4663 κ
1746 4648 1759 4669 τ

362 4667 586 4724 φηνειας
627 4667 777 4702 ενεκα
814 4668 921 4701 των
978 4658 1396 4722 ρηοησομενων.
1453 4646 1714 4710 Βασιλευς
1764 4648 2013 4720 Αλέξιος,

2132 4655 2435 4722 antequam
2470 4670 2662 4709 rerum
2719 4655 3017 4724 potiretur,
3054 4673 3088 4710 a
3135 4655 3428 4728 plerisque
3467 4673 3581 4710 non
3619 4658 3773 4725 paci-

361 4734 437 4798 ὥς
502 4757 595 4810 μοι
649 4733 849 4799 ἄνωθεν
909 4732 1172 4810 ἀμυδρῶς
1231 4734 1509 4803 λέλεκται,
1573 4736 1675 4791 οὐκ
1738 4737 2011 4812 εἰρηνικὸς

356 4827 495 4899 ᾤετο
528 4830 645 4888 τοῖς
695 4824 976 4887 πλείστοις
1039 4826 1145 4899 πρὸ
1202 4832 1304 4896 τῆς
1337 4827 1543 4902 ἀρχῆς,
1589 4825 1735 4883 ἀλλά
1764 4828 1853 4881 καὶ
1887 4827 2009 4883 λίαν

352 4916 680 4989 πολεμικὸς,
713 4914 832 4970 ὅθεν
867 4913 918 4969 ἐν
950 4913 1164 4970 ἐλπίσιν
1217 4909 1391 4971 ἔκειτο
1440 4920 1599 4970 πᾶσιν
1638 4916 1712 4979 ὡς
1747 4917 1808 4971 οὐ
1844 4916 2007 4989 μόνον

355 5014 473 5070 τοῖς
506 5007 731 5083 ἐχθροῖς
759 5006 1049 5077 Ῥωμαίων
1096 5007 1194 5073 τὴν
1229 5005 1449 5083 λόγχην
1479 5007 1719 5063 ἀνατενεῖ
1753 5006 2009 5081 βασιλεύ-

355 5119 468 5166 σας,
504 5096 630 5153 ἆλλ⁹
663 5094 789 5152 οὐδὲ
817 5100 932 5156 τοῖς
956 5094 1287 5170 ἀρχομένοις
1338 5096 1524 5158 αὐτοῖς
1575 5095 1771 5152 ἐσεῖται
1812 5119 2005 5155 παντεη

354 5185 468 5249 λῶς
504 5187 743 5260 μέτριος.
777 5185 973 5260 ’Ἃρξας
1004 5182 1049 5240 δ’
1083 5183 1172 5239 οὖν
1220 5186 1457 5260 ἑτεροῖος
1496 5184 1648 5241 ὦπτο
1678 5174 2004 5257 παντάπασι,

355 5275 447 5328 καὶ
497 5276 697 5337 πάντας
754 5280 869 5336 τοῖς
928 5275 1047 5329 καθ’
1105 5273 1267 5330 αὐτὸν
1322 5275 1708 5348 εἲκαιομύθους
1764 5275 2006 5349 ἀπέδειξε

354 5363 679 5436 πράγμασιν.
712 5365 810 5422 ’Ἱν’
867 5364 960 5418 οὗν
1016 5364 1084 5419 τά
1140 5362 1321 5420 πλείω
1370 5365 1891 5443 παραγκωνίσωμαι,
1921 5370 1998 5440 μὴ

353 5473 471 5514 πως
520 5455 586 5506 τά
632 5452 808 5507 πλείω
865 5453 1243 5529 καταγορεύων
1301 5453 1420 5510 άλῶ
1476 5456 1667 5518 καίεἷς
1699 5459 1864 5532 ψόγον
1900 5458 2000 5527 τήν

350 5540 588 5614 ῗστορίαν
640 5537 1032 5614 διατιθέμενος,
1091 5540 1252 5617 ἄρξας
1312 5546 1395 5618 [Ρ.
1432 5547 1559 5620 312]
1604 5545 1757 5608 εὐθὺς
1806 5547 1999 5618 ἀνεκή-

345 5634 467 5707 ρυξε
528 5630 604 5701 μή
663 5631 967 5703 χρημάτων
1028 5631 1220 5696 ὠνίους
1277 5634 1374 5695 τὰς
1430 5633 1607 5713 ἀρχὰς
1636 5634 1993 5705 ἀνατίθεσθαι,

343 5718 470 5777 ἀλλ’
502 5714 816 5794 ἀριστίνδην
870 5720 961 5773 καὶ
1025 5717 1200 5797 δῶρον
1250 5722 1414 5786 αὐτάς
1471 5718 1846 5798 βραϐεύεσθαι.
1892 5726 1995 5783 Καὶ

2124 4742 2268 4797 ﬁcus
2299 4743 2397 4798 sed
2425 4744 2743 4801 admodum
2773 4744 3088 4802 bellicosus
3109 4745 3452 4801 habebatur.
3475 4745 3641 4801 Unde
3666 4763 3780 4801 0m-

2121 4848 2229 4888 nes
2255 4834 2706 4906 augurabantur
2737 4850 2869 4890 eum
2896 4853 3011 4892 non
3046 4835 3220 4892 modo
3253 4836 3645 4891 Romanorum
3681 4836 3780 4891 bo-

2120 4926 2240 4978 stes
2274 4922 2425 4979 bello
2469 4924 2809 4993 petiturum,
2840 4926 2942 4980 sed
2979 4942 3084 4981 nec
3143 4925 3202 4980 in
3235 4925 3498 4980 subditos
3531 4925 3772 4981 omnino

2118 5015 2464 5072 clementem
2495 5017 2773 5071 futurum.
2797 5016 3009 5072 Verum
3046 5015 3215 5086 plane
3246 5016 3607 5071 contrarium
3639 5033 3767 5071 evc-

2117 5106 2225 5175 nit,
2277 5107 2521 5178 decepta
2570 5105 2835 5161 omnium
2888 5106 3206 5175 Opinione;
3269 5109 3326 5159 et
3379 5109 3444 5159 ut
3495 5104 3767 5176 pleraque

2115 5195 2401 5265 omittam,
2428 5211 2499 5250 ne
2522 5194 2998 5264 vituperationem
3027 5195 3217 5265 potius
3242 5210 3415 5264 quam
3452 5194 3764 5251 historiam
3800 5244 3803 5249 ,

2113 5285 2369 5341 scribere
2398 5284 2618 5350 videar,
2643 5282 2808 5339 initio
2840 5279 3201 5356 principatus
3235 5284 3772 5357 proclamarijussit

2112 5391 2176 5430 se
2226 5375 2604 5446 magistratus
2659 5389 2773 5429 non
2823 5375 3217 5440 venditurum,
3274 5375 3373 5430 sed
3421 5375 3649 5430 delectu
3700 5390 3768 5429 ex

2110 5462 2350 5533 Optimis
2411 5462 2609 5518 habito
2661 5463 2924 5535 gratuito
2975 5464 3413 5519 mandaturum.
3468 5466 3657 5535 Atque
3705 5464 3763 5518 id

2109 5551 2419 5608 consilium
2473 5550 2712 5606 liberale
2760 5557 2818 5606 et
2850 5552 3193 5623 praeclarum
3247 5558 3388 5620 erat,
3420 5561 3473 5609 et
3521 5554 3758 5623 Optima)

2107 5640 2545 5714 gubernationis
2597 5642 3003 5698 firmissimum
3055 5643 3525 5702 fundamentum.
3559 5644 3758 5715 Neque

2107 5729 2413 5803 quisquam
2439 5735 2527 5786 cst
2560 5736 2756 5789 nostro
2778 5736 3059 5805 tempore,
3092 5733 3193 5803 qui
3225 5732 3283 5788 id
3315 5732 3646 5804 exemplum
3668 5732 3758 5788 vel
3844 5743 3847 5746 '
