4102 6386
341 376 460 435 863
1659 373 1970 436 ΝΙΟΕΤᾸΕ
2012 373 2436 436 ΟΗΟΝΙΑΊῈ
3655 381 3784 442 865

340 509 450 560 τῶν
502 501 825 584 δορυφόρων
877 502 988 574 ἕνα,
1055 503 1102 577 ᾧ
1159 502 1446 574 ἐπίκλησις
1506 501 1903 574 Βαστραλίτης,
1975 503 2188 573 τίθησιν
2241 505 2290 578 ἐξ
2352 503 2673 581 ἀνθρώπω).
2733 509 2794 566 Ὁ
2858 510 2950 582 μὲν
3007 509 3108 585 γὰρ
3166 515 3286 572 τοῖς
3346 511 3468 586 περὶ
3531 515 3782 577 Βιθυνὲον

342 589 580 670 διέτριϐε
641 596 880 670 μέρεσιν,
940 591 1019 648 ἔτι
1073 593 1516 654 ἀντιστατοῦντος
1576 589 1825 663 Ἀλεξίου
1879 593 1976 648 τοῦ
2036 591 2280 656 Κίλικος·
2341 596 2368 650 ὁ
2429 593 2486 652 δὲ
2570 597 2948 672 Βαστραλίτης
3021 598 3348 676 ἀφικόμενος
3426 601 3514 656 καὶ
3571 608 3774 661 τοῦτον

339 689 442 740 τοῦ
499 681 867 758 στρατοπέδου
923 681 1234 759 ἀπαγαγὼν,
1293 682 1370 744 ὠς
1428 681 1493 736 ’ἁυ
1549 681 1695 737 οὕτω
1751 679 1985 755 μηδενὸς
2039 683 2254 746 ἀϊοντος
2315 685 2617 763 ἀπαγγελεῖ
2668 687 2735 742 τά
2792 687 3062 762 βασιλέως
3120 687 3432 762 ἐντάλματα
3495 692 3629 763 ἅπερ
3695 695 3777 757 εἰς

343 773 548 830 ἐκεῖνον
587 772 708 843 ἥκει
769 773 943 852 φέρων
1001 771 1306 846 ἀπόρρητα,
1359 771 1520 834 αὐτός
1575 789 1634 827 τε
1688 772 1751 827 τὸ
1805 773 1955 844 ξίφος
2014 773 2282 828 ἐσπάσατο
2325 776 2414 830 καὶ
2473 775 2525 831 οῗ
2579 781 2687 832 τῶν
2748 777 2954 832 ἐκείνου
3012 779 3149 852 πρὸς
3200 779 3521 856 φονουργίαν
3576 803 3772 857 προη-

337 863 739 936 τοιμάσθησαν,
769 863 858 916 καὶ
890 864 954 930 ἦν
1002 861 1030 915 ὁ
1083 859 1270 934 μεῖραξ
1316 859 1554 915 ἐντεῦθεν
1599 860 1674 922 ὡς
1728 861 1985 935 βόσκημα
2038 858 2520 937 διαμελιζόμενον.
2572 868 2674 924 Καὶ
2717 867 2780 924 τὸ
2836 869 2930 940 μὲν
2980 862 3138 943 ἔργον
3183 873 3346 924 τοῦτο
3402 871 3612 945 βαρέως
3673 875 3774 929 καὶ

336 947 620 1028 δυσφόρως
651 953 788 1014 ἅπας
845 948 1068 1026 ἤνεγκεν
1117 949 1144 1004 ὁ
1194 949 1443 1023 στρατὸς.
1495 950 1719 1012 ὁπόσοις
1765 951 1828 1006 τὸ
1879 953 2122 1026 πραχθέν
2174 951 2229 1007 ἐν
2283 953 2591 1030 ὀφθαλμοῖς
2643 957 2956 1032 προῦκειτο·
3017 960 3045 1014 ὁ
3099 956 3158 1014 δὲ
3215 960 3592 1035 Βαστραλίτης
3655 985 3770 1036 πησ

338 1038 496 1114 ρίδίῳ
524 1042 621 1110 τήν
653 1044 750 1095 τοῦ
797 1039 1041 1108 Βατάτζη
1097 1036 1340 1115 κεφαλήν
1389 1037 1669 1111 ἐνθέμενος
1715 1039 1946 1112 εὕξωνος
1994 1037 2252 1108 ἐπανῆκεν
2311 1043 2362 1105 ἐς
2417 1043 2664 1118 βασιλέα.
2725 1046 2826 1102 Καὶ
2885 1047 3042 1108 οὗτος
3094 1053 3175 1120 τῷ
3229 1048 3434 1125 κρανίῳ
3490 1053 3597 1127 πρὸ
3655 1057 3772 1109 τῶν

334 1127 520 1218 ποδῶν
553 1127 890 1205 ῥιφέντιλᾶξ
949 1125 1336 1201 ἐκβαλλόμενος,
1394 1129 1484 1182 καὶ
1548 1127 1743 1192 ἱκανῶς
1801 1129 1952 1201 αὐτῷ
2011 1125 2332 1204 ἐμϐλέπων,
2397 1133 2740 1208 προσλαλιάν
2797 1157 2916 1191 τινα
2974 1135 3174 1213 διεξῄει
3225 1135 3501 1212 μηδαμῶς
3535 1125 3776 1218 -ἱστορίᾳ

336 1217 560 1288 δοθῆναι
590 1220 920 1294 πρέπουσαν.

408 1328 460 1382 3.
499 1329 712 1383 Deinde
763 1329 1103 1384 institutum
1156 1328 1266 1384 iter
1315 1345 1674 1401 persequens
1717 1328 1983 1401 Cypselis
2013 1311 2063 1377 Α

339 1418 506 1484 abiit,
544 1425 607 1473 ut
636 1418 904 1474 Thraciis
931 1418 1179 1473 urbibus
1211 1434 1379 1488 opem
1415 1419 1767 1491 ferret.quas
1790 1416 1988 1474 Blachi

333 1511 391 1562 et
418 1507 645 1575 Scythae
698 1507 1154 1578 populabantur,
1203 1511 1263 1562 et
1291 1506 1577 1580 Cbrysum
1626 1507 1804 1563 etiam
1829 1524 1988 1563 com-

333 1597 850 1668 prehenderet,aut
871 1595 1074 1651 saltem
1092 1596 1467 1651 excursiones
1485 1597 1614 1665 ejus
1635 1596 1987 1668 prohiberet,

335 1701 484 1756 quas
516 1684 666 1739 clam
729 1686 787 1740 in
839 1684 1156 1740 Serranum
1213 1701 1417 1755 agrum
1450 1685 1717 1741 faciebat.
1772 1686 1908 1740 Erat
1938 1685 1988 1741 is

336 1773 592 1842 Chrysus
646 1789 857 1844 genere
931 1771 1208 1842 Blachus,
1265 1775 1420 1830 644
1509 1791 1698 1844 parva:
1754 1781 1988 1831 statura:

333 1861 534 1929 homo,
569 1867 669 1933 qui
723 1861 782 1916 in
836 1861 986 1918 Petri
1029 1868 1086 1917 et
1135 1863 1348 1918 Asanis
1394 1863 1772 1918 defectionem
1805 1880 1838 1919 a
1870 1864 1953 1920 Ro

340 1950 532 2006 manis
568 1967 682 2006 non
718 1957 1118 2020 consenserat,
1144 1968 1212 2007 ac
1245 1953 1439 2024 potius
1471 1951 1682 2008 {cedere
1709 1968 1844 2008 cum
1879 1953 1986 2008 R0-

337 2039 528 2096 manis
561 2041 676 2096 icto
707 2057 839 2096 cum
869 2043 994 2096 suis
1025 2041 1367 2113 quingentis
1396 2041 1684 2096 militibus
1717 2058 1878 2097 arma
1899 2042 1984 2098 eis

330 2129 636 2186 inferebat.
663 2129 776 2185 Sed
807 2147 919 2184 non
953 2129 1137 2186 multo
1170 2135 1301 2201 post
1349 2135 1557 2202 captus
1588 2134 1652 2185 ut
1684 2132 1752 2184 ad
1791 2148 1977 2204 popu-

322 2217 474 2274 lares
507 2236 647 2275 suos
681 2219 994 2286 inclinans,
1025 2219 1182 2290 quod
1223 2227 1503 2292 perpetuo
1535 2221 1982 2291 progrederetur

319 2313 376 2363 et
410 2307 804 2380 principatum
831 2307 944 2364 sibi
971 2324 1176 2380 parare
1209 2307 1518 2374 niteretur,
1551 2308 1609 2363 in
1644 2309 1978 2364 custodiam

319 2397 512 2452 datur.
572 2396 794 2452 Deinde
844 2396 1074 2452 solutus
1128 2401 1184 2452 et
1211 2397 1282 2452 ad
1341 2395 1762 2452 Strummizam
1817 2403 1978 2452 lucu-

321 2483 457 2540 dam
540 2485 758 2542 missus
817 2486 1188 2558 imperatoris
1274 2502 1436 2558 spem
1505 2485 1728 2554 fefellit,
1789 2502 1977 2557 eoque

319 2575 530 2646 oppido
565 2575 676 2630 sibi
723 2575 1017 2631 vindicato
1069 2575 1353 2631 finitimos
1386 2575 1680 2631 Romanos
1713 2576 1966 2646 graviter

2165 1311 2234 1386 γ’.
2288 1313 2390 1369 Καὶ
2457 1313 2714 1388 βασιλεὺς
2783 1317 2919 1390 μετὰ
2983 1320 3150 1372 τοῦτο
3215 1324 3317 1387 τῆς
3385 1320 3761 1394 προκειμένης

2100 1400 2365 1478 ἐχόμενος
2398 1403 2577 1460 ἃπεισι
2607 1407 2743 1481 πρὸς
2769 1407 2836 1462 τά
2867 1405 3153 1481 Κόψελλα,
3215 1410 3486 1484 σωτήριόν
3541 1432 3595 1466 τι
3642 1420 3771 1480 ταῖς

2101 1494 2360 1567 Θρακίαις
2416 1492 2640 1550 πόλεσιν
2700 1495 3082 1571 ἐργασόμενος,
3142 1497 3205 1560 ἅς
3264 1500 3316 1553 οἱ
3390 1497 3605 1576 Βλάχοι
3665 1505 3761 1558 καί

2101 1583 2304 1647 Σκύθαι
2342 1589 2522 1647 κακῶς
2590 1585 2853 1656 ἐτίθεσαν,
2921 1583 3106 1642 ἔπειτα
3173 1586 3232 1642 δὶ
3300 1585 3598 1645 συλλαϐεῖν
3662 1595 3760 1647 τὸν

2097 1672 2316 1748 Χρύσον
2347 1677 2680 1749 προθέμενος
2709 1676 2745 1745 ἤ
2798 1679 2928 1750 γοῦν
2990 1676 3257 1750 ἀνακόψαι
3304 1682 3412 1732 τῶν
3469 1676 3746 1753 ἐκδρομῶν

2099 1761 2159 1824 ἃς
2217 1761 2389 1818 ἐποίει
2459 1761 2734 1839 λαθραίως
2793 1765 2861 1820 τὰ
2924 1764 3050 1840 περὶ
3118 1766 3212 1828 τὰς
3282 1766 3487 1844 Σέῥρας
3556 1767 3746 1844 κείρων

2097 1850 2298 1926 χωρία.
2331 1853 2431 1909 Ἧν
2462 1849 2508 1908 δ’
2542 1853 2570 1907 ὃ
2599 1853 2809 1924 Χρύσος
2843 1854 2998 1915 οὗτος
3047 1851 3272 1930 Βλάχος
3318 1855 3380 1910 τὸ
3429 1856 3599 1930 γένος,
3647 1859 3748 1926 τὴν

2095 1939 2314 2009 ἡλικίαν
2371 1940 2798 2017 συνεσταλμένος
2857 1947 2972 2015 (4-7)
3043 1947 3122 2016 μὴ
3203 1948 3593 2021 συμφρονήσας
3651 1947 3754 2019 μὶν

2093 2029 2476 2107 ἀφισταμένοις
2535 2030 2832 2104 Ῥωμαίων
2891 2033 3077 2108 Πέτρῳ
3133 2033 3225 2088 καὶ
3281 2038 3362 2106 τῷ
3429 2034 3608 2104 Ἄσαν,
3669 2036 3758 2090 δτι

2098 2121 2174 2193 μή
2205 2118 2296 2174 καὶ
2331 2119 2545 2192 μᾶλλον
2581 2121 2698 2176 κατ’
2749 2122 2926 2176 αὐτῶν
2982 2120 3253 2196 ἀράμενος
3302 2122 3450 2178 ὅπλα
3503 2129 3624 2197 μεθ’
3677 2123 3756 2180 ὧν

2095 2207 2214 2284 εἶχε
2261 2209 2626 2265 πεντακοσίων
2696 2211 2998 2285 ὁμογενῶν,
3065 2212 3156 2266 καὶ
3221 2211 3510 2284 Ῥωμαίων
3588 2233 3759 2288 γεγο-

2091 2294 2200 2356 νὼς
2233 2293 2552 2356 ἔνσπονδος.
2587 2297 2662 2352 Οὐ
2695 2294 2895 2364 πολλῷ
2925 2293 2974 2350 δ’
3022 2295 3241 2372 ὕστερον
3293 2295 3465 2360 ἁλοὺς
3518 2299 3594 2360 ὡς
3656 2299 3746 2375 ῥέ-

2091 2405 2207 2438 πων
2242 2385 2375 2456 πρὸς
2406 2385 2468 2440 τὸ
2497 2383 2802 2464 ὁμόφυλον,
2829 2389 2908 2458 τῷ
2939 2386 3126 2460 πρόσω
3161 2383 3358 2461 βαίνων
3402 2383 3493 2440 διὰ
3548 2389 3756 2454 παντὸς

2090 2475 2179 2529 καὶ
2240 2471 2551 2530 δυσαστείαν
2610 2475 2784 2546 ἐαυτῳ
2852 2475 3305 2548 μνηστευόμενος,
3374 2481 3586 2552 φρουρᾷ
3639 2498 3752 2533 πα-

2091 2561 2393 2639 ραδὶδοται.
2427 2565 2562 2620 Εἶτα
2610 2564 2815 2629 ἆνεοεῖς
2873 2563 2963 2619 καὶ
3023 2565 3244 2628 σταλεὶς
3295 2563 3383 2619 ἐπὶ
3443 2569 3524 2638 τῷ
3577 2586 3748 2644 φρουο

320 2664 544 2720 atﬂixit.
571 2668 782 2720 Contra
809 2681 941 2721 eum
999 2664 1179 2736 igitur
1209 2665 1506 2736 profectus
1538 2665 1876 2736 imperator,
1911 2670 1967 2719 et

2079 2661 2240 2728 ρῆσαι
2271 2655 2368 2722 την
2431 2655 2852 2726 Στροῦμμιτζαν
2901 2654 2993 2708 τὸν
3047 2654 3139 2727 μὲν
3191 2653 3363 2710 ἐκεῖσε
3412 2657 3745 2733 πεπομφότα

308 2753 470 2822 justo
515 2754 768 2809 exercitu
811 2751 1076 2825 Cypsella
1115 2759 1452 2822 convocato,
1499 2753 1668 2826 paulo
1703 2759 1832 2825 post
1865 2756 1971 2808 do-

318 2859 479 2896 mum
539 2843 728 2897 redire
785 2843 966 2914 cupit.
1028 2843 1111 2898 Ita
1169 2847 1224 2898 et
1276 2844 1566 2898 exercitus
1628 2843 1846 2899 frustra
1901 2859 1969 2898 co

312 2931 604 3001 convenit,
639 2941 692 2986 et
727 2931 855 3004 ipse
882 2934 1098 2988 frustra
1131 2948 1260 2987 eam
1310 2931 1733 3002 expeditionem
1778 2948 1971 2988 susce-

317 3022 441 3092 pit;
473 3037 658 3092 eoque
688 3026 842 3076 statu
875 3021 1206 3077 Occidentis
1229 3019 1429 3075 relicto
1463 3021 1562 3092 qui
1583 3021 1967 3092 priusl‘uerat,
1995 3051 2000 3055 -

319 3124 391 3164 no
423 3109 570 3163 duos
603 3109 838 3180 quidem
873 3124 1104 3162 menses
1141 3107 1279 3164 loris
1326 3113 1723 3164 commoratus
1748 3108 1967 3180 Byzan-

318 3199 466 3252 tium
501 3198 693 3263 rediit,
743 3203 799 3252 et
847 3197 902 3252 iu
951 3197 1166 3269 palatio
1217 3197 1584 3268 Aphamiauo
1634 3197 1967 3256 diversatus

313 3286 449 3341 inde
478 3287 534 3341 in
569 3285 960 3358 Philopatium
1020 3287 1274 3344 transiit.
1313 3287 1658 3358 Imperatrix
1685 3303 1816 3343 vero
1853 3289 1963 3343 Eu-

318 3377 610 3450 phrosyne
628 3395 758 3434 cum
783 3379 981 3434 animo
1005 3395 1112 3434 suo
1128 3384 1409 3450 reputans
1425 3380 1650 3450 utapud
1688 3380 1964 3436 maritum

310 3466 502 3522 delata
532 3471 706 3534 esset,
766 3483 1023 3540 eumque
1073 3474 1366 3534 metuens,
1431 3467 1749 3523 miserabili
1793 3473 1963 3540 gestu

317 3573 530 3612 manus
562 3558 630 3612 ad
666 3573 868 3612 omnes
899 3558 1266 3624 extendebat,
1296 3557 1593 3612 obtestans
1617 3573 1715 3612 eos
1747 3559 1962 3628 quibus

313 3646 528 3701 fidebat
573 3647 907 3716 imperator,
944 3652 1008 3702 ut
1052 3647 1140 3701 sui
1178 3645 1566 3716 patrocinium
1593 3645 1960 3718 susciperent

317 3752 606 3806 suamque
635 3753 872 3792 causam
891 3753 994 3808 pro
1030 3736 1178 3790 virili
1205 3737 1584 3790 defenderent
1609 3735 1962 3806 :periculum

315 3825 466 3880 6.15
527 3827 682 3882 enim
717 3842 846 3881 esse
914 3843 1026 3880 non
1081 3827 1254 3880 modo
1304 3842 1373 3880 ne
1425 3843 1526 3896 per
1573 3824 1960 3896 ignominiam

307 3913 523 3986 palatio
557 3914 880 3984 ejiceretur,
915 3915 1014 3970 sed
1049 3915 1224 3970 etiam
1263 3931 1332 3969 ne
1360 3914 1960 3986 occideretur.ltaque

2081 2739 2310 2818 βασιλέα
2339 2746 2448 2797 τῶν
2489 2739 2729 2798 ἐλπίδων
2781 2740 3062 2816 ἐψεύσατο,
3108 2741 3177 2816 τῇ
3235 2739 3292 2798 δὲ
3340 2743 3540 2820 γνώμῃ
3595 2763 3742 2822 χρη-

2077 2831 2306 2904 σάμενος
2353 2832 2419 2900 ἦν
2477 2836 2594 2892 τοῖς
2663 2829 2725 2885 ἐκ
2781 2830 3042 2901 ηειτόνων
3116 2830 3414 2904 Ῥωμαίοις
3490 2831 3736 2894 κάκεῖνος

2075 2923 2242 2978 κακὸν
2291 2919 2674 2992 ἀδυσώπητον.
2737 2921 2878 2997 Πρὸς
2933 2925 3128 2976 τοῦτον
3187 2920 3370 2976 τοίνυν
3432 2922 3730 2994 ἐξορμήσας

2077 3013 2104 3067 ὁ
2149 3010 2406 3086 βασιλεὺς
2445 3011 2538 3066 καὶ
2595 3011 2905 3086 στράτευμα
2971 3010 3160 3066 ἰκανὸν
3219 3009 3272 3072 ἐς
3337 3011 3405 3066 τὰ
3469 3008 3731 3084 Κύψελλα

2073 3101 2368 3176 ἠθροικὼς,
2408 3101 2544 3174 μετὰ
2597 3099 2778 3179 βραχὺ
2826 3101 3065 3162 ἀποστάς
3121 3104 3222 3167 τῇς
3279 3100 3585 3175 προθέσεως
3639 3098 3738 3175 ἐρᾷ

2073 3189 2367 3260 ἐπανόδου,
2400 3191 2476 3253 ὠς
2507 3189 2684 3264 μάτην
2721 3190 2816 3263 μὲν
2849 3189 2961 3245 ἐκεῖ
2999 3209 3105 3244 που
3153 3190 3254 3258 τὴν
3304 3188 3555 3265 στρατιάν
3606 3187 3738 3244 ἀλι-

2073 3278 2538 3349 σθῆναι,εἶκαίως
2589 3277 2646 3334 δὲ
2693 3278 2785 3334 καὶ
2843 3279 3006 3334 αὐτὸν
3064 3280 3165 3347 τὴν
3224 3279 3278 3340 ἐς
3333 3280 3400 3334 τὰ
3466 3275 3738 3352 Κύψελλα

2071 3368 2291 3444 πορείαν
2369 3368 2607 3433 ἐλέσθαι.
2685 3367 2891 3424 Οὐκοῦν
2963 3369 3033 3424 τὰ
3105 3369 3242 3424 κατὰ
3326 3369 3429 3439 τὴν
3497 3367 3735 3442 ἑσπέραν

2073 3458 2306 3538 ἀφεικὼς
2346 3459 2598 3538 φέρεσθαι
2639 3459 2714 3520 ὡς
2771 3458 2963 3532 πρώην
3021 3458 3172 3537 εἶχον
3231 3458 3318 3514 καὶ
3371 3453 3638 3533 ἔπασχον,
3681 3456 3740 3520 ἐς

2069 3549 2132 3604 τὸ
2189 3549 2478 3619 Βυζάντιον
2540 3546 2848 3618 ἐπανέζευξε
2907 3543 3048 3620 μηδὲ
3097 3546 3194 3602 δύο
3247 3554 3422 3620 μῆνας
3491 3547 3734 3622 ἀνασχό-

2073 3659 2229 3712 μενος
2261 3633 2620 3712 θυραυλῆσαι.
2674 3637 2780 3692 Καὶ
2830 3636 2858 3692 ὁ
2907 3639 3001 3709 μὶν
3057 3641 3176 3710 τοῖς
3221 3635 3356 3690 κατᾶ
3405 3635 3505 3704 τήν
3560 3637 3735 3713 ’Δφά-

2074 3747 2228 3800 μειαν
2261 3725 2563 3801 βασιλείοις
2592 3723 3018 3798 ἐναυλισάμενος
3048 3725 3110 3780 τὸ
3145 3723 3490 3780 Φιλοπάτιον
3547 3722 3739 3782 ἔπειτα

2068 3813 2478 3892 κατειλήφειοὴ
2538 3811 2595 3870 δέ
2659 3835 2720 3888 γε
2784 3813 3004 3889 βασιλῖς
3077 3816 3162 3886 [Ρ.
3223 3816 3349 3887 315]
3410 3813 3734 3892 Εὐφροσύνη

2069 3907 2400 3980 συναοροῦσα
2451 3908 2532 3976 τῷ
2573 3908 2650 3976 νῷ
2707 3902 2798 3959 καὶ
2867 3898 3334 3976 συλλαμϐάνουσα
3389 3901 3489 3958 ὅσα
3537 3903 3736 3980 κατερ-

311 4003 456 4076 pleri
479 4020 571 4074 lue
603 4005 728 4073 ejus
754 4004 976 4059 miscrti
1016 4004 1222 4076 partim
1257 4007 1505 4058 suadere
1528 4003 1863 4073 imperatori
1893 4009 1956 4058 ut

2079 3995 2204 4070 ρέθη
2235 3993 2428 4064 αὐτῆς,
2457 3993 2548 4047 καὶ
2587 3990 2864 4048 δεδοικυῖα
2901 3993 2994 4046 τὸν
3047 3989 3403 4068 σύλλεκτρον,
3450 3993 3550 4055 τὰς
3598 3997 3730 4069 χεῖ-

309 4093 554 4148 crimina
588 4095 750 4148 uxori
791 4093 1017 4164 objecta
1054 4092 1386 4161 ne-ligeret,
1426 4099 1482 4147 et
1512 4092 1800 4147 delatores
1831 4092 1960 4163 ejus

309 4182 606 4238 criminari
641 4187 704 4237 ut
727 4199 1010 4246 morosos,
1040 4185 1345 4236 mendaces
1377 4185 1432 4235 et
1461 4179 1958 4248 calumniatores;

311 4273 518 4343 partim
556 4289 788 4327 monere
821 4277 881 4326 ut
910 4273 1062 4342 quod
1097 4271 1452 4327 decrevisset
1483 4287 1717 4327 summo
1759 4272 1955 4327 studio

307 4367 748 4432 exsequeretur,
811 4379 881 4416 nc
942 4361 1311 4430 postmodum
1364 4361 1528 4431 argui
1581 4365 1780 4432 posset
1825 4377 1954 4416 eam

304 4452 594 4521 recepisse
627 4465 804 4520 quam
839 4449 1008 4504 hodie
1041 4466 1142 4520 pro
1175 4449 1440 4504 adultera
1471 4448 1860 4520 repudiasset,
1888 4455 1948 4506 et

301 4542 425 4612 ipse
457 4557 625 4596 suum
660 4542 914 4595 dedecus
949 4557 1046 4609 per
1076 4546 1264 4594 totum
1315 4540 1514 4594 orbem
1547 4546 1837 4594 terrarum
1859 4541 1953 4594 di-

300 4631 585 4700 vulgaret,
647 4631 719 4684 iis
778 4631 1184 4684 animantibus
1243 4628 1474 4694 similis,
1532 4645 1660 4700 quae
1727 4646 1948 4684 cornua

300 4719 616 4787 vibrarent,
674 4721 772 4773 sed
837 4734 951 4772 non
1020 4717 1259 4771 ferirent
1307 4733 1406 4771 eos
1463 4733 1494 4770 a
1591 4716 1808 4787 quibus
1871 4720 1952 4770 Γρ-

303 4809 505 4865 melius
536 4825 672 4864 suas
700 4809 834 4864 iniri
893 4807 1176 4862 viderent.
1223 4807 1358 4862 Post
1388 4805 1506 4860 haec
1539 4804 1950 4862 Blachernium

302 4897 583 4969 palatium
643 4898 946 4968 ingressus
998 4913 1111 4951 non
1163 4896 1360 4951 statim
1431 4912 1596 4950 suam
1649 4895 1796 4949 iram
1848 4894 1945 4949 de-

301 4989 554 5054 clat‘JVil,
589 4991 683 5042 sed
738 5003 976 5042 uxorem
1010 5003 1128 5040 suae
1164 5001 1381 5040 mensa;
1428 4983 1718 5051 adhibuit,
1753 4999 1950 5053 quam-

299 5075 385 5130 vis
415 5080 538 5128 tum
573 5091 805 5146 quoque
831 5075 1324 5146 perturbationum
1361 5073 1537 5128 animi
1567 5071 1945 5128 tetricovultu

299 5171 357 5218 et
387 5179 590 5218 averso
651 5169 890 5234 aspectu
937 5181 1050 5235 prae
1083 5181 1146 5220 se
1205 5163 1374 5232 tulit;
1434 5167 1492 5216 et
1533 5163 1619 5216 ira
1667 5170 1944 5227 mstuans,

2074 4105 2169 4158 px:
2201 4084 2336 4158 πρὸς
2389 4082 2624 4144 ἅπαντας
2674 4076 2875 4155 ὤρεγεν
2929 4079 3147 4152 ἐλεεινῷ
3197 4081 3288 4134 καὶ
3338 4077 3730 4155 ἀπεσϐεσμένῳ

2067 4169 2304 4247 ὄμματι,
2345 4172 2435 4228 καὶ
2485 4165 2768 4242 ἠντιϐόλει
2803 4169 2934 4233 τοὺς
2991 4169 3137 4244 παρά
3189 4167 3405 4247 βασιλεῖ
3455 4171 3730 4242 πεποίθη-

2069 4285 2150 4318 σιν
2224 4259 2452 4337 ἔχοντας
2518 4258 2822 4335 προστῆναί
2881 4279 2938 4313 τε
3005 4257 3173 4327 αὐτῆς
3239 4258 3332 4312 καὶ
3397 4258 3465 4312 τὰ
3528 4255 3731 4314 δυνατά

2069 4353 2535 4430 ὑπερφθέγξασθαι
2603 4349 2666 4404 οὗ
2740 4347 2906 4422 μόνον
2980 4345 3189 4420 ἀτίμως
3255 4347 3551 4416 ἐξωσθῆναι
3617 4353 3728 4404 τῶν

2064 4441 2374 4516 ἀνακτόρων
2407 4435 2844 4507 κινδυνευούσης,
2886 4435 3034 4492 ἀλλᾶ
3080 4435 3171 4491 καὶ
3218 4435 3310 4491 τὸν
3364 4435 3489 4512 περῖ
3539 4441 3726 4512 ψυχῆς

2063 4528 2172 4600 ἤδη
2205 4529 2535 4605 τρεχοῦσης.
2581 4528 2862 4605 ᾫκτειρον
2931 4523 3022 4580 οὖν
3089 4522 3256 4594 αὐτὴν
3327 4527 3378 4580 οἱ
3447 4526 3720 4594 πλεῖστοι,

2063 4617 2153 4673 καὶ
2213 4616 2263 4672 οἷ
2317 4617 2410 4690 μὲν
2461 4613 2881 4690 ἄπολιγωρῆσαι
2919 4617 3028 4668 τῶν
3095 4614 3235 4668 κατὰ
3299 4621 3400 4682 τῆς
3464 4616 3722 4689 γυναικὸς

2063 4707 2463 4784 εἰσηγηθέντων
2522 4704 2615 4759 τὸν
2677 4701 2902 4778 βασιλέα
2961 4701 3178 4778 ἐνῆγον,
3245 4699 3596 4760 ἐνδιέϐαλλόν
3663 4725 3722 4760 τε

2059 4797 2187 4858 τοὺς
2263 4793 2619 4855 κατειπόντας
2677 4792 2848 4862 αὐτῆς
2924 4789 3147 4867 ἄνδρας,
3223 4791 3556 4855 ἀκανθώδεις
3628 4793 3718 4848 τὸν

2059 4889 2260 4962 τρόπον
2301 4885 2391 4940 καὶ
2442 4881 2745 4961 συρραιρέας
2803 4879 3036 4955 ψεύδους
3102 4879 3194 4936 καὶ
3253 4878 3718 4958 στρεϐλοχείλους

2059 4977 2256 5038 αὐτοὺς
2298 4975 2660 5046 ὀνομάζοντες
2697 4971 2788 5026 καὶ
2837 4970 3145 5046 φιλαιτίους
3209 4969 3287 5026 ἔτι
3351 4972 3441 5026 καὶ
3506 4975 3706 5042 μεμψι·

2062 5066 2312 5142 μοίρους·
2351 5062 2402 5118 o'i
2453 5061 2511 5118 δὲ
2565 5060 2850 5117 ὑπετίθουν
2905 5061 3042 5135 μετά
3086 5059 3401 5137 προμηθίας
3446 5057 3701 5125 πλείστης

2056 5158 2119 5213 τὸ
2150 5141 2519 5230 γενησὲμενον
2579 5148 3002 5226 διαπράξασθαι,
3051 5148 3148 5204 ’ίνα
3207 5152 3282 5224 μή
3338 5147 3450 5216 ἁλῷ
3493 5141 3702 5212 ἐκείνην

297 5269 473 5323 quam
501 5257 694 5307 tamen
727 5253 978 5308 subinde
1010 5253 1386 5324 reprimebat,
1411 5268 1522 5307 non
1551 5251 1806 5323 amplius
1821 5252 1950 5322 ejus

2079 5243 2491 5317 ;ἷσοικιζόμενος
2567 5241 2790 5316 ὕστερον
2867 5239 2934 5308 ἢν
3010 5237 3251 5296 ἀπέλυσε
3319 5238 3552 5310 σήμερον
3635 5232 3712 5294 ὡς

1667 5399 1816 5457 Ant.
1849 5391 2142 5456 Ballerini
2173 5397 2360 5452 notm.

375 5539 484 5608 (47)
525 5537 638 5606 Τὴν
697 5535 920 5604 ἡλικίαν
955 5556 1159 5590 συνεστ.
1213 5537 1373 5591 Alter
1422 5540 1592 5606 negat
1639 5553 1770 5592 eum
1823 5551 1956 5590 con-

302 5611 580 5675 sensisse,
617 5609 764 5664 alter
816 5611 1113 5664 atfirmat:
1148 5611 1246 5662 sed
1307 5610 1468 5677 sequi
1507 5609 1636 5662 illos
1670 5608 1953 5670 noluisse,

300 5683 525 5738 mutato
582 5681 848 5738 consilio.
908 5681 1150 5737 Notabis
1185 5677 1560 5746 ἀκοΛουθῆσαι
1607 5677 1804 5738 αὐτοὺς
1853 5695 1954 5748 pro

2063 5529 2271 5590 αὐτοῖς.
2308 5529 2652 5601 quusmodi
2712 5527 3182 5601 o'zvux'ctbceze_et
3223 5525 3547 5581 insolentes
3581 5541 3722 5601 con-

2065 5597 2418 5660 structioucs
2454 5621 2565 5658 non
2601 5603 2859 5669 librario,
2905 5603 3004 5656 sed
3074 5597 3287 5670 linguae
3321 5603 3608 5670 corrupta:
3644 5600 3731 5651 vi-

2065 5679 2274 5733 dentur
2301 5673 2678 5732 ascribendae.
