4102 6404
345 379 464 440 865

1255 373 1356 434 DE
1401 372 1687 432 ALEXIO
1729 369 2024 432 ISAACII
2066 367 2346 430 ANGELI
2394 370 2513 429 FB.
2567 369 2712 430 LIB.
2763 369 2839 430 ΙΙ.

3655 372 3776 434 866

354 511 734 586 μοιχεύτριαν,
766 505 858 562 καὶ
913 507 1012 576 τὴν
1065 504 1231 568 αὐτὸς
1290 503 1454 560 αὐτοῦ
1500 503 1771 579 αῗσχῦνην
1829 497 2008 557 διατε-

2123 504 2547 579 consuetudine
2601 505 2682 560 uti
2733 521 2837 558 nec
2895 519 3237 562 conemnare
3301 506 3576 564 instituit.
3622 509 3767 565 Tum

357 601 648 678 χνώμενος
715 597 913 652 έσεῖται
985 594 1146 655 οὗτος
1211 593 1557 668 παγκόσμιον
1626 590 2010 669 περιλάλημα,

351 677 625 751 κάκείνοις
679 693 788 743 τῶν
850 687 1006 756 ζώων
1066 677 1563 757 παραϐαλλόμενος
1623 687 1740 744 τοῖς
1789 679 2014 755 ἐκκρού-

357 801 475 836 ουσι
512 781 607 855 μὲν
660 777 748 834 ἐπὶ
793 781 902 831 τῶν
957 773 1246 855 κροτάφων
1291 773 1357 828 τὰ
1401 771 1732 848 ἀμυντήρια,
1778 770 2016 844 παροξυ-

349 871 600 945 νομένοις
634 867 692 924 δὶ
749 864 1006 942 οὐδαμῶς
1055 861 1178 920 οὔτε
1238 865 1346 938 μὴν
1403 863 1466 918 τὸ
1524 863 1686 938 κέρας
1727 859 2013 928 ὁπλίζουσι

353 961 492 1017 κατα
555 963 663 1014 τῶν
734 953 1170 1032 έπιθορνυμένων
1239 951 1292 1008 ἐν
1364 949 1522 1027 ὄψεσι
1589 955 1708 1012 ταῖς
1769 947 2016 1019 θηλείαις

360 1049 554 1106 οὔτῶν.
590 1046 744 1104 Μετά
775 1043 831 1101 δὲ
885 1049 1048 1100 τοῦτο
1095 1043 1172 1104 εἷς
1217 1042 1286 1098 τά
1333 1041 1469 1097 κατὰ
1527 1039 1845 1114 Βλαχέρνας
1887 1037 2018 1092 ἀνά-

359 1159 528 1214 κτορα
559 1137 742 1192 εἰσιὼν
777 1136 881 1190 οὐκ
928 1132 1124 1195 εὐθέως
1171 1132 1263 1188 τὸν
1309 1132 1472 1188 κότον
1523 1127 1820 1206 ἐξέρρηξεν,
1872 1126 2016 1183 ἀλλὰ

357 1229 606 1284 σύσσιτον
666 1226 908 1293 καθάπαξ
969 1217 1307 1298 παραλαϐὼν
1363 1224 1462 1291 τήν
1509 1221 1870 1296 ὁμόλεκτρον,
1925 1217 2014 1274 καὶ

355 1319 478 1376 τότε
508 1321 608 1389 τὴν
662 1312 810 1372 ἔνδον
865 1317 1114 1390 ταραχὴν
1178 1313 1490 1390 ὑποφαίνων
1544 1315 1626 1384 τῷ
1679 1317 1780 1380 τῆς
1838 1305 2016 1383 ὅψεως

354 1411 664 1484 σκυθρωπῷ
693 1407 785 1461 καὶ
816 1410 894 1478 τῷ
927 1401 1131 1460 ἄλλοσέ
1175 1423 1252 1474 πη
1303 1400 1656 1478 προσνεῦοντι
1706 1398 2014 1474 βλέμματι,

351 1497 642 1571 καιόμενός
669 1517 728 1552 τε
751 1500 831 1568 τῷ
861 1495 993 1570 πυρὶ
1035 1497 1132 1548 τοῦ
1187 1495 1384 1566 θυμοῦ,
1449 1491 1524 1563 μή
1571 1490 1754 1562 μέντοι
1809 1509 1870 1564 γε
1915 1508 2017 1543 κα-

350 1586 829 1660 ταπιμπράμενος,
897 1581 934 1652 ἤ
996 1585 1125 1656 γοῦν
1189 1579 1407 1660 ἀφανῶς
1477 1579 1840 1652 ἐξαπτόμενος
1922 1577 2014 1632 καὶ

355 1674 676 1746 λεληθότως
715 1675 866 1737 αὖθις
935 1665 1431 1742 ἀποσϐεννύμενος,
1493 1665 1671 1724 οὒκέτι
1743 1666 2014 1741 ὁμιλῆσαι

350 1765 522 1838 ταύτῃ
577 1762 668 1817 καὶ
735 1759 1116 1830 συνδειπνῆσαι
1185 1759 1500 1834 προσέθετο.
1569 1758 1632 1815 Ἣ
1703 1755 1760 1812 δὲ
1833 1757 2012 1832 κρίσιν

350 1855 440 1910 ἐπὶ
489 1859 604 1916 τοῖς
642 1845 1018 1928 εἰσαγομένοις
1077 1850 1192 1903 κατ’
1251 1848 1422 1918 αὐτῆς
1477 1846 1756 1919 έξαιτοῢσα
1815 1845 2008 1902 ἐνέκει-
2046 1871 2092 1936 Β

350 1937 438 2014 το,
468 1943 562 1998 καὶ
595 1942 769 1996 πάντα
800 1942 984 1996 παθεῖν
1014 1936 1250 2011 ἑτοίμως
1281 1935 1466 2014 ἔλεγεν
1509 1935 1680 2012 ἔχειν,
1727 1935 1900 1991 ὁπόσα
1948 1934 2010 1991 ἄν

359 2035 395 2103 ἡ
425 2033 545 2087 κατ’
584 2030 752 2098 αὐτῆς
794 2028 1132 2104 ἐξενεχθεῖσα
1182 2030 1365 2106 ψῆςιος
1413 2027 1788 2106 ἀποφανεῖται·
1840 2022 2015 2081 ἐδεῖτό

357 2143 415 2177 τε
444 2126 545 2178 τοῦ
589 2118 864 2196 βασιλέως
896 2119 973 2193 μὴ
1011 2120 1081 2191 τῇ
1133 2117 1375 2190 κομψείᾳ
1435 2117 1524 2171 καὶ
1579 2114 1854 2192 συγγενείᾳ
1907 2119 2017 2170 τῶν

354 2207 872 2286 καταγορευσάντων
936 2205 1105 2276 αὐτῆς
1154 2207 1490 2280 προσώπων,
1550 2207 1618 2278 τῇ
1681 2201 1726 2258 δ’
1787 2203 2018 2275 ἀληθείᾳ

354 2298 446 2354 καὶ
477 2292 732 2372 ἀκριϐείᾳ
757 2301 863 2352 τῶν
898 2295 1237 2372 προγμάτων
1298 2295 1626 2370 προσσχεῖν.
1667 2295 1730 2350 Ὁ
1772 2291 1830 2348 δὶ
1876 2294 2016 2368 πρὸς

354 2385 509 2444 οὐδέν
542 2409 594 2443 τι
625 2391 874 2444 τοιοῦτον
905 2386 1092 2441 ἑαυτὸν
1141 2385 1466 2453 ἀπευθῦνας,
1515 2383 1663 2441 ἀλλά
1708 2405 1860 2448 τινας
1907 2388 2016 2439 τῶν

355 2481 786 2550 κατευναστριῶν
855 2475 1131 2550 γυναικῶν
1196 2473 1456 2550 βασάνοις
1544 2475 1832 2548 ὑπαγαγὼν
1915 2494 2020 2529 κακ

355 2569 464 2621 τῶν
497 2561 916 2638 θαλαμηπόλων
961 2562 1243 2637 εὐνούχων
1297 2557 1750 2636 ἀκριϐωσάμενος
1803 2563 1871 2618 τὰ
1919 2566 2018 2618 τοῦ

355 2655 708 2732 πράγματος,
749 2653 978 2728 ἀπάγειν
1019 2650 1188 2720 αὐτὴν
1245 2652 1363 2724 μεθ’
1424 2651 1634 2728 ἡμέρας
1695 2655 1802 2706 τῶν
1861 2653 2018 2726 βασι-

355 2742 521 2798 λείων
563 2739 836 2811 ἐκέλευσε,
901 2741 1104 2803 παντὸς
1160 2739 1526 2814 ἐστερημένην
1589 2740 1826 2820 ἀρχικοῦ
1892 2762 2014 2797 στο-

355 2830 628 2904 λίσματος
670 2829 762 2884 καὶ
809 2823 1213 2904 προϐλήματος
1262 2825 1544 2903 λαμπροῦ.
1595 2827 1873 2904 Ἐξάγεται
1923 2829 2018 2884 οὖν

347 2925 458 2976 τῶν
500 2917 812 2994 ἀνακτόρων
853 2915 945 2972 διὰ
1004 2915 1254 2980 καθόδου
1313 2921 1430 2978 τοῖς
1486 2914 1724 2979 πολλοῖς
1781 2915 2014 2989 ἀδήλου,

351 3009 574 3070 εὐτελὲς
599 3005 954 3083 περικειμένη
997 3007 1260 3082 χιτώνιον
1321 3006 1513 3061 ὁποῖον
1572 3012 1682 3061 τῶν
1745 3011 2014 3084 γυναικῶν

353 3100 408 3153 αἱ
443 3093 790 3173 χερνιςτιδες,
822 3096 907 3150 καὶ
945 3091 1042 3150 δύο
1073 3093 1426 3174 ἀμφιπόλους
1462 3090 1770 3168 βαρϐάρους
1789 3089 2016 3171 ἔχουσα,

2123 591 2223 648 illa
2245 593 2536 664 judicium
2568 594 2638 648 de
2686 611 2749 648 se
2777 593 2896 649 lieri
2955 594 3240 666 flagitare,
3273 597 3507 667 quidvis
3555 601 3777 670 perpeti

2125 699 2238 738 non
2273 700 2563 749 recusare,
2584 684 2738 740 648
2762 683 2810 740 si
2843 686 3106 739 convicta
3138 689 3330 754 esset;
3364 686 3773 758 imperatorem

2123 787 2289 828 orare
2323 779 2388 828 ut
2421 789 2535 828 non
2562 773 2896 846 eloquentia
2927 778 2984 828 et
3014 775 3364 844 cognatione
3423 777 3774 845 delatorum,

2122 861 2226 916 sed
2258 862 2499 916 veritate
2532 868 2591 918 et
2627 863 2980 918 certitudine
3039 865 3118 917 rei
3155 869 3504 920 moveretur.
3555 865 3607 920 Is
3639 884 3776 922 vero

2122 949 2196 1004 ad
2230 947 2450 1004 nullam
2487 951 2825 1022 hujusmodi
2853 969 2971 1007 rem
2998 969 3056 1007 se
3078 953 3312 1009 demisit
3339 973 3352 1022 ;
3379 955 3476 1009 Sﬂd
3503 957 3777 1026 qua'stio-

2123 1039 2300 1092 nibus
2334 1041 2403 1093 de
2437 1040 2736 1096 nonnullis
2758 1043 3138 1097 cubiculariis
3163 1043 3510 1100 mulieribus
3533 1045 3771 1115 habitis,

2123 1126 2412 1183 eunuchis
2444 1131 2619 1185 etiam
2653 1129 2811 1196 illius
2841 1131 3152 1203 diligenter
3210 1133 3604 1206 interrogatis,
3639 1142 3772 1208 post

2123 1215 2249 1270 dies
2283 1217 2508 1288 aliquot
2539 1235 2662 1273 eam
2698 1219 2974 1275 omnibus
3022 1221 3384 1277 ornamentis
3441 1230 3495 1278 et
3550 1223 3768 1296 princi-

2124 1310 2294 1374 palus
2349 1305 2684 1377 insignibus
2737 1308 3028 1380 ademptis
3087 1310 3301 1380 palatio
3356 1312 3522 1368 educi
3576 1313 3767 1384 jubet.

2124 1394 2407 1450 Edacitur
2473 1394 2572 1450 illa
2649 1413 2750 1467 per
2811 1397 3158 1454 descensum
3219 1401 3531 1472 quemdam
3597 1401 3769 1474 vulgo

2123 1486 2413 1556 ignotum,
2445 1485 2545 1541 vili
2603 1487 2836 1555 vestitu,
2885 1487 3042 1559 quali
3091 1493 3340 1546 utuntur
3397 1494 3770 1548 mercenaries

2124 1574 2504 1643 mulierculae,
2539 1591 2671 1630 cum
2697 1575 2925 1632 duabus
2958 1577 3220 1633 barbaris
3268 1579 3521 1648 ancillis,
3553 1597 3775 1638 sermo-

2123 1663 2215 1718 nis
2245 1664 2424 1720 nostri
2459 1674 2578 1720 non
2601 1665 2745 1720 satis
2779 1664 2978 1737 peritis
3006 1670 3094 1732 ;et
3120 1665 3176 1720 in
3209 1668 3478 1739 cymbam
3513 1670 3772 1740 conjecta

2121 1752 2180 1808 in
2211 1753 2942 1825 Nematareum,muliebre
2974 1757 3394 1812 monasterium
3415 1757 3569 1813 circa
3603 1759 3769 1814 Ponti

2123 1843 2318 1898 fauces
2349 1843 2553 1912 situm,
2586 1843 2913 1902 abducitur.
2951 1843 3194 1901 Domina
3233 1845 3316 1901 sic
3371 1847 3776 1915 amota,,dela-

2125 1938 2284 1990 tores
2313 1934 2440 2004 ejus
2470 1951 2672 1990 casum
2705 1935 2872 1990 ilium
2918 1952 3034 1991 non
3095 1953 3334 2008 prorsus
3387 1937 3514 1992 sine
3572 1935 3771 1994 dolore

2118 2022 2400 2079 tulerunt.
2448 2023 2592 2082 Nam
2625 2040 2695 2080 ea
2751 2028 2820 2080 de
2875 2041 3058 2080 causa
3115 2027 3274 2102 illam
3327 2025 3675 2094 detulerant,
3711 2033 3777 2082 ut

2120 2112 2532 2168 auctoritatem
2565 2114 2694 2184 ejus
2729 2113 3164 2180 imminuerent,
3197 2131 3311 2169 non
3346 2119 3411 2170 ut
3443 2116 3628 2186 ipsam
3665 2119 3774 2172 im-

2122 2201 2277 2270 perio
2339 2203 2658 2272 dejicerent
2715 2207 2815 2258 aut
2877 2220 2908 2257 a
2967 2204 3368 2259 fundamentis
3425 2210 3770 2260 everterent.

2119 2289 2319 2362 Neque
2351 2307 2614 2363 unquam
2667 2291 2776 2346 hoc
2824 2291 3236 2359 imperatorem
3311 2293 3771 2349 commissurum

2121 2378 2512 2444 crediderant,
2552 2381 2719 2448 cujus
2779 2379 3084 2436 mollitiem
3143 2385 3199 2434 et
3251 2381 3516 2436 animum
3568 2383 3774 2452 quavis

2122 2481 2265 2520 aura
2313 2466 2536 2538 impelli
2567 2467 2802 2522 solitum
2859 2484 2974 2522 non
3032 2467 3389 2539 ignorarent.
3427 2467 3534 2523 Eos
3594 2469 3774 2540 igitur

2121 2555 2268 2611 647
2312 2555 2443 2612 facti
2495 2557 2832 2628 pmnitebat,
2875 2557 2983 2612 etsi
3033 2573 3146 2612 non
3203 2562 3426 2612 tantum
3479 2563 3768 2630 quantum

2121 2644 2502 2701 conveniebat
2529 2662 2542 2700 :
2567 2647 2666 2702 sed
2701 2645 2859 2718 vulgi
2887 2647 3148 2702 dicteriis
3181 2647 3538 2703 etcenvieiis
3568 2649 3638 2704 ad
3653 2665 3772 2704 mo-

2121 2734 2260 2790 dum
2295 2733 2738 2790 mordebantur.
2769 2737 2976 2791 Adfuit
2997 2735 3382 2808 Euphrosyna
3409 2753 3509 2792 sex
3543 2753 3772 2794 nienses

2121 2839 2154 2878 a
2184 2823 2444 2894 palatio;
2477 2842 2543 2880 ac
2577 2819 2818 2896 prorsus
2849 2827 3079 2896 abjeeta
3108 2833 3166 2880 et
3196 2831 3475 2898 perpetuo
3505 2827 3776 2899 neglecta

2119 2919 2276 2968 esset
2300 2913 2414 2968 nisi
2449 2913 2488 2968 ii
2521 2916 2620 2986 qui
2646 2914 3024 2970 vulnerarent
3050 2932 3177 2971 eam
3203 2921 3515 2972 sanassent
3542 2917 3681 2988 (non
3707 2933 3774 2974 eo

2123 3002 2359 3075 quidem
2378 3006 2574 3058 animo
2607 3021 2722 3076 quo
2756 3003 3078 3077 Telephum
3116 3004 3384 3075 Achilles,
3409 3007 3508 3060 sed
3540 3006 3773 3078 publico

2122 3092 2316 3164 populi
2353 3093 2484 3150 odio
2509 3093 2772 3166 impulsi,
2809 3096 2964 3168 quod
2999 3095 3162 3151 nulla
3193 3097 3545 3152 necessitate
3585 3098 3772 3154 coacti

349 3183 986 3264 παραγραμματιστρίας
1027 3183 1119 3237 καὶ
1144 3183 1342 3244 ταύτας
1370 3189 1472 3252 τῆς
1526 3181 1856 3254 Ἑλληνίδος
1902 3207 2014 3262 φω-

391 3283 420 3289 _
602 3275 616 3289 ι
687 3271 710 3289 ἢ
796 3275 808 3289 1
985 3271 1033 3289 9‘
1090 3269 1140 3289 Ιδ
1397 3269 1443 3289 ὀ
1541 3277 1566 3289 ς
1819 3272 1832 3289 Ι

2123 3199 2248 3237 eam
2284 3183 2608 3255 ignominia
2637 3184 2988 3252 allecissent,
3021 3203 3053 3240 a
3110 3202 3226 3256 qua
3278 3185 3389 3257 ipsi
3449 3185 3772 3242 honoribus

351 3283 478 3347 νῆς,
528 3275 619 3329 καὶ
683 3271 911 3347 δικώπῳ
975 3269 1163 3329 ἀλιᾶδι
1230 3269 1634 3350 παραβριιρεῖσα
1700 3272 1836 3328 κατὰ
1899 3295 2020 3329 τινα

351 3362 666 3441 γυναικείαν
703 3363 874 3431 μονὴν
903 3361 1168 3438 ἀπάγεται
1215 3360 1340 3436 περί
1391 3381 1497 3416 που
1544 3361 1608 3416 τὸ
1657 3366 1754 3417 τοῖ’)
1808 3362 2018 3419 Πόντου

360 3451 540 3527 στόμα
597 3449 978 3524 δεδομημένην
1037 3451 1130 3505 καὶ
1187 3457 1288 3520 τῆς
1343 3449 1710 3524 Νηματαρέας
1770 3449 2020 3524 ὠνομασ-

363 3541 552 3616 μένην.
589 3540 744 3598 Ἀλλ’
772 3539 920 3594 οὕτω
947 3545 1048 3608 τῆς
1100 3535 1386 3608 δεσπείνης
1436 3535 1682 3594 ἐκποδών
1728 3539 2018 3614 γενομένης

359 3634 415 3688 οἱ
473 3632 568 3704 μὲν
635 3627 1019 3705 κατειρηκότες
1084 3628 1258 3698 αὐτῆς
1324 3628 1390 3684 οὗ
1456 3631 1628 3699 πάντη
1693 3628 2016 3705 ἀνεπαχθῶς

365 3719 633 3798 ὑπέφερον
671 3721 734 3773 τὸ
793 3713 1036 3792 σύμϐὰν,
1092 3713 1388 3792 ἐπειδήπερ
1439 3715 1528 3771 καὶ
1581 3721 1678 3772 τοῦ
1737 3718 1872 3794 ἃγαν
1929 3718 2018 3774 ἐκ-

355 3814 589 3882 κροῦσαι
619 3810 718 3877 τήν
754 3803 1012 3884 βασιλίδα
1049 3806 1383 3882 πειρώμενοι
1435 3811 1694 3862 κατεῖπον
1745 3807 1914 3878 αὐτῆς
1962 3809 2016 3872 ἐς

353 3902 454 3956 τὸν
487 3897 710 3970 ἄνακτα,
743 3899 806 3954 οὐ
869 3897 978 3972 μὴν
1029 3895 1372 3974 ἐκσφαιρίσαι
1417 3897 1722 3952 παντάπασι
1772 3904 1873 3968 τῆς
1919 3899 2020 3976 ἀρ-

355 4000 468 4068 χῆς
501 3989 836 4066 βουλόμενοι
893 3987 930 4060 ἤ
963 3994 1094 4066 γοῦν
1140 3988 1474 4064 έκθεμελίων
1507 3990 1683 4046 αὐτῶν
1715 3990 1792 4056 εἷς
1832 3991 2019 4049 τέλεον

355 4086 695 4146 κατασεῖσαι,
735 4079 942 4136 καὶτὸν
980 4076 1210 4154 βασιλέα
1241 4079 1340 4134 οὐκ
1369 4078 1540 4151 ᾤοντο
1593 4079 1742 4143 ὅλως
1791 4087 2020 4138 τοιαῦτα

358 4169 576 4246 δράσειν
606 4169 744 4224 ποτῖε
782 4171 896 4222 κατ’
945 4167 1134 4236 αὐτῆς.
1185 4167 1262 4229 εἷς
1310 4168 1410 4235 τήν
1454 4167 1652 4223 τούτου
1704 4169 2017 4248 ἀφορῶντες

360 4257 719 4331 μαλακότητα
748 4256 840 4310 καὶ
870 4255 932 4310 τὸ
959 4255 1210 4334 φέρεσθαι
1251 4249 1441 4330 αὔραις
1484 4258 1570 4330 [Ρ.
1629 4259 1758 4330 316]
1815 4263 2014 4332 μικροῦ

2130 3272 2318 3328 affecti
2345 3275 2562 3345 essent)
2593 3279 2650 3329 et
2679 3290 2992 3346 panaceam
3051 3274 3124 3330 ad
3179 3277 3308 3346 ejus
3341 3276 3770 3333 restitutionem

2128 3361 2504 3418 invenissent.
2541 3362 2683 3420 Nam
2717 3379 2849 3418 cum
2891 3380 3098 3419 omnes
3141 3364 3511 3436 imperatoris
3543 3367 3775 3439 cognati

2129 3451 2588 3522 consensissent,
2622 3459 2678 3506 et
2733 3452 3176 3524 Mesopotamita
3205 3453 3630 3512 Constantinus
3658 3473 3779 3510 om-

2129 3556 2282 3607 nem,
2313 3541 2464 3612 quod
2497 3541 2684 3609 aiunt,
2712 3540 2962 3614 lapidem
3000 3543 3292 3604 movisset,
3319 3547 3391 3598 ab
3423 3544 3774 3616 imperatore

2129 3635 2396 3686 revocata
2437 3630 2717 3702 majorem
2779 3631 2953 3688 etiam
3006 3631 3326 3704 potentiam
3378 3649 3556 3705 quam
3614 3636 3774 3705 prius

2128 3721 2405 3780 obtinuit.
2449 3724 2562 3782 Nec
2594 3728 2790 3780 tamen
2838 3725 3124 3782 delatores
3183 3727 3270 3782 vel
3323 3735 3522 3800 aperta
3573 3729 3626 3783 vi
3687 3728 3775 3784 vel

2129 3811 2358 3868 occulta
2393 3814 2594 3869 fraude
2619 3813 2768 3870 ultra
2783 3815 3113 3887 est,insigni
3139 3817 3562 3873 moderationis
3589 3835 3781 3874 exem-

2130 3903 2244 3974 plo.
2281 3903 2552 3959 Maritum
2589 3920 2720 3960 vero
2772 3904 3130 3976 jampridem
3165 3923 3196 3960 ιι
3228 3922 3291 3960 se
3345 3904 3774 3974 abalienatum,

2129 3997 2256 4047 tum
2281 4009 2414 4048 vero
2441 3993 2568 4062 ejus
2591 3993 3016 4048 consuetudine
3067 4009 3311 4066 prorsus
3363 3993 3776 4062 abstinentem,

2130 4082 2296 4138 miris
2317 4082 2544 4138 artibus
2567 4089 2625 4138 et
2657 4082 2961 4138 blanditiis
2985 4081 3398 4152 reconciliavit,
3431 4084 3571 4140 utin
3590 4084 3778 4158 ipsius

2126 4177 2409 4244 potestate
2439 4179 2622 4236 esset;
2649 4173 2962 4244 omniaque
2995 4174 3111 4229 fers
3142 4173 3370 4246 imperii
3405 4173 3636 4246 negotia
3667 4191 3774 4230 suo

2125 4261 2408 4317 arbitratu
2446 4261 2902 4317 administravit.
2941 4263 3130 4335 Atque
3163 4262 3282 4318 hinc
3316 4261 3622 4319 hactenus.

357 4345 450 4400 καὶ
491 4343 818 4419 ῥιπίζεσθαι.
855 4343 957 4398 Καὶ
989 4343 1040 4398 οἷ
1076 4344 1169 4415 μὲν
1199 4341 1280 4422 ἐφ’
1311 4344 1394 4405 οἷς
1425 4345 1487 4398 τὸ
1536 4344 1693 4420 γένος
1723 4343 1972 4423 ᾔσχυναν
2024 4345 2288 4423 ἤχθοντο,
2341 4348 2391 4403 ei
2437 4348 2528 4403 καὶ
2583 4349 2658 4422 μή
2711 4349 2766 4410 ές
2817 4348 2942 4406 ὅσον
3004 4346 3113 4405 ἔδει
3165 4351 3256 4405 καὶ
3317 4347 3626 4429 δυσφορεῖν·
3691 4349 3785 4406 καὶ

366 4434 418 4488 οἱ
479 4428 784 4506 ὀνειδισμοὶ
844 4428 900 4486 δὲ
958 4435 1053 4486 τοῦ
1103 4429 1214 4486 λεὼ
1267 4431 1355 4485 καὶ
1412 4433 1466 4486 αἱ
1525 4435 1813 4508 κερτομῖαι
1871 4439 2063 4492 τοῦτον
2123 4435 2510 4492 ἒπιπίπτουσαι
2550 4438 2892 4508 κατεπῖεζον.
2967 4439 3064 4510 ’Ἐξ
3149 4439 3242 4512 μὲν
3295 4439 3389 4494 οὗν
3452 4446 3620 4514 μῆνες
3681 4439 3784 4510 ἐξί-

359 4539 553 4592 κοντο,
603 4521 693 4577 καὶ
751 4523 786 4591 ἡ
859 4520 1078 4598 βασιλὶς
1130 4520 1450 4602 Ῑῖὐιρροσόνη
1512 4527 1620 4584 τᾶν
1683 4523 1976 4600 βασιλείων
2046 4521 2423 4596 ἀποϐέϐλητο.
2486 4530 2574 4591 Ἐς
2631 4527 2792 4592 τέλος
2853 4527 2900 4584 δ’
2953 4527 3015 4584 ἂν
3075 4534 3420 4604 παρεωρᾶτο,
3479 4530 3529 4586 εἷ’
3587 4531 3662 4602 μή
3724 4551 3784 4606 γε

357 4612 415 4667 οἱ
443 4612 745 4687 τρώσαντες
791 4609 1032 4679 ἷέσαντο,
1087 4610 1198 4687 οὐχ
1246 4613 1303 4667 δν
1347 4612 1550 4688 τρόπον
1598 4612 1898 4688 ’Δχιλλεῦς
1955 4615 2226 4690 Ττςλεεον,
2287 4615 2436 4672 ἀλλά
2491 4619 2554 4674 τὸ
2612 4619 2748 4694 πρὲς
2809 4619 3012 4682 αὐτοὺς
3081 4619 3376 4694 πάγκοτνον
3451 4624 3634 4694 μῖσος,
3693 4619 3780 4674 ὅτι

352 4703 455 4772 τήν
499 4700 792 4774 δοξάσασαν
851 4700 1046 4763 αὐτοὺς
1104 4698 1262 4756 οὐδέν
1321 4699 1440 4757 δέον
1497 4703 1648 4758 αὐτοὶ
1719 4701 2070 4778 ἀπεδόξασαν,
2142 4706 2363 4780 εὕραντο
2431 4708 2568 4784 πρὸς
2639 4705 2898 4764 ἐπάνοδον
2964 4707 3082 4764 οἶδε
3143 4710 3434 4764 πανάκειαν
3499 4709 3776 4784 ἄντικρυς,

356 4793 564 4856 Παντὸς
628 4790 732 4868 γὰρ
807 4794 904 4845 τοῦ
961 4789 1022 4844 ἐκ
1077 4790 1393 4866 συγγενείας
1455 4796 1534 4865 τῷ
1627 4791 1849 4867 βασιλεῖ
1911 4793 2423 4867 συνωμονοήκότος,
2487 4797 2578 4852 καὶ
2641 4801 2740 4852 τοῦ
2809 4797 3272 4872 Μεσοποταμίτου
3361 4801 3778 4855 Κωνσταντίνου

352 4880 530 4936 πάντα
585 4877 790 4951 κάλων,
853 4879 882 4933 ὅ
941 4899 1092 4956 φασι,
1151 4880 1499 4950 κεκινηκότος
1563 4881 1653 4936 καί
1720 4881 2170 4957 ἀνταρκέσαντος,
2241 4883 2658 4942 ἐπανακαλεῖται
2720 4885 2873 4950 αὖθις
2930 4888 3024 4942 καὶ
3102 4883 3608 4961 προσλαμϐἀνεται,
3685 4887 3776 4943 καὶ

353 4971 423 5040 ἦν
465 4969 626 5046 ἴσχὺν
668 4971 767 5040 τὴν
817 4971 1086 5044 προτέραν
1142 4967 1524 5043 ὑπερϐαλοῦσα
1587 4974 1656 5044 τῇ
1725 4969 1966 5048 ὕστερον.
2035 4975 2167 5038 Τοῖς
2225 4972 2270 5030 δ’
2329 4975 2616 5052 ἀντίφροσι
2689 4975 2827 5051 πρὸς
2892 4973 3045 5031 οὐδὲν
3113 4970 3511 5051 ἐϐαρυμηνέασε
3573 4974 3780 5052 προδή-

353 5057 470 5123 λως
511 5060 546 5132 ἢ
605 5056 1018 5134 έδολορῥάυησε
1071 5059 1136 5114 τὰ
1193 5057 1548 5132 ἀντὶσταθμα,
1598 5060 1722 5116 οὕτε
1782 5062 1858 5134 μή
1914 5065 1983 5137 τῇ
2043 5069 2259 5140 κατοχῇ
2317 5069 2415 5120 τοῦ
2465 5069 2642 5139 θυμοῦ
2701 5065 2776 5126 ὡς
2837 5061 3048 5124 Μήδεια
3105 5063 3432 5139 ἀνοίστρησε
3490 5066 3782 5142 βακχευτι-

353 5153 466 5212 κῶς
532 5151 650 5206 κατ’
715 5149 912 5216 αὐτῶν,
980 5145 1127 5203 ἆλλά
1193 5153 1582 5224 θηροκομοῦσα
1648 5151 1742 5205 τὸν
1805 5151 2037 5228 σύζυγον
2103 5153 2194 5209 καὶ
2260 5152 2435 5211 πάλαι
2505 5155 2601 5228 μὲν
2667 5153 3088 5231 ἀποστέργοντα,
3145 5154 3270 5210 τότε
3327 5152 3386 5210 δὲ
3442 5154 3536 5211 καὶ
3590 5153 3780 5211 τέλεον

353 5235 519 5306 αὐτῆς
551 5239 934 5314 ἀποσχόμενον
985 5237 1076 5293 καὶ
1127 5237 1264 5312 πρὸς
1323 5237 1481 5308 εὖνήν
1536 5237 1708 5314 ἐκείνῃ
1767 5239 2040 5316 μηδαμῶς
2097 5242 2520 5320 συνερχόμενον,
2590 5247 2919 5322 σοφιστικῶς
2973 5243 3283 5320 ὑπήρχετο,
3346 5243 3666 5300 θωπεύουσά
3720 5266 3778 5302 τε

357 5323 448 5376 σὺν
472 5325 634 5400 τέχνῃ
669 5326 876 5404 ἐχρῆτο
909 5327 980 5390 ὡς
1034 5327 1226 5400 ἡρεῖτο
1273 5327 1352 5400 τῷ
1405 5331 1502 5382 τοῦ
1550 5324 1744 5402 ἀνδρὸς
1801 5328 1946 5401 ἤθει,
2010 5335 2208 5406 μιαροῦ
2267 5337 2440 5386 πᾶσαν
2477 5330 2870 5406 ἀναζωσαμὲνη
2927 5339 3027 5402 τῆς
3080 5333 3262 5408 ἀρχῆς
3317 5335 3418 5404 τὴν
3475 5331 3773 5406 διοίκησιν.

361 5411 467 5468 Καὶ
492 5413 624 5487 τῇδε
657 5417 750 5488 μὶν
781 5417 900 5492 εἶχε
927 5420 1118 5474 ταῦτα.

432 5498 477 5556 δ’
555 5503 616 5560 Ὁ
683 5501 741 5558 δέ
804 5513 899 5564 Με·
1149 5503 1165 5548 ἵ
1335 5507 1380 5562 Κ
1563 5528 1573 5544 ε
1832 5504 1856 5525 ⁵
1927 5507 1946 5540 ί

482 5545 495 5558 .
865 5526 1265 5578 ,σοποταμπης
1383 5525 1736 5570 ωνσταιτινος
1805 5511 2010 5581 (οοτεον

2194 5513 2349 5570 648
2405 5513 2458 5568 4.
2493 5513 2914 5570 Constantinus
2959 5517 3155 5570 autem
3217 5515 3782 5587 Mesepotamitanus

347 5590 450 5667 γὰρ
483 5587 558 5646 ἔτι
592 5589 831 5670 τῷλόγῳ
889 5595 958 5650 τὶ
1064 5596 1202 5652 κατά
1257 5595 1352 5652 τὸν
1411 5596 1530 5650 καθ’
1585 5597 1736 5670 ἡμᾶς
1795 5597 2018 5674 Πρωτέα

2129 5601 2322 5674 (plura
2353 5603 2502 5659 enim
2527 5605 2596 5660 de
2623 5603 2943 5661 Vertumno
2975 5603 3158 5660 astatis
3191 5611 3404 5661 nostris
3436 5611 3492 5662 et
3541 5603 3782 5662 homine

353 5680 446 5736 καὶ
503 5677 1001 5758 πολυτρόπωι-οιτον
1071 5683 1186 5759 ἅμα
1249 5683 1338 5740 καὶ
1399 5681 1802 5742 ποικιλώτατον
1857 5685 2015 5744 τόνδε

2126 5691 2513 5752 callidissimo
2544 5711 2612 5750 ac
2668 5693 3072 5752 versutissimo
3130 5693 3380 5752 dicenda
3437 5692 3780 5767 sunt)elato
