4102 6422
288 345 406 406 867

1587 327 1900 393 ΝῙΟΕΤΛΕ
1941 329 2366 392 ΩΗΟΝΙΑΤᾸῘ.

3593 330 3722 392 868

287 455 600 546 supercilio
652 471 974 527 insolenter
1017 468 1320 524 incedebat
1355 465 1426 520 ob
1483 463 1736 520 domina:
1779 462 1925 518 rcdi-

2051 457 2358 534 ἄνθρωπον)
2391 459 2592 514 ἀνέσπα
2637 461 2736 528 τὴν
2803 457 2969 537 ὀφρὺν
3033 459 3124 514 καὶ
3187 459 3472 535 βλακῶδες
3529 455 3720 517 ἔϐαινε

286 571 452 632 tum;
490 579 670 634 caque
694 561 762 616 de
813 577 990 614 causa
1024 559 1232 631 opinor
1283 573 1394 612 non
1429 559 1744 609 contentus
1785 553 1925 625 quoc‘

2054 546 2142 604 δὲ
2179 550 2278 618 την
2327 556 2429 618 τῆς
2488 546 2776 619 δεσποίνης
2839 544 3119 608 ἐπάνοδον.
3181 551 3309 606 Καθ’
3376 545 3458 621 ὅν,
3529 552 3715 624 οἶμαι,

287 654 867 726 apudimperatorem
904 655 1100 720 posset.
1135 646 1356 714 omnia,
1381 643 1621 701 Canielii
1654 643 1940 706 otﬁcium,

285 745 439 815 quo-.1
475 741 696 797 Isaacie
732 737 1404 810 imperanteobtinucrut
1436 751 1497 789 ac
1514 731 1941 788 rursusotfere-

287 840 482 901 batur,
507 840 569 890 ut
600 851 706 892 suo
736 832 962 903 fastigio
993 829 1238 886 inferius
1271 829 1483 896 renuit,
1510 827 1612 882 sed
1636 843 1704 882 ex
1731 825 1942 882 lectore

288 926 601 981 diaconum
636 923 821 978 creari
847 938 908 976 se
941 919 1146 985 voluit,
1179 935 1294 974 non
1339 916 1644 972 ferendum
1687 919 1850 969 ratus
1882 912 1943 967 ni

287 1031 486 1069 sacras
519 1013 697 1069 etiam
723 1009 1037 1082 dignitates
1063 1005 1765 1064 contrectaret.Continuo
1785 1003 1938 1075 quod

282 1104 516 1160 libitum
544 1111 629 1157 est
673 1102 990 1173 impetrat:
1024 1100 1095 1154 ab
1158 1098 1507 1168 imperatore
1553 1096 1610 1152 in
1645 1095 1936 1164 inclytum

289 1191 700 1250 Blachernium
737 1189 1025 1262 templum
1058 1188 1334 1254 mittitur,
1368 1204 1398 1242 a
1431 1185 1766 1259 patriarcha
1815 1188 1941 1240 sta-

285 1283 390 1338 tim
445 1297 514 1337 ex
586 1281 801 1336 lectore
859 1279 1139 1335 diaconus
1197 1281 1450 1342 creatur,
1512 1275 1822 1330 stationem
1885 1278 1942 1326 et

283 1372 531 1444 gradum
567 1369 890 1442 principem
935 1367 1334 1439 consequitur.
1367 1369 1486 1420 Hoc
1544 1367 1802 1420 contecto
1839 1377 1940 1417 ne-

283 1461 460 1532 gotio,
495 1476 557 1515 se
587 1458 928 1514 relicturum
991 1455 1272 1528 palatium
1328 1458 1386 1509 et
1446 1451 1780 1524 imperatori
1825 1466 1939 1506 non

282 1549 538 1622 amplius
570 1565 806 1619 operam
843 1557 1189 1602 navaturum
1238 1543 1501 1600 simulat.
1557 1542 1754 1614 Neque
1783 1540 1936 1596 enim

283 1639 618 1712 permittere
650 1653 930 1701 canones,
958 1636 1234 1690 eumdem
1289 1639 1346 1690 et
1405 1631 1522 1688 Deo
1555 1647 1724 1686 sacra
1757 1632 1942 1684 facere

281 1735 338 1786 et
368 1727 639 1786 civilibus
673 1728 850 1783 rebus
882 1725 1001 1782 ullo
1037 1725 1208 1780 modo
1238 1721 1550 1795 implicari.
1586 1723 1818 1776 Distare
1842 1719 1942 1774 illa

282 1818 442 1874 inter
454 1832 798 1888 sese.neque
811 1815 1090 1886 conjungi
1109 1811 1810 1886 posse,quemadmodum
1827 1826 1941 1866 ser-

279 1907 405 1964 vire
434 1907 548 1962 Deo
571 1909 629 1962 et.
653 1904 866 1961 servire
887 1918 1239 1959 mammonae
1256 1917 1322 1956 ex
1345 1899 1630 1956 diametro
1656 1901 1936 1970 pugnent.

283 1999 611 2068 Imperator
640 2011 776 2050 vero
807 2010 937 2049 eum
993 1996 1058 2048 ut
1085 1991 1302 2047 hedera
1350 1989 1522 2044 vitem
1575 1987 1936 2060 complexus,

283 2086 481 2141 statim
501 2083 891 2157 patriarcham
918 2080 1279 2154 Xipbilinum
1303 2080 1455 2135 649
1482 2076 1778 2150 privilegio
1802 2093 1936 2132 con-

281 2175 486 2230 ccrlere
517 2171 762 2244 cogit,ut
793 2171 1312 2242 Mesopotamitano
1336 2166 1516 2224 simul
1549 2165 1732 2222 etDco
1757 2167 1938 2221 etim-

284 2261 624 2336 peratori,ct
655 2258 875 2332 templo
906 2264 965 2315 ct
999 2257 1371 2330 palatio,sine
1387 2256 1590 2312 fraude
1618 2270 1934 2324 canonum,

285 2353 381 2424 qui
399 2350 638 2406 acerbas
660 2366 858 2421 pmnas
881 2349 936 2402 in
969 2348 1114 2402 istos
1139 2346 1538 2402 ambidcxtros
1555 2344 1934 2410 statuunt,in-

285 2441 501 2498 servire
533 2440 725 2496 liceat.
761 2440 876 2496 Hoc
909 2455 1146 2510 quoque
1179 2444 1556 2508 peracto.non
1589 2437 1774 2494 multo
1804 2437 1938 2506 post

280 2531 710 2589 Thessalonica
745 2531 1000 2604 pontifex
1016 2530 1378 2600 designatur.
1405 2528 1653 2584 Tantam
1689 2525 1932 2596 gloriam

275 2627 522 2697 adeptus
536 2624 713 2680 homo
730 2623 971 2678 fortasse
987 2637 1099 2677 non
1115 2627 1340 2676 contem
1354 2619 1576 2673 nendus
1591 2617 1932 2684 fuisset,ncc

275 2732 342 2770 ca
378 2713 532 2770 mala
563 2713 621 2768 in
651 2729 781 2784 quae
816 2717 946 2782 post
969 2710 1174 2766 incidit
1197 2709 1319 2780 ipse
1341 2707 1455 2764 sibi
1478 2725 1546 2764 ex
1563 2712 1720 2780 parte
1737 2723 1931 2762 accer-

278 2803 530 2870 sisset,si
569 2802 738 2876 plane
779 2801 994 2874 palatio
1025 2799 1368 2856 excessisset
1398 2803 1456 2854 et
1485 2797 1930 2869 cupiditatisuas

277 2893 510 2948 tandem
546 2893 777 2948 modum
810 2892 1065 2963 aliquem
1095 2888 1418 2955 statuisset,
1453 2892 1554 2944 aut
1585 2888 1653 2942 de
1682 2887 1924 2942 curiosi-

275 2981 636 3052 tatoingenii
668 2985 936 3036 etrerum
965 2979 1352 3051 gerendarum
1373 2973 1924 3050 cupiditatealiquid

275 3070 793 3128 remisisset.Nunc
811 3087 860 3123 m
873 3067 1125 3124 alterum
1143 3073 1199 3122 et
1214 3066 1600 3122 maximorum
1617 3065 1924 3129 bonorum,

267 3176 594 3232 eorumque
626 3159 778 3215 inter
809 3173 937 3213 sese
963 3155 1584 3222 dissimiliu:u,insana
1611 3160 1668 3210 et
1697 3153 1927 3208 infinita

2053 637 2220 716 λόγον
2257 635 2387 712 μηδ’
2428 637 2663 714 ἐξαρκεῖν
2715 638 2862 710 αὐτῷ
2907 637 2958 700 ἐς
3007 639 3176 712 τιμὴν
3226 639 3288 694 τὸ
3351 641 3496 715 παρὰ
3555 641 3714 714 βασι-

2053 735 2140 792 λεῖ
2171 733 2425 800 δύνασθαι
2489 735 2556 791 τά
2621 733 2792 792 πάντα
2859 736 3131 809 οἶόμενυς,
3183 733 3246 792 τὸ
3309 737 3403 809 μὲν
3465 733 3551 792 ἐπὶ
3611 743 3718 794 τοῖ’)

2049 823 2364 882 κανικλείου
2409 825 2688 904 όφφίκιον,
2739 824 2872 901 ὅπερ
2929 825 3192 882 Ἰσαακίου
3241 827 3394 902 εἶχεν
3450 826 3715 884 ἀνάσσον-

2050 937 2166 983 τος,
2203 910 2603 990 βραϐευόμενον
2647 913 2798 978 αὖθις
2853 915 2926 978 ὠς
2985 917 3061 990 μή
3113 920 3334 996 χωροῦν
3386 913 3552 973 αὐτοῦ
3611 925 3721 989 τῆς

2054 1005 2244 1082 ἰσχύος
2293 1006 2356 1060 τὸ
2419 1005 2645 1084 μέγεθος
2715 1025 3050 1080 απηνῃνατο,
3119 1005 3178 1061 ἐκ
3243 1002 3290 1060 δ’
3359 1007 3716 1086 ἀναγνώστου

2051 1093 2406 1170 κληρωθῆναι
2439 1094 2516 1160 εἷς
2547 1091 2792 1150 διάκονον
2841 1094 3148 1172 ᾑρετίσατο,
3202 1096 3279 1170 μή
3329 1097 3419 1151 καὶ
3471 1102 3580 1152 τῶν
3628 1100 3715 1154 ie-

2055 1190 2162 1260 ρῶν
2221 1183 2590 1262 ἐπιθιγγάνειν
2642 1185 2846 1254 ἀξόνων
2897 1185 2962 1240 οὗ
3017 1186 3218 1260 κρίνων
3268 1183 3416 1250 ὅλως
3472 1185 3714 1267 ἀνασχε-

2048 1277 2164 1332 τόν.
2219 1275 2317 1331 Καὶ
2373 1278 2440 1346 ἦν
2472 1279 2506 1346 ἠ
2539 1275 2796 1352 πρόθεσις
2844 1273 2997 1352 ἔργον
3055 1275 3232 1345 εὐθὺς,
3290 1276 3383 1332 καὶ
3446 1275 3715 1352 βασιλεὺς

2051 1367 2209 1424 αὐτὸν
2271 1367 2408 1422 κατά
2464 1365 2556 1422 τὸν
2616 1364 2668 1420 ἐν
2730 1363 3073 1441 Βλαχέρναις
3141 1365 3469 1440 περίπυστον
3528 1366 3716 1437 κπιθίει

2050 1457 2208 1525 νεὼν,
2239 1454 2328 1510 καὶ
2358 1456 2386 1510 ὁ
2430 1455 2778 1530 πατριάρχης
2830 1453 2945 1527 ’ἀμα
2996 1455 3049 1510 o't
3099 1461 3276 1530 παρῆν
3331 1455 3710 1532 προχειρίζων

2056 1549 2240 1602 τοῦτον
2301 1545 2351 1618 ἐξ
2411 1545 2746 1618 ἀναγνώστου
2800 1539 3068 1614 διάκονον,
3127 1545 3217 1599 καὶ
3305 1544 3490 1607 στάσις
3558 1545 3708 1619 αὐτῷ

2051 1634 2140 1691 καὶ
2213 1633 2422 1710 βαθμὸς
2488 1629 2796 1697 ἀναϐάσεως
2862 1634 3287 1710 συγκεχώρηται
3373 1635 3698 1712 πρώτιστος.

2049 1729 2224 1783 Τοῦτο
2258 1722 2304 1780 δ’
2334 1725 2548 1794 ἡνυκὼς
2579 1723 2978 1800 σχηματίζεται
3019 1723 3111 1778 τὸν
3165 1723 3560 1779 ὑπονοστοῦντα
3601 1723 3695 1778 καί

2055 1815 2251 1888 μηκέτι
2279 1819 2395 1877 τοῖς
2424 1813 2674 1889 ἀρχείοις
2703 1807 3122 1888 παραϐαλοῦντα
3147 1812 3181 1884 ἢ
3229 1809 3702 1884 ὑποδρηστεύοντα

2054 1902 2272 1982 βασιλεῖ
2300 1903 2466 1967 ὅλωςο
2495 1900 2624 1966 τοὺς
2655 1903 2760 1978 γάρ
2791 1903 3020 1964 κανόνας
3055 1904 3131 1975 μὴ
3165 1899 3434 1957 ἐνδιδόναι
3455 1903 3506 1958 οἳ
3528 1903 3710 1958 ὁπωσο

2046 1999 2196 2050 τιοῦν
2229 1993 2320 2050 καὶ
2351 1997 2466 2064 Θεῷ
2493 1990 2742 2058 ⁹ίερᾶσοαι
2773 1991 2862 2046 καὶ
2920 1997 3214 2065 κοσμικαῖς
3264 1991 3706 2068 προσπλέκεσθαι

2047 2081 2462 2160 πραγματείαιςσ
2497 2079 2880 2137 ἀποδιεστάναι
2910 2081 3010 2157 γὰρ
3060 2079 3228 2158 ἄμφω
3275 2082 3364 2138 καὶ
3427 2079 3705 2156 μηδαμῶς

2047 2174 2481 2252 συναλείφεσθαι,
2525 2169 2707 2246 ὥσπερ
2765 2170 2853 2226 καὶ
2907 2171 2969 2226 τὸ
3019 2166 3296 2226 δουλεύειν
3343 2175 3460 2244 Θεῷ
3501 2191 3560 2227 τε
3605 2169 3697 2226 καὶ

2051 2268 2288 2338 μαμωνᾷ
2325 2261 2462 2318 κατὰ
2505 2259 2794 2335 διάμετρόν
2857 2259 2990 2315 εἶσιν
3041 2257 3394 2332 ἀντικείμενα.
3455 2261 3516 2316 Ὁ
3561 2264 3696 2338 γοῦν

2050 2353 2307 2430 βασιλεὺς
2339 2355 2437 2408 ὅσα
2467 2352 2556 2408 καὶ
2577 2352 2758 2412 κιττὸς
2790 2349 3108 2426 ἐξεχόμενος
3156 2349 3349 2405 τούτου
3387 2349 3479 2404 καὶ
3511 2370 3697 2426 περιε-

2051 2443 2290 2519 χόμενος
2317 2437 2490 2516 τόμον
2549 2440 2706 2504 εὐθὺς
2754 2437 2997 2504 ἐκθέσθαι
3041 2440 3132 2495 τὸν
3187 2439 3534 2516 πατριάρχην
3592 2444 3700 2494 Ξι-

2047 2531 2268 2614 φιλίνον
2301 2533 2628 2607 ἠνάγκασεν,
2662 2527 2931 2586 ἐνδιδόναι
2973 2533 3050 2600 τῷ
3098 2526 3524 2605 Μεσοποταμίτη
3583 2535 3703 2604 Θεῷ

2045 2613 2134 2678 καὶ
2193 2620 2411 2700 βασιλεῖ
2463 2625 2566 2693 νεῷ
2623 2641 2681 2676 τε
2739 2619 2828 2674 καὶ
2885 2617 3132 2694 ἀρχείοις
3189 2613 3700 2690 συνδιαπλέκεσοαι,

2048 2711 2216 2788 μηδὲν
2254 2712 2593 2790 ὑφορωμὲνῳ
2626 2704 2835 2785 βλάϐος
2881 2707 2940 2764 ἐκ
2985 2711 3092 2764 τῶν
3143 2707 3382 2764 κανόνων
3433 2710 3518 2780 ἶΡ.
3569 2711 3697 2784 317]

2043 2805 2094 2858 οἱ
2132 2807 2250 2866 τοῖς
2315 2796 2604 2877 ἄμφιϐίοις
2669 2799 2884 2862 τούτοις
2952 2795 3343 2873 δριμύσσονται
3401 2793 3695 2854 δυσκολαί-

2039 2913 2238 2953 νοντες.
2271 2889 2561 2948 Τετέλεστο
2619 2893 2749 2963 γοῦν
2799 2888 2888 2944 καὶ
2932 2891 3115 2956 τοῦτο,
3163 2891 3347 2960 μικρῷ
3395 2883 3440 2942 δ’
3471 2886 3686 2959 ὕστερον

2036 2982 2256 3052 καὶτῆς
2306 2977 2707 3055 λαμπροτάτης
2765 2979 2983 3040 πόλεως
3039 2976 3442 3048 Θεσσαλονίκης
3493 2977 3678 3052 ἀρχιε-

2039 3069 2160 3146 ρεὺς
2195 3069 2625 3148 προχειρίζεται.
2675 3069 2776 3124 Ἢν
2815 3066 2872 3122 ἄν
2927 3064 3018 3121 οὖν
3069 3067 3136 3123 τὰ
3181 3073 3281 3136 τῆς
3343 3063 3498 3137 δόξης
3551 3063 3687 3120 ταύ-

2036 3180 2136 3230 της
2179 3158 2562 3233 κληρούμενος
2611 3157 2714 3213 οὐκ
2779 3151 3098 3226 ἀπόϐλητος
3143 3155 3278 3220 ’ἰσως
3327 3155 3355 3212 ὁ
3387 3154 3693 3226 ἅνθρωπος,

3021 3242 3044 3260 κ

269 3249 636 3306 affectatione
666 3249 842 3304 etiam
878 3246 1188 3302 humiliore
1221 3249 1380 3301 statu
1411 3255 1495 3302 est
1527 3261 1832 3313 excussus,
1869 3251 1925 3298 ut

2035 3245 2146 3304 οὐδ’
2203 3249 2276 3303 ὧν
2340 3246 2393 3310 ἐς
2451 3246 2674 3320 ὕστερον
2726 3244 2962 3308 πέπονθε
3017 3242 3204 3299 δεινῶν
3292 3243 3456 3306 αὐτὸς
3518 3241 3698 3317 ἑαυτῷ

265 3341 460 3396 divini
483 3341 542 3394 in
575 3355 640 3395 eo
673 3337 1034 3410 providentia
1055 3345 1104 3392 et
1127 3335 1494 3393 celsitudinis
1527 3334 1926 3390 irnmoderatzs

267 3437 320 3485 et
354 3427 710 3484 humilitatis
734 3427 1036 3482 immensae
1059 3425 1389 3498 exemptum
1424 3430 1730 3489 statueret,
1761 3429 1818 3479 et
1851 3424 1922 3478 ad

272 3520 448 3575 cmlos
471 3534 660 3590 usque
689 3517 905 3573 elatum
941 3516 1153 3588 insigni
1188 3532 1380 3571 rerum
1413 3513 1821 3571 vicissitudine
1851 3513 1922 3568 ad

268 3609 488 3664 inferos
521 3607 893 3678 deprimeret.
921 3605 1062 3664 Nam
1091 3622 1223 3661 cum
1259 3605 1432 3659 vitam
1485 3604 1597 3660 sibi
1649 3603 1921 3659 acerbam

263 3713 396 3752 esse
425 3697 684 3764 duceret,
736 3693 850 3750 nisi
883 3691 1024 3750 laeva
1052 3691 1361 3764 templum,
1393 3693 1597 3748 dextra
1639 3691 1918 3762 palatium

257 3791 500 3855 teneret,
551 3789 608 3840 et
657 3789 938 3854 utrasque
997 3782 1315 3856 dignitates
1348 3789 1408 3837 ut
1439 3781 1585 3854 lapis
1621 3778 1920 3851 angularis

257 3875 398 3930 bina
433 3873 663 3928 aedificii
695 3870 875 3926 latera
909 3871 1416 3937 complecteretur,
1441 3887 1473 3925 a
1534 3868 1779 3942 pristino
1840 3869 1921 3922 in-

267 3962 474 4018 stituto
507 3977 620 4018 non
652 3959 980 4015 recedebat.
1015 3959 1080 4014 Et
1103 3975 1174 4014 ne
1205 3958 1344 4031 quid
1389 3957 1517 4013 sine
1562 3973 1671 4012 sua
1729 3966 1921 4011 aucto-

263 4052 432 4107 ritate
465 4050 621 4108 650
647 4053 966 4122 gereretur,
1010 4046 1222 4102 fratres
1254 4063 1394 4102 suos
1419 4051 1699 4117 tanquam
1723 4044 1916 4101 clavos

203 4151 206 4155 ‘
258 4145 317 4197 et
346 4143 535 4196 vectes
590 4139 910 4204 inserebat,
953 4153 1020 4193 ac
1081 4136 1275 4208 potius
1336 4133 1496 4190 velut
1554 4135 1794 4191 inaures
1845 4134 1916 4190 de

261 4235 510 4302 utraque
560 4227 935 4301 imperatoris
989 4225 1255 4283 auricula
1300 4226 1720 4296 suspendebat,
1754 4228 1816 4278 ut
1865 4224 1914 4280 si

260 4321 496 4392 quando
524 4317 940 4376 ecclesiasticis
986 4315 1373 4374 conventibus
1428 4315 1762 4383 interesset,
1791 4313 1914 4370 nul-

256 4410 382 4465 lum
407 4409 629 4466 dictum
666 4412 768 4464 aut
800 4408 1019 4464 factum
1043 4407 1474 4479 ignoraret,nec
1498 4404 1812 4476 quisquam
1839 4405 1916 4460 lo-

252 4517 386 4558 cum
420 4518 595 4557 suum
625 4499 1072 4572 seimprudcnte
1097 4497 1908 4568 occuparet.’l'hossalonicam

255 4607 389 4646 vero
418 4591 736 4662 protectus,
767 4592 824 4643 et
883 4587 977 4642 vix
1032 4587 1314 4658 tantisper
1367 4585 1450 4641 ibi
1514 4577 1986 4642 commoratusD

257 4683 392 4738 dum
429 4682 486 4736 in
521 4679 666 4738 solio
696 4679 1340 4748 coilocaretur,eumma
1371 4693 1504 4733 cum
1541 4678 1908 4734 festinatione

254 4772 596 4845 Byzmtium
633 4771 824 4826 rediit.
859 4771 938 4824 Ac
971 4785 1038 4823 ea
1062 4768 1191 4840 ipsa
1221 4769 1290 4820 de
1323 4783 1500 4822 causa
1542 4770 1908 4838 contemptor

253 4862 518 4917 omnium
543 4859 909 4932 evasit,quod
939 4876 1052 4913 uno
1080 4856 1264 4928 digito
1285 4857 1907 4928 rcgebatomnia,pras—

253 4951 456 5006 sertim
493 4968 626 5006 eum
661 4949 1011 5022 imperatore
1028 4963 1221 5002 rursus
1243 4950 1443 5001 contra
1461 4947 1747 5017 Chrysum
1773 4961 1912 5016 pro-

256 5040 545 5105 t'eeto,suo
577 5035 1124 5094 consilioindustriu
1155 5039 1213 5091 ct
1241 5051 1418 5106 opera
1435 5033 1709 5091 omnibus
1735 5035 1908 5090 rebus

249 5132 454 5184 contra
485 5126 832 5183 seditiosum
859 5143 1036 5199 quam
1071 5125 1289 5198 optimc
1322 5123 1906 5193 administratis,ma-

256 5233 431 5287 gnam
462 5215 681 5287 ingenii
703 5215 938 5271 laudem
963 5218 1112 5270 esset
1143 5213 1911 5286 consecutus.Undequcm-

258 5323 288 5361 ιι
311 5307 578 5361 ἰωοςῖιιιη
611 5304 992 5378 Hippocrates
1024 5303 1310 5376 optimam
1343 5301 1603 5374 corporis
1664 5305 1906 5366 habitu-

257 5395 475 5458 :linern,
513 5393 786 5464 quoldiu
831 5393 888 5447 in
923 5393 1124 5448 eodem
1185 5397 1338 5447 statu
1398 5408 1742 5464 permanere
1793 5417 1905 5457 non

253 5483 458 5550 possit,
529 5482 916 5552 periculosam
1005 5496 1134 5538 esse
1208 5480 1481 5544 afﬁrmat,
1570 5482 1652 5538 ita
1731 5487 1904 5546 etiam

253 5569 780 5642 Mcsopotwnitano
799 5567 1036 5639 accidit,
1066 5570 1168 5642 qui
1216 5568 1355 5624 dum
1387 5574 1622 5642 semper
1651 5589 1910 5636 crescere

253 5658 470 5730 studet,
493 5661 636 5714 dum
672 5657 901 5714 nullum
933 5657 1188 5728 gloriolae
1223 5657 1458 5713 modum
1487 5663 1911 5732 statuit,instar

2030 3337 2339 3412 παραίτιος,
2373 3335 2558 3392 εἶτῶν
2609 3331 2903 3410 βασιλείων
2953 3333 3160 3405 ἀπέστη
3211 3332 3510 3408 λαμπρῶς,
3559 3333 3694 3406 ’ὀρον

2031 3426 2129 3502 ὀψὲ
2185 3448 2318 3483 ποτε
2377 3430 2444 3502 τῇ
2501 3425 2677 3504 ἐφέσει
2735 3428 2845 3479 τῶν
2909 3426 3218 3503 χρημάτων
3269 3421 3694 3496 θέμενοςῆτῆς

2029 3515 2482 3593 φιλοπράγμονος
2533 3514 2760 3590 γνώμης
2813 3512 3078 3589 βραχύετι
3125 3510 3514 3574 καθυπενδούς.
3575 3513 3688 3568 Νῦν

2030 3605 2086 3662 δὲ
2127 3605 2257 3662 ἀλλ’
2307 3609 2342 3677 ἡ
2402 3611 2508 3666 τῶν
2569 3603 2802 3660 πολλῶν
2858 3605 2950 3660 καὶ
3015 3603 3285 3680 μεγίστων
3341 3607 3540 3676 τιμῶν,
3599 3601 3692 3656 καὶ

2025 3697 2232 3752 τούτων
2284 3695 2587 3770 ἀνομοίων,
2637 3690 2930 3764 λυσσώδης
2988 3693 3080 3749 καὶ
3131 3692 3426 3766 ἀπέραντος
3477 3691 3698 3767 λίχνευ-

2027 3808 2108 3850 σις
2165 3787 2257 3842 καὶ
2314 3791 2418 3841 τῶν
2472 3781 2923 3861 χθαμαλωτὲρων
2983 3783 3146 3838 αὐτὸν
3229 3780 3528 3857 ἐξέκρουσε,
3596 3783 3694 3836 καὶ

2024 3872 2332 3950 προύθηκεν
2384 3875 2460 3938 εἷς
2515 3869 2864 3948 παράδειγμα
2919 3873 3011 3928 τὸν
3072 3871 3230 3927 αὐτὸν
3291 3871 3464 3946 ὕψους
3524 3871 3686 3945 ὑπερ-

2024 3969 2191 4042 φυοῦς
2249 3963 2338 4018 καὶ
2393 3963 2786 4032 ταπεινότητος
2846 3961 3083 4035 ἀμέτρου
3234 3965 3350 4022 τοῖς
3406 3959 3686 4035 ἀνθρωπίο

2021 4076 2137 4118 νοις
2168 4054 2451 4130 πράγμασι
2484 4049 2822 4130 βραϐεύουσα
2871 4053 3123 4124 πρόνοια,
3174 4049 3266 4106 καὶ
3315 4045 3520 4113 ἀναϐὰς
3579 4045 3682 4111 ἕως

2019 4148 2128 4200 τῶν
2161 4145 2408 4217 οὐρανῶν
2440 4137 2812 4213 καταϐέϐηκεν
2854 4137 2957 4202 ἕως
3004 4145 3112 4196 τῶν
3161 4135 3410 4194 ἀϐύσσων
3462 4143 3531 4205 τῆ
3576 4159 3683 4194 πα-

2024 4233 2294 4308 λιμπνοίᾳ
2347 4237 2452 4288 τῶν
2511 4233 2773 4306 πράξεων.
2838 4231 2953 4287 Ούκ
3011 4229 3283 4304 ἀνασχετά
3337 4231 3440 4305 γαρ
3485 4226 3684 4303 κρίνων

2020 4324 2066 4380 εἰ
2101 4324 2177 4397 μή
2208 4327 2277 4397 τῇ
2314 4319 2444 4394 λαιᾷ
2477 4323 2571 4396 μὲν
2599 4327 2706 4380 τῶν
2750 4321 2909 4393 ἱερῶν
2957 4312 3150 4398 ἔχοιτο
3202 4317 3563 4394 πραγμάτων,
3612 4321 3682 4392 τῇ

2022 4411 2162 4432 ³5)-

2019 4411 2165 4484 δεξιᾷ
2206 4412 2263 4467 δὲ
2301 4415 2411 4466 τῶν
2469 4411 2604 4466 κατά
2667 4412 2735 4466 τά
2781 4409 3054 4484 ἀνάκτορα
3112 4407 3362 4476 λάζοιτο,
3425 4406 3681 4483 συμμάρ-

2015 4523 2164 4559 πτων
2219 4502 2314 4566 τάς
2372 4500 2546 4576 ἀρχὰς
2616 4497 2926 4579 ἀμφοτέρας
2988 4497 3082 4554 καὶ
3147 4495 3524 4576 περισιρῖγγων
3582 4495 3682 4550 ὅσα

2017 4591 2108 4646 καὶ
2140 4590 2294 4656 λίθος
2322 4595 2429 4646 τῶν
2491 4588 2797 4645 διεστώτων
2851 4585 3111 4658 συνδέτης
3161 4585 3501 4660 ἀκρὸγωνος,
3550 4584 3682 4658 ἀμε-

2018 4681 2257 4744 ταθέτως
2287 4680 2408 4756 εἶχε
2435 4680 2526 4736 καὶ
2556 4678 2722 4736 πάλιν
2755 4685 2855 4750 τῆς
2888 4679 3082 4754 πρώην
3115 4677 3444 4752 προθέσεως.
3498 4673 3680 4730 Ἀλλά

2021 4768 2153 4847 μηδ’
2187 4771 2321 4846 ἅπερ
2347 4777 2447 4840 τῆς
2479 4769 2647 4826 αὐτοῦ
2688 4769 2916 4845 γνώμης
2967 4765 3331 4841 ττερατοῦσθαί
3375 4787 3431 4820 τι
3479 4763 3685 4841 βουλό-

2023 4882 2206 4936 μενος,
2241 4860 2316 4926 ὡς
2345 4859 2551 4938 σφῆνάς
2581 4880 2732 4923 τινας
2763 4859 2853 4914 καὶ
2899 4858 3114 4934 βλῆτρα
3164 4855 3291 4916 τοὺς
3341 4857 3534 4910 ἒαυτοῦ
3584 4875 3684 4908 κει⁴

2019 4953 2314 5028 σιγνήτους
2343 4945 2560 5006 ἐνέδυσε
2605 4954 2674 5024 τῇ
2726 4951 2898 5025 ἀρχῇ,
2945 4945 2982 5018 ἤ
3033 4947 3108 5009 ὡς
3163 4944 3362 5001 ἒνώτιςι
3415 4950 3531 5006 ταῖς
3586 4947 3679 4996 τοῦ

2023 5037 2295 5117 βασιλέως
2346 5037 2622 5116 ἑκατέραις
2681 5037 3010 5114 ἀπῃώρησεν
3069 5035 3277 5102 ἀκοαῖς,
3335 5031 3411 5088 τίν’
3456 5029 3510 5086 εἷ’
3546 5047 3667 5083 ποτε

2016 5134 2086 5206 τῇ
2147 5129 2415 5202 ἐκκλησίᾳ
2471 5125 2844 5204 παραϐάλλων
2927 5127 2996 5203 τῇ
3078 5126 3284 5200 συνόδῳ
3343 5119 3660 5196 συγ-γίνοιτο,

2021 5217 2193 5294 μηδὲν
2223 5218 2308 5290 εἷή
2342 5216 2674 5294 διαπραχθεν
2707 5219 2742 5289 ἦ
2774 5216 2865 5273 καὶ
2925 5215 3118 5292 λεχθὲν
3175 5216 3471 5295 ἀφώρατον,
3525 5203 3670 5280 μηδὲ

2019 5309 2164 5386 λάθῃ
2204 5329 2288 5371 τις
2345 5309 2504 5366 αὐτὸν
2561 5309 2635 5372 εἷς
2693 5310 2786 5366 τὸν
2838 5307 3048 5365 ἐκείνου
3109 5313 3298 5384 χῶρον
3354 5298 3675 5375 παρεισιὼν.

2019 5401 2096 5458 Οὖ
2133 5401 2243 5473 μῆν
2273 5397 2421 5454 ἀλλὰ
2481 5397 2572 5454 καὶ
2625 5400 2760 5474 πρὸς
2809 5399 2908 5468 τὴν
2957 5395 3361 5464 Θεσσαλονίκην
3415 5389 3684 5471 ἀφικόμε-

2017 5508 2126 5552 νος.
2157 5487 2250 5542 καὶ
2295 5488 2487 5562 μικρόν
2525 5509 2579 5544 τι
2633 5487 2814 5563 φανεὶς
2869 5487 2960 5542 καὶ
3019 5487 3146 5542 ὅσον
3198 5481 3545 5559 ἐνιδρυθῆναι
3604 5480 3686 5548 τῷ

2019 5574 2303 5654 Optimae;
2351 5577 2413 5632 τὸ
2466 5578 2758 5648 Βυζάντιον
2816 5577 2970 5640 αὖθις
3025 5576 3235 5646 πτηνὸς
3290 5571 3554 5644 ἀνεξευξε,
3608 5565 3688 5640 μὴ

2019 5663 2358 5742 περιόλέψας
2412 5666 2492 5732 εἷς
2546 5669 2616 5726 τὰ
2675 5667 2852 5722 ὀπίσω
2905 5662 3050 5740 μηδὶ
3108 5665 3235 5727 στὰς
3294 5660 3348 5719 ἐν
3411 5659 3558 5729 πάση
3615 5659 3690 5731 τῇ
