4102 6390
325 360 439 421 871
1637 349 1942 411 NICETJE
1985 349 2412 412 CHONIATZE
3630 362 3754 422 872

327 491 511 552 οἴκους
568 485 877 564 δἀρϐεῖρον
932 483 1022 539 καὶ
1081 483 1215 558 πρὸς
1291 481 1464 560 χρόας
1538 479 1831 554 ἀνομοίους
1913 477 2446 555 μεταλλαττόμενον,
2525 483 2690 538 ὁποῖα
2761 485 2828 539 τὰ
2884 481 3096 540 Λιϐυκά
3152 509 3334 566 φασιν,
3395 485 3432 558 ἤ
3501 491 3531 544 6
3599 492 3752 567 παρᾶ

326 582 406 656 τῷ
450 576 576 640 Ἰὼϐ
618 578 893 638 ἅνάλωτος
923 575 1134 650 δράκων
1182 571 1536 642 συνείληπτο,
1593 571 1683 627 καὶ
1743 573 1772 627 ὁ
1842 570 2008 646 βορδς
2069 571 2478 646 μυρμηκολέων
2553 573 2829 642 ἀπώλετο,
2905 575 3014 632 εἶ’τε
3076 578 3182 651 μὴν
3255 581 3288 648 ἡ
3367 579 3750 646 πολυθῦσανος

330 672 476 747 αξγξς
523 669 614 724 κιὶ
673 663 1021 742 δειματώδης
1075 663 1302 726 ἐκείνοις
1358 663 1436 726 εἰς
1485 661 1621 737 χάος
1681 659 1952 732 ἐλήλαται
2009 661 2098 716 καὶ
2158 659 2493 720 διέσπασται.
2537 665 2634 718 Καὶ
2693 665 2836 718 οὕτω
2881 666 2975 738 μὲν
3029 667 3058 722 6
3099 669 3558 742 Μεσοποταμίτης
3598 679 3754 728 Κων-

331 765 609 822 σταντῖνος
647 757 738 813 καὶ
780 757 832 811 οἱ
870 755 1065 811 τούτου
1111 749 1207 807 δύο
1255 752 1578 826 κασίγνητοι
1622 755 1729 805 τῶν
1781 747 1981 806 κοινῶν
2048 749 2401 827 ἐκκρούονται
2451 750 2796 822 διοικήσεων,
2857 753 3230 834 ἆντεισάγεται
3297 755 3345 813 δ’
3402 755 3583 834 ἕτερος
3622 767 3755 840 περὶ

333 853 422 914 τὰς
495 849 684 910 κοινὰς
763 843 1061 914 διοικήσεις
1139 842 1242 898 οὐκ
1314 839 1514 896 ἐνδέων
1588 845 1686 896 τοῦ
1760 834 2048 914 ἀκριϐοῦς,
2127 843 2341 920 χαρίεις
2414 843 2476 898 τὸ
2567 845 2703 914 ἦθος
2774 843 2923 918 μάλα
2996 867 3055 901 τε
3129 846 3256 909 τοὺς
3333 847 3534 926 λόγους
3612 834 3754 908 ἀπὸ-

321 941 596 1018 τορνεύειν
631 936 790 998 εἰδὼς
823 935 912 990 καὶ
943 931 1313 1007 ἀπομηκύνειν
1349 930 1426 994 εἰς
1454 927 1747 1006 περιόδοὺς
1780 929 2104 1006 ῥητορικῶς·
2141 933 2166 984 ὁ
2201 931 2494 1004 Εἷρηνικὸς
2526 933 2592 1003 ἦν
2620 935 2774 997 οὗτος
2808 933 3113 1011 Θεόδωρος,
3145 937 3235 991 καὶ
3266 944 3526 1016 παρεῖχεν
3559 941 3754 998 ἑαυτὸν

321 1017 440 1097 τοῖς
497 1037 629 1088 πᾶσι
688 1020 1069 1094 κατάλληλον.
1139 1021 1490 1091 Ευνέζευκται
1545 1017 1604 1076 δέ
1661 1042 1746 1084 τις
1799 1019 1990 1094 ἐκείνῳ
2055 1021 2146 1076 καὶ
2218 1028 2326 1078 τῶν
2393 1025 2572 1080 πόνων
2628 1023 3064 1100 συνελαμϐάνετο
3131 1033 3574 1107 φι).οχρηματῶν
3625 1035 3752 1090 ἰκα-

319 1127 426 1185 νῶς
471 1121 562 1176 καὶ
616 1117 755 1196 βηχὶ
807 1119 1022 1189 συνεχεῖ
1065 1113 1327 1187 κάτοχος.
1373 1110 1712 1190 Ἀμφότεροι
1767 1111 1858 1166 οὗν
1904 1115 2024 1174 ταῖς
2100 1109 2416 1174 πολιτικαῖς
2469 1113 2788 1170 ἐπεστάτουν
2841 1119 3080 1193 πράξεσι.
3131 1119 3286 1190 Πλην
3336 1123 3398 1176 τὸ
3443 1127 3542 1178 τοῦ
3572 1125 3757 1181 Μεσο-

321 1209 631 1284 ποταμίτου
681 1206 884 1279 πτώμα
937 1201 1210 1277 μηδαμῶς
1255 1200 1308 1257 έν
1362 1199 1566 1278 γέλωτι
1619 1199 1860 1276 ἔχοντες,
1909 1198 2055 1256 ἀλλὰ
2105 1199 2194 1256 διὰ
2232 1205 2430 1266 παντὸς
2462 1206 2848 1281 προορώμενοι
2898 1207 3079 1262 καὶτὸ
3125 1213 3223 1264 τοῦ
3253 1211 3486 1284 κράτους
3514 1209 3752 1269 εὔκολον

327 1301 671 1376 ὑφορώμενοι
721 1294 818 1353 ob?
866 1291 1045 1369 ϐρθιοι
1093 1293 1186 1349 καὶ
1237 1290 1500 1364 ἀκλινεῖς,
1552 1291 1628 1353 ὡς
1677 1291 1729 1346 οἱ
1779 1288 2102 1365 ἀκράδαντοι
2150 1297 2259 1348 τῶν
2308 1295 2556 1350 ἱπποτῶν
2606 1297 2742 1352 κατὰ
2793 1319 2851 1353 τε
2895 1303 3112 1373 πρανῑὺν
3145 1301 3235 1354 καὶ
3267 1302 3351 1374 [Ρ.
3385 1305 3510 1376 319]
3543 1302 3748 1378 ὀρθίων

321 1390 596 1472 ἐφέροντο,
629 1386 777 1444 ἀλλᾶ
802 1387 865 1442 τὸ
899 1383 1216 1440 δυναπετῦον
1248 1380 1681 1454 ὑποποιούμενοι
1711 1379 1956 1458 ἀνεῖργόν
1986 1401 2043 1436 τε
2073 1383 2164 1436 καὶ
2196 1381 2530 1459 ἆνεσείραζον
2569 1383 2650 1439 ἀεὶ
2691 1386 2790 1456 τήν
2826 1385 3010 1464 ἰσχὺν,
3039 1387 3132 1442 καὶ
3162 1385 3349 1443 πολλᾶ
3376 1395 3482 1445 τῶν
3513 1388 3752 1448 δεόντων

318 1468 654 1557 παρέτρεχον
681 1479 784 1548 τὴν
815 1469 1082 1531 ἀπόϐασιν
1117 1468 1551 1546 εὐλαϐούμενοι..

387 1613 439 1664 5.
475 1608 578 1664 His
624 1615 678 1663 et
729 1602 1069 1674 hujusmodi
1115 1604 1287 1658 rebus
1347 1600 1584 1657 Alexius
1632 1603 1963 1656 Comnenus
1995 1609 2040 1674 Α

317 1697 638 1755 triennium
668 1696 728 1751 in
759 1693 1004 1766 imperio
1034 1692 1241 1764 exegit.
1271 1691 1518 1763 Reliqua
1541 1691 1611 1746 ab
1637 1689 1836 1746 eadem
1871 1705 1970 1744 ra-

315 1789 476 1843 tione
506 1785 654 1843 nihil
677 1788 1063 1840 recesserunt.
1103 1780 1478 1837 Consuetudo
1513 1778 1968 1846 mansiteadem,

315 1879 437 1936 vita
499 1875 692 1932 mollis
746 1878 804 1929 et
839 1876 1118 1946 perpetuo
1170 1886 1369 1926 socors
1427 1869 1755 1942 ingenium.
1811 1871 1968 1921 Tunc

318 1965 510 2023 foedus
560 1963 862 2020 lconiense
911 1960 1188 2017 violatum
1221 1965 1332 2016 est.
1380 1958 1524 2014 Nam
1567 1957 1968 2024 Caichosroes,

319 2057 447 2126 ejus
479 2055 643 2110 urbis
665 2052 961 2120 sultanus,
993 2051 1144 2106 duos
1173 2065 1358 2121 equos
1388 2047 1490 2120 qui
1530 2046 1872 2120 imperatori
1895 2046 1968 2102 ab

316 2143 707 2200 Alexandrino
737 2141 966 2198 sultano
1018 2140 1398 2196 mittebantur
1437 2137 1682 2209 eripuit;
1717 2151 1966 2208 quorum

315 2233 552 2290 alterius
583 2249 735 2303 genu
778 2231 836 2287 in
889 2246 1062 2286 cursu
1095 2229 1314 2297 luxato,
1365 2244 1466 2300 per
1505 2228 1728 2300 legatos
1752 2227 1824 2282 ab
1852 2227 1966 2280 im-

313 2329 579 2396 peratore
610 2322 766 2379 654
814 2320 1044 2376 veniam
1076 2319 1244 2390 petiit
1295 2317 1448 2388 quod
1492 2318 1619 2386 ejus
1663 2333 1843 2388 equos
1874 2316 1963 2372 in-

313 2413 654 2485 tercepisset
681 2415 740 2466 et
769 2409 923 2482 quod
957 2413 1191 2481 propter
1221 2407 1462 2474 alterius
1495 2405 1796 2462 laesionem
1821 2405 1960 2461 alte-

316 2518 444 2556 rum
477 2517 709 2572 quoque
763 2499 992 2554 mittere
1023 2515 1136 2553 non
1191 2495 1396 2552 fuisset
1425 2512 1626 2551 ausus.
1680 2499 1962 2552 Caeterum

314 2606 376 2645 se
435 2589 674 2645 omnino
741 2593 1087 2643 curaturum
1123 2601 1193 2641 ne
1223 2585 1408 2642 amico
1463 2593 1616 2640 esset
1659 2583 1961 2651 molestus,

316 2695 454 2735 neve
485 2679 583 2733 diu
625 2677 794 2749 equis
825 2680 1068 2733 careret.
1113 2679 1277 2731 Hanc
1310 2673 1636 2745 speciosam
1669 2674 1960 2730 defensio-

315 2783 446 2824 nem
480 2769 798 2838 imperator
827 2773 1033 2830 non,ut
1065 2763 1511 2836 magnanimum
1531 2762 1713 2818 virum
1743 2763 1956 2830 decuit,

313 2875 478 2930 raquo
511 2856 706 2912 animo
736 2854 979 2926 accepit,
1017 2869 1205 2924 neque
1237 2851 1566 2908 necessitati
1599 2850 1956 2907 voluntatem

312 2945 794 3014 accommodavit,
831 2958 1019 3015 neque
1050 2947 1375 3014 temporum
1437 2941 1718 2996 rationem
1755 2940 1958 2996 habuit

312 3053 564 3109 quorum
598 3034 1043 3091 difficultatibus
1077 3035 1336 3102 undique
1359 3032 1694 3103 urgebatur,
1713 3031 1813 3086 sed
1846 3039 1959 3086 sta-

313 3125 420 3180 tim
465 3125 876 3181 effervescente
923 3120 1038 3177 bile
1093 3119 1387 3176 fulminat.
1421 3119 1536 3175 Nec
1569 3125 1760 3174 tamen
1799 3120 1962 3190 quid-

312 3231 486 3286 quam
521 3213 658 3269 facit
712 3228 826 3284 quo
859 3211 1092 3267 Persam
1143 3209 1481 3274 ulciscatur,
1510 3278 1512 3280 _
1543 3209 1642 3264 sed
1676 3209 1789 3264 sibi
1844 3209 1957 3281 ipsi

311 3302 480 3373 plane
514 3300 728 3356 bellum
753 3301 926 3356 infert
947 3303 1005 3355 et
1025 3298 1286 3370 gladium
1309 3303 1514 3354 contra
1545 3314 1671 3353 sese
1701 3296 1955 3367 stringit.

307 3392 486 3448 Jubet
515 3390 575 3444 in
615 3405 904 3446 carcerem
941 3388 1070 3444 duci
1104 3397 1159 3444 et
1188 3387 1467 3443 omnibus
1517 3387 1686 3442 bonis
1720 3387 1956 3442 multari

308 3479 702 3552 negotiatores
747 3495 952 3534 omnes
1001 3482 1117 3534 tam
1165 3477 1462 3532 Romanos
1510 3493 1688 3549 quam
1718 3477 1954 3542 Turcos,

313 3569 414 3642 qui
437 3569 632 3625 Iconio
655 3567 998 3639 Byzantium
1015 3566 1308 3624 venissent
1335 3581 1560 3637 ;eorum
1587 3583 1720 3622 vero
1735 3582 1957 3622 merces

313 3664 370 3714 et
393 3659 670 3730 jumenta
706 3673 813 3714 nec
843 3657 961 3728 ipso
1015 3662 1080 3712 ut
1110 3656 1303 3713 decuit
1334 3655 1447 3710 sibi
1479 3654 1818 3722 vindicavit,
1851 3673 1956 3712 nec

309 3747 427 3803 illis
457 3747 732 3818 reliquit:
791 3747 948 3802 unde
977 3746 1091 3802 alia
1121 3743 1262 3802 alibi
1313 3743 1598 3817 dissipata
1636 3743 1952 3816 perierunt.

307 3838 430 3902 Quo
463 3838 752 3894 barbarus
803 3835 1003 3892 audito
1053 3835 1244 3890 denuo
1289 3833 1509 3904 legatos
1537 3833 1769 3889 mittere
1800 3835 1950 3891 655

305 3927 518 3992 noluit,
550 3926 650 3981 sed
685 3924 868 3981 armis
915 3924 1185 3980 alacriter
1221 3923 1473 3994 arrEptis
1515 3922 1836 3993 improvisa
1869 3925 1955 3978 in-

309 4016 582 4072 cursione
638 4014 868 4070 Cariam
894 4019 953 4070 et
1003 4012 1314 4070 Tantalum
1364 4011 1579 4084 oppida
1622 4011 1696 4067 ad
1745 4015 1953 4068 Maean-

303 4108 473 4162 drum
525 4105 641 4160 sita
685 4103 950 4161 vastavit.
997 4104 1137 4160 Inde
1176 4104 1241 4157 ad
1272 4101 1534 4174 Phrygiae
1585 4099 1952 4158 Antiochiam

299 4195 624 4262 contendit,
679 4209 926 4266 eamque
957 4192 1224 4249 fortassis
1277 4206 1439 4263 aeque
1485 4207 1552 4246 ac
1585 4189 1705 4246 heri
1728 4189 1952 4248 Cariam

301 4290 359 4340 et
385 4283 702 4341 Tantalum
733 4283 1005 4354 cepisset,
1058 4282 1170 4338 nisi
1205 4297 1376 4337 casus
1401 4281 1642 4353 quidam
1677 4281 1954 4338 fortuitus

2144 1599 2200 1654 ε’.
2241 1601 2332 1656 Ἐν
2363 1601 2580 1663 τούτοις
2641 1601 2738 1672 μὶν
2797 1603 2890 1657 οὗν
2948 1602 3038 1658 καὶ
3087 1603 3362 1667 τοιούτοις
3432 1606 3740 1681 παραπλη-

2079 1687 2218 1772 σίοις
2292 1687 2532 1751 ἐνιαυτὸς
2607 1689 2810 1762 ἐξίκετο
2884 1691 3066 1766 τρίτος
3151 1692 3380 1772 ἄρχοντι
3445 1695 3730 1768 Ῥωμαίων

2077 1763 2302 1851 Ἀλεξίῳ
2343 1783 2422 1851 τῷ
2473 1781 2756 1852 Κομνηνῷ.
2809 1763 2986 1838 Τὰ-δ’
3047 1763 3434 1860 ἒφεξῗξςόὖδὶν
3477 1763 3730 1839 ἀντιστα-

2073 1870 2267 1922 τοῦντα
2323 1873 2440 1930 τοῖς
2496 1868 2806 1944 προτέροις·
2869 1869 3050 1926 δίαιτα
3099 1873 3203 1948 γὰρ
3259 1873 3330 1943 ἦν
3371 1874 3404 1944 ἠ
3449 1873 3583 1944 αὐτὴ
3637 1875 3732 1930 καὶ

2075 1956 2239 2012 πάλιν
2272 1957 2363 2012 καὶ
2417 1958 2537 2034 βίος
2583 1959 2829 2038 χαλαρὸς
2887 1960 2975 2016 καί
3033 1958 3446 2037 ἐξημϐλυμένον
3478 1964 3738 2042 φρόνημα

2075 2045 2178 2104 ἀεί.
2211 2047 2345 2104 Τότε
2376 2045 2433 2103 δὲ
2470 2049 2560 2104 καὶ
2610 2051 2666 2104 αἱ
2707 2049 2974 2125 εἰρηνικαί
3023 2049 3253 2108 σπονδαὶ
3302 2056 3734 2130 παρεωράθησάν

2073 2157 2132 2192 τε
2161 2137 2252 2192 καὶ
2283 2139 2660 2214 συνεχύθησαν
2708 2138 2770 2202 ἃς
2817 2143 2938 2219 εἶχε
2989 2139 3244 2216 βασιλεὺς
3275 2140 3562 2206 ἐκτελέσας
3596 2147 3738 2215 μετὰ

2075 2225 2282 2302 Πέρσου
2337 2233 2435 2283 τοῦ
2485 2224 2765 2292 διέποντος
2822 2231 2885 2284 τὸ
2944 2229 3186 2289 Ἰκόνιον.
3247 2232 3305 2286 '0
3339 2232 3562 2308 μὲνγὰρ
3593 2237 3737 2292 Καϊ-

2071 2317 2316 2390 χοσρόης
2377 2317 2558 2389 (τοῦτο
2619 2317 2723 2394 γὰρ
2780 2317 2846 2386 ἦν
2907 2315 3084 2389 ὄνομα
3150 2323 3230 2392 τῷ
3298 2315 3580 2396 βαρϐάρῳ)
3633 2320 3735 2379 δύο

2070 2399 2314 2477 ’Ἄραϐας
2369 2402 2575 2469 ἵππους
2613 2405 2672 2460 ἐκ
2727 2411 2824 2462 τοῦ
2883 2407 3114 2463 σουλτᾶιν
3165 2415 3265 2478 τῆς
3297 2411 3410 2465 κατ’
3444 2409 3736 2484 Λῖγυπτον

2069 2491 2474 2568 Ἀλεξανδρείας
2547 2499 2626 2566 τῷ
2705 2493 2921 2565 βασιλεῖ
2981 2496 3382 2570 στελλομένους
3450 2497 3730 2558 ἀφείλετο.

2067 2583 2256 2638 Τοίνυν
2318 2583 2408 2638 καὶ
2477 2585 2686 2658 θατέρῳ
2750 2584 2958 2640 τούτων
3027 2587 3089 2642 τὸ
3144 2585 3272 2662 γόνυ
3329 2586 3728 2663 ἐξαρθρωθέντι

2069 2669 2118 2725 ἓν
2177 2675 2259 2742 τῷ
2321 2671 2462 2747 πρὸς
2529 2670 2733 2746 δρόμον
2797 2673 3033 2729 ἀνίεσθαι
3085 2671 3306 2749 πέμψας
3360 2675 3438 2738 εἷς
3493 2675 3725 2752 βασιλέα

2067 2761 2403 2835 συγγνώμην
2435 2759 2645 2835 ᾐτεῖτο,
2682 2761 2766 2816 ὅτι
2813 2783 2872 2818 τε
2919 2762 3069 2826 ὃλως
3114 2763 3193 2826 εἷς
3223 2762 3386 2820 αὺτὸν
3417 2761 3724 2822 διαϐαίνον-

2063 2870 2158 2911 τας
2199 2846 2406 2912 ἵππους
2465 2845 2622 2926 ἔσχεν
2685 2847 3069 2924 ἷδιωσάμενος,
3123 2851 3215 2907 καὶ
3265 2853 3352 2908 ὅτι
3397 2874 3499 2929 περ
3549 2857 3582 2925 ἡ
3626 2861 3724 2910 τοῦ

1992 2982 2036 3046 Β
2067 2939 2186 3000 ἑνὸς
2215 2937 2516 3013 ἆγρείωσις
2567 2939 2656 2994 καὶ
2701 2941 2799 3010 τήν
2847 2940 3033 3016 ἑτέρου
3077 2939 3394 3013 ἀποστολὴν
3426 2943 3713 3011 πεποίηκεν

2075 3030 2089 3044 .
2277 3028 2314 3046 η
2400 3032 2424 3046 ,ι
2627 3030 2637 3046 .
2848 3030 2888 3046 ι..
3180 3039 3202 3046 -
3353 3038 3378 3046 -
3474 3037 3500 3046 ..
3613 3033 3648 3046 η

2070 3028 2506 3085 ὖποστείλασθαν
2567 3030 2785 3094 πάντως
2845 3030 2901 3086 δὲ
2957 3039 3228 3107 φροντιεῖν
3283 3038 3381 3088 τοῦ
3435 3037 3513 3105 τῷ
3567 3033 3714 3112 φίλῳ

2065 3119 2410 3194 ἀνεπαχθῶς
2451 3119 2542 3174 καὶ
2597 3123 2694 3174 τοῦ
2756 3121 2832 3192 μὴ
2890 3125 2999 3176 τῶν
3053 3119 3241 3176 ’ίππων
3273 3121 3330 3184 ἐς
3365 3122 3569 3196 μακρὸν
3601 3122 3724 3178 στέ-

2068 3210 2266 3283 ρεσθαι.
2345 3209 2448 3265 Καὶ
2505 3209 2533 3264 6
2586 3209 2682 3283 μὲν
2759 3207 2840 3289 ἐφ’
2917 3211 3002 3274 οἷς
3075 3205 3297 3286 ἔδρασεν
3372 3211 3732 3287 εὐπρόσωπον

2065 3299 2241 3362 οὕτῶς
2269 3297 2502 3374 ἠγόρευε
2541 3299 2634 3354 τὸν
2685 3297 2989 3375 ἀπολογον·
3043 3301 3071 3356 6
3125 3297 3183 3356 δὲ
3219 3303 3358 3373 μήτε
3385 3301 3447 3355 τὸ
3482 3299 3736 3374 μεγαλό-

2063 3390 2240 3464 ψυχον
2275 3387 2559 3463 ἐπαινέσας
2619 3389 2759 3462 μήτε
2821 3389 2928 3462 μὴν
2988 3391 3088 3458 τὴν
3151 3389 3388 3465 ανάγκην
3416 3388 3617 3464 τρέψας
3651 3390 3732 3452 εἰς

2063 3476 2125 3532 τὸ
2156 3475 2475 3554 φιλότιμον,
2525 3477 2560 3547 ἢ
2605 3481 2732 3553 γοῦν
2789 3476 2840 3532 έν
2900 3483 2976 3551 νῷ
3035 3477 3379 3555 βαλλόμενος
3409 3481 3504 3535 τὸν
3535 3481 3729 3556 καιρὸν

2067 3565 2234 3640 βαρὺν
2289 3565 2543 3637 ένστᾶτην
2619 3567 2702 3622 ἀεὶ
2774 3567 2922 3640 αὐτῷ
2998 3567 3353 3644 ἐφιστάμενον
3432 3569 3522 3625 καὶ
3585 3571 3729 3642 πρὸς

2061 3655 2274 3730 πνίγμα
2348 3655 2435 3710 ἐπὶ
2511 3660 2640 3711 πᾶσι
2709 3657 3076 3733 κατασχόντα,
3137 3659 3215 3721 ὼς
3273 3663 3466 3734 πρῖνος
3532 3657 3730 3714 αὐτίκα

2061 3744 2351 3818 καιόμενος
2406 3749 2486 3818 τῷ
2541 3749 2698 3818 θυμῷ
2757 3742 3078 3822 ὑπεϐρόντα.
3153 3745 3306 3818 Πλὴν
3383 3745 3565 3822 ἕτερον
3629 3749 3732 3821 μὲν

2062 3831 2220 3889 οὐδέν
2270 3855 2378 3889 τινι
2436 3840 2676 3910 γενναῖον
2734 3835 2870 3910 πρὸς
2938 3835 3298 3908 ἀντιλόπησιν
3358 3841 3457 3892 τοῦ
3515 3835 3729 3912 Πέρσου

2063 3925 2366 4000 συνεώρακε
2424 3922 2841 4000 διαπράξασθαι,
2899 3927 3016 3982 καο’
3072 3928 3266 3982 ἑαυτοῦ
3332 3924 3390 3982 δὲ
3439 3927 3730 4002 στρατεύει

2059 4033 2149 4068 ται
2178 4011 2424 4093 ἀτεχνῶς
2475 4014 2566 4068 καὶ
2613 4013 2676 4070 τὸ
2725 4014 2878 4092 ξίφος
2909 4021 2988 4088 τῷ
3017 4017 3158 4078 τέως
3187 4015 3566 4092 κρυπτόμενον
3591 4016 3730 4072 ἀνα-

2063 4099 2320 4160 δείκνυσι.
2419 4102 2619 4160 Τοίνυν
2685 4103 2956 4160 ἐπιτάττει
3023 4103 3294 4182 φυλακαῖς
3372 4104 3730 4182 ἐνειρχθῆναι

2059 4191 2149 4246 καὶ
2206 4193 2273 4248 τὰ
2311 4191 2440 4248 ὅντα
2495 4193 2670 4249 πάντα
2729 4193 3088 4273 ἀφαιρεθῆναι
3147 4195 3342 4250 ὁπόσοι
3367 4195 3640 4269 Ῥωμαῖοί
3667 4217 3730 4252 τε

3038 4283 3067 4296 ν

2061 4281 2150 4336 καὶ
2204 4283 2442 4357 Τοΰρκοι
2497 4283 2910 4360 πραγματευταὶ
2968 4283 3067 4338 τοῦ
3131 4284 3362 4342 Ἰκονίου
3420 4285 3728 4360 ἀπάραντες

297 4373 585 4444 impetum
619 4372 748 4443 ejus
803 4347 1004 4426 divina
1025 4370 1220 4442 potius
1259 4347 1434 4440 quam
1479 4368 1744 4428 humana
1765 4371 1950 4442 provi-

2065 4371 2116 4426 τὸ
2169 4370 2460 4442 Βυζάντιον
2511 4371 2850 4446 ἐπεισῄεσαν.
2911 4372 3010 4427 Καὶ
3071 4374 3138 4428 τὰ
3199 4373 3292 4447 μὲν
3348 4371 3570 4430 ἐκείνων
3620 4372 3730 4448 ἐμ-

298 4461 498 4517 dentia
541 4460 824 4532 fregisset.
871 4459 1019 4516 Nam
1054 4476 1170 4531 qua
1201 4464 1368 4514 nocte
1410 4459 1483 4514 ad
1512 4458 1714 4514 urbem
1747 4459 1944 4530 oppri-

299 4553 572 4606 mendam
635 4549 1004 4620 properabat,
1063 4549 1299 4620 quidam
1356 4546 1526 4603 homo
1579 4551 1783 4618 potens
1819 4546 1946 4604 filias

295 4641 533 4711 rmptias
593 4637 942 4694 celebrabat.
977 4637 1113 4692 Erat
1153 4636 1351 4709 igitur,
1399 4640 1465 4690 ut
1521 4635 1580 4691 in
1639 4637 1946 4708 hujumodi

293 4727 706 4785 festivitatibus
739 4727 908 4797 solet,
949 4727 1238 4782 tumultus
1295 4724 1600 4780 hominum
1639 4725 1944 4782 convivan-

290 4818 451 4874 tium.
489 4816 786 4890 Cymbala,
841 4822 1144 4888 tympana,
1193 4813 1500 4871 saltatores
1539 4819 1596 4869 et
1631 4813 1944 4870 mulierum

291 4912 477 4963 cretus
521 4907 889 4976 hymenaeum
938 4903 1304 4962 cantantium
1360 4920 1460 4976 per
1490 4909 1672 4960 totam
1714 4908 1944 4960 noctem

296 4995 759 5066 perstrepebant.
812 4993 886 5052 Ut
917 4999 1114 5050 autem
1169 4993 1241 5049 ad
1275 4993 1480 5048 urbem
1539 4993 1788 5049 accessit
1817 4993 1946 5050 Cai-

293 5083 594 5149 cbosroes,
626 5083 827 5139 audita
847 5099 1201 5155 organorum
1219 5082 1524 5138 harmonia
1555 5086 1612 5138 et
1639 5081 1942 5139 hominum

291 5175 602 5238 concentu,
658 5187 774 5228 non
806 5186 928 5228 rem
977 5171 1166 5244 ipsam
1228 5169 1568 5241 conjectura
1615 5176 1944 5242 assecutus,

292 5261 392 5316 sed
428 5259 680 5314 militum
723 5263 977 5315 tesseras
1032 5275 1183 5327 esse,
1248 5260 1350 5331 qui
1409 5274 1583 5314 suum
1633 5260 1944 5318 adventum

292 5351 782 5420 praecognossent,
843 5357 1054 5418 putans
1101 5348 1172 5402 ad
1205 5351 1462 5420 Lampen
1494 5347 1788 5415 discessit,
1830 5349 1944 5406 ibi-

293 5453 405 5509 que
462 5436 722 5506 captivos
777 5435 1194 5492 describendas
1251 5437 1509 5505 curavit;
1571 5440 1628 5492 et
1657 5439 1946 5512 cujusque

289 5526 534 5598 patriam
577 5530 635 5580 et
661 5541 900 5594 nomen,
931 5529 989 5581 et
1019 5541 1053 5580 a
1087 5541 1201 5594 quo
1231 5529 1438 5596 captus
1490 5530 1662 5597 esset,
1696 5527 1833 5585 item
1869 5546 1942 5585 an

289 5615 515 5690 aliquid
551 5629 792 5672 suarum
825 5629 1023 5671 rerum
1059 5613 1213 5670 650
1251 5613 1564 5684 amisisset,
1607 5621 1664 5672 et
1688 5633 1762 5674 an
1793 5618 1946 5674 ﬁlius

1977 5579 2024 5644 D

2055 4460 2376 4534 πορεύματά
2429 4480 2489 4516 τε
2553 4461 2639 4516 καὶ
2713 4461 2983 4537 ὑποζύγια
3046 4461 3157 4516 οὔτ’
3214 4461 3376 4526 αὐτὸς
3432 4463 3580 4543 εἶχεν
3649 4465 3729 4518 ὡς

2057 4546 2179 4604 δέον
2214 4549 2658 4624 οἰκειωσάμενος,
2719 4548 2832 4606 οὔτ’
2887 4548 3235 4625 ἐναπὲλειψεν
3291 4550 3541 4615 ἐκείνοις
3576 4551 3728 4609 ἄλλᾶ

2054 4641 2158 4714 γὰρ
2188 4635 2385 4702 ἄλλοις
2413 4639 2506 4694 καὶ
2559 4640 2718 4704 πάνθ’
2783 4641 2926 4712 ὁμοῦ
2986 4637 3333 4695 διεσκέδαστο
3394 4643 3486 4697 καὶ
3539 4642 3726 4719 ἠφαν-

2053 4747 2218 4783 τωτο·
2281 4729 2308 4782 6
2363 4724 2421 4783 δὲ
2468 4722 2740 4804 βάρϐαρος
2792 4729 2854 4783 τὸ
2909 4723 3122 4803 συμϐὰν
3152 4727 3571 4803 ένωτισοὶμενος,
3609 4753 3722 4803 μηη

2057 4812 2142 4872 δέν
2189 4837 2243 4872 τι
2291 4819 2390 4886 τῆς
2433 4817 2745 4891 προθυμίας
2803 4819 3063 4894 καθυφεὶς
3120 4819 3263 4891 μήτε
3318 4821 3427 4892 μὴν
3478 4819 3554 4884 εἷς
3588 4819 3717 4875 δευ-

2054 4903 2210 4982 τέραν
2289 4903 2492 4981 βλέψας
2567 4901 2877 4982 πρεσϐείαν,
2963 4907 3100 4962 κατὰ
3202 4907 3491 4982 Ῥωμαίων
3569 4908 3711 4964 ὅπλα

2060 4995 2336 5070 βαστάζει,
2403 4995 2494 5051 καὶ
2549 4997 2870 5071 προσπεσὼν
2928 4993 3343 5072 ἀπροσδόκητος
3385 5003 3502 5059 ταῖς
3571 4994 3701 5050 κατᾶ

2054 5081 2364 5160 Μαίανδρον
2425 5083 2786 5159 κωμοπόλεσι
2861 5083 3062 5160 Καρίαν
3135 5107 3193 5141 τε
3267 5087 3354 5142 καί
3428 5079 3694 5141 Τάνταλον

2053 5173 2173 5229 καθ’
2202 5171 2425 5242 ἡλικίαν
2481 5169 2948 5248 ἠνδραποδίσατο,
3001 5174 3092 5230 καὶ
3151 5175 3340 5237 πόλεις
3391 5169 3563 5232 ἄλλας
3613 5169 3700 5224 δτι

2054 5258 2270 5324 πολλὰς
2327 5259 2665 5336 ληϊσάμενος
2719 5263 2857 5337 πρὸς
2908 5262 3076 5332 αὐτὴν
3135 5263 3387 5340 ἠπείγετο
3439 5259 3536 5328 τὴν
3568 5259 3716 5314 κατὰ

2059 5349 2301 5426 Φρυγίαν
2334 5351 2698 5426 Ἀντιόχειαν.
2743 5351 2850 5408 Καὶ
2903 5353 3033 5427 τάχ’
3079 5351 3140 5408 ἂν
3187 5352 3362 5424 ἐξεῖλε
3388 5350 3481 5406 καὶ
3509 5350 3715 5420 ταύτην

2057 5437 2238 5513 ὥσπερ
2307 5439 2472 5516 χοιζᾶ
2537 5440 2738 5516 Καρίαν
2805 5441 2895 5497 καὶ
2975 5440 3284 5512 Τάνταλον,
3328 5441 3374 5496 εἰ
3437 5441 3515 5516 μὴ
3573 5441 3724 5515 παρὰ⁵

2056 5526 2212 5599 δόξαν
2245 5526 2441 5600 ἐπέστη
2472 5533 2554 5603 τῷ
2589 5525 2850 5606 βαρϐάρῳ
2899 5531 3034 5606 πρὸς
3081 5531 3144 5586 τὸ
3191 5531 3284 5602 ὀξὺ
3333 5537 3436 5600 τῆς
3485 5527 3722 5585 σκυλεύ-

2056 5637 2192 5681 σεως
2245 5617 2344 5674 οὐκ
2399 5617 2450 5674 έν
2509 5621 2770 5695 προνοίας
2826 5619 2978 5683 τινὸς
3035 5619 3383 5696 ἀνθρωπίνης
3417 5618 3562 5676 ἀλλά
3605 5641 3729 5686 πως
