4102 6390
282 370 399 436 8'13

1194 371 1294 431 DE
1336 370 1626 432 ALEXIO
1673 365 1961 431 ISAACII
2006 367 2295 431 ANGELI
2340 371 2466 432 FR.
2509 370 2657 433 LIB.
2702 370 2781 434 Ιῐ.

3582 372 3705 435 874

284 502 608 579 αὐτομάτως
666 502 703 575 ἤ
759 503 850 560 καὶ
908 505 1090 570 θεόθεν
1149 504 1505 578 παρεισπεσόν
1561 525 1612 559 τι
1664 502 1938 579 συγκύρη-

2053 511 2147 559 aut
2181 504 2303 560 filia
2333 513 2427 561 aut
2459 523 2603 562 uxor
2631 504 2884 576 alicujus
2913 522 2947 561 a
2975 507 3154 562 Persa
3183 504 3381 578 aliquo
3414 506 3704 563 occultata

288 613 380 666 μα.
413 595 476 652 Ὀ
511 594 604 668 μὲν
646 593 746 670 γὰρ
805 593 1016 669 νύκτωρ
1073 592 1357 664 ἐξαναστὰς
1414 594 1553 649 κατὰ
1606 591 1802 667 κράτος
1860 592 1938 653 εἷς

284 682 625 758 ’Δντιόχειαν
701 680 958 753 ἤλαυνεν,
1044 681 1436 755 ἐπιθησόμενος
1536 677 1754 754 ὄρθριος
1846 680 1937 735 καὶ

282 774 572 847 πορθήσων
601 774 663 828 τὸ
694 771 962 844 πόλισμα·
1014 766 1174 846 ἔτυχε
1223 767 1271 825 δ’
1318 768 1528 845 ἡμέρας
1569 768 1782 838 ἐκείνης
1831 773 1938 824 τῶν

283 861 431 935 παρὰ
473 865 543 933 τῇ
601 860 761 916 πόλει
821 858 1131 934 δυναμένων
1185 859 1309 914 τινὰ
1364 857 1508 913 θύειν
1564 858 1775 930 γάμους
1834 858 1936 911 θυ-

284 950 462 1027 γατρί.
493 953 591 1008 Ἠν
625 952 741 1023 οὖν,
786 951 862 1012 ὡς
903 952 955 1005 ἐν
1004 956 1124 1012 ταῖς
1179 950 1456 1010 τοιαύταις
1510 946 1739 1002 εἴθισται
1783 944 1941 1000 τελε-

284 1045 426 1108 ταῖς,
482 1038 690 1113 ὃμαδος
746 1040 1047 1115 ἀνθρώπων
1102 1037 1496 1109 θαλιαζόντων,
1560 1030 1822 1108 κύμϐαλά
1881 1055 1940 1089 τε

286 1127 356 1184 δι’
386 1130 525 1200 ὅλης
550 1136 648 1193 τῖς
676 1131 866 1191 νυκτὸς
899 1129 1107 1199 ἐκείνης
1148 1127 1495 1197 ἀλαλάζοντα
1545 1126 1636 1181 καὶ
1684 1124 1939 1197 τύμπανα

282 1221 755 1295 περικτυπούμενα
792 1220 883 1275 καὶ
940 1220 1214 1295 ὀρχησταὶ
1262 1217 1341 1273 τὼ
1389 1214 1526 1273 πόδε
1573 1214 1938 1290 παρενσαλεύο

282 1330 433 1373 οντες
488 1312 579 1365 καὶ
631 1312 797 1385 χοροὶ
830 1309 1096 1386 γυναίων
1140 1314 1257 1371 τοῖς
1320 1308 1596 1381 ὑμεναίοις
1649 1306 1940 1386 πρόσφορα

284 1397 525 1469 ᾅδοντες.
560 1403 648 1460 Ὡς
681 1397 773 1453 οὖν
804 1397 1007 1475 ἤγγισε
1037 1402 1106 1472 τῇ
1151 1399 1315 1454 πὸλει
1372 1400 1455 1471 [Ρ.
1505 1398 1632 1469 320]
1693 1401 1938 1471 Καῖχοσ-

286 1484 441 1563 ρόης,
499 1492 604 1542 τῶν
675 1488 922 1564 ὀργάνων
980 1486 1245 1561 ἁρμονίαν
1312 1484 1389 1547 εἲς
1467 1485 1581 1540 ὦτα
1647 1481 1937 1557 δτξάμενος

282 1580 369 1632 καὶ
448 1584 548 1647 τῆς
624 1579 945 1653 συμφωνίας
1032 1581 1140 1632 τῶν
1247 1575 1487 1647 ᾀδόντων
1593 1572 1937 1649 ἀκροασάμε-

282 1688 370 1729 νος
419 1666 549 1742 οὐχὶ
615 1671 712 1723 τοῦ
779 1663 934 1728 ὄντος
999 1665 1459 1740 κατεστοχάσατο,
1527 1661 1657 1720 ἀλλ’
1724 1661 1936 1733 ἀνδρῶν

280 1756 702 1830 ἡτοιμασμένων
735 1758 873 1832 πρὸς
918 1755 1162 1829 πόλεμον
1209 1758 1526 1828 συνθήματα
1582 1755 1715 1809 εἶναι
1764 1758 1938 1810 ταῦτα

2051 598 2226 662 esset,
2261 595 2691 667 pervestigavit.
2728 596 2845 651 Hac
2875 594 3258 666 inquisitione
3286 595 3463 663 facta,
3488 595 3701 652 Roma-

2050 682 2138 738 nis
2168 685 2363 741 omnia
2396 685 2690 753 restituit;
2725 690 2782 740 et
2813 684 3088 740 omnibus
3117 682 3365 756 captivis
3395 683 3454 739 in
3506 684 3699 743 tribus

2048 775 2104 825 et
2132 772 2385 827 familias
2416 774 2768 841 distributis,
2802 773 2900 844 qui
2934 773 3194 845 quinque
3224 770 3474 828 millium
3500 789 3706 830 nume-

2049 876 2180 916 rum
2212 860 2524 931 explebant
2556 865 2825 933 perrexit.
2854 864 2919 919 In
2949 878 3017 917 ea
3044 861 3396 919 abductione
3452 862 3707 920 Barbare

2050 948 2197 1005 illud
2228 966 2463 1021 quoque
2493 967 2640 1008 cures
2675 952 2805 1015 fuit.
2836 969 2908 1006 ne
2940 951 3185 1023 captivis
3217 950 3409 1007 victus
3431 952 3704 1015 deesset;

2050 1033 2108 1083 et
2137 1030 2446 1084 distributo
2472 1031 2622 1086 inter
2650 1047 2749 1087 eos
2778 1029 3098 1099 frumento,
3136 1048 3205 1087 ne
3241 1032 3425 1104 frigus
3466 1032 3705 1103 quidem

2051 1116 2323 1189 neglexit,
2357 1121 2452 1174 sed
2487 1124 2752 1192 correpta
2781 1120 2969 1176 securi
3002 1121 3127 1191 ipse
3168 1120 3488 1194 collapsam
3535 1122 3706 1178 arbo-

2049 1226 2172 1264 rem
2205 1209 2507 1266 dissecuit.
2540 1215 2608 1267 Et
2636 1212 2692 1266 id
2743 1211 3147 1284 spectaculum
3198 1213 3406 1270 Persas
3455 1230 3709 1271 concur-

2049 1304 2247 1358 rentes
2279 1300 2503 1356 monuit
2547 1306 2612 1356 ut
2660 1301 2818 1357 idem
2874 1307 2932 1358 et
2983 1302 3098 1374 ipsi
3148 1304 3423 1374 facerent,
3475 1305 3707 1376 adjecta

2051 1389 2266 1447 laboris
2288 1391 2417 1462 ejus
2440 1407 2639 1459 causa,
2663 1395 2719 1445 et
2739 1407 2912 1461 quem
2932 1391 3067 1448 inde
3091 1392 3346 1449 fructum
3371 1392 3705 1466 percepturi

2050 1484 2268 1545 essent,
2303 1496 2368 1535 ac
2419 1479 2608 1537 Persis
2657 1484 2941 1552 perpetuo
2987 1480 3161 1536 licere
3209 1479 3491 1553 lignatum
3540 1486 3707 1538 extra

2049 1572 2240 1624 castra
2271 1570 2371 1633 ire,
2407 1568 2561 1640 quod
2592 1585 2627 1624 a
2656 1568 2891 1624 nemine
2920 1567 3386 1641 impedirentur;
3420 1569 3703 1628 Romanis

2046 1673 2181 1714 vero
2212 1674 2326 1714 non
2358 1658 2521 1724 item,
2554 1656 2897 1714 caventibus
2930 1673 3003 1714 ne
3033 1657 3233 1730 fugere
3262 1658 3370 1714 visi
3404 1661 3705 1731 compedi-

2050 1749 2158 1804 bus
2191 1747 2567 1804 vincirentur.
2620 1751 2939 1819 Postquam
2983 1764 3116 1804 vero
3164 1747 3567 1805 Pbilomilium
3615 1753 3708 1806 est

266 1843 778 1923 ὑπολογισάμενος,
836 1845 934 1914 τὴν
983 1844 1189 1900 ἐκείνου
1238 1844 1675 1919 προεγνωκότων
1716 1837 1937 1919 ἔφοδον,

2052 1842 2415 1910 perventum,
2443 1842 2501 1895 et
2530 1837 2827 1895 domicilia
2856 1844 2913 1895 et
2944 1854 3115 1910 agros
3147 1838 3369 1895 fertiles
3412 1839 3497 1896 eis
3550 1840 3705 1897 assi-

280 1934 464 2013 ᾢχετο
496 1935 695 1998 ἐκεῖθεν
726 1934 818 1990 καὶ
856 1935 996 2010 πρὸς
1041 1936 1141 2003 τήν
1197 1934 1433 2008 Λάμπην
1483 1932 1725 2013 ἄφίκετο.
1775 1934 1942 1989 ’Ἐνθα

2052 1927 2270 1998 gnavit,
2298 1935 2353 1983 et
2382 1944 2586 1983 rursus
2619 1929 2975 1983 frumentum
3009 1931 3332 2000 caeteraque
3357 1927 3516 1984 mitia
3538 1927 3707 2001 legu-

285 2019 353 2093 δὴ
385 2024 724 2100 ἀπογραφεῖς
776 2023 1070 2095 ἐπιστήσας
1119 2029 1228 2080 τῶν
1278 2022 1658 2098 αἰχμαλώτων
1710 2020 1837 2097 περί
1883 2040 1943 2077 τι

2052 2016 2215 2073 mina
2244 2016 2543 2072 distribuit
2569 2034 2583 2084 ;
2617 2020 2674 2071 et
2694 2033 2798 2089 spe
2818 2018 2974 2072 bona
2994 2015 3256 2088 impletis
3280 2017 3534 2089 denique
3559 2017 3708 2075 dixit

284 2119 386 2182 τῆς
417 2111 682 2188 παυρίδος
726 2113 948 2169 ’ἑκαστον
1006 2114 1098 2169 καὶ
1152 2120 1255 2183 τῆς
1302 2113 1553 2184 κλήσεως
1599 2112 1941 2181 ἐπτνθάνετο,

362 2202 376 2221 1
439 2203 464 2223 τ’
620 2203 632 2223 Ω
738 2200 799 2223 ἾἿ
854 2200 915 2223 Ρ*
1036 2203 1051 2221 9
1186 2203 1199 2223 1
1430 2202 1444 2220 \
1512 2200 1537 2221 Ἀ
1710 2208 1769 2223 κη
1855 2200 1902 2223 κγ’

362 2202 376 2221 1
456 2204 464 2217 υ
901 2203 915 2219 ἢ
1036 2203 1051 2221 9
1186 2203 1199 2223 1
1430 2202 1444 2220 \
1512 2200 1537 2221 Ἀ
1741 2208 1769 2219 ~
1887 2200 1902 2220 9

284 2221 377 2256 και
434 2203 582 2264 ὅστις
613 2203 639 2257 ὁ
672 2197 962 2258 συλλαϐων
1025 2223 1300 2278 ανηρωτα,
1355 2223 1447 2258 και
1487 2223 1536 2257 ει
1599 2222 1654 2257 τι
1704 2222 1805 2271 της
1847 2222 1939 2256 ου⁸

2049 2105 2425 2162 reconciliata
2483 2105 2633 2161 inter
2690 2121 2753 2161 se
2803 2110 2859 2161 et
2909 2105 3321 2176 imperatorem
3392 2107 3584 2179 gratia
3648 2111 3707 2164 et

2048 2198 2264 2253 fmdere
2295 2201 2567 2253 renovato
2596 2213 2658 2253 se
2698 2212 2796 2252 eos
2835 2196 3095 2269 gratuito
3143 2196 3527 2254 remissurum
3575 2212 3706 2254 esse

284 2290 400 2353 σίας
457 2290 827 2363 ἀπολωλέκει,
876 2292 966 2347 καὶ
1024 2292 1069 2347 εἰ
1120 2297 1246 2352 παῖς
1276 2290 1312 2361 ἢ
1343 2291 1631 2368 θυγάτριον
1659 2286 1696 2360 ἤ
1730 2287 1942 2366 ἄλοχος

2048 2286 2197 2345 057
2234 2287 2498 2342 domum.
2530 2285 2632 2342 Sin
2663 2285 2823 2342 aliud
2857 2285 3164 2342 consilium
3199 2293 3432 2358 caperet
3454 2286 3705 2358 impera-

287 2379 392 2434 ὑπό
439 2401 536 2434 του
592 2382 699 2435 τῶν
759 2382 976 2456 Περσῶν
1017 2378 1451 2456 ἀποκέκρυπται.
1514 2379 1619 2438 Καὶ
1674 2379 1935 2451 τοιαύτην

283 2463 495 2538 ἔκταξιν
566 2470 962 2542 ποιησάμενος,
1038 2470 1209 2525 πάντα
1309 2467 1546 2531 ἀποδοὺς
1641 2471 1938 2542 Ῥωμαίοις

279 2557 374 2609 καὶ
403 2558 541 2611 κατᾶ
593 2556 740 2631 φῦλα
794 2557 885 2612 καὶ
942 2557 1258 2633 συγγενείας
1314 2558 1516 2619 πάντας
1575 2556 1934 2632 άπομερίσας,

275 2654 380 2716 τῆς
428 2645 518 2703 ἒπὶ
574 2650 641 2703 τὰ
707 2651 897 2724 πρόσω
954 2647 1157 2727 εἶ’χετο.
1231 2647 1750 2726 Συγκεκεφαλαίωτο
1810 2647 1866 2704 δὲ
1896 2651 1931 2719 ἡ

273 2742 389 2792 τῶν
447 2734 987 2813 ἆνδραποδισθένυων
1045 2737 1264 2808 πληθὺς
1317 2738 1393 2801 εἷς
1447 2736 1606 2793 πέντε
1674 2735 1936 2813 χιλιάδας

269 2825 597 2900 ἀνθρώπων.
648 2828 733 2882 Ἐν
784 2826 843 2883 δὲ
884 2832 953 2903 τῇ
1003 2829 1277 2904 ἀπαγωγῇ
1331 2827 1501 2901 ταύτῃ
1558 2825 1797 2901 ἐμέλησε
1852 2831 1934 2900 τῷ

272 2912 537 2991 βαρϐάρῳ
587 2918 679 2971 καὶ
735 2915 883 2979 ὅπως
942 2922 1051 2972 τῶν
1114 2921 1371 2992 ζωαρκῶν
1432 2917 1507 2989 μὴ
1568 2916 1931 2986 σπανίζωνται

269 3006 325 3060 οἱ
360 3003 739 3079 αἰχμάλωτοι,
774 3006 865 3060 καὶ
898 3010 1044 3060 σῖτον
1074 3005 1261 3067 αὐτοῖς
1293 3002 1514 3067 διαδοὺς
1553 3002 1683 3059 οὐδὲ
1721 3005 1785 3059 τὸ
1828 3011 1928 3075 τῆς

269 3091 422 3168 ὥρας
454 3097 633 3169 ψῦχος
690 3101 932 3170 παρῆκεν
992 3094 1281 3166 ἀνήκεστον
1353 3097 1480 3167 (48)’
1541 3092 1772 3150 πέλεκυν
1825 3093 1927 3169 γὰρ

266 3181 547 3262 ἐγχείριον
578 3179 724 3259 ἔχων
780 3183 871 3242 καὶ
923 3182 1239 3259 αὖτουργῶν
1298 3183 1351 3247 ἐς
1407 3180 1671 3259 σχίδακας
1722 3182 1923 3260 διῄρει,

265 3275 442 3351 τυχὸν
511 3274 679 3341 οὕτω,
739 3273 927 3349 χρόνῳ
992 3274 1293 3349 ἀνατραπέν
1336 3270 1689 3349 γεράνδρυον.
1744 3272 1925 3330 Ἀλλὰ

263 3363 365 3417 καί
439 3367 557 3426 τοῖς
631 3360 1000 3438 σονδραμοῦσι
1074 3362 1212 3431 πρὸς
1284 3364 1387 3431 τὴν
1491 3364 1613 3427 θέαν
1702 3363 1932 3438 Ηὲρσαις

265 3451 485 3523 ὁμοίως
521 3449 648 3526 δρᾷν
699 3452 1003 3523 ὑπετίθετο,
1055 3452 1422 3528 προσεπάγων
1480 3450 1594 3524 ἅμα
1650 3452 1741 3507 καὶ
1794 3453 1928 3508 ὑπο-

263 3536 497 3595 ὄάΑλων
523 3541 585 3595 τὸ
612 3548 712 3610 τῆς
743 3540 993 3618 ἐργασίας
1037 3537 1215 3594 α’ίτιον
1283 3541 1373 3595 καὶ
1434 3540 1499 3595 τὸ
1546 3541 1685 3615 πρὸς
1728 3561 1782 3595 τι
1832 3539 1928 3595 εὕ-

260 3651 517 3710 χρηστον
549 3630 736 3692 αὐτοῖς
792 3629 1089 3707 ἐπιλέγων·
1145 3629 1371 3704 Πέρσαις
1429 3630 1524 3703 μὶν
1567 3630 1672 3705 γὰρ
1732 3630 1929 3702 ἐξεῖναι

261 3718 362 3775 διὰ
392 3719 588 3783 παντὸς
628 3719 819 3791 ἐξιέναι
876 3722 974 3789 τῆς
1028 3714 1390 3792 παρεμϐολῆς
1452 3719 1540 3774 καὶ
1588 3717 1931 3791 ξυλεύεσθαι,

256 3810 351 3865 ὅτι
383 3806 514 3882 μηδ’
551 3804 697 3866 ἔσται
749 3829 833 3871 τις
881 3810 1066 3873 αὐτοῖς
1111 3810 1572 3885 προσιστάμενος,
1630 3809 1929 3881 Ῥωμαίοις

259 3897 325 3954 δὲ
360 3897 511 3974 οὐχὶ,
545 3897 982 3974 φυλαττομένοις
1031 3898 1093 3954 τὸ
1141 3899 1218 3973 μή
1276 3896 1451 3954 δοκεῖν
1512 3894 1928 3973 ἀποδιδράσκειν

252 3989 358 4047 καὶ
385 3990 454 4046 τὰ
498 3989 558 4044 ἐκ
612 3988 771 4047 τοῦδε
830 3989 1182 4067 ὑφορωμένος
1240 3989 1317 4053 ὡς
1376 3988 1600 4067 φυγάσιν
1656 3990 1926 4047 ἐπικεισό-

265 4101 411 4155 μενα
485 4077 678 4154 δεσμά.
758 4079 909 4137 Ἐπεὶ
988 4078 1045 4134 δὲ
1118 4080 1180 4136 τὸ
1222 4078 1563 4152 Φιλομίλιον
1601 4075 1923 4151 κατέλαϐεν,

254 4166 546 4225 ἐπαύλεων
597 4189 658 4223 τε
719 4164 994 4240 μοτὲδωκε
1049 4167 1139 4221 καὶ
1195 4169 1298 4242 γῆς
1351 4164 1688 4240 ἐπεμέτρησε
1762 4166 1926 4241 μέρος

248 4257 402 4331 πρὸς
433 4255 677 4331 ἐργασίαν
728 4255 952 4327 ἀγαθῆς,
1012 4253 1162 4309 σῖτόν
1218 4275 1278 4308 τε
1338 4253 1491 4315 αὖθις
1553 4250 1781 4309 διέδωκε
1829 4257 1923 4311 καὶ

253 4344 367 4400 ὅσα
394 4347 503 4397 τῶν
532 4345 753 4416 ἡμέρων
803 4346 1025 4417 καρπῶν
1075 4341 1339 4417 σπόριμα.
1371 4342 1476 4398 Ναὶ
1525 4343 1632 4416 μὴν
1679 4343 1920 4401 ἐλπίδων

253 4434 524 4508 χρηστῶν
554 4430 841 4503 ἐνέπλησε,
899 4428 1060 4493 τέλος
1110 4430 1277 4486 εἰπὼν
1321 4431 1396 4493 ὡς
1451 4432 1620 4488 αὐτοῦ
1675 4432 1767 4488 καὶ
1819 4435 1919 4508 βα-

2045 2380 2157 2443 tor,
2189 2392 2290 2432 eos
2319 2375 2581 2447 quinque
2608 2374 2864 2446 integros
2894 2391 3082 2431 annos
3116 2376 3410 2431 immunes
3445 2376 3696 2445 futuros,

2047 2472 2208 2529 nullo
2264 2476 2548 2544 quiestore
2591 2473 2915 2545 quidquam
2968 2470 3368 2544 postulatum:
3420 2471 3700 2545 deinceps

2045 2578 2179 2618 vero
2210 2578 2273 2617 se
2303 2561 2605 2618 tolerabile
2629 2561 2916 2617 tributum
2950 2561 3035 2619 eis
3067 2561 3506 2634 impositurum,
3540 2561 3697 2632 quod

2046 2667 2185 2719 non,
2216 2656 2282 2705 ut
2312 2650 2465 2723 apud
2500 2650 2790 2707 Romanos
2813 2649 2991 2705 moris
3012 2651 3112 2720 sit,
3133 2650 3519 2707 constitutum
3537 2666 3698 2708 exce-

2043 2741 2145 2795 dat
2172 2756 2278 2796 nec
2318 2738 2761 2812 multiplicetur.
2794 2739 2898 2796 His
2945 2740 3029 2796 ita
3074 2740 3383 2809 ordinatis,
3434 2740 3696 2796 Iconium

2043 2829 2233 2885 rediit.
2272 2831 2344 2884 Ea
2370 2833 2565 2884 tamen
2595 2829 2856 2886 humana
2888 2829 3249 2885 denuntiatio
3283 2829 3576 2885 neminem
3600 2846 3701 2901 pa-

2040 2919 2166 2973 triae
2197 2917 2536 2974 meminisse
2560 2933 2731 2988 passa
2750 2922 2859 2982 est,
2884 2918 2989 2973 sed
3025 2915 3242 2974 multos
3263 2916 3442 2973 etiam
3467 2932 3500 2972 a
3524 2922 3699 2972 Persa

2039 3024 2157 3064 non
2200 3012 2401 3077 captos
2456 3005 2852 3062 Pbilomilium
2900 3006 3154 3074 attraxit,
3205 3022 3340 3062 cum
3388 3006 3698 3062 audissent

2038 3097 2333 3168 quomodo
2380 3097 2606 3169 cognati
2657 3099 2716 3152 ct
2764 3094 3074 3168 populares
3126 3110 3329 3152 eorum
3379 3111 3413 3151 a
3462 3094 3698 3152 sultano

2041 3191 2455 3244 tractarentur.
2489 3187 2582 3242 Sic
2623 3186 2696 3242 ab
2748 3190 2881 3243 ortu
2929 3186 3330 3242 Romanorum
3380 3185 3452 3241 ad
3494 3189 3699 3242 nostra

2041 3294 2229 3350 usque
2258 3286 2516 3350 tempora
2549 3295 2661 3333 non
2698 3278 2871 3334 modo
2902 3277 3092 3333 sancti
3122 3277 3461 3333 defecerunt
3492 3280 3549 3333 et
3596 3291 3697 3332 ve-

2039 3367 2179 3424 ritas
2209 3367 2525 3423 imminuta
2555 3371 2664 3435 est,
2715 3382 2923 3439 perum
2968 3366 3144 3422 etiam
3191 3366 3264 3422 ob
3315 3365 3695 3438 iniquitatem

2038 3455 2490 3528 multiplicatam
2520 3455 2778 3512 cbaritas
2817 3454 2990 3529 vulgo
3039 3454 3287 3523 refrixit,
3341 3458 3406 3511 ut
3453 3455 3693 3528 integra

2035 3545 2297 3601 civitates
2330 3544 2563 3610 Grmca,
2598 3544 2784 3615 patria
2812 3545 3026 3616 cupide
3057 3542 3282 3610 relicta,
3304 3543 3376 3599 ad
3400 3543 3696 3601 Barbaros

2034 3632 2094 3687 in
2128 3632 2390 3690 colonias
2421 3633 2695 3689 abierint.
2727 3633 2874 3689 Nam
2908 3632 3126 3689 crebrae
3156 3631 3497 3703 tyrannides
3546 3631 3695 3688 sub-

2035 3721 2174 3777 ditis
2229 3722 2485 3778 sobriam
2543 3720 2773 3778 vivendi
2833 3720 3120 3779 rationem
3180 3726 3585 3788 extorserunt;
3638 3722 3698 3775 et

2035 3810 2298 3884 plerique
2330 3811 2736 3884 imperatores,
2771 3810 3000 3883 rapinis
3032 3811 3274 3875 assueti,
3298 3808 3447 3865 nihil
3470 3809 3527 3864 in
3552 3824 3693 3865 suos

2035 3901 2325 3957 moderati
2357 3901 2445 3956 vel
2477 3900 2813 3972 cogitarunt
2841 3898 2927 3954 vel
2989 3899 3271 3955 fecerunt.
3318 3898 3450 3955 Jsm
3496 3897 3697 3954 videa-

2035 4006 2167 4047 mus
2198 3990 2342 4062 quid
2374 3989 2690 4061 imperator
2718 3987 2985 4061 gesserit.
3036 3987 3438 4043 Andronicum
3472 3991 3693 4044 Ducam

2031 4077 2536 4137 adolescentulum
2600 4077 2795 4134 adhuc
2846 4076 3029 4132 mittit
3077 4077 3149 4133 ad
3216 4075 3435 4132 bellum
3504 4079 3693 4132 Perses

2031 4168 2426 4225 inferendum.
2463 4167 2515 4223 Is
2549 4184 2679 4222 cum
2713 4165 2838 4222 suis
2870 4165 3076 4221 Persas
3123 4182 3251 4222 sero
3297 4165 3532 4221 tandem
3583 4180 3690 4238 ag-

2028 4257 2308 4330 greditur,
2338 4260 2397 4311 et
2441 4260 2610 4311 noctu
2658 4262 2916 4325 pastores
2959 4259 3018 4310 et
3060 4260 3327 4311 armenta
3373 4252 3687 4325 cuiusdam

2028 4352 2253 4403 Amarae
2284 4350 2522 4401 Arsanas
2556 4345 2795 4399 adortus
2826 4343 2980 4402 658
3014 4361 3128 4400 non
3166 4342 3349 4399 multo
3401 4347 3535 4415 post
3589 4358 3687 4399 re-

2026 4434 2221 4491 cessit.
2256 4435 2366 4490 Sed
2398 4438 2454 4489 et
2489 4433 2613 4505 ipse
2644 4433 2960 4504 imperator
3007 4433 3080 4489 ab
3130 4431 3377 4489 ammnis
3425 4431 3690 4504 Propon-

250 4517 464 4580 σιλέως
522 4518 676 4583 αὖθις
734 4517 1111 4596 φιλιωθὲντων
1164 4518 1255 4573 καὶ
1313 4518 1449 4595 πρὸς
1510 4519 1604 4581 τὰς
1652 4517 1917 4597 πρότερον

2039 4523 2331 4580 tidislocis
2376 4538 2528 4595 aegre
2578 4526 2863 4594 tanquam
2916 4539 2947 4576 a
2999 4522 3117 4578 loto
3163 4524 3267 4577 aut
3312 4526 3489 4577 cantu
3545 4520 3690 4576 sire-

247 4605 502 4672 σπονδὰς
570 4604 875 4664 ἀπιδόντων
962 4613 1164 4684 προῖκα
1218 4608 1309 4663 καὶ
1366 4607 1520 4665 αὐτοί
1571 4609 1672 4678 τήν
1734 4608 1920 4666 οἴκαδε

2039 4629 2168 4669 num
2203 4612 2465 4681 avulsus,
2522 4611 2769 4669 Nicaam
2820 4615 2879 4668 et
2926 4611 3174 4667 Prusam
3225 4618 3311 4666 est
3369 4609 3688 4682 profectus,

243 4696 530 4758 ἐπάνοδον
562 4695 786 4770 ἕξουσινο
842 4698 891 4754 εἷ’
948 4695 1006 4754 δέ
1058 4720 1115 4755 τι
1166 4696 1351 4774 ἕτερον
1427 4694 1919 4773 μεταϐουλεύσεται

243 4786 541 4867 βασιλεὺς,
573 4787 661 4843 ἐπὶ
708 4788 865 4845 πέντε
923 4788 1078 4850 ὅλοις
1132 4787 1405 4851 ἐνιαυτοῖς
1464 4787 1920 4867 ἀδασμολόγητοι

239 4875 633 4944 καθεδοῦνται,
691 4874 891 4951 μηδένα
971 4878 1064 4933 τὸν
1153 4878 1441 4933 ὁποιονοῦν
1511 4876 1768 4952 ἀπόδομα
1820 4880 1920 4934 εἰσ-

236 4969 560 5043 πράττοντα
616 4964 861 5044 ἔχοντες,
906 4967 1191 5040 μετέπειτα
1261 4963 1321 5022 δὲ
1367 4962 1804 5025 καταϐαλοῦνται
1857 4968 1918 5024 ὅν

238 5059 413 5121 αὐτὸς
444 5059 724 5136 ἀνεπαχθῆ
778 5054 1091 5127 διατάξαιτο
1135 5057 1288 5131 σφίσι
1347 5057 1538 5136 φόρον,
1589 5056 1699 5133 οὐχ
1751 5058 1918 5133 ὑπερ-

236 5145 505 5203 ϐαίνοντα
567 5148 657 5202 τὸν
733 5146 880 5221 ὃρον,
956 5146 1031 5207 ὡς
1108 5144 1337 5210 εῗόεσται
1410 5146 1708 5220 Ῥωμαίοις
1790 5144 1919 5203 οὐδὲ

236 5233 391 5307 πρὸς
454 5236 516 5290 τὸ
582 5235 1003 5293 πολλαπλάσιον
1068 5234 1502 5313 κορυφούμενον.
1574 5237 1669 5291 Καὶ
1714 5237 1743 5292 ὁ
1820 5238 1916 5311 μὶν

228 5324 416 5379 ταῦτα
472 5324 614 5379 οὕτω
671 5322 1008 5401 διατετκχὼς
1072 5324 1308 5396 ἐπανῆκε
1364 5326 1501 5400 πρὸς
1540 5325 1602 5381 τὸ
1656 5326 1915 5386 Ἰκόνιον.

2028 4719 2143 4758 non
2170 4710 2232 4757 ut
2253 4701 2460 4757 Persas
2486 4699 2891 4767 ulcisceretur,
2907 4699 3011 4755 sed
3034 4717 3104 4756 ne
3124 4716 3190 4755 ex
3214 4697 3398 4755 Batho
3415 4696 3688 4771 digressi,

2029 4793 2130 4849 ubi
2162 4808 2414 4864 magnus
2443 4806 2648 4847 eorum
2687 4806 2969 4846 numerus
2993 4788 3201 4845 stativa
3222 4788 3491 4858 habebat,
3513 4787 3688 4844 urbes

2028 4886 2086 4939 et
2114 4897 2288 4952 agros
2322 4880 2612 4936 finitimos
2646 4878 3087 4952 popularentur.
3121 4879 3234 4933 Nec
3260 4875 3518 4948 amplius
3567 4892 3686 4933 uno

2030 4987 2234 5025 mense
2290 4968 2369 5023 ibi
2426 4971 2649 5036 exacto,
2711 4966 3057 5039 Byzantium
3129 4964 3319 5021 rediit.
3370 4964 3691 5022 Inchoante

2028 5075 2162 5115 vere
2219 5060 2410 5113 denuo
2464 5073 2596 5114 cum
2659 5072 2897 5112 summa
2957 5055 3327 5113 festinatione
3392 5060 3689 5128 coguntur

2029 5151 2338 5207 exercitus.
2374 5147 2584 5204 Milites
2627 5148 2785 5202 enim
2832 5146 3236 5216 frequentibus
3285 5146 3488 5203 eodem
3541 5162 3697 5202 anno

2030 5236 2505 5311 expeditionibus
2538 5234 2766 5307 fatigati
2797 5251 2867 5291 ea
2898 5234 3167 5291 molestia
3209 5252 3405 5292 carere
3452 5239 3511 5292 et
3557 5235 3695 5291 diu-

2030 5328 2151 5386 tius
2183 5326 2344 5384 domi
2377 5341 2609 5382 manere
2640 5323 2975 5397 cupiebant.
3010 5324 3382 5382 Concurrunt
3414 5324 3595 5397 igitur
3625 5328 3691 5380 ut

1652 5475 1820 5536 Hier.
1854 5473 2069 5537 Wolﬁi
2094 5478 2287 5534 notes.

312 5602 617 5679 (48)ΑΛ1ίοι-
644 5605 722 5679 ait
748 5606 1056 5679 Sultanum
1087 5608 1311 5679 Turcos
1341 5623 1447 5663 suo
1497 5606 1761 5679 exemplo
1810 5608 1883 5665 ad

216 5675 534 5755 juvandos
565 5675 819 5749 captivos
845 5677 1145 5748 incitasse,
1176 5678 1324 5735 alter
1350 5695 1485 5736 eum
1518 5675 1764 5752 captivis
1792 5695 1883 5737 se-

564 5795 832 5860 Paraom
882 5797 993 5859 Gs.
1042 5795 1359 5862 CXXXIX.

1995 5623 2166 5664 cures
2222 5604 2455 5662 dedisse
2504 5605 2575 5660 ad
2606 5602 2768 5677 ligna
2798 5605 3097 5675 caedenda,
3129 5610 3186 5663 et
3217 5605 3440 5663 Turcos
3496 5622 3564 5664 ea
3617 5622 3682 5664 re

1998 5677 2392 5753 prohibuisse.

3281 5794 3364 5857 28
