4102 6384
407 359 529 422 878
1743 357 2054 419 ΝΙΟΕΤΕ
2104 355 2521 421 ΟΗΟΝΙΑΤΛΕ
3719 364 3851 427 8'16

417 495 571 552 ultra
601 494 956 558 dimicaturi,
990 500 1040 549 et
1083 497 1183 550 aut
1231 490 1564 565 superaturi
1626 490 1912 546 Barbaros
1962 496 2063 545 aut

2179 491 2240 545 τὸ
2301 487 2360 545 δὲ
2415 489 2812 569 φιλάνθρωπον
2867 496 3029 548 τοῦτο
3088 490 3403 570 διάγγελμά
3460 492 3661 551 οὐδένα
3735 501 3858 553 τῶν

415 602 518 658 pro
569 586 760 658 patria
819 582 1165 641 occubituri.
1226 586 1313 639 lta
1354 581 1531 654 copiae
1581 580 1846 653 Cypsella
1894 583 1959 635 ut
2005 580 2067 635 iu

2180 576 2558 654 αἰχμαλώτων
2614 578 2876 656 πατρίδος
2921 582 3096 659 ἀφῆκε
3157 584 3485 654 μνήσασθαι,
3545 583 3695 641 ἀλλᾶ
3750 586 3856 641 καὶ

415 693 534 731 una
564 681 755 732 castra
784 678 1199 731 convenerunt.

2179 670 2311 741 πρὸς
2343 667 2588 730 πολλοὺς
2629 670 2824 725 ὁπόσοι
2852 671 2989 745 πρὸς
3021 676 3240 745 Περσῶν
3282 670 3387 747 ούγ
3419 670 3666 729 έάλωσαν
3691 673 3749 737 ἐς
3783 675 3855 731 τὸ

415 761 763 836 Φιμομίλιον
789 760 1167 840 ἐφειλκύσατο,
1199 757 1504 830 ἀκηκοότας
1535 758 1634 812 ὅσα
1682 762 1799 819 τοῖς
1844 757 1969 811 καθ’
2017 758 2160 830 αἷμα
2217 756 2307 811 καὶ
2340 758 2677 831 πατριώταις
2706 757 2734 812 6
2768 760 2977 831 Πέρσης
3040 758 3347 833 εἷ’ργάσατο.
3395 759 3586 823 Οὕτως
3633 761 3697 817 ἐκ
3740 769 3859 832 τῆς

412 855 521 907 τῶν
554 851 633 913 είς
662 854 811 924 ἡμᾶς
838 848 1124 922 Ῥωμαίων
1156 852 1336 924 γενεᾶς
1365 848 1476 922 οὐχ
1504 848 1654 909 ὅπως
1686 844 2010 901 ἐκλέλοιπεν
2040 846 2210 915 ὅσιος,
2243 846 2334 900 καὶ
2366 845 2730 924 ὠλιγώθησαν
2764 848 2819 901 at
2850 848 3103 918 ἀλήθεαι,
3136 847 3284 905 άλλά
3312 848 3403 904 καὶ
3435 846 3522 904 διὰ
3573 851 3638 907 τὸ
3686 851 3859 923 πλη-

415 942 668 1009 θυνθῆναι
697 941 797 1009 τὴν
830 939 1059 1011 ἀνομίαν
1093 936 1346 1012 ἀπεψύγη
1383 941 1491 992 τῶν
1521 934 1751 991 πολλῶν
1785 937 1820 1004 ἡ
1855 935 2153 1009 ἀγάπησις,
2191 934 2266 996 ὡς
2296 936 2394 1002 τὴν
2424 936 2572 1005 παρὰ
2605 930 2902 1011 βαρϐάροις
2934 936 3186 992 ἀποικίαν
3236 933 3428 1000 πόλεις
3452 936 3587 1003 ὅλας
3635 937 3862 1014 Ἐλλη-

410 1028 560 1093 νίδας
588 1028 800 1085 ἑλέσθαι
831 1028 921 1083 καὶ
950 1034 1051 1096 τῆς
1082 1024 1343 1101 πατρίδος
1375 1024 1621 1100 ἀσμένως
1652 1022 2016 1094 ἀλλάξασθαιο
2054 1025 2108 1078 αἱ
2139 1024 2244 1100 γὰρ
2287 1024 2481 1099 συχναὶ
2530 1022 2839 1099 τυραννίδες
2884 1025 3010 1081 τότε
3057 1025 3142 1080 ὑπ’
3191 1024 3370 1102 ἀρχὴν
3412 1030 3513 1093 τῆς
3562 1029 3860 1107 σώφρονος

414 1117 625 1190 διαίτης
682 1114 1023 1192 ἐξέκρουσαν,
1077 1118 1168 1171 καὶ
1225 1121 1347 1179 ταῖς
1412 1116 1683 1191 ἁρπαγαῖς
1734 1118 1840 1169 τῶν
1920 1111 2261 1188 κρατούντων
2356 1113 2408 1167 οἱ
2492 1112 2720 1176 πλείους
2795 1114 3260 1191 ἐγγυμνασάμενοι
3341 1111 3494 1173 οὐδέν
3570 1139 3627 1172 τι
3702 1121 3860 1195 πρὸς

408 1207 536 1271 τοὺς
591 1205 908 1283 ὁμοφύλους
956 1205 1173 1281 μέτριον
1207 1204 1450 1261 ἐνενόουν
1511 1204 1602 1259 καὶ
1662 1200 2069 1279 διεπράττοντο·
2124 1200 2254 1258 ἀλλ’
2302 1204 2395 1257 οἷα
2442 1202 2534 1257 καὶ
2582 1203 2652 1258 τὰ
2707 1206 2796 1277 [Ρ.
2856 1206 2981 1278 321]
3041 1204 3190 1279 παρὰ
3250 1204 3520 1280 βασιλέως
3576 1205 3717 1282 πρὸς
3782 1210 3862 1264 τὰ

412 1297 615 1353 οὑτωσὶ
672 1291 951 1370 συμϐάντα
1010 1294 1348 1369 διῳκημένα.
1413 1293 1643 1349 Στέλλει
1696 1294 1791 1349 τὸν
1854 1296 2056 1348 Δοῦκαν
2112 1289 2459 1366 Ἀνδρόνικον
2528 1292 2738 1348 νεανίαν
2820 1295 3054 1367 πρώτως
3143 1295 3430 1367 ὑπηνήτην
3507 1300 3588 1368 τῷ
3657 1297 3867 1374 Πέρσῃ

411 1384 967 1459 συμπλακησόμενον.
1002 1388 1058 1439 '0
1091 1381 1147 1439 δὲ
1188 1386 1303 1457 μεθ’
1362 1382 1436 1438 ὦν
1495 1384 1848 1460 ἡγεμόνευεν,
1909 1382 2009 1455 ὀψὲ
2072 1387 2311 1436 ποιεῖται
2367 1383 2467 1452 τὴν
2518 1384 2655 1437 κατά
2709 1386 2818 1437 τῶν
2873 1384 3128 1459 Τούρκων
3188 1379 3406 1462 ἔφοδον.
3469 1386 3691 1459 Ἀμέλει
3751 1391 3857 1445 καὶ

412 1478 605 1539 νυκτὸς
639 1475 955 1550 ἐπιθέμενος
986 1476 1302 1549 ποιμνίταις
1327 1476 1417 1530 καὶ
1473 1472 1789 1550 βουκολίοις
1849 1474 2040 1547 ἄμηρᾶ
2095 1492 2242 1535 τινος
2301 1476 2537 1546 Ἀρσανῆ
2601 1476 2714 1546 μετ’
2771 1473 2834 1529 οὗ
2887 1472 3033 1529 πολὺ
3092 1474 3465 1549 ἐπανέςεςξεν.
3513 1474 3695 1534 ’Δλλά
3752 1481 3857 1535 καὶ

421 1566 680 1641 βασιΛεὺς
738 1565 898 1628 αὐτὸς
956 1566 1031 1621 ὡς
1089 1563 1194 1620 ἀπὸ
1251 1563 1434 1619 λωτοῦ
1486 1562 1576 1618 καὶ
1632 1565 1911 1639 Σειρήνων
1971 1566 2080 1617 τῶν
2132 1567 2412 1640 τρυφερῶν
2470 1563 2695 1638 χωρίων
2750 1570 2851 1634 τῆς
2913 1562 3289 1641 Προποντίδος
3362 1565 3526 1640 μόλις
3576 1566 3853 1625 ἀποσπα-

420 1655 565 1722 σθεὶς
622 1656 760 1711 κατὰ
816 1660 1040 1711 Νίκαιαν
1105 1656 1196 1710 καὶ
1254 1657 1497 1728 Προῦσαν
1556 1651 1799 1730 ἄφίκετο,
1857 1652 1956 1707 ούκ
2008 1651 2416 1726 ἂντιμετρήσων
2472 1651 2508 1721 ἤ
2567 1652 2969 1709 ἀνταποδώσων
3024 1660 3143 1718 τοῖς
3222 1656 3454 1730 Πέρσαις
3514 1657 3545 1712 6'
3601 1657 3852 1736 ἐμέτρη-

422 1763 517 1801 σαν
583 1745 675 1800 καὶ
731 1741 1114 1800 ἀνταπέδωκαν
1171 1746 1308 1816 ἡμῖν
1365 1740 1737 1815 ἀνταπόδομα,
1799 1739 1924 1797 ἀλλ’
1987 1738 2082 1795 ’ίνα
2137 1742 2213 1812 μὴ
2270 1742 2366 1796 τὰς
2424 1740 2593 1797 ἐκεῖσε
2657 1741 2849 1807 πόλεις
2903 1741 2994 1797 καὶ
3049 1744 3245 1820 χώρας
3297 1749 3479 1807 κακῶς
3545 1744 3853 1805 διάθωνται

416 1839 525 1890 τῶν
585 1838 683 1891 τοῦ
741 1834 943 1896 Βάθους
999 1832 1374 1904 ἐξαναστάντες
1432 1837 1633 1905 μερῶν,
1695 1831 1749 1886 ἐν
1807 1832 1891 1893 οἷς
1930 1830 1991 1885 ού
2050 1831 2261 1906 μέτριοι
2342 1830 2466 1886 τότε
2552 1830 2868 1901 ηὐλίζοντο.
2951 1831 3103 1901 Πλὴν
3181 1834 3273 1889 καὶ
3363 1835 3618 1909 βασιλεὺς
3693 1843 3857 1913 μῆνα

414 1926 535 1984 τοῖς
592 1921 763 1977 ἐκεῖσε
813 1918 903 1978 ἕνα
969 1920 1401 1997 προσδιατρίψας
1488 1921 1650 1992 ὀξέως
1728 1919 1996 1976 ἐπάνεισιν
2079 1919 2155 1981 εἰς
2238 1920 2546 1988 Βυζάντιον.
2637 1920 3045 1983 Ἀνατείλαντος
3104 1919 3151 1977 δ’
3211 1920 3370 1999 ἔαρος
3429 1925 3677 2003 γίνονται
3737 1930 3858 1984 πά-

423 2009 512 2067 λιν
570 2007 867 2086 συνδρομαὶ
921 2016 1031 2066 τῶν
1090 2010 1509 2085 στρατευμάτων
1563 2009 1654 2065 καὶ
1713 2006 1979 2084 συλλογαί
2037 2009 2153 2081 μεθ’
2210 2007 2341 2077 ὅσης
2401 2009 2502 2063 οὐκ
2561 2008 2687 2084 εἷ’πῃ
2738 2031 2820 2073 τις
2879 2008 2939 2065 ἄν
2998 2011 3180 2087 ὁρμῆς
3253 2012 3345 2068 καὶ
3428 2017 3857 2089 συντονωτάτης

422 2100 752 2174 ἐπειγωΛῆς’
809 2101 927 2156 ἓπεὶ
1011 2101 1102 2155 καὶ
1185 2105 1303 2162 ταῖς
1376 2098 1652 2161 πολλάκις
1732 2103 1829 2153 τοῦ
1912 2092 2065 2160 ἔτους
2150 2096 2398 2160 συνόδοις
2482 2099 2572 2153 καὶ
2647 2105 2767 2163 ταῖς
2846 2108 3071 2176 συχναῖς
3158 2104 3467 2173 συντάξεσιν
3537 2107 3565 2161 6
3622 2108 3862 2183 στρατὸς

420 2190 840 2253 ἀποκναίσαντες
890 2190 1082 2260 στῆναί
1140 2211 1196 2245 τε
1250 2196 1360 2245 τῶν
1418 2188 1755 2260 ἐπαλλήλων
1811 2185 2176 2243 συνελεύσεων
2229 2186 2379 2262 ἢρῶν
2442 2189 2531 2242 καὶ
2606 2195 2705 2258 τῆς
2792 2188 2937 2245 οἷ’κοι
3021 2186 3301 2262 ἀναϐολῆς
3368 2192 3700 2274 ἐγλίχοντο.
3763 2198 3864 2260 Ὡς

421 2278 553 2352 ὑπὲρ
587 2277 747 2354 ἰσχὺν
776 2278 956 2334 τοίνυν
1021 2279 1417 2356 ἀγωνιούμενοι
1476 2277 1866 2354 συνελέγησαν,
1923 2276 2013 2332 καὶ
2063 2274 2099 2345 ἥ
2155 2278 2435 2349 κρείττους
2487 2281 2595 2333 τῶν
2652 2277 2987 2357 ἀλλοφύλων
3042 2279 3306 2354 ἐσόμενοι
3358 2280 3393 2351 ἤ
3458 2285 3573 2357 μετ’
3605 2284 3865 2350 εὐκλείας

419 2367 551 2441 ὑπὲρ
591 2373 701 2424 τῶν
731 2366 1007 2444 πατρίδων
1055 2368 1511 2441 ἀποθανούμενοι.
1572 2367 1672 2423 Καὶ
1734 2367 1877 2423 οὕτω
1940 2368 2036 2439 μέν
2093 2366 2147 2420 αἱ
2207 2363 2463 2438 δυνάμεις
2507 2368 2581 2430 ὡς
2616 2367 2692 2432 εἷς
2732 2365 2787 2423 ἓν
2856 2368 3224 2446 στρατόπεδον
3284 2371 3350 2426 τά
3407 2371 3675 2447 Κύψελλα
3735 2396 3869 2432 συν-

428 2459 775 2535 ηθροίζοντο.

490 2551 544 2606 5.
581 2557 778 2608 Ausus
808 2556 898 2608 est
931 2552 1255 2625 imperator
1284 2568 1393 2608 sua
1424 2556 1632 2624 sponte
1667 2551 1724 2606 id
1757 2549 1915 2622 quod
1951 2550 2068 2620 jam

2259 2549 2314 2603 ε’,
2348 2548 2406 2601 Ὀ
2447 2544 2504 2603 δὲ
2558 2548 2817 2624 βασιλεὺς
2872 2550 3305 2627 αὐτογνωμονῶν
3368 2553 3672 2633 ἀποθαῤῥεῖ
3721 2558 3862 2633 ὅπερ

432 2641 647 2697 dicam.
682 2642 877 2697 Morbo
910 2641 1211 2698 articulari
1252 2657 1356 2713 per
1385 2646 1544 2696 certa
1572 2639 1878 2695 intervalla
1910 2638 2068 2694 labo-

2194 2636 2223 2691 6
2256 2634 2424 2713 λόγος
2454 2636 2622 2707 λέξων
2650 2638 2890 2714 ἔρχεται.
2926 2642 3171 2717 Ἔπασχε
3197 2643 3263 2697 τὰ
3293 2639 3466 2719 ἄρθρα
3503 2649 3603 2701 τοῦ
3655 2647 3862 2721 σώμα-

431 2729 618 2795 rabat,
659 2734 716 2786 et
771 2729 969 2787 dolore
1028 2732 1243 2802 pedum
1302 2730 1361 2785 in
1426 2729 1631 2801 primis
1690 2728 2068 2801 afﬂigebatur.

2192 2746 2288 2787 τος
2317 2727 2452 2781 κατὰ
2502 2725 2701 2783 κύκλον
2744 2729 2927 2784 οἱονεί
2967 2731 3057 2786 καὶ
3105 2730 3360 2806 περίοδον
3420 2735 3554 2810 (49),
3611 2737 3738 2797 τοὺς
3796 2734 3860 2793 δὲ

430 2819 630 2891 pejora
659 2819 905 2875 materia
934 2835 1001 2876 eo
1032 2819 1338 2876 delabente
1369 2825 1426 2875 et
1454 2820 1748 2874 cruciatus
1796 2816 2068 2873 intolera-

2190 2812 2362 2876 πόδας
2411 2815 2784 2904 ναὶ-μάλιστα
2838 2817 2978 2890 ὕλης
3037 2818 3447 2894 ἐισκηπτούσης
3500 2825 3858 2904 μοχθηροτέ-

426 2908 575 2965 biles
605 2909 759 2966 059
790 2908 1099 2978 excitante,
1129 2909 1229 2981 qui
1256 2916 1309 2965 et
1357 2913 1580 2963 motum
1633 2908 1974 2962 adimebant
2026 2914 2068 2961 el

2193 2922 2287 2977 ρας
2332 2904 2421 2958 καὶ
2482 2902 2672 2969 ὀδύνας
2730 2905 3120 2971 δυσυποίστους
3179 2902 3614 2984 ἀποτικτούσης,
3656 2912 3709 2984 ἐξ
3768 2916 3851 2969 ὧν

428 3015 594 3056 acres
625 2998 814 3054 febres
845 2997 1317 3053 inﬂammabant.
1348 2997 1610 3061 Quadam
1649 3011 1786 3068 ergo
1816 2995 1910 3050 die
1942 2994 2068 3049 fori-

2193 2992 2467 3064 άκινησίαι
2533 3015 2593 3049 τε
2655 2999 3068 3074 προσεπήγοντο
3133 3004 3231 3054 τοῦ
3298 3002 3497 3063 πάθους
3572 2999 3846 3078 φλεγμαίο

429 3088 540 3143 bus
566 3085 823 3143 cubiculi
855 3086 1075 3142 clausis
1106 3101 1385 3141 arcanum
1418 3084 1640 3141 nemini
1692 3090 2068 3155 praeterquam

2189 3102 2380 3143 νοντος
2408 3083 2498 3137 καὶ
2531 3080 2729 3159 λάϐροι
2760 3088 2981 3157 πυρετοὶ
3032 3087 3309 3152 πολλάκις
3359 3088 3636 3165 έπήγιζον.
3686 3091 3855 3147 Κατά

419 3175 802 3233 cubiculariis
823 3175 1133 3243 indicat;et
1151 3174 1519 3232 ferramentis
1532 3173 1923 3230 candentibus
1944 3173 2001 3227 in
2019 3174 2068 3228 ti-

2186 3191 2306 3226 τινα
2337 3172 2428 3226 οὗν
2482 3174 2693 3250 ἡμέραν
2733 3176 2830 3238 τὰς
2884 3177 3046 3252 θύρας
3102 3183 3200 3234 τοῦ
3257 3184 3522 3243 κοιτῶνος
3579 3178 3856 3256 ἐπιςυγώ-

417 3264 543 3321 bias
560 3264 848 3337 profunde
869 3263 1173 3336 impressis
1186 3262 1470 3336 principio
1488 3263 1716 3319 dolores
1731 3262 1925 3318 animo
1945 3261 2079 3333 phi-

420 3353 724 3425 losophice
743 3354 959 3425 pertert
980 3358 1039 3409 et
1059 3352 1499 3409 contumeliosis
1516 3351 1688 3409 dictis
1712 3351 1971 3408 medicos
1998 3367 2081 3408 re-

418 3442 645 3515 pudiat,
681 3443 835 3515 quod
867 3442 926 3498 in
958 3441 1099 3499 solis
1122 3442 1569 3516 purgationibus
1592 3441 1806 3498 versari
1831 3440 2071 3498 didicis-

419 3535 770 3603 sent,neque
785 3531 1109 3604 quidquam
1130 3532 1370 3588 remedii
1387 3531 1541 3588 ultra
1557 3530 1965 3588 evacuationes
1979 3531 2076 3586 ad-

418 3620 621 3677 hibere
650 3620 883 3677 scirent.
921 3620 1133 3677 Deinde
1150 3636 1285 3676 vero
1308 3620 1638 3677 nationibus
1662 3619 2067 3687 inﬂammatis,

419 3718 477 3767 et
506 3708 829 3782 majoribus
859 3709 1161 3766 doloribus
1192 3710 1546 3777 subsecutis,
1581 3708 1789 3764 medici
1816 3725 1931 3763 non
1955 3709 2071 3764 sin-

416 3799 687 3872 gulatim,
721 3800 820 3855 sed
851 3816 1058 3856 omnes
1088 3800 1267 3856 simul
1294 3800 1591 3856 convocati
1615 3805 1775 3868 sunt,
1800 3798 2067 3869 cognatis

416 3890 544 3959 ejus
577 3889 975 3945 metuentibus
1007 3906 1077 3945 ne
1104 3891 1385 3946 decursus
1416 3890 1731 3945 humerum
1775 3889 1846 3944 ad
1896 3904 2068 3943 crura

417 3977 739 4043 impeditus
771 3977 1073 4049 principali
1106 3978 1302 4051 aliquo
1327 3979 1589 4033 membro
1612 3978 1840 4033 insesso
1868 3993 2067 4034 necem

412 4068 499 4124 illi
532 4069 727 4125 subito
752 4070 1010 4134 inferret,
1035 4073 1091 4125 et
1118 4068 1427 4140 imperium
1458 4073 1667 4139 printer
1688 4067 2068 4139 exspectatio-

415 4173 550 4215 nem
582 4160 655 4214 ad
689 4159 868 4215 alium
900 4159 1340 4214 transferretur.
1374 4160 1455 4214 Ac
1490 4156 1702 4213 medici
1751 4157 2071 4229 pharmace

410 4246 462 4303 ei
539 4248 796 4320 prabere
872 4249 1272 4318 decreverunt,
1356 4253 1421 4302 ut
1494 4250 1811 4304 commotio
1890 4246 2069 4303 simul

407 4342 466 4394 et
522 4338 911 4394 redundantia
968 4337 1285 4393 humerum
1357 4337 1759 4409 egestionibus
1829 4338 2065 4393 sistere-

411 4429 526 4480 tur.
587 4427 791 4496 Itaque
850 4425 1281 4480 medicamenta
1342 4422 1590 4495 singulis
1659 4424 1778 4481 fere
1855 4424 2068 4479 diebus

411 4514 915 4587 temperabantur,
972 4529 1160 4585 neque
1216 4529 1359 4569 sane
1431 4514 1647 4569 frustra
1724 4516 1911 4569 erant.
1991 4514 2070 4569 At

411 4603 749 4676 imperatrix
805 4602 1208 4675 Euphrosyne,
1270 4618 1625 4673 quamquam
1697 4603 1769 4658 de
1844 4602 2067 4657 valetu-

414 4691 551 4748 dine
580 4691 773 4747 mariti
806 4696 872 4747 ut
901 4707 1007 4761 par
1036 4694 1161 4745 erat
1190 4690 1345 4745 660
1378 4689 1646 4760 sollicita,
1686 4695 1879 4746 tamen
1932 4706 2067 4746 cum

413 4781 487 4838 iis
517 4781 735 4854 quibus
765 4797 981 4836 arcana
1011 4796 1121 4834 sua
1171 4778 1571 4835 committebat
1613 4780 1684 4834 de
1732 4795 2067 4836 successore

2189 3281 2306 3331 σας,
2355 3260 2515 3334 ἄλλῳ
2571 3264 2667 3337 μὶν
2712 3263 2911 3336 οὐδενὶ,
2950 3273 3067 3331 τοῖς
3126 3265 3182 3323 δὲ
3238 3268 3556 3344 προκοίτοις
3611 3269 3848 3349 ἐκφήνας

2185 3349 2247 3403 τὸ
2287 3349 2624 3427 ἀπόρρητον,
2684 3351 2906 3428 σιδήρια
2947 3357 3368 3431 πυρακτωθέντα
3424 3364 3543 3421 τοῖς
3601 3360 3851 3415 σκέλεσιν

2186 3436 2484 3510 ἐπιτίθησι,
2515 3441 2609 3496 καὶ
2651 3441 2727 3497 εἰς
2787 3443 2952 3518 βάθος
2998 3446 3090 3499 τὸν
3134 3453 3382 3523 καυτῆρα
3443 3447 3732 3525 ἐπαγαγὼν
3787 3450 3858 3505 τὰ

2190 3529 2283 3601 μὲν
2314 3530 2505 3602 πρῶτα
2531 3530 2876 3610 φιλοσοφῶν,
2920 3534 3015 3597 τὰς
3068 3534 3260 3599 ὀδύνας
3303 3539 3441 3613 πρὸς
3488 3539 3585 3601 τὰς
3634 3539 3859 3603 καύσεις

2183 3622 2289 3672 τῶν
2320 3616 2506 3673 ποδῶν
2548 3620 2892 3697 ἀπεμάχετο,
2931 3625 3047 3697 μεθ’
3099 3620 3306 3701 ὕϐρεων
3350 3648 3409 3682 τε
3456 3628 3584 3691 τοὺς
3632 3629 3861 3703 ⁴ἰατροὺς

2185 3706 2561 3781 ἀπεπέμπετο,
2603 3710 2728 3785 περὶ
2785 3712 2924 3784 μόνα
2971 3713 3039 3768 τὰ
3085 3716 3353 3790 καθάρσια
3405 3718 3635 3780 τούτους
3679 3715 3863 3794 λέγων

2181 3795 2264 3850 ἀεὶ
2313 3795 2628 3876 στρέφεσθαι
2680 3799 2774 3855 καὶ
2833 3798 3000 3874 μηδέν
3059 3824 3113 3858 τι
3168 3804 3339 3860 πλέον
3376 3809 3484 3861 τῶν
3527 3808 3858 3880 κενωσίμων

2182 3882 2399 3956 εἰδέναι,
2457 3887 2549 3940 καὶ
2612 3888 2852 3960 μετιέναι
2911 3896 3028 3952 τοῖς
3087 3893 3392 3966 κάμνουσιν
3444 3894 3609 3970 ἲαμα.
3670 3898 3751 3954 Τὰ
3807 3895 3864 3952 δ’

2187 3970 2378 4044 ἐφεξῆς
2439 3972 2745 4049 φλεγμοναὶ
2801 3983 2909 4033 τῶν
2970 3986 3281 4056 καυτηριῶν
3341 3983 3432 4039 καὶ
3489 3982 3857 4059 περιωδυνίαι

2177 4067 2285 4118 τῶν
2337 4064 2530 4138 πρώην
2589 4062 2931 4142 δριμύτεραι.
2991 4070 3187 4145 Ἰατροὶ
3245 4070 3335 4126 ἐπὶ
3389 4073 3612 4136 τούτοις
3667 4074 3851 4131 εἶσκε-

2177 4149 2447 4225 κλημένοι
2480 4152 2653 4228 οὐχὸ
2707 4155 2800 4228 μὲν
2851 4157 2878 4211 6
2929 4154 2974 4211 δ’
3028 4158 3111 4227 οὕ,
3167 4159 3313 4216 ἆΛλά
3362 4164 3562 4227 πάντες
3619 4169 3846 4229 κοινῶς.

2180 4243 2321 4317 ΙΙρὸς
2352 4239 2411 4297 δὲ
2454 4241 2669 4305 τούτοις
2715 4245 2805 4299 καὶ
2865 4243 2985 4311 δέος
3045 4248 3380 4326 ὁποθρᾶττον
3432 4254 3495 4308 τὸ
3545 4254 3704 4328 αἷμα,
3757 4257 3842 4329 μὴ

2176 4353 2295 4419 πως
2351 4332 2413 4387 τὸ
2471 4339 2573 4402 τῆς
2630 4331 2770 4404 ὕλης
2831 4338 3239 4412 μεθιστάμενον,
3307 4348 3410 4411 τῆς
3500 4343 3625 4419 περὶ
3710 4344 3852 4409 τοὺς

2174 4418 2348 4483 πόδας
2403 4419 2640 4485 καθόδου
2701 4423 2986 4495 ἀνα-ιοπέν,
3049 4427 3125 4488 εἰς
3182 4449 3235 4483 τι
3300 4429 3515 4506 καίριον
3575 4418 3847 4509 γένσκήψῃ

2176 4509 2341 4585 μέρος
2378 4514 2476 4565 τοῦ
2535 4511 2814 4584 σώματος,
2873 4515 2967 4569 καὶ
3021 4516 3182 4572 αὐτὸν
3246 4519 3341 4592 μὲν
3399 4521 3685 4597 παρασύρῃ
3743 4528 3850 4578 τοῦ

2176 4603 2271 4673 ζῇν
2331 4599 2620 4680 αἷφνηδὸν,
2652 4603 2686 4671 ἡ
2721 4598 2768 4655 δ’
2827 4603 2978 4683 ἀρχὴ
3039 4614 3418 4679 μεταπεσεῖται
3473 4613 3623 4687 παρὰ
3680 4609 3842 4686 δόξαν

2174 4690 2311 4764 πρὸς
2334 4688 2540 4765 ἓτερον.
2594 4692 2662 4747 Οἱ
2710 4693 2806 4767 μὲν
2865 4694 2955 4749 οὗν
3008 4701 3117 4750 τῶν
3170 4700 3441 4772 σωμάτων
3503 4709 3842 4778 θεραπευτῆ-

2174 4797 2261 4853 ρες
2322 4780 2690 4856 φαρμακεύειν
2753 4781 2910 4837 αὐτὸν
2995 4782 3325 4858 ἐγνώκεσαν.
3385 4789 3545 4846 Οὕτω
3617 4790 3717 4866 γὰρ
3773 4790 3841 4845 ἅν

413 4870 647 4943 imperii
677 4870 866 4943 magis
896 4869 1275 4935 deliberabat,
1307 4884 1378 4923 ne
1427 4869 1478 4924 is
1527 4867 1638 4923 sibi
1690 4868 1967 4925 inimicus
2010 4872 2068 4925 et

2179 4868 2362 4937 τὸτῆς
2392 4866 2531 4939 ίὶλης
2578 4870 2895 4944 κινούμενόν
2952 4893 3010 4928 τε
3068 4876 3182 4946 ἅμα
3239 4878 3331 4931 καὶ
3388 4881 3688 4949 πλεονάζον
3741 4882 3838 4953 γά-

411 4959 679 5015 infensus
710 4962 885 5025 esset,
921 4958 1025 5014 sed
1057 4957 1252 5030 potius
1283 4956 1524 5013 amicus.
1564 4956 1709 5015 Nam
1742 4957 2061 5028 imperator

411 5047 599 5103 ﬁlium
660 5065 777 5103 non
838 5048 1110 5113 habebat,
1170 5047 1269 5102 sed
1331 5046 1477 5102 duas
1547 5046 1833 5102 duntaxat
1891 5048 2064 5117 ﬁlias,

2173 4954 2450 5028 ληνιάσειε
2481 4963 2602 5021 ταῖς
2654 4960 2901 5017 κεώσεσι.
2963 4963 3065 5018 Καὶ
3121 4963 3189 5033 ἦν
3241 4966 3308 5020 τὰ
3365 4968 3621 5045 φάρμακα
3671 4968 3825 5038 ἦμαρ

2171 5048 2299 5123 παρ’
2331 5045 2485 5120 ἦμαρ
2519 5046 2716 5127 σχεδὸν
2750 5050 3135 5124 κεραννύμενα,
3167 5054 3257 5109 καὶ
3306 5058 3368 5110 τὸ
3420 5056 3669 5125 ἀνύσιμον
3718 5051 3822 5105 αύ-

406 5151 620 5206 easque
665 5138 912 5192 viduas:
966 5152 1095 5191 nam
1145 5137 1341 5191 Irenes
1392 5136 1640 5191 maritus
1692 5136 2067 5194 Andronicus

2179 5142 2285 5198 τοῖς
2318 5135 2653 5212 ἐφωμάρτει.
2686 5139 2749 5196 Ἡ
2783 5136 2841 5194 δὲ
2899 5141 3118 5215 βασιλές
3174 5143 3482 5224 Εὖιρροσῦνη
3530 5139 3824 5218 ἐφρόντιζε

406 5223 914 5296 Contostepbanus
943 5224 1185 5292 obierat,
1221 5230 1391 5280 Anna
1419 5240 1552 5279 vero
1584 5228 1646 5279 ut
1673 5233 1809 5281 natu
1845 5226 2062 5295 minor,

2172 5228 2268 5300 μὲν
2302 5227 2517 5295 καὶτῆς
2553 5228 2758 5301 ὑγείας,
2793 5228 2868 5290 ὡς
2920 5230 3083 5300 εἰκὸς,
3133 5234 3220 5308 [Ρ.
3271 5233 3394 5306 322]
3438 5234 3535 5286 τοῦ
3583 5229 3836 5305 εύνέτου,

407 5312 490 5369 ita
509 5312 697 5368 forma
718 5314 1326 5384 prastantioszaacic-
1348 5313 1644 5370 Comneno
1666 5319 1848 5387 nupta
1869 5316 2058 5373 fuerat

2179 5317 2449 5372 :cxénuto
2482 5317 2539 5370 υὶ
2587 5316 2754 5373 πλέον
2810 5317 2946 5392 μετά
2992 5325 3101 5376 τῶν
3162 5325 3433 5396 συνήθων,
3468 5321 3558 5377 καὶ
3622 5322 3713 5385 οἷς
3770 5322 3845 5380 τὰ

1815 5494 1961 5556 Hier
1998 5496 2209 5557 Wolﬁi
2239 5501 2426 5559 notae.

477 5648 596 5725 (49)
628 5645 885 5708 Dubium
918 5655 1114 5708 utrum
1144 5652 1216 5708 de
1242 5650 1395 5709 lunas
1420 5652 1643 5727 eclipsi,
1675 5671 1750 5711 an
1782 5655 2174 5714 diminutione
2217 5659 2518 5731 loquatur.
