4102 6390
297 462 409 523 877

1207 455 1314 515 DE
1355 448 1638 514 ALEXlO
1683 442 1959 509 lSAACll
2002 439 2301 503 ANGELI
2347 441 2468 502 FB.
2517 439 2662 501 LIB.
2711 439 2789 501 lI.

3592 443 3715 507 878

299 588 584 671 κρυφιώδη
635 593 744 645 τῶν
807 584 1198 663 βουλευμάτων
1261 584 1631 658 προσανετίθει
1690 580 1781 634 καὶ
1857 582 1956 634 τοῦ

2070 576 2170 648 qui
2200 576 2258 631 in
2290 574 2477 648 Mysia
2508 574 2836 642 in§vinculis
2859 573 3097 644 obiit,ut
3125 591 3307 648 supra
3327 578 3718 637 narravimus.

300 683 534 752 στήθους
596 679 869 752 ἀνεμήρυε
928 675 990 730 τὰ
1056 672 1365 749 ἀπόρῥητα,
1419 673 1509 726 καὶ
1566 671 1819 745 περὶτοῦ
1851 688 1954 721 πα-

195 798 207 810 ·
304 768 696 848 ραληψομένου
755 768 855 836 τήν
920 763 1222 841 βασιλείαν,
1283 764 1356 824 ὡς
1416 759 1564 816 ἔσται
1601 779 1685 820 τις
1715 756 1851 848 αὐτῇ

301 842 556 933 ἀνάρσιος
625 852 754 931 μηδ’
811 855 1061 929 ἀπεχθὴς
1093 850 1219 907 ἀλλ’
1266 849 1551 910 ἀσπάσιος.
1594 843 1821 903 Βασιλεῖ

300 928 415 1023 γὰρ’
438 947 537 1001 οὐκ
590 928 657 1015 ἦν
694 928 956 1022 διάδοχος
980 943 1098 1004 υίὸς
1149 947 1248 1010 τῆς
1307 939 1509 1014 ἀρχῆς,
1554 934 1844 1005 δυάζουσαι
1901 928 1960 985 δὲ

308 1035 612 1113 θυγατέρες,
666 1034 759 1090 καὶ
799 1032 955 1088 αὗται
1006 1036 1114 1086 τῶν
1184 1028 1451 1084 συνεύνων
1515 1028 1711 1101 μικροῦ
1768 1042 1962 1077 σπανι-

312 1106 555 1196 ζόμεναι·
598 1106 652 1192 δή
726 1120 992 1195 μὲνγὰρ
1049 1115 1451 1195 προφερεστέρα
1534 1113 1654 1176 καθ’
1736 1106 1959 1180 ῆλικίαν

303 1211 512 1285 Εἰρήνη
573 1210 790 1282 θανάτῳ
852 1207 1085 1283 μαλακῷ
1147 1203 1384 1280 δαμέντα
1463 1202 1557 1258 τὸν
1625 1198 1961 1272 σύλλεκτρον

304 1297 656 1374 ’Δνδρόνικον
743 1299 836 1355 τὸν
926 1299 1363 1374 Κοντοστὲφανον
1408 1289 1740 1365 ἀπεϐάλετο,
1796 1292 1962 1348 Ἀννα

305 1387 363 1444 δὲ
391 1391 425 1458 ἡ
452 1389 588 1443 κατά
630 1389 835 1463 γένεσιν
882 1386 1222 1465 ἐφεπομένη,
1261 1390 1341 1457 τῷ
1399 1381 1456 1439 δὶ
1512 1381 1709 1438 κάλλει
1765 1400 1959 1456 προτε-

306 1477 555 1553 ρεύουσα,
614 1475 869 1549 Ἰσαακίῳ
918 1475 1147 1548 συνῴκει
1203 1479 1284 1546 τῷ
1342 1475 1643 1547 Κομνηνῷ,
1712 1469 1771 1533 ὅς
1824 1468 1963 1524 κατά

302 1567 509 1623 Μυσίαν
538 1565 824 1620 ἐναπέθανε
863 1570 981 1626 τοῖς
1021 1562 1267 1636 δεσμοῖς,
1345 1563 1420 1623 ὡς
1478 1560 1530 1616 ἐν
1586 1565 1702 1621 τοῖς
1752 1555 1959 1632 ἕμπρο-
1998 1556 2008 1565 “

303 1656 421 1710 σθεν
462 1652 656 1731 λόγοις
727 1652 1061 1729 εἴρῆκειμεν.
1121 1650 1412 1725 Ἐπιλογαὶ
1450 1650 1632 1705 τοίνυν
1700 1648 1792 1702 καὶ
1852 1651 1965 1722 ψη-

301 1744 568 1823 φηφορίαι
598 1747 707 1799 τῶν
757 1742 1031 1818 ἀρξόντων
1083 1741 1253 1797 ἄλλαι
1309 1760 1368 1795 τε
1416 1740 1545 1813 παρ’
1596 1735 1783 1793 ἄλλων
1851 1734 1961 1810 ἑγι-

302 1849 485 1903 νοντο,
541 1832 633 1887 καὶ
679 1837 845 1887 πᾶααι
894 1832 1033 1905 πρὸς
1096 1830 1159 1886 τὸ
1216 1834 1325 1885 τῶν
1382 1823 1783 1902 προϐαλόντων
1844 1823 1960 1880 ἐτε-

2070 666 2255 738 Igitur
2308 665 2408 721 alii
2466 670 2642 737 atque
2707 664 2807 721 alii
2876 665 3263 737 imperatores
3312 668 3720 737 nominantur,

2068 758 2169 811 sed
2202 772 2407 811 omnes
2438 756 2536 827 qui
2590 756 2664 810 iis
2713 756 3028 828 opportuni
3078 762 3278 813 essent
3317 774 3352 813 a
3380 758 3592 830 quibus
3620 776 3725 815 no-

2070 845 2469 900 minabantur.
2499 844 2579 900 De
2610 862 2676 901 eo
2727 862 2862 901 vero
2914 845 3219 916 deligendo
3270 847 3368 919 qui
3404 847 3723 919 rempubli-

2070 950 2197 988 cam
2237 935 2454 1004 optime
2502 938 2560 988 et
2605 950 2637 989 ο
2687 933 2973 1007 dignitate
3017 935 3414 992 Romanorum
3450 936 3725 1005 admini-

2072 1026 2305 1088 straret,
2356 1023 2577 1078 nemini
2637 1024 2964 1095 quidquam
3019 1024 3080 1079 in
3132 1029 3389 1083 mentem
3428 1026 3722 1084 veniebat.

2076 1112 2235 1167 Unde
2284 1113 2556 1168 vecordes
2615 1113 2884 1169 homines
2931 1114 3107 1170 etiam
3149 1114 3405 1172 infantes
3447 1115 3509 1172 in
3559 1116 3729 1173 cunis

2072 1202 2264 1257 adhuc
2294 1202 2589 1273 vagientes
2625 1202 3032 1275 designabant.
3069 1205 3145 1260 Ex
3176 1205 3486 1263 nobilitate
3514 1211 3574 1263 et
3593 1206 3723 1279 opi-

2074 1290 2185 1346 bus
2232 1290 2407 1347 claris
2450 1291 2682 1347 Manuel
2728 1293 2987 1349 Camizes
3032 1298 3388 1365 protostator
3437 1294 3724 1351 avunculo

2073 1396 2182 1435 suo
2238 1379 2452 1436 Joanni
2511 1380 2954 1437 sehastecrateri
3004 1383 3441 1440 adversabatur.
3505 1384 3559 1441 Is
3589 1400 3723 1440 vero

2071 1469 2331 1525 vicissim
2364 1469 2531 1525 illum
2574 1470 2945 1540 impediebat.
2979 1470 3121 1527 Tres
3170 1488 3305 1528 vero
3354 1471 3725 1545 imperatoris

2075 1560 2284 1616 fratres
2315 1559 2387 1614 ab
2416 1558 2745 1616 Andronico
2777 1560 3069 1629 execrati,
3097 1567 3155 1617 et
3203 1577 3423 1618 eorum.
3460 1562 3726 1622 soror-ius

2070 1651 2327 1705 Joannes
2359 1650 2819 1716 Cantacuzenus,
2869 1654 2927 1704 et
2955 1649 3082 1721 ipse
3133 1650 3312 1707 orbus
3341 1651 3552 1723 oculis,
3587 1653 3726 1710 ﬁliis

2073 1739 2199 1794 suis
2230 1738 2517 1794 favebant.
2552 1738 2701 1794 661
2763 1741 2940 1794 Erant
2996 1738 3174 1795 etiam
3206 1741 3305 1812 qui
3338 1742 3720 1799 Ponticarum

2073 1844 2293 1884 nucum
2341 1833 2398 1882 et
2447 1828 2757 1883 suillarum
2808 1827 3077 1884 carnium
3126 1826 3409 1901 reliquias
3440 1829 3632 1888 adhuc
3664 1831 3724 1887 in

307 1926 507 1977 λοῦντο
530 1922 971 1996 χρήσιμον.Τοῦ
1038 1916 1081 1974 δ’
1143 1918 1305 1988 ἀξίως
1359 1915 1778 2013 βασιλεὺῖοντος
1816 1916 1957 1972 Ῥω-

2071 1918 2349 1974 dentibus
2379 1922 2699 1987 gestantes,
2733 1917 3044 1989 imperium
3090 1918 3243 1974 haud
3277 1918 3725 1977 dissimulanter

310 2011 487 2084 μαίων
555 2008 645 2063 καὶ
706 2009 782 2070 ὡς
839 2005 1034 2082 ἄριστα
1106 2007 1174 2061 τὰ
1219 2006 1374 2062 κοινὰ
1430 2000 1958 2079 διακυϐερνήσοντος

305 2100 605 2175 πράγματα
637 2094 817 2159 οὐδεὶς
846 2095 1037 2153 οὐδένα
1088 2095 1253 2172 λόγος
1310 2096 1626 2172 εἰσήρχετο,
1659 2091 1797 2149 ὥστε
1854 2090 1959 2148 ὕπὸ

304 2194 413 2243 τῶν
448 2182 753 2263 ἀϐελτέρων
800 2188 892 2242 καὶ
930 2189 1101 2258 νήπια
1157 2184 1234 2241 ἔτι
1291 2185 1345 2240 ἐν
1403 2185 1628 2260 γάλαξιν
1698 2180 1821 2238 ὄντα
1868 2182 1960 2239 καὶ

309 2277 644 2354 σπαργάνοις
672 2274 1001 2349 ἐνειλημένα
1038 2279 1172 2349 πρὸς
1210 2277 1308 2345 τήν
1369 2276 1550 2350 ἀρχὴν
1626 2272 1957 2347 ἐπεκρίνετο.

305 2366 502 2424 Αὐτῶν
546 2363 733 2439 μέντοι
780 2369 889 2420 τῶν
923 2364 978 2420 ὲν
1009 2363 1150 2440 γένει
1198 2364 1290 2419 καὶ
1347 2362 1578 2436 πλούτῳ
1626 2357 1958 2436 περιϐλεπο-

306 2455 484 2528 μὲνων
534 2455 563 2509 6
598 2454 693 2527 μὲν
724 2453 1170 2529 πρωτοστράτωρ
1230 2450 1504 2522 Μανουὴλ
1566 2452 1593 2506 6
1662 2450 1959 2525 Καμὺτζης

306 2546 387 2613 τῷ
431 2542 568 2617 πρός
629 2542 835 2615 μητρὸς
893 2540 1197 2611 ἐπεκάθητο
1256 2542 1385 2614 θείῳ
1435 2544 1516 2613 τῷ
1595 2535 1959 2614 σεϐαστοκρά-

304 2651 427 2708 τορι
458 2630 707 2705 Ἰωάννῃ,
741 2631 902 2692 οὗτος
934 2628 980 2685 δ’
1026 2629 1178 2692 αὖθις
1216 2632 1334 2687 κατ’
1399 2630 1566 2687 αὐτοῦ
1634 2628 1961 2709 ἀντωφθάλ-

311 2745 423 2797 μει,
456 2724 524 2780 Οἱ
558 2720 615 2778 δὲ
641 2728 740 2779 τοῦ
776 2720 1045 2798 βασιλέως
1088 2724 1404 2799 κασίγνητοι
1458 2727 1604 2797 τρεῖς
1663 2719 1812 2783 ὄντες
1868 2724 1958 2779 καὶ

310 2820 438 2891 παρ’
467 2811 816 2889 Ἀνδρονίκου
863 2814 1259 2891 τυφλωθέντες,
1314 2812 1462 2870 ἀλλά
1499 2812 1565 2885 δὴ
1634 2815 1726 2870 irai
1785 2816 1813 2870 6
1869 2814 1960 2871 ἐπὶ

305 2906 376 2977 τῇ
418 2900 630 2980 ἀδελφῇ
663 2902 841 2958 αὐτῶν
880 2898 1131 2979 γαμϐρὸς
1186 2903 1214 2957 6
1274 2904 1718 2973 Καντακουζηνὸς
1778 2903 1960 2960 Ἰωάν-

306 3011 407 3063 νης
457 2991 766 3065 ἐξόμματος
824 2992 916 3046 καὶ
973 2989 1135 3053 αὐτὸς
1194 2991 1564 3065 δεικνύμενος,
1622 2994 1778 3049 παισὶ
1842 2998 1960 3056 τοῖς

308 3082 514 3138 ἑαυτῶν
545 3081 646 3149 τήν
678 3080 857 3156 ἀρχὴν
932 3078 1326 3157 ἠνδρολόγουν.
1392 3086 1561 3137 Ἦσαν
1617 3079 1662 3137 δ’
1720 3081 1775 3137 οἳ
1833 3084 1962 3159 χθὲς

304 3191 364 3226 τε
422 3169 512 3225 καὶ
566 3168 759 3244 πρώην
816 3166 1263 3243 διαμασσώμενοι
1322 3171 1391 3226 ei
1474 3168 1789 3247 δρυόκαρπα
1870 3171 1962 3227 καὶ

305 3260 372 3316 τα
431 3261 666 3316 Ποντικά
714 3259 829 3315 ὕεια
883 3259 1015 3335 κρὲα
1090 3259 1179 3316 ἐπὶ
1233 3262 1503 3334 στόματος
1590 3260 1669 3318 ἔτι
1764 3262 1956 3340 φέροι-

305 3372 391 3414 τες
424 3350 655 3426 ἐπείρων
693 3349 786 3404 καὶ
818 3346 967 3423 ἤρων
1001 3356 1103 3419 τῆς
1147 3349 1423 3423 βασιλείας
1459 3348 1607 3424 μάλα
1657 3349 1955 3428 λαμπρῶς,

305 3443 397 3497 καὶ
428 3441 587 3504 ὅλοις
644 3440 699 3504 ἐς
757 3440 926 3509 αὐτὴν
992 3439 1308 3516 περιέργοις
1367 3439 1666 3511 ἐνητένιζον
1726 3437 1962 3517 ὄμμασι,

307 3536 667 3609 προαγωγοῖς
693 3531 783 3585 καὶ
808 3531 1225 3604 προμνήστορσι
1268 3530 1550 3604 χρώμενοι
1607 3532 1801 3587 ὁπόσοι
1856 3536 1966 3588 τῶν

308 3620 579 3696 ἀγοραίων
661 3615 817 3673 ὣνιοι
900 3616 1210 3692 χρημάτων
1268 3618 1360 3672 καὶ
1417 3615 1825 3692 κοιλιόδουλοι,
1885 3620 1963 3682 ὡς

315 3712 510 3783 μακρῷ
537 3708 725 3764 κάκιον
753 3706 851 3761 τοῦ
871 3707 989 3760 καθ’
1022 3701 1117 3760 ἵνα
1171 3706 1234 3761 τὸ
1292 3711 1451 3781 κοινῇ
1508 3706 1794 3781 γινόμενον
1852 3709 1964 3783 ψή-

313 3818 513 3878 φισμα.
547 3803 615 3852 ’Ὠ
642 3795 970 3871 περίπυστον
1027 3800 1260 3873 πρᾶγμα
1299 3795 1589 3870 Ῥωμαίων
1645 3797 1818 3877 ἀρχὴ,
1873 3799 1963 3854 καὶ

311 3894 469 3943 πᾶσιν
504 3884 672 3942 ἔθνεσι
710 3885 958 3957 ζηλωτὸν
989 3886 1078 3940 καὶ
1111 3886 1488 3961 προσκυνητὸν
1543 3884 1779 3960 ἀξίωμα,
1814 3885 1963 3952 οἵους

313 3978 617 4053 ὑπήνεγκας
651 3977 879 4051 βιαστάς
912 3977 923 4031 !
960 3976 1085 4033 Οἶοί
1117 3996 1201 4031 σοι
1261 3975 1621 4049 ἐπανέστησαν
1663 3973 1915 4052 ὕϐρισταί
1950 3979 1963 4036 l

310 4069 432 4125 Οἷοί
466 4089 551 4122 σοι
603 4065 950 4138 ἐπεμάνησαν
1015 4063 1279 4140 ἐρασταίί
1341 4064 1507 4130 Οἶ¹ους
1562 4066 1961 4144 ἐνηγκαλίσωί

310 4158 465 4220 Οἲοις
519 4156 793 4226 ὑπέθηκας
866 4155 1062 4222 ἕαυτήν
1108 4153 1198 4209 καὶ
1263 4153 1579 4230 φιλοτήτων
1638 4155 1962 4228 μετέδωκαι,

307 4245 644 4307 ἐταινιώκεις
682 4265 742 4299 τε
769 4247 851 4313 τῷ
905 4242 1145 4320 στεφάνῳ
1199 4243 1290 4297 καὶ
1346 4238 1668 4318 περιέϐαλες
1726 4246 1792 4299 τὸ
1851 4244 1965 4301 διά-

309 4329 464 4403 δημα
500 4329 591 4383 καὶ
629 4329 692 4383 τὸ
725 4328 1114 4405 φοινικόχρουν
1160 4327 1487 4403 περιέδησας
1548 4328 1811 4387 πέδιλονί
1855 4338 1964 4387 Θυ-

310 4415 655 4493 μαλγὲστερά
687 4416 819 4473 εἶσιν
851 4412 1027 4478 ὅντως
1056 4418 1123 4472 τά
1154 4418 1219 4473 σὰ
1248 4419 1321 4473 ῶν
1373 4417 1607 4483 πέπονθε
1662 4420 1958 4493 Πηνελόπη

2066 2012 2124 2063 et
2152 2010 2417 2063 amarent
2445 2010 2502 2062 et
2535 2006 2850 2072 ambirent,
2899 2011 2958 2063 et
3000 2007 3268 2064 curiosos
3305 2009 3364 2063 in
3421 2009 3482 2064 id
3511 2008 3715 2065 oculos

2065 2096 2401 2169 defigerent,
2436 2095 2535 2151 sed
2571 2095 2855 2166 pronubis
2886 2112 2986 2152 seu
3012 2094 3324 2153 lenonibus
3357 2101 3590 2154 utentes
3621 2099 3722 2154 ho-

2066 2185 2329 2242 minibus
2372 2184 2872 2254 circumforaneis,
2905 2185 3006 2256 qui
3068 2184 3257 2241 ventri
3310 2186 3641 2242 serviebant
3668 2192 3725 2242 et

2067 2274 2321 2347 pecunia
2366 2273 2534 2329 facile
2586 2274 3135 2346 corrumpebantur.
3190 2273 3420 2337 Quanto
3469 2275 3730 2332 deterius

2065 2370 2155 2420 est
2182 2362 2527 2436 suiIragium
2590 2362 2913 2419 multorum
2946 2380 3126 2436 quam
3183 2363 3395 2420 unius!
3430 2380 3463 2420 ο
3493 2364 3722 2420 celebre

2066 2451 2465 2508 Romanorum
2497 2452 2900 2523 imperium,et
2929 2451 3204 2508 omnibus
3234 2452 3510 2524 gentibus
3533 2453 3724 2508 admi-

2067 2542 2252 2596 randa
2279 2544 2336 2595 et
2362 2540 2661 2596 adoranda
2695 2540 2997 2610 majestas,
3030 2539 3235 2612 quales
3270 2549 3549 2613 tyrannos
3579 2557 3720 2613 per-

2066 2629 2291 2686 tulisti!
2325 2630 2543 2701 quibus
2570 2629 2806 2701 injuriis
2837 2631 3134 2702 exagitata
3181 2631 3281 2686 esl
3318 2629 3524 2703 quales
3556 2646 3719 2687 ama-

2065 2723 2223 2775 tores
2270 2719 2329 2774 in
2378 2725 2434 2775 te
2483 2719 2881 2776 insanierunt!
2912 2718 3115 2790 quales
3163 2718 3433 2776 homines
3486 2736 3547 2776 es
3594 2737 3720 2776 am-

2080 2808 2281 2881 plexa!
2338 2808 2616 2881 qualibus
2668 2812 2725 2865 te
2774 2808 3151 2865 substravisti
3199 2814 3256 2865 et
3306 2808 3510 2865 oscula
3566 2826 3714 2880 prae-

2066 2897 2524 2970 buistilquales
2553 2914 2767 2954 corona
2796 2901 2855 2954 et
2910 2898 3246 2954 diademate
3302 2903 3361 2955 et
3417 2914 3717 2971 purpureo

2066 2996 2258 3054 calceo
2297 2995 2631 3053 exornastil
2683 2995 2947 3067 graviora
2992 2996 3200 3067 utique
3248 2998 3323 3052 ab
3372 2996 3490 3053 illis
3521 3000 3719 3068 pertu-

2069 3086 2189 3142 listi
2222 3102 2398 3158 quam
2430 3084 2713 3156 Penelope
2742 3104 2773 3140 a
2805 3101 3112 3158 procorum
3162 3086 3503 3158 frequentia.
3528 3085 3721 3141 Nimi-

2066 3192 2198 3232 rum
2244 3176 2317 3232 ab
2365 3175 2528 3231 omni
2573 3179 2737 3247 parte
2804 3174 3020 3232 similis
3088 3191 3151 3231 es
3211 3175 3379 3247 regias
3438 3179 3719 3231 matrona

2074 3264 2445 3330 felicissimae,
2481 3265 2667 3320 forma
2704 3263 3048 3331 venerabili,
3090 3264 3259 3336 justa
3289 3263 3719 3337 magnitudine,

2072 3354 2235 3413 vultu
2261 3357 2526 3419 venusto,
2560 3353 2661 3409 sed
2695 3355 2878 3425 captas
2926 3353 3356 3425 impudentium
3389 3356 3719 3410 amatorum

2070 3443 2368 3511 manibus,
2400 3458 2545 3515 quos
2575 3442 2798 3498 cordati
2842 3441 3112 3498 homines
3161 3444 3255 3498 vix
3282 3447 3561 3500 centusse
3590 3442 3725 3500 lice-

2070 3530 2371 3600 antur,qui
2399 3527 2896 3601 magniﬁcentiam
2926 3528 3086 3586 illius
3109 3532 3400 3585 estimare
3421 3533 3729 3601 nequeant

2068 3620 2477 3678 celsitudinem
2540 3621 2696 3677 602
2767 3635 2882 3676 non
2957 3622 3355 3689 revereantur,
3416 3618 3722 3675 nobilitate

2071 3709 2215 3765 nihil
2246 3713 2612 3778 moveantur,
2646 3707 2967 3780 aliquando
2997 3708 3172 3765 etiam
3205 3723 3333 3764 eam
3366 3724 3470 3780 per
3521 3711 3725 3763 contu-

2071 3798 2304 3855 meliam
2338 3797 2393 3853 in
2419 3798 2704 3855 nefarium
2727 3796 2920 3854 cubile
2951 3797 3418 3870 pertrahant.Hei
3440 3796 3721 3862 dedecus,

2069 3888 2163 3945 hei
2192 3887 2501 3959 ﬂagitium,
2534 3886 2731 3959 qualia
2763 3903 3040 3959 perpessa
3099 3903 3161 3942 es
3190 3888 3200 3943 l
3239 3885 3431 3957 qualis
3460 3886 3585 3942 visa
3613 3901 3676 3941 es
3704 3886 3715 3941 Ι

2070 3979 2246 4035 facies
2280 3977 2626 4046 meretricis,
2660 3994 2693 4033 ο
2752 3975 2968 4049 inclyta
3028 3981 3085 4032 et
3141 3973 3390 4033 celebris
3422 3976 3726 4045 majestas,

2071 4069 2313 4140 contigit
2352 4069 2479 4124 tibi.
2522 4067 2773 4123 Evanuit
2824 4065 3109 4122 naturalis
3163 4066 3264 4121 illa
3321 4069 3425 4120 tua
3459 4063 3726 4137 pulchri-

2068 4159 2213 4213 tudo
2244 4162 2302 4212 et
2334 4155 2531 4212 vultus
2560 4155 2916 4211 verecundia
2965 4160 3024 4211 et
3066 4155 3217 4227 frugi
3250 4155 3477 4227 pridem
3509 4158 3567 4210 et
3596 4169 3725 4209 mo-

2072 4248 2236 4302 desla
2261 4247 2393 4302 vitae
2424 4247 2595 4301 ratio.
2638 4249 2805 4300 Nunc
2838 4246 3015 4301 facies
3064 4250 3167 4301 tua
3199 4245 3332 4301 luxu
3366 4248 3424 4301 et
3455 4243 3606 4299 fucis
3636 4247 3730 4299 est

2069 4339 2384 4406 corrupta;
2417 4337 2487 4390 ad
2522 4332 2765 4389 delicias
2795 4334 3158 4403 exorbitasti,
3210 4335 3280 4391 ad
3317 4350 3504 4391 mores
3536 4333 3732 4390 disso-

2065 4421 2223 4480 lutos
2254 4423 2567 4479 deﬂexisti.
2602 4427 2749 4478 Nam
2780 4423 2877 4495 qui
2912 4424 3022 4479 tibi
3054 4423 3169 4480 vim
3208 4425 3471 4481 fecerunt
3495 4422 3731 4495 pridem

304 4503 855 4580 παραλληλιζόμενα,
886 4505 979 4560 καὶ
1008 4507 1125 4561 κατ’
1156 4503 1309 4561 οὐδὲν
1361 4506 1618 4569 ἀπέοικας
1680 4506 1963 4584 βασιλείας

2069 4513 2215 4570 citra
2246 4528 2449 4568 curam
2484 4513 2774 4580 formosae,
2807 4513 2970 4568 vultu
3006 4513 3341 4570 admirabili
3374 4517 3431 4569 ct
3482 4509 3733 4568 amabili

303 4598 556 4673 γυναικὸς
621 4592 1076 4670 πανευδαίμονος,
1135 4603 1338 4671 σεμνῆς
1390 4598 1453 4653 τὸ
1509 4596 1742 4669 κάλλος,
1798 4597 1963 4674 εὐφυ-

2075 4601 2350 4673 praeditaa,
2383 4601 2454 4657 ad
2502 4600 2900 4658 meretricium
2949 4602 3219 4660 habitum
3269 4608 3324 4660 te
3353 4603 3729 4673 redegerunt.

306 4693 400 4751 οὖς
447 4688 509 4742 τὸ
571 4686 817 4761 μέγεθος,
897 4686 1198 4763 εὐπρεποῦς
1256 4689 1357 4757 τήν
1429 4687 1577 4762 ὄψιν,
1655 4673 1960 4754 ἑαλωκυίας

2069 4690 2310 4755 Quando
2344 4690 2520 4746 istam
2554 4690 2874 4746 deformem
2927 4690 3177 4761 formam
3232 4707 3408 4747 exues
3430 4689 3458 4744 ?
3486 4688 3733 4762 quando

312 4777 498 4850 μέντοι
558 4776 745 4851 χερσὶν
803 4775 1039 4850 ἐραστῶν
1097 4773 1355 4846 ἀναιδῶν,
1419 4774 1559 4849 μηδὶ
1630 4777 1958 4852 τιμωμένων

2069 4778 2417 4836 accersitum
2452 4785 2758 4851 aspectum
2778 4784 2836 4836 et
2856 4796 3123 4853 gressum
3159 4781 3418 4836 mutabis
3441 4780 3469 4835 τ
3500 4778 3679 4850 quite
3701 4793 3736 4833 a

308 4862 521 4922 ὀϐολοῦ
552 4866 679 4940 παρ’
710 4863 1024 4942 ἐχὲφροσιν,
1059 4862 1184 4921 οὔτε
1247 4866 1353 4940 μὴν
1395 4865 1632 4940 ἐχόντων
1691 4867 1753 4921 τὸ
1791 4888 1960 4945 μεγα-

2069 4872 2383 4946 tyrannicis
2416 4873 2544 4929 istis
2575 4873 2945 4945 amplexibus
2996 4890 3099 4946 per
3127 4873 3246 4929 vim
3296 4871 3643 4940 vindicabit,
3668 4872 3730 4926 et

308 4953 583 5033 λοπρεπὶς
643 4955 814 5023 αὐτῆς
870 4951 1125 5023 συνιδεῖν,
1207 4952 1336 5027 μηδ’
1419 4950 1839 5027 εὐλαϐουμένων
1897 4958 1963 5012 τὸ

2073 4961 2148 5018 ad
2161 4966 2413 5018 veterem
2438 4962 2843 5018 castimoniam
2858 4966 2917 5017 et
2931 4960 3257 5017 libertatem
3280 4960 3523 5017 reducet
3537 4959 3566 5016 ?
3584 4959 3735 5016 Nam

310 5046 466 5119 ὕψος,
512 5041 642 5119 μηδ’
684 5042 1172 5117 ὑποστελλομὲνων
1201 5045 1264 5099 τὸ
1296 5044 1525 5122 εὐγενὲς,
1558 5044 1729 5101 ἐνίοτε
1768 5042 1826 5101 δὲ
1872 5047 1964 5101 καὶ

2074 5068 2231 5107 nunc
2264 5050 2504 5125 quidem
2534 5068 2742 5122 parum
2768 5052 2933 5107 abest
2958 5050 3102 5122 quin
3137 5057 3191 5107 te
3216 5051 3514 5107 rideamus
3538 5049 3735 5123 potius

312 5135 453 5209 πρὸς
485 5131 638 5211 ὓϐριν
663 5131 1062 5208 περιελκόντων
1122 5134 1211 5189 καὶ
1262 5133 1337 5196 είς
1393 5134 1582 5204 κοίτην
1643 5135 1964 5211 ἁπαγόντων

2077 5157 2255 5212 quam
2283 5141 2861 5208 miseremur,eorum
2890 5145 3147 5195 utentem
3178 5139 3603 5196 consuetudine
3632 5139 3736 5210 qui

318 5220 594 5293 ἀθέμιτον.
688 5222 766 5283 Δί’
833 5226 932 5293 τῆς
998 5222 1448 5299 αἰσχρουργίαςι
1507 5224 1616 5281 Οἴα
1665 5223 1963 5294 πέπονθας,

2077 5230 2381 5296 dedecent;
2404 5229 2649 5299 atqueid
2683 5229 3059 5301 opprobrium
3087 5229 3741 5299 intuentes,vereamur

321 5308 414 5362 οἷα
442 5312 684 5368 τεθέασαι
720 5314 732 5370 l
764 5314 914 5375 Ὀκις
953 5313 1162 5387 πόρνης
1218 5311 1425 5389 ἐγένετό
1483 5332 1569 5367 σοι
1628 5319 1826 5388 χρῆμα
1869 5336 1968 5370 πε-

2078 5335 2150 5374 ne
2182 5334 2425 5389 prorsus
2457 5316 2707 5373 delearis
2737 5323 2793 5373 et
2820 5318 2891 5373 ad
2918 5327 3238 5374 extremum
3270 5334 3533 5375 corruas.

320 5399 583 5473 ρίπυστον
642 5404 734 5475 [Ρ.
800 5405 927 5476 323]
1003 5404 1090 5458 καὶ
1158 5408 1388 5477 πρᾶγμα
1462 5399 1766 5476 περίδοξον.
1866 5407 1971 5462 Καὶ
2002 5404 2239 5486 φροῦδον
2317 5406 2413 5479 μὶν
2445 5427 2533 5461 σοι
2578 5406 2642 5461 τὸ
2691 5406 2982 5481 ἀπέριττον
3022 5405 3194 5463 ἐκεῖνν
3270 5406 3483 5470 κάλλος
3513 5408 3606 5463 καὶ
3678 5408 3743 5464 τὸ

313 5486 411 5545 τοῦ
486 5490 783 5564 προσώπου
814 5490 1056 5566 αἷδῆμον
1130 5492 1218 5548 καὶ
1260 5495 1295 5562 ἠ
1340 5492 1572 5567 σώφρων
1649 5493 1737 5547 καὶ
1814 5495 2054 5571 προτέρα
2129 5494 2393 5570 ἐγκρατὴς
2466 5492 2669 5567 δίαιτα,
2711 5496 2997 5573 περίεργον
3072 5494 3130 5553 δὶ
3202 5497 3294 5554 καὶ
3372 5498 3742 5575 μετεγγραφὶν

317 5579 595 5654 ἐντρίψεσι
644 5581 735 5634 καὶ
814 5583 1125 5660 φαρμάκοις
1172 5583 1236 5638 τὸ
1284 5582 1374 5637 σὸν
1450 5579 1769 5656 πρόσωπον,
1823 5584 1913 5638 καὶ
1990 5581 2328 5641 διεσκεύασαι
2386 5585 2525 5661 πρὸς
2590 5586 2799 5663 τρυφὴν
2874 5587 2963 5642 καὶ
3043 5587 3180 5661 πρὸς
3232 5588 3372 5656 ἦθος
3450 5585 3746 5643 ἀκόλαστοι

320 5670 767 5746 μετερρύθμισαι·
848 5672 901 5726 οἱ
971 5672 1077 5749 γάρ
1130 5693 1188 5727 σε
1262 5667 1587 5745 ϐιασάμενοι
1643 5673 1744 5741 τὴν
1818 5675 2015 5749 πρώην
2072 5676 2409 5752 ἀπεριὲργως
2466 5675 2644 5746 καλὴν
2702 5680 2794 5733 καὶ
2870 5679 2934 5733 τὸ
2987 5675 3132 5742 εἶδος
3184 5678 3419 5754 ἀγαστήν
3475 5677 3566 5733 καὶ
3622 5674 3751 5732 hri-

317 5781 513 5849 ραστον
572 5760 712 5839 πρὸς
771 5761 833 5818 τὸ
899 5761 1166 5839 ἑταιρικὸν
1226 5759 1637 5837 μετεπλάσαντο
1730 5769 1946 5841 σχῆμα.
2033 5765 2174 5823 Πότε
2254 5765 2561 5829 ἀνανευσεις
2631 5773 2735 5837 τῆς
2818 5765 3074 5849 ἀμόρφου
3152 5766 3357 5840 ταύτης
3441 5765 3744 5844 εὐμορφίας
