4102 6382
356 389 472 452 881

1201 390 1302 451 DE
1345 390 1648 453 ALEXIO
1690 384 1972 450 ISAACII
2018 378 2309 444 ANGLLI
2359 379 2476 438 FB.
2529 378 2680 437 LIB.
2733 376 2836 436 iIl.

3665 377 3785 436 883

353 524 422 580 τὰ
451 519 850 597 στρατεύματα,
875 525 1065 595 κρατεῖ
1091 520 1153 575 τὸ
1185 519 1477 594 ἡμέτερον,
1530 524 1692 600 φόνος
1739 540 1798 575 τε
1845 518 1934 573 καὶ
1999 516 2177 590 τροπὴ
2235 514 2438 590 γίνεται
2490 514 2612 600 τῶν
2662 511 2906 578 Σκυθῶν,
2965 510 3054 564 καὶ
3111 509 3173 563 τὸ
3208 515 3329 600 Δτῆς
3395 505 3782 600 αἰχμαλωσίας

355 612 614 670 πλεῖστον
647 610 880 680 ἀνίεται,
925 609 1019 664 καὶ
1074 611 1223 664 τοῦτ’
1276 608 1362 665 ἐπὶ
1409 594 1608 686 βραχύο
1670 611 1704 676 ἡ
1763 610 1864 684 γὰρ
1924 606 2201 682 σύμφυτος
2257 602 2348 658 καὶ
2413 596 2693 674 μανιώδης
2751 599 2884 654 κάπὶ
2941 603 3059 660 τοῖς
3120 594 3392 671 μηδαμῶς
3450 598 3778 668 καθήκουσιν

357 701 692 778 ἂμετάθετος
722 700 1015 774 Ῥωμαίων
1048 697 1328 774 λίχνευσις
1360 685 1458 768 την
1487 698 1640 768 νίκην
1676 695 1992 772 διέφθειρεν·
2027 692 2188 751 Ὀλοι
2211 691 2315 768 γὰρ
2348 694 2444 778 τοῦ
2467 688 2799 764 ἀφαρπάζειν
2823 688 2920 778 *καὶ
2947 687 3261 778 μεταφέρειν
3311 686 3603 778 γινόμενοι
3646 685 3781 748 ’ἅπερ

356 775 492 866 ἦγον
527 791 578 845 οἱ
617 789 818 845 Σκύθαι
848 789 946 851 τὰς
976 786 1284 862 Ῥωμαϊκὰς
1315 789 1506 863 χώρας
1535 787 1932 861 πορθήσαντες,
1972 784 2034 838 τὸ
2063 782 2221 838 ἀπιὸν
2249 779 2340 836 καὶ
2374 777 2697 854 δραπετεῦον
2746 775 3016 852 πολέμιον
3075 775 3369 851 ἐπέστρεψε
3423 779 3541 832 καθ’
3595 777 3776 850 ἑαυτὸ,

357 881 449 937 καὶ
478 879 746 950 παλίωξιν
776 877 1013 934 ἐντεῦθεν
1047 876 1389 954 εἰργάσαντο.

363 1000 2599 1030 Ψ*

1776 1131 2206 1231 ΤΟΜΟΣ
2288 1133 2355 1227 Γ

1318 1325 1460 1382 ΤΗΣ
1491 1324 1870 1380 ΒΑΣΙΛΕΙΑΣ
1899 1319 2209 1378 ΑΛΕΞΙΟΥ
2237 1318 2368 1376 ΤΟΥ
2397 1319 2810 1376 ΚΟΜΝΗΝΟΥ.

1285 1628 1763 1725 IMPERII
1822 1627 2242 1722 ALEXII
2307 1625 2869 1723 COMNENI

1757 1808 1994 1870 LIBER
2048 1807 2378 1869 TERTIUS

421 2115 490 2186 α’,
521 2114 625 2170 Καὶ
658 2109 792 2188 τῇδε
827 2111 922 2186 μὶν
955 2110 1066 2185 ξκαὶ
1120 2113 1288 2165 ταῦτα
1344 2102 1681 2182 συμϐέϐηκε,
1753 2104 2005 2183 βασιλεὺς
2037 2153 2046 2176 λ

2191 2124 2230 2163 ι.
2290 2106 2392 2162 His
2453 2106 2532 2162 ita
2589 2107 2786 2178 gestis,
2847 2107 3161 2180 imperator
3242 2108 3526 2180 Cypsellis
3593 2109 3768 2166 Thes-

350 2201 395 2260 δ’
438 2207 524 2280 [Ρ.
560 2204 686 2278 325]
714 2203 926 2274 ἀπάρας
960 2201 1020 2257 ἐκ
1047 2207 1154 2257 τῶν
1189 2198 1487 2274 Κυψέλλων
1515 2202 1586 2272 τῇ
1638 2193 2004 2270 Θεσσαλονίκῃ

346 2294 650 2374 ἐφὶσταται,
766 2293 1012 2356 κάκεῖθεν
1114 2290 1340 2350 ἀναστὰς
1424 2289 1560 2343 κατᾶ
1640 2283 1738 2341 τοῖ’)
1794 2284 2010 2360 Χρύσου

344 2383 512 2459 ὁρμᾷ.
567 2380 743 2444 Οὗτος
799 2381 902 2456 γὰρ
955 2381 1055 2449 τήν
1129 2377 1554 2455 Στρούμμιτζαν
1616 2373 2007 2459 ίδιωσάμενος,

344 2458 561 2547 Βγλάχος
615 2469 687 2525 ὣν
743 2471 805 2525 τὸ
886 2471 1068 2546 γένος,
1123 2467 1214 2524 καὶ
1287 2465 1547 2546 φρούριόν
1600 2486 1652 2519 τι
1707 2458 2007 2519 ἀπολαϐὼν

346 2558 643 2634 λεγόμενον
730 2559 1012 2634 Πρόσακον
1101 2556 1153 2619 ές
1238 2559 1548 2632 τυραννεῖον
1609 2553 1784 2624 ἓαυτῳ
1845 2571 2004 2607 κατε-

349 2648 592 2718 σκεύασε,
651 2649 917 2722 κρατύνας
994 2645 1270 2708 παντοίως
1317 2646 1381 2699 τὸ
1438 2638 1639 2720 ἔρυμα,
1686 2642 1877 2716 ὅπερὴ
1914 2641 2008 2714 μὲν

346 2739 504 2818 φύσις
561 2737 800 2812 ἀρχῆθεν
855 2733 1165 2813 φιλοτίμως
1225 2732 1402 2809 ἐξεῦρέ
1450 2753 1534 2818 ,τε-
1588 2731 1681 2786 καὶ
1749 2727 2002 2785 ἀνέδωκε”

346 2817 540 2901 πέτραι
585 2826 686 2901 γὰρ
712 2825 844 2880 εἰσιν
896 2825 1219 2901 ἀπορρῶγες
1284 2817 1576 2898 δισχιδεῖς,
1637 2819 2010 2897 συνεπτυγμέ-

341 2936 428 2969 ναι
460 2913 757 2985 ἀλλήλαις,
793 2913 892 2988 μία
937 2911 984 2968 δ’
1042 2913 1095 2975 ἐς
1162 2912 1328 2974 αὐτάς
1390 2909 1530 2966 ἐστιν
1592 2906 1784 2971 ἄνοδος
1845 2910 2004 2978 στενή

339 3004 434 3058 καὶ
468 3003 648 3079 βίαιος
670 3002 760 3057 καὶ
791 3002 1208 3080 ἀμφίκρημνος,
1254 3004 1288 3070 ἠ
1341 2999 1398 3056 δέ
1447 2998 1620 3067 λοιπή
1678 2999 2006 3074 περίμετρος

332 3098 451 3149 τῶν
517 3097 730 3169 πετρῶν
788 3091 1008 3167 αἰγίλιψ
1072 3093 1253 3145 ἅπασα
1307 3090 1398 3145 καὶ
1462 3084 1828 3164 ἀπρόσϐατος,
1914 3088 2006 3142 καὶ

329 3182 590 3255 ποταμὸς
667 3177 959 3255 βαθυδίνης
1056 3181 1084 3235 6
1171 3178 1358 3250 ’Ἀξιὸς
1444 3174 2005 3251 ἀμφιπερικλώμενος

328 3270 668 3350 ἐπιτειχίζει
726 3271 925 3332 ταύτας
982 3269 1460 3345 παραλογώτερον·
1535 3266 1769 3331 ἐλθοῦσα
1826 3264 1872 3322 δ’
1930 3265 2005 3326 εἷς

331 3364 567 3440 ὕστερον
600 3367 634 3433 ἡ
665 3362 836 3438 τέχνη
893 3359 1342 3435 ἀνθαμιλΛήτρια
1368 3363 1438 3425 τῇ
1494 3359 1649 3438 φύσει
1692 3359 2004 3418 ἀναλώτους

334 3452 514 3518 atra;
547 3457 747 3527 μικροῦ
767 3451 1109 3521 ἐτεκτήνατο.
1141 3449 1301 3547 τείχη
1356 3450 1460 3526 γὰρ
1515 3447 1728 3524 ἀρραγῆ
1791 3447 2004 3519 διειληο
2040 3483 2085 3547 Β

331 3549 478 3626 φυῖα
502 3542 640 3598 κατὰ
669 3543 769 3611 τὴν
802 3538 1107 3596 ἐνδοθεῖσαν
1151 3535 1345 3593 ἄνοδον
1406 3538 1673 3614 ὑπερφυὲς
1726 3536 1999 3593 τετέλεκεν

332 3625 715 3710 δρμητήριον.
751 3630 925 3689 Ἀλλὰ
955 3630 1018 3686 τὸ
1047 3633 1296 3686 τοιοῦτον
1329 3625 1512 3706 ἔρυμα
1567 3628 1658 3683 τὸν
1720 3629 2002 3704 Πρόσακον

335 3726 616 3797 Ῥωμαῖοι
677 3721 771 3796 μὲν
826 3717 1000 3776 πάλαι
1063 3715 1344 3795 παρεῖδον,
1420 3717 1756 3795 Βουλγάρων
1809 3716 2006 3794 ἀφρον-

338 3816 669 3883 τιστοῦντες,
728 3811 819 3866 καὶ
895 3807 1193 3866 κατέλιπον
1268 3805 1503 3886 ἔρημον,
1564 3809 1592 3862 6
1669 3804 1725 3862 δὲ
1798 3805 2004 3883 Χρύσος

341 3904 672 3974 ἐπιποιήσας
706 3901 826 3978 εἶχε
874 3901 1011 3956 κατά
1066 3897 1360 3972 Ῥωμαίων
1419 3897 1779 3972 ἀπρόσμαχον
1845 3896 2002 3968 οἰκη-

339 3999 562 4070 τήριον,
591 3997 695 4048 πᾶν
727 3992 813 4049 ’ὁτι
845 4011 948 4066 περ
974 3988 1170 4053 ὅπλοις
1217 3989 1488 4070 τρόφιμον
1547 3987 1718 4044 ἐκεῖσε
1774 3986 2004 4060 συνηλι-

344 4085 484 4154 κὼς,
517 4080 790 4160 ἀφετήριά
820 4101 878 4136 τε
910 4075 1113 4154 ὄργανα
1141 4080 1472 4154 περιστήσας
1499 4079 1586 4133 καὶ
1619 4079 1684 4132 τὰ
1741 4079 1875 4152 πρὸς
1942 4077 2004 4131 τὸ

347 4177 444 4248 ζῇν
507 4171 796 4243 ἐνθέμενος
866 4165 1097 4245 ἄφθονα,
1165 4167 1396 4240 ποίμνιά
1462 4188 1521 4222 τε
1579 4166 1668 4221 καὶ
1741 4165 2008 4241 βουκόλια

344 4263 464 4318 κατ’
525 4255 727 4332 ἀγέλας
784 4261 904 4316 ταῖς
960 4255 1339 4329 ἀκρωνυχίαις
1395 4254 1536 4316 ἀνεὶς
1613 4255 1887 4327 νέμεσθαι·
1941 4254 2004 4309 ού

346 4349 451 4423 γὰρ
483 4343 886 4421 εύπερίληπτος
913 4345 948 4414 ἡ
981 4348 1082 4398 τοῦ
1117 4342 1381 4420 φρουρίου
1437 4339 1600 4398 τοῦδε
1654 4346 2002 4418 περίμετρος,
2048 4389 2050 4391 .

351 4433 476 4491 ἀλλ’
533 4434 586 4497 ἐς
654 4433 736 4490 ὅτι
795 4432 1052 4489 πλεῖστον
1117 4431 1389 4508 εὐρύνεται
1438 4429 1528 4485 καὶ
1565 4431 1883 4506 μηκύνεται,
1915 4432 2004 4486 καὶ

347 4524 568 4581 ἄλσεσιν
630 4524 681 4585 ἐς
741 4519 966 4598 ὄμϐρων
1027 4527 1196 4594 κομᾷ,
1263 4521 1352 4575 καὶ
1401 4521 1634 4596 χωρίοις
1693 4517 2003 4596 δρυμώδεσι

350 4609 626 4691 βέϐριθεν,
661 4614 778 4676 ἑνὸς
809 4609 867 4668 δὲ
912 4633 1064 4676 τινος
1119 4609 1318 4682 καλοῦ,
1371 4612 1464 4666 καὶ
1519 4609 1716 4666 τούτου
1770 4609 2002 4684 ἀπαραι-

346 4705 542 4774 τήτου,
574 4700 874 4758 καλλίστου
908 4701 998 4755 καὶ
1029 4699 1321 4775 κρατίστου
1376 4699 1439 4754 τὸ
1506 4698 1765 4777 φρούριον
1823 4696 2004 4773 στέρε-

346 4796 458 4849 ται⁴
492 4789 618 4847 οὐδὲ
657 4791 759 4868 γὰρ
825 4790 1061 4866 βραχεῖά
1123 4810 1205 4851 τις
1270 4786 1462 4850 ὕδατος
1510 4783 1671 4852 λιϐὰς
1726 4788 1836 4844 ἐκεῖ
1893 4808 1998 4843 που

346 4859 1080 4957 έκδίδωσινίούδίφρέάτιά
1135 4879 1266 4933 εἰσιν
1321 4877 1545 4953 ὀρυκτὰ,
1600 4876 1748 4933 ἀλλὰ
1807 4875 1890 4932 δεῖ
1947 4877 1998 4940 ές
2038 4859 2080 4926 C

346 4974 441 5030 τὸν
495 4971 745 5045 ποταμὸν
820 4968 1052 5024 κατιέναι
1129 4967 1222 5024 καὶ
1271 4964 1480 5043 ὑδρίαις
1557 4968 1849 5043 ἀρύσασθαι
1906 4969 1998 5023 τὸν

347 5061 536 5119 ποτόν.
569 5060 830 5120 Τοιούτον
864 5058 1046 5114 τοίνυν
1105 5057 1376 5131 ἐρύματος
1435 5058 1706 5132 ἐγκρατὴς
1765 5057 1792 5111 6
1857 5056 1999 5133 Χρύ-

350 5173 445 5214 σος
475 5152 765 5227 γενόμενος
809 5151 948 5224 πρὸς
1004 5144 1155 5202 οὐδὲν
1213 5146 1294 5200 ὅτι
1349 5147 1464 5202 κατ’
1522 5145 1687 5202 αύτοῦ
1743 5145 2000 5221 βασιλεὺς

353 5238 554 5294 ἔπεισιν
587 5239 930 5315 ἐτετάρακτο,
983 5235 1112 5292 ἀλλ’
1169 5237 1241 5298 ὡς
1302 5235 1714 5308 ἀντιταξόμενος
1766 5237 1998 5310 ἡτοιμά-

356 5348 508 5387 σατο.
547 5333 688 5397 ,Τοῖς
750 5330 844 5403 μὲν
905 5329 995 5383 οὗν
1050 5323 1103 5382 ὶν
1165 5325 1323 5399 πείρᾳ
1379 5322 1632 5398 πολέμου
1686 5326 2002 5398 Ῥωμαίοις,

355 5417 405 5473 εἳ
433 5437 517 5482 τις
566 5439 670 5474 που
727 5418 864 5482 τέως
924 5415 1014 5473 καὶ
1071 5413 1463 5485 ὕπολέλειπτο,
1522 5413 1615 5468 καὶ
1668 5415 1750 5476 οἷς
1804 5417 1839 5485 ἡ
1891 5419 1999 5470 τῶν

353 5507 526 5563 ἐκεῖσε
553 5506 699 5571 θέσις
739 5512 939 5587 χωρῶν
965 5504 1219 5581 οὐδαμῶς
1249 5503 1511 5578 ἠγνόητο,
1583 5501 1700 5560 δέον
1761 5504 2000 5578 ἐκρίνετο

352 5597 444 5654 καὶ
499 5601 577 5670 τῷ
637 5598 852 5674 βασιλεῖ
910 5592 1295 5651 συνεϐούλευον
1356 5591 1700 5671 παραλλάξαι
1763 5594 1860 5667 μὶν
1909 5596 1999 5649 τὸν

354 5684 660 5767 Πρὸσακον,
717 5688 996 5764 μετελθεῖν
1058 5682 1115 5741 δὲ
1173 5684 1240 5741 τὰ
1302 5683 1471 5740 λοιπὰ
1539 5683 1855 5758 πολίσματα
1908 5686 1994 5740 καὶ

2119 2194 2433 2252 salonicam
2483 2195 2892 2268 proﬁciscitur.
2929 2196 3070 2251 Inde
3099 2205 3298 2252 contra
3343 2197 3626 2269 Cbrysum
3660 2198 3770 2252 iter

2119 2285 2371 2340 intendit
2418 2285 2518 2355 qui
2579 2285 2871 2340 Strumiza
2929 2285 3042 2340 sibi
3102 2285 3394 2342 vindicata
3466 2285 3767 2343 castellum

2118 2389 2351 2445 quoque
2399 2377 2739 2440 Prosacum,
2787 2379 2847 2428 et
2877 2379 3085 2429 natura
3115 2379 3172 2428 et
3217 2389 3389 2445 opere
3447 2376 3769 2432 munitissi-

2117 2479 2302 2529 mum,
2323 2479 2425 2535 pro
2460 2464 2614 2535 regia
2635 2467 2962 2534 occupavit.
2983 2463 3131 2518 Sunt
3163 2464 3320 2519 enim
3353 2464 3550 2522 solidas
3599 2483 3771 2538 rupes

2116 2552 2330 2618 biﬁdae,
2363 2554 2516 2607 inter
2546 2569 2609 2606 se
2638 2552 2950 2624 contiguas,
2983 2553 3138 2608 666
3168 2552 3226 2607 in
3259 2569 3400 2626 quas
3431 2570 3585 2610 unus
3613 2561 3772 2626 patet

2117 2641 2312 2698 aditus
2371 2649 2682 2713 angustus,
2744 2641 3003 2698 difﬁcilis
3043 2651 3095 2698 et
3159 2660 3457 2715 praeceps:
3509 2645 3768 2718 reliquus

2116 2732 2374 2789 ambitus
2407 2734 2641 2804 rupium
2675 2732 2761 2788 vel
2813 2732 3098 2804 capreolis
3153 2734 3484 2791 inaccessus
3541 2739 3650 2804 est,
3710 2741 3769 2792 et

2117 2822 2294 2878 Axius
2325 2823 2652 2894 profundus
2673 2822 2864 2878 amnis
2897 2838 3019 2883 eas.
3060 2823 3216 2893 quod
3257 2824 3486 2890 mirere,
3518 2824 3765 2880 circum-

2117 2911 2264 2967 ﬂuit.
2338 2911 2549 2967 Deinde
2582 2928 2674 2968 ars
2707 2910 2918 2966 aamula
2950 2917 3172 2967 natura:
3205 2929 3349 2983 pene
3409 2915 3765 2986 inexpugna-

2118 3001 2263 3058 biles
2311 3017 2406 3057 eas
2462 3001 2612 3070 fecit,
2673 3009 2724 3055 et
2787 3001 3074 3056 ﬁrmissus
3140 3003 3428 3058 mmnibus
3487 3005 3544 3058 in
3601 3005 3763 3060 aditu

2116 3090 2355 3147 structis
2388 3089 2649 3146 mirabile
2710 3091 3209 3162 propugnaculum
3243 3091 3512 3149 absolvit.
3549 3093 3612 3149 ld
3667 3110 3763 3150 ca-

2117 3180 2348 3236 stellum
2394 3179 2639 3236 Romani
2699 3173 2836 3235 6|im
2889 3179 3035 3236 nihil
3087 3181 3159 3235 de
3220 3181 3478 3254 Bulgaris
3534 3181 3767 3239 solliciti

2116 3272 2412 3326 desertum
2445 3279 2496 3325 et
2524 3269 2851 3341 neglectum
2897 3270 3088 3342 jacere
3119 3274 3275 3342 passi
3307 3275 3465 3326 sunt.
3507 3271 3768 3345 Cbrysus

2117 3376 2247 3415 vero
2288 3358 2646 3413 domicilium
2701 3358 2776 3413 ibi
2842 3359 3202 3416 tutissimum
3253 3361 3578 3416 constituit.
3613 3365 3766 3417 Prte-

2119 3449 2268 3505 sidio
2300 3454 2700 3504 veteranorum
2757 3449 3055 3519 imposito,
3091 3451 3394 3505 tormentis
3428 3451 3486 3505 in
3520 3451 3766 3506 circuitu

2117 3542 2420 3612 dispositis
2479 3550 2534 3596 et
2564 3546 2898 3596 commeatu
2935 3541 3168 3596 abunde
3199 3541 3535 3612 importato,
3567 3560 3770 3616 greges

2115 3636 2171 3687 et
2201 3635 2466 3686 armenta
2509 3632 2567 3686 in
2604 3631 2917 3688 verticibus
2951 3631 3238 3686 montium
3271 3633 3469 3703 vagari
3527 3637 3584 3688 et
3614 3633 3769 3703 pasci

2115 3720 2266 3775 sivit.
2302 3718 2501 3790 Neque
2557 3718 2711 3774 enim
2755 3718 2974 3774 castelli
3006 3719 3262 3775 ambitus
3307 3720 3470 3775 facile
3500 3737 3762 3793 compre-

2114 3807 2290 3864 hendi
2352 3815 2559 3877 potest,
2608 3807 2708 3878 qui
2755 3807 2927 3880 longe
2997 3809 3229 3880 lateque
3288 3814 3460 3880 patet,
3517 3809 3764 3866 saltibus

2115 3899 2291 3955 etiam
2322 3907 2378 3954 et
2438 3898 2776 3954 nemoribus
2808 3898 2990 3955 ﬂoret.
3022 3897 3148 3953 Uoo
3178 3903 3375 3954 tamen
3426 3899 3577 3956 bono
3610 3901 3759 3956 667

2114 4005 2298 4062 eoque
2328 4004 2548 4045 summe
2605 3989 2928 4044 necessario
2960 3993 3016 4043 et
3058 3989 3536 4060 praestantissimo
3585 3995 3764 4057 caret,

2115 4079 2273 4153 quod
2305 4097 2376 4136 ne
2410 4096 2524 4134 una
2576 4078 2814 4150 quidem
2856 4094 3023 4149 aqua;
3053 4082 3217 4150 gutta
3246 4078 3324 4133 ibi
3357 4080 3619 4146 scaturit,
3660 4096 3767 4137 nec

2115 4168 2344 4225 fossiles
2378 4169 2532 4238 putei
2580 4175 2738 4236 sunt,
2789 4167 2887 4222 sed
2923 4168 2992 4222 ad
3027 4167 3243 4225 ﬂumen
3293 4168 3764 4224 descendendum

2115 4263 2172 4313 et
2229 4258 2455 4329 bydriis
2503 4274 2655 4328 aqua
2718 4255 3041 4311 haurienda
3097 4261 3204 4312 est.
3278 4256 3532 4330 Chrysus
3589 4257 3770 4329 igitur

2114 4346 2217 4403 tali
2247 4345 2480 4402 castello
2540 4346 2775 4416 potitus,
2811 4345 3179 4418 imperatoris
3227 4352 3427 4403 contra
3484 4364 3546 4404 se
3596 4364 3766 4418 expe-

2114 4434 2332 4490 ditione
2366 4433 2512 4489 nihil
2572 4434 2827 4502 territus,
2861 4435 2930 4489 ad
2981 4435 3368 4492 resistendum
3420 4453 3483 4492 se
3524 4436 3763 4508 paravit.

2115 4523 2357 4580 Romani
2413 4539 2546 4578 vero
2602 4523 2682 4577 rei
2715 4522 2978 4578 militaris
3009 4524 3197 4596 periti,
3239 4525 3286 4580 si
3347 4526 3446 4598 qui
3489 4526 3634 4582 forte
3665 4543 3766 4582 su-

2115 4617 2400 4686 pererant,
2433 4617 2489 4667 et
2537 4612 2688 4668 situs
2720 4611 2980 4668 locorum
3031 4629 3148 4670 non
3197 4613 3406 4682 ignari,
3449 4615 3766 4672 monebant

2113 4703 2522 4774 imperatorem
2557 4706 2617 4757 ut
2668 4702 2956 4772 praeterito
3010 4706 3257 4759 Prosaco
3291 4703 3512 4776 reliqua
3549 4704 3764 4776 oppida

2115 4798 2172 4850 et
2210 4809 2389 4865 pagos
2431 4792 2635 4864 Chrysi
2690 4792 3007 4862 invaderet,
3040 4797 3097 4848 et
3152 4792 3224 4848 iis
3253 4794 3602 4865 expugnatis
3659 4794 3762 4850 de-

2113 4898 2273 4938 mum
2324 4882 2395 4938 ad
2444 4880 2587 4936 illud
2637 4879 2938 4936 castellum
2972 4881 3285 4936 accederet.
3345 4881 3440 4937 Sic
3497 4890 3550 4938 et
3601 4899 3763 4940 exer-

2113 4973 2294 5027 citum
2327 4971 2448 5026 fore
2489 4971 2847 5026 ﬁdentiorem
2885 4969 3116 5025 victoria
3146 4977 3200 5025 et
3234 4971 3428 5042 prada
3457 4988 3526 5029 ex
3565 4973 3766 5030 minus

2113 5061 2297 5116 firmis
2357 5058 2614 5117 castellis
2646 5067 2832 5131 parta,
2867 5063 2925 5112 et
2955 5059 3146 5128 ipsum
3199 5058 3484 5133 Chrysum
3523 5063 3580 5118 vi
3629 5064 3764 5119 belli

2115 5155 2355 5222 urgente
2409 5154 2510 5204 aut
2566 5147 2875 5204 consilium
2925 5151 3285 5204 mutaturum
3345 5152 3592 5209 remissa
3647 5170 3774 5224 per-

2112 5239 2350 5305 tinacia,
2386 5245 2483 5293 aut
2519 5238 2588 5293 de
2620 5236 2796 5292 rebus
2829 5237 2950 5292 suis
2980 5237 3420 5309 desperaturum
3451 5257 3464 5296 :
3496 5247 3766 5302 caeterum

2114 5329 2174 5384 in
2207 5344 2394 5384 arcem
2419 5326 2930 5398 inexpugnabilem
2958 5327 3240 5399 principio
3268 5327 3456 5386 facere
3485 5331 3765 5403 impetum

2113 5424 2170 5474 et
2235 5433 2367 5472 cum
2424 5416 2732 5487 praeruptis
2793 5417 2969 5486 petris
3028 5417 3305 5474 dimicem
3361 5435 3492 5475 cum
3551 5438 3764 5480 vanum

2113 5523 2261 5574 esse,
2284 5510 2409 5560 tum
2439 5505 2698 5561 cruentis
2731 5505 3043 5561 sudoribus
3074 5510 3131 5560 et
3162 5505 3365 5564 multis
3398 5513 3672 5568 aerumnis
3707 5518 3764 5570 et

2114 5597 2368 5653 caedibus
2393 5599 2652 5666 plenum.
2689 5595 2788 5651 His
2813 5597 3118 5667 spadones,
3152 5597 3433 5670 Georgius
3465 5601 3760 5660 OEnaaoles

2111 5688 2172 5742 in
2228 5685 2452 5758 primis,
2503 5689 2560 5741 et
2609 5685 2900 5743 imberbes
2949 5685 3363 5744 adolescentuli
3411 5689 3621 5748 acriter
3649 5693 3754 5750 ad-
