4102 6386
325 395 443 458 883

1642 397 1949 457 ΝΙΟΕΤιΕ
1993 396 2420 459 (ΣΗΟΝΙΑΤΙΕ

3621 397 3750 459 884

320 521 557 602 νει-σεῦ,
592 529 928 603 imperatori
968 534 1386 603 persuaserunt
1416 535 1480 588 ut
1527 536 1684 589 recta
1721 533 1792 588 ad
1833 533 1971 589 Pro-

2104 532 2179 593 τὰς
2233 533 2427 606 κώμας
2486 533 2678 589 ὁπόσαι
2736 532 3000 603 κατήκοοι
3049 531 3243 608 χρύσῳ
3296 532 3570 607 γεγόνασι,
3607 530 3755 603 μετὰ

324 641 529 685 secum
600 623 920 677 adduceret
1003 622 1345 690 exercitum,
1415 640 1531 694 quo
1596 629 1764 694 capto
1832 623 1977 679 nihil

325 716 600 784 deinceps
663 727 835 783 posse
906 710 1194 779 resistere,
1255 712 1572 783 praesertim
1636 728 1771 767 cum
1838 712 1983 768 nihil

325 804 636 877 impediret
668 800 988 872 quominus
1020 815 1213 855 arcem
1269 799 1422 856 668
1476 800 1606 855 belli
1661 801 1981 866 invaderet,

328 910 435 951 nec
492 892 811 964 quidquam
863 894 1022 943 esset
1077 892 1228 959 quod
1296 890 1523 945 hostem
1583 907 1684 961 per
1712 892 1985 962 ambages

329 996 586 1055 quarere
616 983 865 1050 cogeret.
920 978 1205 1033 Praeterea
1263 980 1555 1034 neminem
1590 996 1720 1034 esse
1784 981 1879 1051 qui
1928 983 1983 1034 in

331 1068 649 1128 barbaricis
690 1071 747 1122 et
803 1066 969 1121 {mdis
1020 1066 1137 1122 illis
1186 1066 1330 1123 locis
1362 1069 1588 1124 diutius
1634 1072 1989 1126 commorari

334 1159 647 1223 sustineat,
700 1155 857 1210 nullo
901 1161 1000 1210 aut
1053 1156 1261 1230 exiguo
1312 1172 1446 1212 cum
1500 1158 1714 1227 fructu,
1769 1159 1987 1214 ficuum

330 1255 386 1307 et
429 1262 719 1321 peponum
764 1249 1027 1317 tempore
1086 1248 1367 1317 instante,
1426 1251 1483 1303 et
1533 1248 1756 1304 caeteris
1802 1250 1990 1319 pomis

332 1336 887 1403 maturescentibus,
949 1336 1168 1407 quibus
1219 1336 1524 1408 Propontis
1565 1343 1631 1393 ut
1688 1339 1991 1408 paradisus

336 1429 434 1486 Dei
469 1425 738 1482 manibus
771 1425 1034 1482 consitus
1063 1426 1314 1482 abundet
1345 1448 1375 1477 «
1406 1427 1657 1491 Utinam,
1692 1428 1992 1500 inquiunt,

334 1520 392 1575 in
432 1515 631 1586 Rhegii
683 1514 926 1586 planitie
968 1530 1253 1581 essemus,
1307 1520 1365 1571 et
1415 1515 1761 1586 Aphamcam
1798 1532 1990 1573 cerne-

335 1623 555 1676 remus,
591 1608 653 1659 ut
680 1621 848 1660 sacra
872 1605 1035 1676 Cpoli
1069 1605 1401 1662 salutatain
1436 1607 1810 1679 Propontidis
1826 1625 1996 1664 amm-

336 1700 553 1758 nitates
586 1696 1018 1768 navigaremus,
1044 1713 1220 1769 quam
1254 1696 1415 1754 lenes
1455 1704 1513 1754 et
1543 1700 1802 1755 fecunda;
1824 1700 1993 1772 Aqui-

337 1792 492 1850 lonis
535 1808 691 1849 aurae
750 1787 975 1859 jugiter
1006 1791 1270 1857 perflant,
1331 1788 1428 1844 ubi
1506 1790 1690 1859 pisces
1738 1796 1998 1848 recentes

2094 618 2151 677 δὲ
2202 624 2300 693 τήν
2353 623 2563 679 τούτων
2619 623 2878 699 χείρωσιν
2931 626 3012 694 τῷ
3044 628 3311 695 Προσακῳ
3341 613 3753 693 παρεμϐαλεῖν.

2094 711 2236 767 οὕτω
2289 713 2391 789 γὰρ
2444 712 2673 769 ἐσεῖσθαι
2730 712 2821 768 καὶ
2876 712 2940 767 τὸ
3029 711 3338 787 στράτευμα
3395 710 3762 785 εὐθαρσέστε-

2098 825 2212 881 ρον,
2269 806 2337 861 τὰ
2395 804 2701 881 εὐχείρωτοι
2756 802 3261 878 καταστρεψάμενον
3334 800 3597 878 πρότερον
3659 802 3762 857 καὶ

2096 891 2245 948 λείαν
2316 893 2514 949 ἐκεῖθεν
2570 890 3033 969 περιϐαλόμενον,
3089 892 3181 947 καὶ
3268 890 3430 946 αὐτὸν
3521 887 3578 944 δὲ
3656 889 3760 944 τὸν

2097 984 2307 1058 Χρύσον
2338 988 2407 1058 τῇ
2443 983 2534 1058 βίᾳ
2574 988 2681 1037 τῶν
2735 981 3069 1057 πραγμάτων
3137 979 3450 1059 ἀγχόμενον
3507 982 3589 1052 [Ρ.
3620 981 3761 1053 326]

2099 1068 2638 1146 μεταϐουλεύσασθαι
2720 1093 2774 1127 τι
2858 1069 3257 1146 χρηστότερον,
3343 1065 3562 1123 ἐνδόντα
3654 1072 3766 1123 τοῦ

2098 1162 2231 1236 ἄγαν
2264 1162 2299 1231 ἤ
2356 1161 2446 1216 καὶ
2502 1161 2810 1235 ἀπογνόντα
2876 1164 2979 1215 τῶν
3038 1160 3156 1224 καθ’
3213 1156 3398 1213 αὐτόν.
3450 1161 3557 1213 Τοῦ
3603 1155 3659 1212 δὲ
3695 1177 3769 1234 γε

2096 1253 2233 1307 κατὰ
2292 1254 2393 1321 τὴν
2460 1252 2688 1326 πρώτην
2747 1252 2928 1326 ὁρμὴν
2986 1255 3105 1311 τοῖς
3166 1248 3550 1323 ἀπροσμάχοις
3597 1247 3767 1309 εὐθὺς

2098 1337 2435 1417 προσϐαλεῖν
2490 1340 2579 1395 καὶ
2641 1339 2778 1416 πρὸς
2836 1335 2940 1412 ὅρη
3002 1336 3403 1411 διαμιλλᾶσθαι
3477 1335 3769 1409 ἀπότομα,

2103 1431 2180 1504 μὴ
2212 1431 2300 1486 καὶ
2353 1432 2489 1485 εἶναι
2553 1431 2781 1503 μάταιον
2843 1422 3057 1505 ἔλεγον,
3126 1426 3219 1482 καὶ
3275 1422 3466 1487 ἄλλως
3517 1422 3767 1500 ἱδρῶτας

2100 1522 2229 1596 ὀρᾷν
2296 1520 2653 1591 αἱματόεντας
2708 1517 2798 1573 καὶ
2857 1516 3253 1594 προσκείμενον
3310 1515 3477 1569 πόνον
3552 1514 3764 1583 πολὺν,

2098 1608 2190 1662 καὶ
2246 1608 2598 1685 φαντάζεσθαι
2652 1606 2852 1681 κόρσας
2909 1606 3209 1680 ἀναύχενας
3250 1607 3356 1659 τῶν
3382 1602 3761 1677 μαχουμένων

2103 1693 2327 1772 ἃνδρῶν.
2388 1697 2491 1754 Καὶ
2550 1697 2603 1751 o't
2664 1697 2760 1770 μὶν
2816 1698 2985 1750 ταῦτα
3056 1695 3358 1770 παρήνουν,
3430 1690 3763 1763 ἀντέστησαν

2104 1785 2163 1842 δὲ
2191 1787 2563 1862 γενναιότερον
2594 1786 2645 1841 οἱ
2682 1786 2759 1858 μή
2793 1784 3017 1859 ἐνόρχαι
3047 1787 3144 1838 τοῦ
3179 1781 3452 1857 βασιλέως
3509 1782 3758 1855 πρόκοι-

337 1881 643 1954 palpitant.
680 1878 777 1934 ubi
810 1876 1119 1949 delphines
1142 1877 1584 1948 jucundissime
1617 1878 1852 1945 saltant,
1894 1878 1992 1935 ubi

2104 1899 2211 1946 τοι,
2243 1878 2319 1931 ὧν
2350 1875 2739 1951 ἐπρωτίστευεν
2774 1876 2801 1930 ὁ
2849 1874 3135 1944 Οἶανώτης
3201 1872 3497 1947 Γεώργιος,
3539 1869 3629 1924 καὶ
3687 1871 3763 1925 τὰ

2110 1966 2124 1976 α
2178 1966 2191 1976 ι
2291 1972 2317 1976 __
2380 1967 2424 1976 ’Δ
2608 1964 2618 1976 l
2748 1965 2760 1976 ι
2904 1964 2915 1976 ι
3249 1960 3260 1976 Ι
3436 1956 3507 1976 ΛΥ
3699 1957 3715 1975 \

338 1971 562 2027 lavacra
620 1967 834 2042 passim
897 1966 1177 2036 arrident,
1238 1966 1338 2021 ubi
1398 1965 1779 2039 limpidorum
1838 1968 1996 2023 rivu-

340 2061 527 2117 lorum
560 2060 745 2115 ﬂexus
797 2059 1183 2127 spectatorem
1237 2053 1586 2122 exhilarant,
1635 2056 1730 2111 ubi
1762 2056 2001 2113 auribus

345 2145 855 2206 obambulantium
929 2145 1189 2217 garritus
1241 2144 1625 2201 hirundinum
1682 2151 1740 2201 et
1795 2150 2011 2203 cantus-

340 2239 728 2296 luscinierum
778 2238 1236 2307 ceterarumque
1286 2234 1478 2290 avium
1540 2233 1936 2292 blandiuntur.
1972 2260 2000 2288 ››

348 2328 535 2400 Igitur
558 2326 873 2395 imperator
900 2321 1050 2378 laxis
1080 2322 1326 2378 habenis
1348 2323 1421 2378 ad
1452 2322 1763 2379 Prosacum
1800 2324 2000 2393 fertur,

342 2415 510 2491 quasi
568 2414 752 2471 oculis
798 2429 866 2469 ea
940 2420 1275 2482 usurpasset
1332 2429 1462 2484 quae
1521 2413 1762 2469 auribus
1828 2431 2001 2471 acce-

348 2510 535 2579 perat.
569 2503 769 2559 Obiter
799 2507 993 2559 tamen
1027 2501 1268 2557 castella
1313 2503 1575 2572 quedam
1607 2519 1801 2559 eversa
1840 2510 2000 2573 sunt,

344 2602 398 2652 et
438 2594 646 2649 horrea
700 2598 758 2646 et
816 2596 1040 2663 segetes
1092 2590 1364 2656 incensis,
1406 2599 1461 2646 et
1511 2608 1543 2646 a
1585 2593 1800 2659 Persis,
1855 2608 2004 2662 quos

346 2685 693 2754 Ancyranus
769 2684 1006 2751 satrapa
1065 2678 1398 2749 imperatori
1461 2679 1676 2736 auxilio
1746 2681 2002 2748 miserat,

347 2770 553 2828 Blachi
603 2769 825 2840 aliquot
867 2768 1046 2840 capti.
1078 2767 1224 2823 Eum
1278 2767 1615 2824 orthodoxae
1669 2768 1803 2825 ﬁdei
1849 2770 2002 2826 669

347 2859 601 2917 cultores
648 2857 1059 2928 imperatorem
1111 2856 1384 2913 obtestati
1432 2862 1568 2913 sunt
1613 2873 1683 2913 ne
1724 2875 1757 2913 a
1798 2858 2004 2915 Turcis

349 2951 617 3008 homines
679 2949 782 3022 qui
832 2948 1105 3005 eumdem
1163 2952 1341 3003 Deum
1394 2950 1607 3017 colant,
1666 2965 1841 3020 quem
1896 2966 2005 3006 nos

345 3054 779 3104 veneraremur,
835 3036 1046 3093 abduci
1120 3035 1237 3092 ullo
1312 3037 1482 3092 modo
1549 3041 1861 3108 pateretur,
1935 3055 2006 3093 ne

348 3129 692 3201 religionem
764 3125 1040 3196 abjurare
1089 3125 1269 3180 coacti
1335 3130 1510 3181 Deum
1560 3134 1759 3181 contra
1814 3142 1914 3183 eos
1975 3144 2007 3183 a

351 3217 567 3289 quibus
617 3214 795 3271 dediti
827 3221 1024 3270 essent
1081 3212 1477 3285 instigarent:
1527 3216 1623 3270 sed
1658 3215 1885 3272 Blachis
1942 3216 1999 3271 in

348 3313 745 3365 Romanorum
803 3302 1043 3360 servitia
1101 3303 1430 3359 distributis
1484 3305 1695 3372 Persis,
1743 3305 1840 3376 qui
1899 3321 1999 3363 eos
2037 3292 2082 3356 C

348 3395 665 3467 cepissent,
723 3391 854 3448 aliis
890 3391 1299 3464 largitionibus
1330 3393 1729 3464 placarentur.
1787 3394 2003 3451 Verum

346 3484 446 3543 ille
478 3483 648 3556 plane
681 3482 876 3538 renuit
905 3502 920 3551 ;
958 3488 1015 3537 et
1061 3481 1269 3537 castris
1301 3483 1368 3537 ad
1426 3486 1735 3539 Prosacum
1799 3483 2004 3556 positis

349 3575 545 3633 statim
600 3573 1090 3647 oppugnationem
1148 3578 1371 3630 tentare
1428 3574 1700 3632 instituit.
1755 3577 1834 3632 Ac
1893 3576 2003 3632 Ro-

354 3665 512 3721 mani
547 3679 724 3737 opera
749 3663 1000 3719 edebant
1028 3663 1269 3735 praemio
1296 3668 1356 3719 et
1384 3664 1775 3721 admiratione
1804 3666 2006 3738 digna,

351 3770 514 3826 spem
588 3768 819 3809 omnem
886 3751 1181 3809 alacritate
1258 3757 1627 3825 superantes.
1691 3753 1833 3810 Nam
1908 3755 2008 3812 alii

350 3843 567 3917 clypeis
625 3850 679 3898 et
747 3839 965 3899 strictis
1044 3841 1285 3898 ensibus
1360 3843 1597 3912 muniti,
1677 3843 1775 3899 alii
1834 3861 2006 3901 arcus

349 3938 409 3990 et
493 3932 732 4006 sagittas
805 3935 1103 4003 gestantes
1186 3932 1244 3987 in
1327 3934 1542 3988 arduos
1618 3932 1838 3990 castelli
1921 3939 2007 3990 tu-

347 4022 541 4078 mulos
597 4022 964 4094 arrepebant,
1016 4026 1074 4076 et
1135 4022 1409 4077 manium
1469 4022 1807 4078 defensores
1867 4024 2005 4079 facti

351 4112 652 4184 propiores
763 4110 1144 4181 impetebant.
1269 4110 1527 4183 Denique
1646 4117 1773 4183 post
1874 4113 2003 4167 fati-

350 4203 639 4276 gationem
700 4208 756 4258 et
803 4202 1017 4258 caedem
1056 4200 1299 4257 multam
1346 4202 1627 4258 barbaros
1681 4202 2004 4259 munitione

352 4309 556 4349 recens
616 4291 797 4363 portis
857 4290 1113 4346 obducta
1171 4291 1543 4363 depulerunt.
1596 4292 1774 4348 Erant
1831 4293 2002 4349 etiam

348 4380 451 4453 qui
501 4396 600 4453 per
647 4378 975 4452 precipites
1030 4378 1294 4435 tramites
1353 4381 1596 4436 funibus
1648 4397 1773 4437 sese
1830 4382 2003 4436 attol-

346 4468 554 4536 lentes,
580 4474 639 4525 et
690 4467 748 4523 in
809 4468 1051 4538 rupibus
1107 4469 1293 4524 instar
1341 4485 1671 4541 caprearum
1730 4470 2004 4527 haesitan-

349 4562 461 4629 tes,
496 4558 711 4614 mania
758 4557 1175 4612 transcendere
1237 4560 1296 4612 et
1326 4557 1384 4613 in
1419 4559 1605 4630 ipsam
1651 4575 1844 4616 arcem
1877 4576 2006 4615 eva-

352 4646 487 4703 dere
589 4649 940 4702 niterentur.

350 4735 673 4809 proﬂigatis
724 4739 782 4790 et
838 4734 895 4789 in
931 4733 1234 4791 castellum
1288 4736 1610 4808 compulsis
1640 4753 1703 4793 se
1753 4754 1873 4792 rem
1906 4755 1999 4794 sa-

348 4825 588 4882 lutarem
672 4833 727 4881 et
805 4822 1247 4894 pulcherrimam
1325 4826 1641 4882 confecisse
1707 4832 1996 4897 putarent,

346 4919 474 4971 tum
525 4917 758 4971 demum
795 4913 1011 4969 laboris
1065 4913 1157 4969 sui
1195 4914 1507 4971 vanitatem
1568 4916 1998 4973 intellexerunt.

349 5004 492 5061 Nam
553 5020 682 5061 cum
746 5002 973 5075 ligones
1035 5004 1105 5058 ad
1168 5002 1384 5060 moenia
1457 5003 1742 5077 diruenda
1803 5013 1990 5078 postu-

347 5091 583 5158 lassent,
661 5093 818 5147 676
900 5106 1073 5148 nemo
1128 5092 1238 5147 fuit
1294 5093 1395 5165 qui
1476 5110 1539 5150 ea
1609 5095 2001 5150 instrumenta

348 5180 769 5252 suppeditaret.
829 5181 1105 5236 Caeterum
1162 5180 1547 5237 nihilominus
1579 5182 1636 5238 in
1671 5198 1839 5253 opere
1870 5199 1995 5253 per-

348 5278 676 5326 severantes
760 5268 989 5325 fabrum
1070 5270 1337 5341 praefecto
1424 5273 1861 5343 suscensebant,
1943 5277 2002 5329 et

350 5357 617 5415 manibus
648 5373 715 5412 ac
740 5356 953 5427 gladiis
985 5374 1088 5430 pro
1118 5357 1411 5428 ligonibus
1443 5360 1533 5415 usi
1572 5377 1708 5416 saxa
1758 5377 1789 5416 e
1838 5378 1997 5419 com-

351 5447 601 5520 pagibus
630 5444 928 5515 eruebant,
962 5450 1019 5501 et
1041 5447 1251 5518 pinnas
1282 5449 1592 5506 assiliendo
1622 5450 1993 5508 revellebant.

346 5536 454 5592 Sed
496 5549 631 5590 cum
664 5549 756 5589 res
814 5533 1038 5589 tardius
1068 5537 1402 5604 procederet
1448 5543 1503 5595 et
1534 5539 1645 5611 ipsi
1702 5558 1767 5597 ex
1825 5555 1993 5613 supe-

348 5625 498 5681 riore
538 5622 664 5678 loco
727 5619 876 5675 male
907 5624 1315 5693 tractarentur,
1377 5626 1469 5681 vix
1524 5629 1761 5685 tandem
1802 5646 1993 5686 arma-

348 5708 641 5769 mentario
671 5708 977 5780 prefectus
1008 5710 1191 5782 spado
1221 5711 1440 5785 ligones
1471 5715 1529 5772 in
1560 5731 1744 5776 unum
1775 5717 1991 5776 fascem

2107 1966 2195 2021 ἐπὶ
2250 1972 2352 2036 τῆς
2380 1964 2684 2041 [θεραπείας
2742 1964 3038 2039 λειογένεια
3106 1960 3380 2036 μειράκια.
3432 1956 3598 2016 Οὗτοι
3653 1957 3761 2031 γὰρ

2104 2055 2457 2131 περιστάντες
2480 2053 2572 2109 τὸν
2616 2053 2842 2129 βασιλέα
2870 2050 3100 2107 παλαιοὶ
3141 2050 3228 2105 καὶ
3274 2046 3550 2118 πανεέξιοι
3605 2041 3764 2103 ἔπει-

2107 2166 2202 2200 σαν
2231 2142 2287 2207 ἔς
2318 2144 2411 2200 τὸν
2446 2144 2726 2217 Πρόσακον
2759 2141 3051 2216 εύθυώρως
3108 2137 3254 2214 ἄγειν
3321 2139 3421 2207 τήν
3481 2136 3760 2211 στρατιὰν,

2104 2235 2195 2289 καὶ
2227 2235 2343 2289 κατ’
2384 2233 2550 2288 αὐτοῦ
2580 2235 2677 2289 τοῦ
2692 2230 2910 2306 Χρύσου
2941 2228 3119 2285 ἀντίον
3146 2228 3215 2284 τὰ
3246 2226 3393 2283 ὅπλα
3450 2226 3600 2303 ἂγειν
3664 2226 3764 2281 καὶ

2102 2324 2165 2379 τὸ
2200 2321 2330 2397 δόρυ
2363 2319 2836 2397 διαγκωνίζεσθαι,
2870 2319 2944 2381 ὡς
2974 2342 3002 2371 ‹‹
3035 2316 3101 2374 Ei
3134 2315 3292 2380 οὗτος
3322 2314 3615 2384 ἁλώσεται,
3659 2314 3765 2371 οὒκ

2107 2409 2249 2469 ἔστιν
2289 2413 2438 2474 ὅστις
2478 2410 2531 2477 ἐς
2560 2412 2623 2468 τὸ
2678 2410 2799 2484 ἑξῆς
2854 2409 3254 2479 ἀντιστήσεται.
3315 2405 3420 2487 Καὶ
3471 2403 3665 2467 ἄλλως
3703 2400 3769 2459 δὲ

2106 2504 2156 2559 τί
2197 2504 2259 2559 τὸ
2316 2502 2744 2578 προσιστάμενον
2799 2503 2875 2574 μὴ
2935 2498 3071 2554 κατὰ
3125 2501 3224 2553 τοῦ
3283 2495 3499 2571 καιρίου
3564 2495 3767 2570 μέρους

2106 2592 2301 2649 αὐτίκα
2332 2597 2557 2668 χωρεῖν,
2591 2590 2718 2647 ἀλλ’
2760 2590 2820 2645 ὲκ
2870 2585 3139 2665 περιόδων
3197 2584 3287 2642 καὶ
3345 2584 3565 2641 κύκλων
3630 2606 3763 2658 μετ-

2108 2681 2361 2757 έρχεσθαι
2391 2682 2455 2737 τὸ
2485 2678 2759 2753 πολέμιον
2793 2701 2807 2750 ;
2840 2679 2979 2755 πρὸς
3022 2675 3077 2733 δὲ
3107 2675 3325 2737 τούτοις
3358 2676 3443 2737 τίς
3502 2672 3561 2729 ἄν
3628 2674 3759 2729 ἀνέ-

2106 2771 2426 2850 ξεταιὸχως
2456 2775 2577 2831 ταῖς
2630 2764 2990 2845 βαρϐαρικαῖς
3053 2766 3273 2829 ταύταις
3329 2764 3421 2819 καὶ
3477 2764 3764 2840 ἀχαριτώ-

2107 2882 2225 2923 τοις
2256 2862 2469 2935 χώραις
2498 2854 2793 2933 διατρίϐειν
2824 2856 2911 2912 ἐπὶ
2942 2853 3088 2912 πολὺ
3121 2853 3191 2910 δι’
3256 2850 3411 2909 οὐδὲν
3468 2852 3503 2923 ἢ
3564 2851 3761 2926 μικρὸν

2108 2945 2331 3030 ὄφελος,
2367 2955 2467 3019 τῆς
2531 2952 2641 3003 τῶν
2707 2947 2909 3002 συκίων
2983 2947 3072 3000 καὶ
3130 2948 3237 2999 τῶν
3306 2942 3551 2998 πεπόνων
3604 2935 3751 3012 ὥρας

2108 3027 2471 3117 ἐιρισταμὲνης
2526 3036 2616 3091 καὶ
2673 3040 2780 3091 τῶν
2837 3033 3022 3091 ἂλλων
3082 3033 3455 3109 περκαζόντων
3533 3027 3750 3117 ὡραίων

2108 3116 2207 3197 τῆς
2239 3134 2371 3202 γῆς,
2393 3127 2478 3188 οἶς
2513 3120 2867 3201 ὑπερϐἑϐριθε
2897 3123 3204 3200 Προποντὶς
3276 3121 3373 3177 ὅσα
3427 3117 3520 3178 χαὶ
3580 3116 3758 3191 παράο

2112 3215 2289 3279 δεισος
2327 3214 2474 3292 χειρὶ
2506 3219 2642 3271 Θεοῦ
2707 3213 3025 3294 φυτευθείςς
3067 3210 3197 3271 Εἴθε
3241 3212 3343 3266 ὑπὸ
3399 3207 3573 3265 πλακὶ
3628 3207 3764 3277 Ῥη-

2110 3307 2231 3382 γίου
2296 3306 2588 3381 γενοίμεθα
2679 3305 2766 3359 καὶ
2835 3304 3140 3378 Ἀφάμειαν
3208 3299 3558 3371 θεασαίμεθα,
3609 3294 3766 3361 ὅπως

2110 3393 2503 3469 προσείποιμεν
2588 3394 2688 3463 τὴν
2768 3394 2915 3468 ἱερὰν
2988 3384 3588 3456 Κωνσταντινούπολιν,
3664 3385 3764 3441 κά-

2107 3485 2281 3539 κεῖθεν
2317 3483 2371 3547 ἒς
2406 3484 2472 3537 τὰ
2526 3486 2628 3537 τοῦ
2687 3482 2796 3555 πρὸ
2854 3484 2950 3536 τοῦ
3017 3480 3224 3535 Πόντου
3281 3475 3520 3553 τρυφερᾶ
3577 3476 3766 3550 χωρία

2108 3570 2705 3649 προσαναπλεύσαιμεν,
2755 3568 2879 3634 ἔνθα
2945 3570 3142 3644 πραεῖά
3205 3588 3291 3630 τις
3348 3562 3488 3641 αύρα
3546 3563 3768 3640 βόρειος

2107 3662 2199 3719 καὶ
2259 3661 2534 3738 ζωογόνος
2588 3655 2931 3734 προσϐάλλει
2983 3656 3073 3713 δια
3137 3658 3361 3726 παντός,
3428 3652 3520 3709 καὶ
3572 3650 3763 3729 ἰχθύες

2108 3748 2318 3812 νεαλεῖς
2373 3748 2804 3824 περίσκαίρουσι,
2890 3744 2981 3802 καί
3062 3741 3308 3821 δελφῖνες
3362 3739 3586 3812 ἣδιστον
3637 3739 3769 3793 ἀνα-

2110 3840 2437 3917 θρώσκουσι,
2471 3836 2718 3910 λουτρῶν
2746 3858 2805 3893 τε
2831 3840 3054 3916 χάριτες
3079 3830 3409 3908 διαγελῶσιν
3445 3832 3766 3903 ἁπανταχῆ,

2106 3934 2198 3987 καὶ
2229 3929 2462 4004 ἀργύρεα
2489 3928 2822 4002 πλανώμενα
2851 3923 3022 3983 ’ὑδατα
3061 3924 3151 3978 τὸν
3199 3922 3392 3991 θεατὴν
3457 3917 3768 3993 διαχέουσι,

2106 4021 2197 4076 καὶ
2257 4022 2354 4087 τὰς
2412 4021 2577 4084 ἀκοὰς
2633 4023 2738 4074 τῶν
2800 4014 2959 4091 δεῦρο
3017 4012 3232 4068 κάκεῖσε
3316 4008 3765 4085 περιφοιτώντων

2108 4112 2326 4167 ἑστιῶσι
2392 4108 2802 4181 κατακηλοῦσαι
2878 4101 3260 4159 κωτίλλουσαι
3320 4094 3605 4174 χελιδόνες
3669 4094 3765 4150 καὶ

2111 4200 2470 4275 μελεάζουσαι
2502 4197 2730 4271 ἀηδόνες
2759 4196 2848 4251 καὶ
2879 4199 2982 4248 πᾶν
3013 4188 3216 4266 ξὲτερον
3276 4186 3421 4275 ᾇλλῃ
3466 4184 3556 4241 καὶ
3610 4181 3761 4275 ἄλλῃ

2104 4273 2300 4365 τρύζον
2360 4289 2411 4346 ἐν
2489 4294 2607 4352 ταῖς
2701 4286 2952 4360 λόχμαις
3012 4280 3103 4336 καὶ
3159 4273 3433 4346 τιτυϐίζον
3497 4273 3762 4365 μουσικὸν

2104 4364 2323 4457 πτερόν.
2385 4405 2407 4436 ι
2472 4378 2630 4451 ’Όλῳ
2694 4376 2873 4431 τοίνυν
2937 4373 3129 4447 ῥυτῆρι
3188 4367 3326 4441 πρὸς
3357 4368 3449 4421 τὸν
3480 4364 3760 4457 Ηρόσακον

2106 4453 2323 4547 φὶρεται
2388 4468 2664 4547 βασιλεὺς,
2721 4464 2874 4539 εἲπερ
2939 4460 2991 4523 ἐς
3050 4461 3165 4514 ἱσον
3223 4457 3372 4528 αύτῷ
3423 4453 3657 4523 κατέστη
3687 4455 3760 4526 τῇ

2107 4543 2203 4631 θέᾳ
2255 4560 2283 4614 ὁ
2340 4543 2525 4632 λόγος.
2584 4558 2739 4620 Ὅθεν
2798 4552 2919 4608 τινὰ
2989 4550 3082 4623 μὲν
3160 4544 3404 4619 ἐρύματα
3488 4543 3759 4632 πάρεργον

1042 4644 1154 4701 Sed
1248 4662 1380 4701 cum
1476 4648 1997 4720 propugnatoribus

2113 4630 2241 4705 ὁδοῦ
2266 4630 2731 4725 κατεστράφησαν,
2763 4639 3037 4715 θημωνίαι
3102 4657 3159 4692 τε
3210 4637 3436 4709 καρπῶν
3480 4633 3592 4725 xei
3624 4630 3760 4701 λήϊα

2106 4740 2396 4815 πυροφόρα
2462 4720 2961 4810 κατῃθαλώθησαν,
3034 4728 3133 4815 καῖ
3203 4727 3423 4815 Περσῶν
3482 4720 3757 4815 Αέάλωσαν

2112 4811 2338 4907 Βλ-άχοιν
2359 4825 2707 4902 δορύκτητοι,
2734 4822 2828 4885 οὕς
2861 4822 2888 4877 ὁ
2921 4826 3020 4889 τῆς
3049 4813 3272 4907 πόλεως
3326 4811 3601 4907 Ἀγκύρας
3652 4829 3759 4907 ea:

2106 4898 2318 4994 τράπῖης
2380 4898 2704 4988 ἐπικούρους
2762 4908 3068 4968 ἀπέσταλκε
3127 4902 3370 4982 βασιλεῖ,
3432 4902 3518 4957 ὅτε
3577 4898 3759 4954 καὶτὸ

2111 4988 2205 5082 μὶν
2238 4988 2362 5083 περὶ
2384 5007 2485 5074 τήν
2517 5000 2803 5079 ὀρθόδοξον
2835 5001 3037 5074 ξπίστιν
3088 4995 3233 5071 ὑγιὲς
3280 4991 3372 5047 καὶ
3430 4988 3749 5083 οερμότερξν

2104 5073 2198 5151 τὸν
2234 5073 2463 5171 βασιλέα
2496 5073 2853 5167 ἐξελιπάρησε
2895 5090 2971 5163 μὴ
3023 5088 3381 5160 συγχωρῆσαι
3434 5076 3587 5171 ὅλως
3628 5073 3744 5171 τοίς

2104 5186 2371 5261 Τούρκοις
2431 5179 2618 5238 οἷ’καδε
2701 5179 3017 5256 ἀνθρώπους
3101 5172 3438 5245 μετενεγκεῖν
3501 5160 3627 5261 Θεὸν
3688 5159 3748 5213 δν

2105 5276 2269 5346 ἡμεῖς
2319 5268 2687 5349 πρεσϐεύομεν
2746 5264 3099 5342 σεϐομένους,
3155 5261 3248 5318 *ἱνα
3281 5259 3355 5334 μὴ
3408 5254 3509 5322 τὴν
3556 5250 3753 5349 Ῐίστιν

2106 5362 2324 5427 ἄκοντες
2362 5338 2754 5438 ’μεταθέμενοι
2810 5359 2873 5414 τὸ
2932 5360 3087 5412 Θεῖον
3154 5352 3294 5407 κατᾶ
3349 5350 3458 5402 τῶν
3489 5338 3759 5438 ἒκδόντων

2106 5429 2436 5527 ἐκμήνωσιν,
2494 5429 2641 5508 ἀλλὰ
2695 5453 2758 5506 τὸ
2820 5449 2915 5522 μὲν
2971 5443 3257 5519 Βλαχικὸν
3307 5429 3758 5527 αἲχμάλωτονξς

2107 5518 2372 5598 οἰκετικὸν
2420 5539 2753 5611 ἀποδοθῆναι
2822 5518 3142 5607 Ῥωμαίοιςς
3236 5526 3467 5611 αὐτοὺς-
3511 5518 3593 5611 δὲᾼ
3630 5518 3757 5579 τοὺς

2105 5630 2554 5708 χειρωσαμένους
2635 5609 2837 5704 Πέρσας
2910 5620 3390 5708 φιλοφρονηθῆναι
3449 5609 3755 5708 δεξιώὲσιν

2105 5695 2312 5797 ἑτέραις
2348 5695 2681 5800 βασιλικαῖς·
2712 5695 2742 5772 δ
2770 5714 2827 5773 δὲ
2866 5695 2982 5773 ούδ⁹
3029 5695 3177 5774 ὅλως
3242 5706 3546 5763 ἐπένευσεν.
3605 5695 3758 5757 Ἐπεὶ
