4102 6382
322 423 446 485 885

1173 416 1277 477 DE
1320 415 1604 476 ALEXIO
1653 413 1938 476 ISAACII
1984 415 2277 478 ANGELI
2321 417 2453 478 FR.
2502 418 2646 478 LIB.
2696 417 2802 478 IlI.

3628 420 3749 481 886

323 554 381 612 δὲ
409 554 500 611 καὶ
554 551 609 614 ἐς
668 552 831 607 αὐτὸν
894 549 1108 629 ἐφθάκει
1162 548 1254 604 τὸν
1311 549 1620 623 Πρόσακον,
1655 547 1842 625 βαλὼν
1878 547 1986 604 ἐκεῖ

2094 550 2394 624 colligatos
2442 553 2657 609 attulit.
2715 554 2862 610 Cum
2909 555 3320 611 autem‘homo
3363 559 3749 615 exsecrandus

325 666 432 702 που
486 644 815 719 στρατήγιον
867 638 1010 715 ἔγνω
1065 641 1165 693 τοῦ
1213 638 1477 714 φρουρίου
1506 636 1698 693 αὐτίκα
1726 638 1980 711 πειράσα-

326 747 472 801 σθαι.
507 734 604 790 Καὶ
659 732 726 801 ἦν
778 728 905 804 ἔργα
947 732 1087 803 πρὸς
1135 727 1427 800 Ῥωμαίων
1466 730 1759 795 τηνικαῦτα
1787 724 1978 781 τελού-

329 845 465 898 μενα
537 817 777 878 κατιδεῖν
831 814 1058 896 γέρατος
1134 814 1227 870 καὶ
1303 814 1578 888 θαύματος
1655 813 1794 883 ἄξιον
1849 815 1978 886 ὑπὲρ

324 914 431 990 γὰρ
460 908 686 971 ἐλπίδας
746 906 1159 984 διηγωνίσαντο.
1222 907 1288 963 Οἱ
1350 904 1444 977 μὲν
1504 903 1607 981 γὰρ
1643 906 1859 990 θυρεοῖς
1891 903 1980 956 καὶ

323 989 554 1078 γυμνοῖς
585 998 915 1077 φραξάμενοι
967 999 1053 1069 [Ρ.
1087 996 1217 1068 327]
1257 993 1478 1071 ξίφεσιν,
1530 993 1583 1047 οἱ
1634 989 1691 1046 δὲ
1734 991 1864 1062 τόξα
1892 990 1981 1045 καὶ

328 1087 465 1167 βέλη
500 1087 748 1166 φέροντες
807 1082 1039 1159 περὶτὰ
1087 1083 1285 1152 ἀνάντη
1339 1082 1437 1136 τοῦ
1486 1079 1749 1159 φρουρίου
1798 1078 1985 1156 ἀνρῥι-

319 1182 508 1257 χῶντο
538 1174 822 1255 γεώλοφα,
851 1174 943 1229 καὶ
993 1176 1114 1235 τοῖς
1161 1172 1269 1226 ἀπὸ
1315 1175 1519 1246 τειχῶν
1564 1170 1654 1225 καὶ
1685 1175 1785 1237 τῆς
1818 1166 1985 1242 ἄκρας

321 1254 659 1343 μαχομένοις
733 1254 1200 1338 έπεγχρίπτοντες
1275 1254 1531 1315 ἔϐαλλον.
1604 1256 1827 1332 Ἀμέλει
1893 1256 1984 1312 καὶ

320 1357 457 1433 μετᾶ
511 1359 759 1431 κάματον
812 1356 902 1411 καὶ
992 1354 1157 1431 φόνον
1237 1351 1413 1409 πολὺν
1479 1351 1797 1428 ἐξέκρουσαν
1855 1349 1983 1414 τοὺς

317 1443 638 1524 Βαρϐάρους
697 1450 794 1501 τοῦ
843 1445 1341 1522 προτειχίσματος,
1412 1439 1544 1514 ὅπερ
1611 1439 1987 1518 προφύλαγμα

318 1541 431 1594 τῶν
492 1536 667 1592 έκεῖσε
722 1533 914 1590 πυλῶν
971 1528 1378 1604 ἐπῳκοδόμητο
1436 1530 1653 1586 νεωστί.
1710 1531 1879 1587 Ἦσαν
1938 1526 1985 1582 δ’

318 1626 371 1681 οἳ
403 1625 495 1680 καί
523 1624 612 1681 διὰ
640 1627 749 1679 τῶν
801 1618 1149 1697 κρημνωδῶν
1183 1619 1521 1693 ἀνιμώμενοι
1566 1616 1773 1673 ἀνόδων
1812 1620 1987 1692 ἠκρο-

318 1712 517 1772 ϐάτουν
587 1714 663 1778 ὡς
737 1710 1020 1788 αἶ’γαγροι,
1090 1709 1423 1784 πειρώμενοι
1510 1706 1752 1782 γενέσθαι
1850 1707 1983 1761 ε’ἰσω

317 1808 526 1880 τειχῶν
555 1803 647 1858 καὶ
677 1802 814 1877 πρὸς
844 1800 1015 1870 αὐτὴν
1057 1801 1158 1868 τὴν
1206 1798 1373 1873 ἄκραν
1428 1794 1784 1871 ἀναδραμεῖν.
1824 1790 1985 1851 Ἀλλ’

2089 642 2288 697 statim
2346 644 2808 713 submergendus
2867 644 3075 700 fuisset
3103 650 3204 699 aut
3260 644 3465 703 saltem
3496 647 3749 718 graviter

2091 731 2518 801 objurgandus,
2552 741 2612 788 ut
2666 733 2879 790 milites
2932 749 3146 806 pugna,
3182 733 3375 791 labore
3415 739 3472 792 et
3499 740 3643 793 metu
3674 753 3743 793 ex

2091 821 2296 877 ardore
2352 824 2495 878 solis
2547 824 2746 880 afﬂicti
2778 824 3043 881 nonnihil
3079 830 3499 895 recrearentur,
3547 827 3730 897 impe-

2091 914 2247 965 rator
2311 927 2488 983 prope
2544 914 2723 969 invito
2782 914 3014 983 similis,
3101 909 3398 972 murmure
3458 915 3739 974 labiorum

2092 998 2374 1055 duntaxat
2426 1001 2700 1058 simulata
2744 1004 3047 1059 iracundia
3103 1004 3332 1060 animos
3390 1005 3626 1062 fortium
3666 1006 3741 1062 il-

2091 1087 2277 1142 lorum
2338 1088 2596 1145 virorum
2655 1091 2881 1163 dejecit.
2944 1092 3163 1148 Deinde
3219 1094 3386 1150 scalae
3442 1094 3614 1150 etiam
3670 1095 3742 1152 ad

2095 1193 2323 1234 summa
2382 1180 2594 1234 mcenia
2670 1183 3122 1239 conscendenda
3194 1183 3593 1256 ﬂagitantibus
3649 1185 3744 1242 vix

2096 1268 2329 1323 tandem
2364 1269 2511 1324 datae
2546 1273 2699 1325 sunt.
2734 1271 2935 1343 Itaque
2964 1272 3122 1327 inani
3157 1272 3351 1329 labore
3381 1289 3439 1330 se
3461 1274 3745 1331 conﬁcere

2097 1358 2359 1413 nolentes
2424 1376 2539 1414 non
2600 1368 2801 1430 sponte
2858 1360 2990 1436 inde
3053 1367 3435 1419 recesserunt.
3512 1364 3745 1436 Alioqui

2094 1448 2418 1519 castellum,
2453 1453 2517 1504 ut
2547 1449 2739 1506 Blachi
2798 1450 3026 1507 obsessi
3078 1454 3444 1524 postmodum
3486 1454 3747 1510 afﬁrma-

2094 1547 2251 1608 runt,
2282 1539 2431 1595 citra
2465 1538 2921 1597 controversiam
2963 1552 3352 1614 expugnatum
3403 1546 3459 1598 et
3486 1543 3744 1614 Chryeus

2093 1628 2215 1699 ipse
2266 1633 2466 1700 captus
2523 1636 2689 1698 esset,
2749 1636 2804 1685 et
2877 1631 3114 1687 Romani
3195 1646 3465 1703 magnam
3516 1632 3741 1688 laudem

2094 1716 2394 1773 consecuti
2452 1715 2656 1772 multis
2712 1716 2854 1773 671
2938 1723 3131 1787 postea
3185 1716 3477 1773 laboribus
3531 1719 3745 1776 caruis-

2094 1811 2239 1875 sent,
2273 1806 2317 1862 si
2340 1807 2729 1863 instrumenta
2772 1808 2843 1862 ad
2877 1808 3223 1865 diruendum
3270 1823 3502 1864 murum
3531 1806 3741 1865 idonea

317 1893 410 1950 ὅτε
453 1913 506 1947 τι
562 1889 810 1947 διανύσαι
864 1884 1024 1966 ἔργον
1084 1888 1345 1961 ᾠήθησαν
1402 1886 1677 1962 σωτήριόν
1746 1907 1802 1941 τε
1867 1886 1982 1958 ἅμα

2091 1896 2282 1951 statim
2334 1896 2394 1950 in
2448 1898 2717 1967 promptu
2767 1894 3033 1951 fuissent.
3088 1895 3253 1951 Nunc
3287 1894 3376 1951 vel
3430 1894 3606 1953 ofﬁcii
3639 1911 3740 1951 ne-

316 1981 410 2038 καὶ
457 1978 779 2051 κάλλιστον,
836 1979 962 2041 τοὺς
1022 1976 1111 2033 ἐπὶ
1165 1981 1274 2032 τῶν
1334 1980 1540 2051 τειχῶν
1600 1974 1974 2050 ἀμυνομένους

315 2072 648 2147 τρεψάμενοι
702 2068 793 2124 καὶ
861 2067 989 2123 εἲσω
1074 2065 1521 2141 συγχλείσαντες,
1579 2065 1704 2121 τότε
1761 2064 1977 2127 είκαίως

317 2158 739 2233 διαπονούμενοι
810 2157 1072 2234 ἔγνωσανο
1134 2156 1451 2228 αΐτήσαντες
1525 2157 1630 2232 γὰρ
1705 2155 1974 2217 σκαπάνας

314 2250 390 2312 εἰς
446 2252 549 2320 τήν
596 2252 706 2303 τῶν
768 2242 1081 2321 περιϐόλων
1139 2241 1447 2320 καθαίρεσιν
1501 2241 1689 2299 οὐδένα
1730 2244 1882 2320 εἶχον
1912 2244 1975 2299 τὸ

312 2339 529 2407 αἰτηθὲν
579 2336 754 2393 ’ὁπλον
828 2336 1191 2412 προσάγοντα.
1270 2331 1654 2408 Ἐπιμένοντες
1756 2331 1814 2388 δὲ
1883 2333 1975 2389 καὶ

316 2427 460 2483 οὕτω
489 2431 571 2500 τῷ
630 2427 828 2505 μόχθῳ
885 2426 976 2481 καὶ
1029 2424 1168 2480 κατὰ
1223 2424 1334 2479 τῶν
1390 2422 1479 2479 ἐπὶ
1528 2427 1636 2478 τῶν
1674 2423 1974 2498 βασιλικῶν

316 2516 505 2573 ’ὀπλων
534 2516 987 2594 ἀγανακτοῦντες,
1040 2514 1198 2590 χερσί
1246 2534 1306 2570 τε
1360 2513 1451 2568 καὶ
1494 2512 1696 2588 ξίφεσιν
1726 2513 1803 2574 ὡς
1831 2512 1977 2584 ἀμά-

320 2606 444 2669 λαις
475 2607 783 2681 χρώμενοι,
834 2625 959 2667 τους
1013 2603 1204 2668 λίθους
1258 2599 1515 2658 ἀπέσπων
1569 2608 1669 2672 τῆς
1721 2603 1976 2677 ἁρμογῆς

317 2696 510 2753 καὶτὰ
540 2694 784 2770 θωράκια
833 2692 1103 2768 ηθῂρουν
1162 2692 1610 2767 ἂναθορνύμενοι.
1671 2689 1973 2765 Σχολαίτε·

319 2805 413 2857 ρον
443 2782 502 2839 δὲ
536 2788 633 2839 τοῦ
680 2780 845 2858 ἔργου
896 2777 1312 2857 προϐαίνοντος,
1369 2782 1459 2837 καὶ
1516 2779 1691 2836 αὐτῶν
1725 2801 1977 2856 προσπα-

317 2874 564 2949 σχόντων
623 2875 803 2935 κακῶς
867 2869 929 2925 ἐκ
983 2876 1092 2925 τῶν
1143 2868 1494 2943 ἐπικειμένων
1563 2870 1767 2933 ἄνωθεν
1824 2868 1975 2923 ἀντι-

311 2961 530 3031 πάλων,
565 2960 664 3034 όψὶ
694 2961 784 3015 καὶ
820 2957 1063 3034 βραδέως
1108 2961 1136 3015 6
1189 2964 1307 3023 τοῖς
1344 2954 1540 3022 ὅπλοις
1572 2957 1807 3037 ἐφεστὼς
1840 2956 1970 3023 θλα-

312 3049 431 3114 δίας
492 3049 742 3126 ἀφίκετο,
803 3050 1075 3110 σκαπάνας
1132 3048 1376 3121 κομίζων
1441 3047 1517 3109 είς
1582 3042 1673 3102 ἕνα
1729 3046 1969 3121 ὁρμαθὸν

311 3139 401 3196 διὰ
461 3137 734 3214 μηρίνθου
793 3133 1282 3212 συμϐεϐλημένας.
1334 3135 1463 3192 Δέον
1512 3135 1606 3191 οὖν
1646 3134 1839 3191 αὐτίκα
1875 3155 1970 3190 κα-

307 3232 738 3300 ταποντισθῆναι
767 3231 857 3284 νὸν
915 3227 1238 3305 ἐπίρῥητον,
1297 3229 1333 3298 ἢ
1390 3231 1519 3302 γοῦν
1561 3225 1846 3306 δυσφόρως
1875 3227 1963 3282 καὶ

311 3318 574 3401 χαλεπῶς
628 3319 719 3374 τὸν
778 3322 1082 3393 κρατοῦντα
1140 3318 1453 3391 ὑπενεγκεῖν
1508 3318 1570 3372 τὸ
1616 3318 1856 3395 πραχθὲν
1890 3315 1969 3380 εἷς

315 3413 578 3486 βραχεῖαν
629 3408 879 3481 ἀνάψυξιν
935 3411 1042 3462 τῶν
1105 3406 1259 3480 μάχῃ
1316 3407 1404 3461 καὶ
1467 3402 1611 3479 δίψει
1661 3407 1753 3461 καὶ
1793 3406 1974 3483 πνίγει

310 3496 774 3575 κακουχουμένων
808 3494 898 3551 διὰ
926 3496 1017 3551 τὸν
1053 3493 1103 3565 ἒξ
1137 3493 1302 3564 ἡλίου
1355 3495 1632 3562 καύσωνα,
1665 3495 1692 3549 6
1726 3492 1783 3550 δὲ
1830 3495 1970 3570 μόνῃ

312 3587 626 3660 ἐπιπλήξει,
701 3586 791 3642 καὶ
847 3585 1019 3658 ταύτῃ
1070 3584 1326 3657 ἀκκισμῷ
1386 3584 1725 3662 κατεχούσῃ,
1773 3584 1971 3657 καὶτῇ

311 3679 678 3757 περιψοφήσει
722 3678 831 3732 τῶν
891 3672 1129 3754 χειλέων
1193 3675 1287 3729 τὸν
1354 3674 1764 3750 ἀγανακτοῦντα
1827 3673 1970 3728 ὑπο-

309 3768 638 3843 κρινάμενος
687 3759 984 3821 κατέϐαλεν
1048 3760 1193 3819 οὕτω
1249 3763 1316 3818 τὰ
1368 3767 1477 3818 τῶν
1534 3761 1786 3838 γενναίων
1844 3760 1974 3817 ἐκεί·

306 3877 413 3912 νων
446 3854 654 3932 ἀνδρῶν
686 3856 1029 3933 φρονήματα.
1081 3854 1206 3909 Ἐπὶ
1258 3850 1314 3908 δὲ
1366 3851 1547 3925 τούτῳ
1577 3850 1668 3907 καὶ
1695 3849 1973 3925 κλίμακας

304 3946 682 4021 αἰτησάμενοι,
742 3943 893 4007 ὅπως
951 3940 1022 3998 δι’
1098 3941 1276 3998 αὐτῶν
1331 3941 1385 4005 ές
1441 3941 1507 3998 τὰ
1564 3941 1673 3999 ἄνω
1704 3944 1972 4018 γένωνται

303 4042 410 4093 νῶν
442 4041 666 4113 τειχῶν,
698 4034 825 4091 οὐδὲ
876 4035 1086 4090 τούτων
1146 4034 1341 4089 αὐτίκα
1397 4032 1772 4107 ηύμοίρησαν.
1814 4036 1967 4089 Ὀθεν

309 4128 384 4199 μὴ
419 4125 502 4181 ἐπ’
531 4122 819 4194 ἀνηνύτοις
878 4121 1042 4177 είσέτι
1104 4126 1290 4196 μογεῖν
1350 4120 1679 4199 ἀνεχόμενοι
1732 4116 1970 4193 μετέϐη-

306 4234 401 4268 σαν
458 4213 660 4275 ἐκεῖθεν
729 4210 839 4284 οὐχ
893 4208 1089 4265 έκοντί.
1149 4211 1247 4265 Ἐκ
1294 4213 1393 4263 τοῦ
1460 4206 1869 4284 ἀναμφιλέκτου
1920 4208 1968 4265 δ’

307 4300 393 4368 ἂν,
424 4301 498 4361 ὡς
530 4300 582 4353 οἱ
612 4294 1126 4371 τειχομαχούμενοι
1186 4294 1405 4370 Βλάχοι
1461 4293 1788 4351 διετείλοντο
1811 4295 1964 4352 ὕστε-

310 4405 426 4463 ρον,
467 4385 614 4442 ἑάλω
678 4386 742 4440 τὸ
808 4384 1071 4462 φρούριον
1141 4384 1232 4439 καὶ
1290 4385 1317 4438 6
1377 4384 1594 4457 Χρύσος
1636 4382 1966 4455 συνείληπτο

304 4478 397 4533 καὶ
427 4474 725 4549 Ῥωμαίοις
774 4473 1021 4552 εὔφημον
1075 4472 1137 4528 τὸ
1194 4467 1349 4548 ἔργον
1407 4470 1535 4528 τόδε
1584 4474 1844 4548 γεγένητο
1875 4474 1963 4529 καὶ

304 4563 531 4621 πολλῶν
582 4562 828 4619 έσέπειτα
874 4558 1133 4634 καμάτων
1189 4560 1482 4636 ἀναίρεσις,
1530 4559 1576 4615 εἷ
1606 4561 1671 4615 τὰ
1701 4561 1835 4637 πρὸς
1864 4563 1965 4632 τὴν

2089 1983 2312 2056 glectus
2342 1984 2430 2039 vel
2462 1984 2612 2039 Deus
2667 1983 2789 2054 ipse
2847 1983 2921 2055 (is
2982 2000 3114 2040 vero
3180 1984 3405 2040 veniam
3463 1985 3743 2041 concedat

2084 2071 2143 2126 in
2204 2088 2308 2127 sua
2358 2072 2577 2142 judicia
2609 2080 2822 2126 temere
2874 2071 3205 2142 inquirenti)
3266 2072 3336 2127 iis
3392 2071 3732 2128 hominibus

2084 2162 2337 2217 oﬁ'ensus
2366 2160 2482 2216 illis
2533 2160 2827 2218 conatibus
2871 2162 3113 2217 obstitit.
3149 2164 3222 2217 Ac
3264 2179 3329 2219 eo
3361 2163 3455 2217 die
3486 2162 3733 2218 Romani

2084 2250 2170 2306 sic
2199 2269 2231 2305 a
2290 2266 2484 2322 pugna
2515 2251 2906 2305 discesserunt
2940 2293 2953 2318 ,
2988 2266 3104 2320 qua
3132 2250 3409 2320 postridie
3440 2257 3734 2321 renovata,

2086 2339 2359 2394 Barbaros
2410 2339 2633 2395 fortiter
2684 2344 2736 2394 et
2778 2339 3097 2395 insolenter
3151 2339 3225 2395 ob
3277 2339 3617 2396 hesternum
3647 2356 3737 2395 ca-

2085 2444 2211 2484 sum
2248 2436 2567 2501 pugnantes
2630 2432 2963 2499 repererunt
3012 2446 3027 2497 ;
3062 2445 3167 2485 nec
3197 2429 3366 2501 pauci
3424 2444 3493 2484 ex
3524 2429 3738 2485 nostris

2085 2526 2498 2575 tormentorum
2531 2518 2686 2573 saxis
2730 2518 2851 2585 icti,
2885 2533 2952 2573 ex
2997 2518 3291 2588 superiore
3350 2518 3472 2574 loco
3499 2517 3739 2574 solerter

2084 2607 2694 2674 emissis,caciderunt.
2728 2607 2870 2663 Nam
2902 2608 3001 2679 qui
3030 2625 3123 2663 cas
3147 2606 3451 2664 machinas
3481 2607 3737 2663 instrue-

2083 2688 2205 2763 bat,
2290 2696 2699 2753 solertissimus
2774 2696 2998 2766 artifex,
3088 2696 3373 2767 principio
3458 2696 3737 2753 Romanis

2084 2786 2351 2843 mercede
2409 2785 2765 2854 inservierat,
2829 2791 2954 2841 tum
3007 2802 3137 2841 vero
3185 2786 3258 2841 ob
3309 2802 3423 2841 non
3482 2784 3731 2841 solutum

2081 2874 2454 2946 stipendium'
2492 2875 2562 2930 ad
2621 2873 2908 2947 Chrysum
2984 2875 3289 2930 defecerat.
3349 2874 3545 2945 Neque
3597 2889 3731 2930 vero

2080 2964 2263 3036 globis
2323 2964 2595 3019 duntaxat
2663 2962 3086 3031 machinarum,
3180 2963 3283 3019 sed
3350 2963 3505 3019 saxis
3555 2964 3728 3020 etiam

2081 3070 2332 3125 superne
2377 3052 2660 3109 devolutis
2690 3052 2870 3108 nostri
2918 3052 3337 3124 afﬂigebantur.
3374 3053 3451 3109 Ea
3500 3068 3730 3125 quoque

2082 3159 2222 3200 saxa
2270 3159 2393 3214 quae
2433 3141 2616 3212 primo
2650 3142 2871 3215 impetu
2907 3158 3144 3213 corpora
3180 3158 3295 3197 non
3345 3142 3730 3213 attingebant,

2083 3249 2215 3289 cum
2248 3231 2640 3287 eminentibus
2684 3231 2925 3302 rupibus
2973 3229 3138 3286 allisa
3170 3230 3228 3285 in
3272 3230 3522 3301 plurima
3549 3229 3733 3288 frusta

2082 3319 2419 3387 dissilirent,
2453 3318 2571 3373 huc
2599 3322 2775 3388 atque
2804 3317 2945 3375 illuc
2985 3334 3188 3390 sparsa
3217 3318 3372 3375 072
3405 3318 3733 3375 lethiferum

2081 3413 2245 3465 erant
2297 3408 2541 3463 malum.
2592 3408 2657 3462 Et
2689 3406 2925 3462 Barbari
2980 3412 3153 3463 noctu
3212 3406 3359 3463 clam
3411 3423 3442 3463 e
3498 3406 3735 3464 castello

2081 3495 2297 3568 egressi
2360 3494 2660 3551 machinas
2692 3511 2834 3565 quas
2895 3494 3136 3549 Romani
3168 3494 3227 3549 in
3258 3492 3506 3550 tumulis
3545 3495 3739 3566 dispo-

2082 3588 2317 3641 suerant
2348 3584 2699 3654 dejecerunt,
2732 3587 2788 3638 et
2819 3583 3089 3639 excubias
3119 3584 3350 3640 territas
3409 3584 3479 3638 ad
3541 3591 3730 3654 proto-

2078 3673 2332 3729 vestiarii
2381 3671 2624 3727 Joannis
2652 3671 2970 3728 tentorium
3032 3671 3317 3744 fugientes
3345 3672 3539 3744 adepti
3568 3675 3729 3738 sunt,

2080 3771 2139 3818 ut
2172 3764 2218 3817 is
2258 3777 2487 3833 quoque
2543 3777 2750 3817 somno
2804 3777 3084 3817 excussus
3116 3761 3308 3816 statim
3356 3776 3387 3816 e
3417 3759 3566 3817 lecto
3596 3777 3730 3816 sur-

2079 3857 2239 3925 geret
2286 3857 2343 3908 et
2387 3851 2647 3922 trepidus
2701 3851 2942 3921 fugeret.
2999 3851 3258 3906 Przedam
3293 3850 3352 3905 in
3382 3852 3506 3923 ejus
3537 3850 3728 3907 taber-

2078 3941 2285 3999 naculo
2361 3944 2647 4012 repertam
2698 3939 2917 4009 partiti,
2993 3939 3053 3995 in
3114 3954 3223 4010 qua
3283 3939 3461 3995 etiam
3517 3939 3729 3996 virides

2076 4031 2257 4089 calcei
2313 4036 2498 4097 erant,
2554 4028 2784 4101 insigne
2841 4027 3142 4099 dignitatis
3192 4027 3369 4097 illius,
3399 4045 3500 4101 per
3552 4032 3728 4086 totam

2075 4136 2201 4177 eam
2236 4125 2466 4175 noctem
2526 4136 2619 4174 res
2662 4117 2952 4175 Romanas
2993 4117 3321 4174 deriserunt
3370 4122 3429 4174 et
3475 4118 3730 4175 subsan-

2076 4215 2307 4265 narunt.
2367 4213 2645 4263 Praeterea
2674 4222 2855 4262 vacua
2911 4204 3069 4262 dolia
3114 4207 3471 4264 demittendo
3527 4208 3722 4265 sonitu

2073 4298 2411 4364 exercitum,
2468 4296 2610 4368 quid
2665 4296 2746 4351 rei
2797 4300 2949 4352 esset
2996 4296 3052 4351 in
3126 4296 3384 4355 tenebris
3437 4297 3726 4372 ignarum,

2075 4385 2641 4458 perterrefaciebant.
2676 4384 3057 4447 Quamobrem
3091 4402 3222 4442 cum
3264 4386 3582 4458 imperator
3611 4405 3725 4447 non

2072 4474 2381 4530 succedere
2436 4472 2764 4529 institutum
2819 4489 2991 4530 suum
3038 4478 3321 4543 cerneret,
3358 4492 3463 4532 nec
3511 4477 3728 4550 alioqui

2071 4562 2290 4618 diutius
2322 4562 2617 4618 immorari
2642 4563 3063 4633 constituisset,
3095 4580 3198 4635 per
3220 4566 3519 4637 pactiones
3539 4566 3727 4641 Chry-

302 4656 613 4732 καθαίρεσιν
684 4659 783 4711 τοῦ
854 4653 1084 4729 τείχους
1159 4652 1776 4731 ὄργαναπροητοίμαστο
1875 4655 1967 4709 καὶ

2082 4670 2138 4710 so
2185 4653 2532 4710 Strummiza
2575 4659 2630 4710 et
2665 4657 2907 4711 Prosaco
2967 4654 3341 4727 ﬁnitimisque
3389 4657 3727 4729 regionibus

299 4748 436 4803 κατὰ
485 4746 672 4821 καιρὸν
730 4743 1078 4816 αἰτουμένοις
1141 4744 1461 4818 παρείχετο.
1514 4747 1619 4798 Νῦν
1667 4740 1724 4798 δὲ
1772 4745 1807 4812 ἡ
1851 4749 1963 4798 τῶν

301 4836 653 4908 καθηκόντων
709 4832 944 4907 ἀμέλεια
998 4833 1034 4901 ἢ
1095 4832 1188 4886 καὶ
1241 4833 1371 4895 Θεὸς
1428 4831 1591 4896 αὐτὸς
1638 4831 1788 4907 (ἀλλ’
1828 4834 1963 4905 ἡμῖν

304 4923 496 4996 ἱλήκοι
528 4923 679 4989 Θεὸς,
710 4920 761 4978 εἷ’
789 4918 1128 4995 ἐμπλήκτως
1180 4925 1299 4982 τοῖς
1355 4919 1521 4975 αὐτοῦ
1582 4915 1960 4992 ἐπιϐάλλομεν

304 5013 553 5088 κρίμασι)
634 5013 709 5086 μή
765 5010 818 5066 ἐν
894 5014 1011 5072 τοῖς
1086 5009 1212 5064 τότε
1284 5009 1593 5084 ἀνθρώποις
1653 5006 1962 5065 έπευδοκῶν

306 5102 576 5178 προσέστη
652 5106 771 5164 τοῖς
844 5100 1204 5176 ἀγωνίσμασι.
1275 5098 1377 5155 Καὶ
1443 5100 1560 5155 κατ’
1616 5098 1824 5169 ἐκείνην
1866 5100 1959 5172 μὲν

307 5193 405 5260 τὴν
469 5193 681 5265 ἡμέραν
750 5190 897 5245 οὕτω
954 5189 1225 5261 Ῥωμαῖοι
1285 5184 1739 5260 διημιλλήθηοάν
1777 5208 1835 5243 τε
1872 5188 1961 5244 καὶ

307 5277 652 5351 διελύθησαν,
707 5281 806 5349 τήν
859 5276 905 5333 δ’
979 5276 1240 5333 ἐπιοῦσαν
1302 5279 1458 5339 αὖθις
1514 5280 1652 5353 πρὸς
1708 5277 1960 5353 δευτέραν

303 5369 520 5443 έξῃεσαν
567 5368 920 5442 συμπλοκὴν,
976 5368 1131 5440 εὗρον
1192 5364 1250 5421 δὲ
1305 5368 1441 5439 μετὰ
1489 5369 1841 5445 φρονήματος
1870 5369 1962 5424 καὶ

303 5458 523 5532 κόμπου
582 5459 644 5514 τὸ
703 5457 1092 5531 ἀνθιστάμενον
1146 5454 1541 5529 ἁμιλλώμενον
1576 5454 1665 5512 διά
1696 5458 1763 5513 τὰ
1809 5479 1962 5513 συνε-

301 5548 564 5626 νεχθέντα
618 5547 804 5623 χθιζά.
866 5545 1048 5602 ’Λλλὰ
1098 5544 1190 5599 καὶ
1246 5545 1311 5600 τὰ
1360 5541 1672 5621 πετροϐόλοι
1708 5550 1960 5623 μηχανή-

307 5659 450 5714 ματα
480 5639 567 5699 οἷς
595 5637 844 5715 ἐχρῶντο
873 5635 925 5690 οὶ
957 5629 1489 5711 Βάρϐαροιςάνῂρουν
1523 5636 1652 5711 οὐχὶ
1710 5637 1960 5713 βραχεῖς,

304 5727 586 5809 ἐπιτυχῶς
637 5725 727 5782 καὶ
783 5723 873 5793 ἀφ’
904 5723 1074 5801 ὕψους
1129 5724 1257 5789 τοὺς
1290 5722 1480 5791 λίθους
1514 5724 1958 5798 διακοντίζοντες.

2073 4743 2270 4807 cedit;
2343 4748 2400 4799 et
2458 4744 2724 4815 quamvis
2801 4759 3039 4811 uxorem
3106 4744 3343 4800 habenti
3404 4748 3721 4818 quamdam

2072 4848 2140 4889 ex
2191 4833 2532 4904 cognatione
2586 4850 2692 4889 sua
2735 4850 2799 4889 se
2856 4833 2907 4889 ei
2941 4834 3363 4903 desponsurum
3413 4836 3720 4905 promittit.

2074 4922 2414 4994 Byzantium
2461 4937 2720 4980 reversus
2759 4924 3192 4995 prolostratoris
3246 4923 3421 4980 ﬁliam
3455 4926 3723 4984 amarito

2074 5014 2401 5082 sejunctam
2464 5014 2677 5082 Chryse
2736 5028 2837 5082 per
2910 5011 3213 5067 Sebastum
3275 5012 3725 5074 Constantinum

2073 5102 2434 5157 Rhadaanum
2484 5101 2676 5156 mittit.
2738 5100 2892 5155 613
2942 5099 3315 5171 Sponsalibus
3371 5105 3617 5172 peractis
3669 5115 3727 5163 et

2074 5191 2322 5263 nuptiali
2358 5191 2621 5247 convivio
2649 5189 2938 5260 apposito,
2961 5189 3210 5260 Chrysus
3238 5195 3470 5250 strenue
3499 5195 3733 5266 potabat

2073 5290 2128 5338 et
2179 5282 2531 5336 comedebat.
2605 5279 2756 5336 Uxor
2813 5295 2948 5335 vero
3004 5279 3127 5350 ejus
3182 5280 3480 5339 observata
3558 5301 3733 5354 spon-

2073 5386 2269 5425 sarum
2331 5368 2750 5425 consuetudine
2805 5368 2951 5423 nihil
2982 5369 3301 5440 attingebat
3332 5387 3346 5438 ;
3378 5375 3437 5428 et
3492 5387 3624 5429 cum
3654 5375 3728 5431 ab

2073 5475 2140 5515 eo
2173 5458 2323 5514 vesci
2348 5459 2519 5529 jussa
2539 5474 2653 5513 non
2687 5458 2875 5513 statim
2898 5458 3726 5533 paruisset,irainflammatus,

2073 5556 2125 5604 et
2160 5548 2361 5603 multis
2424 5547 2688 5602 Barbarie
2740 5547 2932 5602 verbis
2975 5562 3079 5617 per
3130 5547 3591 5619 indignationem
3628 5552 3728 5610 ob-

2073 5640 2471 5704 murmuratis,
2531 5639 2765 5693 tandem
2817 5654 2917 5706 per
2972 5643 3370 5709 contemptum
3420 5656 3605 5713 graece
3634 5644 3722 5700 di-

2073 5729 2197 5787 xit:
2232 5750 2263 5780 «
2293 5729 2491 5801 Neque
2517 5727 2671 5785 edito
2703 5742 2889 5799 neque
2920 5725 3120 5784 bibito.
3153 5748 3183 5779 »
