4102 6382
399 413 520 475 887
1708 408 1753 467 Ν
1766 406 2013 468 ICET/E
2054 405 2480 468 CHONIATIE
3701 410 3836 471 888

397 546 467 616 ἦν
525 544 630 622 γὰρ
687 542 776 598 καὶ
853 543 882 598 ὁ
955 536 1075 604 ταῗς
1131 544 1237 595 τῶν
1296 543 1509 616 πετρῶν
1583 539 1828 616 ἀφέσεσιν
1900 537 1992 593 καὶ
2066 537 2158 592 τὸν
2232 533 2401 611 λύγον
2454 538 2731 612 περιάγων
2789 538 2881 592 καὶ
2936 537 3036 606 τὴν
3089 535 3386 613 σφενδόνην
3447 536 3711 605 διατιθεὶς
3768 538 3827 596 ἐν

403 638 818 711 μηχανουργοῖς
896 633 1138 708 ἄριστος,
1215 628 1518 703 Ῥωμαίοις
1565 629 1660 701 μὲν
1760 626 1850 682 ἐπὶ
1931 630 2110 701 μισθῷ
2183 626 2251 681 τά
2323 630 2518 698 πρῶτα
2596 626 3059 703 ὑπηρετούμενος,
3135 628 3262 684 τότε
3337 626 3395 683 δὲ
3468 629 3605 703 πρὸς
3683 629 3831 686 ἀπο-

395 726 690 795 νοστήσας,
766 722 826 777 ἐκ
898 726 1000 775 τοῦ
1078 720 1155 793 μὴ
1232 714 1379 794 ἔχειν
1453 718 1545 772 τὸν
1626 718 1818 784 μισθὸν
1896 718 2337 792 χορηγούμενον.
2408 717 2494 789 [Ρ.
2528 717 2654 789 328]
2712 713 2789 774 Οὺ
2868 717 3034 790 μόνον
3112 714 3169 772 δὲ
3244 717 3296 772 οἶ
3373 717 3422 788 ἐξ
3500 719 3827 794 ἀφετηρίων

395 809 953 891 ἀποσφενδονούμενο.
1030 807 1330 887 σφαιρωτοὶ
1406 806 1555 863 λίθοι
1630 809 1811 870 κακῶς
1883 804 2090 870 ἐτίθουν
2122 805 2185 859 τὸ
2216 806 2545 880 στράτευμα,
2622 803 2770 861 ἀλλὰ
2843 806 2931 861 καὶ
3011 807 3064 861 οἱ
3137 808 3279 862 κατὰ
3350 812 3588 884 πρανοῦς
3630 808 3833 866 ἐπικυ-

395 901 668 976 λιόμενοι.
704 907 790 958 Ἐν
818 898 1057 961 πολλοῖς
1090 896 1147 954 δὲ
1175 897 1358 953 καὶτὰ
1393 900 1468 972 μὴ
1497 896 1856 977 ἐφικνούμενα
1888 894 2157 969 σωμάτων
2188 893 2248 949 ἐκ
2294 898 2402 949 τῶν
2440 900 2707 970 μηχανῶν
2741 914 2835 970 χεξ
2852 892 3019 969 μάδια
3078 894 3154 959 εἷς
3187 897 3416 952 θάνατον
3448 905 3692 973 κατῆγον
3725 903 3828 965 οἷς

394 988 827 1065 προσεπόλαζον·
861 994 981 1051 ταῖς
1024 989 1126 1064 γὰρ
1179 987 1558 1058 ἀνεστηκυίαις
1614 986 1837 1057 πέτραις
1897 984 2406 1059 προσαρασσόμενα,
2458 984 2572 1039 εἶτα
2618 989 2688 1057 τῇ
2736 988 2834 1040 τοῦ
2882 984 3167 1064 ἀφεικότος
3226 983 3422 1060 βέλους
3473 986 3829 1065 σφοδρότητι

392 1083 530 1153 πρὸς
605 1078 834 1134 πλεῖστα
912 1075 1269 1153 διαιρούμενα
1340 1078 1628 1149 τμήματα,
1703 1077 1772 1148 τῇ
1849 1071 1907 1129 δέ
1977 1094 2038 1128 τε
2109 1074 2326 1129 κάκεῖσε
2398 1070 2674 1148 διακριδὸν
2753 1072 3150 1149 σκεδαννύμενα
3223 1077 3597 1157 θανατηφόρον
3673 1080 3833 1148 ἦσαν

390 1171 579 1226 κακόν.
614 1169 721 1226 Καὶ
758 1169 952 1230 νυκτὸς
993 1164 1054 1223 δὲ
1092 1165 1272 1242 λάθρα
1333 1171 1432 1222 τοῦ
1499 1165 1767 1240 ἐρύματος
1834 1162 2066 1234 ἐξιόντες
2124 1164 2177 1217 οἱ
2239 1158 2507 1239 βάρϐαροι
2572 1165 2667 1225 τάς
2703 1185 2763 1218 τε
2830 1166 3087 1241 μηχανὰς
3155 1163 3408 1223 διέλυσαν
3450 1166 3511 1230 ἃς
3563 1166 3654 1224 ἐπὶ
3708 1177 3837 1227 τῶν

390 1260 563 1315 ἐκεῖσε
625 1259 891 1337 γηλόφων
959 1256 1248 1329 διέστησαν
1315 1259 1607 1331 Ῥωμαῖοι,
1671 1256 1762 1310 καὶ
1833 1255 1897 1310 τὸ
1957 1252 2402 1331 νυκτοφυλακοῦν
2468 1252 2888 1331 διαθροήσαντες
2954 1257 3263 1330 στράτευμα
3316 1262 3385 1332 τῇ
3437 1263 3536 1314 τοῦ
3591 1281 3839 1336 πρωτο-

389 1319 701 1423 ϐεστιαρίδυ
778 1319 1032 1404 ’.Ιωάννου
1108 1349 1282 1421 σκηνῇ
1359 1350 1558 1421 φεῦγον
1634 1337 2050 1414 έπικατέλαϐον,
2107 1345 2182 1401 ὡς
2247 1342 2340 1398 καὶ
2404 1346 2600 1398 τοῦτον
2669 1339 3038 1419 θορυϐηθέντα
3105 1345 3454 1417 ἐξαναστῆναί
3502 1370 3561 1405 τε
3617 1350 3836 1407 αὐτίκα

386 1441 485 1493 τοῦ
551 1436 779 1517 λέχους,
848 1436 923 1499 ὡς
973 1438 1095 1513 εἶχε
1159 1434 1597 1511 καταδαρθάνων,
1666 1435 1756 1489 καὶ
1825 1435 2056 1507 δρασμῷ
2123 1435 2433 1507 χρησασθαι
2497 1433 2819 1507 ὠρακιῶντα
2881 1435 2973 1489 καὶ
3040 1435 3145 1491 ὑπὸ
3212 1434 3367 1499 δέους
3437 1436 3828 1513 βαλλόμενον.

388 1524 615 1599 ⁹Αμέλει
670 1527 760 1582 καὶ
807 1528 876 1582 τὰ
933 1526 984 1582 ἐν
1040 1529 1109 1600 τῇ
1169 1530 1345 1600 σκηνῇ
1387 1523 1722 1599 διελόμενοι,
1791 1524 1845 1578 έν
1912 1524 2000 1585 οἷς
2063 1521 2130 1591 ἦν
2197 1523 2289 1577 καὶ
2356 1523 2424 1577 τὰ
2493 1522 2796 1598 βατράχεια
2848 1524 2913 1579 τὸ
2972 1528 3176 1600 χρῶμα
3235 1524 3434 1583 πέδιλα
3463 1532 3558 1583 τοῦ
3586 1549 3830 1601 πρωτο-

387 1609 723 1691 6εστιαρίου,
783 1614 921 1686 ὅλην
975 1613 1187 1686 ἐκείνην
1243 1615 1343 1683 τὴν
1404 1614 1570 1670 νύκτα
1626 1612 1681 1669 έν
1740 1613 1952 1686 μωκείᾳ
2005 1610 2095 1667 καὶ
2152 1609 2358 1686 γέλωτι
2422 1612 2490 1667 τὰ
2545 1612 2832 1687 Ῥωμαίων
2888 1612 3126 1678 ἐτίθεσαν
3180 1614 3497 1693 πράγματα.
3566 1619 3688 1674 Ἐτι
3752 1618 3824 1677 δὲ

384 1704 473 1758 καὶ
507 1703 669 1760 οἳνων
706 1701 901 1778 δοχεῖα
974 1700 1349 1777 τυμπανοειδῆ
1425 1701 1485 1758 ἐκ
1558 1701 1740 1779 λύγων
1817 1698 2038 1755 διάκενα
2087 1696 2461 1775 διαχαΛῶντες
2537 1699 2742 1765 ἄνωθεν
2819 1700 3041 1774 ἐξίστων
3115 1708 3195 1775 τῷ
3269 1701 3458 1778 δούπῳ
3531 1707 3594 1761 τὸ
3640 1710 3823 1782 στρά..

384 1813 581 1867 τευμα,
645 1795 721 1866 μή
772 1791 915 1854 είδὸς
965 1793 1045 1855 ὡς
1097 1793 1148 1849 ἐν
1203 1792 1383 1848 σκότει
1439 1792 1503 1847 τὸ
1560 1792 1873 1869 γινόμενον.
1934 1788 2121 1864 Ταύτῃ
2179 1810 2266 1844 τοι
2325 1790 2417 1844 καὶ
2477 1790 2736 1865 βασιλεὺς
2786 1791 2854 1847 τὰ
2895 1792 3034 1848 κατᾶ
3062 1794 3269 1848 σκοπὸν
3298 1794 3410 1869 οὐχ
3440 1796 3580 1871 ὁρῶν
3612 1818 3824 1873 περαι-

381 1882 604 1955 νόμενα,
672 1880 861 1945 ἄλλως
916 1904 976 1938 τε
1045 1879 1187 1956 μηδὲ
1253 1877 1638 1958 χρονοτριϐεῖν
1703 1880 1876 1936 ἐκεῖσε
1939 1878 2298 1953 προθέμενος,
2358 1879 2413 1941 ἐς
2472 1874 2767 1953 ξυμϐάσεις
2822 1879 3099 1956 τρέπεται.
3150 1886 3263 1940 Τοῦ
3293 1904 3352 1938 τε
3389 1881 3482 1938 οὖν
3515 1888 3818 1959 Προσάκου

382 1972 472 2027 καὶ
534 1979 634 2043 τῆς
692 1971 1077 2047 Στρουμίτζης
1134 1972 1226 2027 καὶ
1264 1977 1373 2027 τῶν
1427 1975 1629 2046 χωρῶν
1686 1974 1797 2025 τῶν
1853 1968 2007 2043 πέριξ
2060 1968 2253 2043 Χρύσῳ
2311 1967 2635 2039 ἐξιστανται,
2694 1970 2784 2024 καὶ
2846 1970 2972 2043 μίαν
3040 1974 3149 2026 τῶν
3207 1969 3268 2027 ἐκ
3321 1977 3419 2027 τοῦ
3455 1974 3640 2050 γένους
3682 1997 3820 2032 συν-

379 2061 591 2117 ευνάσαι
668 2064 720 2117 o't
795 2062 1123 2131 συντίθεται,
1222 2062 1299 2135 μὴ
1394 2060 1651 2137 γυναικὸς
1751 2058 2090 2128 σπανίζοντι.
2188 2054 2414 2130 Ἀμέλει
2505 2059 2596 2113 καὶ
2693 2059 2875 2114 εἰσιὼν
2967 2061 3032 2115 τὸ
3126 2062 3418 2131 Βυζάντιον
3508 2065 3609 2134 τὴν
3708 2070 3821 2122 τοῦ

385 2150 874 2227 πρωτοστράτορος
907 2151 1173 2228 θυγατέρα
1199 2154 1297 2205 τοῦ
1330 2153 1704 2211 συνοικοῦντος
1736 2147 2015 2217 ἀπέζευζε,
2046 2146 2137 2200 καὶ
2164 2150 2246 2217 τῷ
2278 2146 2476 2221 Χρύσῳ
2507 2145 2707 2216 ταύτην
2742 2147 3083 2226 ἐκπέπομφε,
3115 2148 3483 2229 νυμφαγωγὸν
3529 2150 3821 2226 ἀναδείξας

383 2237 477 2294 τδν
552 2234 808 2295 σεϐαστὸν
883 2242 1285 2297 Κωνσταντῖνον
1358 2239 1452 2295 τὸν
1523 2236 1815 2295 Ῥαδεινόν.
1893 2234 2273 2300 Τελεσθέντων
2364 2233 2423 2290 δὲ
2511 2240 2620 2290 τῶν
2692 2239 3094 2313 νυμφευμάτων
3169 2238 3262 2294 καὶ
3334 2247 3438 2311 τῆς
3513 2241 3814 2316 γαμηλίου

386 2325 568 2392 δαιτὸς
625 2329 1018 2403 παρατεθείσης
1076 2331 1105 2384 ὁ
1168 2329 1261 2403 μὲν
1316 2328 1539 2404 Χρύσος
1595 2326 1926 2403 έζωροπότει
1984 2324 2076 2380 καὶ
2142 2325 2301 2396 ἤσθιε
2355 2327 2763 2398 τονθευόμενος,
2803 2329 2838 2396 ἡ
2890 2325 2948 2382 δὲ
3004 2329 3139 2405 γυνὴ
3186 2329 3279 2384 τὸν
3324 2334 3435 2384 τῶν
3486 2331 3813 2409 νεονύμφων

382 2415 683 2492 αίδουμένη
744 2419 914 2493 νόμον
975 2417 1252 2496 ἐγκρατῶς
1312 2419 1432 2494 εἶχε
1483 2422 1589 2474 τῶν
1648 2414 2083 2493 παρακειμένων.
2146 2416 2536 2490 Ἐπιταχθεῖσα
2616 2412 2676 2470 δὲ
2750 2417 2889 2490 πρὸς
2960 2421 3059 2472 τοῦ
3135 2416 3376 2498 νυμφίου
3435 2420 3810 2496 συμμετέχειν

382 2508 571 2583 ἐκείνῳ
602 2510 881 2584 βρώσεως,
914 2509 1005 2565 καὶ
1039 2511 1117 2584 μὴ
1150 2511 1326 2574 οὕτως
1358 2510 1551 2566 αὗτίκα
1575 2506 1835 2585 δράσασα,
1868 2507 1944 2571 εἰς
1972 2506 2142 2581 ὀργὴν
2189 2502 2436 2579 ὲκμαίνει
2478 2505 2569 2560 τὸν
2597 2503 2786 2583 ἄνδρα.
2820 2506 3048 2580 Ἀμέλει
3079 2509 3169 2562 καὶ
3198 2507 3432 2566 πλεῖστα
3454 2513 3576 2576 καθ’
3615 2512 3811 2575 ἑαυτὸν

383 2592 827 2673 δποϐαρϐαρίσας
886 2601 975 2655 καὶ
1031 2600 1440 2675 θυμομαχαῂας
1500 2596 1580 2677 ἔφ’
1636 2598 1840 2667 ἰκανὸν,
1900 2597 2017 2670 μεθ’
2075 2593 2374 2669 ὑπεροψίας
2437 2590 2632 2672 ἔφησεν
2688 2593 2934 2671 ὕστερον,
2996 2620 3026 2649 ‹‹
3055 2602 3146 2668 Μη
3197 2600 3368 2677 φάγῃς
3406 2598 3550 2673 μηδε
3585 2600 3736 2677 πίῃς,
3778 2621 3809 2651 ››

379 2684 671 2759 Ἑλληνίδι
702 2693 876 2769 φωνῇ.

447 2788 503 2842 2.
534 2788 653 2843 Sub
701 2788 755 2843 id
789 2790 1019 2861 tempus
1075 2787 1302 2859 Scythae
1361 2787 1424 2844 in
1472 2791 1718 2860 quatuor
1746 2786 2067 2851 exercitus,

2220 2782 2285 2856 β’.
2318 2783 2456 2839 Τότε
2485 2779 2543 2838 δὲ
2591 2782 2683 2838 καὶ
2714 2787 2940 2849 Σκυθῶν
2989 2779 3183 2863 ἔφοδος
3237 2784 3525 2862 ἐγεγένητο
3566 2788 3798 2863 μεγίστη

376 2876 568 2943 divisi,
607 2877 811 2948 majori
836 2893 966 2933 cum
999 2884 1214 2934 terrore
1244 2893 1416 2950 quam
1448 2892 1705 2949 unquam
1738 2875 1899 2948 prius
1931 2890 1996 2946 pe

2177 2870 2309 2925 εκαῖ
2342 2870 2756 2949 φρικαλεωτέρα
2806 2877 2913 2928 τῶν
2962 2875 3252 2949 πρότερονο
3314 2875 3391 2937 εἷς
3434 2875 3534 2952 γὰρ
3564 2877 3797 2951 τέσσαρα

371 2970 554 3022 totam
606 2966 1008 3022 Macedoniam
1070 2971 1210 3023 sunt
1256 2966 1519 3039 grassati.
1580 2966 1822 3022 Munitis
1853 2964 1991 3020 etiar

2164 2961 2494 3037 ῖιαιρεθέντες
2573 2964 2950 3039 στρατεύματα
3012 2969 3188 3019 πᾶσαν
3278 2966 3378 3034 τήν
3452 2962 3784 3023 Μακεδονίαν

371 3056 697 3126 urbibus,et
723 3058 1012 3113 montium
1046 3057 1445 3113 cacuminibus
1475 3058 1811 3123 tentatis,ac
1835 3059 1991 3111 mont

2164 3048 2403 3120 πῆλθον,
2456 3051 2959 3127 ἀποπειρασάμενοι
3010 3053 3100 3108 καὶ
3172 3052 3391 3111 πόλεων
3435 3052 3782 3129 εὖτειχίστων

371 3148 527 3203 Gano
559 3147 962 3219 pervestigato,
996 3149 1177 3203 multa
1237 3148 1596 3204 monasteria
1640 3147 1991 3220 diripuerunt

2171 3139 2223 3196 αἱ
2255 3143 2495 3220 κορυφὰς
2546 3142 2850 3207 ἐπανιόντις
2900 3144 3065 3217 ὀρῶν,
3098 3142 3239 3201 ὣστε
3281 3150 3371 3200 καὶ
3419 3146 3480 3201 τὸ
3522 3145 3691 3209 Γάνος
3721 3146 3791 3201 τὸ

370 3236 585 3291 multos
638 3235 956 3291 monachos
1030 3235 1391 3305 occiderunt,
1453 3236 1687 3292 nemine
1754 3251 1887 3291 cum
1943 3235 1990 3291 ei

2176 3250 2265 3305 ρος
2314 3227 2788 3307 διερευνησάμενοι
2844 3231 3031 3288 πολλὰ
3086 3235 3479 3313 φροντιστήρια
3530 3234 3796 3292 ἐσκύλευ-

370 3325 444 3380 ob
478 3323 908 3380 multitudinem
952 3340 1148 3381 eorum
1177 3341 1244 3381 ex
1296 3325 1534 3398 periculi
1567 3330 1723 3382 metu
1755 3325 1990 3395 congred

2180 3340 2228 3374 κν
2278 3320 2369 3375 καὶ
2427 3320 2761 3395 μονάζοντας
2810 3321 3144 3391 ἀπέκτειναν,
3199 3322 3432 3399 μηδενὸς
3483 3324 3558 3387 εἷς
3601 3330 3800 3402 χεῖρας

365 3428 528 3468 auso.
2128 3407 2457 3482 τολμῶντος
2514 3408 2644 3465 ἴέναι
2703 3407 2794 3466 διὰ
2849 3407 2990 3485 δέος,
3049 3412 3134 3469 δτι
3190 3413 3280 3468 καὶ
3333 3414 3450 3487 μετ’
3482 3413 3799 3470 ἐλαττόνων

2130 3496 2373 3571 ἔμελλον
2420 3498 2557 3574 πρὸς
2613 3495 2840 3562 πλείους
2899 3500 3303 3574 συμπλέκεσθαι
3346 3504 3439 3558 καὶ
3491 3500 3582 3559 διὰ
3626 3503 3797 3560 nam

2126 3593 2228 3655 τῆς
2259 3587 2464 3642 ἑαυτῶν
2486 3587 2611 3662 ἐρᾷν
2641 3589 2744 3644 οὐκ
2773 3588 2925 3667 εἶχον
2956 3592 3163 3666 ψυχῆς.

440 3662 758 3732 Imperator
794 3677 926 3718 vero
956 3676 1087 3717 cum
1130 3661 1277 3718 tilias
1302 3677 1437 3719 suas
1468 3662 1541 3719 ob
1568 3663 2016 3720 adolescentiam

2195 3675 2258 3732 Ὀ
2332 3672 2391 3731 δὲ
2468 3661 2723 3752 βασιλεὺς
2797 3661 3087 3753 θυγατέρας
3161 3680 3303 3754 ὁρῶν
3381 3680 3618 3756 ὀργάδας
3695 3683 3790 3738 ἐπὶ

365 3756 421 3806 et
473 3749 722 3806 formam
777 3752 1061 3807 secundas
1117 3754 1348 3822 nuptias
1403 3752 1730 3809 desiderare
1771 3754 1985 3809 videret

2175 3764 2294 3839 έχος
2325 3749 2573 3840 δεύτερον
2627 3762 2717 3820 διὰ
2763 3749 3001 3838 νεότητα
3042 3768 3133 3822 καὶ
3183 3749 3327 3843 ὥραν
3379 3749 3634 3843 emperor;
3665 3770 3795 3847 ἐφι-

364 3838 589 3895 delectu
646 3856 717 3896 ex
763 3841 1037 3897 omnibus
1087 3842 1357 3914 gentibus
1399 3842 1733 3898 Christianis
1793 3841 1984 3898 habito

2172 3838 2524 3928 σκρίνειτοθς
2578 3854 3000 3929 συζεδξομένους
3060 3855 3213 3921 αὖθις
3266 3858 3482 3928 αὐταῖς,
3524 3859 3663 3914 ὥστε
3693 3862 3792 3917 καὶ

363 3941 464 3983 eos
497 3927 782 3999 principes
837 3929 1174 4001 praeferebat
1230 3929 1472 3998 caeteris,
1525 3945 1665 4001 quos
1700 3932 1983 3987 metuebat

2177 3942 2384 4004 ινάστας
2436 3940 2601 3998 ἐθνῶν
2656 3940 2929 4019 ἐξελέγετο
2968 3946 3035 3999 τὰ
3091 3950 3197 4001 τῶν
3248 3949 3582 4022 Χριστιανῶν
3628 3971 3797 4025 πρεσ-

362 4014 616 4071 Tandem
650 4031 717 4071 eo
765 4016 1008 4072 consilio
1038 4017 1274 4085 omisso,
1312 4017 1588 4074 Romanis
1637 4034 1735 4073 eas
1765 4017 1981 4089 despon

2178 4029 2402 4102 ιύοντας,
2436 4031 2530 4094 οὕς
2563 4032 2636 4096 ὡς
2688 4014 2995 4106 πολεμίους
3032 4036 3113 4108 [Ρ.
3149 4039 3273 4106 329]
3300 4014 3374 4107 ἦν
3406 4035 3623 4102 δεδιώς.
3657 4014 3798 4115 ’ὀψὲ

361 4102 468 4173 dit,
509 4104 712 4161 Irenen
744 4105 900 4161 074
929 4104 1130 4162 Alexio
1170 4106 1511 4178 Palaeologo,
1540 4122 1673 4164 eum
1708 4109 1866 4177 prius
1896 4109 1981 4164 for

2176 4124 2320 4174 :ribv
2371 4121 2639 4176 τοιούτων
2690 4124 3018 4196 σκεμμάτων
3056 4127 3453 4200 μεθαρμοσθεὶς
3486 4102 3796 4202 Ῥωμαίοις

362 4208 585 4250 mosam
659 4209 892 4250 uxorem
983 4196 1355 4268 repudiasset,
1417 4204 1643 4252 Annam
1716 4197 1980 4254 Theudor

2171 4204 2294 4271 ὖτᾶς
2325 4206 2610 4283 ἐκδέδωκε,
2669 4213 2769 4279 τὴν
2830 4213 2925 4285 μὶν
2985 4196 3244 4288 Εἰρήνην
3284 4216 3522 4290 συνάψας
3559 4196 3640 4291 τῶ
3673 4226 3791 4274 Πα-

361 4284 609 4352 Lascarl,
667 4284 1022 4342 adolescenti
1050 4287 1310 4343 animoso
1343 4291 1400 4343 et
1431 4286 1893 4345 bellicosissimo.
1929 4289 1981 4345 Et

2168 4297 2434 4372 αιολόγῳ,
2468 4300 2721 4375 Ἀλεξίῳ,
2765 4284 3136 4377 διαζευχθέντι
3170 4284 3442 4380 πρότερον·
3475 4284 3788 4376 ἦτιςυέννό-

360 4373 580 4444 ιιιιρίὶω
607 4390 739 4430 cum
772 4374 876 4430 sub
917 4375 1374 4445 Carnisprivium
1407 4374 1854 4443 celebrarentur,
1906 4378 1980 4433 im

2173 4409 2248 4450 ως
2280 4389 2431 4461 αὖτῴ
2468 4373 2814 4464 ἐγινώσκετο,
2866 4373 3010 4466 ὥρας
3060 4389 3116 4447 εὗ
3164 4373 3390 4468 ἔχουσα,
3565 4394 3610 4451 δ’
3649 4399 3790 4455 Ἀν-

364 4468 614 4533 perator,
647 4465 744 4534 qui
788 4462 1230 4519 decursionibus
1258 4465 1617 4535 equestribus
1644 4468 1984 4535 superseder-

2172 4498 2214 4531 ιν
2273 4462 2604 4553 συνηρμόκει
2658 4462 2928 4555 Θεοδώρῴ
2986 4486 3065 4554 τῷ
3123 4462 3390 4557 Λάσκαρι,
3443 4462 3624 4559 νεανίᾳ
3650 4487 3792 4544 τολ-

360 4552 669 4619 statuisset,
737 4552 965 4623 sponsis
1015 4553 1345 4621 Spectacula
1375 4554 1788 4625 ﬂagitantibus,
1845 4562 1907 4613 ut
1963 4573 1980 4614 ε

2167 4567 2302 4637 ,ητίᾳ
2356 4552 2449 4622 καὶ
2509 4564 2751 4643 ῥαγδαίῳ
2803 4552 2942 4645 πρὸς
2981 4552 3116 4648 ἔργα
3171 4552 3438 4647 πολέμια.
3494 4552 3613 4632 Ἦν.
3656 4574 3703 4632 δ’
3759 4580 3787 4634 ὁ

359 4639 467 4696 sibi
516 4640 627 4713 ipsi
677 4649 732 4697 et
760 4642 987 4712 generis
1038 4658 1256 4698 morem
1310 4653 1554 4715 gereret,
1606 4660 1711 4701 nec
1741 4661 1979 4717 magnur

2164 4654 2313 4730 αιρὸς
2342 4657 2461 4712 καθ’
2510 4639 2577 4711 ’δν
2636 4658 2793 4713 αὗται
2848 4639 3137 4734 γεγόνασιν
3195 4663 3251 4716 αἱ
3310 4639 3593 4739 συνάφειαι
3638 4665 3784 4742 ἐγγί-

359 4728 641 4801 palalium
675 4746 781 4786 nec
806 4731 1059 4787 stadium
1114 4730 1457 4804 ingreditur,
1506 4733 1605 4788 sed
1641 4735 1909 4792 curribus
1954 4736 1970 4790 i

2164 4764 2311 4807 οντος
2344 4744 2621 4820 ἀπόκρεω,
2662 4746 2755 4802 καὶ
2811 4752 2909 4803 τοῦ
2962 4746 3236 4821 κηδεστοῦ
3284 4750 3561 4826 βασιλέως
3592 4753 3784 4811 οὔκουν

357 4818 763 4876 Blachernium
802 4818 1072 4890 palatium
1106 4820 1400 4876 translatis
1451 4822 1741 4879 theatrum
1768 4839 1836 4879 ex
1867 4831 1977 4881 tem

2155 4831 2456 4908 νσχολάσαι
2494 4818 2852 4908 -προθεμένου
2913 4818 3331 4912 σταδιοδρόμων
3391 4842 3578 4898 ἳππων
3608 4843 3775 4917 άμίλ-

358 4925 496 4978 pore
522 4910 798 4976 instituit,
849 4924 1069 4982 organa
1097 4911 1322 4967 musica
1366 4911 1426 4968 in
1472 4912 1792 4969 fornicibus
1822 4914 1978 4988 dispo

2146 4943 2247 4984 tau;
2320 4924 2373 4977 οἱ
2447 4924 2711 5002 νεόγαμοι
2789 4925 3049 4983 ἐνέκειντο
3117 4910 3312 5006 θέατρα
3386 4910 3766 5006 ἐξαιτούμενοι.

357 5002 444 5052 nrt
478 5014 491 5051 :
524 4999 780 5070 praefecti
816 4998 975 5055 urbis
1025 5014 1333 5072 personam
1381 5002 1666 5059 sustinere
1711 5004 1880 5073 jubet
1908 5021 1977 5061 eu

2141 5015 2354 5067 itamth
2412 5012 2592 5068 τοίνυν
2666 5013 2758 5069 καὶ
2837 5015 3094 5091 βασιλεὺς
3144 5018 3320 5093 έαυτῷ
3384 5042 3443 5077 τε
3505 5021 3590 5076 καὶ
3649 5024 3761 5079 τοῖς

356 5086 615 5142 nuchum
645 5088 956 5158 quemdam
988 5088 1499 5160 opulentissimum
1530 5098 1583 5146 et
1604 5093 1845 5148 summis
1892 5109 1976 5151 ms

2138 5095 2393 5176 (αμϐροῖς
2454 5102 2529 5165 εἷς
2590 5103 2683 5177 μὲν
2732 5104 2796 5159 τὸ
2838 5086 2989 5183 ’μέγα
3046 5086 3316 5164 παλάτιον
3363 5107 3604 5182 οὐδαμῶς
3632 5108 3758 5184 ἄφι-

354 5174 697 5246 gistratibus
733 5178 1057 5247 praeditum,
1091 5179 1313 5235 ordinis
1373 5182 1646 5236 senatorii
1697 5182 1974 5240 hominen:

2148 5194 2346 5258 νεῖται,
2382 5187 2503 5246 οὔτε
2558 5194 2668 5265 μὴν
2731 5192 2962 5249 ἐσάνεισι
3019 5196 3082 5251 τὸ
3142 5196 3378 5265 στάδιον,
3406 5197 3499 5259 τὰς
3531 5193 3768 5252 δ’ἳππι-

354 5267 520 5337 cujus
563 5268 786 5322 nomini
837 5268 1024 5325 libens
1054 5287 1245 5342 parco.
1288 5273 1340 5327 Is
1392 5272 1627 5339 fabrica,
1675 5290 1798 5343 quas
1844 5275 1974 5345 vulg

2158 5279 2218 5343 ὰς
2271 5278 2501 5357 ἄντυγας
2563 5281 2640 5343 εἷς
2702 5284 2768 5339 τὸ
2825 5283 2879 5339 ἐν
2938 5283 3284 5362 Βλαχέρναις
3342 5288 3562 5367 ἀρχεῖον
3604 5307 3778 5364 προσ-

354 5354 586 5426 ligneus
635 5357 839 5412 asinus
886 5359 1121 5425 dicitur,
1173 5369 1376 5416 aurato
1435 5369 1491 5418 et
1546 5363 1832 5434 picturato
1876 5382 1974 5437 sag

2162 5367 2273 5439 ίξας
2328 5354 2613 5445 ἐνεχθῆναι
2670 5369 2944 5448 σχεδιάςει
2995 5354 3241 5450 θέατρον.
3306 5354 3535 5449 Κάὶηδὴ
3577 5354 3782 5452 αἶ’μέν

354 5446 507 5501 tecta
563 5448 912 5513 succinctus,
964 5449 1354 5521 extemporale
1402 5451 1868 5519 illud,theatrum
1915 5457 1974 5511 in

2167 5461 2284 5512 ὗσαι
2357 5463 2466 5513 τῶν
2540 5460 2873 5517 πολυαύλων
2954 5463 3197 5541 ὀργάνων
3248 5468 3388 5522 κατὰ
3463 5468 3563 5538 τὴν
3612 5465 3787 5524 ἐκεῖσε

356 5532 632 5602 greditur.
666 5533 745 5588 Ac
773 5535 1040 5592 eumdem
1075 5518 1326 5607 equitem
1379 5541 1683 5607 magnifice
1726 5544 1968 5601 inceden

3475 5518 3556 5538 η.
3614 5518 3785 5524 ---ηπ

2165 5543 2340 5602 ὕλειον
2400 5548 2476 5611 είς
2527 5558 2858 5626 καμπτῆρας
2914 5518 3267 5628 διάτιίθενται,
3300 5555 3380 5620 εἷς
3439 5554 3488 5612 δ’
3535 5552 3785 5638 ἔπαρχον

355 5623 500 5691 tem,
539 5624 600 5677 et
647 5636 862 5694 equum
896 5623 1100 5682 leniter
1129 5628 1585 5700 progredientem
1643 5638 1699 5690 et
1737 5632 1975 5692 hinnien

2167 5643 2215 5706 ῆς
2247 5635 2531 5709 βασιλίδος
2575 5623 3069 5716 διασχηματίζεται
3115 5623 3336 5709 πόλεως
3384 5623 3651 5721 ἐκτομίας
3676 5623 3787 5713 λς’
