4102 6392
373 391 494 457 889

1222 382 1325 442 DE
1369 382 1654 443 ALEXIO
1698 379 1991 442 ISAACII
2035 381 2321 442 ANGELI
2367 384 2495 442 FB.
2545 384 2688 445 LIB.
2724 386 2832 446 Ill.

3676 380 3796 444 890

378 528 444 584 τὸ
476 523 523 581 δ’
553 521 731 597 ὄνομα
760 520 897 577 ἑκὼν
929 513 1373 592 παραδράμοιμι,
1403 512 1633 588 πλούτῳ
1665 511 1712 569 δ’
1758 515 1826 584 ἦν
1875 515 2033 575 οὗτος
2065 575 2069 585 ι

2162 522 2306 583 iam;
2362 520 2420 573 et
2478 517 2652 588 paulo
2711 522 2863 588 post,
2926 521 2989 573 ut
3044 518 3195 574 075
3266 515 3404 572 olim
3456 515 3798 583 histriones,

382 611 713 693 περιϐριθής
764 609 856 666 καὶ
912 607 1169 682 μεγίστας
1237 602 1494 693 χειρίζων
1550 604 1726 682 ἀρχὰς
1782 604 1872 693 καὶ
1923 609 2037 658 τοῖ>

382 691 511 782 περὶ
542 705 640 774 τὴν
698 699 975 776 βασίλειον
1025 695 1236 774 γραφὴν
1290 692 1721 782 ἐγγραφόμενος.
1773 691 2033 782 Πλᾲεγμά-

381 780 501 852 τιον
560 790 740 847 τοίνυν
784 787 845 844 ἐκ
893 785 1078 860 λύγων
1127 780 1503 859 συγκείμενον,
1535 782 1564 836 ὃ
1590 802 1751 855 φησιν
1779 783 1815 851 ἡ
1848 780 2037 855 δημώ-

385 882 490 956 δης
521 881 716 960 φράσις
764 874 883 933 ὄνον
930 874 1170 945 ξύλινον,
1219 869 1585 960 χρυσοπάστῳ
1634 868 1783 943 σάγὼ
1831 874 2039 960 ζῳωτῷ

386 975 444 1036 ἐς
479 957 544 1029 τὸ
599 967 893 1041 διαμπερὲς
945 962 1275 1035 σκεπόμενον
1335 957 1740 1031 διαζωσάμενος
1796 958 1858 1013 τὸ
1907 959 2037 1033 σχέ-

386 1061 502 1118 διον
537 1058 712 1114 ἐκεῖνο
765 1057 987 1130 θέατρον
1039 1049 1285 1118 εἶ’σεισιν,
1333 1047 1423 1105 ὅτε
1469 1049 1560 1103 καὶ
1606 1048 1674 1117 ἦν
1730 1050 1820 1102 τὸν
1877 1045 2035 1101 αὐτὸν

384 1155 514 1228 ὁρᾷν
572 1151 660 1205 καὶ
731 1149 807 1210 ὡς
886 1137 1159 1211 ἀναϐάτην
1248 1136 1866 1215 μεγαλοπρεπευόμενον
1947 1135 2038 1192 καὶ

382 1227 553 1298 ἵππον
618 1238 811 1309 εὐήνια
866 1228 1278 1310 προποδίζοντά
1355 1248 1414 1283 τε
1470 1228 1559 1283 καὶ
1618 1227 2036 1303 χρεμετίζοντα·

389 1332 529 1405 μετὰ
562 1326 743 1406 βραχὺ
777 1324 834 1381 δὲ
861 1323 949 1379 καὶ
1008 1320 1138 1383 τοὺς
1185 1317 1357 1375 πάλαι
1406 1322 1513 1372 τῶν
1564 1314 1854 1392 δραμάτων
1907 1317 2041 1372 ὑπο-

388 1404 601 1494 κριτὰς,
665 1404 758 1471 τδν
825 1409 1059 1489 ἔφιππον
1129 1406 1538 1481 ἀποδυσάμενος
1634 1404 1893 1482 ἔπαρχον,
1951 1406 2043 1461 τὸν

393 1492 705 1583 μαπτάριον
760 1502 1128 1577 ὑποκρίνεται.
1188 1499 1359 1551 Ἦσαν
1409 1492 1467 1550 δὲ
1522 1496 1574 1550 οἱ
1629 1495 1745 1583 τὸν,
1777 1494 2039 1583 γυμνικὸν

388 1580 679 1656 όποδύντες
733 1593 916 1667 ἀγῶνα
972 1587 1034 1644 οὗ
1089 1590 1200 1642 τῶν
1258 1584 1309 1654 ἐξ
1369 1585 1572 1659 ἀγορᾶς
1664 1582 1756 1638 καὶ
1809 1580 2043 1659 τριόδων

385 1687 551 1755 τινες,
609 1683 737 1742 ἀλλ’
797 1678 1119 1755 εὐπατρίδαι
1195 1675 1418 1746 νεανίαι,
1500 1676 1734 1751 πρώτως
1819 1673 2046 1752 φύοντες

386 1775 614 1853 γένειον.
674 1775 896 1831 Ἐθεᾶτο
950 1772 1081 1847 γοῦν
1138 1768 1206 1824 τὰ
1263 1765 1496 1837 σκηνικὰ
1548 1768 1718 1821 ταῦτα
1803 1764 1893 1820 καὶ
1951 1784 2043 1840 γε·

2149 604 2416 676 deposita
2443 611 2732 678 equestris
2774 609 3022 678 praafecli
3059 623 3306 679 persona
3356 606 3606 675 peditem
3638 607 3801 660 vide-

2149 709 2263 748 res.
2299 696 2405 761 Qui
2432 699 2736 768 gymnicus
2769 697 2939 753 ludos
2982 697 3452 768 frequentabant,
3486 711 3599 750 non
3633 701 3801 750 erant

2145 781 2415 839 homines
2442 786 2897 842 circnmforanei
2933 792 2990 841 et
3019 785 3299 851 triviales,
3333 785 3433 840 sed
3468 783 3802 839 adolescen-

2145 876 2234 929 tes
2266 875 2515 945 patricii.
2550 878 2627 932 Ea
2660 877 2891 933 scenica
2923 884 2979 932 et
3010 876 3258 932 ridicula
3289 876 3514 931 ludicra
3544 875 3803 946 impera-

2149 970 2237 1017 tor
2265 969 2322 1019 et
2352 964 2691 1035 imperatrix
2721 970 3085 1036 spectabant,
3122 982 3235 1022 una
3281 981 3411 1021 cum
3446 965 3715 1037 cognatis
3745 969 3805 1020 et

2148 1049 2629 1110 honoratioribus
2649 1056 2959 1125 ministris,
2976 1055 3203 1111 caeteris
3227 1055 3504 1110 omnibus
3525 1053 3802 1110 exclusis.

2150 1140 2293 1195 Cum
2329 1146 2562 1213 tempus
2594 1144 2865 1199 currendi
2915 1146 3169 1212 adesset,
3202 1143 3512 1199 eunuchus
3542 1144 3802 1199 medium

2149 1228 2339 1286 locum
2370 1236 2599 1297 tenens,
2634 1233 2907 1289 manibus
2939 1236 3007 1289 ad
3043 1236 3270 1290 cubitos
3327 1249 3514 1305 usque
3565 1232 3804 1288 nudatis

2149 1324 2207 1375 et
2233 1326 2505 1392 argenteo
2536 1323 2790 1390 tegmine
2832 1323 3009 1393 capiti
3044 1324 3337 1394 imposito,
3373 1325 3609 1378 tertium
3659 1323 3797 1377 ado-

2150 1407 2439 1466 lescentes
2469 1412 2538 1466 ad
2569 1427 2808 1466 cursum
2842 1415 3210 1483 provocabat.
3245 1413 3492 1480 Quidam
3523 1429 3655 1468 vero
3690 1429 3802 1468 no-

2149 1499 2291 1555 bilis
2332 1508 2386 1556 et
2435 1501 2718 1573 dignitate
2772 1502 2988 1558 illustri
3040 1504 3322 1575 praeditus
3370 1502 3710 1558 adolescens
3762 1518 3796 1556 a

2151 1592 2314 1661 tergo
2343 1590 2475 1659 ejus
2504 1597 2667 1645 stans
2701 1589 2872 1645 toties
2903 1591 3032 1661 ejus
3062 1595 3227 1647 nates
3258 1595 3312 1645 et
3347 1592 3564 1645 femora
3600 1590 3803 1661 planta

2152 1677 2319 1751 pedis
2353 1678 2508 1734 clare
2545 1678 2808 1747 feriebat,
2838 1679 3065 1750 quoties
3122 1679 3220 1734 ille
3252 1677 3564 1734 considans
3614 1684 3807 1734 certa-

2155 1765 2332 1822 minis
2362 1767 2599 1838 signum
2633 1767 2830 1823 dabat.

388 1852 601 1936 λοιώδη
632 1865 661 1919 ὁ
694 1859 949 1939 βασιλεὺς
980 1857 1205 1935 παίγνια
1260 1856 1349 1911 καὶ
1400 1856 1435 1925 ἡ
1488 1852 1729 1930 βασιλὶς,
1778 1855 1868 1909 καὶ
1920 1854 2046 1909 ὅσον
2092 1852 2280 1916 αὐτοῖς
2338 1857 2434 1909 τοῦ
2492 1853 2688 1932 γένους
2747 1853 3042 1930 ἐπίσημον,
3100 1854 3191 1909 καὶ
3244 1856 3307 1910 τὸ
3364 1862 3464 1924 τῆς
3522 1856 3809 1928 Θεραπείας

388 1952 877 2031 εύπαῤῥησίαστον·
936 1953 1055 2010 τοῖς
1113 1945 1160 2002 δ’
1214 1944 1411 2008 ἂλλοις
1465 1948 1610 1998 πᾶσα
1663 1940 1904 2018 πάροδος
1962 1939 2374 1999 ἀποκέκλειστο.
2463 1944 2615 2000 Ἐπεὶ
2676 1941 2724 1998 δ’
2782 1943 3086 2022 ἐφειστήκει
3158 1944 3344 2020 καιρὸς
3399 1946 3520 2008 καθ’
3577 1944 3635 1999 ὅν
3695 1942 3805 2000 ἔδει

387 2029 537 2118 πρὸς
579 2043 642 2097 τὸ
699 2042 915 2117 τρέχειν
946 2037 1193 2114 γενέσθαι
1247 2033 1378 2098 τοὺς
1431 2034 1526 2088 τὸν
1585 2033 1852 2110 γυμνικὸν
1911 2031 2287 2094 έκτελέσοντας
2349 2029 2601 2102 δίαυλον,
2659 2035 2689 2088 ὁ
2751 2035 2848 2107 μὲν
2913 2032 3120 2097 ὑποδὺς
3169 2034 3262 2088 τὸν
3338 2032 3639 2108 μαπτάριον
3723 2033 3809 2088 εύ-

386 2137 613 2208 νοῦχος,
655 2133 755 2201 τήν
816 2130 985 2203 μέσην
1044 2125 1293 2204 εἰληχὼς
1353 2123 1561 2200 χώραν,
1622 2122 1698 2178 εἶτ
1761 2121 2058 2199 βραχίονας
2111 2122 2207 2185 τὰς
2266 2127 2457 2197 χεῖρας
2517 2121 2846 2197 ἀνεκάλυψε,
2904 2124 2995 2178 καὶ
3060 2124 3122 2178 τὸ
3177 2119 3581 2198 καταντυγῶδες
3642 2122 3807 2196 ἀργύ-

387 2242 504 2295 ριον
544 2219 811 2292 κάλυμμα
866 2222 935 2292 τῇ
995 2214 1210 2295 κεφαλῇ
1270 2213 1627 2288 περιθέμενος
1685 2211 1745 2267 ἐκ
1799 2211 1984 2287 τρίτου
2039 2212 2109 2281 ἦν
2168 2211 2245 2274 είς
2300 2211 2365 2267 τὸ
2428 2210 2565 2267 θέειν
2625 2212 2693 2266 τὰ
2753 2213 3013 2288 μειράκια
3070 2211 3573 2286 προσκαλούμενος·
3637 2211 3807 2273 έστὼς

388 2309 446 2367 δέ
492 2331 575 2372 τις
634 2306 911 2383 ἐξόπισθεν
965 2304 1238 2365 νεανίσκος
1301 2303 1543 2375 εὐγενής,
1603 2301 1875 2376 ἀξιώματι
1923 2300 2165 2375 λαμπρῷ
2220 2296 2606 2378 περίϐλεπτος,
2682 2301 3003 2364 τοσαυτάκις
3076 2301 3237 2357 αὐτὸν
3312 2306 3411 2357 τοῦ
3485 2299 3654 2363 ποδὸς
3729 2305 3811 2374 τῷ

390 2399 596 2472 ηλατεῖ
622 2397 761 2454 κατά
804 2401 913 2454 τῶν
961 2399 1150 2468 πυγῶν
1194 2392 1286 2448 καὶ
1314 2396 1424 2456 τῶς
1475 2390 1726 2465 γλοῦτῶν
1778 2385 1998 2447 ἔτυπτεν
2049 2389 2128 2453 εἷς
2170 2389 2489 2462 ἐξάκουστον
2541 2392 2728 2453 ὁσάκις
2778 2392 3070 2463 συνιζάνων
3117 2391 3320 2454 ἐκεῖνος
3348 2392 3413 2446 τὸ
3451 2395 3548 2446 τοῦ
3599 2388 3809 2467 δρόμου

389 2489 686 2563 παρείχετο
716 2485 988 2559 σύνθημα.

463 2575 621 2635 Ἀλλ’
698 2572 851 2630 οῦπω
926 2566 1168 2649 ἀκριϐῶς
1268 2568 1603 2647 διηγώνιστο
1688 2570 1756 2625 τὰ
1855 2590 2045 2646 μειρα-

2229 2572 2327 2629 His
2357 2571 2683 2646 puerilibus
2713 2571 2959 2630 ludicris
2989 2574 3255 2628 nondum
3279 2571 3589 2638 absolutis,
3620 2570 3807 2627 tristis

390 2662 568 2737 κιώδη
643 2667 811 2720 ταῦτα
885 2661 1190 2738 ἀθύρματα,
1265 2658 1357 2716 καὶ
1434 2659 1626 2735 οἲκτρά
1695 2680 1778 2722 τις
1881 2658 2048 2736 ἀγγε-

2162 2663 2399 2720 nuntius
2430 2662 2821 2736 Philippopoli
2853 2664 3094 2720 affertur
3122 2665 3194 2719 de
3226 2662 3425 2718 Ibanci
3455 2663 3800 2718 defectione.

394 2754 491 2813 λία
510 2756 612 2823 τὴν
654 2751 709 2809 ἐν
756 2753 972 2815 τούτοις
1026 2748 1334 2827 διαδέχεται
1390 2749 1707 2829 χαρμονήν.
1757 2749 1821 2804 Ἦ
1872 2745 1929 2803 δὲ
1977 2748 2045 2818 ἦν

2162 2756 2232 2825 Is,
2283 2758 2349 2810 ut
2399 2771 2577 2827 supra
2609 2754 2893 2826 diximus,
2944 2754 3181 2810 nomine
3241 2753 3484 2810 676m
3533 2752 3805 2808 Alcxium

394 2846 459 2900 τὸ
502 2844 808 2912 ἀποστῆναι
861 2841 955 2897 τὸν
1013 2835 1264 2917 ἰϐαγκὸν
1317 2839 1457 2895 κατά
1510 2839 1611 2907 τήν
1657 2835 2049 2894 Φιλλιπούπο-

396 2936 503 2991 λιν.
567 2934 656 2995 Ὡς
717 2933 823 3007 γὰρ
883 2931 1080 2986 ἄνωθεν
1140 2928 1394 3002 εἴπομεν,
1474 2928 1899 3002 μετονομασθεὶς
1959 2925 2050 2982 ὃδε

395 3022 649 3093 Ἀλέξιος
680 3021 771 3077 καὶ
802 3015 1076 3097 γαμϐρὸς,
1129 3018 1217 3074 ἐπὶ
1263 3014 1655 3094 θυγατρόπαιδι
1702 3021 1781 3089 τῷ
1833 3013 2052 3093 βασιλεῖ

393 3110 640 3190 γεγονὼς
715 3109 843 3165 καὶ·
879 3107 1056 3164 πλείω
1129 3115 1230 3179 τῆς
1307 3104 1535 3179 δεούσης
1610 3105 1770 3182 ἰσχὺν
1847 3102 2050 3169 ὑποδὺς

396 3204 719 3276 στρατηγεῖν
783 3197 1000 3277 εἰλήφει
1057 3197 1147 3253 καὶ
1205 3202 1533 3271 προεστάναι
1586 3200 1697 3253 τῶν
1745 3196 1946 3270 τάξεων
1996 3193 2051 3251 α⁹ί

389 3295 514 3354 τοῖς
564 3287 878 3365 ὁμογενέσιν
934 3287 1082 3360 αὐτῷ
1139 3286 1385 3361 Βλάχοις
1425 3287 1550 3362 περὶ
1605 3288 1705 3357 τὴν
1765 3285 2051 3342 Φιλίππου

390 3376 667 3454 ἐπαρχίαν
715 3376 1074 3446 ἀντεκάθηντό
1128 3396 1188 3431 τε
1243 3375 1333 3431 καὶ
1390 3375 1765 3453 ἀπεφέροντο.
1826 3375 2052 3449 ’ΔμέΛει

391 3468 488 3525 καὶ
522 3472 628 3525 τῶν
685 3466 857 3523 ἐκεῖσε
908 3470 1112 3545 χωρῶν
1165 3465 1347 3541 φανεὶς
1398 3464 1587 3533 κύριος
1618 3465 1720 3540 ἦγε
1767 3467 1836 3521 τὰ
1880 3465 2055 3520 πάντα

391 3561 488 3617 καὶ
520 3562 606 3635 [Ρ.
646 3560 773 3633 330]
838 3555 1043 3633 ἔφερεν,
1101 3555 1478 3634 ἀγχίστροφος
1531 3554 1605 3611 ὥν
1665 3557 1757 3612 καὶ
1816 3553 2052 3632 δραστή-

395 3671 518 3729 ριος
548 3649 688 3726 πρὸς
719 3647 857 3704 ἅπαν
913 3644 1219 3721 σύνδρομον
1274 3640 1429 3722 ἔργον
1487 3650 1604 3708 τοῖς
1663 3643 1716 3700 ἐν
1770 3649 1839 3719 τῇ
1897 3647 2053 3720 ψυχῇ

392 3741 664 3813 κινήμασι
713 3737 804 3792 καὶ
868 3733 1259 3813 βουλεύμασιν.
1317 3740 1512 3791 ’Ἤσκει
1554 3754 1614 3790 τε
1674 3733 1750 3797 είς
1807 3731 2052 3805 πόλεμον

393 3831 464 3889 τὸ
538 3828 660 3904 περὶ
739 3825 899 3883 αὐτὸν
976 3823 1279 3905 ὁμόφυλον,
1356 3821 1586 3899 δωρεαῖς
1658 3823 1888 3880 πιαίνων
1964 3822 2055 3879 καὶ

396 3920 703 3993 ὁπλισμοῖς
769 3914 1072 3992 κρατύνων,
1125 3916 1218 3971 καὶ
1302 3914 1576 4018 φρουρίων
1636 3912 1911 4018 ἐρυμνῶν,
1941 3915 2056 3970 ἀνε-
2086 3952 2134 4018 C

396 4008 614 4086 γέρσεσι
643 4006 711 4064 τὰ
749 4007 1096 4079 ἀντικείμενα
1143 4008 1225 4078 τῷ
1278 4004 1446 4078 Αἳμῳ
1495 4004 1610 4079 ὄρει
1661 4003 2056 4080 ἀνεπιχείρητα

404 4102 608 4177 μικροῦ
647 4097 1032 4173 ἀπειργάζετο.
1066 4093 1334 4157 Βασιλεὺς
1369 4095 1467 4167 μὲν
1513 4094 1607 4150 οῦν
1658 4093 1848 4167 ἐπῄνει
1892 4097 2062 4149 ταῦτα

406 4187 709 4262 μανθάνων,
785 4182 878 4238 καὶ
943 4179 1012 4236 δι’
1090 4178 1276 4244 αῗδοῦς
1341 4180 1549 4237 ἐτίθετο
1621 4182 1714 4236 τὸν
1793 4179 2058 4255 Ἀλέξιον,

402 4272 645 4333 πολλαῖς
700 4271 789 4325 καὶ
851 4269 1131 4344 μεγίσταις
1191 4269 1699 4347 φιλοφρονούμενο>
1747 4270 1907 4324 αὐτὸν
1950 4266 2061 4324 δω-

406 4365 577 4433 ρεαῖς,
644 4356 822 4429 ἡδέως
890 4378 949 4413 τε
1005 4356 1169 4413 αὐτοῦ
1253 4358 1447 4428 ἤκουε,
1506 4359 1594 4413 καὶ
1653 4362 1749 4420 τᾶς
1817 4356 2058 4427 αἰτήσεις

408 4451 709 4526 ἐξεπέραινε
766 4445 974 4523 ῥᾴδιον
1031 4447 1100 4501 τὰ
1158 4443 1215 4502 δὲ
1268 4447 1416 4522 παρά
1467 4451 1564 4501 τοῦ
1646 4443 1842 4521 ἀνδρὸς
1903 4442 2063 4501 τοῦδε

405 4538 757 4615 πραττόμενα
809 4538 863 4593 οἱ
919 4537 1044 4611 περὶ
1098 4535 1192 4592 τὸν
1250 4531 1480 4611 βασιλέα
1538 4540 1868 4613 συνορῶντες
1919 4532 2062 4590 καλά

410 4628 508 4703 μὲν
540 4627 904 4699 ἀπεφαίνοντο
946 4624 1087 4681 εἶναι
1134 4625 1222 4680 καὶ
1284 4624 1518 4700 ἀρίστως
1574 4620 1764 4699 ἔλεγον
1815 4621 2060 4696 δρᾶσθαι,

407 4716 470 4772 ού
509 4717 584 4789 μὴ
642 4713 733 4769 καὶ
791 4713 878 4770 ἐπὶ
939 4717 1130 4787 σκοπῷ
1187 4713 1489 4788 Ῥωμαίοις
1548 4713 1863 4768 συνοίσοντα
1916 4712 2064 4788 παρᾶ

403 4812 504 4864 τοῦ
544 4806 879 4877 πράττοντος
933 4803 1193 4877 γίνεσθαι,
1254 4801 1370 4858 ὅθεν
1423 4805 1511 4859 καὶ
1571 4802 1906 4879 παραινέσεις
1953 4800 2060 4859 εἷ’σ-

404 4899 545 4971 ῆγον
605 4896 684 4965 τῷ
741 4891 1109 4965 αὐτοκράτορι
1178 4888 1493 4966 παραλῦσαι
1553 4897 1654 4961 τῆς
1720 4891 1903 4970 ἀρχῆς
1968 4890 2061 4945 τὸν

405 4984 681 5054 Ἀλέξων.
713 4978 870 5050 Μηδὲ
928 4979 1033 5056 γὰρ
1090 4976 1151 5035 ἄν
1220 4974 1501 5056 βάρϐαρον
1560 4976 1728 5054 ἄνδρα
1789 4982 1864 5055 μή
1925 4978 2063 5035 πάνυ

406 5072 603 5149 πρώην
680 5069 979 5144 Ῥωμαίοις
1055 5067 1481 5144 πολεμιώτατον
1559 5070 1733 5133 οὓτως
1809 5069 2063 5146 ἐξαίφνης

409 5167 728 5239 μεταπεσεῖν
766 5159 842 5222 είς
901 5158 1170 5237 ἀκραιφνῆ
1235 5155 1496 5230 διάθεσιν,
1546 5159 1622 5223 ὡς
1681 5159 1919 5236 φρούρια
1973 5158 2064 5214 καὶ

405 5250 679 5327 πολίχνια
719 5247 770 5305 ἐν
830 5254 949 5310 τοῖς
1007 5246 1311 5323 ἐπικαίροις
1373 5253 1652 5324 νεουργεῖν
1707 5250 1919 5320 τόποις,
1974 5247 2065 5304 καὶ

408 5320 590 5410 αῧξείν
645 5341 738 5414 μὲν
794 5340 858 5395 τὸ
915 5320 1204 5416 ἐμφύλιον
1244 5337 1393 5411 αὐτῷ
1447 5320 1775 5414 στρατευμα,
1830 5338 2064 5413 σμικρό.
2101 5320 2145 5385 D

404 5451 514 5485 νειν
549 5427 606 5485 δὲ
643 5427 707 5484 τὸ
751 5429 1086 5502 Ῥωμαϊκὸν,
1147 5427 1370 5504 ἐνιαχοῦ
1431 5424 1488 5483 δὲ
1542 5427 1632 5485 καὶ
1690 5428 1767 5490 ὡς
1819 5425 2066 5503 δύσχρη-

403 5510 762 5576 στοντιθέναι
822 5517 1144 5592 ἀπόμαχον,
1205 5517 1252 5572 εἰ
1304 5519 1378 5591 μή
1433 5540 1516 5582 τις
1562 5518 1713 5589 αὐτῷ
1771 5516 2066 5593 ἐνέσπαρτο

405 5613 502 5666 τοῦ
550 5604 827 5683 τυραννίδι
886 5603 1173 5664 ἐπιϐαλεῖν
1232 5603 1428 5676 ἔννοια,
1487 5605 1603 5663 ἐπεὶ
1664 5604 1805 5681 μηδέ
1858 5606 1926 5662 τὰ
1983 5627 2070 5662 τι-

404 5719 517 5756 νων
547 5697 851 5772 ἐννοήματα
889 5693 1071 5772 φιλεῖν
1120 5718 1241 5761 πως
1296 5696 1379 5754 ἀεὶ
1438 5695 1512 5760 ὡς
1565 5693 1657 5752 διὰ
1709 5692 1902 5754 πυλῶν
1958 5698 2066 5752 τῶν

2158 2848 2386 2900 mutato
2418 2843 2833 2916 desponsaque
2863 2848 3034 2916 nepte
3073 2843 3471 2915 imperatoris,
3524 2844 3805 2915 majorem

2158 2948 2337 3004 quam
2390 2933 2586 2989 decuit
2616 2933 3023 2990 auctoritatem
3078 2939 3302 3001 nactus,
3360 2937 3418 2988 et
3464 2931 3809 2988 cohortibus

2159 3022 2466 3095 praefectus
2497 3039 2625 3094 qua:
2675 3022 2908 3079 Blachis
2954 3023 3024 3079 ad
3072 3021 3521 3095 Philippopolim
3571 3023 3813 3077 resiste-

2158 3113 2319 3182 bant,
2350 3129 2417 3169 ac
2459 3113 2653 3184 potius
2689 3114 2950 3169 locorum
2996 3113 3230 3169 illorum
3279 3112 3556 3168 dominus
3596 3113 3809 3168 factus.

2157 3219 2270 3260 suo
2291 3201 2573 3258 arbitratu
2600 3203 2835 3273 regebat
2865 3204 3096 3259 omnia:
3123 3203 3341 3275 quippe
3360 3202 3536 3257 homo
3560 3200 3810 3257 callidus

2158 3295 2216 3349 et
2248 3297 2554 3362 strenuus,
2578 3292 2747 3347 facile
2778 3290 3022 3363 quiquid
3041 3293 3240 3348 animo
3270 3291 3625 3347 destinasset
3647 3306 3809 3345 exse-

2159 3395 2371 3452 quens,
2430 3387 2484 3434 et
2544 3377 2861 3452 populares
2927 3396 3069 3435 suos
3120 3377 3457 3435 liberalibus
3515 3377 3810 3434 donativis

2161 3470 2459 3542 saginatos
2489 3472 2549 3525 et
2582 3468 2766 3524 armis
2796 3473 3103 3525 exornatus
3133 3469 3202 3525 ad
3239 3468 3460 3524 bellum
3491 3468 3812 3537 exercebat,

2160 3564 2218 3615 et
2249 3558 2376 3616 loca
2434 3558 2618 3615 monti
2677 3559 2873 3613 Hmmo
2903 3557 3149 3613 ﬁnitima
3204 3559 3394 3614 firmis
3427 3557 3684 3614 castellis
3733 3559 3813 3613 ita

2163 3646 2473 3702 muniebat
2504 3653 2568 3701 ut
2593 3660 2660 3701 ea
2694 3644 2890 3700 hostes
2916 3661 3062 3716 pane
3081 3645 3351 3700 invadere
3371 3661 3487 3700 non
3507 3646 3813 3700 audere’nt.

2162 3734 2543 3799 Quamobrem
2576 3736 2649 3790 ab
2683 3736 3035 3805 imperatore
3056 3733 3497 3789 collaudabatur
3527 3738 3583 3788 et
3615 3733 3814 3803 magni
3856 3720 3863 3727 ’

2162 3825 2359 3891 flebat,
2397 3824 2600 3879 multis
2633 3822 3018 3894 amplissimis
3052 3822 3395 3878 muneribus
3428 3821 3812 3890 afﬁciebatur,

2167 3914 2808 3981 audiebaturlibenter;
2833 3913 3117 3985 quidquid
3141 3912 3420 3981 petiisset,
3442 3911 3809 3984 impetrabat.

2166 4003 2357 4061 Aulici
2388 4021 2520 4061 vero
2541 4003 2701 4060 illius
2727 4003 2831 4059 viri
2856 4003 3008 4059 facta
3036 4002 3271 4074 egregia
3299 4011 3353 4057 et
3385 4002 3549 4058 utilia
3577 4002 3815 4072 quidem

2166 4109 2296 4149 esse
2343 4094 2697 4159 fatebantur,
2753 4091 2855 4147 sed
2914 4092 2986 4146 ad
3048 4094 3443 4146 Romanorum
3510 4091 3818 4145 utilitatem

2165 4181 2373 4237 referri
2431 4181 2747 4253 negabant,
2808 4186 2866 4234 et
2922 4180 3261 4251 imperatori
3331 4184 3603 4236 auctores
3660 4183 3824 4235 erant

2167 4270 2468 4325 adimendi
2500 4271 2551 4324 ei
2604 4269 3007 4339 magistratus.
3059 4269 3264 4341 Neque
3310 4269 3467 4324 enim
3522 4268 3820 4323 hominem

2167 4358 2510 4425 barbarum,
2571 4358 2745 4429 paulo
2818 4363 2951 4414 ante
3011 4358 3289 4414 Romanis
3346 4359 3822 4424 infestissimum,

2170 4465 2353 4520 usque
2383 4450 2528 4505 adeo
2566 4449 2764 4507 subito
2798 4456 3089 4506 mutatum
3122 4467 3253 4507 esse
3282 4456 3623 4522 tantamque
3653 4451 3823 4506 bene-

2169 4537 2479 4594 volentiam
2538 4538 2898 4609 concepisse,
2932 4544 2998 4594 ut
3043 4557 3191 4597 nova
3230 4538 3468 4597 castella
3498 4545 3556 4596 et
3611 4539 3823 4612 oppida

2169 4624 2226 4681 in
2265 4627 2617 4700 Opportunis
2646 4626 2790 4683 locis
2820 4632 3107 4684 exstruat.
3145 4628 3344 4699 Neque
3375 4645 3508 4684 eum
3551 4628 3824 4684 cohortes

2170 4718 2472 4778 Blachicas
2522 4722 2862 4783 aucturum,
2895 4718 3175 4774 Romanis
3218 4718 3366 4773 677
3404 4717 3736 4773 imminutis
3767 4721 3826 4774 et

2171 4807 2491 4880 aliquando
2543 4805 2716 4863 etiam
2781 4811 2844 4861 ut
2874 4806 3186 4863 inutilibus
3240 4823 3275 4861 a
3323 4823 3521 4877 pugna
3562 4806 3825 4877 remotis,

2172 4898 2286 4956 nisi
2318 4897 2475 4967 regni
2525 4895 2905 4967 cupiditatem
2940 4895 3139 4951 aleret.
3190 4895 3387 4967 Neque
3416 4896 3569 4951 enim
3620 4912 3825 4952 omnes

2173 5006 2240 5044 ea
2270 5005 2396 5059 quae
2431 4990 2659 5059 pectore
2690 4985 2909 5040 lateant
2938 5002 3037 5041 ore
3073 4987 3347 5057 proferre,
3381 4988 3483 5042 sed
3515 4986 3644 5057 ipsa
3675 4988 3828 5043 facta

2174 5093 2577 5150 saepenumero
2626 5074 2786 5130 omni
2819 5074 3084 5130 oratione
3131 5074 3461 5132 evidentius
3495 5077 3676 5132 animi
3738 5094 3827 5133 re-

2175 5183 2377 5223 cessus
2409 5164 2723 5221 declarare.
2774 5162 2986 5218 Verum
3040 5165 3244 5232 surdo,
3278 5170 3343 5221 ut
3395 5166 3580 5235 aiunt,
3633 5166 3830 5223 fabula

2177 5255 2547 5311 narrabatur.
2584 5252 2907 5323 Imperator
2935 5252 3090 5307 enim
3134 5255 3326 5326 neptis
3356 5272 3472 5310 suae
3511 5256 3828 5312 Theodorus

2177 5340 2477 5417 sponsalia
2536 5341 2682 5398 satis
2743 5342 2941 5397 firmos
2998 5343 3166 5414 quasi
3225 5343 3462 5401 obsides
3520 5350 3703 5414 ratus,
3760 5347 3831 5402 de

2177 5434 2508 5505 integritate
2538 5440 2592 5487 et
2639 5431 2751 5486 fide
2785 5431 2965 5486 Alexii
3004 5432 3149 5488 nihil
3197 5435 3522 5504 dubitabat,
3569 5435 3833 5492 malefica

2179 5522 2457 5595 quapiam
2517 5522 2570 5575 vi
2626 5519 2719 5577 hic
2765 5536 3019 5592 quoque,
3066 5522 3295 5593 opinor,
3350 5525 3563 5580 mentis
3632 5525 3834 5582 oculos

2179 5612 2629 5684 perstringente,
2662 5611 2832 5681 cujus
2874 5609 3133 5683 impulsu
3167 5628 3259 5668 res
3292 5613 3552 5671 Romana
3582 5615 3836 5671 subinde

2180 5700 2298 5760 ruit
2325 5700 2386 5757 in
2428 5699 2617 5772 pejus.
2651 5697 2724 5756 Ut
2768 5701 2963 5755 autem
3000 5716 3115 5756 non
3148 5699 3331 5758 multo
3372 5708 3504 5774 post
3532 5701 3592 5758 id
3641 5701 3839 5760 evenit
