4102 6434
292 404 406 465 891
1590 400 1637 459 Ν
1644 397 1906 461 ΙΟΕΤΛΕ
1949 397 2385 459 ΟΗΟΝΙᾹΤιΕ
3589 395 3715 461 892

293 539 449 610 quod
480 537 815 605 timebatur,
865 552 932 593 eo
971 536 1273 609 inepinato
1313 536 1519 593 nuntio
1569 535 1856 592 attonitus
1885 550 1913 590 e

2101 527 2292 586 ειλέων
2350 529 2686 610 ἐκφέρεσθαι,
2745 531 2873 588 ἀλλ’
2939 530 2991 587 ἐν
3048 528 3285 594 πολλοῖς
3367 530 3459 586 καὶ
3519 537 3718 609 φωνῆς

292 628 461 699 inops
475 627 790 683 consiliiob
808 625 1108 681 difficilem
1128 625 1417 681 exercitus
1440 624 1912 681 convocationem

2101 622 2380 698 auvdzapov
2439 623 2539 680 ὅσα
2593 626 2843 690 κέκευθεν
2902 627 2936 694 ἡ
2978 626 3121 704 φρήν
3168 624 3227 678 αἱ
3282 622 3501 698 πράξεις
3561 622 3721 699 ἐξαγ-

294 718 366 772 ad
400 717 746 772 seditiosum
771 716 970 771 statim
1003 715 1323 787 spadonem
1358 714 1673 785 quemdam
1710 715 1763 771 ei
1788 714 1914 770 fami

2099 710 2369 772 ἐλλουσιν.
2403 712 2479 771 Οὐ
2538 715 2647 788 μὴν
2714 714 2791 777 εἷς
2851 715 2965 769 ὦτα
3019 712 3330 769 ἀκουόντων
3390 714 3485 774 τὰς
3537 714 3719 793 σοφὰς

293 805 681 862 liarissimum
714 804 903 872 mittit,
954 803 1050 874 qui
1086 809 1254 876 pacta
1297 808 1355 859 et
1402 809 1681 860 conventa
1713 802 1771 858 in
1823 820 1913 860 me

2096 799 2247 863 ιύτας
2305 803 2528 879 γνώμας
2582 804 2719 873 ἦσαν
2775 802 3174 877 εἷ’σηγούμενοι.
3233 802 3296 858 Ὁ
3354 803 3461 877 γὰρ
3544 802 3716 877 βασι-

297 895 546 951 moriam
576 895 628 949 ei
665 902 992 961 revocaret;
1028 900 1080 949 et
1111 894 1266 965 quod
1300 892 1448 948 nihil
1483 910 1745 965 unquam
1777 910 1847 950 ex
1878 910 1917 949 ε‹

2096 890 2181 955 εὺς
2212 891 2479 971 ἐχέγγυον
2526 893 2602 959 εἷς
2642 893 2822 949 πίστιν
2874 894 2967 950 τὸν
3014 900 3115 963 τῆς
3170 894 3373 948 υἱωνοῦ
3421 888 3716 968 Θεοδώρας

294 989 579 1057 tempore,
612 1001 725 1055 quo
758 1000 821 1039 se
871 984 942 1038 ad
977 983 1271 1038 Romanos
1302 982 1664 1052 contulisset,
1711 984 1914 1040 molest

2097 1001 2238 1054 αμον
2263 984 2504 1053 καθάπαξ
2562 979 2855 1039 ὑπολαϐὼν
2901 983 3001 1038 οὐκ
3057 980 3198 1037 ἔστιν
3258 980 3410 1043 ὅπως
3462 979 3552 1036 ἐπὶ
3601 985 3713 1035 πᾶ-

297 1078 399 1130 aut
433 1075 551 1144 spei
607 1090 723 1128 suae
757 1073 1115 1128 contrarium
1170 1089 1484 1143 perpessus
1513 1079 1689 1139 esset,
1741 1074 1913 1129 admo

2100 1091 2138 1123 LV
2197 1070 2297 1126 οὐκ
2355 1070 2572 1147 ἀσφαλῆ
2629 1072 2695 1126 τὰ
2750 1072 2887 1147 πρὸς
2947 1066 3156 1127 εὔνοιαν
3211 1070 3304 1125 καὶ
3362 1070 3720 1142 ἀπρόσκοπον

296 1168 475 1218 neret.
509 1163 704 1233 Neque
733 1163 888 1217 enim
923 1164 992 1216 de
1014 1178 1080 1217 eo
1114 1162 1544 1218 reconciliando
1576 1164 1916 1235 desperabat

2101 1178 2234 1234 ιρινε
2326 1161 2419 1216 τὸν
2520 1160 2785 1231 Ἀλέξιον,
2888 1158 3423 1235 καταγοητευούσης,
3529 1162 3721 1232 οἶμαι,

295 1242 440 1305 Eum
477 1266 587 1304 non
621 1250 793 1322 longo
836 1248 1137 1305 intervallo
1170 1251 1351 1305 secuti
1384 1259 1522 1306 sunt
1570 1250 1908 1323 imperatori

2104 1250 2327 1305 ἰνταῦθα
2359 1257 2459 1320 τῆς
2505 1254 2807 1306 κακοποιοῦ
2859 1247 3142 1323 δυνάμεως
3195 1255 3298 1319 τῆς
3354 1246 3443 1303 ἐπὶ
3501 1248 3563 1303 τὸ
3612 1249 3724 1303 κά·-

293 1339 492 1410 generi
524 1355 657 1394 cum
703 1339 862 1393 omni
896 1338 1309 1394 ministrorum
1342 1344 1399 1394 et
1445 1346 1824 1412 cognatorum
1857 1358 1913 1397 ce

2098 1360 2235 1400 ιντες
2292 1338 2375 1394 ἀεὶ
2433 1340 2703 1417 φερούσης
2758 1341 2825 1395 τὰ
2885 1338 3177 1412 Ῥωμαίων
3244 1339 3556 1416 πράγματα.
3620 1339 3718 1400 Ὦς

296 1429 527 1496 mitatu,
581 1431 639 1483 et
690 1428 975 1484 militibus
1007 1429 1106 1500 qui
1153 1429 1212 1484 in
1245 1427 1459 1500 palatio
1489 1429 1643 1485 678
1694 1430 1916 1501 reperis

2097 1428 2199 1484 ὀύ
2230 1426 2432 1500 πολλῷ
2461 1428 2682 1503 ὕστερον
2741 1426 2819 1491 εἷς
2876 1422 3037 1505 ἔργον
3093 1427 3155 1482 τὸ
3214 1424 3334 1490 δέος
3391 1420 3717 1497 ἐκϐέϐηκεν,

294 1519 526 1573 bantur.
563 1518 673 1573 Sed
734 1519 996 1574 nefarius
1026 1518 1209 1588 spado
1240 1520 1308 1574 ad
1335 1534 1470 1574 eum
1506 1520 1796 1591 profectus
1830 1536 1914 1576 n01

2099 1518 2231 1580 ινεὸς
2261 1517 2346 1572 ἐπὶ
2390 1522 2507 1579 τοῖς
2556 1518 2921 1590 ἠκουσμένοις
2977 1516 3156 1595 φανεὶς
3211 1517 3303 1572 καὶ
3365 1517 3440 1591 μὴ
3500 1511 3649 1591 ἔχων
3687 1514 3719 1571 6'

299 1608 465 1663 modo
509 1603 658 1663 nihil
716 1608 869 1677 quod
901 1608 973 1662 ad
1023 1623 1145 1662 rem
1179 1608 1498 1680 pertineret
1536 1609 1804 1676 confecit,
1842 1626 1919 1665 sec

2094 1606 2226 1661 ικαὶ
2286 1606 2524 1662 δοάσειεν
2584 1608 2658 1669 ὡς
2716 1604 3105 1684 ἀναῤῥαγέντος
3165 1603 3327 1662 τοῦδε.
3381 1610 3478 1662 τοῦ
3534 1611 3714 1661 κακοῦ

292 1696 463 1752 illum
486 1713 595 1752 sua
627 1697 939 1767 praesentia
972 1702 1037 1752 ut
1066 1702 1250 1769 empta
1274 1702 1725 1770 persequeretur
1756 1699 1911 1771 magi

2098 1696 2407 1770 προύπτως,
2466 1697 2556 1752 καὶ
2614 1698 2698 1753 ’ὁτι
2749 1700 2861 1752 τῶν
2900 1694 3315 1771 στρατευμάτων
3376 1693 3627 1771 ἐργώδης
3681 1698 3718 1764 ἡ

295 1787 677 1853 confirmavit,
737 1802 870 1842 cum
933 1792 1150 1843 temere
1208 1789 1520 1844 etlutiissst
1569 1789 1853 1846 Romanos

2093 1784 2333 1861 υλλογή,
2387 1785 2438 1840 ἐν
2499 1787 2594 1859 μὲν
2652 1790 2731 1858 τῷ
2788 1785 3092 1859 παραυτίκα
3157 1783 3373 1840 στέλλει
3431 1786 3568 1859 πρὸς
3616 1785 3713 1840 τὸν

294 1876 539 1948 vestigio
572 1874 740 1931 illum
792 1875 1119 1946 invasuros,
1154 1881 1209 1931 et
1243 1879 1569 1934 monuisset
1616 1883 1679 1933 ut
1708 1894 1912 1951 camps

2097 1877 2364 1947 ποστάτην
2409 1872 2635 1939 θλαδίαν
2695 1877 2833 1946 τινὰ,
2894 1876 2959 1930 τὰ
3015 1879 3206 1951 πρῶτα
3260 1880 3368 1929 τῶν
3430 1874 3717 1949 ᾤκειωμέ·

296 1967 518 2022 stribus
552 1964 771 2020 relictis
802 1964 1047 2021 salutem
1084 1982 1254 2021 suam
1287 1971 1344 2021 et
1384 1967 1755 2038 popularium
1789 1984 1916 2024 mon

2094 1988 2160 2021 ιυν
2211 1965 2378 2038 αὐτῷ,
2431 1967 2823 2038 ὑπομνήσοντα
2863 1969 3059 2021 τοῦτον
3117 1968 3224 2020 τῶν
3283 1968 3565 2034 συνθηκῶν
3618 1965 3714 2020 καὶ

296 2057 449 2113 tanis
471 2057 613 2113 locis
640 2057 1053 2113 committeret.
1086 2057 1459 2129 imperatoris
1484 2075 1616 2116 vero
1648 2063 1868 2133 generi,
1892 2079 1916 2118 e

2090 2059 2158 2109 οῦ
2191 2053 2361 2131 μηδέν
2391 2076 2444 2111 τι
2484 2056 2706 2110 πώποτε
2734 2056 2921 2110 παθεῖν
2963 2052 3129 2125 ἀηδὲς
3171 2054 3261 2109 καὶ
3313 2058 3422 2108 τῶν
3468 2051 3710 2110 ἐλπίδων

295 2150 680 2220 protostrator
708 2145 936 2201 Manuel
964 2146 1261 2218 Camyzes,
1297 2147 1597 2205 alacritate
1625 2156 1683 2205 et
1712 2150 1915 2206 aemula

2100 2146 2290 2216 νάξιον,
2349 2144 2399 2217 ἐξ
2458 2143 2586 2199 ὅτου
2645 2165 2744 2218 περ
2814 2144 2964 2215 αύτῷ
3036 2143 3520 2220 προσκεχώρηκεν
3590 2141 3720 2199 οὐδὲ

293 2238 452 2293 tione
485 2236 636 2292 mira
669 2236 1016 2293 seditiosum
1054 2240 1344 2309 persecuti
1387 2244 1523 2295 sunt
1556 2256 1568 2294 :
1601 2243 1700 2296 sed
1733 2258 1913 2314 oppor

2102 2237 2161 2311 ἂρ
2192 2239 2256 2305 ἧν
2312 2235 2703 2309 ἀπογινώσκων
2760 2236 2861 2305 τὴν
2918 2240 3019 2305 τῆς
3074 2234 3309 2309 γνώμης
3373 2229 3722 2307 μεταϐολήν.

292 2328 543 2383 tunitate
574 2327 646 2381 ob
687 2326 940 2397 praedam
975 2326 1226 2398 fugatam
1261 2328 1483 2384 amissa
1511 2330 1912 2387 contentioner

2109 2329 2171 2379 οῦ
2203 2322 2261 2379 δὲ
2288 2325 2517 2379 κατόπιν
2548 2323 2638 2379 καὶ
2699 2325 2750 2378 οἱ
2803 2323 3103 2403 νεόνυμφοι
3163 2318 3407 2401 γαμϐροὶ
3462 2327 3560 2377 τοῦ
3613 2324 3723 2397 βα-

298 2415 672 2472 remiserunt.
725 2418 804 2469 A'c
861 2415 1268 2472 fervidioribus
1326 2419 1409 2472 sic
1459 2418 1633 2475 etiam
1688 2419 1918 2492 placeba

2098 2413 2256 2477 ιλέως
2287 2413 2600 2488 συνεξῄεσαν
2637 2415 2773 2487 μετά
2822 2434 2883 2490 γε
2936 2414 3135 2473 παντὸς
3184 2416 3282 2467 τοῦ
3336 2410 3572 2468 οὶκιδίου
3624 2414 3718 2468 καί

296 2506 564 2577 persequi
592 2513 643 2561 et
668 2505 727 2560 in
764 2506 1062 2561 montibus
1085 2522 1343 2577 quaerere
1371 2508 1659 2567 Alexium.
1695 2511 1916 2567 Pruden

2093 2507 2376 2582 υγγενικοῦ
2406 2502 2785 2577 πληρώματος
2842 2504 2933 2558 καὶ
2981 2508 3087 2557 τῶν
3138 2503 3263 2557 τότε
3306 2501 3358 2556 ἐν
3418 2506 3499 2574 τῷ
3530 2503 3713 2558 παλα-

294 2595 471 2651 tiores
504 2599 699 2649 autem
734 2594 888 2649 haud
921 2594 1249 2651 consultum
1286 2598 1572 2668 putabant
1618 2597 1827 2670 aquilas
1858 2616 1914 2655 vs

2094 2598 2160 2666 ίῳ
2220 2594 2619 2668 εὑρισκομένων
2681 2597 3051 2669 στρατιωτῶν.
3116 2592 3450 2667 Ἀφιγμένος
3531 2593 3624 2648 οὗν
3683 2594 3714 2648 6

300 2684 475 2757 stigia
516 2688 744 2740 montes
777 2688 834 2739 et
865 2700 1041 2755 rupes
1074 2684 1425 2755 pervolantia
1456 2689 1800 2757 consectari,
1848 2706 1920 2745 au

2100 2679 2301 2754 έϐηλος
2333 2683 2598 2758 εὐνοῦχος
2622 2683 2758 2758 πρὸς
2788 2682 2878 2737 τὸν
2929 2682 3175 2752 Ἀλέξιον
3226 2681 3288 2737 οὐ
3347 2681 3514 2754 μόνον
3568 2679 3720 2737 οὐδέν

301 2773 602 2831 volumina
632 2774 924 2845 serpentis
950 2774 1008 2830 in
1060 2791 1196 2830 saxo
1228 2775 1557 2848 quaeritare,
1589 2781 1690 2833 aut
1739 2794 1921 2851 eprun

2096 2774 2275 2849 ιπρὸς
2306 2774 2407 2842 τὴν
2467 2773 2722 2827 ὑπόθεσιν
2781 2772 2998 2847 ἑωράθη
3059 2767 3514 2843 διαπραξάμενος,
3572 2769 3716 2827 ἀλλὰ

306 2866 632 2930 dentatum,
682 2865 780 2935 qui
839 2868 1041 2936 pectus
1088 2880 1243 2935 saepe
1275 2865 1493 2937 jaculis
1532 2866 1827 2935 obtulerit,
1874 2885 1926 2924 at

2094 2863 2149 2917 αὶ
2178 2860 2600 2938 προσεπέρρωσε
2644 2859 2858 2935 μᾶλλον
2914 2859 3117 2916 ἐκεῖνον
3170 2865 3239 2935 τῇ
3286 2857 3400 2933 ἰδίᾳ
3448 2860 3714 2935 παρουσίᾳ

307 2969 564 3027 pugnam
597 2953 864 3023 irritare;
896 2953 996 3009 sed
1028 2952 1244 3025 oppida
1272 2953 1347 3009 ab
1397 2953 1590 3010 Alexio
1621 2954 1927 3013 instaurat:

2080 2951 2134 3014 ηἷς
2166 2949 2324 3029 ἔργον
2377 2952 2440 3007 τὸ
2486 2950 2540 3006 ἐν
2610 2952 2791 3027 χερσὶ,
2849 2951 3212 3027 προσημάνας
3269 2955 3551 3025 προπετῶς
3604 2950 3700 3019 τὴν

287 3052 340 3100 et
370 3045 603 3100 condita
637 3043 1033 3114 recuperanda
1055 3058 1202 3097 esse.
1241 3043 1366 3107 Quo
1398 3043 1648 3100 consilio
1680 3045 1907 3117 praelatt

2075 3043 2173 3096 ιατ’
2215 3039 2379 3096 αὐτοῦ
2430 3043 2541 3096 τῶν
2598 3039 2887 3113 Ῥωμαίων
2948 3039 3073 3094 ’ὀσον
3132 3034 3349 3095 οὐδέπω
3403 3035 3695 3104 ὲπέλευσιν,

289 3132 592 3190 castellum
612 3133 671 3186 in
694 3131 819 3187 loco
843 3131 942 3202 qui
963 3131 1247 3187 Crizimus
1265 3132 1484 3188 dicitur
1501 3132 1572 3188 ab
1602 3133 1801 3191 Alexio
1818 3151 1909 3190 cor

2084 3131 2142 3185 ,αὶ
2204 3127 2420 3200 διδάξας
2479 3130 2563 3190 οῖς
2621 3126 2836 3203 εἴρηκεν
2893 3128 3230 3204 ἀποσχέσθαι
3290 3129 3385 3201 μὲν
3445 3132 3550 3183 τῶν
3604 3146 3704 3181 πε-

286 3222 472 3279 ditum
488 3226 861 3293 oppugnant;
881 3221 979 3275 ubi
993 3220 1231 3277 Romani
1249 3222 1680 3293 promptissime
1694 3224 1906 3279 etfortil

2093 3223 2239 3289 ινῶν,
2272 3214 2628 3284 ἐπιλαϐέσθαι
2659 3216 2718 3273 δὲ
2764 3222 2869 3274 τῶν
2925 3219 3169 3294 ὀρεινῶν,
3216 3218 3291 3283 ὡς
3338 3218 3554 3273 ἐκείνων
3599 3216 3713 3270 σώ-

289 3269 472 3279 —------
491 3269 595 3293 νεαι-
611 3269 830 3293 νσ---η-
848 3269 861 3289 ι
884 3269 979 3275 -η-
996 3269 1231 3277 --ν-------
1250 3269 1306 3293 ι’-
1322 3269 1587 3292 -ηι-ν--ω
1607 3269 1679 3277 --ν
1695 3269 1838 3279 ν--ν-

288 3312 436 3368 sime
449 3310 795 3365 dimicantes
811 3309 1026 3366 multos
1039 3310 1194 3366 viros
1207 3310 1385 3367 fortes
1404 3326 1653 3382 quorum
1670 3313 1908 3385 prineep

2089 3269 2294 3382 έέξιίδί
2307 3269 2715 3383 ’ὲὲιῖἐέέξέαζᾷ
2768 3269 2862 3363 ξιξέ
2917 3269 3709 3386 .‘5"...’;..';;...;"az,....

292 3404 415 3457 erat
445 3400 599 3456 679
630 3399 911 3471 Georgius
945 3398 1326 3471 Palmologus,
1362 3398 1419 3455 in
1454 3400 1832 3457 admovendis
1869 3419 1912 3459 at

2093 3398 2352 3475 ὂνταγμα.
2388 3398 2450 3452 Οἱ
2493 3394 2550 3452 δὲ
2597 3395 2721 3472 περὶ
2771 3395 2898 3459 τοὺς
2944 3391 3234 3473 γαμϐροὺς
3281 3400 3379 3450 τοῦ
3439 3393 3713 3472 βασιλέως

294 3488 508 3545 mmnia
560 3486 731 3543 scalis
785 3487 1131 3543 amiserunt.
1186 3489 1445 3544 Tandem
1487 3505 1554 3546 eo
1610 3497 1914 3564 expugnati

2088 3488 2142 3543 αὶ
2180 3488 2273 3543 τὸν
2301 3486 2761 3562 πρωτοστράτορα
2791 3484 3059 3554 Μανουὴλ
3090 3486 3181 3542 τὸν
3214 3485 3511 3559 Καμύτζην
3544 3482 3708 3540 ἐδίω-

290 3578 467 3634 etiam
501 3577 612 3632 alia
643 3576 913 3648 quaedam
939 3577 1153 3647 oppida
1182 3578 1476 3650 deinceps.
1512 3579 1623 3634 alia
1655 3580 1908 3651 sanguin

2076 3598 2136 3633 αν
2159 3576 2253 3651 μὲν
2287 3576 2464 3632 ὀπίσω
2511 3572 2711 3638 ἱκανῶς
2743 3579 2842 3631 τοῦ
2873 3575 3159 3649 ἀντάρτου,
3190 3574 3280 3630 καί
3310 3574 3376 3644 ἦν
3407 3576 3693 3648 θαυμαστή

291 3665 669 3738 profuso,alia
701 3666 995 3722 deditione
1028 3673 1329 3738 ceperunt.
1365 3667 1602 3725 Alexius
1632 3685 1791 3733 vero,
1824 3670 1911 3726 cal

2086 3691 2131 3733 ις
2188 3672 2224 3740 ἡ
2286 3668 2589 3744 προθυμία,
2665 3667 2755 3723 καὶ
2833 3671 3312 3743 πρωταγωνιστεῖν
3389 3662 3706 3737 ἠϐούλοντο

289 3755 448 3812 lidus
480 3756 655 3812 homo
687 3761 744 3811 et
788 3757 973 3812 solers
1022 3756 1289 3826 bellator,
1345 3774 1479 3813 cum
1527 3758 1643 3814 alia
1692 3758 1908 3830 plurim

2091 3759 2373 3833 5μπαντες’
2436 3761 2536 3828 την
2593 3755 2651 3813 δὲ
2710 3760 2808 3813 τοῦ
2864 3761 3057 3833 καιροῦ
3115 3757 3287 3832 ῥοπὴν
3341 3755 3711 3820 ἀπολέσαντες

290 3845 613 3917 disciplinae
677 3845 947 3901 militaris
997 3846 1329 3918 specimina
1375 3847 1578 3913 edidit,
1637 3851 1763 3903 tum
1826 3864 1903 3903 un

2095 3851 2240 3904 ιτοῦ
2272 3841 2668 3918 διασοϐηθῆναι
2717 3846 2778 3901 τὸ
2829 3848 3051 3923 θήραμα
3092 3846 3155 3901 τὸ
3205 3846 3485 3921 πρόθυμον
3540 3840 3715 3921 ἔσχα-

290 3934 511 4007 insigni
544 3939 953 4005 strategemate
983 3939 1186 4006 praeter
1207 3935 1354 3992 alios
1382 3937 1579 4007 ipsum
1610 3937 1787 3992 etiam
1819 3954 1910 4008 pro

2093 3959 2167 3994 αν.
2199 3939 2334 3998 Τοῖς
2388 3937 2484 4009 μὶν
2537 3934 2632 3991 οὖν
2683 3934 3038 4010 θερμοτέροις
3091 3932 3405 3990 ἐπιδεώκειν
3463 3934 3555 3990 καὶ
3614 3933 3713 3990 οὕ-

293 4030 658 4084 tostratorem
687 4026 857 4098 cepit.
896 4026 1041 4082 Nam
1080 4026 1353 4098 plurimis
1386 4028 1695 4098 pecoribus
1725 4044 1793 4083 ex
1819 4044 1913 4101 sps

2091 4047 2160 4090 ως
2192 4021 2369 4081 ἐδόκει
2410 4023 2501 4079 καὶ
2553 4022 2828 4100 διερευνᾷν
2887 4022 3185 4103 ἐφέποντας
3242 4024 3322 4086 οῖς
3370 4027 3479 4079 τῶν
3538 4023 3711 4096 ὀρέων

293 4115 443 4172 culis
476 4117 531 4171 in
555 4133 790 4188 campos
823 4118 914 4188 agi
934 4125 985 4172 et
1018 4133 1050 4170 a
1074 4116 1454 4189 popularibus
1484 4116 1608 4172 suis
1634 4122 1913 4189 cumpart

2087 4113 2259 4191 πέδρα
2288 4113 2551 4186 Ἀλέειος,
2582 4118 2702 4176 τοῖς
2762 4110 2809 4168 δ’
2856 4112 3277 4188 ἀσφαλεστέροις
3336 4112 3445 4188 οὐχ
3476 4110 3707 4183 ἥνδανεν

294 4206 689 4263 Romanorum
724 4205 1085 4278 captivorum
1135 4205 1196 4260 in
1231 4205 1491 4261 Haemum
1555 4207 1623 4262 ad
1655 4206 1914 4262 Joannes

2090 4203 2200 4268 λως
2233 4204 2390 4260 ἀετοῦ
2422 4201 2556 4280 ί¹χνη
2591 4199 2850 4283 ἀναδιφᾷν
2905 4201 3322 4275 ἐπιποτωμένου
3376 4202 3568 4277 πάγοις
3614 4201 3710 4257 καὶ

290 4295 506 4367 Zagore
530 4295 874 4367 principem,
900 4311 1034 4350 cum
1062 4311 1179 4365 quo
1211 4296 1397 4351 faedus
1419 4300 1623 4351 contra
1650 4299 1910 4353 Romano

2089 4315 2252 4372 ρεσιν,
2312 4294 2348 4363 ἤ
2411 4290 2684 4366 μεταλλᾷν
2741 4291 3017 4368 ἐρπυσμὸν
3081 4287 3257 4366 ὄφεως
3324 4290 3412 4346 ἐπὶ
3486 4291 3707 4367 πέτραν,

290 4386 524 4454 inierat,
548 4386 803 4441 muneris
827 4385 952 4442 loco
974 4392 1033 4441 et
1053 4386 1203 4457 grati
1220 4386 1401 4441 animi
1426 4402 1564 4459 ergo
1588 4386 1910 4459 ducijussis

2150 4384 2422 4457 ἐκμαίνειν
2482 4382 2559 4445 εἷς
2631 4381 2958 4455 συμπλοκὴν
3038 4378 3411 4456 χαυλιόδοντα
3496 4382 3711 4454 μονιὸν,

293 4475 570 4532 Romanis
596 4475 843 4530 insidias
874 4475 1198 4543 collocavit,
1234 4475 1572 4548 rapacitatis
1601 4482 1660 4533 et
1689 4477 1913 4533 avaritia

2092 4473 2333 4538 ςολλάκις
2370 4475 2431 4529 τὸ
2485 4474 2686 4543 στῆθος
2740 4471 2817 4535 είς
2871 4470 3199 4528 διακόντισεν
3258 4471 3712 4547 προτεινάμενον,

299 4579 501 4620 eorum
561 4568 618 4620 et
648 4563 949 4620 cbaritatis
998 4580 1135 4637 erga
1167 4581 1308 4620 suos
1349 4582 1461 4621 non
1514 4566 1780 4637 ignarus,
1830 4584 1919 4639 pra

2092 4564 2359 4641 περιελθεῖν
2420 4561 2478 4620 δὲ
2548 4564 2615 4620 τὰ
2684 4561 2955 4640 πολίχνια
3012 4564 3188 4619 ὁπόσα
3242 4562 3565 4619 ἐπεσκεύασε
3618 4564 3712 4619 καὶ

295 4655 509 4728 quibus
539 4653 716 4711 etiam
750 4655 1000 4709 salutem
1034 4670 1203 4711 suam
1238 4655 1558 4727 neglecturi
1590 4660 1804 4713 essent.
1825 4657 1915 4713 Ne.

2082 4656 2331 4731 ,νήγειρεν
2382 4655 2410 4709 6
2459 4652 2729 4724 Ἀλέξιος,
2784 4653 2876 4708 καὶ
2927 4651 3107 4709 θέσθαι
3165 4650 3385 4728 βασιλεῖ
3438 4655 3702 4725 κατήκοα.

295 4760 431 4801 eum
464 4744 668 4800 fefellit
698 4744 916 4815 opinio.
951 4743 1093 4799 Nam
1149 4743 1324 4815 paulo
1356 4751 1487 4816 post
1536 4749 1915 4817 protostrator

2084 4745 2152 4800 ἰαὶ
2185 4750 2288 4814 τῆς
2347 4741 2557 4819 βουλῆς
2611 4741 2816 4813 ταύτης
2866 4743 2941 4805 ὡς
2999 4743 3290 4817 ἀμείνονος
3344 4744 3704 4819 κυρωθείσης,

291 4851 359 4891 eo
392 4836 596 4890 nuntio
629 4839 886 4905 accepto,
920 4833 1420 4901 Batrachocastro,
1471 4835 1568 4891 ubi
1603 4835 1813 4890 stativa
1846 4836 1911 4891 ba

2086 4838 2132 4907 ᾧ
2180 4833 2427 4908 φρουρίῳ
2475 4828 2922 4905 προσϐάλλουσιν
2981 4833 3011 4887 ὃ
3066 4834 3188 4897 καθ’
3228 4826 3490 4887 ὑπόϐασιν
3546 4829 3706 4910 ὅρους

294 4926 485 4991 bebal,
523 4924 867 4981 Bactunium
922 4923 1231 4995 profectus,
1263 4924 1449 4994 specie
1482 4923 1562 4979 rei
1612 4923 1900 4996 decipitur

2086 4944 2107 4978 ν
2159 4923 2312 4995 τόπῳ
2365 4925 2652 4998 Κριτζιμῷ
2711 4919 2993 4997 λεγομένῳ
3041 4917 3350 4995 ἐδομήσατο
3384 4920 3706 4995 ὁέΑλέξιος·

291 5019 348 5071 et
378 5014 532 5069 680
566 5032 679 5070 non
712 5014 1115 5069 animadverso
1147 5011 1329 5068 Alexii
1364 5013 1497 5068 dolo
1529 5014 1846 5070 exercitum
1878 5030 1907 5069 e

2082 5014 2176 5068 νθα
2204 5011 2295 5068 καὶ
2324 5009 2556 5067 πλεῖστα
2603 5011 2872 5085 Ῥωμαῖοι
2929 5010 3196 5083 καμόντες
3252 5011 3344 5066 καὶ
3394 5008 3702 5086 φιλοκινδύ-

293 5120 419 5176 quae
449 5105 507 5158 in
541 5114 845 5175 conspectu
880 5108 1072 5159 essent
1104 5103 1355 5176 spoliare
1380 5104 1550 5174 jubet
1579 5120 1594 5175 ;
1638 5104 1762 5176 ipse
1793 5121 1913 5177 equi

2072 5124 2159 5164 νως
2192 5099 2642 5175 ἁμιλλησάμενοι
2701 5100 2804 5155 οὐκ
2862 5098 3081 5176 ὀλίγους
3130 5097 3326 5176 ἄνδρας
3372 5097 3595 5173 ἀγαθοὺς
3642 5095 3692 5150 ἐν

296 5210 409 5248 non
435 5193 640 5249 bellico
671 5193 1023 5249 circumiens
1051 5199 1431 5265 spectatorem
1463 5194 1601 5265 agit.
1633 5194 1778 5250 Tum
1810 5211 1916 5251 veri

2075 5196 2133 5264 τῷ
2161 5189 2454 5266 προσάγειν
2489 5193 2571 5261 τῷ
2624 5189 2805 5264 τεέχει
2861 5189 2957 5250 τὰς
3015 5188 3291 5263 κλίμακας
3349 5181 3695 5250 ἀπεϐάλοντο,

294 5301 363 5340 ex
417 5282 656 5338 insidiis
707 5284 1010 5355 consurgit
1058 5283 1313 5351 Alexius,
1370 5291 1423 5336 et
1466 5286 1914 5353 protostratoren

2084 5282 2131 5336 ὃν
2189 5279 2259 5348 ἦν
2315 5279 2622 5354 πρώτιστος
2676 5279 2704 5333 6
2763 5276 3148 5351 Παλαιολόγος
3228 5281 3511 5355 Γεώργιος⁸
3567 5275 3704 5350 Ὀῴὶ

297 5373 759 5429 circumventum
794 5371 1148 5444 diductaque
1179 5388 1421 5428 suorum
1467 5372 1589 5428 acie
1618 5371 1792 5428 veluti
1824 5389 1917 5429 cas

2096 5372 2103 5391 '
2161 5366 2437 5443 ἐξελόντες
2494 5369 2557 5424 τὸ
2616 5366 2791 5442 ἔρυμα
2845 5369 2935 5423 καὶ
2990 5367 3130 5444 ἕτερ’
3183 5368 3316 5426 ἅττα
3398 5365 3716 5440 πολίσματα

296 5463 459 5520 sibus
492 5459 857 5532 implicatum
892 5461 1065 5530 capit.
1098 5463 1218 5516 Hoc
1259 5460 1580 5516 desertoris
1613 5467 1916 5517 commenti

2100 5461 2142 5516 τὶ
2175 5458 2317 5533 τῶδε
2350 5465 2603 5535 συναφῶς
2644 5460 3034 5536 ἐχειρώσαντο,
3084 5464 3163 5535 πῇ
3224 5460 3318 5532 μὲν
3382 5459 3499 5533 μεθ’
3555 5456 3720 5531 α’ίμα-

298 5550 546 5609 Romani
602 5550 887 5605 exercitus
946 5550 1201 5620 reliquirs
1247 5565 1489 5619 prorsus
1544 5558 1844 5619 enervatas,
1905 5550 1918 5605 i

2103 5571 2171 5618 ›ς,
2203 5553 2280 5623 πῇ
2317 5546 2374 5604 δὲ
2402 5549 2491 5605 καὶ
2538 5549 2819 5624 ὁμολογίᾳ
2860 5548 3069 5603 τούτων
3126 5549 3563 5624 περιγινόμενοι.
3613 5548 3723 5619 E6-

297 5658 430 5697 vero
457 5638 559 5712 qui
583 5636 912 5695 defecerant
942 5639 1076 5695 elati
1110 5644 1269 5693 sunt.
1302 5639 1496 5709 Neque
1536 5641 1664 5711 jam
1699 5640 1917 5697 Roman

2104 5641 2314 5718 ήχανος
2344 5636 2390 5695 δ’
2431 5636 2504 5693 ὥν
2549 5641 2577 5695 6
2630 5640 2882 5708 ἈΛέΕιος
2937 5637 3029 5693 καὶ
3096 5636 3388 5713 πολύχους
3449 5637 3529 5699 εἷς
3586 5632 3724 5714 ἔργα

296 5747 432 5788 eum
494 5728 780 5784 lacessere
826 5733 928 5784 aut
980 5726 1219 5800 aggredi
1276 5726 1595 5797 audebant,
1623 5729 1727 5787 sed
1782 5729 1916 5801 iuxta

2098 5727 2303 5807 alipta
2368 5726 2515 5786 ἂλλα
2569 5750 2627 5785 τε
2692 5725 2923 5785 πλεῖστα
3000 5727 3138 5783 κατὰ
3219 5726 3510 5805 Ῥωμαίων
3582 5720 3718 5807 ἔργα
