  <div class='ocr_page' id='page_1' title='image "/cluster/home/n/w/nwhite01/storage/ocr_20150623/139:no.1/coo.31924054870443/456.png"; bbox 0 0 4102 6426; ppageno 0'>
   <div class='ocr_carea' id='block_1_1' title="bbox 363 441 480 504">
    <p class='ocr_par' dir='ltr' id='par_1_1' title="bbox 363 441 480 504">
     <span class='ocr_line' id='line_1_1' title="bbox 363 441 480 504; baseline 0.017 -2"><span class='ocrx_word' id='word_1_1' title='bbox 363 441 480 504; x_wconf 86' lang='grc'>893</span> 
     </span>
    </p>
   </div>
   <div class='ocr_carea' id='block_1_2' title="bbox 1208 433 2839 499">
    <p class='ocr_par' dir='ltr' id='par_1_2' title="bbox 1208 433 2839 499">
     <span class='ocr_line' id='line_1_2' title="bbox 1208 433 2839 499; baseline -0.004 0"><span class='ocrx_word' id='word_1_2' title='bbox 1208 439 1307 499; x_wconf 89' lang='lat' dir='ltr'>DE</span> <span class='ocrx_word' id='word_1_3' title='bbox 1347 438 1639 498; x_wconf 84' lang='lat' dir='ltr'><strong>ALEXIO</strong></span> <span class='ocrx_word' id='word_1_4' title='bbox 1684 436 1971 499; x_wconf 80' lang='lat' dir='ltr'>ISAACII</span> <span class='ocrx_word' id='word_1_5' title='bbox 2018 435 2313 496; x_wconf 79' lang='lat' dir='ltr'>ANGELI</span> <span class='ocrx_word' id='word_1_6' title='bbox 2355 434 2480 494; x_wconf 70' lang='lat' dir='ltr'><strong>Fit.</strong></span> <span class='ocrx_word' id='word_1_7' title='bbox 2527 434 2682 495; x_wconf 90' lang='lat' dir='ltr'>LIB.</span> <span class='ocrx_word' id='word_1_8' title='bbox 2729 433 2839 495; x_wconf 88' lang='lat' dir='ltr'>IlI.</span> 
     </span>
    </p>
   </div>
   <div class='ocr_carea' id='block_1_3' title="bbox 3665 430 3788 492">
    <p class='ocr_par' dir='ltr' id='par_1_3' title="bbox 3665 430 3788 492">
     <span class='ocr_line' id='line_1_3' title="bbox 3665 430 3788 492; baseline -0.008 0"><span class='ocrx_word' id='word_1_9' title='bbox 3665 430 3788 492; x_wconf 71' lang='lat'>894</span> 
     </span>
    </p>
   </div>
   <div class='ocr_carea' id='block_1_4' title="bbox 363 544 2052 648">
    <p class='ocr_par' dir='ltr' id='par_1_4' title="bbox 363 563 2029 648">
     <span class='ocr_line' id='line_1_4' title="bbox 363 563 2029 648; baseline -0.005 -18"><span class='ocrx_word' id='word_1_10' title='bbox 363 577 734 648; x_wconf 80' lang='grc' dir='ltr'>στρατηγικῆς</span> <span class='ocrx_word' id='word_1_11' title='bbox 801 568 1090 644; x_wconf 77' lang='grc' dir='ltr'>ἐμπειρίας</span> <span class='ocrx_word' id='word_1_12' title='bbox 1147 566 1337 643; x_wconf 81' lang='grc' dir='ltr'>πλήρη</span> <span class='ocrx_word' id='word_1_13' title='bbox 1414 569 1732 647; x_wconf 85' lang='grc' dir='ltr'>μαχόμενος</span> <span class='ocrx_word' id='word_1_14' title='bbox 1825 563 2029 624; x_wconf 75' lang='grc' dir='ltr'>ἐπεδεί-</span> 
     </span>
    </p>
   </div>
   <div class='ocr_carea' id='block_1_5' title="bbox 2134 544 3783 648">
    <p class='ocr_par' dir='ltr' id='par_1_5' title="bbox 2141 544 3783 638">
     <span class='ocr_line' id='line_1_5' title="bbox 2141 544 3783 638; baseline -0.001 -15"><span class='ocrx_word' id='word_1_15' title='bbox 2141 566 2584 638; x_wconf 90' lang='lat' dir='ltr'><strong>Philippopolim</strong></span> <span class='ocrx_word' id='word_1_16' title='bbox 2625 572 2916 625; x_wconf 70' lang='lat' dir='ltr'>versantes</span> <span class='ocrx_word' id='word_1_17' title='bbox 2946 544 3091 620; x_wconf 73' lang='lat' dir='ltr'><strong>bene</strong></span> <span class='ocrx_word' id='word_1_18' title='bbox 3122 581 3317 620; x_wconf 76' lang='lat' dir='ltr'><strong>secum</strong></span> <span class='ocrx_word' id='word_1_19' title='bbox 3357 566 3442 634; x_wconf 73' lang='lat' dir='ltr'><strong>agi</strong></span> <span class='ocrx_word' id='word_1_20' title='bbox 3487 565 3783 637; x_wconf 89' lang='lat' dir='ltr'><strong>putabant,</strong></span> 
     </span>
    </p>
   </div>
   <div class='ocr_carea' id='block_1_6' title="bbox 364 653 2026 735">
    <p class='ocr_par' dir='ltr' id='par_1_6' title="bbox 364 653 2026 735">
     <span class='ocr_line' id='line_1_6' title="bbox 364 653 2026 735; baseline -0.005 -18"><span class='ocrx_word' id='word_1_21' title='bbox 364 663 512 735; x_wconf 77' lang='grc' dir='ltr'>ξατο,</span> <span class='ocrx_word' id='word_1_22' title='bbox 572 658 736 723; x_wconf 79' lang='grc' dir='ltr'>τέλος</span> <span class='ocrx_word' id='word_1_23' title='bbox 784 655 843 713; x_wconf 65' lang='grc' dir='ltr'>δὲ</span> <span class='ocrx_word' id='word_1_24' title='bbox 922 656 1013 712; x_wconf 81' lang='grc' dir='ltr'>καὶ</span> <span class='ocrx_word' id='word_1_25' title='bbox 1080 655 1296 711; x_wconf 86' lang='grc' dir='ltr'>τοιόνδε</span> <span class='ocrx_word' id='word_1_26' title='bbox 1351 678 1404 711; x_wconf 92' lang='grc' dir='ltr'>τι</span> <span class='ocrx_word' id='word_1_27' title='bbox 1456 653 1770 728; x_wconf 79' lang='grc' dir='ltr'>μεθόδευμα</span> <span class='ocrx_word' id='word_1_28' title='bbox 1828 656 2026 729; x_wconf 87' lang='grc' dir='ltr'>μετιὼν</span> 
     </span>
    </p>
   </div>
   <div class='ocr_carea' id='block_1_7' title="bbox 367 743 2025 823">
    <p class='ocr_par' dir='ltr' id='par_1_7' title="bbox 367 743 2025 823">
     <span class='ocr_line' id='line_1_7' title="bbox 367 743 2025 823; baseline -0.006 -16"><span class='ocrx_word' id='word_1_29' title='bbox 367 748 688 823; x_wconf 77' lang='grc' dir='ltr'>δεξιώτατον</span> <span class='ocrx_word' id='word_1_30' title='bbox 752 746 846 802; x_wconf 74' lang='grc' dir='ltr'>σὺν</span> <span class='ocrx_word' id='word_1_31' title='bbox 903 743 1104 810; x_wconf 74' lang='grc' dir='ltr'>ἄλλοις</span> <span class='ocrx_word' id='word_1_32' title='bbox 1163 746 1251 801; x_wconf 87' lang='grc' dir='ltr'>καὶ</span> <span class='ocrx_word' id='word_1_33' title='bbox 1347 745 1510 800; x_wconf 88' lang='grc' dir='ltr'>αὐτὸν</span> <span class='ocrx_word' id='word_1_34' title='bbox 1585 747 1866 819; x_wconf 77' lang='grc' dir='ltr'>χειροῦται</span> <span class='ocrx_word' id='word_1_35' title='bbox 1934 744 2025 798; x_wconf 89' lang='grc' dir='ltr'>τὸν</span> 
     </span>
    </p>
   </div>
   <div class='ocr_carea' id='block_1_8' title="bbox 364 828 2029 911">
    <p class='ocr_par' dir='ltr' id='par_1_8' title="bbox 364 828 2029 911">
     <span class='ocr_line' id='line_1_8' title="bbox 364 828 2029 911; baseline -0.005 -17"><span class='ocrx_word' id='word_1_36' title='bbox 364 836 849 911; x_wconf 76' lang='grc' dir='ltr'>πρωτοπράτορα.</span> <span class='ocrx_word' id='word_1_37' title='bbox 909 833 1152 890; x_wconf 85' lang='grc' dir='ltr'>Πλεῖστα</span> <span class='ocrx_word' id='word_1_38' title='bbox 1225 833 1332 910; x_wconf 83' lang='grc' dir='ltr'>γάρ</span> <span class='ocrx_word' id='word_1_39' title='bbox 1428 832 1526 887; x_wconf 82' lang='grc' dir='ltr'>’ὀσα</span> <span class='ocrx_word' id='word_1_40' title='bbox 1588 836 1696 886; x_wconf 89' lang='grc' dir='ltr'>τῶν</span> <span class='ocrx_word' id='word_1_41' title='bbox 1757 828 2029 905; x_wconf 86' lang='grc' dir='ltr'>ἀγελαίων</span> 
     </span>
    </p>
   </div>
   <div class='ocr_carea' id='block_1_9' title="bbox 371 919 2030 999">
    <p class='ocr_par' dir='ltr' id='par_1_9' title="bbox 371 919 2030 999">
     <span class='ocr_line' id='line_1_9' title="bbox 371 919 2030 999; baseline -0.005 -16"><span class='ocrx_word' id='word_1_42' title='bbox 371 930 524 999; x_wconf 81' lang='grc' dir='ltr'>ζώων</span> <span class='ocrx_word' id='word_1_43' title='bbox 568 928 626 982; x_wconf 79' lang='grc' dir='ltr'>ἐκ</span> <span class='ocrx_word' id='word_1_44' title='bbox 665 932 775 982; x_wconf 86' lang='grc' dir='ltr'>τῶν</span> <span class='ocrx_word' id='word_1_45' title='bbox 834 929 1130 999; x_wconf 88' lang='grc' dir='ltr'>περιωπῶν</span> <span class='ocrx_word' id='word_1_46' title='bbox 1164 923 1240 980; x_wconf 76' lang='grc' dir='ltr'>εἲς</span> <span class='ocrx_word' id='word_1_47' title='bbox 1297 924 1360 979; x_wconf 87' lang='grc' dir='ltr'>τὸ</span> <span class='ocrx_word' id='word_1_48' title='bbox 1426 919 1610 978; x_wconf 88' lang='grc' dir='ltr'>πεδίον</span> <span class='ocrx_word' id='word_1_49' title='bbox 1675 920 2030 995; x_wconf 86' lang='grc' dir='ltr'>μετενεγκὼν,</span> 
     </span>
    </p>
   </div>
   <div class='ocr_carea' id='block_1_10' title="bbox 367 1010 2029 1091">
    <p class='ocr_par' dir='ltr' id='par_1_10' title="bbox 367 1010 2029 1091">
     <span class='ocr_line' id='line_1_10' title="bbox 367 1010 2029 1091; baseline -0.005 -17"><span class='ocrx_word' id='word_1_50' title='bbox 367 1020 455 1074; x_wconf 89' lang='grc' dir='ltr'>καὶ</span> <span class='ocrx_word' id='word_1_51' title='bbox 509 1022 674 1072; x_wconf 90' lang='grc' dir='ltr'>ταῦτα</span> <span class='ocrx_word' id='word_1_52' title='bbox 742 1013 1020 1091; x_wconf 78' lang='grc' dir='ltr'>παραδοὺς</span> <span class='ocrx_word' id='word_1_53' title='bbox 1087 1019 1205 1077; x_wconf 91' lang='grc' dir='ltr'>τοῖς</span> <span class='ocrx_word' id='word_1_54' title='bbox 1290 1013 1426 1089; x_wconf 87' lang='grc' dir='ltr'>πρὸς</span> <span class='ocrx_word' id='word_1_55' title='bbox 1500 1014 1679 1086; x_wconf 79' lang='grc' dir='ltr'>Αἷμον</span> <span class='ocrx_word' id='word_1_56' title='bbox 1738 1010 2029 1081; x_wconf 75' lang='grc' dir='ltr'>ἀπάξουσιν</span> 
     </span>
    </p>
   </div>
   <div class='ocr_carea' id='block_1_11' title="bbox 369 1098 2028 1184">
    <p class='ocr_par' dir='ltr' id='par_1_11' title="bbox 369 1098 2028 1184">
     <span class='ocr_line' id='line_1_11' title="bbox 369 1098 2028 1184; baseline -0.005 -22"><span class='ocrx_word' id='word_1_57' title='bbox 369 1106 665 1184; x_wconf 74' lang='grc' dir='ltr'>ὁμοφύλων</span> <span class='ocrx_word' id='word_1_58' title='bbox 767 1105 903 1178; x_wconf 84' lang='grc' dir='ltr'>μετὰ</span> <span class='ocrx_word' id='word_1_59' title='bbox 975 1102 1068 1158; x_wconf 85' lang='grc' dir='ltr'>καί</span> <span class='ocrx_word' id='word_1_60' title='bbox 1149 1103 1343 1179; x_wconf 82' lang='grc' dir='ltr'>μοίρας</span> <span class='ocrx_word' id='word_1_61' title='bbox 1437 1098 1816 1177; x_wconf 81' lang='grc' dir='ltr'>αἷχμαλωτων</span> <span class='ocrx_word' id='word_1_62' title='bbox 1890 1100 2028 1157; x_wconf 80' lang='grc' dir='ltr'>Ῥω-</span> 
     </span>
    </p>
   </div>
   <div class='ocr_carea' id='block_1_12' title="bbox 370 1185 2031 1272">
    <p class='ocr_par' dir='ltr' id='par_1_12' title="bbox 370 1185 2031 1272">
     <span class='ocr_line' id='line_1_12' title="bbox 370 1185 2031 1272; baseline -0.006 -21"><span class='ocrx_word' id='word_1_63' title='bbox 370 1196 543 1270; x_wconf 83' lang='grc' dir='ltr'>μαίων</span> <span class='ocrx_word' id='word_1_64' title='bbox 578 1193 760 1269; x_wconf 85' lang='grc' dir='ltr'>ὥσπερ</span> <span class='ocrx_word' id='word_1_65' title='bbox 818 1215 870 1248; x_wconf 90' lang='grc' dir='ltr'>τι</span> <span class='ocrx_word' id='word_1_66' title='bbox 949 1191 1165 1248; x_wconf 80' lang='grc' dir='ltr'>σκύλων</span> <span class='ocrx_word' id='word_1_67' title='bbox 1242 1191 1518 1272; x_wconf 83' lang='grc' dir='ltr'>ἀφαίρεμα</span> <span class='ocrx_word' id='word_1_68' title='bbox 1574 1189 1665 1245; x_wconf 81' lang='grc' dir='ltr'>καὶ</span> <span class='ocrx_word' id='word_1_69' title='bbox 1739 1185 2031 1262; x_wconf 84' lang='grc' dir='ltr'>ἂπόδασμα</span> 
     </span>
    </p>
   </div>
   <div class='ocr_carea' id='block_1_13' title="bbox 364 1278 2032 1360">
    <p class='ocr_par' dir='ltr' id='par_1_13' title="bbox 364 1278 2032 1360">
     <span class='ocr_line' id='line_1_13' title="bbox 364 1278 2032 1360; baseline -0.006 -19"><span class='ocrx_word' id='word_1_70' title='bbox 364 1289 442 1357; x_wconf 82' lang='grc' dir='ltr'>τῷ</span> <span class='ocrx_word' id='word_1_71' title='bbox 473 1284 703 1360; x_wconf 81' lang='grc' dir='ltr'>ἃρχοντι</span> <span class='ocrx_word' id='word_1_72' title='bbox 759 1289 860 1352; x_wconf 83' lang='grc' dir='ltr'>τῆς</span> <span class='ocrx_word' id='word_1_73' title='bbox 921 1285 1164 1358; x_wconf 85' lang='grc' dir='ltr'>Ζαγορᾶς</span> <span class='ocrx_word' id='word_1_74' title='bbox 1220 1281 1446 1355; x_wconf 76' lang='grc' dir='ltr'>Ἰωάννῃ</span> <span class='ocrx_word' id='word_1_75' title='bbox 1508 1280 1598 1335; x_wconf 78' lang='grc' dir='ltr'>καὶ</span> <span class='ocrx_word' id='word_1_76' title='bbox 1642 1280 1804 1355; x_wconf 83' lang='grc' dir='ltr'>χάριν</span> <span class='ocrx_word' id='word_1_77' title='bbox 1865 1278 2032 1352; x_wconf 89' lang='grc' dir='ltr'>ἀμοι-</span> 
     </span>
    </p>
   </div>
   <div class='ocr_carea' id='block_1_14' title="bbox 366 1367 2031 1445">
    <p class='ocr_par' dir='ltr' id='par_1_14' title="bbox 366 1367 2031 1445">
     <span class='ocr_line' id='line_1_14' title="bbox 366 1367 2031 1445; baseline -0.004 -17"><span class='ocrx_word' id='word_1_78' title='bbox 366 1369 463 1428; x_wconf 78' lang='grc' dir='ltr'>ϐὸν</span> <span class='ocrx_word' id='word_1_79' title='bbox 505 1372 756 1445; x_wconf 80' lang='grc' dir='ltr'>ἐσόμενα,</span> <span class='ocrx_word' id='word_1_80' title='bbox 808 1370 925 1427; x_wconf 82' lang='grc' dir='ltr'>ἐπεὶ</span> <span class='ocrx_word' id='word_1_81' title='bbox 989 1370 1084 1426; x_wconf 84' lang='grc' dir='ltr'>καὶ</span> <span class='ocrx_word' id='word_1_82' title='bbox 1150 1371 1510 1442; x_wconf 80' lang='grc' dir='ltr'>σπεισάμενος</span> <span class='ocrx_word' id='word_1_83' title='bbox 1545 1367 1773 1441; x_wconf 82' lang='grc' dir='ltr'>Ἀλεξίῳ</span> <span class='ocrx_word' id='word_1_84' title='bbox 1828 1368 2031 1427; x_wconf 68' lang='grc' dir='ltr'>ἐκεῖνος</span> 
     </span>
    </p>
   </div>
   <div class='ocr_carea' id='block_1_15' title="bbox 364 1450 2032 1533">
    <p class='ocr_par' dir='ltr' id='par_1_15' title="bbox 364 1450 2032 1533">
     <span class='ocr_line' id='line_1_15' title="bbox 364 1450 2032 1533; baseline -0.004 -16"><span class='ocrx_word' id='word_1_85' title='bbox 364 1461 501 1517; x_wconf 87' lang='grc' dir='ltr'>κατά</span> <span class='ocrx_word' id='word_1_86' title='bbox 568 1459 858 1533; x_wconf 85' lang='grc' dir='ltr'>Ῥωμαίων</span> <span class='ocrx_word' id='word_1_87' title='bbox 919 1457 1182 1529; x_wconf 81' lang='grc' dir='ltr'>διαθήκας</span> <span class='ocrx_word' id='word_1_88' title='bbox 1256 1455 1485 1525; x_wconf 86' lang='grc' dir='ltr'>διέθετο,</span> <span class='ocrx_word' id='word_1_89' title='bbox 1563 1455 1772 1533; x_wconf 82' lang='grc' dir='ltr'>λόχους</span> <span class='ocrx_word' id='word_1_90' title='bbox 1847 1450 2032 1511; x_wconf 79' lang='grc' dir='ltr'><strong>ἔκτοτε</strong></span> 
     </span>
    </p>
   </div>
   <div class='ocr_carea' id='block_1_16' title="bbox 1546 1541 2030 1623">
    <p class='ocr_par' dir='ltr' id='par_1_16' title="bbox 1546 1541 2030 1623">
     <span class='ocr_line' id='line_1_16' title="bbox 1546 1541 2030 1623; baseline -0.002 -22"><span class='ocrx_word' id='word_1_91' title='bbox 1546 1541 1666 1623; x_wconf 75' lang='grc' dir='ltr'>ᾔδει</span> <span class='ocrx_word' id='word_1_92' title='bbox 1768 1546 1868 1621; x_wconf 88' lang='grc' dir='ltr'>γάρ</span> <span class='ocrx_word' id='word_1_93' title='bbox 1967 1545 2030 1601; x_wconf 90' lang='grc' dir='ltr'>τὸ</span> 
     </span>
    </p>
   </div>
   <div class='ocr_carea' id='block_1_17' title="bbox 367 1546 1441 1622">
    <p class='ocr_par' dir='ltr' id='par_1_17' title="bbox 367 1546 1441 1622">
     <span class='ocr_line' id='line_1_17' title="bbox 367 1546 1441 1622; baseline -0.005 -16"><span class='ocrx_word' id='word_1_94' title='bbox 367 1550 699 1614; x_wconf 85' lang='grc' dir='ltr'>ὑποκαθίσας</span> <span class='ocrx_word' id='word_1_95' title='bbox 773 1548 1086 1622; x_wconf 82' lang='grc' dir='ltr'>Ῥωμαίους</span> <span class='ocrx_word' id='word_1_96' title='bbox 1158 1546 1441 1603; x_wconf 79' lang='grc' dir='ltr'>ὲπάλευεν·</span> 
     </span>
    </p>
   </div>
   <div class='ocr_carea' id='block_1_18' title="bbox 362 1631 2027 1715">
    <p class='ocr_par' dir='ltr' id='par_1_18' title="bbox 362 1631 2027 1715">
     <span class='ocr_line' id='line_1_18' title="bbox 362 1631 2027 1715; baseline -0.004 -21"><span class='ocrx_word' id='word_1_97' title='bbox 362 1636 638 1715; x_wconf 78' lang='grc' dir='ltr'>ἁρπαλέον</span> <span class='ocrx_word' id='word_1_98' title='bbox 672 1639 762 1692; x_wconf 84' lang='grc' dir='ltr'>καὶ</span> <span class='ocrx_word' id='word_1_99' title='bbox 796 1638 936 1711; x_wconf 84' lang='grc' dir='ltr'>πρὸς</span> <span class='ocrx_word' id='word_1_100' title='bbox 975 1633 1171 1711; x_wconf 86' lang='grc' dir='ltr'>κέρδος</span> <span class='ocrx_word' id='word_1_101' title='bbox 1222 1635 1611 1714; x_wconf 74' lang='grc' dir='ltr'>έτοιμοτρεχὶς</span> <span class='ocrx_word' id='word_1_102' title='bbox 1660 1637 1769 1691; x_wconf 87' lang='grc' dir='ltr'>τῶν</span> <span class='ocrx_word' id='word_1_103' title='bbox 1800 1631 2027 1710; x_wconf 78' lang='grc' dir='ltr'>ἀνδρῶν,</span> 
     </span>
    </p>
   </div>
   <div class='ocr_carea' id='block_1_19' title="bbox 365 1722 2029 1802">
    <p class='ocr_par' dir='ltr' id='par_1_19' title="bbox 365 1722 2029 1802">
     <span class='ocr_line' id='line_1_19' title="bbox 365 1722 2029 1802; baseline -0.004 -18"><span class='ocrx_word' id='word_1_104' title='bbox 365 1725 477 1784; x_wconf 84' lang='grc' dir='ltr'>οὐδ’</span> <span class='ocrx_word' id='word_1_105' title='bbox 533 1728 601 1797; x_wconf 64' lang='grc' dir='ltr'>ἦ)</span> <span class='ocrx_word' id='word_1_106' title='bbox 670 1725 883 1801; x_wconf 79' lang='grc' dir='ltr'>ἀγνοῶν</span> <span class='ocrx_word' id='word_1_107' title='bbox 953 1726 1029 1788; x_wconf 84' lang='grc' dir='ltr'>ὡς</span> <span class='ocrx_word' id='word_1_108' title='bbox 1097 1723 1300 1781; x_wconf 88' lang='grc' dir='ltr'>αὐτίκα</span> <span class='ocrx_word' id='word_1_109' title='bbox 1387 1723 1540 1799; x_wconf 87' lang='grc' dir='ltr'>μάλα</span> <span class='ocrx_word' id='word_1_110' title='bbox 1596 1730 1718 1786; x_wconf 81' lang='grc' dir='ltr'>τοῖς</span> <span class='ocrx_word' id='word_1_111' title='bbox 1784 1722 2029 1802; x_wconf 76' lang='grc' dir='ltr'>φιλικοῖς</span> 
     </span>
    </p>
   </div>
   <div class='ocr_carea' id='block_1_20' title="bbox 364 1812 2027 1895">
    <p class='ocr_par' dir='ltr' id='par_1_20' title="bbox 364 1812 2027 1895">
     <span class='ocr_line' id='line_1_20' title="bbox 364 1812 2027 1895; baseline -0.003 -23"><span class='ocrx_word' id='word_1_112' title='bbox 364 1814 688 1893; x_wconf 66' lang='grc' dir='ltr'>ἃντυχόντες</span> <span class='ocrx_word' id='word_1_113' title='bbox 734 1814 884 1895; x_wconf 85' lang='grc' dir='ltr'>σφίσι</span> <span class='ocrx_word' id='word_1_114' title='bbox 941 1815 1212 1888; x_wconf 79' lang='grc' dir='ltr'>Ῥωμαῖοι</span> <span class='ocrx_word' id='word_1_115' title='bbox 1268 1814 1365 1877; x_wconf 79' lang='grc' dir='ltr'>τὰς</span> <span class='ocrx_word' id='word_1_116' title='bbox 1426 1815 1610 1889; x_wconf 81' lang='grc' dir='ltr'>ψυχᾶς</span> <span class='ocrx_word' id='word_1_117' title='bbox 1666 1812 1853 1875; x_wconf 87' lang='grc' dir='ltr'>αὐτοῖς</span> <span class='ocrx_word' id='word_1_118' title='bbox 1910 1813 2027 1868; x_wconf 65' lang='grc' dir='ltr'>ἄπι-</span> 
     </span>
    </p>
   </div>
   <div class='ocr_carea' id='block_1_21' title="bbox 2141 654 3787 725">
    <p class='ocr_par' dir='ltr' id='par_1_21' title="bbox 2141 654 3787 725">
     <span class='ocr_line' id='line_1_21' title="bbox 2141 654 3787 725; baseline -0.002 -13"><span class='ocrx_word' id='word_1_119' title='bbox 2141 659 2187 712; x_wconf 89' lang='lat' dir='ltr'>si</span> <span class='ocrx_word' id='word_1_120' title='bbox 2221 665 2421 713; x_wconf 81' lang='lat' dir='ltr'>urbem</span> <span class='ocrx_word' id='word_1_121' title='bbox 2443 656 2750 712; x_wconf 76' lang='lat' dir='ltr'>defendere</span> <span class='ocrx_word' id='word_1_122' title='bbox 2774 663 3026 725; x_wconf 87' lang='lat' dir='ltr'><strong>possent.</strong></span> <span class='ocrx_word' id='word_1_123' title='bbox 3051 659 3265 710; x_wconf 84' lang='lat' dir='ltr'><strong>Verum</strong></span> <span class='ocrx_word' id='word_1_124' title='bbox 3289 654 3543 722; x_wconf 84' lang='lat' dir='ltr'><strong>Alexius,</strong></span> <span class='ocrx_word' id='word_1_125' title='bbox 3564 657 3787 725; x_wconf 79' lang='lat' dir='ltr'><strong>Oppidis</strong></span> 
     </span>
    </p>
   </div>
   <div class='ocr_carea' id='block_1_22' title="bbox 2138 744 3787 817">
    <p class='ocr_par' dir='ltr' id='par_1_22' title="bbox 2138 744 3787 817">
     <span class='ocr_line' id='line_1_22' title="bbox 2138 744 3787 817; baseline -0.002 -15"><span class='ocrx_word' id='word_1_126' title='bbox 2138 755 2191 802; x_wconf 92' lang='lat' dir='ltr'>et</span> <span class='ocrx_word' id='word_1_127' title='bbox 2237 746 2504 812; x_wconf 79' lang='lat' dir='ltr'><strong>castellis,</strong></span> <span class='ocrx_word' id='word_1_128' title='bbox 2537 762 2659 817; x_wconf 72' lang='lat' dir='ltr'><strong>quae</strong></span> <span class='ocrx_word' id='word_1_129' title='bbox 2691 746 2749 801; x_wconf 88' lang='lat' dir='ltr'>in</span> <span class='ocrx_word' id='word_1_130' title='bbox 2801 744 3098 800; x_wconf 82' lang='lat' dir='ltr'><strong>altissimis</strong></span> <span class='ocrx_word' id='word_1_131' title='bbox 3141 744 3431 800; x_wconf 85' lang='lat' dir='ltr'><strong>montibus</strong></span> <span class='ocrx_word' id='word_1_132' title='bbox 3479 758 3509 798; x_wconf 91' lang='lat' dir='ltr'>e</span> <span class='ocrx_word' id='word_1_133' title='bbox 3558 745 3787 814; x_wconf 68' lang='lat' dir='ltr'><strong>regione</strong></span> 
     </span>
    </p>
   </div>
   <div class='ocr_carea' id='block_1_23' title="bbox 2139 832 3784 903">
    <p class='ocr_par' dir='ltr' id='par_1_23' title="bbox 2139 832 3784 903">
     <span class='ocr_line' id='line_1_23' title="bbox 2139 832 3784 903; baseline -0.001 -13"><span class='ocrx_word' id='word_1_134' title='bbox 2139 835 2321 890; x_wconf 69' lang='lat' dir='ltr'><strong>Haemi</strong></span> <span class='ocrx_word' id='word_1_135' title='bbox 2363 835 2471 890; x_wconf 82' lang='lat' dir='ltr'><strong>sita</strong></span> <span class='ocrx_word' id='word_1_136' title='bbox 2531 852 2634 890; x_wconf 82' lang='lat' dir='ltr'>nec</span> <span class='ocrx_word' id='word_1_137' title='bbox 2689 835 2883 890; x_wconf 87' lang='lat' dir='ltr'><strong>minus</strong></span> <span class='ocrx_word' id='word_1_138' title='bbox 2931 834 3219 903; x_wconf 76' lang='lat' dir='ltr'>impeditis</span> <span class='ocrx_word' id='word_1_139' title='bbox 3269 833 3569 889; x_wconf 87' lang='lat' dir='ltr'><strong>itineribus</strong></span> <span class='ocrx_word' id='word_1_140' title='bbox 3621 832 3784 888; x_wconf 81' lang='lat' dir='ltr'><strong>ﬁrma</strong></span> 
     </span>
    </p>
   </div>
   <div class='ocr_carea' id='block_1_24' title="bbox 2140 921 3785 994">
    <p class='ocr_par' dir='ltr' id='par_1_24' title="bbox 2140 921 3785 994">
     <span class='ocr_line' id='line_1_24' title="bbox 2140 921 3785 994; baseline -0.001 -15"><span class='ocrx_word' id='word_1_141' title='bbox 2140 932 2297 991; x_wconf 88' lang='lat' dir='ltr'><strong>sunt,</strong></span> <span class='ocrx_word' id='word_1_142' title='bbox 2336 940 2437 979; x_wconf 84' lang='lat' dir='ltr'>suo</span> <span class='ocrx_word' id='word_1_143' title='bbox 2481 924 2756 978; x_wconf 65' lang='lat' dir='ltr'><strong>arbitrati:</strong></span> <span class='ocrx_word' id='word_1_144' title='bbox 2804 921 3153 988; x_wconf 73' lang='lat' dir='ltr'>constitutis,</span> <span class='ocrx_word' id='word_1_145' title='bbox 3186 940 3259 978; x_wconf 89' lang='lat' dir='ltr'>ne</span> <span class='ocrx_word' id='word_1_146' title='bbox 3303 927 3505 977; x_wconf 72' lang='lat' dir='ltr'><strong>caetera</strong></span> <span class='ocrx_word' id='word_1_147' title='bbox 3554 921 3785 994; x_wconf 80' lang='lat' dir='ltr'>quidem</span> 
     </span>
    </p>
   </div>
   <div class='ocr_carea' id='block_1_25' title="bbox 2139 1013 3789 1084">
    <p class='ocr_par' dir='ltr' id='par_1_25' title="bbox 2139 1013 3789 1084">
     <span class='ocr_line' id='line_1_25' title="bbox 2139 1013 3789 1084; baseline -0.001 -16"><span class='ocrx_word' id='word_1_148' title='bbox 2139 1013 2454 1082; x_wconf 82' lang='lat' dir='ltr'><strong>tranquilla</strong></span> <span class='ocrx_word' id='word_1_149' title='bbox 2491 1030 2614 1068; x_wconf 86' lang='lat' dir='ltr'><strong>esse</strong></span> <span class='ocrx_word' id='word_1_150' title='bbox 2646 1014 2967 1083; x_wconf 89' lang='lat' dir='ltr'><strong>patiebatur</strong></span> <span class='ocrx_word' id='word_1_151' title='bbox 3002 1029 3014 1069; x_wconf 89' lang='lat'><strong>:</strong></span> <span class='ocrx_word' id='word_1_152' title='bbox 3051 1015 3147 1067; x_wconf 88' lang='lat' dir='ltr'>sed</span> <span class='ocrx_word' id='word_1_153' title='bbox 3182 1028 3311 1084; x_wconf 75' lang='lat' dir='ltr'><strong>quas</strong></span> <span class='ocrx_word' id='word_1_154' title='bbox 3341 1014 3410 1067; x_wconf 87' lang='lat' dir='ltr'>ad</span> <span class='ocrx_word' id='word_1_155' title='bbox 3446 1015 3789 1083; x_wconf 78' lang='lat' dir='ltr'><strong>Mosynopo-</strong></span> 
     </span>
    </p>
   </div>
   <div class='ocr_carea' id='block_1_26' title="bbox 2139 1100 3787 1172">
    <p class='ocr_par' dir='ltr' id='par_1_26' title="bbox 2139 1100 3787 1172">
     <span class='ocr_line' id='line_1_26' title="bbox 2139 1100 3787 1172; baseline -0.001 -17"><span class='ocrx_word' id='word_1_156' title='bbox 2139 1100 2237 1155; x_wconf 89' lang='lat' dir='ltr'>lim</span> <span class='ocrx_word' id='word_1_157' title='bbox 2268 1105 2534 1171; x_wconf 69' lang='lat' dir='ltr'><strong>vergunt,</strong></span> <span class='ocrx_word' id='word_1_158' title='bbox 2568 1102 2640 1156; x_wconf 85' lang='lat' dir='ltr'>ad</span> <span class='ocrx_word' id='word_1_159' title='bbox 2672 1102 2853 1171; x_wconf 83' lang='lat' dir='ltr'><strong>ipsam</strong></span> <span class='ocrx_word' id='word_1_160' title='bbox 2891 1118 3070 1172; x_wconf 87' lang='lat' dir='ltr'><strong>usque</strong></span> <span class='ocrx_word' id='word_1_161' title='bbox 3115 1101 3444 1169; x_wconf 79' lang='lat' dir='ltr'><strong>Xanthiam,</strong></span> <span class='ocrx_word' id='word_1_162' title='bbox 3484 1101 3787 1172; x_wconf 73' lang='lat' dir='ltr'><strong>Pangaeum</strong></span> 
     </span>
    </p>
   </div>
   <div class='ocr_carea' id='block_1_27' title="bbox 2138 1190 3785 1259">
    <p class='ocr_par' dir='ltr' id='par_1_27' title="bbox 2138 1190 3785 1259">
     <span class='ocr_line' id='line_1_27' title="bbox 2138 1190 3785 1259; baseline -0.001 -15"><span class='ocrx_word' id='word_1_163' title='bbox 2138 1197 2388 1244; x_wconf 77' lang='lat' dir='ltr'><strong>montem</strong></span> <span class='ocrx_word' id='word_1_164' title='bbox 2445 1200 2495 1245; x_wconf 83' lang='lat' dir='ltr'>et</span> <span class='ocrx_word' id='word_1_165' title='bbox 2532 1190 2775 1256; x_wconf 80' lang='lat' dir='ltr'>Abdera,</span> <span class='ocrx_word' id='word_1_166' title='bbox 2831 1192 2900 1245; x_wconf 90' lang='lat' dir='ltr'>ad</span> <span class='ocrx_word' id='word_1_167' title='bbox 2954 1190 3334 1247; x_wconf 72' lang='lat' dir='ltr'><strong>defectionem</strong></span> <span class='ocrx_word' id='word_1_168' title='bbox 3416 1190 3668 1259; x_wconf 81' lang='lat' dir='ltr'><strong>impulit,</strong></span> <span class='ocrx_word' id='word_1_169' title='bbox 3729 1192 3785 1244; x_wconf 90' lang='lat' dir='ltr'>et</span> 
     </span>
    </p>
   </div>
   <div class='ocr_carea' id='block_1_28' title="bbox 2135 1277 3782 1351">
    <p class='ocr_par' dir='ltr' id='par_1_28' title="bbox 2135 1277 3782 1351">
     <span class='ocr_line' id='line_1_28' title="bbox 2135 1277 3782 1351; baseline -0.001 -17"><span class='ocrx_word' id='word_1_170' title='bbox 2135 1277 2536 1334; x_wconf 83' lang='lat' dir='ltr'><strong>Smolenorum</strong></span> <span class='ocrx_word' id='word_1_171' title='bbox 2572 1280 2924 1349; x_wconf 83' lang='lat' dir='ltr'><strong>provinciam</strong></span> <span class='ocrx_word' id='word_1_172' title='bbox 2958 1280 3183 1351; x_wconf 70' lang='lat' dir='ltr'><strong>subegit</strong></span> <span class='ocrx_word' id='word_1_173' title='bbox 3214 1305 3229 1345; x_wconf 83' lang='lat'><strong>;</strong></span> <span class='ocrx_word' id='word_1_174' title='bbox 3263 1288 3315 1335; x_wconf 90' lang='lat' dir='ltr'>et</span> <span class='ocrx_word' id='word_1_175' title='bbox 3348 1280 3597 1335; x_wconf 83' lang='lat' dir='ltr'><strong>finitima</strong></span> <span class='ocrx_word' id='word_1_176' title='bbox 3628 1295 3782 1349; x_wconf 73' lang='lat' dir='ltr'><strong>quaa-</strong></span> 
     </span>
    </p>
   </div>
   <div class='ocr_carea' id='block_1_29' title="bbox 2136 1368 3786 1440">
    <p class='ocr_par' dir='ltr' id='par_1_29' title="bbox 2136 1368 3786 1440">
     <span class='ocr_line' id='line_1_29' title="bbox 2136 1368 3786 1440; baseline 0 -18"><span class='ocrx_word' id='word_1_177' title='bbox 2136 1384 2251 1440; x_wconf 85' lang='lat' dir='ltr'><strong>que</strong></span> <span class='ocrx_word' id='word_1_178' title='bbox 2284 1369 2462 1424; x_wconf 86' lang='lat' dir='ltr'><strong>iustar</strong></span> <span class='ocrx_word' id='word_1_179' title='bbox 2494 1368 2809 1439; x_wconf 83' lang='lat' dir='ltr'><strong>contagiosi</strong></span> <span class='ocrx_word' id='word_1_180' title='bbox 2858 1370 3040 1423; x_wconf 89' lang='lat' dir='ltr'><strong>morbi</strong></span> <span class='ocrx_word' id='word_1_181' title='bbox 3073 1370 3458 1439; x_wconf 86' lang='lat' dir='ltr'><strong>dcpascendo,</strong></span> <span class='ocrx_word' id='word_1_182' title='bbox 3499 1369 3786 1424; x_wconf 81' lang='lat' dir='ltr'><strong>Romanos</strong></span> 
     </span>
    </p>
   </div>
   <div class='ocr_carea' id='block_1_30' title="bbox 2138 1458 3783 1530">
    <p class='ocr_par' dir='ltr' id='par_1_30' title="bbox 2138 1458 3783 1530">
     <span class='ocr_line' id='line_1_30' title="bbox 2138 1458 3783 1530; baseline -0.001 -16"><span class='ocrx_word' id='word_1_183' title='bbox 2138 1459 2346 1530; x_wconf 91' lang='lat' dir='ltr'><strong>partim</strong></span> <span class='ocrx_word' id='word_1_184' title='bbox 2377 1460 2549 1530; x_wconf 88' lang='lat' dir='ltr'><strong>cepit,</strong></span> <span class='ocrx_word' id='word_1_185' title='bbox 2584 1460 2800 1529; x_wconf 78' lang='lat' dir='ltr'><strong>partim</strong></span> <span class='ocrx_word' id='word_1_186' title='bbox 2826 1458 3079 1529; x_wconf 82' lang='lat' dir='ltr'><strong>sustulit,</strong></span> <span class='ocrx_word' id='word_1_187' title='bbox 3106 1463 3306 1528; x_wconf 82' lang='lat' dir='ltr'><strong>partim</strong></span> <span class='ocrx_word' id='word_1_188' title='bbox 3330 1461 3512 1530; x_wconf 88' lang='lat' dir='ltr'><strong>pretio</strong></span> <span class='ocrx_word' id='word_1_189' title='bbox 3539 1458 3783 1527; x_wconf 84' lang='lat' dir='ltr'><strong>dimisit,</strong></span> 
     </span>
    </p>
   </div>
   <div class='ocr_carea' id='block_1_31' title="bbox 2135 1547 3787 1621">
    <p class='ocr_par' dir='ltr' id='par_1_31' title="bbox 2135 1547 3787 1621">
     <span class='ocr_line' id='line_1_31' title="bbox 2135 1547 3787 1621; baseline -0.001 -17"><span class='ocrx_word' id='word_1_190' title='bbox 2135 1548 2445 1621; x_wconf 83' lang='lat' dir='ltr'><strong>populares</strong></span> <span class='ocrx_word' id='word_1_191' title='bbox 2478 1564 2608 1604; x_wconf 85' lang='lat' dir='ltr'><strong>vero</strong></span> <span class='ocrx_word' id='word_1_192' title='bbox 2640 1564 2776 1603; x_wconf 87' lang='lat' dir='ltr'><strong>suos</strong></span> <span class='ocrx_word' id='word_1_193' title='bbox 2811 1548 2960 1602; x_wconf 82' lang='lat' dir='ltr'><strong>ultro</strong></span> <span class='ocrx_word' id='word_1_194' title='bbox 2994 1547 3348 1603; x_wconf 81' lang='lat' dir='ltr'><strong>deditionem</strong></span> <span class='ocrx_word' id='word_1_195' title='bbox 3382 1548 3529 1603; x_wconf 64' lang='lat'>681</span> <span class='ocrx_word' id='word_1_196' title='bbox 3571 1549 3787 1605; x_wconf 85' lang='lat' dir='ltr'><strong>facien-</strong></span> 
     </span>
    </p>
   </div>
   <div class='ocr_carea' id='block_1_32' title="bbox 2134 1638 3784 1711">
    <p class='ocr_par' dir='ltr' id='par_1_32' title="bbox 2134 1638 3784 1711">
     <span class='ocr_line' id='line_1_32' title="bbox 2134 1638 3784 1711; baseline 0 -17"><span class='ocrx_word' id='word_1_197' title='bbox 2134 1645 2223 1696; x_wconf 85' lang='lat' dir='ltr'>tes</span> <span class='ocrx_word' id='word_1_198' title='bbox 2254 1639 2534 1711; x_wconf 87' lang='lat' dir='ltr'><strong>pristiuas</strong></span> <span class='ocrx_word' id='word_1_199' title='bbox 2567 1642 2765 1693; x_wconf 82' lang='lat' dir='ltr'><strong>tenere</strong></span> <span class='ocrx_word' id='word_1_200' title='bbox 2791 1638 2956 1693; x_wconf 86' lang='lat' dir='ltr'><strong>sedes</strong></span> <span class='ocrx_word' id='word_1_201' title='bbox 3000 1654 3212 1708; x_wconf 86' lang='lat' dir='ltr'><strong>passus</strong></span> <span class='ocrx_word' id='word_1_202' title='bbox 3243 1641 3351 1693; x_wconf 87' lang='lat' dir='ltr'><strong>est.</strong></span> <span class='ocrx_word' id='word_1_203' title='bbox 3383 1638 3526 1693; x_wconf 87' lang='lat' dir='ltr'><strong>Cum</strong></span> <span class='ocrx_word' id='word_1_204' title='bbox 3577 1638 3656 1692; x_wconf 90' lang='lat' dir='ltr'>ita</span> <span class='ocrx_word' id='word_1_205' title='bbox 3686 1654 3784 1694; x_wconf 84' lang='lat' dir='ltr'><strong>su-</strong></span> 
     </span>
    </p>
   </div>
   <div class='ocr_carea' id='block_1_33' title="bbox 2133 1726 3779 1800">
    <p class='ocr_par' dir='ltr' id='par_1_33' title="bbox 2133 1726 3779 1800">
     <span class='ocr_line' id='line_1_33' title="bbox 2133 1726 3779 1800; baseline -0.003 -16"><span class='ocrx_word' id='word_1_206' title='bbox 2133 1728 2309 1785; x_wconf 86' lang='lat' dir='ltr'><strong>binde</strong></span> <span class='ocrx_word' id='word_1_207' title='bbox 2352 1733 2654 1795; x_wconf 84' lang='lat' dir='ltr'><strong>cresceret,</strong></span> <span class='ocrx_word' id='word_1_208' title='bbox 2693 1728 2981 1800; x_wconf 87' lang='lat' dir='ltr'><strong>prioribus</strong></span> <span class='ocrx_word' id='word_1_209' title='bbox 3023 1727 3285 1783; x_wconf 90' lang='lat' dir='ltr'><strong>hostibus</strong></span> <span class='ocrx_word' id='word_1_210' title='bbox 3318 1726 3486 1798; x_wconf 82' lang='lat' dir='ltr'><strong>longe</strong></span> <span class='ocrx_word' id='word_1_211' title='bbox 3534 1727 3692 1797; x_wconf 81' lang='lat' dir='ltr'><strong>pejor</strong></span> <span class='ocrx_word' id='word_1_212' title='bbox 3722 1731 3779 1781; x_wconf 89' lang='lat' dir='ltr'>et</span> 
     </span>
    </p>
   </div>
   <div class='ocr_carea' id='block_1_34' title="bbox 2134 1814 3777 1888">
    <p class='ocr_par' dir='ltr' id='par_1_34' title="bbox 2134 1814 3777 1888">
     <span class='ocr_line' id='line_1_34' title="bbox 2134 1814 3777 1888; baseline -0.003 -14"><span class='ocrx_word' id='word_1_213' title='bbox 2134 1817 2424 1874; x_wconf 88' lang='lat' dir='ltr'><strong>crudelior</strong></span> <span class='ocrx_word' id='word_1_214' title='bbox 2445 1819 2687 1883; x_wconf 83' lang='lat' dir='ltr'><strong>exstitit,</strong></span> <span class='ocrx_word' id='word_1_215' title='bbox 2707 1817 2776 1872; x_wconf 87' lang='lat' dir='ltr'>ad</span> <span class='ocrx_word' id='word_1_216' title='bbox 2817 1833 2943 1872; x_wconf 85' lang='lat' dir='ltr'>eam</span> <span class='ocrx_word' id='word_1_217' title='bbox 2978 1832 3318 1888; x_wconf 72' lang='lat' dir='ltr'><strong>progressus</strong></span> <span class='ocrx_word' id='word_1_218' title='bbox 3349 1814 3777 1871; x_wconf 80' lang='lat' dir='ltr'><strong>immanitatem</strong></span> 
     </span>
    </p>
   </div>
   <div class='ocr_carea' id='block_1_35' title="bbox 366 1900 2052 2002">
    <p class='ocr_par' dir='ltr' id='par_1_35' title="bbox 366 1900 2024 1979">
     <span class='ocr_line' id='line_1_35' title="bbox 366 1900 2024 1979; baseline 0.001 -18"><span class='ocrx_word' id='word_1_219' title='bbox 366 1908 621 1978; x_wconf 75' lang='grc' dir='ltr'>θήσουσιν</span> <span class='ocrx_word' id='word_1_220' title='bbox 725 1904 1144 1979; x_wconf 76' lang='grc' dir='ltr'>ἐξερεθισθὲντες</span> <span class='ocrx_word' id='word_1_221' title='bbox 1223 1903 1316 1959; x_wconf 86' lang='grc' dir='ltr'>καὶ</span> <span class='ocrx_word' id='word_1_222' title='bbox 1396 1901 1606 1978; x_wconf 88' lang='grc' dir='ltr'>μηδένα</span> <span class='ocrx_word' id='word_1_223' title='bbox 1680 1900 1846 1977; x_wconf 90' lang='grc' dir='ltr'>λόγον</span> <span class='ocrx_word' id='word_1_224' title='bbox 1924 1908 2024 1972; x_wconf 83' lang='grc' dir='ltr'>τῆς</span> 
     </span>
    </p>
   </div>
   <div class='ocr_carea' id='block_1_36' title="bbox 2134 1900 3778 2002">
    <p class='ocr_par' dir='ltr' id='par_1_36' title="bbox 2134 1904 3778 1979">
     <span class='ocr_line' id='line_1_36' title="bbox 2134 1904 3778 1979; baseline -0.002 -18"><span class='ocrx_word' id='word_1_225' title='bbox 2134 1923 2306 1979; x_wconf 88' lang='lat' dir='ltr'><strong>quam</strong></span> <span class='ocrx_word' id='word_1_226' title='bbox 2343 1906 2574 1961; x_wconf 87' lang='lat' dir='ltr'><strong>Barbari</strong></span> <span class='ocrx_word' id='word_1_227' title='bbox 2610 1905 2874 1978; x_wconf 79' lang='lat' dir='ltr'><strong>plerique</strong></span> <span class='ocrx_word' id='word_1_228' title='bbox 2907 1904 3305 1961; x_wconf 79' lang='lat' dir='ltr'><strong>fortitudinem</strong></span> <span class='ocrx_word' id='word_1_229' title='bbox 3359 1920 3485 1960; x_wconf 89' lang='lat' dir='ltr'><strong>esse</strong></span> <span class='ocrx_word' id='word_1_230' title='bbox 3516 1906 3778 1970; x_wconf 88' lang='lat' dir='ltr'><strong>censent,</strong></span> 
     </span>
    </p>
   </div>
   <div class='ocr_carea' id='block_1_37' title="bbox 370 1990 2026 2070">
    <p class='ocr_par' dir='ltr' id='par_1_37' title="bbox 370 1990 2026 2070">
     <span class='ocr_line' id='line_1_37' title="bbox 370 1990 2026 2070; baseline -0.003 -20"><span class='ocrx_word' id='word_1_231' title='bbox 370 1994 644 2070; x_wconf 79' lang='grc' dir='ltr'>σωτηρίας</span> <span class='ocrx_word' id='word_1_232' title='bbox 709 1995 911 2049; x_wconf 80' lang='grc' dir='ltr'>έαυτῶν</span> <span class='ocrx_word' id='word_1_233' title='bbox 970 1995 1360 2067; x_wconf 78' lang='grc' dir='ltr'>ποιησάμενοι.</span> <span class='ocrx_word' id='word_1_234' title='bbox 1438 1990 1662 2066; x_wconf 77' lang='grc' dir='ltr'>Ἀμέλει</span> <span class='ocrx_word' id='word_1_235' title='bbox 1737 1992 1825 2046; x_wconf 89' lang='grc' dir='ltr'>καὶ</span> <span class='ocrx_word' id='word_1_236' title='bbox 1904 1991 2026 2066; x_wconf 81' lang='grc' dir='ltr'>εἶχε</span> 
     </span>
    </p>
   </div>
   <div class='ocr_carea' id='block_1_38' title="bbox 366 2068 2026 2158">
    <p class='ocr_par' dir='ltr' id='par_1_38' title="bbox 366 2068 2026 2158">
     <span class='ocr_line' id='line_1_38' title="bbox 366 2068 2026 2158; baseline -0.001 -19"><span class='ocrx_word' id='word_1_237' title='bbox 366 2068 678 2157; x_wconf 72' lang='grc' dir='ltr'>Ῥωμαίους</span> <span class='ocrx_word' id='word_1_238' title='bbox 747 2086 881 2158; x_wconf 83' lang='grc' dir='ltr'>μετὰ</span> <span class='ocrx_word' id='word_1_239' title='bbox 934 2084 1129 2158; x_wconf 88' lang='grc' dir='ltr'>μικρὸν</span> <span class='ocrx_word' id='word_1_240' title='bbox 1186 2083 1324 2139; x_wconf 83' lang='grc' dir='ltr'>αὐτά</span> <span class='ocrx_word' id='word_1_241' title='bbox 1378 2088 1547 2140; x_wconf 90' lang='grc' dir='ltr'>ταῦτα</span> <span class='ocrx_word' id='word_1_242' title='bbox 1623 2080 2026 2157; x_wconf 85' lang='grc' dir='ltr'>διαπραττομέ-</span> 
     </span>
    </p>
   </div>
   <div class='ocr_carea' id='block_1_39' title="bbox 2138 1992 3783 2065">
    <p class='ocr_par' dir='ltr' id='par_1_39' title="bbox 2138 1992 3783 2065">
     <span class='ocr_line' id='line_1_39' title="bbox 2138 1992 3783 2065; baseline -0.002 -14"><span class='ocrx_word' id='word_1_243' title='bbox 2138 2003 2195 2051; x_wconf 92' lang='lat' dir='ltr'>ut</span> <span class='ocrx_word' id='word_1_244' title='bbox 2224 1996 2281 2051; x_wconf 89' lang='lat' dir='ltr'>in</span> <span class='ocrx_word' id='word_1_245' title='bbox 2315 1994 2839 2065; x_wconf 88' lang='lat' dir='ltr'><strong>compotationibus</strong></span> <span class='ocrx_word' id='word_1_246' title='bbox 2864 1994 3126 2065; x_wconf 77' lang='lat' dir='ltr'><strong>captivos</strong></span> <span class='ocrx_word' id='word_1_247' title='bbox 3161 1994 3455 2049; x_wconf 83' lang='lat' dir='ltr'><strong>Romanos</strong></span> <span class='ocrx_word' id='word_1_248' title='bbox 3486 1992 3783 2048; x_wconf 85' lang='lat' dir='ltr'><strong>membra-</strong></span> 
     </span>
    </p>
   </div>
   <div class='ocr_carea' id='block_1_40' title="bbox 2134 2081 3783 2155">
    <p class='ocr_par' dir='ltr' id='par_1_40' title="bbox 2134 2081 3783 2155">
     <span class='ocr_line' id='line_1_40' title="bbox 2134 2081 3783 2155; baseline -0.003 -14"><span class='ocrx_word' id='word_1_249' title='bbox 2134 2086 2236 2141; x_wconf 85' lang='lat' dir='ltr'>tim</span> <span class='ocrx_word' id='word_1_250' title='bbox 2271 2084 2605 2140; x_wconf 86' lang='lat' dir='ltr'><strong>dissecaret.</strong></span> <span class='ocrx_word' id='word_1_251' title='bbox 2643 2087 2957 2155; x_wconf 87' lang='lat' dir='ltr'><strong>Imperator</strong></span> <span class='ocrx_word' id='word_1_252' title='bbox 2986 2099 3119 2139; x_wconf 86' lang='lat' dir='ltr'><strong>vero</strong></span> <span class='ocrx_word' id='word_1_253' title='bbox 3147 2083 3306 2138; x_wconf 87' lang='lat' dir='ltr'><strong>factis</strong></span> <span class='ocrx_word' id='word_1_254' title='bbox 3327 2083 3450 2138; x_wconf 88' lang='lat' dir='ltr'><strong>suis</strong></span> <span class='ocrx_word' id='word_1_255' title='bbox 3481 2081 3783 2137; x_wconf 88' lang='lat' dir='ltr'><strong>declarans</strong></span> 
     </span>
    </p>
   </div>
   <div class='ocr_carea' id='block_1_41' title="bbox 369 2167 2027 2252">
    <p class='ocr_par' dir='ltr' id='par_1_41' title="bbox 369 2167 2027 2252">
     <span class='ocr_line' id='line_1_41' title="bbox 369 2167 2027 2252; baseline 0 -26"><span class='ocrx_word' id='word_1_256' title='bbox 369 2194 494 2235; x_wconf 90' lang='grc' dir='ltr'>νους</span> <span class='ocrx_word' id='word_1_257' title='bbox 526 2173 701 2228; x_wconf 85' lang='grc' dir='ltr'>ὁπόσα</span> <span class='ocrx_word' id='word_1_258' title='bbox 728 2173 867 2228; x_wconf 88' lang='grc' dir='ltr'>κατά</span> <span class='ocrx_word' id='word_1_259' title='bbox 923 2176 1048 2228; x_wconf 83' lang='grc' dir='ltr'>νοῦν</span> <span class='ocrx_word' id='word_1_260' title='bbox 1076 2167 1344 2252; x_wconf 81' lang='grc' dir='ltr'>ἔστρεφεν.</span> <span class='ocrx_word' id='word_1_261' title='bbox 1420 2173 1478 2227; x_wconf 79' lang='grc' dir='ltr'>Ὀ</span> <span class='ocrx_word' id='word_1_262' title='bbox 1550 2174 1650 2246; x_wconf 87' lang='grc' dir='ltr'>γάρ</span> <span class='ocrx_word' id='word_1_263' title='bbox 1728 2171 1795 2243; x_wconf 85' lang='grc' dir='ltr'>δὴ</span> <span class='ocrx_word' id='word_1_264' title='bbox 1870 2192 2027 2247; x_wconf 91' lang='grc' dir='ltr'>πρω-</span> 
     </span>
    </p>
   </div>
   <div class='ocr_carea' id='block_1_42' title="bbox 360 2258 2027 2338">
    <p class='ocr_par' dir='ltr' id='par_1_42' title="bbox 360 2258 2027 2338">
     <span class='ocr_line' id='line_1_42' title="bbox 360 2258 2027 2338; baseline 0 -22"><span class='ocrx_word' id='word_1_265' title='bbox 360 2262 680 2338; x_wconf 75' lang='grc' dir='ltr'>τοπράτωρ</span> <span class='ocrx_word' id='word_1_266' title='bbox 711 2263 824 2337; x_wconf 81' lang='grc' dir='ltr'>ἅμα</span> <span class='ocrx_word' id='word_1_267' title='bbox 852 2265 922 2336; x_wconf 82' lang='grc' dir='ltr'>τῇ</span> <span class='ocrx_word' id='word_1_268' title='bbox 954 2262 1096 2336; x_wconf 77' lang='grc' dir='ltr'>ἀκοῇ</span> <span class='ocrx_word' id='word_1_269' title='bbox 1134 2266 1246 2317; x_wconf 86' lang='grc' dir='ltr'>τῶν</span> <span class='ocrx_word' id='word_1_270' title='bbox 1306 2258 1602 2337; x_wconf 73' lang='grc' dir='ltr'>δρωμένων</span> <span class='ocrx_word' id='word_1_271' title='bbox 1663 2260 1724 2317; x_wconf 81' lang='grc' dir='ltr'>ἐκ</span> <span class='ocrx_word' id='word_1_272' title='bbox 1778 2265 1876 2318; x_wconf 89' lang='grc' dir='ltr'>τοῦ</span> <span class='ocrx_word' id='word_1_273' title='bbox 1915 2262 2027 2318; x_wconf 87' lang='grc' dir='ltr'>Βα-</span> 
     </span>
    </p>
   </div>
   <div class='ocr_carea' id='block_1_43' title="bbox 357 2346 2024 2428">
    <p class='ocr_par' dir='ltr' id='par_1_43' title="bbox 357 2346 2024 2428">
     <span class='ocr_line' id='line_1_43' title="bbox 357 2346 2024 2428; baseline -0.001 -24"><span class='ocrx_word' id='word_1_274' title='bbox 357 2349 780 2428; x_wconf 83' lang='grc' dir='ltr'>τραχοκάστρου</span> <span class='ocrx_word' id='word_1_275' title='bbox 866 2347 1101 2424; x_wconf 80' lang='grc' dir='ltr'>ἀπάρας,</span> <span class='ocrx_word' id='word_1_276' title='bbox 1190 2346 1315 2404; x_wconf 80' lang='grc' dir='ltr'>ἔνθα</span> <span class='ocrx_word' id='word_1_277' title='bbox 1399 2350 1465 2419; x_wconf 79' lang='grc' dir='ltr'>ἦν</span> <span class='ocrx_word' id='word_1_278' title='bbox 1519 2348 1911 2423; x_wconf 86' lang='grc' dir='ltr'>σκηνούμενος,</span> <span class='ocrx_word' id='word_1_279' title='bbox 1970 2346 2024 2410; x_wconf 70' lang='grc' dir='ltr'>ἒς</span> 
     </span>
    </p>
   </div>
   <div class='ocr_carea' id='block_1_44' title="bbox 356 2436 2025 2514">
    <p class='ocr_par' dir='ltr' id='par_1_44' title="bbox 356 2436 2025 2514">
     <span class='ocr_line' id='line_1_44' title="bbox 356 2436 2025 2514; baseline 0 -23"><span class='ocrx_word' id='word_1_280' title='bbox 356 2437 422 2491; x_wconf 85' lang='grc' dir='ltr'>τὸ</span> <span class='ocrx_word' id='word_1_281' title='bbox 461 2436 788 2493; x_wconf 85' lang='grc' dir='ltr'>Βακτούνιον</span> <span class='ocrx_word' id='word_1_282' title='bbox 837 2438 1215 2512; x_wconf 87' lang='grc' dir='ltr'>παραγίνεται.</span> <span class='ocrx_word' id='word_1_283' title='bbox 1269 2437 1369 2493; x_wconf 85' lang='grc' dir='ltr'>Καὶ</span> <span class='ocrx_word' id='word_1_284' title='bbox 1400 2441 1479 2508; x_wconf 82' lang='grc' dir='ltr'>τῷ</span> <span class='ocrx_word' id='word_1_285' title='bbox 1526 2437 1835 2514; x_wconf 80' lang='grc' dir='ltr'>φαινομένῳ</span> <span class='ocrx_word' id='word_1_286' title='bbox 1889 2456 2025 2513; x_wconf 84' lang='grc' dir='ltr'>προ-</span> 
     </span>
    </p>
   </div>
   <div class='ocr_carea' id='block_1_45' title="bbox 364 2523 2028 2604">
    <p class='ocr_par' dir='ltr' id='par_1_45' title="bbox 364 2523 2028 2604">
     <span class='ocr_line' id='line_1_45' title="bbox 364 2523 2028 2604; baseline 0.001 -24"><span class='ocrx_word' id='word_1_287' title='bbox 364 2526 541 2601; x_wconf 83' lang='grc' dir='ltr'>σχὼν,</span> <span class='ocrx_word' id='word_1_288' title='bbox 572 2527 635 2580; x_wconf 84' lang='grc' dir='ltr'>τὸ</span> <span class='ocrx_word' id='word_1_289' title='bbox 665 2524 725 2582; x_wconf 64' lang='grc' dir='ltr'>δὲ</span> <span class='ocrx_word' id='word_1_290' title='bbox 755 2527 997 2604; x_wconf 77' lang='grc' dir='ltr'>σόφισμα</span> <span class='ocrx_word' id='word_1_291' title='bbox 1024 2530 1123 2582; x_wconf 90' lang='grc' dir='ltr'>τοῦ</span> <span class='ocrx_word' id='word_1_292' title='bbox 1181 2523 1432 2596; x_wconf 75' lang='grc' dir='ltr'>Ἀλεξίου</span> <span class='ocrx_word' id='word_1_293' title='bbox 1490 2524 1891 2603; x_wconf 84' lang='grc' dir='ltr'>παραδραμων,</span> <span class='ocrx_word' id='word_1_294' title='bbox 1959 2526 2028 2582; x_wconf 80' lang='grc' dir='ltr'>τὰ</span> 
     </span>
    </p>
   </div>
   <div class='ocr_carea' id='block_1_46' title="bbox 361 2613 2025 2692">
    <p class='ocr_par' dir='ltr' id='par_1_46' title="bbox 361 2613 2025 2692">
     <span class='ocr_line' id='line_1_46' title="bbox 361 2613 2025 2692; baseline 0.001 -23"><span class='ocrx_word' id='word_1_295' title='bbox 361 2614 416 2669; x_wconf 77' lang='grc' dir='ltr'>ἐν</span> <span class='ocrx_word' id='word_1_296' title='bbox 447 2613 761 2692; x_wconf 73' lang='grc' dir='ltr'>ὀφθαλμοῖς</span> <span class='ocrx_word' id='word_1_297' title='bbox 816 2613 1096 2670; x_wconf 78' lang='grc' dir='ltr'>σκυλεύειν</span> <span class='ocrx_word' id='word_1_298' title='bbox 1148 2614 1380 2691; x_wconf 76' lang='grc' dir='ltr'>διαφῆκε</span> <span class='ocrx_word' id='word_1_299' title='bbox 1436 2616 1500 2670; x_wconf 87' lang='grc' dir='ltr'>τὸ</span> <span class='ocrx_word' id='word_1_300' title='bbox 1548 2615 1878 2692; x_wconf 84' lang='grc' dir='ltr'>στράτευμα,</span> <span class='ocrx_word' id='word_1_301' title='bbox 1935 2615 2025 2671; x_wconf 88' lang='grc' dir='ltr'>καὶ</span> 
     </span>
    </p>
   </div>
   <div class='ocr_carea' id='block_1_47' title="bbox 363 2702 2024 2781">
    <p class='ocr_par' dir='ltr' id='par_1_47' title="bbox 363 2702 2024 2781">
     <span class='ocr_line' id='line_1_47' title="bbox 363 2702 2024 2781; baseline 0.001 -22"><span class='ocrx_word' id='word_1_302' title='bbox 363 2704 528 2766; x_wconf 85' lang='grc' dir='ltr'>αὐτὸς</span> <span class='ocrx_word' id='word_1_303' title='bbox 561 2702 624 2760; x_wconf 73' lang='grc' dir='ltr'>δὲ</span> <span class='ocrx_word' id='word_1_304' title='bbox 658 2706 733 2778; x_wconf 82' lang='grc' dir='ltr'>μὴ</span> <span class='ocrx_word' id='word_1_305' title='bbox 764 2703 1190 2781; x_wconf 84' lang='grc' dir='ltr'>πολεμιστηρίῳ</span> <span class='ocrx_word' id='word_1_306' title='bbox 1243 2702 1405 2778; x_wconf 64' lang='grc' dir='ltr'>ἵππῳ</span> <span class='ocrx_word' id='word_1_307' title='bbox 1464 2702 1673 2781; x_wconf 79' lang='grc' dir='ltr'>ἔποχος</span> <span class='ocrx_word' id='word_1_308' title='bbox 1713 2703 1789 2760; x_wconf 83' lang='grc' dir='ltr'>ὢν</span> <span class='ocrx_word' id='word_1_309' title='bbox 1831 2705 2024 2761; x_wconf 81' lang='grc' dir='ltr'>ἐπιπα-</span> 
     </span>
    </p>
   </div>
   <div class='ocr_carea' id='block_1_48' title="bbox 2136 2170 3779 2244">
    <p class='ocr_par' dir='ltr' id='par_1_48' title="bbox 2136 2170 3779 2244">
     <span class='ocr_line' id='line_1_48' title="bbox 2136 2170 3779 2244; baseline -0.004 -13"><span class='ocrx_word' id='word_1_310' title='bbox 2136 2190 2199 2231; x_wconf 83' lang='lat' dir='ltr'>se</span> <span class='ocrx_word' id='word_1_311' title='bbox 2256 2171 2682 2244; x_wconf 84' lang='lat' dir='ltr'><strong>protostratoris</strong></span> <span class='ocrx_word' id='word_1_312' title='bbox 2748 2170 3130 2242; x_wconf 82' lang='lat' dir='ltr'><strong>captivitatem</strong></span> <span class='ocrx_word' id='word_1_313' title='bbox 3193 2170 3489 2243; x_wconf 83' lang='lat' dir='ltr'><strong>singulare</strong></span> <span class='ocrx_word' id='word_1_314' title='bbox 3538 2170 3779 2226; x_wconf 69' lang='lat' dir='ltr'><strong>fortuna:</strong></span> 
     </span>
    </p>
   </div>
   <div class='ocr_carea' id='block_1_49' title="bbox 2135 2257 3785 2333">
    <p class='ocr_par' dir='ltr' id='par_1_49' title="bbox 2135 2257 3785 2333">
     <span class='ocr_line' id='line_1_49' title="bbox 2135 2257 3785 2333; baseline -0.002 -16"><span class='ocrx_word' id='word_1_315' title='bbox 2135 2261 2483 2317; x_wconf 85' lang='lat' dir='ltr'><strong>beneﬁcium</strong></span> <span class='ocrx_word' id='word_1_316' title='bbox 2507 2261 2796 2333; x_wconf 86' lang='lat' dir='ltr'><strong>judicare,</strong></span> <span class='ocrx_word' id='word_1_317' title='bbox 2830 2258 3100 2315; x_wconf 77' lang='lat' dir='ltr'><strong>maximis</strong></span> <span class='ocrx_word' id='word_1_318' title='bbox 3131 2261 3260 2332; x_wconf 83' lang='lat' dir='ltr'><strong>ejus</strong></span> <span class='ocrx_word' id='word_1_319' title='bbox 3285 2259 3496 2330; x_wconf 85' lang='lat' dir='ltr'><strong>opibus</strong></span> <span class='ocrx_word' id='word_1_320' title='bbox 3528 2274 3592 2314; x_wconf 91' lang='lat' dir='ltr'>ao</span> <span class='ocrx_word' id='word_1_321' title='bbox 3616 2257 3785 2329; x_wconf 84' lang='lat' dir='ltr'><strong>plane</strong></span> 
     </span>
    </p>
   </div>
   <div class='ocr_carea' id='block_1_50' title="bbox 2134 2347 3780 2422">
    <p class='ocr_par' dir='ltr' id='par_1_50' title="bbox 2134 2347 3780 2422">
     <span class='ocr_line' id='line_1_50' title="bbox 2134 2347 3780 2422; baseline -0.003 -14"><span class='ocrx_word' id='word_1_322' title='bbox 2134 2351 2308 2422; x_wconf 72' lang='lat' dir='ltr'><strong>regiis</strong></span> <span class='ocrx_word' id='word_1_323' title='bbox 2347 2350 2614 2421; x_wconf 88' lang='lat' dir='ltr'><strong>direptis,</strong></span> <span class='ocrx_word' id='word_1_324' title='bbox 2647 2366 2754 2406; x_wconf 90' lang='lat' dir='ltr'>nec</span> <span class='ocrx_word' id='word_1_325' title='bbox 2795 2349 2914 2406; x_wconf 82' lang='lat' dir='ltr'><strong>ulla</strong></span> <span class='ocrx_word' id='word_1_326' title='bbox 2964 2365 3022 2405; x_wconf 88' lang='lat' dir='ltr'>re</span> <span class='ocrx_word' id='word_1_327' title='bbox 3054 2347 3525 2420; x_wconf 83' lang='lat' dir='ltr'><strong>impervestigata</strong></span> <span class='ocrx_word' id='word_1_328' title='bbox 3557 2347 3780 2415; x_wconf 88' lang='lat' dir='ltr'><strong>relicta,</strong></span> 
     </span>
    </p>
   </div>
   <div class='ocr_carea' id='block_1_51' title="bbox 2138 2435 3784 2511">
    <p class='ocr_par' dir='ltr' id='par_1_51' title="bbox 2138 2435 3784 2511">
     <span class='ocr_line' id='line_1_51' title="bbox 2138 2435 3784 2511; baseline -0.002 -15"><span class='ocrx_word' id='word_1_329' title='bbox 2138 2456 2312 2497; x_wconf 84' lang='lat' dir='ltr'><strong>uxore</strong></span> <span class='ocrx_word' id='word_1_330' title='bbox 2356 2456 2587 2511; x_wconf 81' lang='lat' dir='ltr'><strong>quoque</strong></span> <span class='ocrx_word' id='word_1_331' title='bbox 2618 2444 2675 2495; x_wconf 88' lang='lat' dir='ltr'>et</span> <span class='ocrx_word' id='word_1_332' title='bbox 2725 2439 2844 2495; x_wconf 80' lang='lat' dir='ltr'><strong>filio</strong></span> <span class='ocrx_word' id='word_1_333' title='bbox 2874 2440 3001 2511; x_wconf 87' lang='lat' dir='ltr'><strong>ejus</strong></span> <span class='ocrx_word' id='word_1_334' title='bbox 3047 2439 3106 2494; x_wconf 91' lang='lat' dir='ltr'>in</span> <span class='ocrx_word' id='word_1_335' title='bbox 3139 2437 3372 2494; x_wconf 87' lang='lat' dir='ltr'><strong>vincula</strong></span> <span class='ocrx_word' id='word_1_336' title='bbox 3424 2435 3616 2493; x_wconf 88' lang='lat' dir='ltr'><strong>nescio</strong></span> <span class='ocrx_word' id='word_1_337' title='bbox 3667 2453 3784 2508; x_wconf 92' lang='lat' dir='ltr'>quo</span> 
     </span>
    </p>
   </div>
   <div class='ocr_carea' id='block_1_52' title="bbox 2136 2526 3783 2601">
    <p class='ocr_par' dir='ltr' id='par_1_52' title="bbox 2136 2526 3783 2601">
     <span class='ocr_line' id='line_1_52' title="bbox 2136 2526 3783 2601; baseline -0.004 -16"><span class='ocrx_word' id='word_1_338' title='bbox 2136 2528 2377 2586; x_wconf 87' lang='lat' dir='ltr'><strong>consilio</strong></span> <span class='ocrx_word' id='word_1_339' title='bbox 2432 2529 2732 2599; x_wconf 86' lang='lat' dir='ltr'><strong>conjectis,</strong></span> <span class='ocrx_word' id='word_1_340' title='bbox 2791 2526 3054 2601; x_wconf 81' lang='lat' dir='ltr'><strong>Cypsella</strong></span> <span class='ocrx_word' id='word_1_341' title='bbox 3113 2526 3514 2598; x_wconf 83' lang='lat' dir='ltr'><strong>proficiscitur.</strong></span> <span class='ocrx_word' id='word_1_342' title='bbox 3566 2526 3783 2581; x_wconf 87' lang='lat' dir='ltr'><strong>Eodem</strong></span> 
     </span>
    </p>
   </div>
   <div class='ocr_carea' id='block_1_53' title="bbox 2135 2614 3785 2692">
    <p class='ocr_par' dir='ltr' id='par_1_53' title="bbox 2135 2614 3785 2692">
     <span class='ocr_line' id='line_1_53' title="bbox 2135 2614 3785 2692; baseline -0.004 -17"><span class='ocrx_word' id='word_1_343' title='bbox 2135 2624 2389 2692; x_wconf 82' lang='lat' dir='ltr'><strong>tempore</strong></span> <span class='ocrx_word' id='word_1_344' title='bbox 2411 2619 2619 2689; x_wconf 83' lang='lat' dir='ltr'><strong>dogma</strong></span> <span class='ocrx_word' id='word_1_345' title='bbox 2647 2618 2717 2672; x_wconf 86' lang='lat' dir='ltr'>de</span> <span class='ocrx_word' id='word_1_346' title='bbox 2747 2616 2959 2673; x_wconf 86' lang='lat' dir='ltr'><strong>divinis</strong></span> <span class='ocrx_word' id='word_1_347' title='bbox 2983 2617 3273 2687; x_wconf 83' lang='lat' dir='ltr'><strong>mysteriis</strong></span> <span class='ocrx_word' id='word_1_348' title='bbox 3298 2616 3600 2685; x_wconf 75' lang='lat' dir='ltr'><strong>vulgatum</strong></span> <span class='ocrx_word' id='word_1_349' title='bbox 3624 2614 3785 2670; x_wconf 88' lang='lat' dir='ltr'><strong>Chri-</strong></span> 
     </span>
    </p>
   </div>
   <div class='ocr_carea' id='block_1_54' title="bbox 2137 2703 3788 2765">
    <p class='ocr_par' dir='ltr' id='par_1_54' title="bbox 2137 2703 3788 2765">
     <span class='ocr_line' id='line_1_54' title="bbox 2137 2703 3788 2765; baseline -0.004 -1"><span class='ocrx_word' id='word_1_350' title='bbox 2137 2709 2361 2765; x_wconf 85' lang='lat' dir='ltr'><strong>stianos</strong></span> <span class='ocrx_word' id='word_1_351' title='bbox 2393 2709 2450 2763; x_wconf 91' lang='lat' dir='ltr'>in</span> <span class='ocrx_word' id='word_1_352' title='bbox 2486 2707 2762 2763; x_wconf 82' lang='lat' dir='ltr'><strong>factiones</strong></span> <span class='ocrx_word' id='word_1_353' title='bbox 2795 2706 3003 2762; x_wconf 83' lang='lat' dir='ltr'><strong>divisit.</strong></span> <span class='ocrx_word' id='word_1_354' title='bbox 3038 2707 3200 2764; x_wconf 88' lang='lat' dir='ltr'><strong>Unde</strong></span> <span class='ocrx_word' id='word_1_355' title='bbox 3230 2706 3288 2760; x_wconf 89' lang='lat' dir='ltr'>in</span> <span class='ocrx_word' id='word_1_356' title='bbox 3351 2705 3473 2761; x_wconf 85' lang='lat' dir='ltr'><strong>foro</strong></span> <span class='ocrx_word' id='word_1_357' title='bbox 3513 2709 3571 2759; x_wconf 86' lang='lat' dir='ltr'>et</span> <span class='ocrx_word' id='word_1_358' title='bbox 3600 2703 3788 2759; x_wconf 86' lang='lat' dir='ltr'><strong>triviis</strong></span> 
     </span>
    </p>
   </div>
   <div class='ocr_carea' id='block_1_55' title="bbox 366 2790 2052 2873">
    <p class='ocr_par' dir='ltr' id='par_1_55' title="bbox 366 2790 2022 2873">
     <span class='ocr_line' id='line_1_55' title="bbox 366 2790 2022 2873; baseline 0.001 -26"><span class='ocrx_word' id='word_1_359' title='bbox 366 2794 500 2868; x_wconf 87' lang='grc' dir='ltr'>ριὼν</span> <span class='ocrx_word' id='word_1_360' title='bbox 522 2791 708 2857; x_wconf 75' lang='grc' dir='ltr'>ἐθεᾶτο</span> <span class='ocrx_word' id='word_1_361' title='bbox 748 2793 815 2848; x_wconf 76' lang='grc' dir='ltr'>τὰ</span> <span class='ocrx_word' id='word_1_362' title='bbox 844 2790 1120 2869; x_wconf 83' lang='grc' dir='ltr'>δρώμενα.</span> <span class='ocrx_word' id='word_1_363' title='bbox 1154 2794 1252 2851; x_wconf 82' lang='grc' dir='ltr'>Ἐκ</span> <span class='ocrx_word' id='word_1_364' title='bbox 1281 2791 1340 2849; x_wconf 70' lang='grc' dir='ltr'>δὲ</span> <span class='ocrx_word' id='word_1_365' title='bbox 1398 2792 1594 2849; x_wconf 88' lang='grc' dir='ltr'>τούτου</span> <span class='ocrx_word' id='word_1_366' title='bbox 1660 2797 1771 2849; x_wconf 87' lang='grc' dir='ltr'>τῶν</span> <span class='ocrx_word' id='word_1_367' title='bbox 1833 2794 2022 2873; x_wconf 88' lang='grc' dir='ltr'>λόχων</span> 
     </span>
    </p>
   </div>
   <div class='ocr_carea' id='block_1_56' title="bbox 2134 2790 3791 2873">
    <p class='ocr_par' dir='ltr' id='par_1_56' title="bbox 2137 2794 3791 2868">
     <span class='ocr_line' id='line_1_56' title="bbox 2137 2794 3791 2868; baseline -0.005 -13"><span class='ocrx_word' id='word_1_368' title='bbox 2137 2814 2229 2855; x_wconf 89' lang='lat' dir='ltr'>res</span> <span class='ocrx_word' id='word_1_369' title='bbox 2260 2796 2628 2854; x_wconf 86' lang='lat' dir='ltr'><strong>veneratione</strong></span> <span class='ocrx_word' id='word_1_370' title='bbox 2658 2805 2712 2852; x_wconf 87' lang='lat' dir='ltr'>et</span> <span class='ocrx_word' id='word_1_371' title='bbox 2755 2797 2985 2852; x_wconf 91' lang='lat' dir='ltr'><strong>silentio</strong></span> <span class='ocrx_word' id='word_1_372' title='bbox 3016 2795 3201 2867; x_wconf 72' lang='lat' dir='ltr'><strong>digna:</strong></span> <span class='ocrx_word' id='word_1_373' title='bbox 3235 2794 3424 2868; x_wconf 88' lang='lat' dir='ltr'><strong>palam</strong></span> <span class='ocrx_word' id='word_1_374' title='bbox 3461 2801 3791 2849; x_wconf 88' lang='lat' dir='ltr'><strong>contemne-</strong></span> 
     </span>
    </p>
   </div>
   <div class='ocr_carea' id='block_1_57' title="bbox 363 2879 2371 2956">
    <p class='ocr_par' dir='ltr' id='par_1_57' title="bbox 363 2879 2371 2956">
     <span class='ocr_line' id='line_1_57' title="bbox 363 2879 2371 2956; baseline 0.001 -20"><span class='ocrx_word' id='word_1_375' title='bbox 363 2880 644 2956; x_wconf 80' lang='grc' dir='ltr'>ἀνακύψας</span> <span class='ocrx_word' id='word_1_376' title='bbox 675 2881 919 2952; x_wconf 82' lang='grc' dir='ltr'>Ἀλέειος</span> <span class='ocrx_word' id='word_1_377' title='bbox 977 2882 1051 2944; x_wconf 84' lang='grc' dir='ltr'>ὡς</span> <span class='ocrx_word' id='word_1_378' title='bbox 1110 2879 1164 2943; x_wconf 81' lang='grc' dir='ltr'>ἔς</span> <span class='ocrx_word' id='word_1_379' title='bbox 1212 2880 1485 2956; x_wconf 79' lang='grc' dir='ltr'>κύκλωμα</span> <span class='ocrx_word' id='word_1_380' title='bbox 1542 2883 1634 2938; x_wconf 84' lang='grc' dir='ltr'>τὸν</span> <span class='ocrx_word' id='word_1_381' title='bbox 1667 2881 2025 2956; x_wconf 82' lang='grc' dir='ltr'>πρωτοστρά·</span> <span class='ocrx_word' id='word_1_382' title='bbox 2137 2886 2371 2942; x_wconf 77' lang='lat' dir='ltr'><strong>bantur.</strong></span> 
     </span>
    </p>
   </div>
   <div class='ocr_carea' id='block_1_58' title="bbox 363 2965 3789 3048">
    <p class='ocr_par' dir='ltr' id='par_1_58' title="bbox 363 2965 3789 3048">
     <span class='ocr_line' id='line_1_58' title="bbox 363 2965 3789 3048; baseline 0.001 -24"><span class='ocrx_word' id='word_1_383' title='bbox 363 2989 512 3045; x_wconf 87' lang='grc' dir='ltr'>τορα</span> <span class='ocrx_word' id='word_1_384' title='bbox 584 2971 842 3043; x_wconf 82' lang='grc' dir='ltr'>περίεισι,</span> <span class='ocrx_word' id='word_1_385' title='bbox 917 2970 1009 3025; x_wconf 81' lang='grc' dir='ltr'>καὶ</span> <span class='ocrx_word' id='word_1_386' title='bbox 1085 2971 1267 3045; x_wconf 80' lang='grc' dir='ltr'>ὥσπερ</span> <span class='ocrx_word' id='word_1_387' title='bbox 1344 2965 1769 3048; x_wconf 77' lang='grc' dir='ltr'>ἀμφίϐληστρον</span> <span class='ocrx_word' id='word_1_388' title='bbox 1843 2969 1882 3041; x_wconf 74' lang='grc' dir='ltr'>ἤ</span> <span class='ocrx_word' id='word_1_389' title='bbox 1954 2974 2202 3047; x_wconf 80' lang='grc' dir='ltr'>σαγήνην</span> <span class='ocrx_word' id='word_1_390' title='bbox 2277 2972 2342 3027; x_wconf 89' lang='grc' dir='ltr'>τὸ</span> <span class='ocrx_word' id='word_1_391' title='bbox 2416 2973 2539 3047; x_wconf 85' lang='grc' dir='ltr'>περῖ</span> <span class='ocrx_word' id='word_1_392' title='bbox 2618 2968 2779 3028; x_wconf 75' lang='grc' dir='ltr'>αὐτὸν</span> <span class='ocrx_word' id='word_1_393' title='bbox 2855 2970 3091 3033; x_wconf 84' lang='grc' dir='ltr'>ἐκτείνας</span> <span class='ocrx_word' id='word_1_394' title='bbox 3168 2970 3451 3027; x_wconf 83' lang='grc' dir='ltr'>ὁπλιτικὸν</span> <span class='ocrx_word' id='word_1_395' title='bbox 3506 2969 3666 3024; x_wconf 89' lang='grc' dir='ltr'>αὐτόν</span> <span class='ocrx_word' id='word_1_396' title='bbox 3726 2992 3789 3026; x_wconf 88' lang='grc' dir='ltr'>τε</span> 
     </span>
    </p>
   </div>
   <div class='ocr_carea' id='block_1_59' title="bbox 362 3057 3784 3141">
    <p class='ocr_par' dir='ltr' id='par_1_59' title="bbox 362 3057 3784 3141">
     <span class='ocr_line' id='line_1_59' title="bbox 362 3057 3784 3141; baseline -0.001 -28"><span class='ocrx_word' id='word_1_397' title='bbox 362 3059 462 3115; x_wconf 86' lang='grc' dir='ltr'>τὸν</span> <span class='ocrx_word' id='word_1_398' title='bbox 492 3064 901 3137; x_wconf 79' lang='grc' dir='ltr'>στρατηγοῦντα</span> <span class='ocrx_word' id='word_1_399' title='bbox 933 3064 1149 3136; x_wconf 84' lang='grc' dir='ltr'>ζωγρεῖ,</span> <span class='ocrx_word' id='word_1_400' title='bbox 1188 3061 1277 3115; x_wconf 87' lang='grc' dir='ltr'>καὶ</span> <span class='ocrx_word' id='word_1_401' title='bbox 1312 3061 1374 3116; x_wconf 86' lang='grc' dir='ltr'>τὸ</span> <span class='ocrx_word' id='word_1_402' title='bbox 1403 3059 1631 3134; x_wconf 84' lang='grc' dir='ltr'>κλέμμα</span> <span class='ocrx_word' id='word_1_403' title='bbox 1658 3063 1821 3116; x_wconf 89' lang='grc' dir='ltr'>τοῦτο</span> <span class='ocrx_word' id='word_1_404' title='bbox 1842 3064 1940 3117; x_wconf 89' lang='grc' dir='ltr'>τοῦ</span> <span class='ocrx_word' id='word_1_405' title='bbox 1971 3061 2276 3118; x_wconf 71' lang='grc' dir='ltr'>ἀποπάτου</span> <span class='ocrx_word' id='word_1_406' title='bbox 2306 3061 2398 3116; x_wconf 85' lang='grc' dir='ltr'>καὶ</span> <span class='ocrx_word' id='word_1_407' title='bbox 2432 3057 2709 3135; x_wconf 88' lang='grc' dir='ltr'>διανόημα</span> <span class='ocrx_word' id='word_1_408' title='bbox 2738 3063 2836 3131; x_wconf 71' lang='grc' dir='ltr'>τὴν</span> <span class='ocrx_word' id='word_1_409' title='bbox 2874 3061 2968 3136; x_wconf 76' lang='grc' dir='ltr'>μὲν</span> <span class='ocrx_word' id='word_1_410' title='bbox 2998 3059 3433 3141; x_wconf 82' lang='grc' dir='ltr'>περιλειφθεῖσαν</span> <span class='ocrx_word' id='word_1_411' title='bbox 3466 3060 3784 3131; x_wconf 78' lang='grc' dir='ltr'>Ῥωμαϊκὴν</span> 
     </span>
    </p>
   </div>
   <div class='ocr_carea' id='block_1_60' title="bbox 372 3145 3790 3227">
    <p class='ocr_par' dir='ltr' id='par_1_60' title="bbox 372 3145 3790 3227">
     <span class='ocr_line' id='line_1_60' title="bbox 372 3145 3790 3227; baseline -0.001 -22"><span class='ocrx_word' id='word_1_412' title='bbox 372 3149 630 3223; x_wconf 83' lang='grc' dir='ltr'>στρατιὰν</span> <span class='ocrx_word' id='word_1_413' title='bbox 695 3148 988 3224; x_wconf 79' lang='grc' dir='ltr'>ἐξενεύρισε</span> <span class='ocrx_word' id='word_1_414' title='bbox 1051 3148 1264 3219; x_wconf 88' lang='grc' dir='ltr'>τέλεον,</span> <span class='ocrx_word' id='word_1_415' title='bbox 1303 3154 1365 3204; x_wconf 91' lang='grc' dir='ltr'>τὸ</span> <span class='ocrx_word' id='word_1_416' title='bbox 1406 3145 1452 3204; x_wconf 89' lang='grc' dir='ltr'>δ’</span> <span class='ocrx_word' id='word_1_417' title='bbox 1493 3149 1851 3205; x_wconf 84' lang='grc' dir='ltr'>ἀποστατικὸν</span> <span class='ocrx_word' id='word_1_418' title='bbox 1891 3148 2162 3225; x_wconf 82' lang='grc' dir='ltr'>έπτέρωσε</span> <span class='ocrx_word' id='word_1_419' title='bbox 2200 3148 2505 3226; x_wconf 80' lang='grc' dir='ltr'>πλήρωμα.</span> <span class='ocrx_word' id='word_1_420' title='bbox 2547 3149 2742 3208; x_wconf 76' lang='grc' dir='ltr'>Οὐκέτι</span> <span class='ocrx_word' id='word_1_421' title='bbox 2782 3155 2912 3227; x_wconf 87' lang='grc' dir='ltr'>γοῦν</span> <span class='ocrx_word' id='word_1_422' title='bbox 2952 3154 3037 3223; x_wconf 91' lang='grc' dir='ltr'>[Ρ.</span> <span class='ocrx_word' id='word_1_423' title='bbox 3079 3153 3207 3226; x_wconf 86' lang='grc'>332]</span> <span class='ocrx_word' id='word_1_424' title='bbox 3248 3151 3602 3226; x_wconf 84' lang='grc' dir='ltr'>ηὐχρήστουν</span> <span class='ocrx_word' id='word_1_425' title='bbox 3644 3150 3790 3205; x_wconf 65' lang='grc' dir='ltr'>Ῥωκ</span> 
     </span>
    </p>
   </div>
   <div class='ocr_carea' id='block_1_61' title="bbox 369 3235 3785 3317">
    <p class='ocr_par' dir='ltr' id='par_1_61' title="bbox 369 3235 3785 3317">
     <span class='ocr_line' id='line_1_61' title="bbox 369 3235 3785 3317; baseline -0.001 -23"><span class='ocrx_word' id='word_1_426' title='bbox 369 3244 530 3314; x_wconf 84' lang='grc' dir='ltr'>μαῖοι</span> <span class='ocrx_word' id='word_1_427' title='bbox 571 3239 606 3308; x_wconf 74' lang='grc' dir='ltr'><strong>ἢ</strong></span> <span class='ocrx_word' id='word_1_428' title='bbox 645 3243 772 3314; x_wconf 91' lang='grc' dir='ltr'>γοῦν</span> <span class='ocrx_word' id='word_1_429' title='bbox 815 3238 1155 3315; x_wconf 82' lang='grc' dir='ltr'>ἀπεθάῤῥουν</span> <span class='ocrx_word' id='word_1_430' title='bbox 1196 3238 1568 3311; x_wconf 76' lang='grc' dir='ltr'>ἀντιμέτωποι</span> <span class='ocrx_word' id='word_1_431' title='bbox 1608 3245 1801 3308; x_wconf 81' lang='grc' dir='ltr'>στῆναι</span> <span class='ocrx_word' id='word_1_432' title='bbox 1839 3244 1919 3313; x_wconf 78' lang='grc' dir='ltr'>τῷ</span> <span class='ocrx_word' id='word_1_433' title='bbox 1956 3238 2189 3314; x_wconf 79' lang='grc' dir='ltr'>’Δλεξίῳ</span> <span class='ocrx_word' id='word_1_434' title='bbox 2219 3240 2358 3294; x_wconf 81' lang='grc' dir='ltr'>κατὰ</span> <span class='ocrx_word' id='word_1_435' title='bbox 2391 3239 2575 3316; x_wconf 85' lang='grc' dir='ltr'>μάχην</span> <span class='ocrx_word' id='word_1_436' title='bbox 2603 3239 2962 3317; x_wconf 70' lang='grc' dir='ltr'>ἀγχώμαλοι,</span> <span class='ocrx_word' id='word_1_437' title='bbox 3003 3239 3150 3297; x_wconf 88' lang='grc' dir='ltr'>ἀλλά</span> <span class='ocrx_word' id='word_1_438' title='bbox 3188 3240 3311 3314; x_wconf 80' lang='grc' dir='ltr'>περὶ</span> <span class='ocrx_word' id='word_1_439' title='bbox 3351 3240 3451 3309; x_wconf 83' lang='grc' dir='ltr'>τὴν</span> <span class='ocrx_word' id='word_1_440' title='bbox 3493 3235 3785 3294; x_wconf 83' lang='grc' dir='ltr'>Φιλίππου</span> 
     </span>
    </p>
   </div>
   <div class='ocr_carea' id='block_1_62' title="bbox 354 3326 3788 3406">
    <p class='ocr_par' dir='ltr' id='par_1_62' title="bbox 354 3326 3788 3406">
     <span class='ocr_line' id='line_1_62' title="bbox 354 3326 3788 3406; baseline -0.001 -21"><span class='ocrx_word' id='word_1_441' title='bbox 354 3328 728 3405; x_wconf 80' lang='grc' dir='ltr'>στρεφόμενοι</span> <span class='ocrx_word' id='word_1_442' title='bbox 767 3329 1001 3403; x_wconf 82' lang='grc' dir='ltr'>ἠγάπων</span> <span class='ocrx_word' id='word_1_443' title='bbox 1042 3328 1089 3383; x_wconf 74' lang='grc' dir='ltr'>εἰ</span> <span class='ocrx_word' id='word_1_444' title='bbox 1133 3328 1210 3401; x_wconf 79' lang='grc' dir='ltr'>μὴ</span> <span class='ocrx_word' id='word_1_445' title='bbox 1251 3329 1344 3383; x_wconf 86' lang='grc' dir='ltr'>καὶ</span> <span class='ocrx_word' id='word_1_446' title='bbox 1380 3329 1581 3399; x_wconf 87' lang='grc' dir='ltr'>ταύτην</span> <span class='ocrx_word' id='word_1_447' title='bbox 1621 3328 1867 3400; x_wconf 81' lang='grc' dir='ltr'>’Δλέξιος</span> <span class='ocrx_word' id='word_1_448' title='bbox 1907 3334 2333 3406; x_wconf 87' lang='grc' dir='ltr'>παραστήσεται.</span> <span class='ocrx_word' id='word_1_449' title='bbox 2375 3333 2436 3387; x_wconf 90' lang='grc' dir='ltr'>Ὁ</span> <span class='ocrx_word' id='word_1_450' title='bbox 2478 3327 2534 3385; x_wconf 78' lang='grc' dir='ltr'>δὲ</span> <span class='ocrx_word' id='word_1_451' title='bbox 2571 3332 2707 3405; x_wconf 88' lang='grc' dir='ltr'>πρὸς</span> <span class='ocrx_word' id='word_1_452' title='bbox 2746 3331 2809 3386; x_wconf 89' lang='grc' dir='ltr'>τὸ</span> <span class='ocrx_word' id='word_1_453' title='bbox 2849 3328 3041 3387; x_wconf 90' lang='grc' dir='ltr'>δοκοῦν</span> <span class='ocrx_word' id='word_1_454' title='bbox 3083 3330 3136 3384; x_wconf 75' lang='grc' dir='ltr'>οἱ</span> <span class='ocrx_word' id='word_1_455' title='bbox 3175 3330 3649 3403; x_wconf 76' lang='grc' dir='ltr'>καταστησάμενος</span> <span class='ocrx_word' id='word_1_456' title='bbox 3686 3326 3788 3382; x_wconf 83' lang='grc' dir='ltr'>ὅσα</span> 
     </span>
    </p>
   </div>
   <div class='ocr_carea' id='block_1_63' title="bbox 348 3413 3788 3494">
    <p class='ocr_par' dir='ltr' id='par_1_63' title="bbox 348 3413 3788 3494">
     <span class='ocr_line' id='line_1_63' title="bbox 348 3413 3788 3494; baseline -0.001 -21"><span class='ocrx_word' id='word_1_457' title='bbox 348 3416 703 3492; x_wconf 73' lang='grc' dir='ltr'>πολισμάτιά</span> <span class='ocrx_word' id='word_1_458' title='bbox 740 3438 801 3474; x_wconf 87' lang='grc' dir='ltr'>τε</span> <span class='ocrx_word' id='word_1_459' title='bbox 841 3419 932 3472; x_wconf 82' lang='grc' dir='ltr'>καὶ</span> <span class='ocrx_word' id='word_1_460' title='bbox 972 3417 1210 3494; x_wconf 85' lang='grc' dir='ltr'>φρούρια</span> <span class='ocrx_word' id='word_1_461' title='bbox 1248 3415 1325 3478; x_wconf 80' lang='grc' dir='ltr'>εἰς</span> <span class='ocrx_word' id='word_1_462' title='bbox 1366 3417 1509 3492; x_wconf 90' lang='grc' dir='ltr'>ὁρῶν</span> <span class='ocrx_word' id='word_1_463' title='bbox 1554 3413 1870 3492; x_wconf 77' lang='grc' dir='ltr'>ὑπερϐολὰς</span> <span class='ocrx_word' id='word_1_464' title='bbox 1908 3419 2265 3490; x_wconf 82' lang='grc' dir='ltr'>ἀνεστήκάσιν</span> <span class='ocrx_word' id='word_1_465' title='bbox 2306 3418 2796 3494; x_wconf 85' lang='grc' dir='ltr'>ἀντικαθιστάμενα</span> <span class='ocrx_word' id='word_1_466' title='bbox 2833 3420 2914 3492; x_wconf 80' lang='grc' dir='ltr'>τῷ</span> <span class='ocrx_word' id='word_1_467' title='bbox 2953 3417 3123 3493; x_wconf 66' lang='grc' dir='ltr'>Α’ίμῳ</span> <span class='ocrx_word' id='word_1_468' title='bbox 3178 3418 3269 3474; x_wconf 82' lang='grc' dir='ltr'>καὶ</span> <span class='ocrx_word' id='word_1_469' title='bbox 3311 3416 3660 3493; x_wconf 81' lang='grc' dir='ltr'>ἀνυψούμενα</span> <span class='ocrx_word' id='word_1_470' title='bbox 3697 3414 3788 3470; x_wconf 87' lang='grc' dir='ltr'>καὶ</span> 
     </span>
    </p>
   </div>
   <div class='ocr_carea' id='block_1_64' title="bbox 363 3504 3791 3585">
    <p class='ocr_par' dir='ltr' id='par_1_64' title="bbox 363 3504 3791 3585">
     <span class='ocr_line' id='line_1_64' title="bbox 363 3504 3791 3585; baseline -0.001 -21"><span class='ocrx_word' id='word_1_471' title='bbox 363 3511 494 3568; x_wconf 86' lang='grc' dir='ltr'>ταῖς</span> <span class='ocrx_word' id='word_1_472' title='bbox 535 3504 874 3582; x_wconf 87' lang='grc' dir='ltr'>δυσχωρίαις</span> <span class='ocrx_word' id='word_1_473' title='bbox 916 3505 1024 3580; x_wconf 89' lang='grc' dir='ltr'>οὐχ</span> <span class='ocrx_word' id='word_1_474' title='bbox 1062 3506 1227 3576; x_wconf 80' lang='grc' dir='ltr'>ἦττον</span> <span class='ocrx_word' id='word_1_475' title='bbox 1271 3505 1739 3581; x_wconf 79' lang='grc' dir='ltr'>φιλοτιμούμενα,</span> <span class='ocrx_word' id='word_1_476' title='bbox 1781 3505 1908 3562; x_wconf 77' lang='grc' dir='ltr'>οὐδὲ</span> <span class='ocrx_word' id='word_1_477' title='bbox 1944 3509 2013 3563; x_wconf 89' lang='grc' dir='ltr'>τά</span> <span class='ocrx_word' id='word_1_478' title='bbox 2051 3507 2221 3564; x_wconf 87' lang='grc' dir='ltr'>λοιπὰ</span> <span class='ocrx_word' id='word_1_479' title='bbox 2265 3509 2445 3581; x_wconf 85' lang='grc' dir='ltr'>μένειν</span> <span class='ocrx_word' id='word_1_480' title='bbox 2522 3508 2610 3564; x_wconf 70' lang='grc' dir='ltr'>ἰπὶ</span> <span class='ocrx_word' id='word_1_481' title='bbox 2686 3509 2877 3585; x_wconf 84' lang='grc' dir='ltr'>χώρας</span> <span class='ocrx_word' id='word_1_482' title='bbox 2949 3509 3263 3579; x_wconf 87' lang='grc' dir='ltr'>κατέλιπεν,</span> <span class='ocrx_word' id='word_1_483' title='bbox 3311 3505 3441 3563; x_wconf 85' lang='grc' dir='ltr'>ἀλλ’</span> <span class='ocrx_word' id='word_1_484' title='bbox 3478 3509 3543 3576; x_wconf 73' lang='grc' dir='ltr'>ἦν</span> <span class='ocrx_word' id='word_1_485' title='bbox 3586 3507 3791 3561; x_wconf 74' lang='grc' dir='ltr'>ὑπονο-</span> 
     </span>
    </p>
   </div>
   <div class='ocr_carea' id='block_1_65' title="bbox 363 3594 3792 3675">
    <p class='ocr_par' dir='ltr' id='par_1_65' title="bbox 363 3594 3792 3675">
     <span class='ocr_line' id='line_1_65' title="bbox 363 3594 3792 3675; baseline -0.001 -21"><span class='ocrx_word' id='word_1_486' title='bbox 363 3597 549 3654; x_wconf 86' lang='grc' dir='ltr'>θεύων</span> <span class='ocrx_word' id='word_1_487' title='bbox 591 3598 680 3651; x_wconf 82' lang='grc' dir='ltr'>καὶ</span> <span class='ocrx_word' id='word_1_488' title='bbox 721 3597 959 3673; x_wconf 80' lang='grc' dir='ltr'>ἀφιστῶν</span> <span class='ocrx_word' id='word_1_489' title='bbox 999 3594 1292 3669; x_wconf 81' lang='grc' dir='ltr'>Ῥωμαίων</span> <span class='ocrx_word' id='word_1_490' title='bbox 1336 3596 1511 3651; x_wconf 85' lang='grc' dir='ltr'>ὁπόσα</span> <span class='ocrx_word' id='word_1_491' title='bbox 1550 3594 1604 3658; x_wconf 75' lang='grc' dir='ltr'>ές</span> <span class='ocrx_word' id='word_1_492' title='bbox 1648 3596 2032 3653; x_wconf 84' lang='grc' dir='ltr'>Μοσυνόπολιν</span> <span class='ocrx_word' id='word_1_493' title='bbox 2072 3597 2399 3668; x_wconf 70' lang='grc' dir='ltr'>ἐπινένευκε,</span> <span class='ocrx_word' id='word_1_494' title='bbox 2444 3595 2611 3675; x_wconf 70' lang='grc' dir='ltr'>μέχρι</span> <span class='ocrx_word' id='word_1_495' title='bbox 2653 3598 2742 3654; x_wconf 86' lang='grc' dir='ltr'>καὶ</span> <span class='ocrx_word' id='word_1_496' title='bbox 2782 3599 3046 3663; x_wconf 83' lang='grc' dir='ltr'>Ξανθείας</span> <span class='ocrx_word' id='word_1_497' title='bbox 3103 3598 3293 3668; x_wconf 86' lang='grc' dir='ltr'>αὐτῆς,</span> <span class='ocrx_word' id='word_1_498' title='bbox 3343 3598 3433 3653; x_wconf 88' lang='grc' dir='ltr'>καὶ</span> <span class='ocrx_word' id='word_1_499' title='bbox 3490 3596 3625 3670; x_wconf 85' lang='grc' dir='ltr'>πρὸς</span> <span class='ocrx_word' id='word_1_500' title='bbox 3664 3596 3792 3671; x_wconf 81' lang='grc' dir='ltr'>ὅρος</span> 
     </span>
    </p>
   </div>
   <div class='ocr_carea' id='block_1_66' title="bbox 360 3678 3792 3762">
    <p class='ocr_par' dir='ltr' id='par_1_66' title="bbox 360 3678 3792 3762">
     <span class='ocr_line' id='line_1_66' title="bbox 360 3678 3792 3762; baseline -0.002 -18"><span class='ocrx_word' id='word_1_501' title='bbox 360 3688 436 3744; x_wconf 85' lang='grc' dir='ltr'>τὸ</span> <span class='ocrx_word' id='word_1_502' title='bbox 478 3685 757 3761; x_wconf 82' lang='grc' dir='ltr'>Πάγγαιον</span> <span class='ocrx_word' id='word_1_503' title='bbox 795 3687 886 3740; x_wconf 83' lang='grc' dir='ltr'>καὶ</span> <span class='ocrx_word' id='word_1_504' title='bbox 928 3683 1010 3740; x_wconf 77' lang='grc' dir='ltr'>ἐπ’</span> <span class='ocrx_word' id='word_1_505' title='bbox 1049 3678 1305 3759; x_wconf 76' lang='grc' dir='ltr'>’Ἄϐδηρα</span> <span class='ocrx_word' id='word_1_506' title='bbox 1341 3683 1778 3762; x_wconf 85' lang='grc' dir='ltr'>παρατείνουσιν.</span> <span class='ocrx_word' id='word_1_507' title='bbox 1822 3683 2048 3760; x_wconf 75' lang='grc' dir='ltr'>’Δμέλει</span> <span class='ocrx_word' id='word_1_508' title='bbox 2088 3688 2177 3742; x_wconf 84' lang='grc' dir='ltr'>καὶ</span> <span class='ocrx_word' id='word_1_509' title='bbox 2220 3688 2284 3742; x_wconf 85' lang='grc' dir='ltr'>τὸ</span> <span class='ocrx_word' id='word_1_510' title='bbox 2360 3686 2497 3759; x_wconf 86' lang='grc' dir='ltr'>θέμα</span> <span class='ocrx_word' id='word_1_511' title='bbox 2571 3693 2679 3742; x_wconf 88' lang='grc' dir='ltr'>τῶν</span> <span class='ocrx_word' id='word_1_512' title='bbox 2760 3686 3058 3762; x_wconf 88' lang='grc' dir='ltr'>Σμολένων</span> <span class='ocrx_word' id='word_1_513' title='bbox 3126 3687 3518 3757; x_wconf 82' lang='grc' dir='ltr'>ὑπεποιήσατο,</span> <span class='ocrx_word' id='word_1_514' title='bbox 3559 3684 3649 3739; x_wconf 82' lang='grc' dir='ltr'>καὶ</span> <span class='ocrx_word' id='word_1_515' title='bbox 3725 3682 3792 3737; x_wconf 79' lang='grc' dir='ltr'>τὰ</span> 
     </span>
    </p>
   </div>
   <div class='ocr_carea' id='block_1_67' title="bbox 362 3770 3787 3852">
    <p class='ocr_par' dir='ltr' id='par_1_67' title="bbox 362 3770 3787 3852">
     <span class='ocr_line' id='line_1_67' title="bbox 362 3770 3787 3852; baseline -0.001 -23"><span class='ocrx_word' id='word_1_516' title='bbox 362 3776 553 3849; x_wconf 71' lang='grc' dir='ltr'>ὅμορα</span> <span class='ocrx_word' id='word_1_517' title='bbox 591 3773 882 3847; x_wconf 83' lang='grc' dir='ltr'>ἐπενέμετο</span> <span class='ocrx_word' id='word_1_518' title='bbox 921 3773 1059 3829; x_wconf 86' lang='grc' dir='ltr'>κατά</span> <span class='ocrx_word' id='word_1_519' title='bbox 1098 3770 1428 3848; x_wconf 77' lang='grc' dir='ltr'>καχέκτημα</span> <span class='ocrx_word' id='word_1_520' title='bbox 1469 3770 1809 3848; x_wconf 89' lang='grc' dir='ltr'>διαδόσιμον,</span> <span class='ocrx_word' id='word_1_521' title='bbox 1851 3773 2080 3848; x_wconf 76' lang='grc' dir='ltr'>ἐξαιρῶν</span> <span class='ocrx_word' id='word_1_522' title='bbox 2157 3775 2250 3849; x_wconf 72' lang='grc' dir='ltr'>μὲν</span> <span class='ocrx_word' id='word_1_523' title='bbox 2324 3776 2631 3850; x_wconf 83' lang='grc' dir='ltr'>Ῥωμαίους</span> <span class='ocrx_word' id='word_1_524' title='bbox 2708 3776 2799 3831; x_wconf 87' lang='grc' dir='ltr'>καὶ</span> <span class='ocrx_word' id='word_1_525' title='bbox 2872 3776 3134 3852; x_wconf 79' lang='grc' dir='ltr'>ἀναιρῶν,</span> <span class='ocrx_word' id='word_1_526' title='bbox 3209 3776 3301 3830; x_wconf 78' lang='grc' dir='ltr'>ἀπ’</span> <span class='ocrx_word' id='word_1_527' title='bbox 3363 3773 3520 3828; x_wconf 82' lang='grc' dir='ltr'>ἐνίων</span> <span class='ocrx_word' id='word_1_528' title='bbox 3564 3770 3622 3827; x_wconf 70' lang='grc' dir='ltr'>δὲ</span> <span class='ocrx_word' id='word_1_529' title='bbox 3695 3771 3787 3826; x_wconf 85' lang='grc' dir='ltr'>καὶ</span> 
     </span>
    </p>
   </div>
   <div class='ocr_carea' id='block_1_68' title="bbox 361 3858 3783 3943">
    <p class='ocr_par' dir='ltr' id='par_1_68' title="bbox 361 3858 3783 3943">
     <span class='ocr_line' id='line_1_68' title="bbox 361 3858 3783 3943; baseline -0.002 -22"><span class='ocrx_word' id='word_1_530' title='bbox 361 3863 544 3937; x_wconf 88' lang='grc' dir='ltr'>λύτρα</span> <span class='ocrx_word' id='word_1_531' title='bbox 584 3858 996 3937; x_wconf 79' lang='grc' dir='ltr'>διαλαμϐάνων,</span> <span class='ocrx_word' id='word_1_532' title='bbox 1071 3863 1201 3927; x_wconf 84' lang='grc' dir='ltr'>τοὺς</span> <span class='ocrx_word' id='word_1_533' title='bbox 1275 3860 1320 3918; x_wconf 88' lang='grc' dir='ltr'>δ’</span> <span class='ocrx_word' id='word_1_534' title='bbox 1399 3862 1680 3938; x_wconf 77' lang='grc' dir='ltr'>ὁμογενεῖς</span> <span class='ocrx_word' id='word_1_535' title='bbox 1753 3860 1941 3938; x_wconf 73' lang='grc' dir='ltr'>ἒκείνῳ</span> <span class='ocrx_word' id='word_1_536' title='bbox 2013 3865 2472 3940; x_wconf 80' lang='grc' dir='ltr'>προστιθεμένους</span> <span class='ocrx_word' id='word_1_537' title='bbox 2549 3862 2772 3929; x_wconf 66' lang='grc' dir='ltr'>ἑκόντας</span> <span class='ocrx_word' id='word_1_538' title='bbox 2851 3864 3086 3921; x_wconf 77' lang='grc' dir='ltr'>ἐπὶτῶν</span> <span class='ocrx_word' id='word_1_539' title='bbox 3129 3863 3400 3943; x_wconf 81' lang='grc' dir='ltr'>σφετέρων</span> <span class='ocrx_word' id='word_1_540' title='bbox 3444 3863 3617 3936; x_wconf 78' lang='grc' dir='ltr'>μένειν</span> <span class='ocrx_word' id='word_1_541' title='bbox 3659 3858 3783 3915; x_wconf 86' lang='grc' dir='ltr'>ἐῶν.</span> 
     </span>
    </p>
   </div>
   <div class='ocr_carea' id='block_1_69' title="bbox 359 3951 3785 4030">
    <p class='ocr_par' dir='ltr' id='par_1_69' title="bbox 359 3951 3785 4030">
     <span class='ocr_line' id='line_1_69' title="bbox 359 3951 3785 4030; baseline -0.001 -21"><span class='ocrx_word' id='word_1_542' title='bbox 359 3954 472 4009; x_wconf 81' lang='grc' dir='ltr'>Καὶ</span> <span class='ocrx_word' id='word_1_543' title='bbox 512 3954 541 4009; x_wconf 90' lang='grc' dir='ltr'>ὁ</span> <span class='ocrx_word' id='word_1_544' title='bbox 586 3954 679 4027; x_wconf 71' lang='grc' dir='ltr'>μὶν</span> <span class='ocrx_word' id='word_1_545' title='bbox 754 3951 1234 4026; x_wconf 82' lang='grc' dir='ltr'>έμπλατυνόμενος</span> <span class='ocrx_word' id='word_1_546' title='bbox 1311 3955 1378 4024; x_wconf 80' lang='grc' dir='ltr'>ἧν</span> <span class='ocrx_word' id='word_1_547' title='bbox 1455 3955 1536 4009; x_wconf 82' lang='grc' dir='ltr'>ἀεὶ</span> <span class='ocrx_word' id='word_1_548' title='bbox 1612 3952 1704 4009; x_wconf 83' lang='grc' dir='ltr'>καὶ</span> <span class='ocrx_word' id='word_1_549' title='bbox 1778 3952 1832 4017; x_wconf 84' lang='grc' dir='ltr'>ές</span> <span class='ocrx_word' id='word_1_550' title='bbox 1907 3959 2166 4011; x_wconf 90' lang='grc' dir='ltr'>τοσοῦτον</span> <span class='ocrx_word' id='word_1_551' title='bbox 2208 3953 2504 4029; x_wconf 84' lang='grc' dir='ltr'>ὠμότητος</span> <span class='ocrx_word' id='word_1_552' title='bbox 2578 3955 2804 4027; x_wconf 70' lang='grc' dir='ltr'>ἤλασεν,</span> <span class='ocrx_word' id='word_1_553' title='bbox 2878 3952 2946 4026; x_wconf 73' lang='grc' dir='ltr'>ἤν</span> <span class='ocrx_word' id='word_1_554' title='bbox 2987 3952 3236 4030; x_wconf 88' lang='grc' dir='ltr'>ἀνδρείαν</span> <span class='ocrx_word' id='word_1_555' title='bbox 3295 3952 3635 4009; x_wconf 79' lang='grc' dir='ltr'>οἱπλεῖστοι</span> <span class='ocrx_word' id='word_1_556' title='bbox 3674 3954 3785 4005; x_wconf 88' lang='grc' dir='ltr'>τῶν</span> 
     </span>
    </p>
   </div>
   <div class='ocr_carea' id='block_1_70' title="bbox 363 4038 3787 4122">
    <p class='ocr_par' dir='ltr' id='par_1_70' title="bbox 363 4038 3787 4122">
     <span class='ocr_line' id='line_1_70' title="bbox 363 4038 3787 4122; baseline -0.002 -20"><span class='ocrx_word' id='word_1_557' title='bbox 363 4038 671 4122; x_wconf 78' lang='grc' dir='ltr'>Βαρϐάρων</span> <span class='ocrx_word' id='word_1_558' title='bbox 714 4042 945 4112; x_wconf 73' lang='grc' dir='ltr'>οἴονται,</span> <span class='ocrx_word' id='word_1_559' title='bbox 988 4043 1064 4107; x_wconf 84' lang='grc' dir='ltr'>ὠς</span> <span class='ocrx_word' id='word_1_560' title='bbox 1103 4044 1235 4106; x_wconf 79' lang='grc' dir='ltr'>τοὺς</span> <span class='ocrx_word' id='word_1_561' title='bbox 1275 4042 1327 4099; x_wconf 76' lang='grc' dir='ltr'>ἐν</span> <span class='ocrx_word' id='word_1_562' title='bbox 1368 4043 1603 4117; x_wconf 82' lang='grc' dir='ltr'>πολέμῳ</span> <span class='ocrx_word' id='word_1_563' title='bbox 1653 4044 2070 4121; x_wconf 82' lang='grc' dir='ltr'>ζωγρουμένους</span> <span class='ocrx_word' id='word_1_564' title='bbox 2123 4045 2435 4119; x_wconf 82' lang='grc' dir='ltr'>Ῥωμαίους</span> <span class='ocrx_word' id='word_1_565' title='bbox 2508 4049 2646 4102; x_wconf 80' lang='grc' dir='ltr'>κατὰ</span> <span class='ocrx_word' id='word_1_566' title='bbox 2719 4046 2889 4103; x_wconf 90' lang='grc' dir='ltr'>πότον</span> <span class='ocrx_word' id='word_1_567' title='bbox 2969 4043 3186 4118; x_wconf 84' lang='grc' dir='ltr'>μελιστὶ</span> <span class='ocrx_word' id='word_1_568' title='bbox 3263 4042 3512 4119; x_wconf 86' lang='grc' dir='ltr'>διαιρεῖν.</span> <span class='ocrx_word' id='word_1_569' title='bbox 3588 4043 3652 4100; x_wconf 90' lang='grc' dir='ltr'>Ὁ</span> <span class='ocrx_word' id='word_1_570' title='bbox 3729 4038 3787 4096; x_wconf 74' lang='grc' dir='ltr'>δὲ</span> 
     </span>
    </p>
   </div>
   <div class='ocr_carea' id='block_1_71' title="bbox 374 4130 3785 4211">
    <p class='ocr_par' dir='ltr' id='par_1_71' title="bbox 374 4130 3785 4211">
     <span class='ocr_line' id='line_1_71' title="bbox 374 4130 3785 4211; baseline -0.001 -21"><span class='ocrx_word' id='word_1_571' title='bbox 374 4132 636 4210; x_wconf 80' lang='grc' dir='ltr'>βασιλεὺς</span> <span class='ocrx_word' id='word_1_572' title='bbox 678 4132 754 4193; x_wconf 83' lang='grc' dir='ltr'>ὠς</span> <span class='ocrx_word' id='word_1_573' title='bbox 888 4134 962 4188; x_wconf 82' lang='grc' dir='ltr'>ὧν</span> <span class='ocrx_word' id='word_1_574' title='bbox 1003 4130 1194 4208; x_wconf 81' lang='grc' dir='ltr'>ἔδρασε</span> <span class='ocrx_word' id='word_1_575' title='bbox 1230 4131 1626 4204; x_wconf 81' lang='grc' dir='ltr'>καθυπέδειξεν,</span> <span class='ocrx_word' id='word_1_576' title='bbox 1663 4130 1890 4207; x_wconf 66' lang='grc' dir='ltr'>ἕρμαιόν</span> <span class='ocrx_word' id='word_1_577' title='bbox 1930 4155 1990 4190; x_wconf 87' lang='grc' dir='ltr'>τε</span> <span class='ocrx_word' id='word_1_578' title='bbox 2026 4135 2117 4190; x_wconf 81' lang='grc' dir='ltr'>καὶ</span> <span class='ocrx_word' id='word_1_579' title='bbox 2195 4136 2386 4210; x_wconf 78' lang='grc' dir='ltr'>χάριεν</span> <span class='ocrx_word' id='word_1_580' title='bbox 2466 4138 2555 4191; x_wconf 82' lang='grc' dir='ltr'>καὶ</span> <span class='ocrx_word' id='word_1_581' title='bbox 2630 4135 2925 4192; x_wconf 82' lang='grc' dir='ltr'>κάλλιστον</span> <span class='ocrx_word' id='word_1_582' title='bbox 2965 4133 3143 4211; x_wconf 74' lang='grc' dir='ltr'>τύχης</span> <span class='ocrx_word' id='word_1_583' title='bbox 3185 4130 3472 4210; x_wconf 76' lang='grc' dir='ltr'>βράϐευμα</span> <span class='ocrx_word' id='word_1_584' title='bbox 3510 4132 3612 4200; x_wconf 80' lang='grc' dir='ltr'>τὴν</span> <span class='ocrx_word' id='word_1_585' title='bbox 3687 4134 3785 4187; x_wconf 89' lang='grc' dir='ltr'>τοῦ</span> 
     </span>
    </p>
   </div>
   <div class='ocr_carea' id='block_1_72' title="bbox 370 4219 3785 4302">
    <p class='ocr_par' dir='ltr' id='par_1_72' title="bbox 370 4219 3785 4302">
     <span class='ocr_line' id='line_1_72' title="bbox 370 4219 3785 4302; baseline 0.001 -23"><span class='ocrx_word' id='word_1_586' title='bbox 370 4221 868 4297; x_wconf 83' lang='grc' dir='ltr'>πρωτοστράτορος</span> <span class='ocrx_word' id='word_1_587' title='bbox 906 4220 1065 4292; x_wconf 83' lang='grc' dir='ltr'>ᾠήθη</span> <span class='ocrx_word' id='word_1_588' title='bbox 1105 4223 1459 4295; x_wconf 85' lang='grc' dir='ltr'>κατάσχεσιν,</span> <span class='ocrx_word' id='word_1_589' title='bbox 1500 4220 1619 4285; x_wconf 76' lang='grc' dir='ltr'>ὅθεν</span> <span class='ocrx_word' id='word_1_590' title='bbox 1658 4225 1727 4292; x_wconf 82' lang='grc' dir='ltr'>τῇ</span> <span class='ocrx_word' id='word_1_591' title='bbox 1757 4226 1855 4276; x_wconf 88' lang='grc' dir='ltr'>τοῦ</span> <span class='ocrx_word' id='word_1_592' title='bbox 1894 4219 2088 4297; x_wconf 77' lang='grc' dir='ltr'>ἀνδρὸς</span> <span class='ocrx_word' id='word_1_593' title='bbox 2125 4221 2442 4297; x_wconf 70' lang='grc' dir='ltr'>ἐπιθέμενος</span> <span class='ocrx_word' id='word_1_594' title='bbox 2482 4225 2641 4295; x_wconf 81' lang='grc' dir='ltr'>οὐσίᾳ</span> <span class='ocrx_word' id='word_1_595' title='bbox 2703 4224 2963 4302; x_wconf 81' lang='grc' dir='ltr'>ῥυηφενεῖ</span> <span class='ocrx_word' id='word_1_596' title='bbox 3036 4225 3126 4279; x_wconf 85' lang='grc' dir='ltr'>καὶ</span> <span class='ocrx_word' id='word_1_597' title='bbox 3202 4225 3492 4300; x_wconf 82' lang='grc' dir='ltr'>τυραννικῇ</span> <span class='ocrx_word' id='word_1_598' title='bbox 3534 4220 3785 4294; x_wconf 76' lang='grc' dir='ltr'>ἄντικρυς</span> 
     </span>
    </p>
   </div>
   <div class='ocr_carea' id='block_1_73' title="bbox 368 4305 3780 4390">
    <p class='ocr_par' dir='ltr' id='par_1_73' title="bbox 368 4305 3780 4390">
     <span class='ocr_line' id='line_1_73' title="bbox 368 4305 3780 4390; baseline 0 -28"><span class='ocrx_word' id='word_1_599' title='bbox 368 4308 534 4377; x_wconf 75' lang='grc' dir='ltr'>οὔσῃ,</span> <span class='ocrx_word' id='word_1_600' title='bbox 573 4307 665 4361; x_wconf 73' lang='grc' dir='ltr'>καί</span> <span class='ocrx_word' id='word_1_601' title='bbox 708 4305 880 4379; x_wconf 74' lang='grc' dir='ltr'>μηδὲν</span> <span class='ocrx_word' id='word_1_602' title='bbox 922 4308 1095 4375; x_wconf 80' lang='grc' dir='ltr'>αὐτῆς</span> <span class='ocrx_word' id='word_1_603' title='bbox 1169 4306 1602 4386; x_wconf 77' lang='grc' dir='ltr'>ἀναψηλάφητον</span> <span class='ocrx_word' id='word_1_604' title='bbox 1679 4306 1715 4377; x_wconf 78' lang='grc' dir='ltr'>ἤ</span> <span class='ocrx_word' id='word_1_605' title='bbox 1791 4309 2200 4386; x_wconf 79' lang='grc' dir='ltr'>ἀνεξερεύνητον</span> <span class='ocrx_word' id='word_1_606' title='bbox 2240 4311 2499 4387; x_wconf 81' lang='grc' dir='ltr'>ἀφεικὼς,</span> <span class='ocrx_word' id='word_1_607' title='bbox 2575 4311 2722 4369; x_wconf 81' lang='grc' dir='ltr'>ἀλλά</span> <span class='ocrx_word' id='word_1_608' title='bbox 2795 4312 2885 4368; x_wconf 86' lang='grc' dir='ltr'>καὶ</span> <span class='ocrx_word' id='word_1_609' title='bbox 2962 4315 3062 4383; x_wconf 75' lang='grc' dir='ltr'>τὴν</span> <span class='ocrx_word' id='word_1_610' title='bbox 3138 4318 3365 4390; x_wconf 85' lang='grc' dir='ltr'>γυναῖκα</span> <span class='ocrx_word' id='word_1_611' title='bbox 3401 4312 3490 4367; x_wconf 81' lang='grc' dir='ltr'>καὶ</span> <span class='ocrx_word' id='word_1_612' title='bbox 3530 4311 3622 4365; x_wconf 87' lang='grc' dir='ltr'>τὸν</span> <span class='ocrx_word' id='word_1_613' title='bbox 3665 4310 3780 4364; x_wconf 75' lang='grc' dir='ltr'>υἱὸν</span> 
     </span>
    </p>
   </div>
   <div class='ocr_carea' id='block_1_74' title="bbox 368 4393 3782 4477">
    <p class='ocr_par' dir='ltr' id='par_1_74' title="bbox 368 4393 3782 4477">
     <span class='ocr_line' id='line_1_74' title="bbox 368 4393 3782 4477; baseline 0.001 -26"><span class='ocrx_word' id='word_1_614' title='bbox 368 4393 704 4459; x_wconf 82' lang='grc' dir='ltr'>ὑποδικάσας</span> <span class='ocrx_word' id='word_1_615' title='bbox 745 4401 978 4475; x_wconf 78' lang='grc' dir='ltr'>φρουρᾷ,</span> <span class='ocrx_word' id='word_1_616' title='bbox 1019 4397 1120 4451; x_wconf 89' lang='grc' dir='ltr'>οὐκ</span> <span class='ocrx_word' id='word_1_617' title='bbox 1159 4393 1265 4451; x_wconf 79' lang='grc' dir='ltr'>οἶδ’</span> <span class='ocrx_word' id='word_1_618' title='bbox 1305 4397 1335 4453; x_wconf 79' lang='grc' dir='ltr'>ὅ</span> <span class='ocrx_word' id='word_1_619' title='bbox 1371 4418 1425 4452; x_wconf 91' lang='grc' dir='ltr'>τι</span> <span class='ocrx_word' id='word_1_620' title='bbox 1465 4393 1679 4464; x_wconf 79' lang='grc' dir='ltr'>δοκοῦν,</span> <span class='ocrx_word' id='word_1_621' title='bbox 1720 4393 1879 4472; x_wconf 79' lang='grc' dir='ltr'>ἔαρος</span> <span class='ocrx_word' id='word_1_622' title='bbox 1917 4396 2306 4474; x_wconf 79' lang='grc' dir='ltr'>ὕπολήγοντος</span> <span class='ocrx_word' id='word_1_623' title='bbox 2347 4399 2508 4471; x_wconf 75' lang='grc' dir='ltr'>ἔξεισι</span> <span class='ocrx_word' id='word_1_624' title='bbox 2545 4402 2635 4457; x_wconf 81' lang='grc' dir='ltr'>καὶ</span> <span class='ocrx_word' id='word_1_625' title='bbox 2676 4400 2887 4457; x_wconf 74' lang='grc' dir='ltr'>ἄπεισιν</span> <span class='ocrx_word' id='word_1_626' title='bbox 2932 4403 3008 4467; x_wconf 84' lang='grc' dir='ltr'>εἰς</span> <span class='ocrx_word' id='word_1_627' title='bbox 3054 4403 3121 4458; x_wconf 80' lang='grc' dir='ltr'>τά</span> <span class='ocrx_word' id='word_1_628' title='bbox 3160 4400 3446 4477; x_wconf 82' lang='grc' dir='ltr'>Κύψελλα,</span> <span class='ocrx_word' id='word_1_629' title='bbox 3524 4401 3615 4455; x_wconf 84' lang='grc' dir='ltr'>’ὀτε</span> <span class='ocrx_word' id='word_1_630' title='bbox 3691 4398 3782 4455; x_wconf 84' lang='grc' dir='ltr'>καὶ</span> 
     </span>
    </p>
   </div>
   <div class='ocr_carea' id='block_1_75' title="bbox 359 4486 3780 4568">
    <p class='ocr_par' dir='ltr' id='par_1_75' title="bbox 359 4486 3780 4568">
     <span class='ocr_line' id='line_1_75' title="bbox 359 4486 3780 4568; baseline 0.001 -26"><span class='ocrx_word' id='word_1_631' title='bbox 359 4487 428 4542; x_wconf 85' lang='grc' dir='ltr'>τὸ</span> <span class='ocrx_word' id='word_1_632' title='bbox 504 4487 628 4561; x_wconf 87' lang='grc' dir='ltr'>περὶ</span> <span class='ocrx_word' id='word_1_633' title='bbox 702 4492 811 4544; x_wconf 84' lang='grc' dir='ltr'>τῶν</span> <span class='ocrx_word' id='word_1_634' title='bbox 887 4488 1043 4544; x_wconf 88' lang='grc' dir='ltr'>θείων</span> <span class='ocrx_word' id='word_1_635' title='bbox 1126 4489 1442 4563; x_wconf 88' lang='grc' dir='ltr'>μυστηρίων</span> <span class='ocrx_word' id='word_1_636' title='bbox 1522 4486 1894 4566; x_wconf 76' lang='grc' dir='ltr'>ἀνακαλυφθὶν</span> <span class='ocrx_word' id='word_1_637' title='bbox 1973 4488 2156 4564; x_wconf 89' lang='grc' dir='ltr'>δόγμα</span> <span class='ocrx_word' id='word_1_638' title='bbox 2230 4491 2367 4568; x_wconf 91' lang='grc' dir='ltr'>πρὸς</span> <span class='ocrx_word' id='word_1_639' title='bbox 2447 4492 2640 4567; x_wconf 82' lang='grc' dir='ltr'>μοίρας</span> <span class='ocrx_word' id='word_1_640' title='bbox 2678 4491 2916 4556; x_wconf 83' lang='grc' dir='ltr'>ἐναντίας</span> <span class='ocrx_word' id='word_1_641' title='bbox 2956 4491 3205 4565; x_wconf 87' lang='grc' dir='ltr'>διέστησε</span> <span class='ocrx_word' id='word_1_642' title='bbox 3251 4495 3313 4549; x_wconf 90' lang='grc' dir='ltr'>τὸ</span> <span class='ocrx_word' id='word_1_643' title='bbox 3372 4492 3780 4567; x_wconf 79' lang='grc' dir='ltr'>Χριστώνυμον,</span> 
     </span>
    </p>
   </div>
   <div class='ocr_carea' id='block_1_76' title="bbox 365 4575 3779 4660">
    <p class='ocr_par' dir='ltr' id='par_1_76' title="bbox 365 4575 3779 4660">
     <span class='ocr_line' id='line_1_76' title="bbox 365 4575 3779 4660; baseline 0.001 -28"><span class='ocrx_word' id='word_1_644' title='bbox 365 4577 460 4632; x_wconf 85' lang='grc' dir='ltr'>καὶ</span> <span class='ocrx_word' id='word_1_645' title='bbox 502 4575 776 4653; x_wconf 88' lang='grc' dir='ltr'>λαμπρῶς</span> <span class='ocrx_word' id='word_1_646' title='bbox 812 4576 897 4633; x_wconf 78' lang='grc' dir='ltr'>ἐπ’</span> <span class='ocrx_word' id='word_1_647' title='bbox 936 4577 1138 4654; x_wconf 81' lang='grc' dir='ltr'>ἀγορᾶς</span> <span class='ocrx_word' id='word_1_648' title='bbox 1175 4577 1268 4632; x_wconf 83' lang='grc' dir='ltr'>καὶ</span> <span class='ocrx_word' id='word_1_649' title='bbox 1307 4575 1545 4653; x_wconf 87' lang='grc' dir='ltr'>τριόδων</span> <span class='ocrx_word' id='word_1_650' title='bbox 1584 4578 1731 4653; x_wconf 85' lang='grc' dir='ltr'>παρά</span> <span class='ocrx_word' id='word_1_651' title='bbox 1765 4581 1864 4634; x_wconf 89' lang='grc' dir='ltr'>τοῦ</span> <span class='ocrx_word' id='word_1_652' title='bbox 1907 4578 2253 4654; x_wconf 75' lang='grc' dir='ltr'>βουλομένου</span> <span class='ocrx_word' id='word_1_653' title='bbox 2292 4582 2493 4644; x_wconf 89' lang='grc' dir='ltr'>παντὸς</span> <span class='ocrx_word' id='word_1_654' title='bbox 2530 4581 2598 4638; x_wconf 87' lang='grc' dir='ltr'>τά</span> <span class='ocrx_word' id='word_1_655' title='bbox 2635 4590 2806 4657; x_wconf 81' lang='grc' dir='ltr'>τιμῆς</span> <span class='ocrx_word' id='word_1_656' title='bbox 2848 4585 2989 4658; x_wconf 88' lang='grc' dir='ltr'>ὁμοῦ</span> <span class='ocrx_word' id='word_1_657' title='bbox 3027 4584 3113 4640; x_wconf 82' lang='grc' dir='ltr'>καὶ</span> <span class='ocrx_word' id='word_1_658' title='bbox 3172 4590 3328 4659; x_wconf 81' lang='grc' dir='ltr'>σιγῆς</span> <span class='ocrx_word' id='word_1_659' title='bbox 3403 4580 3779 4660; x_wconf 78' lang='grc' dir='ltr'>ἐξεφαυλίζετο</span> 
     </span>
    </p>
   </div>
   <div class='ocr_carea' id='block_1_77' title="bbox 362 4666 509 4739">
    <p class='ocr_par' dir='ltr' id='par_1_77' title="bbox 362 4666 509 4739">
     <span class='ocr_line' id='line_1_77' title="bbox 362 4666 509 4739; baseline 0.014 -16"><span class='ocrx_word' id='word_1_660' title='bbox 362 4666 509 4739; x_wconf 73' lang='grc' dir='ltr'>ἄξια.</span> 
     </span>
    </p>
   </div>
   <div class='ocr_carea' id='block_1_78' title="bbox 435 4781 2052 4863">
    <p class='ocr_par' dir='ltr' id='par_1_78' title="bbox 435 4781 2052 4863">
     <span class='ocr_line' id='line_1_78' title="bbox 435 4781 2052 4863; baseline -0.001 -23"><span class='ocrx_word' id='word_1_661' title='bbox 435 4791 502 4859; x_wconf 87' lang='grc' dir='ltr'>γ’.</span> <span class='ocrx_word' id='word_1_662' title='bbox 535 4783 687 4842; x_wconf 81' lang='grc' dir='ltr'>Μετά</span> <span class='ocrx_word' id='word_1_663' title='bbox 713 4783 819 4859; x_wconf 82' lang='grc' dir='ltr'>γὰρ</span> <span class='ocrx_word' id='word_1_664' title='bbox 893 4783 985 4838; x_wconf 83' lang='grc' dir='ltr'>τὸν</span> <span class='ocrx_word' id='word_1_665' title='bbox 1012 4781 1303 4863; x_wconf 85' lang='grc' dir='ltr'>Ξιφιλῖνον</span> <span class='ocrx_word' id='word_1_666' title='bbox 1334 4784 1632 4859; x_wconf 82' lang='grc' dir='ltr'>Γεώργιον,</span> <span class='ocrx_word' id='word_1_667' title='bbox 1710 4783 1768 4845; x_wconf 79' lang='grc' dir='ltr'>δς</span> <span class='ocrx_word' id='word_1_668' title='bbox 1845 4782 2013 4840; x_wconf 81' lang='grc' dir='ltr'>ἔτεσιν</span> <span class='ocrx_word' id='word_1_669' title='bbox 2047 4809 2052 4846; x_wconf 66' lang='grc'><strong><em>4</em></strong></span> 
     </span>
    </p>
   </div>
   <div class='ocr_carea' id='block_1_79' title="bbox 2134 4781 3768 4863">
    <p class='ocr_par' dir='ltr' id='par_1_79' title="bbox 2190 4787 3768 4862">
     <span class='ocr_line' id='line_1_79' title="bbox 2190 4787 3768 4862; baseline 0.001 -20"><span class='ocrx_word' id='word_1_670' title='bbox 2190 4787 2249 4845; x_wconf 91' lang='lat'>3.</span> <span class='ocrx_word' id='word_1_671' title='bbox 2282 4790 2426 4844; x_wconf 88' lang='lat' dir='ltr'><strong>Nam</strong></span> <span class='ocrx_word' id='word_1_672' title='bbox 2453 4788 2692 4861; x_wconf 82' lang='lat' dir='ltr'><strong>Georgio</strong></span> <span class='ocrx_word' id='word_1_673' title='bbox 2732 4791 3031 4862; x_wconf 86' lang='lat' dir='ltr'><strong>Xiphilino</strong></span> <span class='ocrx_word' id='word_1_674' title='bbox 3063 4798 3282 4861; x_wconf 86' lang='lat' dir='ltr'><strong>septem</strong></span> <span class='ocrx_word' id='word_1_675' title='bbox 3313 4788 3487 4845; x_wconf 88' lang='lat' dir='ltr'><strong>annis</strong></span> <span class='ocrx_word' id='word_1_676' title='bbox 3520 4788 3768 4858; x_wconf 86' lang='lat' dir='ltr'><strong>patriar-</strong></span> 
     </span>
    </p>
   </div>
   <div class='ocr_carea' id='block_1_80' title="bbox 356 4870 2052 4950">
    <p class='ocr_par' dir='ltr' id='par_1_80' title="bbox 356 4870 2024 4950">
     <span class='ocr_line' id='line_1_80' title="bbox 356 4870 2024 4950; baseline -0.003 -16"><span class='ocrx_word' id='word_1_677' title='bbox 356 4877 497 4934; x_wconf 83' lang='grc' dir='ltr'>έπτά</span> <span class='ocrx_word' id='word_1_678' title='bbox 551 4879 652 4947; x_wconf 77' lang='grc' dir='ltr'>τὴν</span> <span class='ocrx_word' id='word_1_679' title='bbox 704 4874 1033 4946; x_wconf 85' lang='grc' dir='ltr'>Ἐκκλησίαν</span> <span class='ocrx_word' id='word_1_680' title='bbox 1091 4870 1527 4949; x_wconf 77' lang='grc' dir='ltr'>διεκυϐέρνησεν,</span> <span class='ocrx_word' id='word_1_681' title='bbox 1605 4876 1635 4931; x_wconf 90' lang='grc' dir='ltr'>ὁ</span> <span class='ocrx_word' id='word_1_682' title='bbox 1686 4875 2024 4950; x_wconf 86' lang='grc' dir='ltr'>Καματηρὸς</span> 
     </span>
    </p>
   </div>
   <div class='ocr_carea' id='block_1_81' title="bbox 2134 4870 3777 4950">
    <p class='ocr_par' dir='ltr' id='par_1_81' title="bbox 2134 4877 3777 4949">
     <span class='ocr_line' id='line_1_81' title="bbox 2134 4877 3777 4949; baseline -0.001 -16"><span class='ocrx_word' id='word_1_683' title='bbox 2134 4879 2302 4934; x_wconf 86' lang='lat' dir='ltr'><strong>chatu</strong></span> <span class='ocrx_word' id='word_1_684' title='bbox 2364 4880 2563 4936; x_wconf 88' lang='lat' dir='ltr'><strong>functo</strong></span> <span class='ocrx_word' id='word_1_685' title='bbox 2609 4881 2862 4936; x_wconf 81' lang='lat' dir='ltr'><strong>Joannes</strong></span> <span class='ocrx_word' id='word_1_686' title='bbox 2904 4884 3239 4935; x_wconf 80' lang='lat' dir='ltr'><strong>Gamaterus</strong></span> <span class='ocrx_word' id='word_1_687' title='bbox 3290 4877 3617 4934; x_wconf 88' lang='lat' dir='ltr'><strong>successit:</strong></span> <span class='ocrx_word' id='word_1_688' title='bbox 3652 4877 3777 4949; x_wconf 86' lang='lat' dir='ltr'><strong>qui,</strong></span> 
     </span>
    </p>
   </div>
   <div class='ocr_carea' id='block_1_82' title="bbox 353 4961 2052 5043">
    <p class='ocr_par' dir='ltr' id='par_1_82' title="bbox 353 4961 2020 5043">
     <span class='ocr_line' id='line_1_82' title="bbox 353 4961 2020 5043; baseline -0.003 -20"><span class='ocrx_word' id='word_1_689' title='bbox 353 4965 614 5036; x_wconf 73' lang='grc' dir='ltr'>’Ῑωᾶννης</span> <span class='ocrx_word' id='word_1_690' title='bbox 644 4962 738 5019; x_wconf 82' lang='grc' dir='ltr'>τὸν</span> <span class='ocrx_word' id='word_1_691' title='bbox 794 4964 1197 5039; x_wconf 87' lang='grc' dir='ltr'>πατριαρχικὸν</span> <span class='ocrx_word' id='word_1_692' title='bbox 1255 4963 1454 5043; x_wconf 73' lang='grc' dir='ltr'>ε’ίληφε</span> <span class='ocrx_word' id='word_1_693' title='bbox 1500 4965 1711 5037; x_wconf 83' lang='grc' dir='ltr'>θρόνον,</span> <span class='ocrx_word' id='word_1_694' title='bbox 1758 4964 1850 5019; x_wconf 83' lang='grc' dir='ltr'>καὶ</span> <span class='ocrx_word' id='word_1_695' title='bbox 1901 4961 2020 5019; x_wconf 76' lang='grc' dir='ltr'>δεόν</span> 
     </span>
    </p>
   </div>
   <div class='ocr_carea' id='block_1_83' title="bbox 2134 4961 3773 5043">
    <p class='ocr_par' dir='ltr' id='par_1_83' title="bbox 2134 4969 3773 5043">
     <span class='ocr_line' id='line_1_83' title="bbox 2134 4969 3773 5043; baseline 0 -17"><span class='ocrx_word' id='word_1_696' title='bbox 2134 4986 2263 5026; x_wconf 88' lang='lat' dir='ltr'>cum</span> <span class='ocrx_word' id='word_1_697' title='bbox 2295 4971 2494 5043; x_wconf 83' lang='lat' dir='ltr'><strong>Opinio</strong></span> <span class='ocrx_word' id='word_1_698' title='bbox 2526 4988 2650 5041; x_wconf 69' lang='lat' dir='ltr'><strong>quas</strong></span> <span class='ocrx_word' id='word_1_699' title='bbox 2683 4972 2794 5027; x_wconf 90' lang='lat' dir='ltr'>sub</span> <span class='ocrx_word' id='word_1_700' title='bbox 2824 4971 3118 5043; x_wconf 85' lang='lat' dir='ltr'><strong>Xiphilino</strong></span> <span class='ocrx_word' id='word_1_701' title='bbox 3152 4969 3463 5041; x_wconf 74' lang='lat' dir='ltr'><strong>pullularet</strong></span> <span class='ocrx_word' id='word_1_702' title='bbox 3495 4970 3773 5026; x_wconf 87' lang='lat' dir='ltr'><strong>radicitus</strong></span> 
     </span>
    </p>
   </div>
   <div class='ocr_carea' id='block_1_84' title="bbox 351 5051 2052 5133">
    <p class='ocr_par' dir='ltr' id='par_1_84' title="bbox 351 5051 2022 5133">
     <span class='ocr_line' id='line_1_84' title="bbox 351 5051 2022 5133; baseline -0.003 -20"><span class='ocrx_word' id='word_1_703' title='bbox 351 5059 416 5113; x_wconf 84' lang='grc' dir='ltr'>τὸ</span> <span class='ocrx_word' id='word_1_704' title='bbox 446 5055 536 5110; x_wconf 78' lang='grc' dir='ltr'>ἐπὶ</span> <span class='ocrx_word' id='word_1_705' title='bbox 579 5058 687 5109; x_wconf 86' lang='grc' dir='ltr'>τῶν</span> <span class='ocrx_word' id='word_1_706' title='bbox 743 5056 966 5126; x_wconf 81' lang='grc' dir='ltr'>ἡμερῶν</span> <span class='ocrx_word' id='word_1_707' title='bbox 1021 5056 1118 5108; x_wconf 89' lang='grc' dir='ltr'>τοῦ</span> <span class='ocrx_word' id='word_1_708' title='bbox 1173 5051 1471 5133; x_wconf 85' lang='grc' dir='ltr'>Ξιφιλίνου</span> <span class='ocrx_word' id='word_1_709' title='bbox 1538 5053 1834 5128; x_wconf 78' lang='grc' dir='ltr'>ἀρξάμενον</span> <span class='ocrx_word' id='word_1_710' title='bbox 1887 5054 2022 5110; x_wconf 90' lang='grc' dir='ltr'>ὑπο-</span> 
     </span>
    </p>
   </div>
   <div class='ocr_carea' id='block_1_85' title="bbox 2134 5051 3778 5133">
    <p class='ocr_par' dir='ltr' id='par_1_85' title="bbox 2134 5061 3778 5133">
     <span class='ocr_line' id='line_1_85' title="bbox 2134 5061 3778 5133; baseline 0 -17"><span class='ocrx_word' id='word_1_711' title='bbox 2134 5061 2523 5133; x_wconf 80' lang='lat' dir='ltr'><strong>exstirpanda,</strong></span> <span class='ocrx_word' id='word_1_712' title='bbox 2555 5067 2612 5117; x_wconf 89' lang='lat' dir='ltr'>et</span> <span class='ocrx_word' id='word_1_713' title='bbox 2638 5062 2762 5132; x_wconf 90' lang='lat' dir='ltr'><strong>ejus</strong></span> <span class='ocrx_word' id='word_1_714' title='bbox 2802 5069 3005 5118; x_wconf 87' lang='lat' dir='ltr'><strong>auctor</strong></span> <span class='ocrx_word' id='word_1_715' title='bbox 3044 5077 3295 5133; x_wconf 88' lang='lat' dir='ltr'><strong>nequam</strong></span> <span class='ocrx_word' id='word_1_716' title='bbox 3332 5061 3653 5117; x_wconf 87' lang='lat' dir='ltr'><strong>monachus</strong></span> <span class='ocrx_word' id='word_1_717' title='bbox 3684 5061 3778 5117; x_wconf 86' lang='lat' dir='ltr'>Si-</span> 
     </span>
    </p>
   </div>
   <div class='ocr_carea' id='block_1_86' title="bbox 353 5141 2021 5222">
    <p class='ocr_par' dir='ltr' id='par_1_86' title="bbox 353 5141 2021 5222">
     <span class='ocr_line' id='line_1_86' title="bbox 353 5141 2021 5222; baseline -0.002 -21"><span class='ocrx_word' id='word_1_718' title='bbox 353 5144 645 5201; x_wconf 86' lang='grc' dir='ltr'>λαλεῖσθαι</span> <span class='ocrx_word' id='word_1_719' title='bbox 699 5143 790 5197; x_wconf 86' lang='grc' dir='ltr'>καὶ</span> <span class='ocrx_word' id='word_1_720' title='bbox 843 5141 1067 5222; x_wconf 82' lang='grc' dir='ltr'>φύεσθαι</span> <span class='ocrx_word' id='word_1_721' title='bbox 1131 5141 1309 5219; x_wconf 83' lang='grc' dir='ltr'>δόγμα</span> <span class='ocrx_word' id='word_1_722' title='bbox 1394 5141 1690 5220; x_wconf 76' lang='grc' dir='ltr'>πρόρῥιζον</span> <span class='ocrx_word' id='word_1_723' title='bbox 1750 5142 2021 5216; x_wconf 78' lang='grc' dir='ltr'>ἐκτεμεῖν,</span> 
     </span>
    </p>
   </div>
   <div class='ocr_carea' id='block_1_87' title="bbox 354 5226 2019 5308">
    <p class='ocr_par' dir='ltr' id='par_1_87' title="bbox 354 5226 2019 5308">
     <span class='ocr_line' id='line_1_87' title="bbox 354 5226 2019 5308; baseline 0 -20"><span class='ocrx_word' id='word_1_724' title='bbox 354 5234 448 5288; x_wconf 85' lang='grc' dir='ltr'>καὶ</span> <span class='ocrx_word' id='word_1_725' title='bbox 502 5226 903 5297; x_wconf 73' lang='grc' dir='ltr'>καθυποϐαλεῖν</span> <span class='ocrx_word' id='word_1_726' title='bbox 1004 5231 1097 5304; x_wconf 74' lang='grc' dir='ltr'>μὲν</span> <span class='ocrx_word' id='word_1_727' title='bbox 1176 5231 1471 5304; x_wconf 78' lang='grc' dir='ltr'>ἂναθέματι</span> <span class='ocrx_word' id='word_1_728' title='bbox 1545 5232 1637 5287; x_wconf 85' lang='grc' dir='ltr'>τὸν</span> <span class='ocrx_word' id='word_1_729' title='bbox 1715 5234 2019 5308; x_wconf 75' lang='grc' dir='ltr'>γεννήτορα</span> 
     </span>
    </p>
   </div>
   <div class='ocr_carea' id='block_1_88' title="bbox 355 5317 2016 5401">
    <p class='ocr_par' dir='ltr' id='par_1_88' title="bbox 355 5317 2016 5401">
     <span class='ocr_line' id='line_1_88' title="bbox 355 5317 2016 5401; baseline -0.001 -24"><span class='ocrx_word' id='word_1_730' title='bbox 355 5322 556 5378; x_wconf 82' lang='grc' dir='ltr'>τούτου</span> <span class='ocrx_word' id='word_1_731' title='bbox 592 5322 684 5377; x_wconf 85' lang='grc' dir='ltr'>τὸν</span> <span class='ocrx_word' id='word_1_732' title='bbox 717 5317 1135 5397; x_wconf 82' lang='grc' dir='ltr'>ψευδομόναχον</span> <span class='ocrx_word' id='word_1_733' title='bbox 1192 5318 1469 5391; x_wconf 88' lang='grc' dir='ltr'>Σικιδίτην</span> <span class='ocrx_word' id='word_1_734' title='bbox 1504 5320 1578 5382; x_wconf 85' lang='grc' dir='ltr'>ὠς</span> <span class='ocrx_word' id='word_1_735' title='bbox 1655 5323 2016 5401; x_wconf 74' lang='grc' dir='ltr'>αἱρεσιᾶρχην</span> 
     </span>
    </p>
   </div>
   <div class='ocr_carea' id='block_1_89' title="bbox 348 5407 2017 5487">
    <p class='ocr_par' dir='ltr' id='par_1_89' title="bbox 348 5407 2017 5487">
     <span class='ocr_line' id='line_1_89' title="bbox 348 5407 2017 5487; baseline -0.002 -18"><span class='ocrx_word' id='word_1_736' title='bbox 348 5412 442 5469; x_wconf 87' lang='grc' dir='ltr'>καὶ</span> <span class='ocrx_word' id='word_1_737' title='bbox 483 5412 576 5467; x_wconf 89' lang='grc' dir='ltr'>νέα</span> <span class='ocrx_word' id='word_1_738' title='bbox 609 5410 965 5485; x_wconf 68' lang='grc' dir='ltr'>ἐπεισάγοντα</span> <span class='ocrx_word' id='word_1_739' title='bbox 1001 5408 1269 5487; x_wconf 85' lang='grc' dir='ltr'>δόγματα,</span> <span class='ocrx_word' id='word_1_740' title='bbox 1330 5409 1458 5475; x_wconf 82' lang='grc' dir='ltr'>τοὺς</span> <span class='ocrx_word' id='word_1_741' title='bbox 1511 5407 1558 5466; x_wconf 86' lang='grc' dir='ltr'>δ’</span> <span class='ocrx_word' id='word_1_742' title='bbox 1620 5408 1831 5474; x_wconf 74' lang='grc' dir='ltr'>ἄλλους</span> <span class='ocrx_word' id='word_1_743' title='bbox 1889 5409 2017 5487; x_wconf 74' lang='grc' dir='ltr'>ἒχε-</span> 
     </span>
    </p>
   </div>
   <div class='ocr_carea' id='block_1_90' title="bbox 350 5496 2016 5578">
    <p class='ocr_par' dir='ltr' id='par_1_90' title="bbox 350 5496 2016 5578">
     <span class='ocr_line' id='line_1_90' title="bbox 350 5496 2016 5578; baseline 0 -21"><span class='ocrx_word' id='word_1_744' title='bbox 350 5503 541 5578; x_wconf 88' lang='grc' dir='ltr'>μυθεῖν</span> <span class='ocrx_word' id='word_1_745' title='bbox 570 5500 860 5573; x_wconf 84' lang='grc' dir='ltr'>πεῖσαιτῷ</span> <span class='ocrx_word' id='word_1_746' title='bbox 908 5499 1028 5555; x_wconf 86' lang='grc' dir='ltr'>καθ’</span> <span class='ocrx_word' id='word_1_747' title='bbox 1088 5499 1277 5554; x_wconf 74' lang='grc' dir='ltr'>ἑαυτὸν</span> <span class='ocrx_word' id='word_1_748' title='bbox 1340 5496 1704 5576; x_wconf 85' lang='grc' dir='ltr'>ὑποδείγματι</span> <span class='ocrx_word' id='word_1_749' title='bbox 1738 5500 1815 5563; x_wconf 88' lang='grc' dir='ltr'>ὠς</span> <span class='ocrx_word' id='word_1_750' title='bbox 1876 5500 2016 5557; x_wconf 80' lang='grc' dir='ltr'>εἶναι</span> 
     </span>
    </p>
   </div>
   <div class='ocr_carea' id='block_1_91' title="bbox 343 5587 2013 5665">
    <p class='ocr_par' dir='ltr' id='par_1_91' title="bbox 343 5587 2013 5665">
     <span class='ocr_line' id='line_1_91' title="bbox 343 5587 2013 5665; baseline -0.002 -17"><span class='ocrx_word' id='word_1_751' title='bbox 343 5593 409 5649; x_wconf 80' lang='grc' dir='ltr'>τὸ</span> <span class='ocrx_word' id='word_1_752' title='bbox 446 5591 750 5665; x_wconf 79' lang='grc' dir='ltr'>μυστήριον</span> <span class='ocrx_word' id='word_1_753' title='bbox 786 5589 940 5651; x_wconf 81' lang='grc' dir='ltr'>αὗθις</span> <span class='ocrx_word' id='word_1_754' title='bbox 979 5590 1309 5664; x_wconf 82' lang='grc' dir='ltr'>μυστήριον,</span> <span class='ocrx_word' id='word_1_755' title='bbox 1353 5590 1380 5644; x_wconf 89' lang='grc' dir='ltr'>ὁ</span> <span class='ocrx_word' id='word_1_756' title='bbox 1433 5587 1490 5644; x_wconf 71' lang='grc' dir='ltr'>δὲ</span> <span class='ocrx_word' id='word_1_757' title='bbox 1545 5588 1798 5664; x_wconf 87' lang='grc' dir='ltr'>λογικαῖς</span> <span class='ocrx_word' id='word_1_758' title='bbox 1848 5590 2013 5663; x_wconf 87' lang='grc' dir='ltr'>μεθό-</span> 
     </span>
    </p>
   </div>
   <div class='ocr_carea' id='block_1_92' title="bbox 352 5674 2015 5756">
    <p class='ocr_par' dir='ltr' id='par_1_92' title="bbox 352 5674 2015 5756">
     <span class='ocr_line' id='line_1_92' title="bbox 352 5674 2015 5756; baseline -0.001 -19"><span class='ocrx_word' id='word_1_759' title='bbox 352 5680 471 5744; x_wconf 89' lang='grc' dir='ltr'>δοις</span> <span class='ocrx_word' id='word_1_760' title='bbox 500 5679 712 5756; x_wconf 64' lang='grc' dir='ltr'>ἐχρῆτο</span> <span class='ocrx_word' id='word_1_761' title='bbox 777 5678 871 5733; x_wconf 86' lang='grc' dir='ltr'>καὶ</span> <span class='ocrx_word' id='word_1_762' title='bbox 925 5674 1233 5750; x_wconf 77' lang='grc' dir='ltr'>ἀποδείξεσι</span> <span class='ocrx_word' id='word_1_763' title='bbox 1293 5675 1650 5755; x_wconf 71' lang='grc' dir='ltr'>βιάζομέναις</span> <span class='ocrx_word' id='word_1_764' title='bbox 1708 5678 1786 5744; x_wconf 84' lang='grc' dir='ltr'>είς</span> <span class='ocrx_word' id='word_1_765' title='bbox 1817 5700 2015 5755; x_wconf 89' lang='grc' dir='ltr'>συγκα-</span> 
     </span>
    </p>
   </div>
   <div class='ocr_carea' id='block_1_93' title="bbox 2128 5149 3777 5207">
    <p class='ocr_par' dir='ltr' id='par_1_93' title="bbox 2128 5149 3777 5207">
     <span class='ocr_line' id='line_1_93' title="bbox 2128 5149 3777 5207; baseline -0.001 -1"><span class='ocrx_word' id='word_1_766' title='bbox 2128 5149 2335 5206; x_wconf 86' lang='lat' dir='ltr'><strong>cidites</strong></span> <span class='ocrx_word' id='word_1_767' title='bbox 2365 5155 2432 5206; x_wconf 88' lang='lat' dir='ltr'>ut</span> <span class='ocrx_word' id='word_1_768' title='bbox 2463 5150 2840 5207; x_wconf 69' lang='lat' dir='ltr'><strong>hasresiarcha</strong></span> <span class='ocrx_word' id='word_1_769' title='bbox 2871 5155 2929 5207; x_wconf 89' lang='lat' dir='ltr'>et</span> <span class='ocrx_word' id='word_1_770' title='bbox 2962 5152 3132 5207; x_wconf 87' lang='lat' dir='ltr'><strong>homo</strong></span> <span class='ocrx_word' id='word_1_771' title='bbox 3166 5151 3476 5207; x_wconf 86' lang='lat' dir='ltr'><strong>seditiosus</strong></span> <span class='ocrx_word' id='word_1_772' title='bbox 3499 5152 3777 5206; x_wconf 83' lang='lat' dir='ltr'><strong>condem-</strong></span> 
     </span>
    </p>
   </div>
   <div class='ocr_carea' id='block_1_94' title="bbox 2129 5239 3781 5312">
    <p class='ocr_par' dir='ltr' id='par_1_94' title="bbox 2129 5239 3781 5312">
     <span class='ocr_line' id='line_1_94' title="bbox 2129 5239 3781 5312; baseline 0.002 -18"><span class='ocrx_word' id='word_1_773' title='bbox 2129 5240 2361 5294; x_wconf 89' lang='lat' dir='ltr'><strong>nandus</strong></span> <span class='ocrx_word' id='word_1_774' title='bbox 2392 5240 2619 5309; x_wconf 86' lang='lat' dir='ltr'><strong>fuisset,</strong></span> <span class='ocrx_word' id='word_1_775' title='bbox 2652 5248 2704 5294; x_wconf 79' lang='lat' dir='ltr'>et</span> <span class='ocrx_word' id='word_1_776' title='bbox 2736 5240 2890 5297; x_wconf 75' lang='lat'>682</span> <span class='ocrx_word' id='word_1_777' title='bbox 2923 5239 3054 5296; x_wconf 82' lang='lat' dir='ltr'><strong>aliis</strong></span> <span class='ocrx_word' id='word_1_778' title='bbox 3102 5241 3288 5312; x_wconf 90' lang='lat' dir='ltr'><strong>ipsius</strong></span> <span class='ocrx_word' id='word_1_779' title='bbox 3315 5240 3580 5311; x_wconf 85' lang='lat' dir='ltr'><strong>exemplo</strong></span> <span class='ocrx_word' id='word_1_780' title='bbox 3611 5239 3781 5297; x_wconf 82' lang='lat' dir='ltr'><strong>silen-</strong></span> 
     </span>
    </p>
   </div>
   <div class='ocr_carea' id='block_1_95' title="bbox 2129 5327 3781 5402">
    <p class='ocr_par' dir='ltr' id='par_1_95' title="bbox 2129 5327 3781 5402">
     <span class='ocr_line' id='line_1_95' title="bbox 2129 5327 3781 5402; baseline 0.001 -20"><span class='ocrx_word' id='word_1_781' title='bbox 2129 5327 2272 5383; x_wconf 91' lang='lat' dir='ltr'><strong>tium</strong></span> <span class='ocrx_word' id='word_1_782' title='bbox 2339 5328 2762 5397; x_wconf 88' lang='lat' dir='ltr'><strong>imperandum,</strong></span> <span class='ocrx_word' id='word_1_783' title='bbox 2825 5338 2884 5384; x_wconf 91' lang='lat' dir='ltr'>ut</span> <span class='ocrx_word' id='word_1_784' title='bbox 2940 5331 3277 5402; x_wconf 81' lang='lat' dir='ltr'><strong>mysterium</strong></span> <span class='ocrx_word' id='word_1_785' title='bbox 3352 5346 3556 5385; x_wconf 88' lang='lat' dir='ltr'><strong>rursus</strong></span> <span class='ocrx_word' id='word_1_786' title='bbox 3633 5337 3781 5385; x_wconf 85' lang='lat' dir='ltr'><strong>esset</strong></span> 
     </span>
    </p>
   </div>
   <div class='ocr_carea' id='block_1_96' title="bbox 2130 5417 3775 5487">
    <p class='ocr_par' dir='ltr' id='par_1_96' title="bbox 2130 5417 3775 5487">
     <span class='ocr_line' id='line_1_96' title="bbox 2130 5417 3775 5487; baseline 0.001 -15"><span class='ocrx_word' id='word_1_787' title='bbox 2130 5417 2491 5487; x_wconf 85' lang='lat' dir='ltr'><strong>mysterium,</strong></span> <span class='ocrx_word' id='word_1_788' title='bbox 2520 5418 2843 5474; x_wconf 88' lang='lat' dir='ltr'><strong>disserendi</strong></span> <span class='ocrx_word' id='word_1_789' title='bbox 2901 5424 3023 5475; x_wconf 88' lang='lat' dir='ltr'><strong>arte</strong></span> <span class='ocrx_word' id='word_1_790' title='bbox 3071 5428 3127 5475; x_wconf 91' lang='lat' dir='ltr'>et</span> <span class='ocrx_word' id='word_1_791' title='bbox 3183 5419 3775 5476; x_wconf 85' lang='lat' dir='ltr'><strong>demonstrationibus</strong></span> 
     </span>
    </p>
   </div>
   <div class='ocr_carea' id='block_1_97' title="bbox 2126 5506 3775 5581">
    <p class='ocr_par' dir='ltr' id='par_1_97' title="bbox 2126 5506 3775 5581">
     <span class='ocr_line' id='line_1_97' title="bbox 2126 5506 3775 5581; baseline 0.001 -19"><span class='ocrx_word' id='word_1_792' title='bbox 2126 5523 2254 5580; x_wconf 66' lang='lat' dir='ltr'><strong>qua</strong></span> <span class='ocrx_word' id='word_1_793' title='bbox 2307 5506 2694 5562; x_wconf 87' lang='lat' dir='ltr'><strong>adversarium</strong></span> <span class='ocrx_word' id='word_1_794' title='bbox 2747 5508 3178 5578; x_wconf 81' lang='lat' dir='ltr'><strong>convincerent,</strong></span> <span class='ocrx_word' id='word_1_795' title='bbox 3211 5510 3271 5565; x_wconf 90' lang='lat' dir='ltr'>in</span> <span class='ocrx_word' id='word_1_796' title='bbox 3331 5509 3503 5565; x_wconf 84' lang='lat' dir='ltr'><strong>rebus</strong></span> <span class='ocrx_word' id='word_1_797' title='bbox 3553 5509 3775 5581; x_wconf 87' lang='lat' dir='ltr'><strong>ingenii</strong></span> 
     </span>
    </p>
   </div>
   <div class='ocr_carea' id='block_1_98' title="bbox 2128 5595 3769 5669">
    <p class='ocr_par' dir='ltr' id='par_1_98' title="bbox 2128 5595 3769 5669">
     <span class='ocr_line' id='line_1_98' title="bbox 2128 5595 3769 5669; baseline 0.002 -19"><span class='ocrx_word' id='word_1_798' title='bbox 2128 5595 2367 5650; x_wconf 84' lang='lat' dir='ltr'><strong>humani</strong></span> <span class='ocrx_word' id='word_1_799' title='bbox 2384 5604 2619 5668; x_wconf 86' lang='lat' dir='ltr'><strong>captum</strong></span> <span class='ocrx_word' id='word_1_800' title='bbox 2643 5598 3053 5654; x_wconf 83' lang='lat' dir='ltr'><strong>excedentibus</strong></span> <span class='ocrx_word' id='word_1_801' title='bbox 3073 5607 3126 5654; x_wconf 88' lang='lat' dir='ltr'>et</span> <span class='ocrx_word' id='word_1_802' title='bbox 3150 5598 3464 5654; x_wconf 81' lang='lat' dir='ltr'><strong>artiﬁcium</strong></span> <span class='ocrx_word' id='word_1_803' title='bbox 3491 5614 3769 5669; x_wconf 87' lang='lat' dir='ltr'><strong>respuen-</strong></span> 
     </span>
    </p>
   </div>
   <div class='ocr_carea' id='block_1_99' title="bbox 2126 5684 3770 5758">
    <p class='ocr_par' dir='ltr' id='par_1_99' title="bbox 2126 5684 3770 5758">
     <span class='ocr_line' id='line_1_99' title="bbox 2126 5684 3770 5758; baseline 0.002 -19"><span class='ocrx_word' id='word_1_804' title='bbox 2126 5684 2279 5739; x_wconf 90' lang='lat' dir='ltr'><strong>tibus</strong></span> <span class='ocrx_word' id='word_1_805' title='bbox 2311 5699 2453 5739; x_wconf 88' lang='lat' dir='ltr'><strong>usus</strong></span> <span class='ocrx_word' id='word_1_806' title='bbox 2483 5692 2586 5740; x_wconf 86' lang='lat' dir='ltr'><strong>est.</strong></span> <span class='ocrx_word' id='word_1_807' title='bbox 2617 5688 2962 5758; x_wconf 88' lang='lat' dir='ltr'><strong>Composuit</strong></span> <span class='ocrx_word' id='word_1_808' title='bbox 2987 5688 3162 5744; x_wconf 85' lang='lat' dir='ltr'><strong>etiam</strong></span> <span class='ocrx_word' id='word_1_809' title='bbox 3193 5687 3479 5745; x_wconf 68' lang='lat' dir='ltr'><strong>orationes</strong></span> <span class='ocrx_word' id='word_1_810' title='bbox 3516 5685 3770 5743; x_wconf 89' lang='lat' dir='ltr'><strong>catechi-</strong></span> 
     </span>
    </p>
   </div>
  </div>
