4074 6446
308 409 428 475 895

1637 404 1945 466 ΝΙΟΕΤιΕ
1988 405 2404 469 ΟΗΟΝΙΑΤΛΕ

3611 398 3747 460 896

311 553 503 618 sticas,
539 568 663 624 quae
714 551 836 607 dies
872 547 1232 621 jejuniorum
1280 543 1493 597 instare
1538 540 1876 596 nuntiarent
1904 542 1958 593 et

2071 537 2284 605 τάθεσιν
2312 541 2404 596 τὸν
2430 538 2961 615 προσδιαλεγόμενον
2996 536 3047 592 ἐν
3106 537 3230 598 τοῖς
3286 530 3583 624 ὑπερφυεσι
3641 532 3743 590 καὶ

315 642 637 698 sacerdotes
665 642 735 697 ad
770 641 825 696 id
859 647 1144 695 certamen
1177 634 1634 700 exbortarentur,
1669 629 1963 686 mentione

315 733 556 799 inserta,
590 747 761 801 quem
793 731 995 800 dogma
1020 725 1160 781 illud
1194 729 1384 779 ortum
1416 719 1708 788 habuerit,
1739 722 1795 775 et
1823 719 1960 789 quid

314 821 530 875 sentiat
586 821 707 890 ipse
762 818 1030 887 exposuit
1071 809 1574 869 :adversariorum
1627 825 1756 865 vero
1809 808 1959 864 dicta

312 910 482 981 plane
513 908 741 964 silentio
792 904 1205 969 dissimulavit,
1237 900 1674 967 refutationem,
1706 902 1771 955 ut
1813 897 1961 954 arbi-

307 1002 449 1067 tror,
482 997 698 1052 veritus
732 1015 745 1064 ;
780 999 836 1051 et
868 1011 932 1050 ea
977 992 1180 1048 tribuit
1211 990 1577 1059 adversariis,
1602 1004 1727 1059 qua
1772 1002 1960 1058 neque

311 1094 516 1142 norant
544 1101 734 1156 neque
753 1099 1012 1155 unquam
1039 1083 1378 1153 cogitarunt.
1406 1080 1551 1137 Nam
1574 1094 1704 1136 cum
1723 1078 1782 1134 in
1802 1093 1955 1150 quaa-

305 1177 491 1232 stione
521 1180 688 1239 esset,
726 1180 919 1230 utrum
954 1171 1168 1228 Christi
1220 1187 1431 1242 corpus
1462 1175 1590 1241 post
1636 1166 1957 1240 perceptio-

305 1281 439 1320 nem
487 1263 926 1334 incorruptibile
996 1264 1091 1328 sit,
1139 1262 1306 1332 quale
1354 1266 1479 1332 post
1529 1259 1855 1331 passionem
1902 1264 1958 1313 et

303 1352 781 1409 resurrectionem
833 1353 961 1421 fuit,
1004 1369 1079 1407 an
1122 1350 1497 1422 corruptibile
1545 1351 1607 1404 ut
1653 1351 1788 1405 ante
1818 1364 1952 1419 pas-

298 1444 540 1508 sionem,
576 1441 675 1496 alii
735 1440 1011 1497 dicebant
1072 1436 1534 1510 incorruptibile,
1596 1451 1747 1503 esse,
1800 1435 1951 1507 quod

299 1530 627 1587 divinorum
690 1529 1099 1601 mysteriorum
1177 1526 1465 1599 perceptio
1537 1523 1825 1582 confessio
1883 1524 1955 1580 sit

298 1626 357 1677 et
380 1620 694 1677 recordatio
728 1619 992 1690 quaedam
1028 1616 1259 1673 Domini
1285 1619 1518 1687 prepter
1540 1632 1644 1672 nos
1663 1613 1866 1670 mortui
1897 1616 1955 1670 et

301 1708 556 1773 redivivi,
591 1716 653 1763 ut
698 1722 945 1780 magnus
989 1707 1049 1762 in
1094 1706 1384 1777 theologia
1431 1703 1678 1777 Cyrillus
1724 1703 1950 1769 tradit;

304 1804 359 1853 et
389 1814 566 1869 quam
594 1804 810 1868 partem
843 1797 1092 1868 quisque
1113 1795 1421 1867 acceperit,
1454 1794 1525 1849 ab
1556 1809 1623 1849 eo
1651 1792 1948 1849 Christum

2074 628 2245 703 μηδὲν
2304 629 2499 703 ἔξωθεν
2556 629 2839 705 δεομένοις
2897 626 3332 701 ἐπιτεχνήσεως.
3403 620 3583 682 Ἀλλὰ
3638 626 3739 681 καὶ

2070 722 2523 798 κατηχητηρίους
2581 722 2851 783 συντιθεὶς
2910 717 3119 795 λόγους
3148 717 3249 786 τὴν
3296 719 3407 771 τῶν
3444 715 3739 790 νηστίμων

2073 811 2298 886 ἡμερῶν
2353 811 2686 887 προθεσμίαν
2769 807 3056 887 ἐφεστάναι
3140 802 3742 881 προκαταγγέλλοντας

2067 899 2159 955 καὶ
2205 902 2334 963 τοὺς
2369 908 2473 972 τῆς
2510 905 2887 975 πνευματικῆς
2947 894 3132 964 πάλης
3205 894 3343 970 πρὸς
3397 894 3492 950 τὸν
3550 896 3747 971 ἂγῶνα

2073 986 2499 1066 ὑπαλείφοντας,
2547 989 2603 1046 ἐν
2676 990 2829 1064 μιρει
2872 983 3235 1062 μνημονεύων
3291 985 3391 1039 τοῦ
3455 980 3742 1058 δόγματος

2068 1077 2220 1142 ὅπως
2255 1080 2353 1153 μὲν
2381 1081 2721 1151 συνεζητήθη
2754 1078 2847 1135 καὶ
2893 1077 3013 1134 τίνα
3069 1076 3135 1130 τὰ
3188 1074 3320 1150 παρ’
3375 1070 3540 1130 αὺτοῦ
3570 1070 3741 1146 δοξα-

2071 1168 2273 1243 ζόμενα
2302 1170 2629 1248 καὶᾶφασιν
2688 1169 2746 1224 οἱ
2802 1166 3115 1247 ἀντίφρονες
3173 1166 3357 1238 σιωπῇ
3404 1160 3735 1239 παρεδίδου,

2066 1258 2222 1331 οἶμαι
2277 1260 2379 1328 τήν
2441 1259 2727 1333 ἀντίφασιν
2791 1254 3202 1330 ἐκτρεπόμενος,
3257 1257 3341 1327 τῷ
3379 1250 3438 1309 δὶ
3492 1251 3735 1330 δόγμικτι

2064 1342 2384 1404 ἐπιϐάλλων
2443 1347 2618 1404 ἐκεῖνα
2673 1352 2838 1403 κινῶν
2897 1343 3264 1420 κατηγόρευεν
3318 1343 3354 1397 ἅ
3408 1340 3525 1399 οὒδ⁹
3578 1341 3736 1406 ὅλως

2064 1433 2261 1512 ¹ᾔδεσαν
2293 1440 2377 1512 [Ρ.
2409 1439 2536 1513 333]
2569 1434 2686 1494 οὐδ’
2716 1432 3020 1493 ἑϐάλλοντό
3068 1453 3201 1490 ποτε
3247 1431 3387 1489 κατά
3413 1429 3563 1491 νοῦν.
3615 1439 3735 1505 Ζηο

2060 1529 2271 1599 τήσεως
2324 1529 2429 1605 γὰρ
2485 1525 2654 1601 οὔσης
2712 1527 2759 1583 εἴ
2828 1526 2893 1583 τὸ
2955 1517 3513 1600 μεταλαμϐανόμενον
3574 1522 3734 1598 ἅγιον

2064 1622 2224 1692 σῶμα
2254 1621 2494 1694 Χριστοῦ
2524 1616 2797 1698 ἄφθαρτόν
2829 1614 2995 1687 ἑστιν,
3027 1615 3219 1671 ὁποῖον
3251 1612 3388 1687 μετὰ
3431 1613 3494 1668 τὸ
3553 1613 3732 1678 πάθος

2062 1706 2153 1763 καὶ
2209 1708 2310 1777 τὴν
2358 1707 2662 1778 ἀνάστασιν,
2707 1704 2821 1763 εἴτε
2862 1707 2977 1779 μὴν
3030 1703 3267 1782 φθαρτὸν
3315 1703 3393 1767 ὡς
3451 1701 3561 1778 πρὸ
3625 1706 3730 1760 τοῦ

2061 1798 2290 1868 πάθους,
2348 1798 2401 1853 οἱ
2472 1798 2567 1870 μὶν
2620 1794 2813 1872 ἔλεγον
2873 1793 3167 1869 ἃφθαρτον·
3247 1790 3553 1869 ὁμολογίαν
3613 1793 3723 1869 γάρ

309 1887 594 1957 integrum
617 1885 833 1956 percipi
854 1899 1020 1956 quem
1045 1884 1298 1940 Thomas
1316 1883 1578 1954 palparit,
1595 1896 1841 1952 eumque
1860 1896 1949 1936 co-

2066 1906 2178 1941 τινα
2227 1886 2317 1942 καὶ
2375 1886 2674 1960 ἀνάμνησιν
2727 1885 2862 1942 εῖναι
2919 1887 3017 1940 τοῦ
3065 1880 3309 1948 τεθνάναι
3348 1883 3407 1938 τι
3435 1881 3527 1938 καὶ
3585 1881 3722 1939 ἀνα-

309 1977 464 2031 medi
484 1982 611 2049 post
631 1976 1132 2039 resurrectionem,
1152 1974 1484 2030 utJoannes
1514 1971 1957 2046 Cbrysostomus

303 2066 556 2122 affirmat
587 2065 677 2120 his
709 2065 892 2121 verbis
926 2082 940 2122 :
988 2066 1074 2121 σιΟ
1102 2082 1223 2120 rem
1256 2067 1462 2120 miram
1505 2064 1516 2119 l
1548 2064 1645 2134 qui
1669 2063 1737 2118 ad
1765 2063 1956 2117 dexte-

301 2174 423 2213 ram
489 2156 677 2213 Patris
734 2157 915 2221 sedet,
951 2156 1009 2211 in
1071 2161 1338 2211 nostrum
1388 2158 1761 2226 peccatorum
1792 2151 1949 2207 688

301 2247 574 2303 manibus
621 2245 936 2301 invenitur.
970 2266 998 2295 »
1033 2250 1172 2300 Item
1209 2262 1223 2301 :
1256 2266 1284 2295 «
1325 2246 1702 2313 Quacumque
1732 2252 1951 2313 partem

301 2335 610 2407 acceperis,
636 2352 769 2391 eum
802 2339 987 2390 totum
1012 2335 1248 2407 accipis,
1281 2335 1430 2405 quia
1451 2332 1670 2389 Thoma
1688 2330 1956 2404 palpalus

303 2431 408 2482 est.
446 2447 473 2475 »
505 2426 567 2480 Et
621 2424 733 2479 alio
765 2424 890 2479 loco
923 2440 937 2479 :
973 2447 1002 2473 «
1036 2424 1256 2480 Floruit
1309 2423 1367 2477 in
1419 2422 1562 2493 lege,
1596 2421 1849 2478 adolevit
1895 2423 1952 2477 in

300 2514 616 2586 prophetis.
653 2512 928 2568 maturuit
956 2512 1014 2567 in
1040 2528 1233 2579 cruce,
1258 2512 1585 2569 comeditur
1614 2518 1741 2582 post
1770 2527 1957 2567 resur-

300 2603 641 2659 rectionem.
665 2602 859 2674 Neque
879 2602 1032 2658 enim
1052 2601 1214 2658 aliud
1239 2602 1291 2656 id
1317 2609 1405 2657 est
1430 2602 1584 2672 quod
1613 2600 1953 2672 percipitur,

302 2708 475 2765 quam
534 2691 677 2746 illud
737 2707 951 2762 corpus
1009 2692 1156 2761 quod
1216 2695 1403 2745 morte
1460 2693 1735 2760 superata
1782 2690 1953 2744 vitam

296 2791 550 2837 nostram
603 2780 967 2850 auspicatum
1002 2786 1109 2836 est.
1163 2779 1236 2835 Ut
1265 2780 1417 2836 enim
1452 2795 1656 2849 parum
1690 2778 1955 2835 fermenti

294 2876 478 2927 totam
511 2885 758 2925 massam
794 2870 1097 2925 fermentat
1145 2873 1203 2923 et
1236 2868 1347 2924 sibi
1380 2868 1637 2923 similem
1665 2872 1721 2924 et
1754 2884 1952 2938 parem

298 2959 508 3029 reddit,
539 2968 596 3014 ut
629 2960 797 3015 divus
849 2958 1159 3028 Apostolus
1217 2959 1301 3014 ait
1331 2975 1344 3013 :
1379 2957 1460 3014 sic
1498 2958 1830 3015 immortale
1861 2959 1950 3014 fa-

302 3054 466 3106 ctum
519 3049 621 3104 Dcl
661 3064 893 3119 corpus,
926 3063 1058 3103 cum
1119 3047 1177 3103 in
1204 3057 1398 3103 nostro
1457 3063 1696 3119 corpore
1753 3048 1950 3116 fuerit,

302 3143 486 3195 totum
519 3138 573 3192 id
605 3139 665 3193 in
698 3154 758 3192 se
789 3144 1095 3192 commutat
1135 3142 1192 3191 et
1223 3138 1512 3193 transfert.
1538 3158 1567 3188 »
1616 3136 1705 3192 Ait
1741 3144 1791 3193 et
1825 3153 1951 3193 ma-

302 3244 451 3299 gnus
482 3226 801 3299 Entychius
835 3242 848 3280 :
884 3247 913 3275 «
935 3226 1138 3281 Totum
1173 3226 1348 3295 igitur
1365 3230 1790 3282 sacrosanctum
1822 3243 1947 3282 cor-

303 3335 414 3389 pus
450 3321 508 3373 et
539 3316 855 3386 pretiosum
884 3316 1231 3386 sanguinem
1259 3315 1489 3371 Domini
1515 3316 1723 3387 accipit
1758 3318 1949 3385 homo,

306 3406 418 3462 etsi
450 3406 655 3461 horum
706 3415 922 3475 partem
945 3403 1194 3475 aliquam
1248 3404 1552 3475 acceperit.
1581 3405 1960 3462 Distribuitur

301 3496 457 3553 enim
490 3494 925 3566 impartibililer
956 3494 1108 3550 inter
1139 3510 1345 3551 omnes
1380 3501 1611 3566 prepter
1640 3495 1955 3552 immistio-

304 3601 460 3655 nem,
485 3589 546 3640 ut
570 3600 752 3639 unum
786 3581 1042 3653 sigillum
1077 3599 1281 3641 omnes
1328 3584 1611 3655 imagines
1644 3600 1772 3640 suas
1799 3584 1962 3641 omni

312 3675 560 3732 materiis
622 3672 925 3743 imprimit,
985 3679 1044 3727 et
1098 3687 1274 3729 unum
1343 3682 1530 3729 manet
1595 3674 1763 3730 etiam
1836 3684 1961 3745 post

311 3762 919 3831 communicationem,
957 3778 1073 3818 non
1099 3762 1637 3833 imminutum,non
1671 3772 1956 3821 mutatum

308 3855 371 3908 in
398 3870 465 3909 ea
495 3854 553 3907 in
586 3852 796 3923 quibus
827 3867 1165 3922 expressum
1220 3861 1328 3920 est,
1360 3854 1469 3909 etsi
1499 3870 1743 3910 numero
1799 3854 1963 3926 plura

313 3943 553 3999 fuerint.
592 3942 922 4010 Eodemque
949 3941 1120 3995 modo
1142 3957 1259 3997 una
1287 3958 1399 3997 vox
1421 3942 1491 3997 ab
1517 3942 1716 4015 aliquo
1740 3942 1966 4015 prolata

313 4037 369 4090 et
400 4032 460 4088 in
486 4049 614 4088 aere
645 4032 880 4099 diffusa,
913 4032 972 4087 in
1006 4046 1074 4087 eo
1106 4031 1204 4103 qui
1240 4047 1364 4087 eam
1421 4032 1659 4103 protulit
1690 4037 1806 4089 tota
1835 4050 1963 4089 ma-

311 4128 429 4188 net,
461 4126 518 4179 et
550 4138 648 4192 per
696 4137 888 4178 aerem
921 4126 1039 4177 tota
1070 4122 1139 4176 ad
1164 4137 1331 4177 aures
1388 4123 1700 4192 perfertur,
1733 4123 1966 4180 nemine

309 4212 633 4268 auditorum
695 4212 820 4281 plus
882 4212 1149 4266 minusve
1222 4210 1754 4283 percipiente:sed
1809 4212 1967 4269 684

313 4305 431 4358 tota
470 4308 550 4357 est
599 4300 996 4367 indivisibilis,
1027 4306 1084 4356 et
1139 4301 1364 4374 integra
1413 4303 1563 4373 apud
1603 4318 1827 4373 omnes,
1858 4301 1964 4359 etsi

318 4391 519 4448 decem
551 4388 798 4444 millium
848 4404 1161 4445 numerum
1199 4394 1498 4462 superent,
1521 4393 1790 4462 quamvis
1839 4392 1966 4463 ipsa

311 4495 520 4550 corpus
570 4480 666 4536 sit.
732 4478 929 4552 Neque
959 4480 1112 4535 enim
1166 4480 1324 4535 aliud
1380 4489 1467 4537 est
1518 4498 1622 4538 vox
1668 4498 1836 4553 quam
1870 4498 1966 4537 aer

311 4569 479 4624 ictus.
541 4567 723 4623 Nemo
786 4568 960 4640 igitur
1013 4570 1289 4639 ambigat,
1325 4570 1462 4640 quin
1523 4569 1966 4641 incorruptibile

2061 1971 2256 2031 ϐιῶναι
2290 1974 2363 2031 δι’
2393 1978 2542 2049 ἡμᾶς
2592 1977 2686 2031 τὸν
2749 1975 2952 2050 Κύριον
2990 1974 3092 2043 τὴν
3155 1976 3262 2029 τῶν
3315 1971 3475 2037 θείων
3511 1993 3723 2046 μυστη-

2065 2065 2193 2138 ρίων
2301 2063 2611 2140 μετάληψιν
2682 2064 2817 2120 κατά
2890 2062 2983 2121 τὸν
3063 2062 3231 2139 μέγαν
3335 2059 3387 2116 ἐν
3463 2059 3728 2137 θεολογίᾳ

2061 2153 2365 2229 Κύριλλον,
2406 2152 2500 2210 καὶ
2532 2155 2607 2217 ὡς
2668 2156 2699 2209 ὅ
2737 2151 2796 2209 ἄν
2871 2152 3035 2228 μέρος
3081 2172 3166 2214 τις
3225 2148 3465 2223 δὲξηται,
3515 2151 3725 2208 ἐκεῖνον

2060 2240 2365 2322 εἰσδέχεται
2430 2241 2563 2299 ὅλον
2600 2244 2693 2299 τὸν
2742 2244 2890 2316 παρὰ
2938 2246 3034 2297 τοῦ
3063 2246 3237 2314 Θωμᾶ
3305 2241 3732 2320 ψηλαφηθέντα,

2061 2332 2154 2388 καὶ
2186 2333 2260 2396 ὡς
2300 2331 2535 2398 ἐσθίεται
2569 2334 2704 2406 μετὰ
2751 2335 2853 2403 τὴν
2910 2332 3221 2402 ἀνάστασιν,
3260 2330 3441 2396 καθὼς
3496 2332 3525 2386 ὁ
3580 2350 3734 2408 χρυ-

2067 2427 2201 2487 σοῦς
2226 2424 2327 2492 τὴν
2366 2422 2617 2499 γλῶτταν
2658 2422 2913 2494 Ἰωάννης
2971 2422 3106 2500 φησὶ
3162 2422 3301 2498 πρὸς
3354 2426 3474 2485 τοῖς
3529 2420 3739 2495 δπομὲ-

2059 2530 2201 2576 νοις·
2242 2535 2270 2567 ε
2323 2519 2390 2568 Ὠ
2435 2516 2536 2569 τοῦ
2595 2512 2920 2586 θαύματοςί
2981 2512 3010 2566 ὁ
3059 2510 3113 2567 ἐν
3171 2509 3318 2584 δεξιᾷ
3370 2514 3471 2566 τοῦ
3523 2512 3740 2586 Πατρὸς

2063 2602 2400 2675 καθήμενος,
2466 2603 2523 2657 ἐν
2579 2607 2698 2665 ταῖς
2758 2602 2946 2678 χερσὶν
3039 2602 3201 2674 ἡμῶν
3262 2599 3567 2674 εὑρίσκεται
3624 2605 3737 2657 τῶν

2062 2688 2440 2767 ἁμαρτωλῶν·
2477 2714 2503 2743 υ
2544 2692 2635 2747 καὶ
2664 2689 2857 2747 πάλιν’
2907 2713 2937 2744 ‹‹
3002 2692 3271 2762 ’Ἠνθησεν
3330 2687 3384 2744 ἐν
3440 2693 3521 2762 τῷ
3549 2691 3732 2765 νόμῳ,

2066 2777 2300 2852 ηὔξησεν
2359 2780 2412 2836 ἐν
2468 2786 2589 2844 τοῖς
2619 2782 2959 2858 προφήταις,
2991 2778 3265 2855 ὡρίμασεν
3299 2778 3354 2835 ἐν
3382 2783 3465 2853 τῶ
3490 2784 3732 2854 σταυρῷ,

2061 2869 2293 2926 ἐσθίεται
2329 2871 2466 2945 μετὰ
2495 2872 2596 2940 τὴν
2629 2870 2940 2926 ἀνάστασινσ
2973 2893 3002 2923 »
3036 2870 3128 2925 καὶ
3183 2869 3323 2944 πρὸς
3374 2869 3593 2932 τούτοις
3649 2869 3730 2932 ὡς

2062 2981 2092 3011 α
2125 2954 2278 3014 ούδὶν
2315 2955 2501 3033 ἕτερόν
2533 2958 2677 3015 ἐστιν
2705 2960 2741 3029 ἢ
2773 2956 2945 3014 ἰκεῖνο
2973 2958 3035 3013 τὸ
3090 2961 3252 3030 σῶμα
3282 2957 3312 3013 ὅ
3358 2961 3455 3013 τοῦ
3498 2954 3718 3011 θανάτου

2059 3052 2311 3122 κρεῖττον
2342 3045 2567 3123 ἐδείχθη
2598 3048 2688 3104 καὶ
2717 3054 2818 3118 τῆς
2877 3052 3025 3119 ζωῆς
3074 3048 3237 3122 ἡμῶν
3292 3044 3717 3123 προκατήρξατω

2058 3138 2302 3213 καθάπερ
2330 3138 2434 3214 γὰρ
2472 3136 2639 3212 μικρᾶ
2669 3137 2840 3211 ζύμη,
2900 3138 3040 3202 καθά
3097 3157 3260 3214 φησιν
3308 3137 3337 3193 ὁ
3366 3133 3729 3221 Ἀπόστολος,

2063 3225 2193 3284 ὅλον
2223 3227 2287 3283 τὸ
2344 3227 2570 3304 φύραμα
2635 3227 2773 3301 πρὸς
2831 3227 3030 3295 ἑαυτὴν
3089 3225 3339 3299 ἐξομοιοῖ
3390 3225 3485 3281 καὶ
3538 3224 3736 3297 ἰσάζει,

2064 3318 2211 3373 οὕτω
2265 3318 2354 3374 καὶ
2417 3318 2481 3374 τὸ
2547 3317 2898 3382 ἀθανατισθὶν
2956 3320 3057 3373 τοῦ
3119 3321 3256 3372 Θεοῦ
3316 3319 3480 3385 σῶμα
3557 3313 3612 3370 ἔν
3655 3319 3740 3387 τῷ

2062 3401 2321 3483 ἡμετέρῳ
2348 3406 2643 3482 γενόμενον
2692 3407 2911 3481 σώματι
2970 3404 3103 3462 ὅλον
3163 3406 3300 3478 πρὸς
3349 3403 3510 3461 ἑαυτό
3571 3425 3742 3479 μετα-

2064 3503 2214 3554 ποιεῖ
2239 3499 2329 3553 καὶ
2367 3495 2774 3570 μετατίθησιν.υ
2798 3495 3028 3552 Κὶκεῖνα
3062 3493 3120 3551 δὲ
3147 3499 3258 3552 τῶν
3279 3498 3377 3552 τοῦ
3403 3493 3738 3569 λαμπτῆρος

2063 3593 2167 3657 τῆς
2209 3584 2540 3657 Ἐκκλησίας
2570 3583 2850 3662 Εὐτυχίου
2879 3585 3240 3660 προυτίθεσαν
3270 3580 3472 3658 ἕτερον
3506 3607 3537 3636 ‹‹
3565 3581 3737 3641 Ὀλον

2067 3677 2165 3732 οὗν
2195 3676 2259 3732 τὸ
2291 3675 2431 3730 ἅπαν
2486 3671 2638 3750 ἅγιον
2691 3678 2855 3749 σῶμα
2890 3676 2980 3729 καὶ
3016 3675 3080 3730 τὸ
3109 3673 3296 3747 τίμιον
3325 3674 3470 3747 αἷμα
3495 3676 3592 3728 τοῦ
3622 3676 3741 3730 Κυ-

2068 3766 2189 3841 ρίου
2221 3762 2466 3840 δέχεται,
2498 3763 2597 3820 κᾶν
2629 3765 2677 3819 εἰ
2711 3763 2877 3840 μέρος
2905 3783 2993 3828 τις
3040 3763 3253 3821 τούτων
3294 3760 3531 3834 δέξηται.
3564 3762 3742 3838 Μερί-

2070 3860 2218 3926 ζεται
2241 3854 2345 3932 γὰρ
2375 3854 2687 3929 ἀμερίστως
2711 3851 2768 3910 εν
2802 3856 2969 3910 ἅπασι
3024 3850 3116 3910 διδ.
3141 3853 3245 3923 τὴν
3277 3849 3524 3927 ἔμμιειν,
3554 3851 3743 3916 καθὼς

2066 3946 2160 4002 καὶ
2199 3946 2431 4023 σφραγὶς
2501 3945 2599 4019 μία
2648 3946 2824 4001 πάντα
2871 3946 2938 4000 τὰ
3007 3944 3377 4019 ὶκτυπώματα
3416 3945 3588 4015 αὐτῆς
3642 3947 3737 4002 καὶ

2072 4036 2421 4116 μορφώματα
2474 4039 2592 4098 τοῖς
2657 4030 3172 4109 μεταλαμϐανουσιν
3236 4030 3589 4108 μεταδίδωσι,
3642 4035 3740 4090 καὶ

2072 4128 2172 4201 μία
2202 4126 2348 4200 μένει
2378 4126 2472 4181 καὶ
2507 4126 2648 4199 μετᾶ
2703 4126 2805 4194 τήν
2850 4122 3168 4198 μετάδοσιν,
3229 4122 3325 4179 ούγ
3368 4123 3739 4198 ὲλαττουμὲνη

2068 4212 2197 4272 οὖδὶ
2243 4212 2624 4288 ἀλλοιουμὲνη
2693 4213 2832 4288 πρὸς
2881 4214 2949 4269 τὰ
3011 4212 3339 4292 μετέχοντα,
3397 4212 3497 4269 κᾶν
3569 4215 3609 4285 ᾗ
3657 4219 3744 4288 τῷ

2068 4304 2291 4380 ἀριθμῷ
2344 4302 2600 4359 πλείονα·
2660 4300 2698 4374 ἤ
2766 4301 2858 4359 καὶ
2915 4302 2992 4368 ὡς
3049 4302 3151 4378 μία
3207 4303 3364 4377 φωνή
3430 4303 3534 4359 ὑπό
3589 4324 3745 4367 τινος

2068 4399 2412 4473 προαχθεῖσα
2439 4392 2532 4449 καὶ
2593 4391 2674 4455 εἲς
2731 4392 2862 4469 ἀέρα
2917 4394 3149 4469 χυθεῖσα
3175 4393 3266 4449 καὶ
3320 4391 3373 4448 ὲν
3403 4396 3484 4466 τῷ
3536 4392 3740 4464 ταύτην

2068 4484 2363 4559 προεμένῳ
2414 4487 2563 4538 πᾶσα
2630 4483 2779 4555 μὲνει
2832 4480 2923 4537 καὶ
2993 4481 3048 4537 ἐν
3119 4485 3203 4555 τῷ
3269 4480 3388 4556 ἀίρι
3470 4483 3739 4557 γενομένη

2069 4578 2215 4629 πᾶσα
2296 4576 2418 4635 ταῖς
2520 4571 2712 4632 ἀκοαῖς
2811 4572 3027 4627 πάντων
3127 4569 3446 4644 ιναπετὲθη,
3523 4568 3741 4634 οὐδενὸς

316 4666 446 4729 post
476 4658 783 4730 mysticum
818 4658 1168 4714 sacrificium
1201 4662 1259 4715 et
1290 4665 1544 4715 sanctam
1576 4668 1628 4715 et
1658 4658 1958 4716 immorta-

2069 4659 2264 4718 πλεῖον
2293 4660 2329 4731 ἢ
2362 4655 2590 4717 ἔλαττον
2644 4663 2744 4716 τοῦ
2802 4661 2988 4736 δτὲρου
3042 4663 3155 4714 τῶν
3188 4659 3531 4716 ἀκουσάντων
3564 4657 3741 4716 εἰσδε-

314 4748 430 4804 lem
463 4748 970 4814 resurrectionem,
1006 4755 1267 4804 sanctum
1304 4752 1359 4802 et
1393 4748 1684 4804 viviﬁcum
1729 4765 1967 4820 corpus,

316 4838 558 4911 sanguis
585 4838 808 4894 Domini
839 4854 936 4907 per
956 4838 1322 4895 sacrificiain
1359 4854 1449 4896 res
1480 4839 1698 4895 solidas
1726 4838 1967 4911 imposi-

314 4931 431 4993 tus,
465 4929 657 4984 minus
679 4944 857 5000 quam
889 4936 1343 4985 Commemorata
1367 4927 1633 4998 exempla
1665 4946 1802 4984 suas
1824 4928 1968 4985 vires

318 5017 593 5072 minuens
614 5017 971 5086 exprimatur
1001 5023 1058 5073 et
1083 5027 1234 5074 totus
1285 5016 1345 5072 in
1393 5017 1529 5071 totis
1560 5016 1899 5073 inveniatur.
1937 5039 1965 5068 ››

315 5106 416 5161 His
449 5124 580 5177 ergo
612 5108 734 5163 haec
783 5108 1211 5180 proferentibus
1246 5113 1304 5162 et
1349 5107 1460 5162 alia
1505 5107 1754 5178 plurima
1803 5109 1968 5165 testi-

314 5194 515 5251 monia
565 5196 827 5252 Ecclesiae
878 5198 1220 5265 citantibus,
1254 5197 1489 5264 alteros,
1519 5196 1577 5250 id
1629 5197 1963 5269 mysterium

315 5304 432 5344 non
488 5288 909 5343 confessionem
972 5287 1433 5353 resurrectionis,
1461 5287 1565 5343 sed
1609 5289 1961 5347 sacriﬁcium

319 5380 596 5433 duntaxat
630 5393 774 5442 esse,
809 5386 862 5434 et
889 5378 1127 5447 proinde
1156 5377 1527 5448 corruptibile
1574 5382 1632 5433 et
1673 5395 1876 5437 amens
1907 5385 1964 5437 et

314 5466 569 5522 inamine
604 5484 618 5532 ;
652 5466 721 5520 ad
746 5466 895 5537 quod
924 5467 1020 5537 qui
1042 5466 1291 5532 accedat,
1323 5482 1435 5521 non
1462 5470 1640 5522 totum
1663 5467 1961 5526 Christum

313 5554 590 5625 percipiat
649 5556 745 5611 sed
807 5564 1047 5625 partem,
1103 5560 1164 5610 ut
1215 5556 1315 5625 qui
1377 5564 1594 5626 partem
1659 5558 1957 5629 percipiat.

314 5644 459 5699 Nam
492 5646 562 5711 si,
596 5645 891 5715 inquiunt,
916 5644 1359 5716 incorruptibile
1381 5650 1557 5714 esset,
1588 5648 1767 5703 etiam
1796 5664 1958 5704 men-

311 5732 391 5789 tis
409 5740 557 5789 esset
582 5733 867 5806 particeps
910 5740 964 5790 et
983 5732 1302 5791 animatum
1333 5738 1391 5790 et
1434 5735 1693 5793 intactile
1722 5741 1780 5793 et
1830 5737 1958 5795 ina-

2076 4751 2344 4827 χομὲνου,
2377 4748 2526 4806 ἀλλὰ
2563 4748 2669 4822 ὅλη
2728 4748 2871 4806 ἐστὶν
2920 4746 3223 4825 ἀδιαίρετος
3278 4748 3371 4805 καὶ
3425 4748 3739 4824 ὁλόκληρος

2076 4842 2222 4917 παρὰ
2267 4846 2423 4911 πᾶσι,
2479 4838 2576 4896 κείν
2628 4839 2817 4914 μύριοι
2856 4839 2949 4896 τὸν
2988 4839 3218 4913 ἀριθμὸν
3271 4838 3310 4909 ἢ
3339 4838 3572 4901 πλείους
3602 4838 3734 4894 ὦσιν

2076 4932 2128 4988 οἱ
2224 4931 2574 5002 ἀκούσαντες,
2623 4929 2809 4987 καίτοι
2914 4934 3073 5004 σῶμα
3173 4929 3521 5006 ὑπάρχουσαο
3581 4927 3731 4985 οὐδὲν

2073 5019 2176 5098 γὰρ
2227 5015 2412 5093 ἕτερόν
2471 5017 2586 5074 ἐστι
2642 5020 2678 5089 ἢ
2734 5015 3134 5095 πεπληγμένος
3187 5015 3318 5090 ἀήρ.
3372 5014 3577 5090 Μηδεὶς
3632 5013 3724 5068 οὖν

2074 5103 2414 5187 ἀμφιϐολίαν
2448 5102 2647 5183 ἐχίτω,
2712 5107 2776 5162 τὸ
2834 5105 3105 5185 ἄφθαρτον
3154 5107 3289 5181 μετά
3318 5108 3419 5176 τήν
3469 5102 3723 5178 μυστικήν

2073 5195 2386 5274 ἱερουργίαν
2447 5195 2539 5251 καὶ
2596 5196 2697 5265 τήν
2757 5195 2915 5271 ἁγίαν
2975 5194 3264 5251 ἀνάστασιν
3334 5193 3417 5250 καὶ
3471 5191 3730 5256 ἀθάνατον

2073 5286 2166 5342 καὶ
2227 5284 2380 5358 ἅγιον
2452 5283 2543 5340 καὶ
2620 5284 2890 5354 ζωοποιὸν
2969 5284 3112 5357 αἷμα
3186 5285 3283 5340 τοῦ
3353 5280 3557 5359 Κυρίου
3620 5285 3741 5342 τοῖς

2072 5372 2394 5437 ἀντιτύποις
2420 5371 2760 5447 ἑντιθὲμενον
2817 5370 2908 5429 διὰ
2971 5377 3079 5429 τῶν
3139 5374 3467 5451 ἱερουργιῶν
3515 5366 3739 5427 ἔλαττον

2070 5468 2180 5520 τῶν
2252 5464 2668 5539 προειρημένων
2772 5459 3235 5539 παραδειγμάτων
3341 5463 3441 5527 τὰς
3544 5460 3746 5525 οῗκείας

2067 5553 2575 5629 εναπομόργνυσθαι
2653 5549 2945 5625 δυνάμεις,
3021 5552 3147 5609 ἀλλ’
3224 5551 3357 5609 ὅλον
3431 5551 3488 5608 ἰν
3590 5549 3748 5617 ὅλοις

2069 5641 2434 5722 εὑρίσκεσθαι.
2468 5667 2498 5696 ››
2563 5645 2687 5702 Τῶν
2749 5643 2845 5717 μὶν
2908 5642 3001 5699 οὗν
3059 5646 3230 5700 ταῦτα
3302 5645 3748 5719 προτεινομένων

2068 5734 2162 5792 καὶ
2240 5735 2543 5813 μαρτυρίας
2616 5729 2793 5797 ἄλλας
2887 5730 3153 5798 πλείστας
3226 5738 3329 5805 τῆς
3408 5729 3751 5809 Ἐκκλησίας
