4074 6482
374 412 495 475 897

366 542 795 620 παραγαγόντων
834 584 849 611 ,

375 634 687 713 φασκόντων
760 631 838 704 μὴ
894 630 987 686 καὶ
1069 631 1408 693 ἀναστάσεως
1491 631 1820 708 ὁμολογίαν,
1877 629 2026 687 ἀλλά

372 724 556 782 θυσίαν
595 724 767 797 μόνην
815 722 879 776 τὸ
938 719 1266 795 τελούμενον
1320 723 1477 795 εἶναι,
1506 724 1598 778 καὶ
1631 723 1864 800 φθαρτὸν
1899 722 2024 776 ἀκο-

370 813 586 877 λούθως
617 812 709 867 καὶ
760 809 922 867 ἄνουν
953 811 1042 866 καὶ
1100 808 1337 890 ἄψυχον,
1390 808 1534 884 μηδὲ
1582 812 1675 867 τὸν
1730 815 1799 885 τῇ
1854 830 2026 883 μετα-

370 903 543 979 λήψει
576 901 879 976 προσιόντα
913 904 999 976 [Ρ.
1033 902 1160 975 334]
1190 901 1320 958 ὅλον
1354 898 1608 977 δέχεσθαι
1637 902 1729 956 τὸν
1771 901 2029 975 Χριστὸν,

369 991 517 1049 ἀλλά
548 992 716 1067 μέρος
748 991 823 1052 ὡς
861 992 950 1046 καὶ
991 989 1191 1065 μέρους
1234 985 1746 1065 μεταλαμϐάνοντα.
1805 987 1873 1046 Εἴ
1928 988 2031 1062 γὰρ

366 1083 456 1153 ἦν,
480 1081 665 1159 φησὶν,
697 1080 975 1159 ἄφθαρτον
1003 1081 1094 1135 καὶ
1126 1072 1307 1135 ἔννουν
1337 1078 1428 1135 καὶ
1478 1073 1752 1155 ἔμψυχον,
1821 1079 1887 1146 ἦν
1941 1076 2030 1131 καὶ

367 1173 557 1249 ἀναφὲς
602 1172 692 1225 καὶ
775 1170 1019 1239 ἀθέατον,
1107 1167 1238 1243 μηδ’
1313 1166 1500 1225 ὀδοῦσι
1565 1169 1884 1244 κειρόμενον
1942 1166 2032 1222 καὶ

363 1257 884 1335 ἀληθόμενον,οὖδ’
945 1258 998 1315 ἐν
1062 1263 1146 1332 τῷ
1199 1260 1435 1334 τμᾶσθαι
1505 1256 1778 1333 μηδαμῶς
1832 1256 2035 1332 δυσχε-

366 1356 554 1427 ραῖνον
604 1352 694 1407 καὶ
727 1347 1100 1424 ὀδυνώμενον,
1159 1348 1277 1405 ἐπεὶ
1329 1350 1420 1405 καὶ
1476 1350 1551 1413 ὡς
1599 1350 1647 1405 εί
1703 1354 1813 1404 τῶν
1842 1347 2035 1422 σωμά-

360 1460 471 1496 των
526 1440 753 1511 ἠθέτουν
813 1439 916 1509 τὴν
1005 1435 1237 1515 ἔγερσιν,
1293 1433 1524 1518 ἔφασκον
1603 1434 1816 1513 (εἰδεῖεν
1869 1434 1916 1491 δ’
1976 1432 2036 1493 ἄν

363 1531 540 1604 ὅπως)
599 1527 798 1585 ἐκεῖνοι
869 1528 1106 1592 ἐσεῖσθαι
1193 1530 1345 1601 ἡμᾶς
1399 1529 1532 1601 μετὰ
1586 1528 1686 1596 τὴν
1743 1527 2034 1582 ἀνάστασιν

369 1618 483 1698 ἀφῇ
521 1638 580 1673 τε
627 1620 718 1672 καὶ
749 1618 937 1693 ὁράσει
981 1616 1073 1672 καὶ
1112 1618 1367 1692 σχήματι
1397 1616 1722 1692 ἀνθρωπείῳ
1756 1637 1831 1690 μη
1846 1612 2037 1689 δαμῶς

364 1709 808 1779 ὑποπίπτοντας,
870 1707 1020 1766 ἀλλὰ
1073 1710 1213 1765 κατὰ
1300 1709 1398 1772 τὰς
1486 1709 1813 1783 ἀσωμάτους
1882 1708 2038 1771 σκιὰς

371 1799 682 1869 ἀίσσοντας,
741 1799 834 1856 καὶ
889 1797 979 1856 διὰ
1024 1804 1134 1856 τῶν
1192 1797 1599 1873 κεκλεισμένων
1652 1801 1830 1873 θυρῶν
1900 1799 2041 1854 εἰσέ-

1229 412 1331 473 DE
1373 413 1657 478 ALEXIO
1699 408 1985 476 ISAAClI
2026 407 2315 472 ANGELI
2361 409 2486 472 FR.
2534 409 2683 472 LIB.
2729 410 2839 473 III.

952 546 1064 597 τῶν
1138 539 1185 597 δ’
1261 542 1322 598 ἐκ
1392 550 1494 613 τῆς
1571 544 1754 618 ἑτέρας
1834 542 2027 618 μοίρας

2148 543 2489 611 spectabile,
2520 560 2710 616 neque
2741 543 3015 601 dentibus
3066 545 3425 603 scinderetur
3455 555 3510 605 (ί
3567 554 3815 612 molere-

3686 420 3807 483 898

2138 640 2254 700 tur,
2286 641 2344 691 et
2368 636 2425 691 in
2452 635 2785 692 scindendo
2817 635 3035 691 nullam
3075 639 3317 693 omnino
3360 641 3683 699 molestiam
3718 651 3818 702 aut

2137 721 2397 777 dolorem
2431 724 2726 792 sentiret;
2762 724 3095 796 praesertim
3134 740 3265 780 cum
3308 727 3811 788 sacriﬁcusdicat:

2141 832 2169 861 ‹‹
2202 811 2326 876 Qui
2351 811 2601 868 comedit
2635 828 2746 880 me,
2781 814 2953 869 vivet.
2977 814 3479 878 Quemadmodum
3531 818 3694 876 misit
3724 838 3814 877 me

2155 903 2348 971 Pater,
2384 909 2442 959 et
2475 920 2578 975 ego
2629 898 2762 961 vivo
2796 911 3030 976 propter
3100 904 3345 959 Patrem.
3381 928 3409 957 η
3462 910 3635 975 Quasi
3681 927 3811 967 cum

2144 990 2298 1047 malo
2331 993 2527 1048 animo
2568 1001 2625 1050 et
2683 994 2978 1053 voluntate
3026 1004 3244 1053 tantam
3304 997 3695 1069 ignorantiam
3755 1005 3812 1057 et

2145 1079 2296 1136 685
2352 1083 2682 1137 vecordiam
2750 1101 2810 1139 se
2872 1092 3246 1158 conjunxisse
3288 1093 3619 1145 faterentur.
3669 1089 3814 1144 Nam

2155 1167 2441 1237 baptisma
2480 1187 2583 1240 pro
2615 1171 2995 1230 similitudine
3024 1177 3226 1234 mortis
3257 1178 3472 1233 Christi
3514 1177 3814 1248 sepultura

2164 1261 2344 1312 estet
2400 1258 2662 1314 emersio.
2702 1281 2730 1310 «
2789 1264 3136 1337 Quicunque
3186 1269 3337 1323 enim
3399 1268 3454 1322 in
3495 1266 3810 1338 IChristum

2147 1345 2430 1418 baptizali
2456 1364 2686 1416 sumus,
2711 1350 3008 1408 Christum
3047 1358 3370 1424 induimus,
3407 1363 3463 1412 et
3487 1359 3543 1412 in
3564 1364 3810 1413 mortem

2145 1436 2274 1507 ejus
2307 1436 2578 1508 baptizati
2611 1455 2842 1507 sumus,
2884 1464 2915 1492 »
2945 1452 3000 1499 et
3026 1446 3352 1502 divinorum
3382 1447 3808 1518 mysteriorum

2146 1525 2403 1582 efﬁcacia
2433 1543 2536 1598 per
2562 1529 2653 1582 t)ei
2706 1529 3107 1589 adorationem
3171 1541 3227 1590 et
3284 1536 3703 1591 invocationem
3757 1539 3814 1591 et

2148 1616 2346 1687 gratia:
2391 1615 2643 1673 scelestis
2695 1619 3033 1676 descensum
3098 1624 3423 1693 perﬁcitur.
3484 1626 3621 1689 Quae
3669 1629 3726 1679 et
3755 1625 3812 1679 id

2149 1720 2332 1773 genus
2348 1705 2457 1761 alia
2484 1706 2886 1778 improborum
2917 1710 3154 1767 hominu
3176 1730 3229 1767 m
3264 1714 3440 1768 verba
3473 1715 3733 1785 utimpia
3754 1718 3812 1769 et

2150 1793 2384 1850 inutilia
2415 1797 2914 1865 praetermisimus.
2947 1799 3091 1855 Nam
3117 1801 3467 1868 quasietiam
3501 1818 3808 1871 corporum

361 1890 543 1947 λευσιν
601 1895 700 1947 τοῦ
766 1891 978 1966 Κυρίου
1044 1891 1122 1964 μή
1197 1893 1383 1964 θαῦμα
1441 1887 1821 1965 ἱσχυρίζοντες
1881 1886 2037 1985 εἶναι,

2154 1884 2649 1940 resuscitatiouem
2673 1885 3371 1960 improharent,rlicebant
3394 1907 3407 1945 :
3446 1891 3563 1959 Ipsi
3592 1906 3699 1960 qua
3712 1908 3804 1945 ra-

359 1979 504 2036 ἀλλά
556 2001 609 2035 τι
667 1981 944 2058 προσφυὶς
1000 1978 1094 2034 καὶ
1178 1978 1526 2056 ἐφάρμοστον
1590 1982 1709 2041 τοῖς
1761 1976 2037 2051 ἀνισταμέ-

2159 1974 2314 2028 tione
2336 1973 2597 2029 nitantur
2626 1976 2873 2031 viderint
2899 1982 3194 2048 quomodo
3236 1995 3341 2035 nos
3369 1985 3497 2051 post
3554 1995 3808 2034 resurre-

362 2089 479 2130 νοις
509 2068 569 2123 ἐκ
605 2074 715 2125 τῶν
770 2073 999 2146 νεκρῶν.
1057 2070 1337 2126 Τοιοῦτον
1423 2068 1519 2142 μὲν
1595 2067 1648 2123 ἐν
1719 2073 1836 2129 τοῖς
1908 2087 2037 2143 γρα-

2151 2066 2399 2123 stionem
2416 2066 2574 2123 nullo
2593 2070 2766 2124 modo
2785 2071 2892 2125 sub
2912 2079 3149 2141 tactum,
3176 2080 3470 2143 aspectum
3492 2073 3805 2144 etﬁguram

364 2163 538 2231 φεῖσιν
570 2157 669 2214 οὐκ
715 2158 856 2215 ἔστιν
894 2157 1042 2221 ὅλως
1100 2158 1276 2231 εὑρεῖν
1338 2154 1519 2227 οὐδὶν,
1574 2154 1925 2231 καταδρομὴν
1984 2152 2037 2211 δέ

2147 2155 2466 2232 humanam
2500 2173 2735 2214 casuros
2784 2160 3100 2229 afﬁrmant,
3156 2161 3258 2217 sed
3318 2167 3384 2217 ut
3440 2162 3808 2233 incorporeas

367 2269 491 2304 τινα
516 2246 710 2316 ἀναιδῆ
755 2248 845 2306 καὶ
902 2249 1240 2325 ἀμάρτυρον,
1316 2249 1393 2311 ὡς
1468 2249 1563 2303 οἷα
1640 2246 1911 2324 λεγόντων
1987 2246 2036 2316 ἐξ

2151 2245 2388 2301 umbras
2420 2245 2727 2314 relaturos,
2760 2256 2813 2303 et
2845 2249 3056 2305 Christi
3096 2267 3195 2322 per
3242 2250 3507 2307 clausam
3560 2252 3805 2321 januam

371 2336 544 2407 αὐτῆς
577 2338 818 2402 ἑνώσεως
871 2338 959 2393 καὶ
1018 2336 1310 2399 κοινωνίας
1370 2336 1734 2414 ἀφθαρτίσθαι
1792 2334 1882 2390 τὸν
1940 2355 2037 2390 κυ-

2147 2334 2466 2405 ingressum
2500 2351 2617 2391 non
2654 2336 3024 2404 miraculum,
3068 2340 3162 2393 sed
3215 2338 3437 2409 aliquid
3486 2343 3796 2410 cognatum

371 2427 558 2499 ριακὸν
585 2423 871 2504 ἄνθρωπον
904 2426 994 2482 καὶ
1025 2423 1367 2496 ἀναλυθῆναι
1397 2424 1473 2488 εἴς
1509 2425 1761 2495 θεότητα,
1792 2424 1885 2479 καὶ
1942 2419 2034 2478 διὰ

2145 2428 2203 2480 et
2226 2427 2425 2494 aptum
2459 2424 2890 2496 resurgentihus
2920 2443 2989 2482 ex
3049 2428 3296 2483 mortuis
3334 2445 3460 2484 esse
3516 2432 3797 2486 asserant.

374 2520 541 2573 τοῦτο
571 2520 895 2592 φρονοῦντες
923 2516 1014 2573 καὶ
1042 2518 1107 2571 τὸ
1155 2509 1715 2591 μεταλαμϐανόμενον
1754 2513 2027 2593 ἄφθαρτον

2143 2516 2224 2572 Ac
2260 2513 2374 2569 tale
2403 2513 2546 2569 nihil
2584 2532 2818 2587 prorsus
2850 2516 2909 2571 in
2943 2516 3173 2589 scriptis
3204 2519 3511 2590 reperitur,
3533 2519 3634 2574 sed
3667 2534 3800 2574 exa-

364 2607 569 2679 gitatio
599 2608 912 2681 impudens
939 2612 997 2664 et
1026 2607 1204 2664 nullis
1229 2606 1389 2663 nixta
1409 2606 1637 2676 titibus,
1661 2606 1831 2678 quasi
1862 2605 2119 2661 dicerent
2137 2620 2207 2659 ex
2227 2605 2355 2676 ipsa
2368 2603 2649 2661 unioneet
2665 2607 3078 2663 communione
3101 2608 3461 2664 Dominicum
3485 2607 3785 2664 hominem

362 2695 872 2769 incorruptibilem
898 2713 1027 2754 esse
1058 2697 1295 2764 factum,
1328 2703 1746 2769 proptereaque
1775 2693 2064 2751 sentirent
2090 2694 2148 2749 id
2181 2693 2354 2747 etiam
2388 2694 2542 2764 quod
2579 2694 2969 2765 perciperetur
2997 2713 3124 2752 esse
3163 2696 3625 2767 incorruptibile.

433 2779 501 2840 δ’.
541 2785 613 2840 ’Ὀ
659 2804 721 2859 γε
780 2785 889 2858 μὴν
955 2781 1211 2859 βασιλεὺς
1240 2786 1330 2858 ,τῇ
1396 2783 1661 2858 κρείττονι
1700 2780 2017 2857 προστεθεὶς

2202 2782 2255 2839 4.
2289 2781 2572 2838 Craterum
2631 2783 2949 2854 imperator
3013 2785 3239 2841 meliori
3287 2803 3565 2842 assensus
3608 2787 3782 2857 parti,

368 2868 500 2946 δόξῃ
557 2870 943 2953 παραγέγονεν,
1002 2872 1078 2936 ὡς
1136 2869 1295 2953 ἔφην,
1352 2870 1406 2935 ἐς
1459 2872 1527 2927 τὰ
1584 2870 1865 2947 Κύψελλα,
1927 2871 2018 2925 καὶ

2131 2870 2412 2944 Cypsella,
2473 2876 2538 2927 ut
2584 2872 2724 2943 dixi,
2808 2874 3123 2945 profectus,
3190 2879 3246 2931 et
3311 2879 3663 2947 congregato
3710 2875 3792 2931 ibi

360 2961 424 3014 τὸ
473 2951 855 3036 συναθροισόέν
907 2960 1079 3017 ἐκεῖσε
1133 2951 1492 3039 παρειληφὼς
1526 2958 1834 3038 στράτευμα
1863 2959 2017 3016 ἄνει-

2131 2962 2382 3017 exercitu
2415 2974 2737 3034 assumpto,
2774 2962 3139 3019 Orestiadem
3196 2964 3537 3020 contendit:
3587 2964 3787 3036 ibique

364 3068 445 3104 σιν
507 3049 584 3112 είς
642 3048 981 3126 Ὀρεστιάδα·
1042 3048 1168 3107 ἔνθα
1224 3051 1315 3107 καὶ
1373 3050 1603 3113 πλείους
1652 3050 1866 3126 ἡμέρας
1934 3049 2016 3105 ἐν-

363 3135 655 3215 διατρίψας
705 3140 987 3217 ἀμηχανίᾳ
1043 3139 1399 3212 συνείληπτο,
1472 3141 1566 3197 τὸν
1633 3143 1727 3214 μὲν
1783 3139 2020 3196 ἀποστά-

2130 3048 2460 3119 complures
2487 3050 2614 3106 dies
2637 3056 3033 3108 commoratus
3061 3053 3231 3124 inops
3254 3053 3486 3109 consilii
3512 3052 3790 3109 erat.Non

2133 3139 2491 3195 desertorem
2523 3146 2873 3212 oppugnata
2910 3141 3324 3198 difﬁcillimum
3366 3159 3493 3199 esse
3523 3161 3537 3209 ;
3565 3142 3788 3198 exerci-

369 3188 653 3215 ""V'Y""
707 3188 987 3217 “F'lk’”?
1046 3188 1399 3212 ’⁷””“Ἷ”’⁷⁷
1485 3188 1562 3197 ⁷⁷⁸⁷
1633 3188 1721 3214 I""
1783 3188 1991 3196 ’⁷⁷⁷⁷⁷⁷⁷⁷

359 3248 461 3299 την
494 3228 636 3306 ὁρῶν
680 3227 1140 3306 δυσμαχώτατον,
1207 3231 1271 3287 τὸ
1339 3227 1397 3286 δὲ
1446 3231 1602 3286 συνὸν
1651 3230 1799 3303 αὐτῷ
1857 3227 2022 3305 στρά-

2137 3188 2491 3195 _--------_
2537 3188 2873 3212 Troum-
2912 3188 3324 3198 .-....-.......-...
3368 3188 3492 3199 νην
3523 3188 3537 3209 ,
3567 3188 3752 3198 νην.-.

2133 3234 2258 3284 tum
2291 3245 2465 3283 suum
2504 3232 2710 3285 timore
2753 3230 3075 3305 perculsum
3105 3233 3303 3289 audita
3325 3233 3606 3288 duntaxat
3646 3247 3788 3288 voce

357 3338 532 3391 τευμα
586 3318 879 3384 ἀντιθέτως
932 3318 1064 3396 ἔχον
1137 3322 1225 3376 καί
1286 3319 1425 3397 πρὸς
1479 3319 1650 3394 μόνην
1727 3319 2021 3389 ἐκθνῆσκον

360 3408 463 3477 τὴν
501 3412 610 3464 τῶν
665 3406 953 3482 πολεμίων
1004 3408 1290 3488 ἐνήχησιν.
1339 3413 1466 3472 Τοῖς
1521 3407 1580 3464 δὶ
1632 3407 1872 3471 πολλοῖς
1930 3409 2022 3464 καὶ

362 3491 537 3571 ὄνομα
566 3496 974 3573 χλευαζόμενον
1003 3499 1039 3568 ἠ
1068 3497 1346 3573 βασίλειος
1389 3498 1591 3554 ἐκεῖθεν
1651 3495 2019 3573 ἀνελογίζετο.

361 3582 563 3665 ἄφιξις,
611 3585 703 3643 καὶ
738 3584 908 3661 μηδέν
939 3609 992 3643 τι
1055 3584 1329 3662 μηδαμῶς
1391 3587 1632 3662 χρηστὸν
1700 3588 2019 3662 κατορθοῦν,

350 3676 446 3734 καὶ
502 3677 593 3732 τὸν
662 3672 944 3752 Βάρϐαρον
1011 3675 1226 3752 μᾶλλον
1302 3677 1356 3733 ἐν
1421 3681 1502 3749 τῷ
1590 3675 2019 3741 ὑποστέλλεσθαι

352 3764 807 3841 προσεπαίρεσθαι
855 3765 934 3831 εἰς
995 3767 1322 3842 θρασύτητα.
1396 3768 1456 3826 Ὀ
1487 3764 1546 3822 δὲ
1591 3766 1657 3822 τὸ
1685 3769 1794 3822 τῶν
1836 3785 2018 3841 πραγ-

358 3853 541 3928 μάτων
594 3851 780 3929 ἅγριον
839 3854 930 3911 καὶ
963 3851 1348 3931 δυσπρόσιτον,
1391 3857 1466 3918 ὡς
1532 3855 1561 3911 ὁ
1592 3854 1780 3930 καιρὸς
1813 3849 2018 3923 ἐδίδου,

354 3943 785 4019 περιποππόζων
845 3944 937 4001 καὶ
978 3941 1268 4001 διασαίνων
1322 3949 1579 4008 παντοῖος
1634 3942 1861 4019 ἐγίνετο,
1926 3960 2020 4014 καὶ

352 4034 482 4095 τοὺς
541 4031 688 4107 αὗτῷ
759 4033 1131 4098 οἷ’κειοτάτους
1190 4030 1589 4114 βιϐλιοφόρους
1619 4026 1831 4109 ἔπεμπε
1876 4033 2016 4109 πρὸς

358 4119 630 4196 Ἀλέξων,
686 4122 740 4185 ἐς
840 4119 1139 4198 συμϐάσεις
1239 4123 1399 4179 αὐτὸν
1502 4122 2017 4196 προσκαλούμενος.

354 4213 514 4267 ’Ἐστι
547 4208 593 4265 δ’
651 4210 761 4281 ὅπη
810 4212 903 4266 καὶ
970 4210 1303 4289 δολοφονίας
1356 4210 1654 4290 ἐφρόντιζε,
1717 4208 1861 4285 μηδὲ
1921 4215 2019 4266 τοῦ

355 4297 608 4371 πολέμου
638 4300 946 4355 παντάπασι
1006 4300 1423 4374 μεθιστάμενος.
1482 4305 1575 4371 Τῷ
1629 4320 1715 4355 τοι
1770 4301 1860 4355 καὶ
1915 4301 2017 4370 τήν

353 4388 610 4460 στρατιὰν
683 4380 969 4444 ἀναλαϐὼν
1018 4388 1111 4445 καὶ
1200 4390 1303 4457 τὴν
1407 4387 1697 4446 Φιλίππου
1745 4388 2016 4464 ἐπαρχίαν

347 4471 674 4533 καταλαϐὼν
723 4479 849 4555 περὶ
925 4478 990 4535 τὸ
1044 4480 1305 4555 φρούριον
1380 4475 1864 4555 στρατοπεδεύεται
1922 4478 2014 4533 τὸν

350 4566 714 4643 Στενίμαχον,
747 4567 823 4632 είς
854 4567 886 4623 ὅ
931 4566 1140 4624 πολλοὶ
1168 4572 1276 4624 τῶν
1337 4563 1629 4646 βαρϐάρων
1694 4565 2014 4647 συνέφυγον,

344 4656 439 4713 καὶ
532 4654 836 4737 διειληφὼς
894 4660 975 4733 [Ρ.
1040 4660 1168 4732 335]
1224 4656 1356 4714 αὑτό
1433 4662 1552 4720 τοῖς
1618 4655 2011 4732 στρατεύμασιν

346 4744 519 4820 ἐξεῖλέ
566 4768 626 4803 τε
653 4748 791 4804 κατὰ
833 4748 1031 4824 κράτος
1087 4746 1179 4804 καὶ
1215 4747 1343 4811 τοὺς
1400 4747 1613 4809 ἐνόντας
1670 4743 2010 4822 ἠνδραποδί-

346 4856 500 4894 σατο.
555 4837 617 4894 Ὀ
676 4834 723 4892 δ’
781 4836 1097 4908 ἀποστάτης
1154 4836 1442 4903 ἀφικέσθαι
1521 4837 1617 4910 μὶν
1678 4833 1731 4898 ἐς
1784 4834 2010 4911 βασιλέα

343 4921 603 4999 οὐδαμῶς
635 4926 967 4997 συνετίθετο,
1022 4924 1172 4981 ἀλλὰ
1223 4923 1355 5000 μηδ’
1411 4924 1474 4982 ἄν
1529 4923 1729 5000 ἑτέρως
1788 4922 2010 4980 σπείσα-

344 5017 465 5071 σθαι
498 5012 807 5086 διετείνετο,
839 5015 887 5071 εί
949 5017 1027 5086 μὴ
1085 5016 1289 5093 χωρῶν
1317 5016 1406 5072 καὶ
1440 5014 1659 5071 πόλεων
1720 5014 2011 5091 ἐγγράφως

342 5102 493 5178 αὐτῷ
528 5104 787 5182 βασιλεὺς
822 5103 1115 5177 ὑπεκσταίη
1163 5104 1369 5168 ὁπόσας
1425 5104 1587 5169 αὐτὸς
1644 5102 2007 5184 ἐχειρώσατο,

340 5193 434 5249 καὶ
463 5196 565 5265 τὴν
625 5193 1086 5274 κατηγγυημένην
1146 5193 1296 5268 αὐτῷ
1353 5191 1636 5269 Θεοδώραν
1708 5193 1845 5267 μετὰ
1896 5197 2005 5248 τῶν

342 5281 588 5360 ἀρχικῶν
642 5282 940 5359 ἐκπέμψειε
995 5286 1364 5358 παρασήμων.
1420 5286 1540 5341 Τῶν
1608 5279 1666 5338 δὲ
1723 5282 2006 5352 συνθηκῶν

351 5370 453 5446 ὀψέ
498 5394 633 5430 ποτε
682 5376 776 5432 καὶ
831 5378 941 5430 τῶν
990 5373 1167 5451 ὅρκων
1226 5372 1628 5447 τετελεσμένων
1689 5374 1766 5437 ὡς
1819 5372 2006 5447 ᾐτεῖτο

339 5458 610 5536 Ἀλέξιος,
717 5463 1039 5540 βουλεύεταί
1088 5484 1141 5519 τι
1250 5461 1537 5535 μετέπειτα
1593 5461 1853 5537 βασιλεὺς
1910 5461 2010 5518 οὐκ

333 5547 464 5605 οἶδα
520 5552 568 5608 εἰ
628 5558 959 5631 στρατηγοῖς
1025 5553 1119 5610 καὶ
1192 5552 1504 5629 βασιλεῦσιν
1559 5548 1853 5627 ἀρμόδιον,
1913 5548 2007 5614 οὕς

335 5641 485 5716 παρὰ
530 5646 634 5697 πᾶν
687 5640 876 5718 ἓτερον
923 5644 987 5700 τὸ
1046 5645 1292 5718 εὐορκεῖν
1335 5640 1537 5699 τιθέναι
1585 5640 1712 5718 περὶ
1741 5639 2007 5697 πλείστου

334 5731 538 5810 χρεών
588 5731 680 5787 τὸν
742 5732 849 5808 γὰρ
906 5732 1154 5806 Ἀλέξων
1219 5731 1381 5799 θείων
1440 5731 1804 5806 ἀκουσμάτων
1868 5729 2009 5788 ἀπο-

2128 3317 2382 3373 hostium
2407 3318 2611 3389 emori,
2643 3318 3017 3390 imperatoris
3049 3321 3372 3378 adventum
3432 3322 3604 3394 vulgo
3643 3321 3784 3384 ridi-

2127 3406 2324 3462 culum
2355 3406 2572 3476 haberi,
2605 3423 2811 3465 nomen
2846 3408 2971 3465 sine
2988 3409 3123 3466 ullis
3152 3411 3541 3477 successibus,
3572 3415 3630 3467 et
3648 3410 3785 3467 Bar-

2133 3495 2435 3552 bari686
2467 3497 2771 3553 audaciam
2809 3503 2960 3554 retro
3000 3501 3258 3556 cedendo
3289 3501 3474 3571 magis
3533 3500 3785 3557 invales-

2127 3600 2255 3641 cere
2288 3585 2539 3642 videbat.
2563 3586 2777 3642 Tamen
2807 3591 3138 3659 temporum
3171 3589 3543 3647 difﬁcultates
3574 3595 3785 3646 utcun-

2133 3689 2244 3745 que
2276 3673 2570 3742 leniendo,
2593 3674 2859 3732 Alexium
2893 3693 2992 3746 per
3024 3677 3404 3735 ﬁdelissimos
3432 3695 3568 3735 suos
3601 3678 3786 3735 tabel-

2125 3762 2304 3819 larios
2338 3764 2408 3819 ad
2445 3765 2744 3835 pactiones
2812 3766 3059 3835 invitat;
3111 3766 3424 3839 aliquando
3474 3769 3646 3823 etiam
3683 3784 3787 3840 per

2125 3853 2323 3908 dolum
2362 3870 2557 3910 necem
2593 3854 2641 3909 ei
2678 3854 3064 3923 machinatur,
3097 3872 3286 3928 neque
3317 3856 3519 3913 abcllo
3551 3856 3783 3927 penitus

2124 3943 2362 4000 recedit.
2393 3945 2605 4014 Itaque
2638 3960 2770 3999 cum
2804 3945 3058 3999 exercitu
3093 3945 3152 3999 in
3189 3945 3781 4017 Philippopolitanam

2125 4034 2485 4106 provinciam
2506 4035 2715 4106 profect
2731 4044 2822 4103 us,
2848 4037 3001 4092 circa
3020 4036 3445 4092 Stenimachu'n
3462 4038 3784 4108 castellum,

2122 4141 2236 4195 quo
2296 4124 2466 4181 multi
2524 4124 2757 4180 Barbari
2831 4126 3236 4196 confugerant,
3316 4131 3780 4184 castrametatur.

2123 4214 2246 4277 Quo
2265 4212 2588 4282 legionibus
2619 4214 2981 4270 circumdato
3022 4218 3079 4270 et
3109 4215 3163 4269 vi
3198 4221 3553 4288 expugnato,
3597 4216 3780 4289 capti-

2120 4318 2223 4357 vos
2252 4301 2312 4357 in
2336 4302 2668 4358 servitutem
2703 4303 2941 4373 redegit.
2970 4308 3239 4360 Desertor
3307 4322 3439 4361 vero
3500 4322 3608 4363 nec
3653 4307 3782 4379 ipse

2122 4392 2195 4446 ad
2226 4390 2635 4464 imperatorem
2668 4392 2884 4459 venire,
2948 4410 3054 4448 nec
3092 4393 3260 4450 aliter
3316 4395 3387 4451 de
3430 4413 3569 4467 pace
3614 4398 3777 4467 quid-

2124 4496 2301 4551 quam
2328 4479 2529 4535 audire
2560 4479 2762 4550 voluit,
2797 4482 2910 4537 nisi
2935 4481 3256 4555 imperator
3285 4486 3416 4541 dato
3466 4485 3782 4557 diplomate

2127 4569 2373 4624 urbibus
2404 4576 2457 4625 et
2487 4570 2640 4640 agris
2663 4570 2716 4626 ei
2751 4572 2981 4627 cederet
3033 4589 3181 4643 quas
3235 4582 3367 4631 ante
3419 4580 3781 4648 occupasset,

2125 4662 2183 4715 et
2211 4658 2558 4729 desponsam
2580 4657 2950 4717 Theodoram
2981 4678 3112 4717 cum
3142 4663 3783 4735 imperatoriisinsigni-

2120 4748 2229 4804 bus
2262 4747 2541 4803 mitteret.
2603 4747 2975 4807 Pactionibus
3006 4755 3063 4806 et
3096 4752 3483 4822 jurejurando
3522 4752 3615 4807 vix
3650 4761 3780 4809 tan-

2119 4837 2250 4893 dem
2282 4837 2352 4893 de
2383 4836 2565 4893 Alexii
2594 4839 2880 4895 sententia
2913 4856 3020 4896 con
3044 4841 3227 4905 tectis,
3253 4841 3776 4911 imperatorconsi-

2121 4926 2261 4982 lium
2313 4926 2417 4982 init
2451 4927 2603 4983 haud
2638 4928 2755 4984 scio
2788 4945 2861 4984 an
2912 4928 3167 4984 ducibus
3215 4937 3271 4984 et
3325 4930 3777 5002 imperatoribus

2121 5016 2387 5086 dignum,
2446 5016 2656 5087 quibus
2698 5016 3086 5087 jurisjurandi
3156 5018 3492 5089 religionem
3547 5020 3776 5077 caeteris

2119 5106 2293 5161 rebus
2327 5106 2602 5163 omnibus
2643 5106 3030 5176 antiquiorem
3065 5123 3190 5163 esse
3225 5109 3404 5164 decet.
3444 5112 3590 5163 Nam
3643 5110 3775 5167 Ale-

2117 5196 2278 5250 xium
2302 5198 2675 5252 sacrosancto
2734 5195 3043 5267 Evangelio
3098 5197 3277 5252 misso
3341 5215 3443 5270 per
3491 5215 3773 5269 generum

2120 5288 2257 5340 natu
2282 5284 2560 5354 majorem
2605 5282 2862 5339 Alexium
2901 5285 2973 5339 ad
3004 5301 3065 5340 se
3089 5285 3420 5357 pellectum,
3441 5288 3590 5344 (287
3618 5289 3775 5358 dato,

2121 5380 2181 5429 ut
2212 5372 2349 5435 dixi,
2383 5373 2654 5443 utrinque
2675 5374 3085 5445 jurejurando,
3123 5374 3182 5430 in
3222 5376 3460 5434 vincula
3511 5378 3776 5449 conjicit,

2117 5461 2394 5518 Davidica
2424 5461 2526 5517 illa
2564 5462 2887 5518 sententia:
2924 5486 2952 5514 «
2986 5468 3127 5520 Cum
3175 5471 3377 5521 sancto
3410 5470 3671 5535 .-anctus,
3716 5471 3774 5524 et

2117 5568 2251 5608 cum
2288 5565 2556 5623 perverso
2587 5567 2893 5623 perversus
2912 5553 3050 5620 eris,
3079 5575 3107 5604 »
3141 5555 3382 5613 abusus.
3436 5556 3573 5611 Inde
3606 5556 3763 5612 urbi-

2116 5642 2229 5698 bus
2261 5644 2317 5696 ct
2347 5640 2606 5697 castellis
2636 5641 2787 5697 citra
2814 5641 3070 5700 laborem
3096 5646 3335 5715 potitus,
3370 5645 3611 5703 fratrem
3642 5647 3769 5718 ejus

2120 5730 2328 5788 Mitum
2354 5730 2412 5786 in
2439 5729 2710 5786 exsilium
2744 5730 2946 5789 mittit.
