4074 6442
300 388 417 449 899
1611 379 1924 444 NICETIE
1963 376 2402 444 CHONIATE
3604 374 3738 439 900

304 520 533 585 στολαῖς
576 516 664 575 διὰ
702 520 799 574 τοῦ
839 509 1209 591 πρεσϐυτέρου
1246 518 1354 569 τῶν
1391 509 1656 587 γαμϐρῶν
1694 512 1946 584 Ἀλεξίου
1983 515 2123 589 πρὸς
2196 514 2384 569 ἑαυτὸν
2440 509 2877 590 ἰφελκυσάμενος
2936 508 3071 584 μετά
3109 510 3210 581 τήν
3249 513 3361 564 τῶν
3402 510 3607 583 ὅρκων,
3648 509 3737 572 ὦς

303 608 457 683 ἔφην,
500 610 926 683 συμπλήρωσιν,
969 604 1313 683 συνειληφὼς
1354 604 1499 677 εἶχεν
1541 602 1593 657 ἐν
1633 601 1877 676 δεσμοῖς,
1907 603 2007 672 τὴν
2056 626 2076 655 ε
2122 604 2271 661 Μετά
2311 602 2465 658 ὁσίου
2505 601 2654 665 ὅσιος
2696 599 2792 676 ἔσῃ
2833 600 2922 656 καὶ
2967 600 3102 673 μετὰ
3158 593 3430 675 στρεϐλοῖ)
3472 596 3738 675 διαστρέ-

444 674 488 751 1»
528 674 821 765 Δαϐιδικὴν
865 696 1050 771 φωνὴν
1094 674 1314 769 οὐχ’ὠς
1347 691 1540 767 ἐρῥεθη
1583 690 1905 766 ἐπενεγκών.
1950 691 2063 749 Κάκ
2099 688 2260 746 τοῦδε
2296 695 2405 747 τῶν
2445 712 2503 746 τε
2540 690 2759 747 πόλεων
2798 689 2891 745 καὶ
2974 687 3254 769 φρουρίων
3297 687 3532 758 ἀπονητὶ
3571 707 3740 764 περι-

304 772 501 864 γίνεται
543 789 615 842 ὧν
657 786 829 861 ἦρχεν
871 783 1136 855 ’Λλέξιος,
1176 781 1267 836 καὶ
1305 781 1397 836 τὸν
1440 778 1673 857 ἀδελφὸν
1719 772 1886 837 αύτοῦ
1925 784 2096 838 Μῖτον
2138 778 2349 860 φυγάδα
2386 779 2591 852 τίθησι.
2634 780 2735 838 Καὶ
2782 781 3014 833 τοιαῦτα
3068 775 3267 853 δράσας
3322 775 3593 833 ἐπάνεισιν
3671 774 3739 839 ξς

306 880 369 935 τὸ
412 880 729 950 Βυζάντιον.

384 970 482 1027 llis
510 968 755 1041 peractis
784 966 1127 1039 Byzantium
1177 981 1462 1032 reversus,
1506 966 1813 1038 conjugem
1842 964 1934 1018 Eur

2136 959 2385 1035 Εὑρίσκει
2443 958 2501 1017 δὶ
2553 959 2644 1015 καὶ
2713 960 2814 1030 τὴν
2892 956 3142 1014 σύνευνον
3220 956 3578 1036 Εὐφροσύνην
3644 960 3734 1031 μὴ

305 1063 658 1133 prhosynem
691 1074 803 1113 non
837 1056 1084 1111 otiosam
1146 1054 1447 1111 desedisse
1495 1054 1654 1109 domi
1715 1055 1934 1124 reperit

2061 1050 2237 1121 πάντη
2281 1052 2383 1120 τὴν
2424 1048 2704 1123 οἲκουρίαν
2759 1046 3171 1121 ἀσπασαμένην,
3205 1045 3353 1133 ἀλλά
3406 1047 3545 1101 κατὰ
3591 1068 3741 1103 στα-

294 1131 395 1207 sed
423 1131 690 1205 homines
726 1146 995 1200 factiosos
1019 1148 1074 1199 et
1099 1142 1462 1214 peculatores
1488 1142 1733 1198 viriliter
1768 1140 1934 1197 ultam

2062 1142 2297 1193 σιαστῶν
2332 1137 2424 1193 καὶ
2490 1133 2827 1210 δημοκόπων
2885 1133 3141 1205 κάκείνην
3197 1131 3598 1209 ἀνδρισαμένην
3631 1133 3737 1190 καὶ

296 1239 604 1309 cujusdam
638 1233 1093 1305 Contostephani
1130 1236 1383 1288 conatus
1419 1232 1804 1304 Oppressisse,
1835 1248 1934 1287 nor

2061 1226 2137 1288 ὡς
2194 1227 2350 1299 μίτον
2421 1224 2790 1296 Πηνελόπειαν
2852 1224 3190 1280 ἀναλύσασαν
3244 1224 3313 1279 τά
3377 1223 3522 1298 παρά
3576 1244 3739 1287 τινος

288 1308 780 1385 contemnendum
804 1339 942 1378 sane
977 1322 1225 1391 facinus,
1260 1322 1359 1377 sed
1392 1321 1482 1393 (ut
1508 1321 1792 1391 mulieris)
1847 1337 1934 1392 po-

2060 1315 2500 1389 Κοντοστεφάνου
2573 1311 2933 1391 ἰξυφανθὲντα
3009 1312 3424 1387 συστρεμματα.
3493 1316 3591 1367 Ἦν
3679 1308 3740 1367 δ’

285 1418 400 1474 tius
435 1414 821 1471 admiratione
849 1413 1116 1485 dignum,
1140 1412 1186 1466 si
1217 1412 1267 1467 is
1301 1427 1474 1466 sexus
1550 1412 1702 1465 intra
1757 1414 1934 1467 certos

2057 1402 2117 1458 ἄν
2171 1405 2274 1460 ούκ
2329 1401 2680 1459 ἀσπούδαστα
2743 1400 2913 1459 ταῦτα
2988 1399 3113 1457 ούδὶ
3163 1406 3260 1458 τοῦ
3315 1399 3545 1476 ἂγασθαι
3583 1401 3735 1476 πόρ-

285 1506 453 1579 quasi
475 1504 652 1561 ofﬁcii
672 1504 888 1559 limites
910 1518 972 1557 se
1003 1501 1273 1557 cohibere
1295 1500 1486 1556 sciret.
1520 1500 1690 1557 Nunc
1736 1500 1934 1555 immo-

2056 1492 2222 1570 ρωθεν
2251 1537 2268 1565 ,
2358 1494 2434 1556 ὡς
2511 1492 2615 1549 ὑπὸ
2691 1491 2947 1569 γυναικὸς
3024 1489 3433 1567 κατορθούμενα
3474 1535 3492 1563 ,
3566 1488 3733 1567 εἴπερ

284 1596 411 1652 dica
465 1593 738 1666 superbia
769 1600 826 1647 et
880 1591 1186 1647 curiositas
1246 1607 1498 1662 praeceps
1541 1595 1599 1646 et
1646 1590 1728 1646 rei
1793 1591 1934 1646 bene

2053 1582 2254 1660 ᾔδεσαν
2290 1586 2460 1663 μὲτρα
2488 1587 2577 1641 καὶ
2610 1580 2764 1660 ὅροις
2828 1586 3133 1659 ὑπήγοντο.
3194 1588 3301 1640 Νῦν
3361 1582 3419 1640 δὲ
3472 1584 3537 1641 τὸ
3588 1582 3732 1658 ἄγαν

285 1691 458 1758 gestae
488 1683 686 1755 Opinio
719 1686 871 1738 recte
904 1681 1053 1736 facta
1085 1685 1149 1736 ut
1182 1681 1365 1736 solem
1421 1680 1606 1737 nubes
1659 1680 1934 1737 obscura-

2050 1678 2356 1751 τυφομανὶς
2414 1677 2506 1731 καὶ
2562 1673 2948 1753 πολυσπερχὶς
3002 1680 3104 1744 τῆς
3160 1671 3453 1745 δεσποίνης
3508 1673 3601 1730 καὶ
3661 1674 3735 1730 τδ

282 1780 440 1833 runt.
474 1774 621 1833 Nam
647 1790 781 1830 cum
807 1774 1001 1828 futura
1033 1786 1387 1842 cognoscere
1418 1770 1612 1836 vellet,
1663 1769 1719 1824 in
1776 1770 1934 1824 nefa-

2053 1763 2247 1821 δοκοῦν
2299 1764 2431 1828 ἴσως
2482 1763 2710 1821 δεόντως
2793 1760 3171 1838 ἀκριϐωθῆναι
3228 1764 3467 1842 ἠχρείου
3524 1784 3582 1819 τε
3630 1765 3729 1819 καί

285 1863 401 1919 rias
431 1862 817 1919 divinationes
848 1860 1227 1917 incumbebat
1256 1868 1311 1915 et
1345 1860 1526 1916 multa
1549 1859 1755 1916 illicita
1786 1876 1934 1931 pera-

2052 1854 2370 1935 διέφθειρεν,
2426 1855 2502 1918 ὡς
2574 1855 2783 1934 νέφεσιν
2864 1852 3050 1924 ἣλιος,
3111 1859 3231 1916 τοῖς
3316 1853 3730 1929 ἐπιγινομινοις

284 1952 477 2023 gebat.
510 1952 715 2022 Itaque
746 1950 1033 2021 teneiapri
1065 1949 1362 2021 Calydonii
1386 1954 1636 2004 rostrum
1656 1948 1934 2021 praecidit,

2052 1945 2399 2001 ἀπευκταίοις
2501 1944 2886 2024 ἀφαυρούμενα
2921 1988 2933 2000 .
3038 1941 3368 2019 Τραπομένη
3473 1943 3577 2021 γὰρ
3667 1942 3724 2006 ἐς

285 2040 385 2112 qui
417 2040 559 2096 setis
594 2040 965 2095 horrentibus
1023 2042 1079 2095 et
1115 2038 1359 2094 exsertis
1410 2038 1682 2093 dentibus
1715 2037 1934 2093 leonem

2049 2036 2393 2111 προγνώσεις
2420 2037 2529 2090 τῶν
2593 2031 2902 2111 γινομένων
2949 2031 3383 2110 ἀρρητουργίαις
3430 2033 3521 2089 καὶ
3582 2054 3724 2106 μαν-

283 2129 344 2184 in
376 2128 618 2198 Hippico
648 2127 868 2182 invadit
895 2144 908 2187 ς
941 2125 1937 2197 etinclytumllerculem,pulcher-

286 2216 498 2272 rimum
536 2216 858 2286 Lysimachi
883 2231 1049 2288 Opus,
1083 2215 1181 2286 qui
1212 2212 1480 2270 leonimas
1540 2213 1675 2285 pelli
1711 2215 1937 2271 incum-

285 2306 431 2362 bens
463 2305 649 2377 capite
679 2306 737 2359 in
775 2304 1308 2360 manuminclinalo
1362 2321 1500 2361 suas
1533 2305 1793 2359 fortunas
1837 2305 1937 2360 de-

283 2394 493 2465 plorat,
526 2394 679 2450 688
716 2394 912 2450 multis
970 2393 1309 2450 verberibus
1373 2393 1607 2449 afﬁcere
1656 2393 1932 2448 instituit.

285 2483 328 2538 Ο
361 2499 483 2538 rem
512 2484 830 2539 absurdam
860 2481 873 2538 ι
901 2499 933 2538 o
969 2482 1215 2548 facinus,
1249 2481 1419 2537 heros
1449 2481 1691 2537 illustris
1720 2486 1778 2537 et
1810 2498 1934 2538 ma-

281 2572 577 2642 gnanime,
605 2584 805 2629 contra
829 2577 884 2627 te
911 2576 1247 2643 susceptum
1281 2570 1441 2641 lquis
1464 2586 1723 2643 unquam
1751 2572 1935 2645 Eury-

280 2660 484 2717 stheus
519 2661 628 2718 tale
660 2665 948 2718 certamen
980 2661 1086 2716 tibi
1109 2662 1407 2716 mandavit
1438 2661 1610 2733 ‘Iquis
1631 2661 1933 2732 Omphale,

278 2750 587 2806 exercitata
638 2752 910 2806 meretrix
960 2758 1013 2805 et
1066 2750 1332 2806 maleﬁca
1394 2751 1755 2821 muliercula,
1814 2758 1933 2809 tam

279 2840 532 2909 superbe
564 2847 754 2895 tecum
781 2840 895 2911 egit
924 2840 951 2895 ?
979 2839 1179 2912 Neque
1219 2840 1329 2895 hac
1388 2840 1752 2910 impudentia
1796 2860 1932 2901 con-

279 2932 464 2993 tenta,
499 2928 742 2984 aliarum
787 2946 1019 3001 quoque
1068 2933 1393 2985 statuarum
1442 2936 1635 3001 partes
1688 2932 1935 3004 {aliquas

283 3017 611 3082 mutilabat,
656 3018 958 3074 nonnullis
997 3018 1186 3088 capita
1235 3017 1460 3074 malleis
1516 3023 1931 3079 contundebat.

279 3105 514 3162 Urbana
568 3122 702 3163 vero
768 3108 1106 3175 multitudo,
1170 3107 1389 3178 quibus
1439 3108 1706 3167 obscenis
1744 3113 1934 3169 verbis

272 3194 578 3265 abstinuit,
612 3196 830 3267 quibus
863 3198 1141 3253 conviciis
1165 3217 1288 3259 eam
1322 3220 1435 3259 non
1458 3202 1788 3273 proscidit?
1811 3204 1935 3275 qui-

273 3281 406 3337 dam
450 3283 627 3338 etiam
672 3300 743 3339 ex
800 3286 1281 3347 circumforaneis
1340 3308 1476 3347 aves
1538 3292 1932 3348 humanarum

274 3383 483 3425 vocum
512 3371 856 3428 imitatrices
889 3375 1094 3431 sedulo
1127 3380 1510 3449 edocuerunt,
1546 3389 1611 3435 ut
1656 3380 1717 3435 in
1751 3380 1937 3436 triviis

275 3464 331 3512 et
363 3458 686 3530 angiportis
736 3462 959 3534 vulgari
1018 3480 1155 3521 voce
1200 3479 1523 3525 canerent:
1586 3491 1615 3520 «
1691 3470 1936 3528 Politica

270 3546 524 3619 justitia.
585 3569 614 3598 »
672 3548 886 3607 Eadem
935 3558 1140 3611 aurata
1189 3555 1531 3613 chirotheea
1588 3559 1933 3631 accipitrem

278 3637 631 3705 sustinebat,
673 3639 819 3696 etin
845 3650 1052 3698 venatu
1118 3661 1294 3702 canes
1353 3646 1729 3717 inclamabat,
1799 3666 1928 3707 cum

279 3741 498 3797 magno
525 3733 863 3786 venatorum
888 3740 941 3786 et
972 3748 1260 3804 aucupum
1293 3738 1594 3791 comitatu.

2050 2124 2218 2186 τείαις
2277 2122 2602 2199 προσέκειτο
2655 2123 2748 2177 καὶ
2805 2119 2995 2178 πολλά
3030 2127 3140 2178 τῶν
3188 2120 3461 2194 ἀθεμίτων
3530 2120 3722 2196 εἰργά-

2052 2218 2192 2286 ζετο,
2223 2210 2363 2267 ὥστε
2408 2211 2500 2267 καὶ
2574 2214 2674 2268 τοῦ
2749 2208 3112 2268 Καλυδωνίου
3191 2212 3320 2273 συὸς
3368 2211 3432 2266 τὸ
3509 2210 3721 2287 ῥύγχος

2047 2302 2357 2377 ἀπέτεμεν,
2411 2302 2471 2366 ὃς
2546 2301 2597 2357 ἐν
2671 2306 2752 2375 τῷ
2826 2302 3058 2373 Ἱππιγῷ
3116 2299 3364 2376 χαλκοῦς
3426 2301 3721 2374 ἱστάμενος

2049 2392 2263 2470 φρίσσει
2319 2393 2419 2460 τὴν
2479 2389 2674 2471 λοφιὰν
2733 2391 2823 2446 καὶ
2901 2396 3079 2465 χωρεῖ
3162 2386 3503 2468 χαυλιόδους
3583 2391 3727 2465 πρὸς

2047 2480 2265 2549 λέοντα,
2298 2480 2390 2536 καὶ
2446 2481 2539 2537 τὸν
2590 2477 2919 2535 καλλίνικον
2975 2477 3269 2555 Ἡρακλῆν
3316 2482 3416 2535 τοῦ
3473 2481 3725 2553 Λυσιμά-

2046 2590 2154 2646 χου
2196 2564 2371 2648 ἔργων
2421 2569 2483 2624 τὸ
2531 2567 2832 2624 κάλλιπον
2892 2563 3042 2640 ὄντα,
3099 2567 3253 2644 χειρὶ
3313 2565 3554 2643 βαλόντα
3620 2569 3725 2638 τὴν

2043 2657 2286 2737 κεφαλὴν
2361 2665 2460 2729 τῆς
2539 2657 2766 2727 λεοντῆς
2855 2657 3277 2732 ὑπεστρωμένης
3362 2656 3569 2734 κοφίνῳ
3625 2650 3719 2715 καἱ

2043 2749 2141 2812 τὰς
2208 2746 2347 2811 ἰδίας
2405 2748 2582 2827 τύχας
2636 2747 3072 2825 ὀλοφυρόμενον,
3140 2745 3383 2809 πολλαῖς
3429 2748 3565 2804 κατά
3610 2750 3717 2804 νώ-

2042 2859 2140 2894 του
2215 2840 2362 2911 ξᾶναι
2439 2831 2720 2896 διενοεῖτο.
2776 2835 3071 2910 Ἡράκλεις
3135 2839 3233 2890 τοῦ
3330 2835 3709 2910 ἀτοπήματος,

2043 2927 2135 2983 καὶ
2162 2926 2337 2983 παπαὶ
2390 2931 2504 2982 τῶν
2547 2926 2635 2983 ἰπὶ
2699 2926 2785 2981 σοὶ
2830 2925 3242 3000 τολμωμένων,
3301 2926 3453 3003 ἣρως
3504 2927 3702 2999 ἄλκιμα

2042 3021 2135 3077 καὶ
2168 3019 2538 3095 μεγαλόθυμε.
2566 3020 2663 3081 Τίς
2716 3039 2801 3074 σοι
2856 3019 3163 3095 Εὐρυσθεὺς
3204 3023 3449 3076 τοιοῦτον
3477 3019 3701 3074 πώποτε

2043 3106 2351 3185 προύθηκεν
2440 3105 2686 3176 ἅεθλον;
2762 3108 2798 3179 ἢ
2873 3108 2959 3171 τίς
3042 3106 3328 3183 Ὀμφάλη,
3403 3107 3711 3183 ἰπίτριμμα

2045 3200 2263 3275 ἐρώτων
2328 3198 2420 3253 καὶ
2476 3198 2808 3274 κακότεχνον
2860 3199 3102 3272 γύναιον,
3165 3197 3316 3255 οὕτω
3365 3220 3449 3256 σοι
3507 3199 3717 3274 ὑπερη-

2044 3289 2223 3366 φάνως
2255 3288 2720 3361 προσενήνεκται;
2780 3286 2855 3345 Ού
2913 3291 3081 3343 ταῦτα
3141 3285 3199 3343 δὶ
3256 3289 3423 3360 μόνον
3476 3286 3714 3350 ἀναιδῶς

2045 3375 2421 3452 διεπράττετο,
2479 3374 2630 3432 ἀλλά
2681 3377 2771 3431 καὶ
2831 3373 3019 3431 ἄλλων
3092 3373 3453 3451 ἀνδρεικὲλων
3509 3376 3717 3455 ἀφῄρει

2050 3467 2215 3542 μόρια
2247 3511 2261 3536 ,
2310 3466 2400 3521 καὶ
2461 3469 2679 3546 σφυρῶν
2737 3470 3080 3540 καρατομαῖς
3143 3465 3469 3541 ἐκαρατόμει
3526 3464 3712 3543 ἕτερα.

2046 3559 2124 3616 Τὸ
2156 3555 2213 3613 δὲ
2241 3564 2344 3628 τῆς
2374 3555 2595 3620 πόλεως
2624 3555 2841 3627 πλῆθος
2874 3556 2963 3612 ἐπὶ
3001 3557 3220 3620 τούτοις
3247 3558 3303 3612 τί
3354 3558 3449 3629 μὶν
3504 3555 3713 3638 δυσχε-

2046 3653 2229 3724 ραῖνον
2278 3646 2515 3723 ἀπρεπὲς
2578 3646 2679 3702 ούκ
2734 3645 3044 3725 ἰφθὲγγετο,
3094 3646 3280 3710 ποίαις
3339 3644 3386 3702 δ’
3438 3646 3538 3702 οὐκ
3588 3646 3715 3704 ἐπέ-

2036 3739 2208 3796 πλυνε
2237 3740 2338 3809 τήν
2365 3741 2535 3792 ταῦτα
2590 3736 2933 3811 πράσσουσαν
2994 3730 3209 3812 ὕϐρεσιν
3246 3757 3262 3807 ς
3313 3739 3462 3795 Ε’νιοι
3494 3735 3554 3793 δέ
3598 3744 3713 3795 τῶν

277 3816 547 3894 ἀγοραίων
586 3818 676 3906 καὶ
716 3817 782 3872 τά
825 3817 1050 3891 μιμηλά
1086 3823 1193 3876 τῶν
1234 3828 1475 3897 πτηνῶν,
1517 3826 1608 3880 καὶ
1650 3824 1748 3881 ὅσα
1787 3830 1821 3897 ἡ
1865 3830 2023 3906 φύσις
2064 3828 2345 3901 ἑστόμωσε
2381 3828 2517 3901 πρὸς
2561 3825 2947 3901 μουσουργίαν,
2988 3825 3072 3881 ἀεὶ
3117 3827 3244 3899 μίαν
3291 3822 3711 3893 ὑποϐάλλοντες

283 3909 539 3981 μάθησιν,
579 3905 670 3961 καὶ
711 3907 911 3979 ταύτην
956 3912 1040 3983 [Ρ.
1085 3915 1210 3985 336]
1250 3912 1628 3987 κοινόλεκτον,
1661 3913 1809 3986 ᾄδειν
1851 3905 1939 3973 ἐπὶ
1972 3921 2258 3974 στενωπῶν
2300 3917 2393 3971 καὶ
2455 3913 2713 3992 τριόδων,
2758 3940 2786 3968 ‹‹
2832 3914 3103 3985 Πολιτικὴ
3143 3917 3206 3972 τὸ
3248 3914 3480 3989 δίκαιον,
3526 3942 3554 3970 ι)
3594 3917 3708 3990 ἐξε-

279 3994 608 4085 παίδευσαν,
638 3995 701 4085 ’ῌ
743 3993 790 4050 δ’
829 3997 965 4067 αύτή
1005 4001 1093 4056 καὶ
1135 3998 1298 4077 δοράν
1338 4004 1724 4077 χρυσόπαστον
1768 4005 2047 4082 ἐγχείριον
2091 4005 2298 4085 ἔχουσα
2338 4001 2730 4080 διεσχισμένην
2772 4003 2829 4067 ἐς
2869 4002 3136 4062 δάκτυλον
3197 4008 3484 4077 κυνητίναν
3556 4008 3707 4085 εἶχεν

278 4085 488 4171 ξρνιθα,
529 4084 618 4139 καὶ
658 4084 873 4158 ἐξιοῦσα
912 4088 1048 4161 πρὸς
1088 4091 1257 4165 θήραν
1297 4089 1574 4163 ἐπέκλωζὲ
1612 4115 1669 4148 τε
1709 4094 1799 4149 καὶ
1838 4084 2259 4167 ἐπεθώϋζε,γκαὶ
2302 4092 2429 4156 τοὺς
2470 4092 2592 4169 περὶ
2634 4093 2733 4163 τὴν
2772 4094 3059 4168 θεραπείαν
3087 4093 3299 4151 τούτων
3330 4096 3421 4151 καὶ
3464 4084 3712 4171 κομιδὴν

279 4166 496 4234 ἱκανοὺς
537 4171 684 4248 εἶχεν
726 4173 1122 4252 ὲφεπομὲνους.

352 4263 475 4319 Non
512 4264 693 4321 multo
737 4274 865 4336 post
895 4268 1270 4327 Caichosroes
1323 4273 1504 4330 Iconii
1532 4281 1793 4348 satrapes
1824 4277 1933 4332 im-

277 4358 599 4422 peratorem
632 4353 754 4410 adit
784 4354 939 4413 689
989 4359 1198 4416 tiaram
1265 4361 1452 4433 capite
1484 4369 1742 4435 gestans,
1776 4371 1934 4423 veste

277 4456 416 4496 auro
442 4441 809 4513 interpuncta
836 4446 1107 4505 amictus.
1166 4448 1380 4508 Verum
1446 4453 1545 4508 ubi
1603 4471 1789 4525 pauca
1859 4456 1933 4512 de

280 4529 464 4585 Persis
515 4529 695 4601 hujus
755 4532 974 4591 familia
1021 4537 1371 4605 disseruero,
1424 4541 1676 4599 historias
1724 4545 1931 4604 seriem

282 4635 624 4692 prosequar.
656 4621 1041 4695 Clyznsthlani
1068 4627 1376 4697 Iconiensi,
1405 4632 1505 4702 qui
1529 4634 1934 4705 superioribus
1969 4617 2013 4681 D

284 4710 650 4779 temporibus
682 4713 1123 4782 potentissimus
1154 4717 1262 4773 fuit
1287 4722 1344 4774 et
1390 4719 1576 4777 multa
1621 4738 1753 4778 cum
1813 4723 1938 4780 Ma-

291 4796 461 4854 nuele
517 4799 867 4870 imperatore
919 4803 1070 4859 bella
1127 4805 1331 4878 gessit,
1386 4810 1604 4865 multas
1663 4812 1936 4869 victorias

295 4888 537 4959 adeptus
565 4890 801 4958 est,ﬁlii
837 4891 1034 4962 plures
1095 4895 1356 4964 fuerunt,
1392 4899 1716 4965 Amasiam,
1753 4908 1936 4974 Ancy-

296 4991 444 5043 ram,
488 4978 805 5050 Dorylaeum
830 4984 886 5036 et
915 4982 1062 5038 alias
1084 4984 1285 5040 beatas
1326 4988 1497 5042 urbes
1520 4991 1790 5045 Ponticas
1812 4990 1939 5047 Ma-

297 5069 430 5120 suto
461 5067 798 5138 assignavit.
834 5070 1518 5146 Melitenem,Ctesaream
1552 5085 1611 5135 et
1639 5079 1937 5138 Caloniam

292 5170 416 5224 quae
441 5172 597 5212 nunc
616 5158 839 5215 Taxara
868 5161 1103 5234 dicitur,
1163 5167 1519 5237 Coppatinus
1548 5169 1935 5233 gubernabat.

285 5243 548 5311 Amineo,
584 5251 788 5313 Docea,
823 5253 880 5304 et
906 5249 1037 5307 aliis
1096 5255 1409 5310 maritimis
1444 5258 1690 5313 urbibus
1720 5262 1934 5316 Rucra-

288 5331 451 5387 tinus
484 5334 836 5404 potiebatur.
881 5340 989 5394 Hic
1047 5358 1184 5397 vero
1236 5345 1620 5402 Caichosroes
1676 5347 1935 5407 Iconium

290 5421 544 5512 tenebat,
580 5421 714 5478 item
763 5425 1105 5499 Lycaoniam
1139 5436 1198 5487 et
1248 5431 1674 5506 Pamphyliam,
1720 5443 1777 5495 et
1806 5456 1933 5512 quas

289 5508 359 5564 ad
383 5509 724 5580 Cottyanum
757 5531 939 5585 usque
971 5518 1283 5589 pertinent.
1330 5520 1650 5595 COppinato
1683 5508 1932 5595 mortuo,

290 5598 361 5653 de
389 5597 519 5668 ejus
548 5601 797 5672 satrapis
828 5603 1025 5662 Doceas
1048 5606 1322 5679 princeps
1352 5610 1707 5670 Rucratlnus
1727 5620 1787 5672 et
1809 5615 1932 5672 Ma-

286 5690 457 5744 sutus
483 5685 826 5758 Ancyranus
851 5697 1092 5753 certant.
1115 5697 1224 5754 Sed
1248 5696 1598 5762 Rucratinus
1620 5703 1856 5778 ingenio
1875 5711 1933 5762 et

2114 4274 2190 4332 Ού
2214 4272 2391 4335 πολὺς
2423 4269 2469 4327 δ’
2509 4272 2537 4327 6
2561 4270 2612 4327 ἐν
2645 4272 2794 4346 μὲσῳ
2845 4273 3058 4347 καιρὸς,
3114 4276 3203 4329 καὶ
3266 4277 3620 4351 Καϊχοσρόης
3684 4278 3715 4333 6

2040 4367 2140 4419 τοῦ
2189 4361 2417 4421 Ἰκονίου
2475 4360 2754 4434 σατράπης
2810 4361 3020 4434 ἀπαντᾷ
3079 4362 3216 4439 πρὸς
3266 4363 3518 4439 βασιλέα,
3576 4386 3716 4442 κυρ-

2043 4447 2233 4508 ϐασίαν
2265 4450 2355 4507 ἐπὶ
2402 4449 2648 4530 κεφαλῆς
2698 4447 2844 4526 ἔχων
2894 4452 2984 4507 καὶ
3045 4449 3253 4523 στολήν
3315 4451 3712 4529 διηνθισμένην

2043 4545 2235 4617 χρυσῷ
2256 4540 2672 4616 ἀμπεχόμενος.
2724 4537 2901 4595 ’Δλλά
2934 4541 3128 4616 μικρόν
3178 4561 3232 4597 τι
3289 4543 3419 4619 περὶ
3472 4549 3572 4601 τοῖ’)
3616 4546 3715 4620 γέ-

2044 4650 2170 4693 νους
2199 4634 2298 4686 τοῦ
2329 4631 2535 4704 Περσου
2562 4625 2726 4685 τοῦδε
2760 4629 2825 4685 τὸ
2883 4628 3066 4707 λέγειν
3123 4627 3390 4688 διαλαϐὸν
3445 4641 3549 4705 τῆς
3600 4639 3712 4690 τῶν

2050 4718 2173 4793 ἐξῆς
2230 4719 2472 4796 ἱστορίας
2527 4719 2682 4784 αὖθις
2739 4720 2954 4794 ἅψοιτο.
3013 4723 3109 4794 Τῷ
3167 4723 3384 4779 Ἰκονιεῖ
3440 4721 3711 4794 Κλιτζασο

2050 4809 2205 4891 θλάν,
2237 4810 2296 4874 ὅς
2330 4809 2382 4865 ἐν
2427 4814 2544 4872 τοῖς
2600 4807 2713 4865 ἄνω
2771 4809 2998 4886 χρόνοις
3053 4808 3301 4884 ἠδυνήθη
3353 4814 3421 4868 τὰ
3482 4816 3710 4891 μέγιστα

2044 4889 2176 4957 κάπὶ
2205 4899 2444 4965 πολλοῖς
2498 4900 2815 4970 ἀντετάξατο
2871 4907 2952 4974 τῷ
3014 4903 3230 4977 βασιλεὶ
3287 4889 3573 4976 Μανουὴλ-
3617 4905 3707 4960 καὶ

2046 4989 2221 5053 νίκαις
2279 4988 2633 5062 διαπολεμῶν
2691 4989 3075 5069 ἐστεφάνωται,
3142 4993 3370 5056 πλείους
3423 4996 3695 5069 γεγόνασιν

2046 5080 2204 5142 υἱεῖς.
2265 5078 2558 5150 Ἀμάσειαν
2619 5078 2714 5151 μὲν
2760 5077 2851 5133 οὖν
2910 5080 3001 5136 καὶ
3057 5084 3334 5160 ’Ἄγκυραν
3394 5084 3480 5139 καί
3534 5078 3690 5153 Δορύ-

2046 5170 2202 5229 λαιον
2257 5169 2347 5225 καὶ
2406 5165 2597 5230 πόλεις
2657 5167 2835 5232 ἄλλας
2902 5174 3167 5236 Ποντικάς
3223 5172 3537 5245 εὐδαίμονας
3609 5172 3690 5241 τῷ

2043 5257 2264 5315 Macrob:
2294 5258 2675 5329 ἀπεκλήρωσε,
2739 5259 3062 5332 Μελιτηνὴν
3123 5260 3180 5318 δὲ
3218 5265 3309 5320 καὶ
3356 5262 3446 5317 σὺν
3500 5262 3701 5319 Καισα-

2045 5349 2162 5426 ρείᾳ
2217 5346 2545 5415 Κολώνειαν,
2602 5346 2639 5417 ἤ
2696 5353 2785 5405 νῦν
2838 5351 3051 5426 Τάξαρα
3098 5352 3336 5427 λέγεται,
3395 5353 3425 5408 6
3475 5355 3706 5408 Romu-

2040 5442 2184 5499 τῖνος
2225 5432 2447 5490 διεῖπεν·
2501 5434 2761 5507 Ἀμινσὸν
2817 5434 2874 5493 δὲ
2928 5440 3019 5494 καί
3061 5441 3284 5497 Δόκειαν
3361 5440 3456 5496 καὶ
3532 5437 3710 5514 παρά-

2042 5524 2175 5588 λους
2205 5522 2399 5587 πόλεις
2454 5522 2637 5599 ἑτέρας
2689 5525 2717 5580 ὁ
2770 5526 3164 5602 Ῥουκρατῖνος
3219 5529 3563 5607 παρείληφεν
3624 5527 3703 5589 εἷς

2039 5615 2247 5694 ἀρχήνο
2288 5613 2640 5689 Καϊχοσρόης
2697 5610 2775 5685 δὲ,
2836 5616 2898 5671 οὗ
2957 5618 3063 5693 πρὸ
3126 5618 3365 5696 βραχέος
3424 5617 3714 5692 ἐμνήσθη-

2049 5723 2166 5780 μεν,
2227 5702 2550 5780 ἡγεμόνευεν
2612 5705 2842 5761 Ἰκονίου
2897 5708 3199 5772 Λυκαονίας
3257 5728 3318 5764 τε
3374 5708 3465 5764 καὶ
3546 5713 3715 5782 Παμ-
