4074 6388
305 367 417 429 901

301 496 502 576 φυλίας
577 495 900 570 προῗστατο,
976 493 1066 547 καὶ

305 586 626 644 Κοτυάειον.
676 584 767 643 Ὡς
829 583 921 636 οὗν
984 582 1011 636 6
1075 585 1422 640 Κοππατῖνος
1463 585 1561 634 106
1595 584 1691 652 ζῇν
1721 577 1961 654 παρελέ-

303 673 463 742 λυτο,
497 673 618 747 περὶ
672 679 775 741 τῆς
826 670 1150 745 σατραπείας
1199 665 1362 724 τοῦδε
1410 666 1878 743 διαμιλλῶνταιὸ
1907 690 1966 724 τε

306 772 406 834 τῆς
468 761 686 823 Δοκείας
753 765 968 835 κρατῶν
1025 761 1409 834 Ῥοτκρατῖνος
1439 758 1531 812 καὶ
1585 759 1612 812 6
1669 758 1965 832 κατάρχων

309 861 412 924 τῆς
483 852 753 930 Ἀγκύρας
841 849 1089 908 Μασούτ.
1166 850 1394 922 “Ατερος
1451 847 1630 901 τοίνυν
1705 845 1878 900 αὐτῶν
1938 848 1966 901 6

309 945 688 1018 Ῥουκρατῖνος
742 941 833 995 τὸν
894 935 1284 1016 ἀντιτρὲχοντα
1339 935 1651 1014 ὒποφθάσας
1707 933 1971 1008 κασίγνη-

313 1054 404 1088 τον
473 1031 534 1086 τὸ
589 1036 742 1092 νῖκος
800 1026 997 1104 ἤρατο,
1059 1025 1374 1099 δεξιωτέραν
1433 1025 1590 1100 φύσιν
1651 1023 1842 1098 λαχὼν
1883 1022 1974 1076 καὶ

317 1121 718 1199 πολεμοχαρὴς
774 1116 1141 1194 διαφερόντως
1202 1113 1543 1187 δεικνύμενος
1593 1111 1824 1187 Ἀμέλει
1883 1111 1974 1199 καὶ

323 1197 576 1284 μείζονος
633 1209 970 1282 εὑμοιοήσας
1043 1207 1071 1260 6
1146 1205 1531 1278 Ῥουκρατῖνος
1586 1201 1820 1267 ἐντεῦθεν
1881 1197 1976 1255 δυ-

314 1301 532 1372 νάμεως
557 1299 649 1354 τὸν
691 1298 784 1370 μὲν
820 1294 1043 1353 Μασοὺτ
1099 1291 1393 1348 ὑπενδόντα
1437 1294 1489 1349 οἱ
1537 1293 1626 1347 καὶ
1675 1290 1810 1366 φίλα
1840 1311 1978 1370 φρο-

313 1395 424 1444 νεῖν
456 1387 802 1460 συνθέμενον,
865 1387 1030 1458 μέρος
1089 1387 1189 1448 τῆς
1247 1380 1554 1460 τοπαρχίας
1615 1380 1974 1457 ἀφελόμενος,

313 1484 416 1548 τῆς
448 1477 648 1544 λοιπῆς
699 1476 888 1554 χώρας
947 1473 1021 1533 ὡς
1079 1471 1271 1547 πρώην
1319 1469 1554 1544 διαφῆκε
1593 1471 1976 1543 προὶστασθαι,

313 1571 396 1638 τῷ
456 1563 514 1620 δέ
569 1586 629 1641 γε
669 1561 985 1638 Καϊχοσρόῃ
1051 1559 1200 1634 μάλα
1265 1560 1524 1633 ἐμμανῶς
1585 1559 1816 1637 ἐπεφύη,
1871 1579 1978 1612 πα-

319 1651 477 1709 λαιὸν
509 1651 798 1732 ὑποτύφων
832 1649 1056 1708 Ἰκονίου
1103 1647 1278 1725 ἔρωτα
1324 1649 1398 1710 ὡς
1430 1647 1670 1724 ἀρχαίου
1697 1647 1980 1722 πατρῴου,

316 1746 406 1799 καὶ
443 1746 637 1799 τοῦτον
699 1742 773 1803 ὡς
835 1740 1102 1814 μητρόθεν
1166 1739 1494 1813 Χριστιανὸν
1552 1737 1980 1812 μυσαττόμενος,

319 1832 559 1906 Πέμπων
618 1829 709 1885 οὖν
772 1828 1103 1899 ὑπεκστῆναί
1181 1829 1233 1883 οἱ
1316 1828 1550 1901 παρῄνει
1601 1827 1700 1882 106
1758 1826 1984 1884 Ἰκονίου

319 1923 411 1978 καὶ
442 1930 542 1992 τῆς
592 1920 729 1991 ὅλης
786 1919 1012 1994 ἀπαρεῖν
1071 1916 1410 1987 δυναστείας,
1469 1916 1579 1992 ε’ἰγε
1625 1915 1888 1991 βούλοιτο
1923 1912 1979 1969 εὖ

328 2013 478 2085 μάλα
507 2011 726 2086 πράξειν
787 2009 970 2076 αὐτὸς,
1019 2010 1112 2070 τὰς
1169 2005 1226 2062 δὲ
1283 2005 1474 2068 πόλεις
1531 2007 1645 2060 κατ’
1696 2003 1861 2081 ἄνδρα
1890 2003 1979 2060 καί

324 2102 439 2156 κατ’
497 2098 648 2164 ἔθνος
702 2099 1026 2174 ἀπειράτους
1088 2101 1265 2170 μεῖναι
1329 2101 1436 2153 τῶν
1484 2095 1543 2150 ἐκ
1593 2100 1688 2150 τοῦ
1728 2093 1978 2167 πολέμου

331 2189 542 2246 δεινῶν·
599 2189 742 2244 οὕτω
800 2207 1252 2262 κεκομπασμῑνος
1307 2187 1374 2256 ἦν
1434 2186 1524 2240 καὶ
1568 2179 1978 2257 ἀνυπέρϐλητος

319 2285 412 2336 τὸν
446 2285 612 2359 τῦφον
665 2280 692 2333 6
753 2273 1048 2352 βάρϐαρος,
1111 2276 1201 2331 καὶ
1258 2276 1356 2344 τήν
1396 2275 1562 2351 ὀφρὺν
1598 2272 1978 2352 ὑπερνέφελος,

323 2370 414 2426 καὶ
446 2370 520 2429 ὡς
567 2368 651 2430 ἷὸς
681 2366 1032 2444 πολύφθορος
1090 2365 1225 2420 κατὰ
1283 2363 1539 2420 πλεῖστον
1596 2361 1984 2437 διασκιδναμέ-

321 2458 411 2520 νός
435 2479 493 2512 τε
523 2457 614 2512 καὶ
648 2455 1032 2530 διαχεόμενος.
1092 2455 1346 2528 Πρόσεισι
1405 2452 1590 2508 τοίνυν
1635 2453 1982 2527 Καϊχοσρόης

323 2551 405 2618 τῷ
439 2545 653 2622 βασιλεῖ
711 2543 1013 2619 ἐκεχειρίας
1069 2544 1397 2618 γενομένης,
1454 2542 1546 2596 τὸν
1593 2539 1785 2596 ἐαυτοῦ
1822 2540 1984 2596 τοκέα

327 2636 467 2691 κατά
516 2639 676 2689 τοῦτο
737 2632 1058 2703 ἐζηλωκὼς,
1116 2631 1233 2687 ἐπεὶ
1286 2632 1534 2692 κάκεῖνος
1584 2630 1711 2692 τοὺς
1770 2631 1858 2708 ἀφ’
1900 2628 1983 2683 αἳ-

338 2745 505 2799 ματος
538 2722 738 2780 ἀδικῶν
794 2722 883 2778 καὶ
943 2722 1030 2777 ὑπ’
1086 2721 1257 2775 αὐτῶν
1313 2717 1674 2793 ἀδικούμενος
1723 2721 1858 2792 μετὰ
1885 2719 1986 2788 τὴν

334 2819 431 2870 106
488 2815 754 2888 φύσαντος
811 2812 1010 2866 ἐκεῖνον
1088 2809 1312 2869 Μασοὺτ
1388 2805 1712 2877 ἀποϐίωσιν,
1773 2809 1848 2871 ὡς
1909 2808 1984 2872 εἰς

337 2902 576 2980 ἄγκυραν
630 2902 775 2976 ἱερὰν
819 2903 907 2956 καὶ
964 2901 1183 2976 στερεὰν
1255 2905 1417 2976 χεῖρα
1490 2895 1792 2971 δυναμένην
1853 2898 1986 2952 ὑπο-

336 2990 544 3064 λαϐεῖν,
611 2994 702 3049 τὸν
788 2992 1159 3066 αὐτοκράτορα
1259 2984 1602 3064 προσέϐλεψε
1706 2985 1985 3058 Μανουήλ.

335 3083 494 3140 Ἀλλ’
526 3083 728 3145 ἐκεῖνος
763 3084 855 3155 μὲν
903 3081 964 3136 ού
1016 3079 1242 3134 κατόπιν
1276 3077 1515 3148 ἐλήλυθε
1559 3081 1666 3132 τῶν
1723 3074 1986 3148 ἐλπίδων,

337 3172 550 3246 μᾶλλον
617 3174 711 3246 μὲν
763 3171 853 3227 οὖν
923 3173 1013 3226 καὶ
1073 3171 1205 3243 ὑπὲρ
1265 3167 1487 3238 δόκησιν
1557 3163 1750 3242 ἀὸραῖς
1805 3167 1990 3228 αὐταῖς

1149 363 1256 422 DE
1298 360 1586 423 ALEXIO
1631 359 1910 421 lSAAClI
1955 357 2239 420 ANGELI
2284 357 2408 420 FB.
2455 359 2606 420 LIB.
2654 357 2756 419 III.

1162 494 1259 547 ὅσα
1334 491 1639 567 παρατείνει
1703 491 1753 552 ἐς
1831 492 2003 558 αύτὸ,

2099 493 2161 548 'ei
2194 492 2412 548 bellica:
2462 493 2665 562 peritia
2697 490 2980 560 superior,
3015 491 3201 546 auctis
3252 507 3318 546 ea
3349 492 3583 546 victoria
3609 493 3734 564 opi-

2072 584 2207 648 bus,
2266 583 2496 637 Masuto
2550 581 2776 636 cedenti
2835 589 2888 634 et
2939 579 3252 635 amicitiam
3311 580 3598 645 offerenti,
3649 591 3737 636 to-

3613 359 3734 420 902

2077 671 2325 743 parchia:
2389 683 2549 742 parte
2604 673 2894 742 adempta,
2932 669 3156 740 reliqua
3195 676 3255 724 ut
3304 671 3464 740 prius
3499 669 3744 726 tenenda

2076 761 2377 816 concessit.
2411 761 2520 815 Sed
2573 761 2629 815 in
2683 761 3068 815 Caichosroen
3111 775 3322 830 magno
3384 775 3518 813 cum
3551 761 3743 814 lurore

2080 850 2359 920 impetum
2395 850 2549 915 fecit,
2575 851 2934 920 jampridem
2971 850 3124 904 690
3161 849 3359 915 [conii,
3397 854 3459 902 ut.
3492 856 3745 919 paternas

2081 938 2254 1002 sedis,
2313 940 2575 1008 potiundi
2633 940 2900 1009 cupidus,
2959 947 3012 994 et
3073 938 3234 993 illum
3271 943 3333 992 ut
3366 943 3548 992 matre
3579 935 3745 991 Chri-

2081 1027 2269 1082 stiana
2318 1029 2574 1097 genitum
2609 1028 2738 1082 odio
2772 1044 3147 1100 prosequens.
3183 1027 3288 1082 Per
3321 1028 3536 1095 legatos
3569 1026 3745 1096 igitur

2083 1117 2321 1170 fratrem
2358 1126 2551 1171 monet
2584 1121 2648 1172 ut
2680 1118 2790 1171 sibi
2833 1118 3020 1173 lconio
3069 1118 3233 1172 cedat
3281 1123 3335 1172 et
3388 1122 3500 1171 toto
3532 1114 3747 1185 princi-

2085 1211 2219 1274 patu
2279 1206 2538 1270 excedat,
2571 1206 2618 1259 si
2669 1211 2724 1261 et
2759 1205 2932 1262 saluti
2974 1223 3086 1261 suis
3120 1214 3174 1260 et
3223 1206 3617 1276 subjectarum
3665 1207 3745 1260 ci-

2083 1294 2328 1348 vitatum
2387 1293 2774 1350 incolumitati
2807 1296 3141 1351 consultum
3198 1296 3350 1349 velit.
3384 1296 3602 1351 Tantus
3628 1301 3750 1350 erat

2086 1383 2281 1448 fastus,
2319 1392 2433 1438 tam
2467 1385 2740 1438 immanis
2795 1386 3124 1454 arrogantia
3164 1385 3417 1452 Barbari,
3465 1391 3519 1440 et
3545 1401 3746 1456 super-

2087 1471 2287 1528 cilium
2316 1489 2490 1543 supra
2551 1474 2737 1528 nubes
2793 1480 3130 1542 arrectum;
3183 1475 3265 1528 ita
3295 1475 3522 1529 exitiale
3581 1490 3750 1530 vene-

2088 1580 2231 1619 num
2287 1565 2394 1619 late
2443 1563 2905 1619 diffundebatur.
2941 1564 3125 1627 Quare
3187 1565 3554 1621 Caichosroes
3587 1567 3752 1621 factis

2089 1652 2360 1719 induciis,
2395 1657 2615 1723 patrem
2649 1669 2813 1708 suum
2848 1653 3132 1717 imitatus,
3162 1654 3570 1724 imperatorem
3603 1655 3742 1708 adit.

2091 1743 2235 1801 Nam
2268 1744 2313 1799 is
2343 1759 2574 1815 quoque
2621 1743 2838 1799 mutuis
2884 1744 3112 1813 injuriis
3163 1761 3291 1800 cum
3329 1745 3601 1799 fratribus
3633 1746 3753 1800 suis

2091 1837 2315 1888 certans
2343 1837 2471 1903 post
2510 1833 2714 1888 Masuti
2766 1833 2947 1903 patris
2979 1835 3204 1888 obitum
3236 1835 3302 1888 ad
3342 1834 3751 1904 imperatorem

2097 1922 2422 1978 Manuslem
2455 1930 2748 1977 utsacram
2765 1939 3034 1978 ancoram
3064 1931 3118 1977 et
3138 1923 3385 1978 salutare
3419 1923 3754 1994 praesidium

2092 2012 2374 2079 confugit.
2431 2015 2646 2066 Verum
2700 2012 2863 2066 illum
2925 2027 3052 2082 spes
3109 2029 3216 2067 sua
3267 2013 3410 2067 adeo
3463 2029 3576 2068 non
3629 2014 3756 2068 fru-

2095 2109 2275 2156 strata
2330 2105 2441 2163 est,
2493 2107 2555 2156 ut
2604 2101 2777 2155 etiam
2832 2118 2933 2170 spe
2978 2102 3263 2171 ampliora
3325 2101 3496 2156 fuerit
3554 2119 3755 2158 conse-

2095 2200 2308 2246 cutus:
2351 2190 2720 2245 Caichosroes
2780 2207 2908 2244 vero
2963 2207 3194 2261 parvam
3256 2190 3665 2261 benignitatem
3699 2195 3758 2247 et

2095 2280 2322 2334 inﬁnito
2374 2279 2677 2334 intervallo
2737 2279 3170 2349 exspectatione
3202 2295 3304 2334 sua
3347 2279 3629 2335 minorem
3662 2296 3757 2336 ex-

2099 2377 2315 2439 pertus,
2375 2384 2480 2424 nec
2537 2369 2859 2439 impetratis
2933 2373 3134 2424 contra
3213 2369 3441 2424 fratrem
3500 2368 3754 2438 auxiliis,

2097 2459 2333 2514 domum
2365 2457 2552 2514 rediit.
2615 2457 2726 2512 Sed
2778 2459 3008 2513 vixdum
3069 2457 3327 2513 Iconium
3391 2459 3757 2527 ingressusa

2101 2547 2417 2604 Rucrauito
2475 2547 2873 2617 opprimitur;
2915 2553 2968 2602 et
3022 2548 3208 2618 patria
3267 2547 3467 2617 pulsus
3515 2549 3586 2601 ad
3653 2549 3754 2603 Le-

2103 2638 2316 2692 bunem
2358 2637 2418 2691 in
2473 2635 2807 2692 Armeniam
2869 2636 3151 2706 confugit,
3184 2636 3281 2692 ubi
3345 2637 3668 2692 humaniter
3699 2641 3758 2693 et

2101 2725 2402 2796 splendide
2455 2735 2537 2780 est
2588 2729 2920 2797 susceptus.
2972 2725 3119 2780 69]
3194 2725 3309 2779 Etsi
3375 2728 3530 2781 enim
3577 2725 3759 2782 multa

2101 2816 2256 2870 bella
2307 2815 2460 2870 inter
2513 2832 2574 2870 se
2624 2819 2945 2884 gesserant,
2997 2823 3188 2870 tamen
3249 2814 3440 2870 solent
3489 2813 3757 2871 homines

2105 2920 2220 2960 non
2274 2909 2502 2959 tantum
2550 2908 2838 2975 cognatos
2889 2908 2946 2959 et
3002 2902 3309 2974 populares
3360 2903 3625 2970 alﬂictos,
3657 2905 3760 2960 sed

2107 2993 2297 3049 hostes
2355 2995 2528 3048 etiam
2562 2993 2860 3065 supplices
2909 2991 3155 3064 benigne
3185 2999 3445 3048 tractare.
3479 2993 3758 3049 Craterum

2106 3097 2238 3136 eum
2270 3080 2326 3136 in
2361 3083 2652 3153 integrum
2679 3083 2982 3138 restituere
3003 3099 3238 3153 prorsus
3271 3081 3447 3137 noluit
3475 3082 3760 3149 Lebunes,

2109 3172 2258 3244 quod
2290 3171 2398 3226 sibi
2453 3173 2634 3226 foedus
2666 3188 2793 3227 cum
2846 3173 3158 3229 Rucratino
3191 3175 3542 3228 intercedere
3599 3173 3763 3226 afﬁr-

333 3261 688 3337 ἔντετύχηκεο
750 3262 1098 3335 Καϊχοσρόης
1146 3257 1202 3313 δὲ
1263 3257 1475 3333 βραχέα
1536 3255 1669 3312 ἅττα
1727 3255 1994 3334 φιλοφρο-

2109 3261 2327 3330 mabat,
2392 3277 2495 3317 nec
2541 3262 2913 3318 incruentum
2973 3263 3092 3318 fore
3141 3263 3422 3318 auxilium
3485 3269 3762 3318 cerneret.

333 3353 515 3422 νηθεῖς
564 3351 654 3406 καὶ
701 3355 807 3405 τῶν
860 3349 912 3405 ἐν
967 3353 1044 3419 νῷ
1101 3346 1219 3402 οὐδ’
1273 3345 1396 3402 ὅσον
1451 3347 1618 3401 εἰπεῖν
1663 3343 1996 3420 ἐνδεέστερα,

340 3443 478 3515 μήτε
529 3440 780 3515 σύναρσιν
838 3439 1084 3512 εὑρηκὼς
1160 3443 1262 3505 τῆς
1321 3437 1459 3510 πρὸς
1518 3435 1608 3490 τὸν
1669 3435 1993 3509 κασίγνητον

333 3531 654 3603 ἀντιτάξεως
710 3527 1088 3602 ἓπανέκαμψεν
1143 3522 1348 3580 οἴκαδε*
1407 3527 1497 3599 [Ρ.
1533 3526 1662 3596 337]
1714 3521 1843 3578 ἀλλ’
1896 3524 1996 3579 οὐκ

337 3618 474 3700 ἔφθη
532 3619 782 3693 καθαρῶς
841 3617 1022 3672 εἰσιὼν
1088 3614 1149 3668 τὸ
1221 3612 1467 3682 Ἰκόνιον,
1525 3613 1615 3666 καὶ
1674 3616 1770 3667 106
1831 3613 1995 3669 Ῥου-

2110 3351 2469 3422 Quapropter
2532 3350 2911 3408 Caichosroes
2976 3352 3165 3406 denuo
3223 3351 3294 3406 ad
3357 3352 3765 3422 imperatorem

2107 3440 2248 3504 abit,
2309 3456 2411 3509 spe
2462 3439 2818 3511 principatus
2865 3441 2992 3510 ejus
3047 3458 3154 3512 ope
3213 3439 3592 3510 recuperandi
3625 3456 3766 3495 con-

2110 3535 2296 3599 cepta.
2331 3528 2442 3584 Sed
2500 3530 2708 3585 iterum
2744 3532 3054 3585 frustratus
3119 3531 3272 3601 apud
3306 3531 3597 3586 Romanos
3627 3529 3768 3584 vixit

2110 3617 2316 3672 minori
2344 3617 2653 3688 splendore
2685 3634 2856 3690 quam
2897 3635 3000 3689 pro
3033 3619 3330 3674 nobilitate
3361 3619 3610 3689 generis.

337 3699 598 3783 κρατίνου
658 3708 772 3761 κατ’
833 3706 1000 3760 αὐτοῦ
1058 3701 1308 3764 ἐπιόντος
1365 3708 1465 3770 τῆς
1525 3721 1583 3755 τε
1641 3701 1822 3775 ἀρχῆς
1883 3699 2279 3776 ἐκσφαιρίζεται
2332 3704 2422 3758 καὶ
2485 3706 2653 3782 φυγὰς
2715 3704 2792 3768 εἷς
2850 3706 3144 3778 Ἀρμενίαν
3199 3706 3345 3780 παρὰ
3397 3699 3646 3778 Λεϐούνῃ
3680 3702 3770 3778 γί-

345 3821 510 3856 νεται.
572 3798 654 3855 Τὰ
709 3794 753 3851 δ’
803 3793 890 3850 ἐπὶ
948 3795 1168 3855 τούτοις
1225 3791 1324 3846 οὐκ
1389 3788 1609 3863 ἀμυδρά
1673 3790 1766 3862 μὲν
1827 3790 1893 3845 τὰ
1949 3798 2050 3860 τῆς
2111 3791 2221 3847 ἐκεῖ
2279 3791 2604 3868 παραδοχῆς
2656 3799 2752 3849 106
2812 3795 3122 3869 ἀνθρώπου.
3177 3792 3439 3870 ἐπαγωγά
3467 3791 3524 3847 δὲ
3558 3792 3771 3865 μᾶλλον

343 3890 433 3944 καὶ
489 3885 676 3950 ἄλλως
738 3884 1020 3964 χαρίεντα,
1081 3882 1126 3938 εἰ
1181 3883 1270 3936 καὶ
1335 3876 1528 3954 ξυνέϐη
1585 3884 1720 3957 σφᾶς
1777 3878 2050 3942 πολλάκις
2101 3883 2219 3936 κατ’
2278 3881 2546 3952 ἀλλήλων
2603 3883 2896 3960 ἐξενεγκεῖν
2953 3881 3223 3955 πόλεμον,
3273 3881 3387 3936 ἐπεὶ
3444 3882 3534 3936 καὶ
3570 3881 3770 3948 φιλοῦ-

349 4001 431 4035 σιν
494 3976 770 4052 ὂίνθρωποι
829 3976 903 4049 μή
969 3974 1135 4047 μόνον
1193 3972 1253 4026 τὸ
1312 3971 1556 4047 συγγενὲς
1611 3970 1701 4024 καὶ
1761 3971 2044 4048 ὁμόφυλον
2102 3970 2318 4050 πάσχον
2374 3977 2578 4037 κακῶς,
2620 3971 2764 4028 ἀλλὰ
2823 3994 2940 4033 πως
2998 3972 3088 4026 καὶ
3143 3972 3206 4026 τὸ
3265 3969 3662 4047 ἀλλόγλωττον
3702 3970 3769 4024 ού

349 4069 508 4144 φανὲν
565 4066 840 4128 πολλάκις
899 4063 1170 4136 πολέμιον
1229 4061 1456 4136 προσιὸν
1512 4061 1600 4115 καὶ
1655 4067 1998 4134 προσπῖπτον
2057 4059 2468 4138 φιλανθρωπίας
2527 4064 2831 4132 καταξιοῦν·
2893 4062 2960 4116 τὰ
3022 4059 3079 4115 δὲ
3135 4083 3195 4136 γε
3251 4067 3351 4130 τῆς
3402 4059 3615 4132 ἀμύνης
3682 4061 3770 4114 καὶ

347 4167 448 4229 τῆς
500 4163 824 4232 καταγωγῆς
879 4152 932 4215 ἒς
991 4156 1091 4223 τήν
1150 4151 1415 4227 προτέραν
1475 4151 1774 4224 ἠγεμονίαν
1852 4149 2174 4224 ὁλοσχερῶς
2226 4153 2253 4206 6
2304 4147 2578 4221 Λεϐούνης
2655 4151 2947 4221 ἀπείπατο,
3021 4149 3389 4225 Ῥουκρατίνῳ
3459 4148 3774 4212 σπείσασθαι

352 4248 592 4321 φάσκων,
641 4247 732 4299 καὶ
801 4241 941 4317 μηδὲ
1013 4244 1113 4312 τὴν
1191 4241 1442 4315 σύναρσιν
1499 4236 1646 4313 ἔχειν
1707 4240 1836 4312 ὁρᾷν
1913 4239 2264 4311 ἀναίμακτον.
2327 4239 2424 4294 Διὰ
2497 4244 2668 4310 ταῦτα
2721 4240 2906 4295 τοίνυν
2983 4239 3036 4302 ἐς
3119 4236 3345 4316 βασιλέα
3421 4236 3775 4313 Καίχοσρόης

354 4332 784 4410 μετακεχωρηκε
834 4330 1023 4401 πάλιν,
1080 4327 1455 4402 συλλήψεσθαί
1535 4328 1586 4381 οἱ
1665 4328 1800 4399 πρὸς
1893 4329 1992 4396 τήν
2097 4326 2384 4402 ἀνάβρυσῖν
2452 4334 2551 4395 τῆς
2620 4329 2801 4403 ἀρχῆς
2915 4326 3285 4399 ὁπωσδήποτε
3342 4327 3767 4406 φανταζόμενος.

353 4427 469 4474 Τῶν
532 4418 589 4475 δὲ
645 4421 781 4475 κατὰ
839 4419 1039 4474 σκοπὸν
1092 4417 1244 4483 αὖθις
1300 4415 1612 4490 διαμαρτὼν
1668 4413 1967 4488 Ῥωμαίοις
2028 4422 2210 4488 συνῆν,
2269 4417 2346 4488 μὴ
2412 4417 2548 4470 πάνυ
2610 4417 3044 4493 μεταλαγχάνων
3117 4421 3404 4492 θεραπειας
3466 4416 3546 4488 τῷ
3625 4414 3769 4493 γένει

355 4512 683 4573 ἐπεοικυίας.

422 4604 478 4659 ε’.
538 4604 632 4673 Τῷ
705 4598 751 4655 δ’
827 4598 1016 4672 ἐφεξῆς
1083 4592 1189 4652 ἔτει
1258 4597 1391 4670 μετᾶ
1481 4592 1745 4667 Κομάνων
1831 4593 1995 4649 πάλιν

2175 4597 2229 4666 5.
2265 4597 2536 4669 Sequenti
2577 4615 2730 4656 anno
2782 4600 2978 4655 Blachi
3027 4617 3161 4656 cum
3213 4599 3487 4654 Comanis
3520 4598 3766 4669 impres-

352 4690 646 4761 ἐπεξιόντες
696 4690 749 4745 οἱ
797 4688 1036 4764 Βλάχοι,
1100 4686 1190 4742 καὶ
1235 4687 1301 4741 τὰ
1348 4684 1611 4760 κράτιστα
1660 4689 1760 4752 τῆς
1814 4685 2002 4758 χώρας

348 4782 640 4856 κείραντες,
690 4779 888 4840 ἀσινεῖς
936 4774 1288 4832 ἐπανὲλυσαν.
1340 4775 1501 4848 Τάχα
1549 4770 1597 4826 δ’
1653 4770 1712 4826 ἂν
1761 4773 1852 4826 καὶ
1882 4777 2002 4833 ταῖς

347 4869 630 4948 χερσαίαις
690 4866 890 4930 πύλαις
939 4873 1039 4936 τῆς
1117 4861 1402 4940 βασιλίδος
1463 4863 1860 4937 προσήγγισαν,
1923 4861 2005 4916 ἐπ’

345 4959 513 5027 αὐτὴν
589 4955 946 5033 τραπόμενοι,
993 4953 1038 5007 εἰ
1102 4953 1178 5024 μή
1236 4951 1299 5006 τὸ
1365 4948 1894 5025 χριστιανικώτατον
1955 4951 2006 5005 οἱ

344 5048 479 5110 Ῥὼς
513 5047 666 5123 γένος
724 5045 813 5099 καὶ
872 5043 927 5098 οἱ
983 5041 1192 5098 τούτῶν
1257 5041 1506 5116 ἀρχικῶς
1558 5036 2005 5114 προεδρεύοντες,

347 5143 510 5194 τοῦτο
546 5140 638 5211 μὶν
689 5141 803 5192 κατ’
863 5133 1178 5209 αὐθαίρετον
1237 5132 1418 5206 ὁρμὴν
1483 5129 1811 5200 κινηθέντες,
1842 5135 2006 5186 τοῦτο

353 5225 410 5282 δὲ
454 5234 572 5290 ταῖς
623 5231 720 5282 τοῦ
769 5225 1167 5300 ἀρχιποίμενος
1216 5223 1395 5277 αὐτῶν
1439 5221 1625 5281 λιταῖς
1662 5217 2008 5307 ὑπενδόντες,

353 5317 666 5392 ἀξιάγαστον
724 5319 839 5372 οἷον
896 5317 958 5371 τὸ
1042 5313 1323 5391 πρόθυμον
1398 5311 1486 5366 ἐπὶ
1543 5316 1658 5372 τοῖς
1714 5311 2005 5384 Ῥωμαίων

351 5405 688 5480 ἐπεδείξαντο
741 5406 1043 5484 πράγμασι,
1109 5403 1209 5459 καὶ
1287 5401 1377 5458 διὰ
1429 5402 1521 5457 τὸν
1601 5404 1699 5455 106
1770 5402 2010 5475 Χριστοῦ

349 5494 484 5551 λαὸν
530 5496 620 5550 τὸν
669 5500 848 5559 κακῶς
896 5496 998 5552 ὑπὸ
1047 5494 1154 5550 τῶν
1211 5487 1516 5568 Βαρϐάρων
1568 5490 1852 5564 πάσχοντα
1890 5495 2010 5553 ταῖς

345 5590 445 5640 106
485 5583 634 5646 ἔτους
689 5583 963 5647 πολλάκις
1021 5584 1339 5659 ἂπαγωγαῖς
1399 5581 1490 5636 καὶ
1537 5583 1656 5640 ταῖς
1717 5577 2009 5635 ἀποδόσεσι

347 5675 559 5730 τούτων
599 5672 675 5736 είς
723 5671 849 5747 ἔθνη
898 5675 963 5730 τὰ
1012 5677 1089 5750 μὴ
1141 5672 1504 5750 χριστώνυμα
1555 5666 2007 5746 δυσχεράναντες.

2115 4685 2276 4742 sione
2333 4688 2392 4742 in
2443 4689 2748 4745 Thraciam
2804 4690 2969 4756 facta,
3028 4694 3084 4745 et
3141 4688 3380 4761 optimis
3445 4687 3774 4758 quibusque

2116 4776 2425 4848 provinciae
2462 4777 2718 4847 partibus
2749 4777 3345 4848 vastatis,incolumes
3377 4783 3774 4842 recesserunt;

2117 4882 2182 4920 ac
2281 4865 2519 4922 forsitan
2598 4867 2668 4921 ad
2730 4862 3060 4923 terrestrem
3141 4867 3527 4939 itnperatricis
3616 4864 3777 4920 urbis

2115 4958 2341 5027 portam
2402 4956 2802 5023 accessissent,
2883 4955 2997 5011 nisi
3049 4957 3208 5010 Βοεεί
3276 4953 3776 5010 Christianissima

2115 5060 2260 5115 gens
2291 5060 2608 5116 eorumque
2642 5045 2952 5116 principes,
2991 5045 3199 5115 partim
3233 5060 3335 5099 sua
3385 5051 3614 5115 sponte,
3648 5059 3775 5114 par-

2117 5137 2216 5191 tim
2237 5137 2527 5208 pontiﬁcis
2543 5137 2815 5207 precibus
2836 5136 3095 5204 adducti,
3111 5135 3441 5191 admirabili
3461 5136 3649 5190 studio
3673 5149 3777 5206 pro

2115 5225 2397 5280 Romanis
2444 5230 2900 5297 oppugnassent,
2934 5225 3244 5280 Christiani
3301 5223 3493 5294 populi
3527 5221 3774 5289 miserti,

2116 5315 2210 5384 qui
2243 5331 2276 5368 a
2313 5314 2580 5370 Barbaris
2613 5313 2764 5370 male
2821 5316 3192 5382 tractabatur,
3226 5323 3282 5371 et
3322 5313 3610 5383 indignati
3641 5327 3776 5368 eum

2117 5405 2325 5476 sepius
2353 5407 2554 5461 eodem
2591 5422 2744 5462 anno
2773 5406 2978 5462 abduci
3005 5410 3061 5461 et
3091 5406 3364 5478 gentibus
3398 5423 3430 5460 a
3461 5403 3784 5460 Christiana

2117 5492 2396 5566 religione
2455 5493 2660 5550 alienis
2712 5495 3054 5552 venundari.
3138 5495 3300 5552 Unde
3357 5494 3558 5551 Calizas
3617 5493 3770 5549 692

2117 5583 2389 5654 princeps
2435 5583 2745 5651 Romanus,
2778 5600 2993 5656 magno
3050 5589 3106 5641 et
3137 5585 3264 5640 forti
3298 5583 3553 5640 exercitu
3585 5581 3778 5638 subito

2117 5681 2336 5741 coacto,
2369 5672 2428 5728 in
2463 5672 2848 5731 Comanorum
2907 5690 3110 5747 agrum
3141 5674 3371 5747 irrupit,
3397 5680 3451 5729 et
3482 5674 3608 5730 sine
3648 5669 3764 5728 ullo
