4074 6406
296 364 414 426 903

1615 355 1924 419 ΝῙΕΕΤᾹΞ
1964 351 2387 417 ΟΗΟΝῙΛΤΛΕ

3594 351 3722 415 9οι

291 495 523 568 negotio
557 493 796 566 diripuit
827 499 880 549 et
909 492 1152 549 vastavit
1183 492 1374 548 omnia
1403 509 1418 560 ;
1455 505 1640 562 eoque
1656 487 1939 560 sepiusin

2058 487 2216 550 Ὃοεν
2281 485 2372 540 καὶ
2440 482 2530 540 διὰ
2595 479 2810 560 ταχέων
2899 483 3452 558 παρασκευάσάμενος
3522 484 3551 539 6
3615 489 3722 554 τῆς

287 583 532 658 gloriam
563 589 618 638 et
677 583 1198 654 ampliﬁcationem
1255 581 1569 658 inculpata:
1609 577 1955 634 Christiana

288 657 442 737 ﬁdei,
475 675 648 744 cujus
682 674 1072 743 minimapars
1105 681 1161 725 et
1195 686 1376 741 grano
1409 657 1631 740 sinapis
1663 685 1767 738 par
1788 683 1949 723 mon-

287 770 374 820 tes
403 764 731 834 transponit
760 770 812 817 et
843 761 1119 816 sutilimia
1148 759 1442 825 transfert,
1480 758 1726 829 benigne
1776 757 1946 820 facto,

286 855 677 910 Comanorum
717 851 1084 906 incursiones
1136 849 1430 920 repressit.
1467 851 1524 903 et
1583 846 1860 902 Romanis
1889 845 1947 899 in

285 943 494 1000 excidii
545 939 796 1012 periculo
847 938 1182 995 constitutis
1241 937 1523 992 auxilium
1579 934 1711 990 tulit
1755 933 1946 1006 inOpi-

283 1038 480 1088 natu'n
527 1047 766 1102 prorsus
809 1039 863 1085 et
896 1029 1297 1100 improvisum,
1357 1025 1638 1080 divinitus
1706 1023 1946 1080 omnino

283 1125 655 1195 procuratum
718 1137 820 1192 per
856 1120 1117 1189 ejusdem
1153 1116 1453 1188 religionis
1487 1114 1794 1188 populum.
1827 1113 1944 1169 Cin-

283 1224 472 1272 terum
504 1230 569 1270 eo
616 1228 768 1267 anno
802 1211 860 1266 hi
921 1208 1332 1280 Tauroscyt'ntn
1387 1222 1623 1279 quoque
1659 1205 1944 1261 seditione

279 1302 589 1360 conﬂictati
631 1305 788 1368 sunt,
821 1308 875 1354 et
907 1299 1206 1354 Romanus
1237 1297 1332 1352 hic
1365 1301 1424 1352 et
1445 1296 1631 1350 Ciabaa
1669 1294 1944 1366 princeps

285 1393 529 1448 Ruricas
551 1390 708 1445 crede
726 1387 1100 1461 popularium
1125 1401 1367 1443 suorum
1393 1385 1941 1441 cnsesimbuerunt.

283 1483 390 1536 Sed
424 1481 723 1536 Romanus
755 1477 926 1532 homo
959 1476 1235 1532 robustus
1257 1479 1315 1530 et
1355 1482 1623 1530 strenuus
1655 1477 1780 1527 tum
1803 1487 1944 1543 quo-

283 1587 400 1642 que
423 1568 638 1624 multos
666 1569 954 1622 Cumanos
986 1564 1219 1630 cecidit,
1252 1563 1348 1634 qui
1393 1563 1613 1634 optima
1658 1566 1716 1618 et
1746 1561 1940 1616 fortis-

283 1663 431 1714 sima
456 1658 744 1730 phalange
776 1655 1000 1710 Ruricae
1029 1668 1198 1722 opem
1240 1651 1509 1707 tulerant.

2067 573 2348 646 Καλίτζης
2385 575 2614 653 ἡγεμὼν
2659 575 2958 648 Ῥωμσνὸς,
2997 573 3209 648 ἀγαθήν
3263 593 3323 629 τε
3377 572 3466 630 καὶ
3496 571 3722 642 πολλὴν

2059 665 2338 738 ἠθροικὼς
2396 665 2670 740 στρατιάν,
2732 663 2869 719 κατά
2943 661 3208 736 Κομάνων
3258 662 3564 738 ἐξώρμησε,
3621 663 3722 718 καὶ

2058 755 2158 822 τὴν
2235 759 2340 828 γῆν
2416 753 2593 809 αὐτῶν
2669 753 2809 808 κατά
2890 749 3113 822 πολλὴν
3190 751 3466 809 εὐπέτειαν
3543 750 3718 808 ἐπιὼν

2056 839 2270 920 ἔφθειρε
2325 841 2416 898 καὶ
2490 844 2742 924 ἠφάνισε.
2819 842 2927 898 Καὶ
3001 845 3164 898 τοῦτο
3239 841 3563 922 φιλοφρόνω
3638 841 3723 906 εἷς

2056 931 2326 1008 καύχημα
2398 933 2487 988 καὶ
2569 930 2960 1008 μεγαλωσύνην
3023 933 3124 1003 τῆς
3197 935 3306 988 τῶν
3373 935 3720 1006 Χριστιανῶν

2057 1023 2374 1096 ἀμωμήτου
2448 1020 2684 1084 πίστεως
2757 1019 3033 1083 πολλάκις
3117 1017 3575 1096 διαπραξάμενος,
3651 1022 3727 1090 ἧς

2053 1111 2144 1167 καὶ
2203 1111 2267 1166 τὸ
2326 1110 2670 1186 βραχύτατον
2709 1111 2796 1165 καὶ
2861 1111 2987 1166 ὅσον
3043 1110 3245 1174 κόκκος
3301 1109 3571 1174 σινάπεως
3616 1129 3725 1184 με-

2055 1200 2296 1272 θίστησιν
2356 1197 2458 1278 ὅρη
2513 1200 2605 1256 καὶ
2675 1199 2996 1273 μετατίθησι
3050 1201 3118 1256 τά
3172 1200 3439 1276 μετέωρα,
3469 1202 3564 1264 τάς
3599 1204 3718 1256 τῶν

2057 1291 2328 1366 Κομάνων
2426 1288 2654 1370 ἐφόδους
2755 1285 2949 1361 ἔστησε
3060 1291 3151 1347 καὶ
3253 1297 3372 1354 τοῖς
3447 1293 3722 1362 ἀνήκεστα

2053 1381 2330 1456 πάσχουσι
2360 1379 2660 1454 Ῥωμαίοις
2687 1382 2983 1457 ἀνακωχήν
3027 1377 3324 1457 ἐϐράϐευσε
3368 1386 3468 1438 τοῦ
3517 1386 3725 1454 κακοῦ,

2051 1468 2421 1540 ἀνυπονόητος
2469 1469 2664 1547 ἀρωγὴ
2721 1470 2812 1526 καὶ
2870 1469 3273 1548 ἀσυλλόγιστος
3335 1474 3720 1548 συνασπισμὸς

2051 1559 2142 1614 καὶ
2173 1557 2410 1636 φάλαγξ,
2442 1560 2516 1622 ὡς
2567 1559 2762 1629 εἰπεῖν,
2814 1558 3212 1624 θεοσύλλεκτος
3243 1559 3384 1628 ἔθνει
3416 1562 3717 1638 ὁμοπίστῳ

2051 1648 2251 1728 φανείς.
2329 1647 2480 1718 [ιλήν
2567 1646 2694 1704 οὐδὲ
2766 1650 2836 1706 τά
2907 1651 3045 1706 κατά
3116 1651 3245 1713 τοὺς
3319 1651 3724 1727 Ταυροσκύθας

283 1744 513 1806 τούτους
547 1743 729 1798 ὁτότε
759 1742 960 1817 χρόνος
1011 1737 1356 1815 παρέδραμεν
1411 1737 1758 1807 ἀστασίαστα,
1817 1737 1952 1794 κατά
2009 1734 2058 1792 δ’
2114 1737 2405 1815 ὁμοφύλου
2463 1745 2674 1816 σφαγῆς
2727 1739 2791 1794 τὸ
2843 1739 2995 1818 ξίφος
3047 1735 3242 1815 ἔϐαψεν
3278 1741 3720 1814 δτεῬωμανὸς

285 1836 445 1897 οὗτος
476 1835 566 1889 καὶ
599 1834 627 1888 6
659 1831 860 1888 διέπων
893 1832 953 1886 τὸ
985 1824 1160 1884 Κίαϐα
1185 1827 1490 1902 Ῥούρικας·
1541 1827 1698 1898 νίκην
1758 1825 1804 1882 δ’
1861 1827 1890 1881 6
1945 1827 2227 1899 Ῥωμανὸς
2285 1827 2742 1903 ἀπενεγκάμενος,
2787 1826 3076 1904 ῥωμαλέος
3109 1827 3183 1884 ὢν
3210 1831 3274 1886 τὸ
3303 1834 3466 1905 σῶμα
3494 1831 3588 1885 καὶ
3615 1831 3719 1894 τάς

289 1929 482 2004 χεῖρας
515 1920 866 1998 δραστήριος,
896 1917 1142 1980 πολλοὺς
1171 1919 1260 1974 καὶ
1291 1917 1415 1972 τότε
1444 1922 1554 1972 τῶν
1589 1915 1853 1989 Κομάνων
1881 1916 2243 1992 κατέτρωσεν,
2275 1915 2329 1972 οἳ
2376 1919 2750 1992 συνεφήψαντο
2792 1925 2892 1988 τῆς
2944 1919 3132 1994 μάχης
3161 1924 3242 1992 τῷ
3270 1918 3548 1996 Ῥούρικᾳ,
3575 1940 3723 1994 κρα-

286 2014 444 2084 τίστη
486 2014 577 2068 καὶ
607 2011 958 2088 γενναιοτάτη
993 2007 1200 2086 φάλαγξ
1234 2008 1357 2082 περὶ
1389 2007 1550 2062 αὐτὸν
1583 2007 1877 2080 ὁρώμενοι.

357 2106 462 2160 Sed
516 2119 626 2161 nec
684 2103 790 2159 hoc
837 2101 1064 2156 silentio
1130 2101 1592 2170 praetereundum
1641 2103 1747 2153 est.
1821 2097 1939 2152 Fuit

2125 2095 2308 2153 ἈΛλὰ
2361 2097 2542 2173 χρεὼν
2602 2095 2744 2170 μηδὲ
2800 2102 2962 2155 τοότο
3019 2096 3269 2174 παριδεῖν
3329 2099 3717 2176 ἀνιστόρητον.

284 2192 716 2250 nummularius
780 2191 1020 2261 quidam
1083 2188 1462 2246 Calomodius
1527 2187 1780 2254 nomine,
1837 2187 1938 2258 qui

278 2282 618 2355 longinquis
655 2287 711 2336 et
744 2279 1082 2335 difﬁcilibus
1115 2276 1605 2346 negotiationibus
1629 2276 1938 2332 maximam

277 2372 587 2447 pecuniam
643 2370 1018 2444 acquisicrat,
1076 2368 1248 2424 homo
1279 2384 1488 2423 avarus
1543 2373 1602 2423 et
1642 2366 1940 2434 sordidus,

279 2470 507 2520 tantum
545 2479 662 2519 non
693 2462 1061 2518 indormiens
1086 2458 1382 2528 marsupio
1413 2463 1471 2514 ot
1503 2456 1758 2530 pecuniis
1785 2461 1940 2529 post-

281 2569 502 2627 ponens
531 2552 750 2607 omuia.
785 2553 893 2617 Qui
950 2549 1104 2606 698
1147 2566 1280 2604 cum
1337 2565 1438 2618 pro
1469 2547 1758 2603 ditissima
1786 2545 1935 2602 cele-

283 2646 571 2712 braretur,
619 2651 675 2698 et
718 2659 834 2698 non
884 2646 950 2696 ut.
999 2641 1207 2696 hortus
1251 2638 1475 2694 Alcinoi
1530 2640 1703 2693 ﬁcum
1765 2653 1941 2710 super

283 2734 455 2789 ﬁcum
489 2737 546 2789 et
576 2733 768 2802 pirum
795 2747 973 2803 super
1019 2729 1234 2802 pirum,
1263 2729 1364 2784 sed
1398 2744 1607 2783 aurum
1639 2744 1806 2795 auro,
1854 2743 1942 2782 ar-

279 2831 514 2895 gentum
591 2830 822 2893 argento
907 2820 1259 2874 cumulatum
1331 2818 1568 2890 gignere
1633 2817 1937 2884 diceretur,

277 2927 574 2969 avarorum
625 2910 953 2982 principum
1024 2907 1251 2963 insidiis
1279 2917 1363 2962 est
1433 2907 1720 2976 appetitus
1769 2922 1940 2977 saepe.

275 3004 384 3058 Sed
415 3011 531 3058 erat
591 3003 738 3056 idem
789 3000 1027 3056 omnino
1081 2997 1250 3054 arbor
1281 2997 1650 3065 cognitionis,
1703 2995 1763 3051 in
1820 2997 1940 3052 foro

277 3105 330 3153 et
361 3095 517 3152 urbis
573 3093 888 3165 angiportis
921 3099 1190 3162 tanquam
1232 3091 1292 3146 in
1348 3091 1519 3146 Edem
1554 3090 1828 3160 plantata.
1875 3089 1941 3147 Ut

279 3186 451 3256 igitur
491 3185 647 3255 pomi
693 3181 936 3252 eleganti
983 3197 1018 3235 a
1065 3181 1352 3251 quondam
1411 3180 1626 3250 primos
1679 3185 1941 3250 parentes

279 3281 504 3330 nostros
553 3273 612 3328 in
669 3271 994 3327 servitutem
1035 3269 1268 3339 redegit,
1320 3269 1404 3324 sic
1453 3276 1571 3324 tum
1625 3268 1748 3324 auri
1792 3267 1942 3324 nitor

275 3362 494 3418 aulicos
526 3361 598 3416 ad
633 3361 887 3430 rapinam
920 3358 1200 3414 invitavit.
1232 3359 1338 3413 Sed
1371 3358 1544 3413 simul
1593 3364 1648 3412 et
1677 3356 1938 3413 Calomo-

275 3452 372 3508 dio
432 3465 633 3506 manus
664 3449 1006 3519 iniecerunt,
1065 3446 1406 3502 seditionem
1448 3447 1508 3500 in
1570 3447 1710 3502 urbe
1756 3445 1936 3502 exila-

2053 2187 2152 2242 Ἦν
2180 2207 2262 2249 τις
2290 2183 2686 2259 κὸλλυϐιστής,
2747 2186 3102 2262 Καλομόδιος
3153 2190 3253 2258 τήν
3313 2189 3718 2264 προσηγορίαν,

2053 2275 2224 2338 Οὗτος
2293 2278 2576 2352 χρήμασιν
2632 2272 2899 2354 ἐδεϐρίθει
2962 2276 3224 2349 πολλοῖς,
3287 2278 3562 2354 ἀργαλέας
3622 2279 3720 2335 καὶ

2053 2362 2287 2441 δολιχᾶς
2335 2363 2603 2440 ἐκδημίας
2651 2369 2770 2422 κατ’
2814 2367 3086 2442 ἐμπορίαν
3132 2371 3220 2442 [Ρο
3271 2369 3400 2442 338]
3443 2366 3716 2444 πολλαχῆ

2052 2454 2424 2530 στειλάμενος,
2499 2453 2926 2531 κερδαλεόφρων
2998 2455 3305 2532 ἄνθρωπος·
3365 2456 3560 2530 ἀμέλει
3622 2457 3721 2513 καὶ

2052 2541 2430 2620 συγκαθεύδων
2483 2549 2564 2616 τῷ
2621 2544 2921 2623 φασκωλίῳ
2973 2546 3062 2602 καὶ
3118 2546 3330 2624 πρίθων
3379 2547 3445 2603 τὸ
3483 2548 3716 2622 κύμινον

2049 2633 2141 2687 καὶ
2170 2635 2346 2688 πάντα
2375 2633 2543 2698 τιθεὶς
2592 2638 2691 2690 τοῦ
2757 2635 3195 2714 χρηματίζεσθαι
3253 2633 3479 2712 δεύτερα
3509 2633 3716 2694 δέδωκε

2049 2723 2168 2786 καθ’
2254 2722 2445 2778 ἑαυτοῦ
2529 2721 2801 2785 πολλάκις
2884 2719 3057 2788 λαϐὰς
3145 2731 3268 2788 τοῖς
3333 2729 3712 2805 χρυσοθήραις

2049 2807 2337 2886 ἄρχουσιν,
2396 2813 2694 2885 ἀνθρώπω)
2771 2813 2910 2868 εἶναι
2970 2812 3400 2888 ῥυηφενέστατος
3476 2816 3568 2871 καὶ
3633 2817 3710 2880 ὡς

2047 2907 2224 2969 κῆπος
2284 2900 2624 2964 Ἀλκινόειος
2684 2903 2776 2958 καὶ
2833 2905 2934 2972 τῆς
2993 2901 3140 2979 ὥρας
3196 2906 3260 2960 τὸ
3321 2904 3537 2982 ἀκαρὲς,
3597 2905 3699 2960 οὐκ

2051 2986 2226 3064 δχνην
2253 2990 2458 3066 τρίφων
2492 2989 2578 3046 ἐπ’
2621 2985 2764 3066 ὄχνῃ
2816 2993 2977 3048 σῦκόν
3021 2994 3070 3048 τ’
3121 2991 3210 3048 ἐπὶ
3243 2993 3394 3068 σύκῳ
3417 2992 3694 3071 παρέχειν,

2047 3079 2254 3154 χρύσὸν
2283 3076 2342 3134 δὲ
2372 3081 2551 3158 φέρειν
2609 3079 2697 3134 ἐπὶ
2755 3085 2966 3156 χρυσῷ,
3025 3081 3114 3137 ἰπὶ
3173 3080 3222 3138 δ’
3277 3082 3520 3159 ἀργυρίῳ
3549 3081 3702 3160 φύιιν

2049 3167 2332 3246 ἀργύριον.
2390 3169 2452 3226 Ὁ
2509 3165 2567 3224 δὲ
2623 3170 2788 3247 φυτὸν
2859 3169 3114 3247 ἄντικρυς
3171 3172 3428 3247 γνώσεως
3481 3171 3573 3240 ἦν,
3630 3171 3709 3236 ὡς

2048 3255 2102 3313 ἐν
2131 3255 2300 3332 Ἐδὲμ
2355 3258 2756 3336 πεφυτευμένον
2813 3265 2882 3336 τῇ
2943 3261 3115 3338 ἀγορᾷ
3165 3263 3258 3318 καὶ
3315 3267 3434 3325 τοῖς
3477 3268 3576 3332 τῆς
3607 3261 3715 3316 πὸ·

2049 3346 2190 3404 λεως
2231 3353 2518 3406 στενωποῖ.
2550 3349 2760 3406 Οὐκοῦν
2811 3349 2886 3412 ὡς
2937 3352 2972 3420 ἡ
3025 3349 3162 3422 ἄνθη
3207 3358 3309 3421 τῆς
3349 3352 3574 3426 ὀπώρας
3602 3351 3718 3406 πά-

2048 3434 2140 3492 λαι
2171 3437 2298 3499 τοὺς
2326 3439 2596 3514 γενάρχας
2649 3436 3126 3515 ἐδουλαγώγησεν,
3179 3438 3322 3495 οὕτω
3379 3437 3448 3510 δή
3494 3441 3715 3495 καίτοῦ

277 3547 428 3610 runt,
487 3540 762 3609 majorem
812 3552 981 3608 quam
1043 3535 1287 3606 majores
1317 3536 1500 3591 nostri
1554 3535 1934 3591 calamitatem

2051 3526 2285 3602 χρυσίου
2313 3527 2438 3582 τότε
2491 3528 2554 3582 τὸ
2608 3513 2874 3602 πυρωπὸν
2929 3513 3057 3592 τοὺς
3111 3527 3198 3584 ἐπὶ
3256 3532 3364 3585 τῶν
3413 3526 3716 3605 βασιλείων

279 3627 551 3698 perpessi.
617 3626 758 3680 Nam
810 3624 896 3681 illi
930 3639 1043 3678 non
1078 3623 1200 3679 solo
1237 3627 1470 3694 aspectu
1531 3623 1813 3689 contenti,
1845 3623 1942 3678 sed

281 3719 547 3787 decerpta
578 3720 636 3770 et
693 3720 920 3786 gustato
954 3714 1159 3782 fructu,
1212 3713 1342 3780 jure
1370 3729 1566 3782 pinnas
1618 3713 1893 3767 dederunt
1928 3727 1942 3766 :

239 3852 253 3862 .
289 3806 346 3860 hi
391 3821 521 3861 vero
566 3807 827 3861 nondum
883 3803 999 3858 visu
1051 3817 1187 3857 auro
1244 3801 1449 3856 frustra
1500 3801 1847 3868 inhiarunt;
1888 3805 1946 3856 et

285 3893 616 3950 Tantaleam
650 3891 804 3948 sitim
865 3890 1141 3962 perpessi,
1191 3905 1319 3946 cum
1379 3889 1593 3946 fontem
1647 3889 1942 3958 haberent,

293 3982 482 4038 bibere
513 3998 624 4038 non
661 3986 987 4052 potuerunt,
1013 3981 1106 4035 sed
1141 3979 1342 4036 crebro
1376 3978 1601 4034 haurire
1631 3978 1815 4034 conati
1842 3993 1941 4033 au-

287 4087 416 4128 rum
455 4089 519 4127 ex
568 4070 835 4128 manibus
881 4071 1218 4125 amiserunt.
1276 4067 1420 4125 Nam
1475 4067 1941 4135 circumforanei,

279 4159 594 4218 Calomozjii
648 4159 970 4230 captivitate
1025 4165 1077 4214 et
1108 4157 1264 4213 θοαί
1303 4172 1472 4214 causa
1537 4158 1661 4227 ejus
1715 4155 1945 4228 cognita

283 4250 523 4320 vesperi,
585 4265 754 4305 mane
787 4247 1041 4304 tributim
1089 4249 1508 4312 convenerunt,
1559 4253 1611 4301 et
1650 4245 1746 4302 Dei
1805 4254 1942 4301 tem-

283 4340 440 4410 plum
497 4337 742 4410 ingressi
797 4335 1190 4408 patriarcham
1240 4335 1601 4392 Camaterum
1658 4334 1941 4391 Joannem

282 4429 804 4491 circumsteterunt,
837 4429 1056 4480 tantum
1091 4440 1207 4480 non
1239 4425 1626 4492 discerpturos
1669 4439 1802 4480 eum
1846 4428 1942 4480 aut

281 4516 354 4570 de
401 4516 648 4570 fenestra
680 4511 1134 4583 praecipitaturos
1161 4511 1525 4578 comminati,
1579 4511 1690 4566 nisi
1734 4511 1940 4567 litteris

277 4606 348 4661 ad
407 4605 806 4675 imperatorem
839 4601 988 4657 datis
1019 4601 1416 4657 Calomodium
1466 4607 1528 4656 ut
1554 4616 1714 4657 ovem
1748 4602 1937 4673 perdi-

281 4703 392 4750 tam
423 4701 520 4750 aut
577 4693 938 4749 aberrantem
971 4709 1000 4745 a
1049 4705 1220 4761 grege
1255 4698 1569 4747 revocaret.
1631 4691 1707 4758 ls,
1740 4691 1938 4764 populi

286 4783 534 4840 tumultu
568 4799 716 4854 δἐι-θ
763 4781 970 4852 sopito,
1023 4779 1288 4836 facundia
1327 4794 1430 4834 sua
1463 4783 1521 4834 et
1577 4781 1942 4837 commisera-

2051 3619 2348 3690 χρυσώνων
2376 3614 2454 3678 εἰς
2511 3617 2614 3684 τήν
2671 3616 2880 3672 ἐκείνου
2934 3617 3145 3693 τρύγην
3185 3615 3522 3697 ἐφείλκυσεν.
3555 3615 3716 3676 ’Δλλ’

2051 3701 2167 3780 ἅμα
2211 3709 2292 3778 τῷ
2335 3703 2673 3780 Καλομοδίῳ
2717 3706 2813 3768 τάς
2859 3712 3053 3783 χεῖρας
3101 3703 3432 3778 ἐπέϐαλλον,
3473 3707 3565 3763 καὶ
3595 3710 3716 3781 ἅμα

2048 3796 2148 3864 τὴν
2176 3793 2338 3850 πόλιν
2367 3793 2446 3856 εἷς
2479 3796 2663 3851 στάσιν
2711 3796 3004 3868 ἀνέσεισαν,
3063 3792 3250 3870 μεῖζόν
3303 3818 3358 3852 τι
3406 3802 3516 3854 τῶν
3571 3817 3714 3872 προ·-

2046 3881 2217 3957 τέρων
2267 3883 2596 3946 πεπονθότες
2655 3881 3006 3960 δυστύχημαο
3069 3885 3122 3940 οἱ
3189 3887 3285 3960 μὲν
3317 3887 3421 3964 γάρ
3451 3889 3550 3942 τού
3574 3905 3714 3962 καρ-

2048 3976 2154 4027 ποῦ
2181 3970 2510 4048 δρεψάμενοι
2540 3973 2631 4029 καὶ
2677 3969 3102 4047 μεταλαϐόντες,
3136 3973 3279 4049 μηδὲ
3306 3976 3409 4044 τήν
3455 3975 3712 4052 λιχνείαν

2047 4059 2103 4126 ἐς
2134 4061 2305 4135 μόνην
2350 4063 2450 4131 τὴν
2497 4062 2682 4137 ὅρασιν
2738 4065 3186 4140 περιστήσαντες,
3214 4067 3284 4138 τῇ
3325 4061 3449 4139 δίκῃ
3480 4062 3710 4128 δικαίως

2051 4149 2338 4225 ὑπέπεσον,
2394 4151 2446 4207 oi
2505 4149 2563 4207 δὲ
2621 4149 2752 4226 μηδ’
2805 4148 3079 4228 ἐμϐλέψαι
3131 4159 3249 4216 τοῖς
3289 4156 3542 4230 χρήμασι
3573 4153 3710 4233 φθά-

2048 4263 2233 4305 σαντες
2287 4245 2464 4318 μάτην
2496 4241 2859 4322 ἠλέγχθησαν
2907 4241 3229 4320 ἐγχανόντες
3261 4244 3351 4300 καὶ
3383 4241 3543 4320 δίψος
3571 4251 3714 4300 Ταν-

2043 4331 2262 4390 τάλειον
2291 4329 2554 4410 ἔπασχον.
2587 4335 2855 4410 Ἔχοντες
2904 4334 3010 4410 γὰρ
3060 4335 3162 4403 τήν
3202 4335 3386 4412 πηγὴν
3415 4335 3520 4391 οὐκ
3548 4335 3709 4410 εἶχον

2043 4427 2135 4482 καὶ
2191 4431 2335 4483 πιεῖν
2365 4425 2414 4495 ἐξ
2447 4425 2640 4499 αὐτῆς,
2692 4423 2842 4482 ἀλλά
2893 4426 3159 4502 συχνάκις
3217 4428 3544 4501 ὡρμηκότες
3575 4425 3715 4503 ἀρύ-

2046 4526 2236 4580 σασθαι
2296 4515 2541 4588 εὕρισκον
2599 4515 2663 4570 τὸ
2722 4533 2951 4590 χρυσιον
3022 4519 3134 4572 τῶν
3221 4514 3440 4572 οἰκείων
3499 4519 3709 4592 χειρῶν

2045 4603 2468 4680 ἀφαντούμενον.
2521 4605 2590 4662 Οἱ
2649 4603 2753 4680 γὰρ
2829 4605 3079 4682 ἀγοραῖοι
3135 4603 3366 4680 ἐσπέρας
3447 4618 3712 4680 μαθόντες

2045 4694 2147 4762 τήν
2175 4697 2276 4750 τοῦ
2307 4689 2660 4768 Καλομοδίου
2694 4693 3022 4770 κατάσχεσιν
3073 4695 3165 4750 καὶ
3211 4692 3276 4750 τὸ
3327 4692 3506 4750 αἴτιον
3536 4696 3710 4766 αὐτῆς

2045 4781 2378 4858 ἐπιγνόντες,
2434 4783 2572 4838 κατά
2610 4783 2835 4861 φατρίας
2889 4781 3090 4860 ὄρθρου
3157 4782 3556 4859 ἠθροίσθησαν,
3613 4785 3706 4840 καῖ

281 4875 440 4931 tione
467 4889 602 4931 eum
647 4888 816 4944 quem
849 4872 1172 4941 quaerebant
1200 4878 1261 4924 ut
1291 4887 1505 4941 agnum
1539 4871 1785 4938 reduxit,
1819 4887 1934 4928 non

2051 4873 2134 4928 τὸν
2189 4877 2286 4928 τοῦ
2343 4871 2478 4928 Θεοῦ
2535 4873 2670 4928 νεὼν
2713 4868 2970 4936 εἰσιόντες
3029 4873 3122 4929 καὶ
3177 4877 3257 4946 τῷ
3313 4873 3522 4949 πρώτῳ
3575 4873 3705 4930 ἐπο-

290 4978 434 5020 auro
483 4980 586 5034 pro
621 4962 768 5033 pelle
798 4960 1031 5032 abrepto
1060 4976 1092 5015 a
1123 4959 1292 5030 lupis,
1324 4976 1507 5030 neque
1538 4959 1669 5015 lana
1697 4960 1935 5030 direpta.

2049 4960 2265 5039 φθέντες
2295 4961 2546 5037 ἀρχιερεῖ
2603 4964 2690 5036 (ἦν
2739 4959 2797 5018 δὲ
2854 4963 3014 5028 οὗτος
3071 4964 3100 5018 6
3155 4965 3490 5037 Καματηρὸς
3521 4961 3697 5018 Ἰωάν-

287 5054 409 5122 νης)
439 5051 786 5124 περιστάντες
823 5051 1020 5122 μικροῦ
1049 5067 1142 5102 και
1173 5045 1398 5118 διασπᾷν
1431 5047 1696 5116 ἠπείλουν
1731 5047 1822 5104 καὶ
1852 5045 2148 5131 κύμϐαχον
2193 5050 2254 5107 ἐκ
2279 5053 2380 5120 τῆς
2411 5050 2590 5114 ἐστίας
2617 5051 2766 5107 κάτω
2799 5052 3012 5128 βαλεῖν,
3047 5051 3097 5108 εἲ
3130 5053 3206 5124 μὴ
3239 5052 3340 5108 ’ὀσα
3366 5053 3456 5108 καὶ
3485 5068 3687 5124 συριγγι

283 5145 400 5202 τοῖς
431 5140 568 5214 πρὸς
602 5137 834 5213 βασιλέα
864 5139 1218 5214 χρησάμενος
1273 5135 1590 5212 γράμμασιν
1650 5137 1724 5200 ὡς
1781 5133 2060 5210 πρόϐατον
2125 5138 2425 5202 ἀπολωλὸς
2479 5141 2515 5212 ἢ
2569 5141 2660 5196 καὶ
2691 5141 2973 5214 ἀπόνομον
3006 5141 3099 5198 τὸν
3131 5139 3483 5216 Καλομόδιον
3509 5136 3690 5196 αὐτοῖς

285 5227 758 5286 ἐπανακαλέσεται.
799 5228 860 5284 Ὀ
893 5225 949 5282 δὲ
983 5225 1146 5300 μόλις
1177 5225 1533 5289 καταστείλας
1573 5231 1672 5282 τοῦ
1723 5226 1834 5283 λεὼ
1876 5230 1969 5285 τὸν
2017 5225 2247 5306 Θόρυϐον
2278 5234 2346 5304 τῇ
2378 5235 2485 5285 τῶν
2537 5231 2772 5305 χειλέων
2802 5232 3168 5308 περιψὸφήσει
3198 5231 3291 5287 καὶ
3323 5234 3396 5304 τῷ
3426 5228 3698 5301 λαμπρῶς

287 5317 375 5373 ἐπὶ
405 5316 584 5389 τούτῳ
614 5313 960 5371 παθαίνεσθαι
992 5315 1328 5392 ἐπανήγαγεν
1362 5314 1548 5378 αὐτοῖς
1581 5315 1655 5378 ὡς
1687 5315 1856 5390 ἀμνὸν
1887 5319 1978 5375 τὸν
2011 5319 2368 5393 ζητούμενον,
2405 5319 2482 5392 μή
2512 5319 2604 5375 τὸν
2644 5321 2852 5397 χρυσὸν
2883 5319 2960 5382 ὡς
2991 5316 3155 5395 δοράν
3198 5318 3536 5398 ἀποσυρέντα
3564 5313 3707 5392 ραρὰ

283 5412 391 5462 τῶν
421 5405 738 5482 συσχόντων
768 5404 928 5460 αὐτὸν
957 5400 1220 5473 λυκιδῶν,
1250 5400 1394 5476 μηδὲ
1424 5401 1764 5477 λυμανθέντα
1789 5409 1890 5478 τὴν
1917 5407 2209 5484 τρίχωσιν.

356 5502 541 5570 Atque
581 5497 672 5553 hic
728 5504 915 5553 motus
963 5497 1101 5552 citra
1133 5495 1475 5567 sanguinem
1525 5498 1713 5570 desiit,
1763 5507 1820 5556 et
1865 5515 1937 5559 ex

286 5587 572 5661 principio
602 5587 755 5643 tristi
792 5590 849 5642 et
879 5584 1096 5658 tragico
1152 5584 1214 5640 in
1245 5585 1530 5642 comicum
1591 5587 1790 5645 ludum
1845 5589 1937 5646 fe-

283 5679 603 5750 stivamque
631 5675 884 5733 fabulam
915 5683 998 5733 est
1029 5677 1309 5742 mutatus,
1335 5672 1472 5732 ﬁetu
1504 5675 1566 5733 in
1596 5672 1780 5736 risum
1803 5693 1936 5738 con-

2118 5500 2222 5558 Καὶ
2279 5499 2342 5555 τὸ
2377 5499 2470 5572 μὲν
2517 5497 2694 5562 οὕτως
2747 5499 3021 5575 ἀναιμωτὶ
3073 5498 3480 5574 πονελήλυθεν,
3533 5496 3587 5568 ἐξ
3619 5495 3716 5552 αῖ-

2042 5589 2164 5646 τίου
2193 5585 2457 5666 τραγικοῦ
2501 5611 2560 5646 τε
2614 5590 2706 5647 καὶ
2765 5591 3096 5666 σκυθρωποῦ
3141 5589 3195 5656 ἐς
3242 5589 3496 5666 κωμικὸν
3545 5583 3712 5643 κατε-

2045 5676 2204 5755 ληξεν
2253 5679 2419 5742 ἀκοὰς
2477 5677 2700 5757 διαχέον
2775 5677 2994 5756 ἄθυρμα
3057 5679 3150 5737 καὶ
3207 5677 3562 5758 σχηματίζον
3614 5676 3714 5734 τὸν
