4074 6398
283 463 402 527 905

1167 459 1272 519 DE
1315 457 1606 520 ALEXIO
1649 458 1927 522 ISAACII
1973 461 2258 525 ANGELI
2301 464 2422 524 FR.
2472 465 2619 526 LIB.
2665 464 2777 528 III.

3582 469 3703 530 906

283 597 726 675 κλαυσιγέλωτα·
779 596 844 651 οὗ
896 591 1139 656 πολλαῖς
1186 589 1232 647 δ’
1271 592 1505 666 ἡμέραις
1565 592 1783 668 ὕστερον
1825 593 1944 649 ἓτε-

2055 615 2241 653 verso.
2266 598 2389 655 Non
2417 601 2618 655 multis
2650 600 2858 655 diebus
2876 600 3029 671 post,
3048 599 3213 657 aliud
3234 602 3456 658 malum
3487 604 3702 675 erupit,

290 712 381 767 ρον
439 687 712 765 ἀνερράγη
764 682 953 754 κακὰν,
995 682 1025 737 6'
1075 703 1127 736 τι
1185 681 1276 737 καὶ
1336 682 1413 745 εἷς
1470 682 1715 754 αἱμάτων
1768 684 1942 757 προῦ-

287 783 450 854 κοψεν
484 772 730 857 ἔκχυσιν.
764 775 1024 843 Ἰωάννης
1077 773 1182 849 γάρ
1227 792 1333 840 τις,
1385 772 1573 845 Λαγὼς
1622 773 1683 826 τὸ
1734 770 1939 825 ἐπώνυ.

294 890 419 943 μον,
488 865 549 922 ἐκ
615 862 888 941 βασιλέως
954 861 1202 936 εἰληφὼς
1259 866 1618 935 προῖστασθαι
1678 864 1778 925 τῆς
1844 865 1940 915 τοῦ

292 954 630 1030 πραιτωρίου
661 957 924 1033 φρουρᾶς,
954 947 1150 1020 ἤθελεν
1184 949 1360 1021 ἑαυτῷ
1398 970 1455 1004 τε
1493 950 1585 1004 καὶ
1617 954 1736 1011 τοῖς
1769 969 1938 1024 προσ-

295 1049 608 1123 ισταμένοις
640 1041 848 1109 ἐνθένδε
886 1041 1130 1118 πορίζειν
1191 1042 1475 1117 χρήματα
1539 1045 1637 1115 φεῦ
1692 1046 1793 1110 τῆς
1843 1039 1938 1115 ρυ-

291 1139 602 1211 πὰρὸτητος
668 1142 769 1205 τῆς
825 1130 1208 1210 γνώμηςῐού
1264 1133 1367 1206 γάρ
1422 1152 1476 1185 τι
1535 1127 1702 1186 πλέον
1772 1130 1799 1183 6
1837 1135 1938 1198 τῆς

289 1227 532 1301 ἱστορίας
573 1225 745 1299 νόμος
794 1223 964 1278 εἰπεῖν
1006 1221 1281 1295 ἐπιτρέπει
1324 1242 1439 1293 μοι.
1489 1221 1647 1278 ’Ὁθεν
1696 1221 1791 1280 τας
1846 1223 1942 1293 ψυ-

292 1318 456 1394 χικὰς
496 1321 605 1372 τῶν
647 1314 919 1385 φιλοθέων
979 1313 1352 1384 οἰκειούμενος
1404 1308 1693 1379 διαδόσεις,
1743 1310 1938 1372 νυκτὸς

290 1408 429 1464 ἀνίει
463 1411 700 1483 φρουρᾶς
728 1405 817 1460 καὶ
854 1400 1065 1478 δεσμῶν
1107 1402 1234 1464 τοὺς
1283 1400 1371 1456 ἐπὶ
1417 1400 1756 1475 κλεπτοσύνῃ
1817 1398 1935 1455 δια-

288 1492 550 1568 ϐοήτους·
585 1495 637 1549 οἱ
670 1492 725 1549 δὲ
757 1492 935 1568 λάθρα
960 1494 1054 1554 τὰς
1114 1491 1287 1551 οἰκίας
1341 1488 1715 1566 διερευνῶντες
1765 1511 1937 1565 προσ·

284 1593 424 1660 ἦγον
457 1583 650 1656 ἐκείνῳ
681 1584 749 1639 τὰ
794 1581 996 1659 φώρια,
1052 1580 1141 1635 καὶ
1199 1579 1373 1645 ἆθλον
1424 1576 1670 1643 ἀσεϐείας
1720 1580 1780 1635 ἐκ
1831 1583 1937 1634 τῶν

281 1674 463 1731 σόλων
496 1680 611 1736 τοῖς
639 1670 993 1746 νυκτιλοχοις
1026 1667 1300 1731 διαδιδοὺς
1330 1671 1397 1725 τὰ
1426 1668 1597 1726 λοιπὰ
1630 1672 1711 1732 οἷς
1735 1669 1795 1725 οὗ
1820 1668 1937 1724 δέον

281 1767 604 1843 προσέφερε,
636 1763 727 1817 τὸν
770 1762 960 1817 πιστὸν
1009 1760 1285 1833 ὑπηρέτην
1318 1761 1345 1815 ὁ
1379 1764 1494 1831 Θεῷ
1542 1760 1603 1814 τὸ
1648 1765 1752 1814 πᾶν
1808 1759 1935 1814 ἃπι-

283 1877 412 1920 στος
449 1856 502 1909 ἐν
542 1858 659 1915 τοῖς
708 1850 1051 1924 ἀτολμήτοις
1109 1852 1189 1923 [Ρ.
1242 1852 1368 1923 339]
1427 1851 1933 1924 σχηματιζόμενος.

283 1945 497 2004 Τούτου
534 1940 601 2013 δὴ
632 1947 729 1998 τοῦ
762 1942 928 2016 Λαγὼ
959 1938 1164 1995 πολλοὶ
1192 1945 1447 1994 κατεῖπον
1486 1937 1539 2000 ἐς
1599 1938 1825 2014 βασιλέα
1857 1940 1933 2002 ὡς
1962 1972 2009 2037 Β

284 2034 521 2111 δρῶντος
580 2033 787 2088 ἀνόσια’
823 2033 850 2086 ὁ
884 2028 941 2086 δὲ
978 2031 1075 2098 τὴν
1128 2027 1414 2103 διόρθωσιν
1464 2028 1931 2104 ἐπαγγειλάμενος

285 2122 466 2200 ὥσπερ
499 2122 560 2179 οὗ
611 2121 904 2196 δυνάμενος
954 2114 1309 2175 ἀνεϐάλλετο·
1364 2118 1483 2172 ὅθεν
1536 2116 1792 2192 οὐδαμῶς
1842 2117 1930 2173 ἐπὶ

282 2220 401 2277 τοῖς
429 2212 819 2286 τολμωμένοις
863 2211 1227 2280 ὑποπτήσσων
1261 2211 1325 2278 ἧν
1374 2209 1402 2263 ὁ
1434 2210 1651 2283 Λοιγὼς,
1698 2208 1827 2265 ἀλλ’
1856 2209 1930 2270 ὡς

280 2304 569 2360 ἀνεύθυνον
612 2303 873 2381 χειρὶζων
917 2301 1100 2379 ἀρχὴν
1138 2296 1361 2369 ἁναίδην
1415 2299 1481 2354 τὰ
1539 2301 1767 2372 θεομισῆ
1822 2297 1928 2354 διε-

282 2396 572 2470 πράττετο.
607 2391 813 2448 Ἐνίοτε
846 2389 903 2445 δὲ
930 2396 1036 2445 τῶν
1092 2388 1365 2465 ἀγοραίων
1416 2390 1510 2443 ἐνα
1560 2388 1926 2466 συνειληφὼς,

287 2484 423 2557 μετὰ
458 2484 522 2537 τὸ
560 2480 767 2552 πλῆξαι
807 2478 1021 2542 πολλὰς
1061 2479 1197 2533 κατά
1234 2479 1409 2533 νώτου
1469 2485 1679 2555 τριχῶν
1736 2478 1929 2535 ὑποδι-

280 2573 450 2636 κάσας
477 2575 668 2645 κουρᾷ,
699 2571 761 2624 τὸ
810 2569 1136 2645 θερμότερον
1163 2575 1263 2638 τῆς
1302 2566 1518 2629 πόλεως
1564 2569 1654 2623 καὶ
1698 2574 1777 2642 τῷ
1816 2591 1929 2625 πα-

283 2661 436 2716 θόντι
466 2662 773 2735 ὁμότεχνον
804 2660 939 2735 πρὸς
971 2658 1302 2733 στασιασμὸν
1332 2657 1660 2735 ἀνεῤῥίπισε,
1716 2659 1928 2735 Σέγχυ,

283 2768 366 2809 σις
397 2748 493 2801 οὖν
552 2749 653 2817 τὴν
699 2744 860 2801 πόλιν
910 2743 1230 2822 κατείληφε,
1262 2745 1349 2799 καὶ
1393 2741 1609 2813 πλῆθος
1663 2765 1929 2823 χειρωνα-

282 2836 469 2892 κτικὸν
503 2835 603 2891 οὐκ
633 2834 818 2910 ὀλίγον
853 2834 905 2897 ἐς
934 2835 996 2889 τὸ
1026 2835 1360 2909 πραιτώριον
1420 2831 1680 2908 συλλεγὲν
1733 2834 1932 2908 θηρεύ-

285 2946 395 2979 σειν
453 2918 789 2979 ἐπεϐάλλετο
848 2923 937 2977 τὸν
996 2923 1210 2997 Λαγών.
1250 2922 1311 2979 Ὀ
1360 2919 1417 2977 δὲ
1475 2923 1610 2997 ὑπὲρ
1653 2919 1931 2978 δασύποδα

234 3069 240 3073 ,
283 3013 541 3085 συντονίᾳ
593 3010 802 3089 δρόμου
845 3012 1192 3091 χρησάμενος
1250 3012 1446 3085 ἐκεῖθεν
1517 3013 1825 3089 ἠφάνισται.
1868 3014 1928 3070 Ὁ

286 3102 466 3176 μέντοι
535 3102 676 3166 λεὼς
739 3103 831 3157 καὶ
889 3101 1063 3164 οὕτως
1124 3101 1531 3178 ἐπισυρῥέοντες
1582 3100 1785 3178 ὥρμων
1840 3104 1931 3158 τὸν

284 3195 448 3270 μέγαν
510 3190 730 3248 εἰσιέναι
788 3193 923 3247 νεὼν
983 3193 1076 3247 καὶ
1138 3191 1368 3267 βασιλέα
1424 3188 1607 3267 ἕτερον
1667 3193 1925 3247 ἀνειπεῖν·

278 3282 834 3358 προκαταληφθέντος
895 3279 953 3336 δέ
1006 3286 1104 3336 τοῖ’)
1168 3280 1424 3354 τεμένους
1482 3282 1629 3358 παρὰ
1684 3286 1794 3336 τῶν
1848 3280 1927 3343 εἷς

281 3373 447 3428 αὐτοῦ
478 3371 718 3450 φρουρὰν
751 3369 1176 3443 ἀπεσταλμένων
1227 3368 1640 3447 πελεκυφόρων,
1695 3372 1771 3444 μή
1831 3392 1925 3445 με·

287 3462 601 3535 θιστάμενοι
668 3464 765 3515 τοῦ
855 3460 1193 3534 πραιτωρίου
1251 3461 1388 3514 κατᾶ
1442 3463 1539 3514 τοῦ
1604 3464 1930 3529 κρατοῦντος

281 3551 598 3628 ἐρεσχελίας
669 3550 895 3629 ἠφίεσαν
945 3548 1228 3625 ἀπρεπεῖς,
1287 3550 1345 3605 Ὁ
1406 3545 1462 3602 δὲ
1504 3550 1580 3621 μὴ
1622 3548 1809 3624 παρὼν
1861 3554 1930 3623 τῇ

278 3638 464 3710 πόλει,
507 3636 652 3693 ἀλλὰ
717 3639 842 3712 περί
907 3637 1006 3706 τήν
1068 3634 1423 3710 Χρυσόπολιν
1483 3634 1930 3711 ἐναυλιζὸμενος,

278 3729 486 3802 πέμπει
511 3733 707 3803 μοῖραν
738 3728 845 3782 τῶν
892 3726 1017 3803 περὶ
1066 3727 1164 3795 τὴν
1225 3725 1472 3805 φυλακὴν
1529 3725 1627 3781 τοῦ
1678 3727 1932 3800 σώματος

279 3817 743 3892 καταληψομὲνην
776 3817 839 3873 τὸ
878 3819 1239 3892 πραιτώριον.
1286 3818 1460 3871 Ἵκετο
1516 3813 1564 3870 δ’
1622 3815 1794 3871 ἐκεῖσε
1840 3817 1933 3873 καὶ

281 3909 309 3963 δ
336 3915 435 3979 τῆς
494 3907 710 3970 πόλεως
755 3900 997 3984 ἔπαρχος
1038 3910 1443 3967 Κωνσταντῖνος
1491 3906 1519 3961 6
1552 3906 1843 3983 Τορνίκηςο
1895 3910 1931 3979 ἡ

282 3995 339 4053 δὲ
371 3996 586 4068 πληθὺς
615 3996 705 4053 καὶ
734 3998 871 4069 πρὸς
904 3996 1077 4073 μόνην
1108 4000 1209 4067 τὴν
1258 3996 1423 4053 αὐτοῦ
1468 3994 1588 4052 θέαν
1638 3997 1935 4074 ἐκτραχυνο

282 4086 458 4150 θέντες
516 4087 610 4143 τόν
670 4108 731 4142 τε
781 4081 1022 4163 ἔπαρχον
1063 4082 1384 4149 λαϊϐολίαις
1446 4085 1790 4161 ἐκτρέπονται
1842 4088 1935 4144 καὶ

284 4176 412 4239 τοὺς
475 4174 955 4252 σωματοφύλακας
1012 4173 1456 4246 ἀποπέμπονται.
1518 4176 1669 4231 Ἐπεὶ
1726 4174 1784 4230 δὲ
1837 4177 1935 4238 τὰς

281 4270 380 4321 τοῦ
421 4262 762 4338 πραιτωρίου
813 4262 1198 4335 ἀνατρέψαντες
1235 4260 1417 4323 πύλας
1464 4263 1636 4316 ἄνεσιν
1683 4269 1802 4325 τοῖς
1850 4259 1937 4318 ἕν-

287 4351 379 4406 δον
411 4348 647 4420 διδόασι,
708 4349 1030 4405 σκυλεύουσί
1090 4371 1150 4405 τε
1197 4351 1289 4405 τὸν
1333 4350 1505 4405 ἐκεῖσε
1552 4353 1938 4427 Χριστιανικὸν

285 4438 530 4509 ναὸν,τὸ
581 4437 637 4494 δὲ
686 4443 794 4495 τῶν
854 4443 1186 4516 Σαρακηνῶν
1240 4440 1575 4517 συναγώγιον
1631 4440 1941 4496 ἀνασπῶσιν

286 4530 347 4586 ἐκ
380 4531 597 4606 βάθρων
648 4530 848 4588 αὐτῶν.
893 4530 992 4585 Καὶ
1038 4533 1206 4585 ταῦτα
1262 4531 1354 4585 σὺν
1414 4527 1593 4604 ορδενί
1644 4527 1938 4608 διαπραξά-

292 4641 448 4695 μενοι
478 4619 630 4696 λόγῳ
662 4618 971 4699 ἐφίστανται
1001 4624 1069 4694 τῇ
1113 4621 1322 4696 φρὸυρᾷ
1368 4623 1436 4687 τῇ
1488 4617 1757 4696 λεγομένῃ
1795 4621 1940 4697 χαλ-

2048 690 2201 761 quod
2226 691 2297 745 ad
2324 690 2631 759 sanguinis
2655 692 2997 747 effusionem
3021 698 3110 749 est
3134 711 3531 767 progressum.
3556 695 3703 750 Nam

2044 779 2321 846 Joannes,
2358 782 2455 851 qui
2504 780 2741 853 quidem
2774 786 3159 851 cognomento
3199 784 3408 855 Lagus,
3451 783 3707 854 praetorii

2046 870 2327 925 custodia:
2361 872 2433 925 ab
2466 869 2815 941 imperatore
2862 872 3190 942 praefectus,
3228 875 3358 927 inde
3406 878 3461 928 et
3493 872 3605 927 sibi
3636 877 3694 928 et

2045 958 2171 1014 suis
2204 960 2509 1030 pecuniam
2534 975 2875 1031 comparare
2897 960 3180 1017 instituit.
3207 960 3250 1015 Ο
3281 962 3586 1017 sordidum
3608 962 3697 1018 in-

2045 1047 2323 1118 genium!
2378 1064 2483 1104 nec
2528 1048 2686 1103 enim
2741 1048 2996 1103 historias
3032 1047 3124 1103 lex
3162 1065 3255 1103 me
3290 1049 3461 1121 plura
3507 1050 3697 1106 dicere

2045 1136 2206 1191 sinit.
2233 1138 2292 1191 Et
2326 1139 2686 1209 stipe,quam
2708 1137 2978 1193 homines
3008 1137 3087 1209 pii
3114 1138 3260 1194 ultro
3292 1141 3692 1209 conferebant,

2044 1224 2102 1279 in
2135 1242 2301 1281 suam
2356 1244 2475 1280 rem
2510 1243 2812 1292 conversa,
2848 1230 3022 1282 noctu
3075 1227 3333 1283 celebres
3375 1227 3532 1283 fures
3561 1229 3691 1284 vin-

2043 1314 2194 1369 culis
2230 1316 2506 1372 liberatns
2537 1333 2763 1372 carcere
2794 1317 3110 1384 educebat;
3154 1317 3249 1388 qui
3284 1317 3508 1373 aedibus
3539 1315 3690 1372 clam

2042 1404 2412 1476 perlustratis
2444 1407 2593 1464 695
2620 1408 2775 1462 furta
2800 1406 2874 1461 ad
2906 1406 3073 1461 illum
3108 1407 3501 1463 conferebant.
3526 1405 3689 1463 Unde

2043 1493 2282 1564 praemio
2316 1493 2542 1550 furibus
2593 1495 2933 1562 distributo,
2972 1493 3202 1565 reliqua
3246 1494 3422 1551 homo
3473 1494 3693 1551 facino-

2043 1598 2213 1637 rosus
2262 1583 2410 1638 male
2458 1583 2802 1650 collocabat,
2848 1583 3004 1640 ﬁdeli
3058 1583 3325 1639 ministro
3376 1581 3689 1649 simulato,

2042 1687 2175 1726 cum
2221 1672 2494 1729 omnibus
2526 1674 2584 1728 in
2632 1674 2805 1729 rebus
2836 1679 2950 1729 Deo
2997 1673 3257 1746 perﬁdus
3304 1676 3484 1730 esset.
3533 1673 3693 1729 Hunc

2043 1761 2264 1833 Lagum
2298 1762 2467 1817 multi
2499 1764 2654 1835 apud
2688 1763 3102 1835 imperatorem
3147 1762 3436 1835 sacrilegii
3466 1762 3693 1818 detule-

2041 1855 2198 1905 runt.
2232 1850 2338 1915 Qui
2370 1852 2728 1909 correctione
2770 1852 3057 1924 promissa
3087 1867 3208 1908 rem
3245 1852 3494 1909 subinde
3526 1850 3695 1908 diﬂ'e-

2041 1940 2234 2008 rebat,
2297 1941 2461 2011 quasi
2511 1941 2737 1998 viribus
2785 1944 3224 2000 destitueretur.
3281 1942 3446 1999 Unde
3500 1943 3692 2014 Lagus

2042 2028 2117 2081 ob
2165 2028 2383 2084 scelera
2414 2029 2657 2085 minime
2686 2030 3013 2103 trepidans,
3048 2032 3149 2086 sed
3182 2035 3464 2102 tanquam
3510 2029 3693 2087 libero

2043 2117 2392 2189 magistratu
2442 2120 2724 2190 iungens,
2774 2124 2972 2192 aperte
3030 2120 3286 2177 facinora
3334 2120 3450 2176 Deo
3500 2118 3692 2176 invisa

2042 2209 2431 2278 perpetrabat.
2483 2208 2744 2272 Quodam
2779 2226 2912 2265 vero
2956 2214 3235 2281 tempore,
3268 2226 3403 2266 cum
3453 2211 3689 2266 foraneo

2041 2298 2294 2367 quodam
2326 2297 2524 2354 multis
2558 2300 2896 2355 verberibus
2929 2300 3131 2356 affecto
3155 2305 3210 2356 et
3232 2317 3385 2370 raso,
3416 2300 3689 2356 audacio-

2041 2405 2158 2444 rem
2187 2389 2383 2461 populi
2403 2392 2635 2445 turbam
2659 2391 2987 2460 etejusdem
3005 2390 3221 2463 opificii
3246 2394 3313 2448 ad
3340 2393 3690 2448 seditionem

2039 2477 2313 2533 incitavit.
2339 2480 2547 2534 Statim
2566 2480 2744 2552 igitur
2762 2487 2886 2537 orto
2906 2482 3160 2537 tumultu
3177 2528 3189 2548 ,
3204 2499 3321 2537 non
3336 2498 3510 2553 parva
3531 2482 3693 2554 cpiti-

2038 2584 2168 2623 oum
2190 2586 2318 2638 pars
2342 2569 2471 2640 Lagi
2486 2569 2747 2641 capiendi
2769 2586 2941 2626 causa
2960 2572 3029 2626 ad
3058 2572 3387 2643 praetorium
3403 2570 3690 2627 convolat.

2039 2658 2149 2712 Sed
2165 2658 2359 2712 cumis
2373 2659 2578 2729 quovis
2592 2658 3064 2730 lepore,velocius
3079 2660 3693 2732 evanuisset,populus

2038 2747 2423 2803 nihilominus
2447 2748 3039 2821 conﬂuensmagnum
3060 2749 3342 2822 templum
3369 2749 3693 2821 bipennife-

2038 2837 2083 2890 ri
2103 2837 2352 2907 praasidii
2368 2854 2534 2892 causa
2551 2838 2932 2910 eo'missijam
2958 2845 3327 2912 occuparant,
3345 2857 3460 2895 non
3476 2839 3684 2912 digres-

2038 2926 2137 2983 sia
2161 2928 2425 2999 praetorio
2446 2927 2634 2983 verbis
2662 2927 2953 2983 indecoris
2987 2929 3395 3000 imperatorem
3423 2928 3691 2985 insectati

2037 3019 2195 3070 sunt.
2235 3014 2343 3080 Qui
2375 3015 2717 3088 Chrysopoli
2751 3020 2877 3070 tum
2908 3032 3086 3087 agens
3118 3021 3338 3089 partem
3364 3016 3688 3083 satellitum

2035 3105 2106 3160 ad
2142 3103 2474 3176 praetorium
2507 3106 2910 3177 occupandum
2946 3105 3125 3161 mittit
3149 3125 3162 3173 ;
3186 3107 3503 3178 eodemque
3534 3106 3689 3162 696

2036 3194 2345 3266 prmfectus
2374 3193 2538 3249 urbis
2586 3183 3007 3251 Constantinus
3039 3196 3344 3252 Tornicius
3377 3197 3554 3253 venit.
3603 3196 3689 3251 Ad

2036 3284 2205 3354 cujus
2253 3282 2442 3339 solum
2489 3287 2869 3355 conspectum
2920 3284 3207 3355 exsperati
3240 3283 3532 3357 lapidibus
3581 3284 3693 3340 ho-

2041 3374 2260 3429 minem
2294 3376 2519 3445 petunt,
2552 3376 2608 3429 et
2639 3373 2918 3429 satellites
2951 3373 3295 3446 proﬂigant;
3349 3378 3407 3430 et
3437 3373 3693 3446 praetorii

2040 3463 2262 3518 foribus
2309 3463 2566 3518 eﬂractis
2621 3468 2679 3520 et
2728 3464 2971 3537 captivis
3017 3465 3255 3520 emissis
3301 3464 3691 3521 Christianam

2038 3551 2194 3608 illius
2224 3552 2328 3608 loci
2369 3554 2552 3608 eadem
2586 3553 2862 3625 spoliant,
2911 3553 3330 3611 Saracenorum
3376 3570 3508 3610 vero
3555 3570 3697 3610 con-

2039 3640 2401 3697 venticulum
2436 3660 2469 3696 a
2500 3642 2897 3698 fundamentis
2929 3650 3212 3699 evertunt.
3238 3644 3369 3707 Quae
3402 3659 3536 3700 cum
3571 3643 3697 3700 sine

2041 3731 2157 3787 ulla
2188 3731 2410 3787 ratione
2442 3731 2737 3803 fecissent,
2771 3733 2839 3789 ad
2873 3732 3175 3789 castellum
3211 3749 3334 3804 quae
3364 3734 3574 3790 Chalce
3605 3733 3696 3790 di-

2040 3822 2191 3877 citur
2238 3822 2443 3877 eodem
2496 3822 2669 3877 modo
2717 3822 2968 3894 grassari
3015 3822 3355 3879 voluerunt.
3407 3824 3516 3879 Sed
3557 3839 3692 3880 cum

2041 3909 2412 3983 imperatoris
2444 3925 2618 3983 gener
2647 3908 2881 3965 Alexius
2905 3909 3260 3983 Palmologus
3291 3912 3605 3967 exercitum
3628 3912 3691 3968 in

2042 4001 2242 4057 urbem
2277 4000 2627 4065 reduxisset,
2663 4001 2858 4056 furore
2895 3999 3162 4056 nonnihil
3195 4017 3448 4071 represso
3481 4003 3689 4073 cceptis

2055 4105 2173 4145 non
2206 4090 2378 4160 plane
2401 4089 2781 4146 destiterunt:
2843 4091 2939 4145 sed
2974 4090 3258 4162 principio
3280 4091 3452 4147 nudis
3493 4107 3694 4162 corpo-

2043 4179 2226 4246 ribus,
2260 4179 2471 4233 deinde
2498 4178 2703 4250 paucis
2742 4179 2978 4234 armatis
3007 4180 3228 4248 ascitis,
3263 4195 3394 4236 cum
3443 4180 3697 4253 legioni~

2043 4270 2155 4324 bus
2184 4268 2332 4322 ferro
2356 4268 2616 4338 undique
2644 4266 3006 4339 fulgentibus
3030 4270 3508 4340 congrediuntur,
3534 4270 3696 4326 nullo

2044 4372 2178 4412 cum
2230 4355 2418 4412 fructu
2476 4360 2532 4411 et
2562 4356 2748 4429 gloria
2798 4357 3083 4414 morituri.
3134 4361 3312 4415 Erant
3361 4360 3537 4416 etiam
3595 4360 3700 4432 qui

2042 4445 2209 4502 tectis
2231 4445 2566 4500 conscensis
2585 4444 2810 4516 tegulas
2840 4445 3166 4518 dijicerent.
3190 4452 3245 4503 et
3261 4448 3484 4520 lapides
3515 4465 3703 4521 quan-

2045 4539 2137 4591 tos
2168 4533 2295 4590 vola
2319 4534 2473 4605 capit
2493 4534 2916 4606 jacularentur.
2959 4536 3071 4593 Alii
3095 4538 3339 4609 sagittas
3370 4539 3431 4594 in
3453 4539 3706 4610 impera-

2046 4626 2260 4681 torium
2295 4623 2611 4681 exercitum
2645 4626 3021 4696 torquebant.
3065 4628 3141 4683 Ac
3172 4631 3295 4682 toto
3329 4642 3395 4683 eo
3437 4626 3531 4682 die
3562 4626 3709 4683 nihil

284 4716 381 4786 κῇ,
414 4709 629 4766 κάκεῖσε
667 4710 733 4765 τὰ
765 4711 935 4784 ὅμοια
980 4708 1288 4785 δράσοντες.
1352 4716 1618 4788 Στρατιᾶς
1671 4710 1719 4767 δ’
1777 4713 1937 4791 ἀφιγ-

2051 4716 2299 4772 remissa
2321 4713 2649 4783 iracundia,
2683 4717 2792 4771 sub
2821 4731 3115 4788 vesperam
3150 4716 3384 4772 demum
3416 4717 3706 4773 abierunt.

295 4798 461 4870 μένης
493 4796 787 4873 βασιλικῆς
840 4800 955 4871 μεθ’
1006 4798 1123 4859 ἑνὸς
1171 4803 1279 4853 τῶν
1328 4803 1425 4854 τοῦ
1479 4798 1749 4874 βασιλέως
1797 4804 1946 4878 γαμ-’

2054 4805 2340 4861 Postridie
2372 4819 2478 4859 nec
2508 4803 3031 4860 obmurmurarunt
3060 4805 3383 4875 quidquam
3416 4821 3523 4861 nec
3554 4821 3709 4878 pug-

290 4884 439 4963 δρῶν
473 4891 559 4961 (ἦν
591 4886 636 4942 δ’
670 4886 828 4950 οὗτος
858 4888 887 4942 6
916 4886 1301 4962 Παλαιολόγος
1353 4887 1621 4962 Ἀλέξιος)
1656 4890 1945 4966 ἀνασειρά-

2056 4911 2190 4950 nam
2226 4895 2527 4951 iterarunt.

296 4982 475 5047 ζονται
509 4981 607 5043 τῆς
641 4978 846 5052 ὁρμῆς,
878 4978 941 5032 οὐ
978 4978 1084 5051 μὴν
1138 4977 1456 5055 ἀφίστανται
1508 4978 1717 5049 τέλεον,
1774 4978 1920 5036 ἀλλὰ
1977 4982 2193 5055 σώμασι
2250 4986 2505 5058 γυμνοῖς,
2568 4981 2683 5037 εἶτα
2738 4981 2828 5036 καὶ
2880 4981 3111 5061 βραχεῖς
3167 4983 3293 5044 τοὺς
3347 4984 3463 5059 μεθ’
3521 4983 3709 5041 ὅπλων

293 5065 689 5145 ἐφισταμένους
749 5064 973 5141 ἔχοντες
1026 5065 1183 5127 ὅλαις
1239 5067 1637 5146 καταφράκτοις
1704 5065 2113 5141 συμπλέκονται
2176 5076 2477 5146 στρατιαῖς,
2549 5071 2688 5146 πρὸς
2765 5067 2918 5126 οὐδὲν
2989 5071 3246 5145 ἀνύσιμον
3296 5070 3332 5143 ἤ
3392 5074 3714 5148 παρεκτικὸν

295 5153 453 5229 ἔργον
499 5153 747 5217 εὐκλείας
803 5154 1058 5224 τελευτᾷν
1112 5152 1391 5227 ἑλόμενοι.
1440 5160 1611 5211 Ἦσαν
1660 5153 1707 5209 δ’
1758 5156 1809 5211 οἳ
1865 5159 1955 5213 καὶ
2012 5164 2118 5214 τῶν
2179 5165 2349 5237 τεγῶν
2420 5161 2848 5238 ὕπερφερόμενοι
2915 5161 3187 5237 κεράμους
3250 5162 3565 5243 κατέφερον,
3622 5164 3714 5221 καὶ

297 5241 482 5307 λίθους
514 5241 649 5300 ἔνιοι
700 5242 1097 5321 χειροπληθεῖς
1156 5242 1554 5317 ἐπιπέμποντες
1617 5246 1705 5300 καὶ
1766 5246 2101 5313 ὸῖστεύοντες
2154 5248 2332 5324 ’ἕτεροι
2372 5253 2439 5323 τῇ
2497 5249 2762 5325 βασιλείῳ
2815 5250 3187 5327 ἀντεμάχοντο
3238 5241 3494 5332 φάλαγγι.
3542 5254 3717 5325 Ὅλην

297 5332 387 5387 οὖν
419 5337 518 5419 τῆς
549 5334 760 5409 ἡμέρας
789 5334 999 5406 ἐκείνης
1036 5331 1203 5407 μηδέν
1254 5354 1307 5388 τι
1354 5334 1760 5411 παραλύσαντες
1807 5345 1907 5407 τῆς
1954 5340 2126 5415 ὀργῆς
2179 5338 2541 5410 ὓπενόστησαν
2589 5341 2724 5416 πρὸς
2773 5338 3017 5414 ἑσπέραν.
3063 5342 3145 5416 Τῇ
3197 5340 3245 5398 δ’
3295 5331 3543 5419 ὑστεραίᾳ
3592 5342 3715 5402 οὔτε

291 5445 344 5478 τι
375 5418 729 5499 ἐϐαττάρισαν
763 5424 933 5498 ὅλως,
975 5424 1100 5480 οὒτε
1127 5425 1265 5501 πρὸς
1296 5425 1478 5503 ἀγῶνα
1510 5423 1845 5501 συνέδραμον
1878 5425 2150 5504 δεύτερον.

371 5568 437 5636 ζ’.
487 5565 667 5623 Ἀλλά
719 5570 808 5623 καὶ
865 5566 1027 5624 τοῦδε
1080 5572 1179 5623 τοῦ
1232 5572 1401 5623 κακοῦ
1452 5566 1841 5643 παρελθόντος,
1892 5570 1953 5626 ἐκ

293 5661 396 5713 τοῦ
428 5660 537 5712 τῶν
572 5661 873 5731 Κομνηνῶν
907 5680 990 5722 τις
1030 5659 1219 5735 γένους
1263 5662 1344 5729 τῷ
1398 5657 1617 5732 βασιλεῖ
1664 5657 1952 5717 ἐπανίστα-

294 5766 407 5821 ται,
440 5745 696 5816 Ἰωάννης
734 5744 993 5821 τοῦνομαο
1053 5746 1380 5825 προκοίλιος
1427 5746 1474 5802 δ’
1526 5744 1600 5804 ὢν
1641 5750 1733 5805 καὶ
1779 5752 1954 5808 πιθώ-

2134 5575 2283 5630 697
2338 5575 2392 5630 6.
2440 5573 2558 5629 Hoc
2599 5589 2827 5645 quoque
2876 5577 3030 5634 malo
3078 5579 3296 5652 elapso,
3353 5580 3590 5653 quidam
3646 5597 3718 5638 ex

2064 5664 2388 5721 Comnenia
2437 5663 2657 5719 familia
2714 5668 2913 5722 contra
2964 5667 3378 5741 imperatorem
3437 5671 3715 5741 insurgit,

2066 5755 2305 5812 nomine
2334 5753 2635 5824 Joannes;
2665 5754 2920 5826 quicum
2956 5755 3131 5815 homo
3161 5763 3462 5818 ventrosus
3491 5768 3547 5817 et
3577 5757 3717 5817 dolii

614 5880 885 5944 Pmon.
931 5880 1044 5944 Gn.
1090 5880 1416 5948 oxxx1x.
3318 5889 3398 5951 29
