4074 6424
407 427 527 490 907

1737 417 2054 479 NICE’l‘xE
2097 416 2519 480 CllONlATzE

3713 417 3844 480 908

403 557 616 616 similis
641 560 816 628 esset,
841 555 1030 614 Crassi
1051 556 1505 627 cognomentum
1530 549 1760 606 tulerat.
1781 549 1834 604 Is
1859 548 2050 603 subito

2169 543 2268 616 δης
2295 549 2394 617 τήν
2427 545 2627 604 πλάσιν
2659 569 2755 605 του
2796 548 3053 623 σώματος
3106 545 3202 604 τὸν
3259 543 3443 622 παχὺν
3495 547 3572 610 είς
3611 545 3842 604 ἐπώνυ-

403 653 464 707 in
499 649 819 705 maximum
852 647 1138 718 templum
1182 643 1484 714 confugit;
1538 647 1595 697 et
1625 639 1844 696 corolla
1887 656 1954 694 ex
1985 639 2058 696 iis

406 757 533 811 quae
566 739 785 793 circum
821 752 1048 792 sacram
1079 750 1338 790 mensam
1375 731 1632 804 pendent
1657 729 1833 801 capiti
1867 729 2059 800 impo-

407 833 538 896 sita,
587 843 783 883 rursus
813 825 1133 898 egreditur,
1167 829 1224 878 et
1249 841 1281 878 a
1311 821 1636 892 conjuratis
1668 819 1789 892 (qui
1821 815 2059 890 plurimi

406 922 590 985 erant,
645 921 702 972 et
761 913 1024 987 plerique
1073 910 1376 968 nobilitate
1407 908 1689 981 insignes)
1739 913 1795 964 et
1836 923 2058 979 magna;

408 1008 592 1064 turbae
639 1019 918 1060 concursu
977 1001 1147 1059 facile
1177 1002 1235 1057 in
1285 1001 1558 1072 Magnum
1593 997 1876 1054 Palatium
1929 1013 2060 1070 per—

407 1101 621 1154 ductus
653 1097 712 1152 in
744 1098 945 1152 aurato
976 1093 1121 1150 solio
1152 1090 1439 1159 consedit,
1473 1094 1530 1145 et
1559 1089 1910 1162 quibusdam
1945 1105 2063 1143 ma-

406 1189 562 1245 xima
581 1187 769 1242 ofﬁcia
797 1182 1138 1249 committit,
1169 1181 1401 1237 interim
1434 1179 1606 1252 vulgo
1637 1184 1695 1235 et
1725 1183 1881 1250 parte
1913 1177 2062 1234 sedi-

401 1277 686 1332 tiosorum
711 1289 807 1346 per
837 1273 983 1339 fora,
1007 1271 1166 1327 vicos
1197 1275 1256 1327 et
1279 1269 1472 1326 littora
1494 1285 1626 1325 eum
1658 1272 2056 1324 Romanorum

398 1364 812 1436 imperatorem
861 1361 1260 1434 proclamante
1302 1364 1359 1416 et
1409 1357 1749 1430 magniﬁcas
1783 1356 1938 1412 aedes
1969 1353 2058 1411 di-

400 1458 621 1511 ruente.
656 1453 835 1509 Nocte
886 1452 1141 1507 instante
1169 1453 1426 1506 Joannes
1476 1464 1581 1504 nec
1617 1446 1811 1520 palatii
1865 1450 2061 1502 custo-

405 1543 565 1601 diam
597 1543 842 1609 curavit,
877 1546 943 1597 ut
973 1540 1253 1613 Oportuit,
1301 1554 1405 1594 nec
1436 1554 1667 1594 eversas
1699 1537 1850 1591 fores
1895 1534 2059 1590 resti-

404 1633 523 1690 tuit
547 1649 560 1688 :
586 1631 685 1688 sed
716 1630 875 1686 velut
899 1627 1250 1685 adversariis
1281 1625 1554 1683 omnibus
1575 1623 1829 1681 sublatis
1850 1623 1910 1678 in
1933 1625 2061 1679 tuto

407 1722 745 1790 collocatus,
776 1725 1054 1791 tanquam
1105 1717 1347 1790 delphin
1379 1715 1664 1772 anhelans
1713 1721 1768 1770 et
1797 1713 1870 1770 ob
1898 1711 2059 1768 sitim

407 1808 988 1865 vehementissimam
1005 1808 1158 1861 totas
1179 1803 1495 1876 amphoras
1509 1818 1673 1875 aqua
1688 1800 2058 1863 exhauriens,

410 1897 683 1954 sudorem
718 1895 822 1951 rivi
853 1894 1044 1951 instar
1074 1909 1142 1948 ex
1171 1899 1334 1949 vasto
1384 1908 1622 1964 corpore
1652 1891 2059 1947 decurrentem

413 1992 471 2044 et
527 1987 853 2042 fumantem
916 1982 1304 2056 abstergebat.
1355 1982 1493 2054 Ejus
1539 1997 1670 2038 vero
1720 1978 1940 2035 milites
1989 1977 2062 2034 ad

413 2073 631 2130 circum
689 2076 1014 2144 equestrem
1085 2075 1300 2126 temere
1357 2067 1834 2124 deambulabant.
1913 2069 2062 2120 Nam

411 2164 580 2237 plebs
613 2167 746 2234 post
776 2161 920 2217 solis
947 2151 1222 2216 occasum
1254 2161 1319 2214 ut
1367 2174 1507 2230 grex
1535 2156 1726 2213 avium
1759 2155 2062 2228 dissipata,

410 2252 563 2309 098
612 2256 676 2308 ut
705 2267 910 2308 aurora
957 2249 1202 2307 celerius
1251 2250 1496 2304 oriretur
1543 2246 1800 2319 optabat,
1833 2261 1949 2318 quo
1980 2245 2064 2302 lo-

408 2341 707 2415 cuplctum
740 2341 890 2396 aedes
923 2339 1220 2411 diriperet.
1256 2338 1568 2410 Imperator
1599 2352 1732 2392 vero
1767 2339 2063 2406 cognatos,

411 2437 472 2490 et
501 2431 782 2504 quidquid
809 2428 1213 2485 bellicosorum
1231 2427 1538 2483 hominum
1563 2442 1762 2482 secum
1787 2425 2063 2493 habebat,

413 2521 598 2589 misit,
632 2523 694 2576 ut
724 2519 785 2576 in
833 2519 1088 2575 tenebris
1129 2522 1412 2574 Joannem
1466 2516 1884 2589 opprimerent.
1918 2515 2064 2570 Nam

415 2611 466 2668 si
500 2609 822 2676 diluxisset,
846 2607 1126 2664 urbanam
1159 2607 1388 2663 turbam
1412 2623 1530 2662 non
1563 2622 1688 2662 esse
1706 2605 2063 2678 quieturam,

417 2699 518 2757 sed
549 2697 721 2770 longe
763 2697 956 2772 plures
986 2701 1044 2754 et
1092 2696 1540 2769 imp‘ortuniores
1581 2711 1968 2752 concursuros
1996 2695 2064 2751 ad

421 2793 739 2862 tyrannum
769 2787 1152 2860 adjutandum
1201 2791 1259 2844 et
1287 2786 1742 2843 defendendum.
1775 2788 1957 2853 Quare
2003 2783 2067 2841 hi

414 2877 703 2936 naviculis
750 2879 824 2933 ad
885 2878 1200 2948 llodegium
1263 2876 1684 2934 monasterium
1745 2875 2062 2946 trajiciunt,

411 2973 590 3041 atque
613 2965 748 3024 inde
766 2982 898 3022 cum
919 2966 1298 3039 bipenniferis
1323 2964 1695 3039 imperatoris
1717 2965 2066 3023 satellitibus

412 3077 476 3116 se
533 3047 901 3131 coniungunt
946 3058 1161 3129 (neque
1218 3057 1374 3112 enim
1437 3056 1676 3112 armatis
1723 3073 1822 3128 per
1872 3056 2062 3112 forum

411 3147 666 3206 transire
697 3145 1022 3218 licebat),et
1053 3145 1206 3202 circa
1237 3146 1528 3202 theatrum
1563 3145 1876 3201 factionem
1890 3145 2064 3202 Joan-

403 3239 498 3294 nis
548 3236 738 3294 subito
771 3235 961 3292 adorti
1010 3240 1166 3292 sunt.
1209 3235 1332 3300 Qua
1381 3234 1546 3291 facile
1577 3235 1908 3308 proﬂigata,
1959 3251 2062 3308 per

2097 1939 2144 2006 B

2171 657 2272 709 μον
2309 636 2558 713 εἷ’ληχεν.
2591 639 2760 700 Οὗτος
2800 637 2980 694 τοίνυν
3036 641 3114 710 τῷ
3170 637 3410 714 μεγίστῳ
3456 637 3564 708 νεῴ
3609 635 3845 708 ἐξάπινα

2170 725 2422 802 εἰσρυεὶς,
2453 727 2683 783 καὶτῶν
2729 727 3089 806 στεφανίσκων
3154 723 3246 782 ἕνα
3293 729 3363 802 τῇ
3406 725 3621 805 κεφαλῇ
3669 747 3848 800 περι-

2169 815 2278 879 θεὶς
2312 813 2367 871 ο⁹ί
2399 818 2497 886 τὴν
2530 819 2677 893 ἱερὰν
2735 817 3296 896 ἀμφιπεριῃώρηνται
3342 815 3632 893 τράπεζαν,
3695 811 3847 890 ἔξει-

2170 926 2250 960 σιν
2328 904 2550 962 ἐκεῖθεψ
2628 907 2720 962 καὶ
2795 905 3172 986 προσληφθεῖς
3249 905 3355 962 ὑπὸ
3427 910 3538 962 τῶν
3605 907 3846 982 ὁμοτῶν

2170 992 2441 1068 (πλεῖστοι
2475 993 2531 1051 δὲ
2561 996 2697 1066 ἦσαν
2766 995 2944 1064 οὗτοι,
2993 995 3082 1052 καὶ
3131 993 3327 1071 σχεδὸν
3389 1000 3488 1052 τοῦ
3553 994 3849 1070 ἐπισήμου

2168 1087 2359 1147 πάντες
2389 1083 2676 1160 α’ίματος),
2711 1083 3132 1162 συνδραμόντων
3170 1084 3259 1140 καὶ
3313 1080 3504 1161 ὄχλων
3555 1085 3656 1142 οὐκ
3707 1087 3846 1143 ὀλί-

2167 1195 2280 1251 γων
2314 1176 2448 1251 πρὸς
2479 1177 2577 1244 τήν
2612 1177 2804 1254 φήμην
2831 1181 2939 1231 τῶν
2982 1177 3067 1249 [Ρ.
3117 1176 3242 1252 340]
3291 1175 3712 1252 πραττομένων,
3774 1178 3849 1232 τὸ

2172 1264 2309 1340 μέγα
2329 1263 2598 1321 παλάτιον
2641 1266 2858 1322 ε’ἰσεισιν
2916 1265 3193 1342 εὐμαρῶς,
3240 1267 3330 1322 καὶ
3381 1264 3542 1328 αὐτὸς
3591 1266 3690 1340 μὲν
3743 1265 3852 1324 ἐπὶ

2170 1352 2366 1429 θρόνου
2431 1351 2734 1431 διαχρύσου
2785 1355 3006 1417 καθίσας
3061 1354 3213 1418 τινὰς
3253 1352 3342 1410 ἐπὶ
3388 1360 3498 1412 τῶν
3554 1356 3852 1432 μεγίστων

2170 1443 2437 1522 ὀφφικίων
2487 1439 2892 1520 προϐάλλεται,
2924 1445 2952 1500 6
2981 1442 3026 1499 δ’
3082 1439 3260 1520 ὄχλος
3311 1443 3399 1500 καὶ
3449 1449 3546 1500 τοῦ
3592 1467 3851 1502 συναπο-

2171 1532 2393 1594 στάντος
2427 1541 2625 1610 μὲρους
2653 1534 2818 1604 τινὲς,
2866 1533 2962 1596 τὰς
3019 1533 3219 1610 ἀγορὰς
3267 1535 3354 1589 καὶ
3402 1533 3597 1611 ἀγυιὰς
3645 1531 3850 1590 διιόν-

2167 1643 2254 1685 τες
2298 1623 2512 1687 καὶτὰς
2579 1624 2768 1694 ἠϊόνας
2819 1619 3354 1698 καταλαμϐάνοντες,
3409 1623 3640 1700 βασιλέα
3691 1626 3852 1682 Ῥω·-

2173 1711 2346 1787 μαίων
2388 1713 2550 1768 αὐτὸν
2609 1714 2938 1790 ἀνηγόρευον
2993 1711 3086 1768 καί
3133 1713 3338 1775 οἶκείας
3395 1713 3679 1770 κατέσπων
3732 1736 3851 1772 πε-

2171 1808 2432 1880 ριφανεῖς.
2465 1802 2676 1865 Νυκτὸς
2711 1799 2755 1856 δ’
2791 1801 3055 1872 ἐπιούσης
3111 1802 3234 1858 οὕτε
3282 1809 3388 1873 τῆς
3439 1808 3707 1882 φρουρᾶς,
3760 1805 3851 1870 ὡς

2175 1885 2440 1961 ἕδει,τῶν
2494 1891 2734 1967 ἀρχείων
2795 1893 2824 1947 6
2880 1893 3135 1962 Ἰωάννης
3202 1891 3508 1967 ἐφρόντ.σεν
3565 1889 3693 1950 οὔτε
3737 1895 3850 1959 τὰς

2176 1978 2568 2056 ἀνατραπείσας
2598 1981 2774 2044 πύλας
2801 1977 3110 2053 ἀνὲστησεψ
3141 1979 3270 2036 ἀλλ’
3307 1982 3384 2044 ὡς
3436 1980 3488 2038 ἐν
3536 1987 3614 2054 τῷ
3654 1983 3850 2064 ἀσφα-

2173 2067 2262 2125 λεῖ
2287 2069 2682 2144 καθιστάμενος
2715 2071 2801 2126 καὶ
2841 2069 3048 2145 μηδένα
3079 2069 3224 2146 ἔχων
3272 2067 3384 2141 ἤδη
3437 2071 3529 2126 τὸν
3577 2071 3848 2128 ἀνθιστά-

2177 2179 2362 2232 μενον,
2394 2161 2531 2215 κατᾶ
2562 2157 2821 2238 δελφῖνας
2873 2159 3156 2240 ἀναφυυῶν
3209 2159 3300 2216 καὶ
3349 2156 3544 2223 ὕδατος
3596 2159 3705 2216 ὅλα
3751 2182 3850 2218 xs-

2177 2249 2348 2324 ράμια
2378 2249 2627 2318 ἐκκενῶν,
2661 2247 2808 2324 δίψει
2850 2249 3058 2326 ἀμάχῳ
3107 2248 3376 2325 ἐχόμενος
3427 2250 3517 2306 οἶα
3558 2246 3843 2326 κρεωϐρι-

2175 2340 2298 2408 θὴς,
2347 2338 2528 2413 ἀπὲψα
2588 2340 2715 2402 τοὺς
2774 2335 3010 2414 ἱδρῶτας
3057 2337 3362 2414 κρουνηδὸν
3422 2339 3844 2410 ἀποστάζοντας

2173 2427 2264 2482 καὶ
2307 2427 2506 2502 θερμὸν
2540 2427 2972 2500 ἆπατμίζοντας.
3002 2427 3079 2486 Τὸ
3119 2425 3177 2483 δὲ
3225 2428 3350 2503 περὶ
3394 2429 3556 2484 αὐτὸν
3603 2429 3843 2486 ὁπλιτι-

2175 2518 2268 2572 κὸν
2299 2519 2401 2586 τήν
2432 2515 2807 2593 ἱπποδρομίαν
2861 2519 3073 2594 περιιὸν
3114 2514 3254 2588 ἤλυε
3299 2517 3595 2589 τηνάλλως
3637 2519 3840 2577 ἐκεῖσε·

2177 2609 2228 2664 oi
2259 2607 2364 2684 γὰρ
2417 2605 2586 2687 ὄχλοι
2643 2605 2900 2671 δύναντος
2959 2605 3126 2678 ἡλίου
3175 2609 3292 2663 κατ’
3351 2607 3552 2684 ἀγέλας
3605 2609 3846 2684 ὀρνίθων

2177 2695 2491 2770 διέστησαν,
2521 2698 2718 2774 τάχιον
2748 2695 3067 2774 διαγελάσαι
3101 2698 3200 2766 τὴν
3237 2694 3312 2753 ἕω
3357 2695 3708 2775 γλιχόμενοι,
3759 2701 3843 2764 ὡς

2176 2788 2329 2852 αὖθις
2387 2783 2782 2862 συνδραμόντες
2838 2791 2957 2850 τοῖς
3019 2785 3385 2865 ὑπερηφάνοις
3440 2786 3838 2845 ἐπεισπέσωσιν

2176 2876 2351 2942 οἷ’κοις
2381 2880 2471 2934 καὶ
2499 2879 2567 2934 τά
2607 2900 2796 2956 σφισιν
2849 2878 3033 2935 ἐνόντα
3080 2875 3420 2954 διαρπάσωσι
3470 2879 3735 2940 Βασιλεὺς
3787 2878 3842 2935 δ’

2175 2968 2375 3023 ὁπόσον
2408 2969 2655 3045 συγγενὲς
2705 2967 3058 3042 συναθροίσας
3099 2965 3188 3022 καὶ
3232 2967 3295 3022 τὸ
3341 2968 3465 3044 περὶ
3512 2967 3665 3022 αὑτὸν
3712 2968 3828 3022 οὐκ

2175 3057 2455 3131 ἀπόλεμον
2511 3057 2716 3131 πέμπει
2773 3057 3042 3136 κνεφαίως
3101 3055 3374 3122 ἐπιθέσθαι
3428 3061 3502 3129 τῷ
3565 3054 3820 3130 Ἰωάννῃ·

2173 3143 2432 3220 οὐδὲγὰρ
2465 3143 2524 3200 ἄν
2567 3144 2778 3220 ἡμέρας
2823 3142 3194 3223 διαφαύσάσης
3239 3143 3473 3223 ἡσυχίαν
3521 3145 3833 3220 ἀγαπήσειν

2171 3234 2262 3289 τὸν
2294 3240 2394 3305 τῆς
2452 3232 2669 3297 πόλεως
2730 3230 2950 3308 ὅμιλον,
3011 3233 3158 3290 ἆλλὰ
3209 3233 3436 3290 πλείονα
3491 3231 3691 3306 πολλῷ
3737 3235 3840 3290 καὶ

403 3343 705 3384 summum
756 3326 942 3382 otium
991 3327 1061 3382 ad
1111 3326 1305 3398 ipsum
1356 3325 1646 3382 Joannem
1697 3325 2050 3397 irrumpunt,

2173 3322 2530 3381 δυσκάθεκτον
2594 3323 2720 3398 περί
2775 3324 2868 3380 τὸν
2924 3324 3187 3402 τύραννον
3245 3323 3518 3390 συνελθεῖν
3578 3324 3839 3400 ὁρθριαί-

399 3431 655 3487 eumque
677 3418 955 3486 tanquam
986 3415 1266 3487 pecudem
1293 3413 1430 3469 totis
1461 3413 1798 3485 corporibus
1824 3412 2059 3468 connixi

398 3505 650 3572 caedunt,
683 3508 740 3560 et
786 3508 963 3577 caput
1009 3505 1136 3575 ejus
1189 3503 1530 3576 imperatori
1573 3502 1846 3559 oﬂ’erunt.
1881 3503 1943 3558 Id
1993 3503 2054 3558 in

399 3595 620 3652 fornice
676 3593 783 3650 fori
839 3610 940 3666 pro
991 3592 1228 3665 publico
1278 3591 1608 3664 spectaculo
1665 3596 1755 3647 est
1806 3607 2052 3664 suspen-

399 3699 554 3752 sum,
611 3699 818 3740 cruore
879 3681 1072 3738 adhuc
1127 3680 1480 3750 destillante,
1534 3697 1668 3737 cum
1720 3681 1870 3737 foedo
1932 3681 2052 3738 oris

391 3772 554 3828 hiatu
591 3777 648 3829 et
696 3771 910 3828 clausis
941 3770 1144 3828 oculis.
1182 3771 1492 3844 Reliquum
1538 3771 1662 3841 eius
1719 3771 1958 3827 cadaver
1989 3771 2048 3828 in

389 3858 542 3918 lecto
589 3860 934 3918 collocatum
988 3860 1046 3916 in
1094 3859 1458 3917 meridionali
1515 3864 1675 3932 porta
1720 3860 2046 3916 Blachernii

393 3949 594 4023 palatii
625 3950 732 4007 sub
789 3949 886 4005 dio
945 3949 1274 4022 exponitur.
1311 3949 1630 4021 Imperator
1681 3965 1812 4004 vero
1872 3965 1901 4004 ο
1947 3966 2044 4004 su-

391 4039 602 4112 periori
632 4038 892 4096 conclavi
925 4036 1104 4094 simul
1135 4043 1192 4094 et
1220 4037 1548 4109 spectaculo
1581 4038 1734 4092 699
1767 4036 1865 4093 illo
1899 4037 2046 4093 frue-

391 4131 560 4186 batur
582 4129 880 4186 cadaveris
905 4128 1089 4184 instar
1115 4126 1261 4184 vasti
1287 4127 1434 4184 tauri
1468 4128 1764 4195 tumentis,
1791 4126 2044 4184 simulet

389 4223 554 4276 tanto
587 4234 860 4276 successu
893 4234 1028 4274 cum
1063 4217 1369 4274 insolentia
1391 4216 1720 4273 laetabatur.
1753 4216 2042 4274 Cadavcre

383 4309 520 4365 inde
576 4306 805 4365 sublato
859 4311 916 4362 et
964 4306 1204 4362 canibus
1262 4322 1328 4361 ac
1371 4305 1705 4362 volucribus
1764 4310 2040 4378 proiecto,

382 4399 537 4470 quod
570 4399 845 4454 omnibus
877 4398 992 4454 fere
1016 4397 1272 4454 immane
1303 4401 1359 4454 et
1383 4395 1778 4452 inhumanum
1814 4397 2042 4454 facinus

379 4487 573 4545 visum
607 4492 718 4557 est,
751 4487 1036 4560 conjurati
1067 4489 1196 4560 ejus
1228 4486 1640 4559 comprehensi
1673 4495 1728 4544 et
1759 4487 2038 4560 quaestio-

2170 3433 2346 3490 τερον,
2382 3411 2808 3486 συλληψόμενον
2841 3411 3028 3486 ἐκείνῳ
3064 3418 3161 3468 τοῦ
3213 3410 3376 3489 ἔργου
3425 3413 3515 3468 καὶ
3566 3417 3830 3486 πολυμε-

2171 3508 2282 3577 ρῶς
2339 3501 2526 3565 αὐτοῖς
2585 3502 3130 3578 ἀντιμαχησόμενον.
3181 3503 3244 3557 Oi
3297 3503 3396 3576 μὶν
3447 3503 3538 3558 οὗν
3607 3499 3831 3558 πλοίων

2160 3588 2452 3664 ἐπέϐησαν,
2483 3592 2676 3667 καὶτῇ
2732 3593 2870 3665 ἀκτῇ
2925 3592 3295 3670 προσίσχουσι
3341 3597 3445 3662 τῆς
3491 3599 3661 3666 μονῆς
3710 3596 3826 3648 τῶν

2160 3681 2438 3758 Ὁδηγῶν,
2485 3682 2730 3738 κάκεῖθεν
2782 3685 2899 3744 τοῖς
2956 3679 3356 3762 πελεκυφόροις
3417 3681 3829 3755 συμμίγνυνται

2159 3771 2256 3828 τοῦ
2292 3769 2562 3848 βασιλέως
2606 3771 2988 3833 ὑπασπισταῖς·
3022 3768 3300 3846 οὐδὲνγὰρ
3351 3773 3418 3840 ἦν
3467 3769 3830 3849 ὁπλοφόρους

2159 3857 2248 3915 διὰ
2283 3859 2453 3935 μέσης
2499 3867 2600 3930 τῆς
2651 3857 2868 3923 πόλεως
2914 3857 3226 3935 παρελθεῖν.
3269 3859 3372 3917 Καὶ
3429 3861 3537 3934 μὴν
3596 3858 3828 3930 ἐξαπινα

2157 3947 2506 4026 συρῥαγέντες
2573 3954 2692 4013 τοῖς
2751 3949 2874 4025 περὶ
2929 3950 2993 4006 τὸ
3050 3947 3273 4026 θέατρον
3335 3949 3660 4012 στασιώταις
3718 3954 3824 4005 τοῦ

2155 4040 2404 4095 Ἰωάννου
2436 4037 2632 4102 αὐτοὺς
2690 4060 2748 4095 τε
2797 4036 3001 4114 ῥᾳδίως
3053 4035 3488 4110 διασκεδάζουσι,
3537 4039 3626 4094 καὶ
3676 4039 3822 4094 κατὰ

2154 4129 2431 4204 ῥαστώνην
2469 4133 2643 4184 πᾶσαν
2673 4132 2752 4202 τῷ
2783 4129 3012 4205 Ἰωάννῃ
3041 4124 3482 4204 προσϐάλλουσι,
3541 4127 3819 4184 κτείνουσί

2149 4239 2209 4274 τε
2284 4219 2359 4280 ὡς
2439 4217 2660 4295 βόκημα
2732 4219 3064 4293 πανσώμους
3135 4219 3484 4294 ἐπενεγκότες
3560 4215 3817 4296 πληγὰς,

2150 4306 2240 4363 καὶ
2268 4309 2368 4378 τήν
2402 4305 2644 4384 κεφαλὴν
2673 4305 3000 4387 ἀφελόμενοι
3040 4312 3119 4380 τῷ
3180 4306 3400 4384 βασιλεῖ
3445 4309 3815 4383 προσάγουσι.

2151 4397 2254 4456 Καὶ
2284 4399 2319 4468 ἡ
2358 4397 2451 4470 μὲν
2482 4400 2551 4472 τῇ
2601 4397 2735 4452 κατᾶ
2790 4399 2890 4467 τὴν
2953 4396 3150 4473 ἀγορὰν
3213 4394 3368 4472 ἁψῖδι
3423 4398 3819 4472 μετεωρίζεται

2149 4487 2286 4562 πρὸς
2317 4486 2436 4542 θέον
2484 4483 2800 4560 πάνδημον,
2832 4481 2912 4542 ἔτι
2965 4490 3064 4542 τοῦ
3106 4487 3341 4560 αἳματος
3390 4483 3818 4558 ἀποϐλύζουσα,

377 4579 550 4634 nibus
579 4577 854 4648 adhibiti,
889 4582 950 4633 ut
978 4577 1244 4633 conscios
1275 4575 1672 4646 nominarent,
1708 4576 1765 4633 in
1801 4576 2037 4634 vincula

2164 4576 2408 4651 πεσηρυῖά
2433 4597 2493 4631 τε
2541 4572 2716 4631 δεινὸν
2757 4575 2852 4631 καὶ
2908 4581 3184 4651 μεμυκυῖα
3230 4575 3310 4633 τὼ
3361 4575 3655 4653 ὀφθαλμόν
3693 4579 3722 4632 6
3757 4575 3820 4634 δὲ

373 4671 432 4724 et
461 4683 722 4725 carceres
751 4665 1166 4737 conjiciuntur.

2164 4666 2346 4729 λοιπὸς
2379 4665 2640 4737 Ἰωάννης
2674 4666 2854 4741 ἀρθεὶς
2885 4665 2972 4722 ἐπὶ
3005 4665 3202 4738 κλίνης
3234 4663 3453 4741 α’ίθριος
3487 4665 3812 4742 προτίθεται

368 4755 506 4810 κατᾶ
561 4755 658 4825 την
724 4749 1106 4829 μεσημϐρινὴν
1165 4751 1346 4823 πύλην
1416 4755 1523 4808 τῶν
1582 4751 1634 4808 ἐν
1687 4753 2028 4830 Βλαχέρναις
2087 4754 2348 4831 ἀρχείων.
2408 4753 2511 4812 Καὶ
2573 4753 2830 4830 βασιλεὺς
2906 4755 3000 4818 τὰς
3059 4754 3261 4818 ἂνωθεν
3330 4755 3504 4825 αὐτῆς
3560 4755 3812 4830 ἀρχικὰς

370 4841 578 4906 διαίτας
605 4843 787 4900 εἰσιὼν
818 4842 999 4898 ἐθεᾶτο
1030 4843 1293 4912 κάτωθεν,
1352 4843 1492 4913 ὁμοῦ
1544 4842 1640 4916 μὲν
1671 4845 1766 4906 τὰς
1812 4844 1964 4918 ὅψέις
2014 4841 2198 4908 διδοὺς
2246 4849 2326 4918 τῷ
2383 4865 2638 4918 πτωματι
2707 4844 2839 4920 ὑπὲρ
2873 4846 3002 4920 βοῦν
3061 4841 3362 4918 διῳδηκότι
3415 4842 3801 4920 μεγαλόπλευ-

371 4937 667 5010 ρον,ὁμοῦ
699 4931 756 4989 δὲ
797 4931 1158 5009 διαχεόμενος
1216 4938 1294 5005 τῷ
1347 4933 1574 5007 ῥεύματι
1631 4932 1722 4988 καὶ
1779 4933 2349 5010 καταλαζονευόμενος
2399 4934 2460 4989 τὸ
2515 4945 2869 5010 κατορθωμα.
2929 4934 3076 4990 Μετὰ
3135 4932 3194 4988 δὲ
3253 4933 3317 4990 τὸ
3378 4937 3538 5007 σῶμα
3594 4931 3798 4989 ἐκεῖθεν

369 5022 534 5098 ἀρθὲν
591 5023 716 5079 κυσὶ
783 5023 872 5079 καὶ
933 5019 1108 5098 ὄρνισι
1172 5022 1312 5098 βορὰ
1377 5023 1752 5097 παρατίθεται,
1805 5024 1835 5078 6'
1899 5023 1990 5080 καὶ
2031 5023 2302 5101 θηριῶδες
2377 5027 2574 5098 μικροῦ
2641 5023 2731 5079 καὶ
2792 5024 3146 5099 ἀπάνθρωπον
3207 5027 3326 5086 τοῖς
3385 5043 3540 5078 πασιν
3614 5017 3798 5088 ἔδοξεν

373 5113 427 5167 οἱ
458 5111 505 5168 δ’
537 5112 596 5168 ἐκ
625 5120 724 5182 τῆς
753 5110 1134 5185 συνωμότιδος
1170 5109 1392 5188 μερίδος
1421 5116 1518 5168 τοῦ
1552 5109 1798 5170 Ἰωάννου
1834 5113 2205 5192 συαχεθέντες,
2262 5113 2354 5170 καὶ
2401 5112 2652 5190 βασάνοις
2703 5108 3104 5184 ὑποϐληθέντες
3152 5108 3305 5177 ὅπως
3349 5111 3604 5186 ἐκφήνωσι
3651 5103 3788 5167 τοὺς

364 5201 706 5277 συνίστορας,
731 5199 952 5275 δεσμοῖς
975 5203 1064 5258 καὶ
1097 5208 1362 5278 φρουραῖς
1393 5204 1879 5277 παραπέμπονται.

434 5293 593 5349 Fecit
624 5299 680 5348 et
711 5291 868 5348 aliud
903 5294 1235 5364 imperator,
1277 5295 1472 5350 nescio
1505 5293 1694 5366 quale.
1725 5297 2010 5352 Constan-

357 5379 551 5438 tinum
583 5385 893 5454 quemdam
927 5383 1352 5456 FrancOpulum
1385 5399 1517 5440 cum
1548 5400 1645 5440 sex
1663 5384 2004 5442 triremibus

356 5471 418 5526 in
451 5473 700 5527 Pontum
723 5471 1007 5528 Euxinum
1029 5473 1190 5528 misit
1215 5489 1314 5544 per
1330 5472 1586 5545 speciem
1617 5473 1686 5530 de
1711 5475 2004 5532 mercibus

350 5555 524 5614 navis
554 5560 888 5631 cujusdam,
920 5578 1048 5633 quae
1080 5577 1148 5617 ex
1180 5562 1422 5618 Phaside
1470 5563 1812 5636 Byzantium
1845 5563 2003 5620 navi-

349 5660 504 5718 gans
543 5646 712 5715 juxta
759 5652 1140 5709 Ccrasuntem
1189 5652 1371 5708 fracta
1417 5659 1589 5722 esset,
1641 5653 2002 5726 inquirendi,

342 5747 556 5793 revera
603 5751 794 5800 autem
826 5748 890 5800 ut
920 5743 1181 5801 oneraria
1230 5743 1483 5816 navigia,
1517 5760 1641 5817 quas
1695 5745 2003 5803 Amineum

2196 5290 2355 5351 Ἀλλ’
2389 5294 2505 5348 οἷον
2535 5293 2626 5348 καὶ
2655 5290 2768 5349 τόδ’
2800 5287 3010 5371 ἔρρεξεν
3045 5292 3204 5358 οὗτος
3233 5294 3261 5348 6
3307 5285 3582 5367 βασιλεύς·
3628 5281 3801 5361 ἀνδρί

2120 5403 2231 5438 τινι
2261 5379 2536 5458 παραδοὺς
2567 5385 2816 5460 τριήρεις
2865 5383 2942 5454 ἓξ,
2975 5383 3020 5456 ᾧ
3051 5384 3086 5454 ἡ
3125 5383 3220 5457 μὶν
3260 5380 3458 5449 κλῆσις
3505 5375 3573 5446 ἦν
3624 5376 3803 5434 Κων-

2120 5477 2423 5542 σταντῖνος,
2457 5474 2491 5542 ἡ
2526 5469 2574 5526 δ’
2620 5472 2910 5545 ἐπίκλησις
2961 5469 3426 5549 Φραγγόπουλος,
3460 5467 3511 5529 ἐς
3540 5465 3632 5521 τὸν
3685 5461 3808 5522 Εὕα-

2115 5565 2284 5636 ξεινον
2336 5561 2536 5619 Πάντον
2596 5560 2883 5638 ἐξέπεμψε,
2940 5566 3022 5636 τῷ
3077 5562 3172 5635 μὲν
3235 5557 3418 5616 δοκεῖν
3462 5556 3589 5632 περὶ
3639 5576 3798 5632 φορ-

2111 5653 2230 5711 τίου
2260 5651 2460 5709 πλοίου
2488 5652 2638 5716 τινὸς
2672 5653 3008 5727 ἐξετάσοντα,
3042 5652 3102 5708 ἐκ
3133 5649 3376 5714 Φάσιδος
3419 5647 3788 5724 καταίροντος

2112 5743 2190 5808 είς
2257 5743 2568 5816 Βυζάντιον,
2628 5743 2754 5821 περὶ
2804 5742 2862 5798 οὶ
2921 5745 3268 5820 Κερασοῦντα
3377 5738 3815 5816 ναυαγήςαντο,
