  <div class='ocr_page' id='page_1' title='image "/cluster/home/n/w/nwhite01/storage/ocr_20150623/139:no.1/coo.31924054870443/464.png"; bbox 0 0 4074 6406; ppageno 0'>
   <div class='ocr_carea' id='block_1_1' title="bbox 277 421 394 484">
    <p class='ocr_par' dir='ltr' id='par_1_1' title="bbox 277 421 394 484">
     <span class='ocr_line' id='line_1_1' title="bbox 277 421 394 484; baseline 0.017 -2"><span class='ocrx_word' id='word_1_1' title='bbox 277 421 394 484; x_wconf 80' lang='lat'><strong>909</strong></span> 
     </span>
    </p>
   </div>
   <div class='ocr_carea' id='block_1_2' title="bbox 1159 408 2794 478">
    <p class='ocr_par' dir='ltr' id='par_1_2' title="bbox 1159 408 2794 478">
     <span class='ocr_line' id='line_1_2' title="bbox 1159 408 2794 478; baseline 0.003 -5"><span class='ocrx_word' id='word_1_2' title='bbox 1159 413 1261 475; x_wconf 90' lang='lat' dir='ltr'>DE</span> <span class='ocrx_word' id='word_1_3' title='bbox 1295 411 1596 476; x_wconf 66' lang='lat' dir='ltr'><strong>ALEXIO</strong></span> <span class='ocrx_word' id='word_1_4' title='bbox 1639 408 1929 474; x_wconf 78' lang='lat' dir='ltr'><strong>ISAACII</strong></span> <span class='ocrx_word' id='word_1_5' title='bbox 1975 410 2263 474; x_wconf 85' lang='lat' dir='ltr'><strong>ANGELI</strong></span> <span class='ocrx_word' id='word_1_6' title='bbox 2307 413 2431 475; x_wconf 81' lang='lat' dir='ltr'><strong>FB.</strong></span> <span class='ocrx_word' id='word_1_7' title='bbox 2482 417 2634 477; x_wconf 93' lang='lat' dir='ltr'><strong>LIB.</strong></span> <span class='ocrx_word' id='word_1_8' title='bbox 2685 415 2794 478; x_wconf 91' lang='lat' dir='ltr'><strong>III.</strong></span> 
     </span>
    </p>
   </div>
   <div class='ocr_carea' id='block_1_3' title="bbox 3576 419 3695 485">
    <p class='ocr_par' dir='ltr' id='par_1_3' title="bbox 3576 419 3695 485">
     <span class='ocr_line' id='line_1_3' title="bbox 3576 419 3695 485; baseline -0.034 0"><span class='ocrx_word' id='word_1_9' title='bbox 3576 419 3695 485; x_wconf 75' lang='grc' dir='ltr'><strong>ΜΟ</strong></span> 
     </span>
    </p>
   </div>
   <div class='ocr_carea' id='block_1_4' title="bbox 270 542 1961 628">
    <p class='ocr_par' dir='ltr' id='par_1_4' title="bbox 270 542 1931 628">
     <span class='ocr_line' id='line_1_4' title="bbox 270 542 1931 628; baseline -0.008 -18"><span class='ocrx_word' id='word_1_10' title='bbox 270 555 353 628; x_wconf 83' lang='grc' dir='ltr'>τῷ</span> <span class='ocrx_word' id='word_1_11' title='bbox 385 549 441 608; x_wconf 78' lang='grc' dir='ltr'>δὲ</span> <span class='ocrx_word' id='word_1_12' title='bbox 471 548 587 606; x_wconf 72' lang='grc' dir='ltr'>ὄντι</span> <span class='ocrx_word' id='word_1_13' title='bbox 618 552 738 612; x_wconf 86' lang='grc' dir='ltr'>ταῖς</span> <span class='ocrx_word' id='word_1_14' title='bbox 795 545 847 611; x_wconf 88' lang='grc' dir='ltr'><strong>ἐς</strong></span> <span class='ocrx_word' id='word_1_15' title='bbox 904 542 1068 603; x_wconf 74' lang='grc' dir='ltr'>πόλιν</span> <span class='ocrx_word' id='word_1_16' title='bbox 1125 545 1225 615; x_wconf 82' lang='grc' dir='ltr'>τὴν</span> <span class='ocrx_word' id='word_1_17' title='bbox 1283 547 1548 618; x_wconf 79' lang='grc' dir='ltr'>Ἄμινσον</span> <span class='ocrx_word' id='word_1_18' title='bbox 1594 542 1931 600; x_wconf 74' lang='grc' dir='ltr'>καταπλεού-</span> 
     </span>
    </p>
   </div>
   <div class='ocr_carea' id='block_1_5' title="bbox 2055 542 3697 628">
    <p class='ocr_par' dir='ltr' id='par_1_5' title="bbox 2055 546 3697 624">
     <span class='ocr_line' id='line_1_5' title="bbox 2055 546 3697 624; baseline 0.005 -22"><span class='ocrx_word' id='word_1_19' title='bbox 2055 546 2427 619; x_wconf 80' lang='lat' dir='ltr'><strong>appellarent,</strong></span> <span class='ocrx_word' id='word_1_20' title='bbox 2483 550 2778 621; x_wconf 85' lang='lat' dir='ltr'><strong>spoliaret.</strong></span> <span class='ocrx_word' id='word_1_21' title='bbox 2843 549 2922 621; x_wconf 89' lang='lat' dir='ltr'><strong>Is,</strong></span> <span class='ocrx_word' id='word_1_22' title='bbox 2977 553 3043 606; x_wconf 88' lang='lat' dir='ltr'><strong>ut</strong></span> <span class='ocrx_word' id='word_1_23' title='bbox 3092 550 3264 622; x_wconf 86' lang='lat' dir='ltr'><strong>jussa</strong></span> <span class='ocrx_word' id='word_1_24' title='bbox 3319 551 3697 624; x_wconf 83' lang='lat' dir='ltr'><strong>imperatoris</strong></span> 
     </span>
    </p>
   </div>
   <div class='ocr_carea' id='block_1_6' title="bbox 276 633 1942 716">
    <p class='ocr_par' dir='ltr' id='par_1_6' title="bbox 276 633 1942 716">
     <span class='ocr_line' id='line_1_6' title="bbox 276 633 1942 716; baseline -0.007 -16"><span class='ocrx_word' id='word_1_25' title='bbox 276 664 393 706; x_wconf 86' lang='grc' dir='ltr'>σαις</span> <span class='ocrx_word' id='word_1_26' title='bbox 427 645 508 716; x_wconf 86' lang='grc' dir='ltr'><strong>[Ρ.</strong></span> <span class='ocrx_word' id='word_1_27' title='bbox 540 642 666 713; x_wconf 82' lang='grc'><strong>341]</strong></span> <span class='ocrx_word' id='word_1_28' title='bbox 712 636 938 694; x_wconf 83' lang='grc' dir='ltr'><strong>ὁλκάσιν</strong></span> <span class='ocrx_word' id='word_1_29' title='bbox 998 635 1400 708; x_wconf 71' lang='grc' dir='ltr'><strong>ἐπιθησόμενον</strong></span> <span class='ocrx_word' id='word_1_30' title='bbox 1460 635 1552 690; x_wconf 88' lang='grc' dir='ltr'><strong>καὶ</strong></span> <span class='ocrx_word' id='word_1_31' title='bbox 1612 633 1820 690; x_wconf 90' lang='grc' dir='ltr'>τούτων</span> <span class='ocrx_word' id='word_1_32' title='bbox 1874 635 1942 688; x_wconf 78' lang='grc' dir='ltr'><strong>τὰ</strong></span> 
     </span>
    </p>
   </div>
   <div class='ocr_carea' id='block_1_7' title="bbox 277 722 1939 810">
    <p class='ocr_par' dir='ltr' id='par_1_7' title="bbox 277 722 1939 810">
     <span class='ocr_line' id='line_1_7' title="bbox 277 722 1939 810; baseline -0.007 -21"><span class='ocrx_word' id='word_1_33' title='bbox 277 734 535 810; x_wconf 81' lang='grc' dir='ltr'><strong>ἀγώγιμα</strong></span> <span class='ocrx_word' id='word_1_34' title='bbox 563 729 1027 805; x_wconf 88' lang='grc' dir='ltr'>προνομεύσοντα.</span> <span class='ocrx_word' id='word_1_35' title='bbox 1071 726 1133 784; x_wconf 86' lang='grc' dir='ltr'>Ὁ</span> <span class='ocrx_word' id='word_1_36' title='bbox 1176 723 1237 781; x_wconf 71' lang='grc' dir='ltr'><strong>’δὲ</strong></span> <span class='ocrx_word' id='word_1_37' title='bbox 1266 726 1381 781; x_wconf 86' lang='grc' dir='ltr'>κατ’</span> <span class='ocrx_word' id='word_1_38' title='bbox 1415 722 1694 810; x_wconf 83' lang='grc' dir='ltr'>ἐπίταγμα</span> <span class='ocrx_word' id='word_1_39' title='bbox 1724 724 1786 778; x_wconf 87' lang='grc' dir='ltr'>τὸ</span> <span class='ocrx_word' id='word_1_40' title='bbox 1844 724 1939 810; x_wconf 66' lang='grc' dir='ltr'><strong>βα-</strong></span> 
     </span>
    </p>
   </div>
   <div class='ocr_carea' id='block_1_8' title="bbox 280 806 1941 889">
    <p class='ocr_par' dir='ltr' id='par_1_8' title="bbox 280 806 1941 889">
     <span class='ocr_line' id='line_1_8' title="bbox 280 806 1941 889; baseline -0.008 -13"><span class='ocrx_word' id='word_1_41' title='bbox 280 806 494 877; x_wconf 78' lang='grc' dir='ltr'>σιλικὸν</span> <span class='ocrx_word' id='word_1_42' title='bbox 540 818 592 881; x_wconf 81' lang='grc' dir='ltr'><strong>ἐς</strong></span> <span class='ocrx_word' id='word_1_43' title='bbox 623 819 715 874; x_wconf 88' lang='grc' dir='ltr'>τὸν</span> <span class='ocrx_word' id='word_1_44' title='bbox 746 813 995 889; x_wconf 74' lang='grc' dir='ltr'><strong>Εὔξεινον</strong></span> <span class='ocrx_word' id='word_1_45' title='bbox 1049 811 1390 874; x_wconf 77' lang='grc' dir='ltr'><strong>ἀναπλεύσας</strong></span> <span class='ocrx_word' id='word_1_46' title='bbox 1446 809 1708 882; x_wconf 75' lang='grc' dir='ltr'>οὐδεμιᾶς</span> <span class='ocrx_word' id='word_1_47' title='bbox 1767 806 1941 885; x_wconf 84' lang='grc' dir='ltr'>φείδε-</span> 
     </span>
    </p>
   </div>
   <div class='ocr_carea' id='block_1_9' title="bbox 277 896 1944 981">
    <p class='ocr_par' dir='ltr' id='par_1_9' title="bbox 277 896 1944 981">
     <span class='ocr_line' id='line_1_9' title="bbox 277 896 1944 981; baseline -0.01 -15"><span class='ocrx_word' id='word_1_48' title='bbox 277 909 543 981; x_wconf 86' lang='grc' dir='ltr'>ταινηὸς,</span> <span class='ocrx_word' id='word_1_49' title='bbox 584 907 732 963; x_wconf 83' lang='grc' dir='ltr'><strong>ἀλλά</strong></span> <span class='ocrx_word' id='word_1_50' title='bbox 761 905 937 967; x_wconf 84' lang='grc' dir='ltr'>πάσας</span> <span class='ocrx_word' id='word_1_51' title='bbox 986 902 1312 972; x_wconf 74' lang='grc' dir='ltr'><strong>σκυλεύσας,</strong></span> <span class='ocrx_word' id='word_1_52' title='bbox 1369 900 1491 955; x_wconf 77' lang='grc' dir='ltr'>ὅσαι</span> <span class='ocrx_word' id='word_1_53' title='bbox 1546 920 1604 955; x_wconf 89' lang='grc' dir='ltr'><strong>τε</strong></span> <span class='ocrx_word' id='word_1_54' title='bbox 1636 898 1686 959; x_wconf 88' lang='grc' dir='ltr'><strong>ἐς</strong></span> <span class='ocrx_word' id='word_1_55' title='bbox 1746 896 1944 965; x_wconf 78' lang='grc' dir='ltr'>Βυζάν-</span> 
     </span>
    </p>
   </div>
   <div class='ocr_carea' id='block_1_10' title="bbox 281 984 1942 1071">
    <p class='ocr_par' dir='ltr' id='par_1_10' title="bbox 281 984 1942 1071">
     <span class='ocr_line' id='line_1_10' title="bbox 281 984 1942 1071; baseline -0.01 -16"><span class='ocrx_word' id='word_1_56' title='bbox 281 1020 399 1055; x_wconf 88' lang='grc' dir='ltr'>τιον</span> <span class='ocrx_word' id='word_1_57' title='bbox 459 997 892 1071; x_wconf 88' lang='grc' dir='ltr'>ἐμπορευμάτων</span> <span class='ocrx_word' id='word_1_58' title='bbox 958 992 1194 1065; x_wconf 77' lang='grc' dir='ltr'>πλήρεις</span> <span class='ocrx_word' id='word_1_59' title='bbox 1263 992 1585 1063; x_wconf 73' lang='grc' dir='ltr'><strong>κατήγοντο,</strong></span> <span class='ocrx_word' id='word_1_60' title='bbox 1668 986 1759 1042; x_wconf 81' lang='grc' dir='ltr'><strong>καὶ</strong></span> <span class='ocrx_word' id='word_1_61' title='bbox 1820 984 1942 1069; x_wconf 67' lang='grc' dir='ltr'>ὅσαξ</span> 
     </span>
    </p>
   </div>
   <div class='ocr_carea' id='block_1_11' title="bbox 281 1071 1920 1159">
    <p class='ocr_par' dir='ltr' id='par_1_11' title="bbox 281 1071 1920 1159">
     <span class='ocr_line' id='line_1_11' title="bbox 281 1071 1920 1159; baseline -0.01 -16"><span class='ocrx_word' id='word_1_62' title='bbox 281 1089 434 1150; x_wconf 79' lang='grc' dir='ltr'>αὗθις</span> <span class='ocrx_word' id='word_1_63' title='bbox 489 1086 756 1159; x_wconf 73' lang='grc' dir='ltr'>ἀνήγοντο</span> <span class='ocrx_word' id='word_1_64' title='bbox 815 1079 1215 1154; x_wconf 82' lang='grc' dir='ltr'>ἀποδιδόμεναι</span> <span class='ocrx_word' id='word_1_65' title='bbox 1276 1081 1343 1134; x_wconf 85' lang='grc' dir='ltr'>τὰ</span> <span class='ocrx_word' id='word_1_66' title='bbox 1399 1080 1602 1134; x_wconf 74' lang='grc' dir='ltr'>ἑαυτῶν</span> <span class='ocrx_word' id='word_1_67' title='bbox 1670 1073 1757 1130; x_wconf 84' lang='grc' dir='ltr'>καὶ</span> <span class='ocrx_word' id='word_1_68' title='bbox 1815 1071 1920 1128; x_wconf 79' lang='grc' dir='ltr'>ἄλλ</span> 
     </span>
    </p>
   </div>
   <div class='ocr_carea' id='block_1_12' title="bbox 280 1163 1946 1248">
    <p class='ocr_par' dir='ltr' id='par_1_12' title="bbox 280 1163 1946 1248">
     <span class='ocr_line' id='line_1_12' title="bbox 280 1163 1946 1248; baseline -0.01 -16"><span class='ocrx_word' id='word_1_69' title='bbox 280 1174 410 1232; x_wconf 81' lang='grc' dir='ltr'>ἄττα</span> <span class='ocrx_word' id='word_1_70' title='bbox 468 1175 765 1248; x_wconf 86' lang='grc' dir='ltr'>ἐνθέμεναι,</span> <span class='ocrx_word' id='word_1_71' title='bbox 831 1168 1121 1246; x_wconf 79' lang='grc' dir='ltr'>μετά’δύο</span> <span class='ocrx_word' id='word_1_72' title='bbox 1186 1176 1359 1242; x_wconf 79' lang='grc' dir='ltr'>μῆνας</span> <span class='ocrx_word' id='word_1_73' title='bbox 1427 1168 1743 1241; x_wconf 81' lang='grc' dir='ltr'>ὑπέστρεψε,</span> <span class='ocrx_word' id='word_1_74' title='bbox 1801 1163 1946 1223; x_wconf 68' lang='grc' dir='ltr'>τινὰς</span> 
     </span>
    </p>
   </div>
   <div class='ocr_carea' id='block_1_13' title="bbox 278 1255 1947 1340">
    <p class='ocr_par' dir='ltr' id='par_1_13' title="bbox 278 1255 1947 1340">
     <span class='ocr_line' id='line_1_13' title="bbox 278 1255 1947 1340; baseline -0.01 -18"><span class='ocrx_word' id='word_1_75' title='bbox 278 1270 389 1321; x_wconf 80' lang='grc' dir='ltr'>τῶν</span> <span class='ocrx_word' id='word_1_76' title='bbox 449 1261 711 1340; x_wconf 82' lang='grc' dir='ltr'>ἐμπόρων</span> <span class='ocrx_word' id='word_1_77' title='bbox 772 1262 1019 1337; x_wconf 85' lang='grc' dir='ltr'>μαχαίρᾳ</span> <span class='ocrx_word' id='word_1_78' title='bbox 1071 1257 1407 1320; x_wconf 84' lang='grc' dir='ltr'>ὑποδικάσας</span> <span class='ocrx_word' id='word_1_79' title='bbox 1484 1257 1575 1312; x_wconf 85' lang='grc' dir='ltr'><strong>καὶ</strong></span> <span class='ocrx_word' id='word_1_80' title='bbox 1647 1259 1727 1326; x_wconf 74' lang='grc' dir='ltr'>τῷ</span> <span class='ocrx_word' id='word_1_81' title='bbox 1798 1255 1947 1327; x_wconf 83' lang='grc' dir='ltr'><strong>βυθῷ</strong></span> 
     </span>
    </p>
   </div>
   <div class='ocr_carea' id='block_1_14' title="bbox 277 1339 1945 1430">
    <p class='ocr_par' dir='ltr' id='par_1_14' title="bbox 277 1339 1945 1430">
     <span class='ocr_line' id='line_1_14' title="bbox 277 1339 1945 1430; baseline -0.01 -19"><span class='ocrx_word' id='word_1_82' title='bbox 277 1339 672 1430; x_wconf 76' lang='grc' dir='ltr'><strong>παραπέμψας,</strong></span> <span class='ocrx_word' id='word_1_83' title='bbox 712 1351 787 1407; x_wconf 86' lang='grc' dir='ltr'>ὧν</span> <span class='ocrx_word' id='word_1_84' title='bbox 842 1353 909 1406; x_wconf 74' lang='grc' dir='ltr'><strong>τά</strong></span> <span class='ocrx_word' id='word_1_85' title='bbox 941 1352 1207 1426; x_wconf 82' lang='grc' dir='ltr'>χρήματα</span> <span class='ocrx_word' id='word_1_86' title='bbox 1259 1347 1420 1409; x_wconf 84' lang='grc' dir='ltr'>αὐτὸς</span> <span class='ocrx_word' id='word_1_87' title='bbox 1483 1344 1761 1415; x_wconf 80' lang='grc' dir='ltr'>ἱδιώσατο,</span> <span class='ocrx_word' id='word_1_88' title='bbox 1817 1339 1945 1401; x_wconf 70' lang='grc' dir='ltr'>τοὺς</span> 
     </span>
    </p>
   </div>
   <div class='ocr_carea' id='block_1_15' title="bbox 281 1431 1944 1516">
    <p class='ocr_par' dir='ltr' id='par_1_15' title="bbox 281 1431 1944 1516">
     <span class='ocr_line' id='line_1_15' title="bbox 281 1431 1944 1516; baseline -0.007 -17"><span class='ocrx_word' id='word_1_89' title='bbox 281 1442 331 1499; x_wconf 85' lang='grc' dir='ltr'>δ’</span> <span class='ocrx_word' id='word_1_90' title='bbox 378 1441 587 1505; x_wconf 77' lang='grc' dir='ltr'>ἄλλους</span> <span class='ocrx_word' id='word_1_91' title='bbox 650 1442 851 1516; x_wconf 80' lang='grc' dir='ltr'>ὑπέρου</span> <span class='ocrx_word' id='word_1_92' title='bbox 903 1439 1275 1515; x_wconf 79' lang='grc' dir='ltr'>γυμνοτέρους</span> <span class='ocrx_word' id='word_1_93' title='bbox 1330 1435 1814 1508; x_wconf 75' lang='grc' dir='ltr'>ἀποπεμψάμενος.</span> <span class='ocrx_word' id='word_1_94' title='bbox 1878 1431 1944 1501; x_wconf 69' lang='grc' dir='ltr'><strong>Οἱ</strong></span> 
     </span>
    </p>
   </div>
   <div class='ocr_carea' id='block_1_16' title="bbox 283 1519 1942 1602">
    <p class='ocr_par' dir='ltr' id='par_1_16' title="bbox 283 1519 1942 1602">
     <span class='ocr_line' id='line_1_16' title="bbox 283 1519 1942 1602; baseline -0.008 -14"><span class='ocrx_word' id='word_1_95' title='bbox 283 1531 341 1589; x_wconf 77' lang='grc' dir='ltr'>δὲ</span> <span class='ocrx_word' id='word_1_96' title='bbox 368 1534 467 1602; x_wconf 80' lang='grc' dir='ltr'><strong>τήν</strong></span> <span class='ocrx_word' id='word_1_97' title='bbox 496 1533 659 1587; x_wconf 90' lang='grc' dir='ltr'>πόλιν</span> <span class='ocrx_word' id='word_1_98' title='bbox 696 1531 953 1592; x_wconf 74' lang='grc' dir='ltr'>εἰσιόντες</span> <span class='ocrx_word' id='word_1_99' title='bbox 985 1527 1260 1589; x_wconf 77' lang='grc' dir='ltr'>πολλάκις</span> <span class='ocrx_word' id='word_1_100' title='bbox 1322 1528 1417 1599; x_wconf 74' lang='grc' dir='ltr'>μὲν</span> <span class='ocrx_word' id='word_1_101' title='bbox 1481 1526 1753 1579; x_wconf 73' lang='grc' dir='ltr'>ἱκέτευσαν</span> <span class='ocrx_word' id='word_1_102' title='bbox 1811 1519 1942 1593; x_wconf 74' lang='grc' dir='ltr'>ὑπὲρ</span> 
     </span>
    </p>
   </div>
   <div class='ocr_carea' id='block_1_17' title="bbox 283 1608 1945 1697">
    <p class='ocr_par' dir='ltr' id='par_1_17' title="bbox 283 1608 1945 1697">
     <span class='ocr_line' id='line_1_17' title="bbox 283 1608 1945 1697; baseline -0.008 -18"><span class='ocrx_word' id='word_1_103' title='bbox 283 1625 356 1679; x_wconf 83' lang='grc' dir='ltr'>ὧν</span> <span class='ocrx_word' id='word_1_104' title='bbox 388 1622 536 1697; x_wconf 83' lang='grc' dir='ltr'>παρὰ</span> <span class='ocrx_word' id='word_1_105' title='bbox 577 1620 733 1692; x_wconf 84' lang='grc' dir='ltr'>δίκην</span> <span class='ocrx_word' id='word_1_106' title='bbox 795 1620 1153 1689; x_wconf 82' lang='grc' dir='ltr'>πεπόνθασιν,</span> <span class='ocrx_word' id='word_1_107' title='bbox 1202 1616 1459 1692; x_wconf 78' lang='grc' dir='ltr'>ἀρχείοις</span> <span class='ocrx_word' id='word_1_108' title='bbox 1506 1614 1825 1690; x_wconf 82' lang='grc' dir='ltr'>προσιόντες</span> <span class='ocrx_word' id='word_1_109' title='bbox 1855 1608 1945 1666; x_wconf 81' lang='grc' dir='ltr'><strong>καὶ</strong></span> 
     </span>
    </p>
   </div>
   <div class='ocr_carea' id='block_1_18' title="bbox 282 1701 1943 1787">
    <p class='ocr_par' dir='ltr' id='par_1_18' title="bbox 282 1701 1943 1787">
     <span class='ocr_line' id='line_1_18' title="bbox 282 1701 1943 1787; baseline -0.009 -18"><span class='ocrx_word' id='word_1_110' title='bbox 282 1712 451 1779; x_wconf 79' lang='grc' dir='ltr'>θείοις</span> <span class='ocrx_word' id='word_1_111' title='bbox 479 1712 615 1785; x_wconf 77' lang='grc' dir='ltr'>μετὰ</span> <span class='ocrx_word' id='word_1_112' title='bbox 646 1712 842 1787; x_wconf 78' lang='grc' dir='ltr'>φώτων</span> <span class='ocrx_word' id='word_1_113' title='bbox 898 1707 1145 1783; x_wconf 72' lang='grc' dir='ltr'>τεμένεσι</span> <span class='ocrx_word' id='word_1_114' title='bbox 1204 1701 1674 1781; x_wconf 78' lang='grc' dir='ltr'>παραϐάλλοντες,</span> <span class='ocrx_word' id='word_1_115' title='bbox 1735 1702 1837 1756; x_wconf 82' lang='grc' dir='ltr'>οὐκ</span> <span class='ocrx_word' id='word_1_116' title='bbox 1866 1701 1943 1755; x_wconf 82' lang='grc' dir='ltr'><strong>εἶ-</strong></span> 
     </span>
    </p>
   </div>
   <div class='ocr_carea' id='block_1_19' title="bbox 277 1789 1940 1879">
    <p class='ocr_par' dir='ltr' id='par_1_19' title="bbox 277 1789 1940 1879">
     <span class='ocr_line' id='line_1_19' title="bbox 277 1789 1940 1879; baseline -0.01 -20"><span class='ocrx_word' id='word_1_117' title='bbox 277 1823 381 1879; x_wconf 86' lang='grc' dir='ltr'><strong>χον</strong></span> <span class='ocrx_word' id='word_1_118' title='bbox 411 1800 469 1858; x_wconf 81' lang='grc' dir='ltr'>δὲ</span> <span class='ocrx_word' id='word_1_119' title='bbox 495 1803 591 1858; x_wconf 89' lang='grc' dir='ltr'><strong>τὸν</strong></span> <span class='ocrx_word' id='word_1_120' title='bbox 617 1799 845 1876; x_wconf 88' lang='grc' dir='ltr'>βασιλέα</span> <span class='ocrx_word' id='word_1_121' title='bbox 874 1800 1009 1875; x_wconf 86' lang='grc' dir='ltr'>πρὸς</span> <span class='ocrx_word' id='word_1_122' title='bbox 1040 1799 1230 1853; x_wconf 77' lang='grc' dir='ltr'>οἶκτον</span> <span class='ocrx_word' id='word_1_123' title='bbox 1263 1793 1558 1870; x_wconf 71' lang='grc' dir='ltr'>ἐπιρῥεπῆ,</span> <span class='ocrx_word' id='word_1_124' title='bbox 1615 1794 1712 1853; x_wconf 73' lang='grc' dir='ltr'><strong>τας</strong></span> <span class='ocrx_word' id='word_1_125' title='bbox 1764 1789 1940 1879; x_wconf 78' lang='grc' dir='ltr'>αύτῶν</span> 
     </span>
    </p>
   </div>
   <div class='ocr_carea' id='block_1_20' title="bbox 278 1878 2021 1985">
    <p class='ocr_par' dir='ltr' id='par_1_20' title="bbox 278 1878 2021 1985">
     <span class='ocr_line' id='line_1_20' title="bbox 278 1878 2021 1985; baseline -0.01 -36"><span class='ocrx_word' id='word_1_126' title='bbox 278 1878 548 1968; x_wconf 80' lang='grc' dir='ltr'>ἐμπορίας</span> <span class='ocrx_word' id='word_1_127' title='bbox 605 1889 847 1959; x_wconf 76' lang='grc' dir='ltr'><strong>καθάπαξ</strong></span> <span class='ocrx_word' id='word_1_128' title='bbox 902 1887 1355 1965; x_wconf 82' lang='grc' dir='ltr'>ἐξαργυρώσαντα</span> <span class='ocrx_word' id='word_1_129' title='bbox 1431 1882 1523 1938; x_wconf 85' lang='grc' dir='ltr'><strong>καὶ</strong></span> <span class='ocrx_word' id='word_1_130' title='bbox 1610 1885 1690 1953; x_wconf 74' lang='grc' dir='ltr'>τῷ</span> <span class='ocrx_word' id='word_1_131' title='bbox 1776 1878 1943 1985; x_wconf 73' lang='grc' dir='ltr'>αὐτοῦ</span> <span class='ocrx_word' id='word_1_132' title='bbox 1974 1921 2021 1985; x_wconf 81' lang='grc' dir='ltr'><strong>Β</strong></span> 
     </span>
    </p>
   </div>
   <div class='ocr_carea' id='block_1_21' title="bbox 276 1969 1941 2059">
    <p class='ocr_par' dir='ltr' id='par_1_21' title="bbox 276 1969 1941 2059">
     <span class='ocr_line' id='line_1_21' title="bbox 276 1969 1941 2059; baseline -0.01 -19"><span class='ocrx_word' id='word_1_133' title='bbox 276 1982 511 2059; x_wconf 76' lang='grc' dir='ltr'>ταμιείῳ</span> <span class='ocrx_word' id='word_1_134' title='bbox 551 1980 1000 2059; x_wconf 68' lang='grc' dir='ltr'>ἐγκαταθέμενον.</span> <span class='ocrx_word' id='word_1_135' title='bbox 1032 1979 1097 2032; x_wconf 77' lang='grc' dir='ltr'><strong>Οἱ</strong></span> <span class='ocrx_word' id='word_1_136' title='bbox 1164 1976 1213 2046; x_wconf 74' lang='grc' dir='ltr'>ἐξ</span> <span class='ocrx_word' id='word_1_137' title='bbox 1274 1973 1503 2034; x_wconf 79' lang='grc' dir='ltr'>Ἰκονίου</span> <span class='ocrx_word' id='word_1_138' title='bbox 1551 1971 1725 2026; x_wconf 86' lang='grc' dir='ltr'>τοίνυν</span> <span class='ocrx_word' id='word_1_139' title='bbox 1761 1969 1941 2045; x_wconf 86' lang='grc' dir='ltr'>ὁρμώ-</span> 
     </span>
    </p>
   </div>
   <div class='ocr_carea' id='block_1_22' title="bbox 286 2059 1939 2147">
    <p class='ocr_par' dir='ltr' id='par_1_22' title="bbox 286 2059 1939 2147">
     <span class='ocr_line' id='line_1_22' title="bbox 286 2059 1939 2147; baseline -0.011 -18"><span class='ocrx_word' id='word_1_140' title='bbox 286 2094 440 2147; x_wconf 85' lang='grc' dir='ltr'>μενοι</span> <span class='ocrx_word' id='word_1_141' title='bbox 483 2065 718 2147; x_wconf 79' lang='grc' dir='ltr'>ἔμποροι</span> <span class='ocrx_word' id='word_1_142' title='bbox 768 2073 850 2141; x_wconf 79' lang='grc' dir='ltr'>τῷ</span> <span class='ocrx_word' id='word_1_143' title='bbox 905 2065 1273 2146; x_wconf 84' lang='grc' dir='ltr'>Ῥουκρατίνῳ</span> <span class='ocrx_word' id='word_1_144' title='bbox 1330 2062 1608 2139; x_wconf 84' lang='grc' dir='ltr'>προσίασι,</span> <span class='ocrx_word' id='word_1_145' title='bbox 1670 2060 1762 2115; x_wconf 89' lang='grc' dir='ltr'>καὶ</span> <span class='ocrx_word' id='word_1_146' title='bbox 1796 2059 1939 2132; x_wconf 88' lang='grc' dir='ltr'>πέμ-</span> 
     </span>
    </p>
   </div>
   <div class='ocr_carea' id='block_1_23' title="bbox 284 2152 1937 2238">
    <p class='ocr_par' dir='ltr' id='par_1_23' title="bbox 284 2152 1937 2238">
     <span class='ocr_line' id='line_1_23' title="bbox 284 2152 1937 2238; baseline -0.01 -19"><span class='ocrx_word' id='word_1_147' title='bbox 284 2167 388 2238; x_wconf 83' lang='grc' dir='ltr'>ψας</span> <span class='ocrx_word' id='word_1_148' title='bbox 418 2160 575 2224; x_wconf 75' lang='grc' dir='ltr'>οὗτος</span> <span class='ocrx_word' id='word_1_149' title='bbox 624 2159 676 2224; x_wconf 90' lang='grc' dir='ltr'><strong>ἐς</strong></span> <span class='ocrx_word' id='word_1_150' title='bbox 741 2157 970 2236; x_wconf 82' lang='grc' dir='ltr'>βασιλέα</span> <span class='ocrx_word' id='word_1_151' title='bbox 1024 2157 1093 2213; x_wconf 76' lang='grc' dir='ltr'>τὰ</span> <span class='ocrx_word' id='word_1_152' title='bbox 1148 2156 1357 2211; x_wconf 88' lang='grc' dir='ltr'>τούτων</span> <span class='ocrx_word' id='word_1_153' title='bbox 1405 2152 1604 2228; x_wconf 71' lang='grc' dir='ltr'>ἀπῄτει</span> <span class='ocrx_word' id='word_1_154' title='bbox 1652 2152 1937 2238; x_wconf 83' lang='grc' dir='ltr'>χρήματα·</span> 
     </span>
    </p>
   </div>
   <div class='ocr_carea' id='block_1_24' title="bbox 281 2237 1938 2323">
    <p class='ocr_par' dir='ltr' id='par_1_24' title="bbox 281 2237 1938 2323">
     <span class='ocr_line' id='line_1_24' title="bbox 281 2237 1938 2323; baseline -0.01 -15"><span class='ocrx_word' id='word_1_155' title='bbox 281 2237 352 2323; x_wconf 72' lang='grc' dir='ltr'><strong>ἧν</strong></span> <span class='ocrx_word' id='word_1_156' title='bbox 385 2249 441 2307; x_wconf 81' lang='grc' dir='ltr'>δὲ</span> <span class='ocrx_word' id='word_1_157' title='bbox 472 2250 561 2307; x_wconf 86' lang='grc' dir='ltr'><strong>καὶ</strong></span> <span class='ocrx_word' id='word_1_158' title='bbox 594 2249 756 2323; x_wconf 84' lang='grc' dir='ltr'>λόγος</span> <span class='ocrx_word' id='word_1_159' title='bbox 784 2247 908 2304; x_wconf 91' lang='grc' dir='ltr'>τότε</span> <span class='ocrx_word' id='word_1_160' title='bbox 936 2247 1062 2322; x_wconf 85' lang='grc' dir='ltr'>περὶ</span> <span class='ocrx_word' id='word_1_161' title='bbox 1112 2242 1381 2303; x_wconf 80' lang='grc' dir='ltr'>σπονδῶν,</span> <span class='ocrx_word' id='word_1_162' title='bbox 1413 2240 1682 2304; x_wconf 79' lang='grc' dir='ltr'>Βασιλεὺς</span> <span class='ocrx_word' id='word_1_163' title='bbox 1721 2237 1778 2293; x_wconf 72' lang='grc' dir='ltr'>δὲ</span> <span class='ocrx_word' id='word_1_164' title='bbox 1805 2240 1938 2294; x_wconf 86' lang='grc' dir='ltr'>ἀπο-</span> 
     </span>
    </p>
   </div>
   <div class='ocr_carea' id='block_1_25' title="bbox 282 2328 1941 2414">
    <p class='ocr_par' dir='ltr' id='par_1_25' title="bbox 282 2328 1941 2414">
     <span class='ocr_line' id='line_1_25' title="bbox 282 2328 1941 2414; baseline -0.01 -16"><span class='ocrx_word' id='word_1_165' title='bbox 282 2342 484 2412; x_wconf 79' lang='grc' dir='ltr'>στάτην</span> <span class='ocrx_word' id='word_1_166' title='bbox 518 2341 805 2414; x_wconf 83' lang='grc' dir='ltr'>ὀνομάζων</span> <span class='ocrx_word' id='word_1_167' title='bbox 840 2339 1034 2393; x_wconf 68' lang='grc' dir='ltr'>ἑαυτοῦ</span> <span class='ocrx_word' id='word_1_168' title='bbox 1063 2337 1153 2391; x_wconf 89' lang='grc' dir='ltr'>τὸν</span> <span class='ocrx_word' id='word_1_169' title='bbox 1216 2328 1673 2410; x_wconf 87' lang='grc' dir='ltr'>Φραγγόπουλον,</span> <span class='ocrx_word' id='word_1_170' title='bbox 1705 2336 1808 2399; x_wconf 82' lang='grc' dir='ltr'>τῆς</span> <span class='ocrx_word' id='word_1_171' title='bbox 1857 2329 1941 2383; x_wconf 81' lang='grc' dir='ltr'><strong>οἰ·-</strong></span> 
     </span>
    </p>
   </div>
   <div class='ocr_carea' id='block_1_26' title="bbox 278 2418 1939 2507">
    <p class='ocr_par' dir='ltr' id='par_1_26' title="bbox 278 2418 1939 2507">
     <span class='ocr_line' id='line_1_26' title="bbox 278 2418 1939 2507; baseline -0.009 -20"><span class='ocrx_word' id='word_1_172' title='bbox 278 2432 426 2494; x_wconf 88' lang='grc' dir='ltr'>κείας</span> <span class='ocrx_word' id='word_1_173' title='bbox 466 2431 695 2507; x_wconf 83' lang='grc' dir='ltr'>γνώμης</span> <span class='ocrx_word' id='word_1_174' title='bbox 763 2429 970 2502; x_wconf 78' lang='grc' dir='ltr'>ἀπῆγεν</span> <span class='ocrx_word' id='word_1_175' title='bbox 1006 2426 1105 2481; x_wconf 78' lang='grc' dir='ltr'><strong>ὅσα</strong></span> <span class='ocrx_word' id='word_1_176' title='bbox 1159 2425 1317 2485; x_wconf 81' lang='grc' dir='ltr'>οὗτος</span> <span class='ocrx_word' id='word_1_177' title='bbox 1377 2420 1820 2496; x_wconf 85' lang='grc' dir='ltr'>ἀνοσιούργησεν,</span> <span class='ocrx_word' id='word_1_178' title='bbox 1852 2418 1939 2474; x_wconf 87' lang='grc' dir='ltr'><strong>ἐπὶ</strong></span> 
     </span>
    </p>
   </div>
   <div class='ocr_carea' id='block_1_27' title="bbox 284 2508 1940 2595">
    <p class='ocr_par' dir='ltr' id='par_1_27' title="bbox 284 2508 1940 2595">
     <span class='ocr_line' id='line_1_27' title="bbox 284 2508 1940 2595; baseline -0.008 -20"><span class='ocrx_word' id='word_1_179' title='bbox 284 2517 470 2595; x_wconf 79' lang='grc' dir='ltr'>ψεύδει</span> <span class='ocrx_word' id='word_1_180' title='bbox 512 2520 614 2588; x_wconf 85' lang='grc' dir='ltr'>τὴν</span> <span class='ocrx_word' id='word_1_181' title='bbox 665 2515 862 2574; x_wconf 78' lang='grc' dir='ltr'>ἐλπίδα</span> <span class='ocrx_word' id='word_1_182' title='bbox 906 2515 1188 2589; x_wconf 81' lang='grc' dir='ltr'>τιθέμενος</span> <span class='ocrx_word' id='word_1_183' title='bbox 1245 2516 1335 2569; x_wconf 86' lang='grc' dir='ltr'>καί</span> <span class='ocrx_word' id='word_1_184' title='bbox 1412 2517 1481 2586; x_wconf 81' lang='grc' dir='ltr'><strong>τῇ</strong></span> <span class='ocrx_word' id='word_1_185' title='bbox 1539 2508 1787 2585; x_wconf 84' lang='grc' dir='ltr'>ἐναργείᾳ</span> <span class='ocrx_word' id='word_1_186' title='bbox 1832 2513 1940 2563; x_wconf 80' lang='grc' dir='ltr'>τῶν</span> 
     </span>
    </p>
   </div>
   <div class='ocr_carea' id='block_1_28' title="bbox 281 2597 1938 2685">
    <p class='ocr_par' dir='ltr' id='par_1_28' title="bbox 281 2597 1938 2685">
     <span class='ocr_line' id='line_1_28' title="bbox 281 2597 1938 2685; baseline -0.009 -19"><span class='ocrx_word' id='word_1_187' title='bbox 281 2609 623 2685; x_wconf 85' lang='grc' dir='ltr'>πραγμάτων</span> <span class='ocrx_word' id='word_1_188' title='bbox 656 2606 1114 2681; x_wconf 83' lang='grc' dir='ltr'>ἀντιμαχόμενος.</span> <span class='ocrx_word' id='word_1_189' title='bbox 1172 2602 1538 2672; x_wconf 86' lang='grc' dir='ltr'>Τελεσθείσης</span> <span class='ocrx_word' id='word_1_190' title='bbox 1573 2597 1631 2654; x_wconf 75' lang='grc' dir='ltr'>δὲ</span> <span class='ocrx_word' id='word_1_191' title='bbox 1667 2606 1769 2669; x_wconf 81' lang='grc' dir='ltr'>τῆς</span> <span class='ocrx_word' id='word_1_192' title='bbox 1803 2599 1938 2674; x_wconf 77' lang='grc' dir='ltr'>ἀγά-</span> 
     </span>
    </p>
   </div>
   <div class='ocr_carea' id='block_1_29' title="bbox 280 2687 1941 2771">
    <p class='ocr_par' dir='ltr' id='par_1_29' title="bbox 280 2687 1941 2771">
     <span class='ocr_line' id='line_1_29' title="bbox 280 2687 1941 2771; baseline -0.008 -17"><span class='ocrx_word' id='word_1_193' title='bbox 280 2719 391 2770; x_wconf 90' lang='grc' dir='ltr'>πης</span> <span class='ocrx_word' id='word_1_194' title='bbox 452 2700 479 2752; x_wconf 86' lang='grc' dir='ltr'>ὁ</span> <span class='ocrx_word' id='word_1_195' title='bbox 540 2698 1033 2771; x_wconf 72' lang='grc' dir='ltr'>μένῬουκρατῖνος</span> <span class='ocrx_word' id='word_1_196' title='bbox 1089 2694 1204 2767; x_wconf 81' lang='grc' dir='ltr'>μεθ’</span> <span class='ocrx_word' id='word_1_197' title='bbox 1264 2692 1459 2768; x_wconf 70' lang='grc' dir='ltr'>ἐτέρων</span> <span class='ocrx_word' id='word_1_198' title='bbox 1521 2689 1787 2760; x_wconf 75' lang='grc' dir='ltr'>αῗτήσεως</span> <span class='ocrx_word' id='word_1_199' title='bbox 1847 2687 1941 2765; x_wconf 88' lang='grc' dir='ltr'>φό-</span> 
     </span>
    </p>
   </div>
   <div class='ocr_carea' id='block_1_30' title="bbox 281 2776 1943 2863">
    <p class='ocr_par' dir='ltr' id='par_1_30' title="bbox 281 2776 1943 2863">
     <span class='ocr_line' id='line_1_30' title="bbox 281 2776 1943 2863; baseline -0.007 -20"><span class='ocrx_word' id='word_1_200' title='bbox 281 2808 390 2863; x_wconf 89' lang='grc' dir='ltr'><strong>ρων</strong></span> <span class='ocrx_word' id='word_1_201' title='bbox 423 2788 515 2842; x_wconf 82' lang='grc' dir='ltr'><strong>καὶ</strong></span> <span class='ocrx_word' id='word_1_202' title='bbox 552 2792 691 2860; x_wconf 81' lang='grc' dir='ltr'>μνᾶς</span> <span class='ocrx_word' id='word_1_203' title='bbox 738 2781 1006 2860; x_wconf 84' lang='grc' dir='ltr'>ἀργυρίου</span> <span class='ocrx_word' id='word_1_204' title='bbox 1057 2780 1422 2858; x_wconf 77' lang='grc' dir='ltr'>προσειλήφει</span> <span class='ocrx_word' id='word_1_205' title='bbox 1464 2781 1805 2849; x_wconf 84' lang='grc' dir='ltr'>πεντήκοντα</span> <span class='ocrx_word' id='word_1_206' title='bbox 1864 2776 1943 2841; x_wconf 72' lang='grc' dir='ltr'>εἷς</span> 
     </span>
    </p>
   </div>
   <div class='ocr_carea' id='block_1_31' title="bbox 277 2864 1940 2948">
    <p class='ocr_par' dir='ltr' id='par_1_31' title="bbox 277 2864 1940 2948">
     <span class='ocr_line' id='line_1_31' title="bbox 277 2864 1940 2948; baseline -0.007 -17"><span class='ocrx_word' id='word_1_207' title='bbox 277 2873 535 2947; x_wconf 84' lang='grc' dir='ltr'>ἀπόδομα</span> <span class='ocrx_word' id='word_1_208' title='bbox 567 2873 640 2929; x_wconf 81' lang='grc' dir='ltr'>ὧν</span> <span class='ocrx_word' id='word_1_209' title='bbox 699 2875 752 2928; x_wconf 72' lang='grc' dir='ltr'>οἱ</span> <span class='ocrx_word' id='word_1_210' title='bbox 809 2869 1046 2946; x_wconf 81' lang='grc' dir='ltr'>ἔμποροι</span> <span class='ocrx_word' id='word_1_211' title='bbox 1096 2869 1467 2948; x_wconf 67' lang='grc' dir='ltr'>ἀφῃρέθησαν,</span> <span class='ocrx_word' id='word_1_212' title='bbox 1500 2868 1528 2921; x_wconf 88' lang='grc' dir='ltr'><strong>ὁ</strong></span> <span class='ocrx_word' id='word_1_213' title='bbox 1585 2864 1640 2922; x_wconf 75' lang='grc' dir='ltr'>δὲ</span> <span class='ocrx_word' id='word_1_214' title='bbox 1686 2864 1940 2941; x_wconf 83' lang='grc' dir='ltr'>βασιλεὺς</span> 
     </span>
    </p>
   </div>
   <div class='ocr_carea' id='block_1_32' title="bbox 287 2951 1939 3042">
    <p class='ocr_par' dir='ltr' id='par_1_32' title="bbox 287 2951 1939 3042">
     <span class='ocr_line' id='line_1_32' title="bbox 287 2951 1939 3042; baseline -0.006 -24"><span class='ocrx_word' id='word_1_215' title='bbox 287 2969 537 3042; x_wconf 79' lang='grc' dir='ltr'>φωρᾶται</span> <span class='ocrx_word' id='word_1_216' title='bbox 569 2963 688 3037; x_wconf 89' lang='grc' dir='ltr'>μεθ’</span> <span class='ocrx_word' id='word_1_217' title='bbox 726 2962 941 3035; x_wconf 78' lang='grc' dir='ltr'>ἡμέρας</span> <span class='ocrx_word' id='word_1_218' title='bbox 986 2965 1056 3034; x_wconf 83' lang='grc' dir='ltr'><strong>τῇ</strong></span> <span class='ocrx_word' id='word_1_219' title='bbox 1107 2957 1315 3014; x_wconf 85' lang='grc' dir='ltr'>ἐκείνου</span> <span class='ocrx_word' id='word_1_220' title='bbox 1373 2951 1745 3011; x_wconf 77' lang='grc' dir='ltr'>ἐπιϐουλεύων</span> <span class='ocrx_word' id='word_1_221' title='bbox 1806 2955 1939 3026; x_wconf 77' lang='grc' dir='ltr'>ζωῇ.</span> 
     </span>
    </p>
   </div>
   <div class='ocr_carea' id='block_1_33' title="bbox 283 3042 1938 3130">
    <p class='ocr_par' dir='ltr' id='par_1_33' title="bbox 283 3042 1938 3130">
     <span class='ocr_line' id='line_1_33' title="bbox 283 3042 1938 3130; baseline -0.008 -20"><span class='ocrx_word' id='word_1_222' title='bbox 283 3054 584 3130; x_wconf 85' lang='grc' dir='ltr'>Μεγίσταις</span> <span class='ocrx_word' id='word_1_223' title='bbox 625 3052 728 3126; x_wconf 82' lang='grc' dir='ltr'><strong>γὰρ</strong></span> <span class='ocrx_word' id='word_1_224' title='bbox 767 3048 1098 3124; x_wconf 75' lang='grc' dir='ltr'>ὑποσχέσεσι</span> <span class='ocrx_word' id='word_1_225' title='bbox 1148 3046 1410 3105; x_wconf 87' lang='grc' dir='ltr'>Χασίσιόν</span> <span class='ocrx_word' id='word_1_226' title='bbox 1446 3067 1568 3101; x_wconf 90' lang='grc' dir='ltr'>τινα</span> <span class='ocrx_word' id='word_1_227' title='bbox 1624 3042 1938 3121; x_wconf 83' lang='grc' dir='ltr'>ἐλαφρίσας,</span> 
     </span>
    </p>
   </div>
   <div class='ocr_carea' id='block_1_34' title="bbox 279 3133 1942 3214">
    <p class='ocr_par' dir='ltr' id='par_1_34' title="bbox 279 3133 1942 3214">
     <span class='ocr_line' id='line_1_34' title="bbox 279 3133 1942 3214; baseline -0.007 -16"><span class='ocrx_word' id='word_1_228' title='bbox 279 3143 372 3198; x_wconf 78' lang='grc' dir='ltr'>καὶ</span> <span class='ocrx_word' id='word_1_229' title='bbox 400 3143 580 3214; x_wconf 89' lang='grc' dir='ltr'>τούτῳ</span> <span class='ocrx_word' id='word_1_230' title='bbox 608 3140 857 3214; x_wconf 83' lang='grc' dir='ltr'>ἀμαθῶς,</span> <span class='ocrx_word' id='word_1_231' title='bbox 902 3140 976 3201; x_wconf 83' lang='grc' dir='ltr'>ὡς</span> <span class='ocrx_word' id='word_1_232' title='bbox 1025 3136 1078 3201; x_wconf 86' lang='grc' dir='ltr'><strong>ἐς</strong></span> <span class='ocrx_word' id='word_1_233' title='bbox 1112 3137 1299 3212; x_wconf 79' lang='grc' dir='ltr'>φιλίαν</span> <span class='ocrx_word' id='word_1_234' title='bbox 1328 3136 1702 3208; x_wconf 76' lang='grc' dir='ltr'>ἀστάθμητος,</span> <span class='ocrx_word' id='word_1_235' title='bbox 1752 3133 1942 3209; x_wconf 83' lang='grc' dir='ltr'>ἐγχει-</span> 
     </span>
    </p>
   </div>
   <div class='ocr_carea' id='block_1_35' title="bbox 285 3223 1942 3307">
    <p class='ocr_par' dir='ltr' id='par_1_35' title="bbox 285 3223 1942 3307">
     <span class='ocr_line' id='line_1_35' title="bbox 285 3223 1942 3307; baseline -0.005 -21"><span class='ocrx_word' id='word_1_236' title='bbox 285 3230 436 3307; x_wconf 89' lang='grc' dir='ltr'>ρίσας</span> <span class='ocrx_word' id='word_1_237' title='bbox 503 3231 856 3307; x_wconf 81' lang='grc' dir='ltr'>γραμμάτιον</span> <span class='ocrx_word' id='word_1_238' title='bbox 956 3227 1400 3304; x_wconf 85' lang='grc' dir='ltr'>ἐρυθρόγραφον,</span> <span class='ocrx_word' id='word_1_239' title='bbox 1483 3223 1749 3297; x_wconf 74' lang='grc' dir='ltr'>ἐκπέμπει</span> <span class='ocrx_word' id='word_1_240' title='bbox 1850 3224 1942 3278; x_wconf 88' lang='grc' dir='ltr'><strong>τὸν</strong></span> 
     </span>
    </p>
   </div>
   <div class='ocr_carea' id='block_1_36' title="bbox 282 3299 2018 3397">
    <p class='ocr_par' dir='ltr' id='par_1_36' title="bbox 282 3299 2018 3397">
     <span class='ocr_line' id='line_1_36' title="bbox 282 3299 2018 3397; baseline -0.006 -20"><span class='ocrx_word' id='word_1_241' title='bbox 282 3299 664 3397; x_wconf 46' lang='grc' dir='ltr'>έΡουκρατῖνον</span> <span class='ocrx_word' id='word_1_242' title='bbox 737 3321 1126 3394; x_wconf 84' lang='grc' dir='ltr'>ἀναιρήσοντα.</span> <span class='ocrx_word' id='word_1_243' title='bbox 1200 3314 1621 3392; x_wconf 76' lang='grc' dir='ltr'>Συλληφθέντος</span> <span class='ocrx_word' id='word_1_244' title='bbox 1706 3311 1763 3368; x_wconf 73' lang='grc' dir='ltr'>δὲ</span> <span class='ocrx_word' id='word_1_245' title='bbox 1844 3316 1941 3368; x_wconf 75' lang='grc' dir='ltr'><strong>τοῦ</strong></span> <span class='ocrx_word' id='word_1_246' title='bbox 1975 3299 2018 3366; x_wconf 79' lang='lat' dir='ltr'><strong><em>C</em></strong></span> 
     </span>
    </p>
   </div>
   <div class='ocr_carea' id='block_1_37' title="bbox 285 3400 1944 3484">
    <p class='ocr_par' dir='ltr' id='par_1_37' title="bbox 285 3400 1944 3484">
     <span class='ocr_line' id='line_1_37' title="bbox 285 3400 1944 3484; baseline -0.007 -18"><span class='ocrx_word' id='word_1_247' title='bbox 285 3410 544 3467; x_wconf 81' lang='grc' dir='ltr'>Χασισίου</span> <span class='ocrx_word' id='word_1_248' title='bbox 592 3409 683 3464; x_wconf 81' lang='grc' dir='ltr'><strong>καὶ</strong></span> <span class='ocrx_word' id='word_1_249' title='bbox 731 3408 793 3463; x_wconf 86' lang='grc' dir='ltr'><strong>τὸ</strong></span> <span class='ocrx_word' id='word_1_250' title='bbox 847 3408 1081 3484; x_wconf 80' lang='grc' dir='ltr'>γράμμα</span> <span class='ocrx_word' id='word_1_251' title='bbox 1136 3406 1224 3461; x_wconf 86' lang='grc' dir='ltr'>καὶ</span> <span class='ocrx_word' id='word_1_252' title='bbox 1286 3406 1348 3459; x_wconf 88' lang='grc' dir='ltr'><strong>τὸ</strong></span> <span class='ocrx_word' id='word_1_253' title='bbox 1382 3400 1563 3479; x_wconf 75' lang='grc' dir='ltr'>δρᾶμα</span> <span class='ocrx_word' id='word_1_254' title='bbox 1592 3400 1944 3481; x_wconf 73' lang='grc' dir='ltr'>ἐκφήναντος,</span> 
     </span>
    </p>
   </div>
   <div class='ocr_carea' id='block_1_38' title="bbox 287 3490 1947 3576">
    <p class='ocr_par' dir='ltr' id='par_1_38' title="bbox 287 3490 1947 3576">
     <span class='ocr_line' id='line_1_38' title="bbox 287 3490 1947 3576; baseline -0.008 -19"><span class='ocrx_word' id='word_1_255' title='bbox 287 3496 666 3576; x_wconf 75' lang='grc' dir='ltr'>παρεὸάθησαν</span> <span class='ocrx_word' id='word_1_256' title='bbox 705 3501 799 3573; x_wconf 76' lang='grc' dir='ltr'>μὲν</span> <span class='ocrx_word' id='word_1_257' title='bbox 841 3500 895 3553; x_wconf 77' lang='grc' dir='ltr'>αἱ</span> <span class='ocrx_word' id='word_1_258' title='bbox 931 3494 1182 3566; x_wconf 81' lang='grc' dir='ltr'>σπονδαὶ,</span> <span class='ocrx_word' id='word_1_259' title='bbox 1234 3492 1442 3550; x_wconf 85' lang='grc' dir='ltr'>πολλαὶ</span> <span class='ocrx_word' id='word_1_260' title='bbox 1475 3490 1519 3547; x_wconf 86' lang='grc' dir='ltr'>δ’</span> <span class='ocrx_word' id='word_1_261' title='bbox 1554 3494 1613 3548; x_wconf 84' lang='grc' dir='ltr'><strong>ἐκ</strong></span> <span class='ocrx_word' id='word_1_262' title='bbox 1640 3497 1747 3547; x_wconf 79' lang='grc' dir='ltr'><strong>τῶν</strong></span> <span class='ocrx_word' id='word_1_263' title='bbox 1772 3492 1947 3567; x_wconf 81' lang='grc' dir='ltr'>Τούρ-</span> 
     </span>
    </p>
   </div>
   <div class='ocr_carea' id='block_1_39' title="bbox 285 3580 1948 3664">
    <p class='ocr_par' dir='ltr' id='par_1_39' title="bbox 285 3580 1948 3664">
     <span class='ocr_line' id='line_1_39' title="bbox 285 3580 1948 3664; baseline -0.008 -17"><span class='ocrx_word' id='word_1_264' title='bbox 285 3611 396 3647; x_wconf 88' lang='grc' dir='ltr'><strong>κων</strong></span> <span class='ocrx_word' id='word_1_265' title='bbox 453 3588 749 3664; x_wconf 81' lang='grc' dir='ltr'>ἐπιδρομαὶ</span> <span class='ocrx_word' id='word_1_266' title='bbox 812 3584 901 3641; x_wconf 80' lang='grc' dir='ltr'>διὰ</span> <span class='ocrx_word' id='word_1_267' title='bbox 944 3586 1045 3653; x_wconf 79' lang='grc' dir='ltr'>τὴν</span> <span class='ocrx_word' id='word_1_268' title='bbox 1075 3581 1337 3652; x_wconf 80' lang='grc' dir='ltr'>τοιαύτην</span> <span class='ocrx_word' id='word_1_269' title='bbox 1376 3580 1552 3636; x_wconf 84' lang='grc' dir='ltr'>αἰτίαν</span> <span class='ocrx_word' id='word_1_270' title='bbox 1608 3585 1727 3642; x_wconf 80' lang='grc' dir='ltr'>ταῖς</span> <span class='ocrx_word' id='word_1_271' title='bbox 1786 3580 1948 3652; x_wconf 76' lang='grc' dir='ltr'>ἐῴαις</span> 
     </span>
    </p>
   </div>
   <div class='ocr_carea' id='block_1_40' title="bbox 285 3667 1949 3757">
    <p class='ocr_par' dir='ltr' id='par_1_40' title="bbox 285 3667 1949 3757">
     <span class='ocr_line' id='line_1_40' title="bbox 285 3667 1949 3757; baseline -0.008 -22"><span class='ocrx_word' id='word_1_272' title='bbox 285 3677 617 3757; x_wconf 82' lang='grc' dir='ltr'>ἐπανέφυσαν</span> <span class='ocrx_word' id='word_1_273' title='bbox 650 3675 868 3733; x_wconf 91' lang='grc' dir='ltr'>πόλεσι.</span> <span class='ocrx_word' id='word_1_274' title='bbox 924 3674 1021 3731; x_wconf 87' lang='grc' dir='ltr'>Καὶ</span> <span class='ocrx_word' id='word_1_275' title='bbox 1077 3672 1311 3748; x_wconf 79' lang='grc' dir='ltr'>Μιχαὴλ</span> <span class='ocrx_word' id='word_1_276' title='bbox 1377 3668 1434 3725; x_wconf 85' lang='grc' dir='ltr'><strong>δέ</strong></span> <span class='ocrx_word' id='word_1_277' title='bbox 1480 3688 1562 3730; x_wconf 85' lang='grc' dir='ltr'><strong>τις</strong></span> <span class='ocrx_word' id='word_1_278' title='bbox 1620 3667 1680 3724; x_wconf 85' lang='grc' dir='ltr'><strong>ἐκ</strong></span> <span class='ocrx_word' id='word_1_279' title='bbox 1734 3670 1949 3732; x_wconf 86' lang='grc' dir='ltr'>νοθείας</span> 
     </span>
    </p>
   </div>
   <div class='ocr_carea' id='block_1_41' title="bbox 284 3758 1951 3837">
    <p class='ocr_par' dir='ltr' id='par_1_41' title="bbox 284 3758 1951 3837">
     <span class='ocr_line' id='line_1_41' title="bbox 284 3758 1951 3837; baseline -0.018 -9"><span class='ocrx_word' id='word_1_280' title='bbox 284 3770 402 3833; x_wconf 72' lang='grc' dir='ltr'>υἱὸς</span> <span class='ocrx_word' id='word_1_281' title='bbox 447 3767 700 3824; x_wconf 78' lang='grc' dir='ltr'>Ἰωάννου</span> <span class='ocrx_word' id='word_1_282' title='bbox 758 3769 856 3821; x_wconf 79' lang='grc' dir='ltr'>τοῦ</span> <span class='ocrx_word' id='word_1_283' title='bbox 917 3758 1435 3837; x_wconf 75' lang='grc' dir='ltr'>σεϐαστοκράτορος,</span> <span class='ocrx_word' id='word_1_284' title='bbox 1497 3766 1596 3829; x_wconf 81' lang='grc' dir='ltr'><strong>τῆς</strong></span> <span class='ocrx_word' id='word_1_285' title='bbox 1680 3758 1951 3837; x_wconf 71' lang='grc' dir='ltr'>ἐπαρχίας</span> 
     </span>
    </p>
   </div>
   <div class='ocr_carea' id='block_1_42' title="bbox 286 3845 1948 3935">
    <p class='ocr_par' dir='ltr' id='par_1_42' title="bbox 286 3845 1948 3935">
     <span class='ocr_line' id='line_1_42' title="bbox 286 3845 1948 3935; baseline -0.007 -19"><span class='ocrx_word' id='word_1_286' title='bbox 286 3859 589 3931; x_wconf 84' lang='grc' dir='ltr'>Μυλάσσης</span> <span class='ocrx_word' id='word_1_287' title='bbox 640 3855 953 3935; x_wconf 82' lang='grc' dir='ltr'>φορολόγος</span> <span class='ocrx_word' id='word_1_288' title='bbox 1012 3852 1364 3924; x_wconf 78' lang='grc' dir='ltr'>ἀποσταλεὶς,</span> <span class='ocrx_word' id='word_1_289' title='bbox 1402 3852 1522 3913; x_wconf 87' lang='grc' dir='ltr'>νέος</span> <span class='ocrx_word' id='word_1_290' title='bbox 1556 3845 1630 3905; x_wconf 83' lang='grc' dir='ltr'><strong>ὥν</strong></span> <span class='ocrx_word' id='word_1_291' title='bbox 1662 3850 1751 3905; x_wconf 87' lang='grc' dir='ltr'><strong>καὶ</strong></span> <span class='ocrx_word' id='word_1_292' title='bbox 1785 3850 1948 3905; x_wconf 82' lang='grc' dir='ltr'>αὐθά-</span> 
     </span>
    </p>
   </div>
   <div class='ocr_carea' id='block_1_43' title="bbox 287 3939 1951 4027">
    <p class='ocr_par' dir='ltr' id='par_1_43' title="bbox 287 3939 1951 4027">
     <span class='ocr_line' id='line_1_43' title="bbox 287 3939 1951 4027; baseline -0.007 -20"><span class='ocrx_word' id='word_1_293' title='bbox 287 3950 388 4023; x_wconf 84' lang='grc' dir='ltr'><strong>δης</strong></span> <span class='ocrx_word' id='word_1_294' title='bbox 433 3956 531 4007; x_wconf 73' lang='grc' dir='ltr'>τοῦ</span> <span class='ocrx_word' id='word_1_295' title='bbox 594 3946 867 4027; x_wconf 84' lang='grc' dir='ltr'>βασιλέως</span> <span class='ocrx_word' id='word_1_296' title='bbox 919 3947 1230 4024; x_wconf 82' lang='grc' dir='ltr'>ἀφίσταται.</span> <span class='ocrx_word' id='word_1_297' title='bbox 1284 3943 1526 4017; x_wconf 84' lang='grc' dir='ltr'>Πολέμῳ</span> <span class='ocrx_word' id='word_1_298' title='bbox 1585 3939 1642 3997; x_wconf 76' lang='grc' dir='ltr'>δὲ</span> <span class='ocrx_word' id='word_1_299' title='bbox 1694 3942 1951 4012; x_wconf 69' lang='grc' dir='ltr'>ἡττηθεὶς</span> 
     </span>
    </p>
   </div>
   <div class='ocr_carea' id='block_1_44' title="bbox 288 4032 1951 4121">
    <p class='ocr_par' dir='ltr' id='par_1_44' title="bbox 288 4032 1951 4121">
     <span class='ocr_line' id='line_1_44' title="bbox 288 4032 1951 4121; baseline -0.007 -24"><span class='ocrx_word' id='word_1_300' title='bbox 288 4041 379 4097; x_wconf 85' lang='grc' dir='ltr'><strong>καὶ</strong></span> <span class='ocrx_word' id='word_1_301' title='bbox 439 4042 624 4121; x_wconf 85' lang='grc' dir='ltr'>φυγὼν</span> <span class='ocrx_word' id='word_1_302' title='bbox 673 4044 757 4112; x_wconf 76' lang='grc' dir='ltr'>τῷ</span> <span class='ocrx_word' id='word_1_303' title='bbox 828 4037 1201 4112; x_wconf 85' lang='grc' dir='ltr'>Ῥουκρατίνῳ</span> <span class='ocrx_word' id='word_1_304' title='bbox 1267 4034 1618 4111; x_wconf 78' lang='grc' dir='ltr'>προσρύεται,</span> <span class='ocrx_word' id='word_1_305' title='bbox 1695 4032 1787 4087; x_wconf 83' lang='grc' dir='ltr'><strong>καὶ</strong></span> <span class='ocrx_word' id='word_1_306' title='bbox 1871 4036 1951 4105; x_wconf 81' lang='grc' dir='ltr'>τῷ</span> 
     </span>
    </p>
   </div>
   <div class='ocr_carea' id='block_1_45' title="bbox 287 4123 1951 4206">
    <p class='ocr_par' dir='ltr' id='par_1_45' title="bbox 287 4123 1951 4206">
     <span class='ocr_line' id='line_1_45' title="bbox 287 4123 1951 4206; baseline -0.007 -19"><span class='ocrx_word' id='word_1_307' title='bbox 287 4135 385 4187; x_wconf 76' lang='grc' dir='ltr'>τοῦ</span> <span class='ocrx_word' id='word_1_308' title='bbox 410 4128 686 4206; x_wconf 87' lang='grc' dir='ltr'>βασιλέως</span> <span class='ocrx_word' id='word_1_309' title='bbox 743 4127 887 4201; x_wconf 90' lang='grc' dir='ltr'>μίσει</span> <span class='ocrx_word' id='word_1_310' title='bbox 937 4123 1298 4202; x_wconf 80' lang='grc' dir='ltr'>προσδεχθεὶς</span> <span class='ocrx_word' id='word_1_311' title='bbox 1358 4123 1748 4196; x_wconf 86' lang='grc' dir='ltr'>ἀσμενέστατα,</span> <span class='ocrx_word' id='word_1_312' title='bbox 1782 4143 1951 4192; x_wconf 79' lang='grc' dir='ltr'>στρα-</span> 
     </span>
    </p>
   </div>
   <div class='ocr_carea' id='block_1_46' title="bbox 287 4209 1953 4289">
    <p class='ocr_par' dir='ltr' id='par_1_46' title="bbox 287 4209 1953 4289">
     <span class='ocr_line' id='line_1_46' title="bbox 287 4209 1953 4289; baseline -0.007 -12"><span class='ocrx_word' id='word_1_313' title='bbox 287 4221 436 4277; x_wconf 88' lang='grc' dir='ltr'>τείαν</span> <span class='ocrx_word' id='word_1_314' title='bbox 469 4220 519 4289; x_wconf 80' lang='grc' dir='ltr'>ἐξ</span> <span class='ocrx_word' id='word_1_315' title='bbox 552 4218 758 4273; x_wconf 86' lang='grc' dir='ltr'>ἐκείνου</span> <span class='ocrx_word' id='word_1_316' title='bbox 812 4214 1138 4289; x_wconf 86' lang='grc' dir='ltr'>δεχόμενος,</span> <span class='ocrx_word' id='word_1_317' title='bbox 1196 4213 1294 4273; x_wconf 78' lang='grc' dir='ltr'><strong>τὰς</strong></span> <span class='ocrx_word' id='word_1_318' title='bbox 1348 4209 1721 4285; x_wconf 81' lang='grc' dir='ltr'>Μαιανδρικάς</span> <span class='ocrx_word' id='word_1_319' title='bbox 1761 4210 1953 4273; x_wconf 79' lang='grc' dir='ltr'>πόλεις</span> 
     </span>
    </p>
   </div>
   <div class='ocr_carea' id='block_1_47' title="bbox 2050 638 3698 713">
    <p class='ocr_par' dir='ltr' id='par_1_47' title="bbox 2050 638 3698 713">
     <span class='ocr_line' id='line_1_47' title="bbox 2050 638 3698 713; baseline 0.008 -24"><span class='ocrx_word' id='word_1_320' title='bbox 2050 642 2482 708; x_wconf 82' lang='lat' dir='ltr'><strong>exsequeretur,</strong></span> <span class='ocrx_word' id='word_1_321' title='bbox 2516 638 2662 694; x_wconf 87' lang='lat' dir='ltr'><strong>nulli</strong></span> <span class='ocrx_word' id='word_1_322' title='bbox 2696 638 2825 694; x_wconf 85' lang='lat' dir='ltr'><strong>navi</strong></span> <span class='ocrx_word' id='word_1_323' title='bbox 2866 639 3090 711; x_wconf 82' lang='lat' dir='ltr'><strong>parcit:</strong></span> <span class='ocrx_word' id='word_1_324' title='bbox 3139 640 3244 697; x_wconf 88' lang='lat' dir='ltr'><strong>sed</strong></span> <span class='ocrx_word' id='word_1_325' title='bbox 3274 641 3538 713; x_wconf 82' lang='lat' dir='ltr'><strong>spoliatis</strong></span> <span class='ocrx_word' id='word_1_326' title='bbox 3572 660 3698 701; x_wconf 88' lang='lat' dir='ltr'><strong>om-</strong></span> 
     </span>
    </p>
   </div>
   <div class='ocr_carea' id='block_1_48' title="bbox 2053 724 3702 803">
    <p class='ocr_par' dir='ltr' id='par_1_48' title="bbox 2053 724 3702 803">
     <span class='ocr_line' id='line_1_48' title="bbox 2053 724 3702 803; baseline 0.007 -24"><span class='ocrx_word' id='word_1_327' title='bbox 2053 724 2225 780; x_wconf 88' lang='lat' dir='ltr'><strong>nibus</strong></span> <span class='ocrx_word' id='word_1_328' title='bbox 2258 742 2386 799; x_wconf 66' lang='lat' dir='ltr'><strong>qua:</strong></span> <span class='ocrx_word' id='word_1_329' title='bbox 2427 736 2479 783; x_wconf 90' lang='lat' dir='ltr'><strong>et</strong></span> <span class='ocrx_word' id='word_1_330' title='bbox 2514 728 2849 800; x_wconf 75' lang='lat' dir='ltr'><strong>Byzantium</strong></span> <span class='ocrx_word' id='word_1_331' title='bbox 2882 728 3069 801; x_wconf 66' lang='lat' dir='ltr'><strong>plenae</strong></span> <span class='ocrx_word' id='word_1_332' title='bbox 3097 731 3390 787; x_wconf 81' lang='lat' dir='ltr'><strong>mercibus</strong></span> <span class='ocrx_word' id='word_1_333' title='bbox 3427 732 3612 803; x_wconf 80' lang='lat' dir='ltr'><strong>ibant,</strong></span> <span class='ocrx_word' id='word_1_334' title='bbox 3645 740 3702 792; x_wconf 90' lang='lat' dir='ltr'><strong>et</strong></span> 
     </span>
    </p>
   </div>
   <div class='ocr_carea' id='block_1_49' title="bbox 2052 813 3704 895">
    <p class='ocr_par' dir='ltr' id='par_1_49' title="bbox 2052 813 3704 895">
     <span class='ocr_line' id='line_1_49' title="bbox 2052 813 3704 895; baseline 0.007 -27"><span class='ocrx_word' id='word_1_335' title='bbox 2052 813 2172 868; x_wconf 84' lang='lat' dir='ltr'><strong>suis</strong></span> <span class='ocrx_word' id='word_1_336' title='bbox 2196 816 2365 872; x_wconf 89' lang='lat' dir='ltr'><strong>rebus</strong></span> <span class='ocrx_word' id='word_1_337' title='bbox 2386 817 2633 873; x_wconf 84' lang='lat' dir='ltr'><strong>venditis</strong></span> <span class='ocrx_word' id='word_1_338' title='bbox 2646 824 2700 873; x_wconf 89' lang='lat' dir='ltr'><strong>et</strong></span> <span class='ocrx_word' id='word_1_339' title='bbox 2718 818 3157 892; x_wconf 88' lang='lat' dir='ltr'><strong>aliisimpositis</strong></span> <span class='ocrx_word' id='word_1_340' title='bbox 3176 819 3312 874; x_wconf 90' lang='lat' dir='ltr'><strong>inde</strong></span> <span class='ocrx_word' id='word_1_341' title='bbox 3330 821 3704 895; x_wconf 79' lang='lat' dir='ltr'><strong>recedebant,</strong></span> 
     </span>
    </p>
   </div>
   <div class='ocr_carea' id='block_1_50' title="bbox 2054 904 3705 984">
    <p class='ocr_par' dir='ltr' id='par_1_50' title="bbox 2054 904 3705 984">
     <span class='ocr_line' id='line_1_50' title="bbox 2054 904 3705 984; baseline 0.007 -28"><span class='ocrx_word' id='word_1_342' title='bbox 2054 907 2187 972; x_wconf 91' lang='lat' dir='ltr'><strong>post</strong></span> <span class='ocrx_word' id='word_1_343' title='bbox 2236 904 2513 961; x_wconf 82' lang='lat' dir='ltr'><strong>bimestre</strong></span> <span class='ocrx_word' id='word_1_344' title='bbox 2543 909 2602 961; x_wconf 89' lang='lat' dir='ltr'><strong>in</strong></span> <span class='ocrx_word' id='word_1_345' title='bbox 2638 908 2842 962; x_wconf 88' lang='lat' dir='ltr'><strong>urbem</strong></span> <span class='ocrx_word' id='word_1_346' title='bbox 2890 908 3082 974; x_wconf 78' lang='lat' dir='ltr'><strong>rediit,</strong></span> <span class='ocrx_word' id='word_1_347' title='bbox 3115 909 3474 980; x_wconf 88' lang='lat' dir='ltr'><strong>quibusdam</strong></span> <span class='ocrx_word' id='word_1_348' title='bbox 3523 928 3705 984; x_wconf 89' lang='lat' dir='ltr'><strong>nego-</strong></span> 
     </span>
    </p>
   </div>
   <div class='ocr_carea' id='block_1_51' title="bbox 2052 991 3702 1072">
    <p class='ocr_par' dir='ltr' id='par_1_51' title="bbox 2052 991 3702 1072">
     <span class='ocr_line' id='line_1_51' title="bbox 2052 991 3702 1072; baseline 0.007 -26"><span class='ocrx_word' id='word_1_349' title='bbox 2052 991 2358 1048; x_wconf 85' lang='lat' dir='ltr'><strong>tiatoribus</strong></span> <span class='ocrx_word' id='word_1_350' title='bbox 2389 994 2595 1051; x_wconf 89' lang='lat' dir='ltr'><strong>occisis</strong></span> <span class='ocrx_word' id='word_1_351' title='bbox 2626 999 2683 1050; x_wconf 90' lang='lat' dir='ltr'><strong>et</strong></span> <span class='ocrx_word' id='word_1_352' title='bbox 2713 997 2769 1051; x_wconf 92' lang='lat' dir='ltr'><strong>in</strong></span> <span class='ocrx_word' id='word_1_353' title='bbox 2820 997 2960 1052; x_wconf 87' lang='lat' dir='ltr'><strong>mari</strong></span> <span class='ocrx_word' id='word_1_354' title='bbox 2994 998 3276 1054; x_wconf 86' lang='lat' dir='ltr'><strong>demersis</strong></span> <span class='ocrx_word' id='word_1_355' title='bbox 3320 1015 3569 1070; x_wconf 92' lang='lat' dir='ltr'><strong>quorum</strong></span> <span class='ocrx_word' id='word_1_356' title='bbox 3604 1018 3702 1072; x_wconf 88' lang='lat' dir='ltr'><strong>pe-</strong></span> 
     </span>
    </p>
   </div>
   <div class='ocr_carea' id='block_1_52' title="bbox 2055 1080 3704 1153">
    <p class='ocr_par' dir='ltr' id='par_1_52' title="bbox 2055 1080 3704 1153">
     <span class='ocr_line' id='line_1_52' title="bbox 2055 1080 3704 1153; baseline 0.008 -21"><span class='ocrx_word' id='word_1_357' title='bbox 2055 1080 2289 1135; x_wconf 88' lang='lat' dir='ltr'><strong>cuniam</strong></span> <span class='ocrx_word' id='word_1_358' title='bbox 2328 1081 2440 1136; x_wconf 85' lang='lat' dir='ltr'><strong>sibi</strong></span> <span class='ocrx_word' id='word_1_359' title='bbox 2472 1084 2816 1153; x_wconf 75' lang='lat' dir='ltr'><strong>vendicavit,</strong></span> <span class='ocrx_word' id='word_1_360' title='bbox 2852 1091 3085 1142; x_wconf 83' lang='lat' dir='ltr'><strong>caeteros</strong></span> <span class='ocrx_word' id='word_1_361' title='bbox 3117 1087 3393 1143; x_wconf 87' lang='lat' dir='ltr'><strong>Leberide</strong></span> <span class='ocrx_word' id='word_1_362' title='bbox 3427 1089 3704 1146; x_wconf 89' lang='lat' dir='ltr'><strong>nudioree</strong></span> 
     </span>
    </p>
   </div>
   <div class='ocr_carea' id='block_1_53' title="bbox 2055 1168 3707 1249">
    <p class='ocr_par' dir='ltr' id='par_1_53' title="bbox 2055 1168 3707 1249">
     <span class='ocr_line' id='line_1_53' title="bbox 2055 1168 3707 1249; baseline 0.008 -27"><span class='ocrx_word' id='word_1_363' title='bbox 2055 1168 2298 1224; x_wconf 76' lang='lat' dir='ltr'><strong>dimisit.</strong></span> <span class='ocrx_word' id='word_1_364' title='bbox 2320 1172 2360 1226; x_wconf 90' lang='lat' dir='ltr'><strong>Ii</strong></span> <span class='ocrx_word' id='word_1_365' title='bbox 2396 1175 2597 1228; x_wconf 86' lang='lat' dir='ltr'><strong>urbem</strong></span> <span class='ocrx_word' id='word_1_366' title='bbox 2630 1176 2982 1246; x_wconf 87' lang='lat' dir='ltr'><strong>etpalatium</strong></span> <span class='ocrx_word' id='word_1_367' title='bbox 3004 1176 3252 1249; x_wconf 86' lang='lat' dir='ltr'><strong>ingressi</strong></span> <span class='ocrx_word' id='word_1_368' title='bbox 3284 1196 3433 1249; x_wconf 69' lang='lat' dir='ltr'><strong>saepe</strong></span> <span class='ocrx_word' id='word_1_369' title='bbox 3465 1180 3707 1236; x_wconf 90' lang='lat' dir='ltr'><strong>suasin-</strong></span> 
     </span>
    </p>
   </div>
   <div class='ocr_carea' id='block_1_54' title="bbox 2047 1259 3705 1331">
    <p class='ocr_par' dir='ltr' id='par_1_54' title="bbox 2047 1259 3705 1331">
     <span class='ocr_line' id='line_1_54' title="bbox 2047 1259 3705 1331; baseline 0.009 -20"><span class='ocrx_word' id='word_1_370' title='bbox 2047 1259 2236 1328; x_wconf 82' lang='lat' dir='ltr'><strong>jurias</strong></span> <span class='ocrx_word' id='word_1_371' title='bbox 2294 1264 2594 1331; x_wconf 81' lang='lat' dir='ltr'><strong>conquesti</strong></span> <span class='ocrx_word' id='word_1_372' title='bbox 2654 1270 2809 1331; x_wconf 88' lang='lat' dir='ltr'><strong>sunt,</strong></span> <span class='ocrx_word' id='word_1_373' title='bbox 2855 1271 2910 1320; x_wconf 87' lang='lat' dir='ltr'><strong>et</strong></span> <span class='ocrx_word' id='word_1_374' title='bbox 2949 1282 3078 1321; x_wconf 91' lang='lat' dir='ltr'><strong>eum</strong></span> <span class='ocrx_word' id='word_1_375' title='bbox 3133 1266 3455 1324; x_wconf 85' lang='lat' dir='ltr'><strong>luminibus</strong></span> <span class='ocrx_word' id='word_1_376' title='bbox 3509 1287 3705 1327; x_wconf 87' lang='lat' dir='ltr'><strong>sacras</strong></span> 
     </span>
    </p>
   </div>
   <div class='ocr_carea' id='block_1_55' title="bbox 2054 1350 3705 1430">
    <p class='ocr_par' dir='ltr' id='par_1_55' title="bbox 2054 1350 3705 1430">
     <span class='ocr_line' id='line_1_55' title="bbox 2054 1350 3705 1430; baseline 0.008 -29"><span class='ocrx_word' id='word_1_377' title='bbox 2054 1350 2204 1402; x_wconf 82' lang='lat' dir='ltr'><strong>sedes</strong></span> <span class='ocrx_word' id='word_1_378' title='bbox 2263 1350 2413 1404; x_wconf 79' lang='lat'><strong>700</strong></span> <span class='ocrx_word' id='word_1_379' title='bbox 2465 1352 2923 1421; x_wconf 75' lang='lat' dir='ltr'><strong>frequentarunt.</strong></span> <span class='ocrx_word' id='word_1_380' title='bbox 2983 1356 3090 1409; x_wconf 85' lang='lat' dir='ltr'><strong>Sed</strong></span> <span class='ocrx_word' id='word_1_381' title='bbox 3152 1356 3298 1412; x_wconf 87' lang='lat' dir='ltr'><strong>nihil</strong></span> <span class='ocrx_word' id='word_1_382' title='bbox 3349 1357 3418 1413; x_wconf 87' lang='lat' dir='ltr'><strong>ab</strong></span> <span class='ocrx_word' id='word_1_383' title='bbox 3448 1359 3705 1430; x_wconf 87' lang='lat' dir='ltr'><strong>impera-</strong></span> 
     </span>
    </p>
   </div>
   <div class='ocr_carea' id='block_1_56' title="bbox 2053 1438 3701 1520">
    <p class='ocr_par' dir='ltr' id='par_1_56' title="bbox 2053 1438 3701 1520">
     <span class='ocr_line' id='line_1_56' title="bbox 2053 1438 3701 1520; baseline 0.008 -28"><span class='ocrx_word' id='word_1_384' title='bbox 2053 1442 2180 1493; x_wconf 89' lang='lat' dir='ltr'><strong>tore</strong></span> <span class='ocrx_word' id='word_1_385' title='bbox 2211 1438 2621 1509; x_wconf 83' lang='lat' dir='ltr'><strong>impetrarunt,</strong></span> <span class='ocrx_word' id='word_1_386' title='bbox 2655 1444 2752 1512; x_wconf 91' lang='lat' dir='ltr'><strong>qui</strong></span> <span class='ocrx_word' id='word_1_387' title='bbox 2785 1442 2951 1498; x_wconf 89' lang='lat' dir='ltr'><strong>bonis</strong></span> <span class='ocrx_word' id='word_1_388' title='bbox 2995 1443 3112 1499; x_wconf 85' lang='lat' dir='ltr'><strong>illis</strong></span> <span class='ocrx_word' id='word_1_389' title='bbox 3159 1446 3282 1514; x_wconf 91' lang='lat' dir='ltr'><strong>jam</strong></span> <span class='ocrx_word' id='word_1_390' title='bbox 3314 1449 3562 1503; x_wconf 86' lang='lat' dir='ltr'><strong>venditis</strong></span> <span class='ocrx_word' id='word_1_391' title='bbox 3606 1464 3701 1520; x_wconf 76' lang='lat' dir='ltr'><strong>pe~</strong></span> 
     </span>
    </p>
   </div>
   <div class='ocr_carea' id='block_1_57' title="bbox 2056 1528 3704 1610">
    <p class='ocr_par' dir='ltr' id='par_1_57' title="bbox 2056 1528 3704 1610">
     <span class='ocr_line' id='line_1_57' title="bbox 2056 1528 3704 1610; baseline 0.007 -27"><span class='ocrx_word' id='word_1_392' title='bbox 2056 1528 2285 1583; x_wconf 85' lang='lat' dir='ltr'><strong>cuniam</strong></span> <span class='ocrx_word' id='word_1_393' title='bbox 2322 1529 2379 1583; x_wconf 91' lang='lat' dir='ltr'><strong>in</strong></span> <span class='ocrx_word' id='word_1_394' title='bbox 2406 1529 2608 1585; x_wconf 81' lang='lat' dir='ltr'><strong>iiscum</strong></span> <span class='ocrx_word' id='word_1_395' title='bbox 2644 1532 3151 1602; x_wconf 84' lang='lat' dir='ltr'><strong>redegerat.Quare</strong></span> <span class='ocrx_word' id='word_1_396' title='bbox 3176 1533 3505 1592; x_wconf 90' lang='lat' dir='ltr'><strong>Iconienses</strong></span> <span class='ocrx_word' id='word_1_397' title='bbox 3528 1554 3704 1610; x_wconf 87' lang='lat' dir='ltr'><strong>nego-</strong></span> 
     </span>
    </p>
   </div>
   <div class='ocr_carea' id='block_1_58' title="bbox 2056 1616 3705 1697">
    <p class='ocr_par' dir='ltr' id='par_1_58' title="bbox 2056 1616 3705 1697">
     <span class='ocr_line' id='line_1_58' title="bbox 2056 1616 3705 1697; baseline 0.007 -26"><span class='ocrx_word' id='word_1_398' title='bbox 2056 1616 2291 1673; x_wconf 83' lang='lat' dir='ltr'><strong>tiatores</strong></span> <span class='ocrx_word' id='word_1_399' title='bbox 2343 1618 2721 1676; x_wconf 78' lang='lat' dir='ltr'><strong>Rucratinum</strong></span> <span class='ocrx_word' id='word_1_400' title='bbox 2775 1621 3011 1689; x_wconf 88' lang='lat' dir='ltr'><strong>adeunt,</strong></span> <span class='ocrx_word' id='word_1_401' title='bbox 3047 1622 3146 1693; x_wconf 89' lang='lat' dir='ltr'><strong>qui</strong></span> <span class='ocrx_word' id='word_1_402' title='bbox 3189 1639 3292 1694; x_wconf 90' lang='lat' dir='ltr'><strong>per</strong></span> <span class='ocrx_word' id='word_1_403' title='bbox 3343 1623 3566 1697; x_wconf 82' lang='lat' dir='ltr'><strong>legatos</strong></span> <span class='ocrx_word' id='word_1_404' title='bbox 3614 1643 3705 1683; x_wconf 88' lang='lat' dir='ltr'><strong>res</strong></span> 
     </span>
    </p>
   </div>
   <div class='ocr_carea' id='block_1_59' title="bbox 2055 1707 3711 1785">
    <p class='ocr_par' dir='ltr' id='par_1_59' title="bbox 2055 1707 3711 1785">
     <span class='ocr_line' id='line_1_59' title="bbox 2055 1707 3711 1785; baseline 0.005 -23"><span class='ocrx_word' id='word_1_405' title='bbox 2055 1723 2255 1762; x_wconf 90' lang='lat' dir='ltr'><strong>eorum</strong></span> <span class='ocrx_word' id='word_1_406' title='bbox 2284 1707 2354 1762; x_wconf 87' lang='lat' dir='ltr'><strong>ab</strong></span> <span class='ocrx_word' id='word_1_407' title='bbox 2389 1708 2739 1780; x_wconf 84' lang='lat' dir='ltr'><strong>imperatore</strong></span> <span class='ocrx_word' id='word_1_408' title='bbox 2767 1711 3086 1782; x_wconf 84' lang='lat' dir='ltr'><strong>repetebat,</strong></span> <span class='ocrx_word' id='word_1_409' title='bbox 3107 1712 3266 1784; x_wconf 83' lang='lat' dir='ltr'><strong>pacis</strong></span> <span class='ocrx_word' id='word_1_410' title='bbox 3297 1730 3527 1785; x_wconf 87' lang='lat' dir='ltr'><strong>quoque</strong></span> <span class='ocrx_word' id='word_1_411' title='bbox 3548 1730 3711 1771; x_wconf 88' lang='lat' dir='ltr'><strong>men-</strong></span> 
     </span>
    </p>
   </div>
   <div class='ocr_carea' id='block_1_60' title="bbox 2056 1796 3705 1873">
    <p class='ocr_par' dir='ltr' id='par_1_60' title="bbox 2056 1796 3705 1873">
     <span class='ocr_line' id='line_1_60' title="bbox 2056 1796 3705 1873; baseline 0.007 -23"><span class='ocrx_word' id='word_1_412' title='bbox 2056 1796 2212 1852; x_wconf 87' lang='lat' dir='ltr'><strong>tione</strong></span> <span class='ocrx_word' id='word_1_413' title='bbox 2244 1798 2417 1853; x_wconf 85' lang='lat' dir='ltr'><strong>facta.</strong></span> <span class='ocrx_word' id='word_1_414' title='bbox 2451 1798 2775 1869; x_wconf 87' lang='lat' dir='ltr'><strong>Imperator</strong></span> <span class='ocrx_word' id='word_1_415' title='bbox 2794 1816 2927 1857; x_wconf 91' lang='lat' dir='ltr'><strong>vero</strong></span> <span class='ocrx_word' id='word_1_416' title='bbox 2959 1801 3390 1873; x_wconf 87' lang='lat' dir='ltr'><strong>Francopulum</strong></span> <span class='ocrx_word' id='word_1_417' title='bbox 3421 1803 3705 1861; x_wconf 83' lang='lat' dir='ltr'><strong>defecisse</strong></span> 
     </span>
    </p>
   </div>
   <div class='ocr_carea' id='block_1_61' title="bbox 2055 1886 3703 1959">
    <p class='ocr_par' dir='ltr' id='par_1_61' title="bbox 2055 1886 3703 1959">
     <span class='ocr_line' id='line_1_61' title="bbox 2055 1886 3703 1959; baseline 0.005 -19"><span class='ocrx_word' id='word_1_418' title='bbox 2055 1891 2326 1942; x_wconf 88' lang='lat' dir='ltr'><strong>causatus</strong></span> <span class='ocrx_word' id='word_1_419' title='bbox 2378 1886 2602 1943; x_wconf 87' lang='lat' dir='ltr'><strong>nefaria</strong></span> <span class='ocrx_word' id='word_1_420' title='bbox 2649 1886 2807 1944; x_wconf 91' lang='lat' dir='ltr'><strong>illius</strong></span> <span class='ocrx_word' id='word_1_421' title='bbox 2856 1889 3110 1947; x_wconf 75' lang='lat' dir='ltr'><strong>facinora</strong></span> <span class='ocrx_word' id='word_1_422' title='bbox 3151 1908 3183 1946; x_wconf 91' lang='lat' dir='ltr'><strong>a</strong></span> <span class='ocrx_word' id='word_1_423' title='bbox 3236 1908 3301 1947; x_wconf 89' lang='lat' dir='ltr'><strong>se</strong></span> <span class='ocrx_word' id='word_1_424' title='bbox 3348 1893 3703 1959; x_wconf 87' lang='lat' dir='ltr'><strong>removebat,</strong></span> 
     </span>
    </p>
   </div>
   <div class='ocr_carea' id='block_1_62' title="bbox 2055 1975 3707 2048">
    <p class='ocr_par' dir='ltr' id='par_1_62' title="bbox 2055 1975 3707 2048">
     <span class='ocr_line' id='line_1_62' title="bbox 2055 1975 3707 2048; baseline 0.004 -17"><span class='ocrx_word' id='word_1_425' title='bbox 2055 1992 2158 2048; x_wconf 88' lang='lat' dir='ltr'><strong>spe</strong></span> <span class='ocrx_word' id='word_1_426' title='bbox 2190 1975 2247 2030; x_wconf 90' lang='lat' dir='ltr'><strong>in</strong></span> <span class='ocrx_word' id='word_1_427' title='bbox 2307 1977 2609 2032; x_wconf 87' lang='lat' dir='ltr'><strong>mendacio</strong></span> <span class='ocrx_word' id='word_1_428' title='bbox 2659 1977 2936 2034; x_wconf 81' lang='lat' dir='ltr'><strong>collocata</strong></span> <span class='ocrx_word' id='word_1_429' title='bbox 2979 1983 3036 2035; x_wconf 89' lang='lat' dir='ltr'><strong>et</strong></span> <span class='ocrx_word' id='word_1_430' title='bbox 3076 1996 3268 2037; x_wconf 89' lang='lat' dir='ltr'><strong>rerum</strong></span> <span class='ocrx_word' id='word_1_431' title='bbox 3297 1981 3536 2038; x_wconf 86' lang='lat' dir='ltr'><strong>veritate</strong></span> <span class='ocrx_word' id='word_1_432' title='bbox 3584 1982 3707 2039; x_wconf 86' lang='lat' dir='ltr'><strong>dis-</strong></span> 
     </span>
    </p>
   </div>
   <div class='ocr_carea' id='block_1_63' title="bbox 2052 2064 3708 2141">
    <p class='ocr_par' dir='ltr' id='par_1_63' title="bbox 2052 2064 3708 2141">
     <span class='ocr_line' id='line_1_63' title="bbox 2052 2064 3708 2141; baseline 0.003 -20"><span class='ocrx_word' id='word_1_433' title='bbox 2052 2064 2349 2123; x_wconf 87' lang='lat' dir='ltr'><strong>simulata.</strong></span> <span class='ocrx_word' id='word_1_434' title='bbox 2382 2065 2530 2123; x_wconf 89' lang='lat' dir='ltr'><strong>Pace</strong></span> <span class='ocrx_word' id='word_1_435' title='bbox 2564 2067 2716 2122; x_wconf 84' lang='lat' dir='ltr'><strong>facta</strong></span> <span class='ocrx_word' id='word_1_436' title='bbox 2746 2067 3095 2125; x_wconf 82' lang='lat' dir='ltr'><strong>Rueratinus</strong></span> <span class='ocrx_word' id='word_1_437' title='bbox 3127 2074 3335 2141; x_wconf 67' lang='lat' dir='ltr'><strong>praeter</strong></span> <span class='ocrx_word' id='word_1_438' title='bbox 3365 2071 3549 2126; x_wconf 86' lang='lat' dir='ltr'><strong>annui</strong></span> <span class='ocrx_word' id='word_1_439' title='bbox 3599 2071 3708 2127; x_wconf 90' lang='lat' dir='ltr'><strong>tri-</strong></span> 
     </span>
    </p>
   </div>
   <div class='ocr_carea' id='block_1_64' title="bbox 2051 2155 3706 2233">
    <p class='ocr_par' dir='ltr' id='par_1_64' title="bbox 2051 2155 3706 2233">
     <span class='ocr_line' id='line_1_64' title="bbox 2051 2155 3706 2233; baseline 0.004 -23"><span class='ocrx_word' id='word_1_440' title='bbox 2051 2155 2173 2210; x_wconf 89' lang='lat' dir='ltr'><strong>buti</strong></span> <span class='ocrx_word' id='word_1_441' title='bbox 2205 2155 2530 2226; x_wconf 86' lang='lat' dir='ltr'><strong>pactionem</strong></span> <span class='ocrx_word' id='word_1_442' title='bbox 2564 2158 2739 2214; x_wconf 86' lang='lat' dir='ltr'><strong>etiam</strong></span> <span class='ocrx_word' id='word_1_443' title='bbox 2790 2158 3222 2231; x_wconf 83' lang='lat' dir='ltr'><strong>quinquaginta</strong></span> <span class='ocrx_word' id='word_1_444' title='bbox 3255 2159 3448 2215; x_wconf 85' lang='lat' dir='ltr'><strong>minas</strong></span> <span class='ocrx_word' id='word_1_445' title='bbox 3479 2161 3706 2233; x_wconf 85' lang='lat' dir='ltr'><strong>argenti</strong></span> 
     </span>
    </p>
   </div>
   <div class='ocr_carea' id='block_1_65' title="bbox 2049 2243 3701 2318">
    <p class='ocr_par' dir='ltr' id='par_1_65' title="bbox 2049 2243 3701 2318">
     <span class='ocr_line' id='line_1_65' title="bbox 2049 2243 3701 2318; baseline 0.005 -21"><span class='ocrx_word' id='word_1_446' title='bbox 2049 2243 2295 2314; x_wconf 81' lang='lat' dir='ltr'><strong>accepit,</strong></span> <span class='ocrx_word' id='word_1_447' title='bbox 2345 2261 2486 2316; x_wconf 89' lang='lat' dir='ltr'><strong>quas</strong></span> <span class='ocrx_word' id='word_1_448' title='bbox 2532 2246 2800 2318; x_wconf 79' lang='lat' dir='ltr'><strong>spoliatis</strong></span> <span class='ocrx_word' id='word_1_449' title='bbox 2859 2250 3283 2306; x_wconf 88' lang='lat' dir='ltr'><strong>mercatoribus</strong></span> <span class='ocrx_word' id='word_1_450' title='bbox 3353 2249 3701 2307; x_wconf 88' lang='lat' dir='ltr'><strong>restitueret.</strong></span> 
     </span>
    </p>
   </div>
   <div class='ocr_carea' id='block_1_66' title="bbox 2048 2337 3698 2410">
    <p class='ocr_par' dir='ltr' id='par_1_66' title="bbox 2048 2337 3698 2410">
     <span class='ocr_line' id='line_1_66' title="bbox 2048 2337 3698 2410; baseline 0.006 -24"><span class='ocrx_word' id='word_1_451' title='bbox 2048 2337 2373 2403; x_wconf 79' lang='lat' dir='ltr'><strong>Imperator</strong></span> <span class='ocrx_word' id='word_1_452' title='bbox 2426 2352 2558 2392; x_wconf 89' lang='lat' dir='ltr'><strong>vero</strong></span> <span class='ocrx_word' id='word_1_453' title='bbox 2611 2341 2739 2407; x_wconf 88' lang='lat' dir='ltr'><strong>post</strong></span> <span class='ocrx_word' id='word_1_454' title='bbox 2789 2337 2916 2394; x_wconf 91' lang='lat' dir='ltr'><strong>dies</strong></span> <span class='ocrx_word' id='word_1_455' title='bbox 2976 2338 3199 2410; x_wconf 85' lang='lat' dir='ltr'><strong>aliquot</strong></span> <span class='ocrx_word' id='word_1_456' title='bbox 3232 2339 3533 2396; x_wconf 82' lang='lat' dir='ltr'><strong>Rucratini</strong></span> <span class='ocrx_word' id='word_1_457' title='bbox 3564 2339 3698 2396; x_wconf 54' lang='lat' dir='ltr'><strong>vita!</strong></span> 
     </span>
    </p>
   </div>
   <div class='ocr_carea' id='block_1_67' title="bbox 2048 2423 3698 2501">
    <p class='ocr_par' dir='ltr' id='par_1_67' title="bbox 2048 2423 3698 2501">
     <span class='ocr_line' id='line_1_67' title="bbox 2048 2423 3698 2501; baseline 0.005 -24"><span class='ocrx_word' id='word_1_458' title='bbox 2048 2423 2307 2479; x_wconf 87' lang='lat' dir='ltr'><strong>insidiari</strong></span> <span class='ocrx_word' id='word_1_459' title='bbox 2338 2425 2732 2495; x_wconf 90' lang='lat' dir='ltr'><strong>deprehensus</strong></span> <span class='ocrx_word' id='word_1_460' title='bbox 2756 2430 2865 2484; x_wconf 88' lang='lat' dir='ltr'><strong>est.</strong></span> <span class='ocrx_word' id='word_1_461' title='bbox 2882 2427 3024 2483; x_wconf 85' lang='lat' dir='ltr'><strong>Nam</strong></span> <span class='ocrx_word' id='word_1_462' title='bbox 3038 2428 3363 2484; x_wconf 87' lang='lat' dir='ltr'><strong>Chasisium</strong></span> <span class='ocrx_word' id='word_1_463' title='bbox 3383 2431 3698 2501; x_wconf 86' lang='lat' dir='ltr'><strong>quemdam</strong></span> 
     </span>
    </p>
   </div>
   <div class='ocr_carea' id='block_1_68' title="bbox 2049 2514 3696 2589">
    <p class='ocr_par' dir='ltr' id='par_1_68' title="bbox 2049 2514 3696 2589">
     <span class='ocr_line' id='line_1_68' title="bbox 2049 2514 3696 2589; baseline 0.004 -21"><span class='ocrx_word' id='word_1_464' title='bbox 2049 2514 2321 2570; x_wconf 84' lang='lat' dir='ltr'><strong>maximis</strong></span> <span class='ocrx_word' id='word_1_465' title='bbox 2354 2515 2872 2586; x_wconf 85' lang='lat' dir='ltr'><strong>pollicitationibus</strong></span> <span class='ocrx_word' id='word_1_466' title='bbox 2902 2517 3224 2589; x_wconf 90' lang='lat' dir='ltr'><strong>impulsum</strong></span> <span class='ocrx_word' id='word_1_467' title='bbox 3251 2518 3397 2575; x_wconf 89' lang='lat' dir='ltr'><strong>levis</strong></span> <span class='ocrx_word' id='word_1_468' title='bbox 3427 2520 3696 2576; x_wconf 72' lang='lat' dir='ltr'><strong>amicitias</strong></span> 
     </span>
    </p>
   </div>
   <div class='ocr_carea' id='block_1_69' title="bbox 2050 2603 3697 2664">
    <p class='ocr_par' dir='ltr' id='par_1_69' title="bbox 2050 2603 3697 2664">
     <span class='ocr_line' id='line_1_69' title="bbox 2050 2603 3697 2664; baseline 0.004 -7"><span class='ocrx_word' id='word_1_469' title='bbox 2050 2603 2237 2659; x_wconf 89' lang='lat' dir='ltr'><strong>cultor</strong></span> <span class='ocrx_word' id='word_1_470' title='bbox 2280 2620 2414 2659; x_wconf 90' lang='lat' dir='ltr'><strong>cum</strong></span> <span class='ocrx_word' id='word_1_471' title='bbox 2470 2604 2776 2662; x_wconf 85' lang='lat' dir='ltr'><strong>rubricatis</strong></span> <span class='ocrx_word' id='word_1_472' title='bbox 2825 2605 3033 2663; x_wconf 87' lang='lat' dir='ltr'><strong>litteris</strong></span> <span class='ocrx_word' id='word_1_473' title='bbox 3061 2608 3133 2662; x_wconf 86' lang='lat' dir='ltr'><strong>ad</strong></span> <span class='ocrx_word' id='word_1_474' title='bbox 3189 2624 3322 2664; x_wconf 88' lang='lat' dir='ltr'><strong>eum</strong></span> <span class='ocrx_word' id='word_1_475' title='bbox 3374 2607 3697 2664; x_wconf 90' lang='lat' dir='ltr'><strong>tollendum</strong></span> 
     </span>
    </p>
   </div>
   <div class='ocr_carea' id='block_1_70' title="bbox 2050 2692 3705 2769">
    <p class='ocr_par' dir='ltr' id='par_1_70' title="bbox 2050 2692 3705 2769">
     <span class='ocr_line' id='line_1_70' title="bbox 2050 2692 3705 2769; baseline 0.005 -23"><span class='ocrx_word' id='word_1_476' title='bbox 2050 2692 2299 2763; x_wconf 77' lang='lat' dir='ltr'><strong>ablegat.</strong></span> <span class='ocrx_word' id='word_1_477' title='bbox 2321 2692 2535 2748; x_wconf 86' lang='lat' dir='ltr'><strong>Verum</strong></span> <span class='ocrx_word' id='word_1_478' title='bbox 2560 2704 2727 2766; x_wconf 90' lang='lat' dir='ltr'><strong>capto</strong></span> <span class='ocrx_word' id='word_1_479' title='bbox 2759 2695 3045 2762; x_wconf 84' lang='lat' dir='ltr'><strong>Chasisio,</strong></span> <span class='ocrx_word' id='word_1_480' title='bbox 3078 2695 3289 2752; x_wconf 90' lang='lat' dir='ltr'><strong>litteris</strong></span> <span class='ocrx_word' id='word_1_481' title='bbox 3322 2697 3705 2769; x_wconf 85' lang='lat' dir='ltr'><strong>deprehensis</strong></span> 
     </span>
    </p>
   </div>
   <div class='ocr_carea' id='block_1_71' title="bbox 2051 2782 3704 2859">
    <p class='ocr_par' dir='ltr' id='par_1_71' title="bbox 2051 2782 3704 2859">
     <span class='ocr_line' id='line_1_71' title="bbox 2051 2782 3704 2859; baseline 0.004 -22"><span class='ocrx_word' id='word_1_482' title='bbox 2051 2786 2108 2837; x_wconf 89' lang='lat' dir='ltr'><strong>et</strong></span> <span class='ocrx_word' id='word_1_483' title='bbox 2132 2782 2293 2838; x_wconf 92' lang='lat' dir='ltr'><strong>omni</strong></span> <span class='ocrx_word' id='word_1_484' title='bbox 2321 2782 2515 2839; x_wconf 81' lang='lat' dir='ltr'><strong>fabula</strong></span> <span class='ocrx_word' id='word_1_485' title='bbox 2544 2784 2851 2855; x_wconf 84' lang='lat' dir='ltr'><strong>explicata,</strong></span> <span class='ocrx_word' id='word_1_486' title='bbox 2885 2792 3123 2858; x_wconf 90' lang='lat' dir='ltr'><strong>ruptum</strong></span> <span class='ocrx_word' id='word_1_487' title='bbox 3149 2792 3239 2843; x_wconf 90' lang='lat' dir='ltr'><strong>est</strong></span> <span class='ocrx_word' id='word_1_488' title='bbox 3268 2786 3458 2843; x_wconf 79' lang='lat' dir='ltr'><strong>foedus</strong></span> <span class='ocrx_word' id='word_1_489' title='bbox 3482 2804 3495 2853; x_wconf 92' lang='lat'><strong>;</strong></span> <span class='ocrx_word' id='word_1_490' title='bbox 3519 2803 3704 2859; x_wconf 88' lang='lat' dir='ltr'><strong>eaque</strong></span> 
     </span>
    </p>
   </div>
   <div class='ocr_carea' id='block_1_72' title="bbox 2052 2871 3709 2934">
    <p class='ocr_par' dir='ltr' id='par_1_72' title="bbox 2052 2871 3709 2934">
     <span class='ocr_line' id='line_1_72' title="bbox 2052 2871 3709 2934; baseline 0.005 -8"><span class='ocrx_word' id='word_1_491' title='bbox 2052 2871 2122 2927; x_wconf 88' lang='lat' dir='ltr'><strong>de</strong></span> <span class='ocrx_word' id='word_1_492' title='bbox 2175 2889 2347 2928; x_wconf 87' lang='lat' dir='ltr'><strong>causa</strong></span> <span class='ocrx_word' id='word_1_493' title='bbox 2379 2874 2580 2928; x_wconf 64' lang='lat' dir='ltr'><strong>Tur-ca</strong></span> <span class='ocrx_word' id='word_1_494' title='bbox 2634 2874 2851 2930; x_wconf 77' lang='lat' dir='ltr'><strong>multas</strong></span> <span class='ocrx_word' id='word_1_495' title='bbox 2894 2875 3203 2932; x_wconf 86' lang='lat' dir='ltr'><strong>orientales</strong></span> <span class='ocrx_word' id='word_1_496' title='bbox 3244 2877 3414 2932; x_wconf 89' lang='lat' dir='ltr'><strong>urbes</strong></span> <span class='ocrx_word' id='word_1_497' title='bbox 3468 2877 3709 2934; x_wconf 80' lang='lat' dir='ltr'><strong>infesta-</strong></span> 
     </span>
    </p>
   </div>
   <div class='ocr_carea' id='block_1_73' title="bbox 2053 2962 3703 3036">
    <p class='ocr_par' dir='ltr' id='par_1_73' title="bbox 2053 2962 3703 3036">
     <span class='ocr_line' id='line_1_73' title="bbox 2053 2962 3703 3036; baseline 0.004 -20"><span class='ocrx_word' id='word_1_498' title='bbox 2053 2968 2210 3018; x_wconf 86' lang='lat' dir='ltr'><strong>runt.</strong></span> <span class='ocrx_word' id='word_1_499' title='bbox 2248 2962 2328 3016; x_wconf 89' lang='lat' dir='ltr'><strong>Ad</strong></span> <span class='ocrx_word' id='word_1_500' title='bbox 2350 2962 2473 3017; x_wconf 65' lang='lat' dir='ltr'><strong>hac</strong></span> <span class='ocrx_word' id='word_1_501' title='bbox 2506 2963 2749 3019; x_wconf 89' lang='lat' dir='ltr'><strong>Michael</strong></span> <span class='ocrx_word' id='word_1_502' title='bbox 2783 2965 3044 3036; x_wconf 90' lang='lat' dir='ltr'><strong>quidam,</strong></span> <span class='ocrx_word' id='word_1_503' title='bbox 3072 2964 3319 3022; x_wconf 88' lang='lat' dir='ltr'><strong>Joannis</strong></span> <span class='ocrx_word' id='word_1_504' title='bbox 3338 2965 3703 3023; x_wconf 87' lang='lat' dir='ltr'><strong>sebastocra-</strong></span> 
     </span>
    </p>
   </div>
   <div class='ocr_carea' id='block_1_74' title="bbox 2052 3051 3701 3128">
    <p class='ocr_par' dir='ltr' id='par_1_74' title="bbox 2052 3051 3701 3128">
     <span class='ocr_line' id='line_1_74' title="bbox 2052 3051 3701 3128; baseline 0.004 -23"><span class='ocrx_word' id='word_1_505' title='bbox 2052 3051 2197 3107; x_wconf 88' lang='lat' dir='ltr'><strong>toris</strong></span> <span class='ocrx_word' id='word_1_506' title='bbox 2239 3051 2458 3108; x_wconf 88' lang='lat' dir='ltr'><strong>nothus</strong></span> <span class='ocrx_word' id='word_1_507' title='bbox 2514 3052 2690 3123; x_wconf 77' lang='lat' dir='ltr'><strong>(ilius,</strong></span> <span class='ocrx_word' id='word_1_508' title='bbox 2725 3055 2794 3109; x_wconf 90' lang='lat' dir='ltr'><strong>ad</strong></span> <span class='ocrx_word' id='word_1_509' title='bbox 2857 3054 3140 3125; x_wconf 80' lang='lat' dir='ltr'><strong>exigenda</strong></span> <span class='ocrx_word' id='word_1_510' title='bbox 3173 3055 3515 3124; x_wconf 61' lang='lat' dir='ltr'><strong>Mylassensis</strong></span> <span class='ocrx_word' id='word_1_511' title='bbox 3565 3073 3701 3128; x_wconf 93' lang='lat' dir='ltr'><strong>pro-</strong></span> 
     </span>
    </p>
   </div>
   <div class='ocr_carea' id='block_1_75' title="bbox 2052 3140 3705 3214">
    <p class='ocr_par' dir='ltr' id='par_1_75' title="bbox 2052 3140 3705 3214">
     <span class='ocr_line' id='line_1_75' title="bbox 2052 3140 3705 3214; baseline 0.005 -20"><span class='ocrx_word' id='word_1_512' title='bbox 2052 3140 2256 3197; x_wconf 63' lang='lat' dir='ltr'><strong>vincia</strong></span> <span class='ocrx_word' id='word_1_513' title='bbox 2307 3142 2528 3197; x_wconf 86' lang='lat' dir='ltr'><strong>tributa</strong></span> <span class='ocrx_word' id='word_1_514' title='bbox 2577 3143 2815 3214; x_wconf 84' lang='lat' dir='ltr'><strong>missus,</strong></span> <span class='ocrx_word' id='word_1_515' title='bbox 2866 3144 3036 3200; x_wconf 90' lang='lat' dir='ltr'><strong>homo</strong></span> <span class='ocrx_word' id='word_1_516' title='bbox 3077 3146 3416 3201; x_wconf 89' lang='lat' dir='ltr'><strong>adolescens</strong></span> <span class='ocrx_word' id='word_1_517' title='bbox 3463 3150 3521 3201; x_wconf 89' lang='lat' dir='ltr'><strong>et</strong></span> <span class='ocrx_word' id='word_1_518' title='bbox 3566 3162 3705 3203; x_wconf 93' lang='lat' dir='ltr'><strong>con-</strong></span> 
     </span>
    </p>
   </div>
   <div class='ocr_carea' id='block_1_76' title="bbox 2055 3231 3703 3307">
    <p class='ocr_par' dir='ltr' id='par_1_76' title="bbox 2055 3231 3703 3307">
     <span class='ocr_line' id='line_1_76' title="bbox 2055 3231 3703 3307; baseline 0.004 -23"><span class='ocrx_word' id='word_1_519' title='bbox 2055 3237 2279 3299; x_wconf 84' lang='lat' dir='ltr'><strong>tumax,</strong></span> <span class='ocrx_word' id='word_1_520' title='bbox 2311 3231 2546 3287; x_wconf 82' lang='lat' dir='ltr'><strong>deﬁcit:</strong></span> <span class='ocrx_word' id='word_1_521' title='bbox 2584 3233 2728 3288; x_wconf 77' lang='lat'><strong>701</strong></span> <span class='ocrx_word' id='word_1_522' title='bbox 2768 3233 2870 3289; x_wconf 90' lang='lat' dir='ltr'><strong>sed</strong></span> <span class='ocrx_word' id='word_1_523' title='bbox 2909 3234 3107 3305; x_wconf 77' lang='lat' dir='ltr'><strong>proelio</strong></span> <span class='ocrx_word' id='word_1_524' title='bbox 3138 3234 3328 3291; x_wconf 89' lang='lat' dir='ltr'><strong>victus</strong></span> <span class='ocrx_word' id='word_1_525' title='bbox 3381 3239 3437 3291; x_wconf 94' lang='lat' dir='ltr'><strong>et</strong></span> <span class='ocrx_word' id='word_1_526' title='bbox 3468 3235 3703 3307; x_wconf 84' lang='lat' dir='ltr'><strong>fugatus</strong></span> 
     </span>
    </p>
   </div>
   <div class='ocr_carea' id='block_1_77' title="bbox 2057 3320 3706 3397">
    <p class='ocr_par' dir='ltr' id='par_1_77' title="bbox 2057 3320 3706 3397">
     <span class='ocr_line' id='line_1_77' title="bbox 2057 3320 3706 3397; baseline 0.005 -23"><span class='ocrx_word' id='word_1_527' title='bbox 2057 3320 2128 3375; x_wconf 86' lang='lat' dir='ltr'><strong>ad</strong></span> <span class='ocrx_word' id='word_1_528' title='bbox 2164 3320 2547 3377; x_wconf 83' lang='lat' dir='ltr'><strong>Rucratinum</strong></span> <span class='ocrx_word' id='word_1_529' title='bbox 2580 3338 2642 3377; x_wconf 90' lang='lat' dir='ltr'><strong>se</strong></span> <span class='ocrx_word' id='word_1_530' title='bbox 2674 3323 2914 3379; x_wconf 86' lang='lat' dir='ltr'><strong>confert.</strong></span> <span class='ocrx_word' id='word_1_531' title='bbox 2949 3325 2999 3379; x_wconf 87' lang='lat' dir='ltr'><strong>A</strong></span> <span class='ocrx_word' id='word_1_532' title='bbox 3023 3341 3137 3396; x_wconf 90' lang='lat' dir='ltr'><strong>quo</strong></span> <span class='ocrx_word' id='word_1_533' title='bbox 3169 3323 3538 3397; x_wconf 85' lang='lat' dir='ltr'><strong>imperatoris</strong></span> <span class='ocrx_word' id='word_1_534' title='bbox 3571 3325 3706 3382; x_wconf 88' lang='lat' dir='ltr'><strong>odio</strong></span> 
     </span>
    </p>
   </div>
   <div class='ocr_carea' id='block_1_78' title="bbox 2058 3409 3708 3485">
    <p class='ocr_par' dir='ltr' id='par_1_78' title="bbox 2058 3409 3708 3485">
     <span class='ocr_line' id='line_1_78' title="bbox 2058 3409 3708 3485; baseline 0.005 -22"><span class='ocrx_word' id='word_1_535' title='bbox 2058 3409 2430 3481; x_wconf 84' lang='lat' dir='ltr'><strong>cupidissime</strong></span> <span class='ocrx_word' id='word_1_536' title='bbox 2463 3416 2788 3483; x_wconf 87' lang='lat' dir='ltr'><strong>susceptus,</strong></span> <span class='ocrx_word' id='word_1_537' title='bbox 2815 3423 3165 3485; x_wconf 87' lang='lat' dir='ltr'><strong>acceptoque</strong></span> <span class='ocrx_word' id='word_1_538' title='bbox 3194 3414 3472 3481; x_wconf 86' lang='lat' dir='ltr'><strong>exercitu,</strong></span> <span class='ocrx_word' id='word_1_539' title='bbox 3504 3419 3708 3471; x_wconf 74' lang='lat' dir='ltr'><strong>Maean-</strong></span> 
     </span>
    </p>
   </div>
   <div class='ocr_carea' id='block_1_79' title="bbox 2057 3497 3709 3576">
    <p class='ocr_par' dir='ltr' id='par_1_79' title="bbox 2057 3497 3709 3576">
     <span class='ocr_line' id='line_1_79' title="bbox 2057 3497 3709 3576; baseline 0.006 -25"><span class='ocrx_word' id='word_1_540' title='bbox 2057 3497 2251 3554; x_wconf 87' lang='lat' dir='ltr'><strong>dricas</strong></span> <span class='ocrx_word' id='word_1_541' title='bbox 2299 3500 2475 3555; x_wconf 91' lang='lat' dir='ltr'><strong>urbes</strong></span> <span class='ocrx_word' id='word_1_542' title='bbox 2520 3500 2697 3556; x_wconf 84' lang='lat' dir='ltr'><strong>variis</strong></span> <span class='ocrx_word' id='word_1_543' title='bbox 2738 3501 2949 3574; x_wconf 78' lang='lat' dir='ltr'><strong>afﬂigit</strong></span> <span class='ocrx_word' id='word_1_544' title='bbox 2997 3503 3206 3573; x_wconf 89' lang='lat' dir='ltr'><strong>modis,</strong></span> <span class='ocrx_word' id='word_1_545' title='bbox 3239 3504 3515 3560; x_wconf 80' lang='lat' dir='ltr'><strong>Barbarie</strong></span> <span class='ocrx_word' id='word_1_546' title='bbox 3563 3504 3709 3576; x_wconf 88' lang='lat' dir='ltr'><strong>ipsis</strong></span> 
     </span>
    </p>
   </div>
   <div class='ocr_carea' id='block_1_80' title="bbox 2058 3587 3711 3665">
    <p class='ocr_par' dir='ltr' id='par_1_80' title="bbox 2058 3587 3711 3665">
     <span class='ocr_line' id='line_1_80' title="bbox 2058 3587 3711 3665; baseline 0.007 -25"><span class='ocrx_word' id='word_1_547' title='bbox 2058 3587 2366 3642; x_wconf 90' lang='lat' dir='ltr'><strong>crudelior.</strong></span> <span class='ocrx_word' id='word_1_548' title='bbox 2408 3589 2623 3652; x_wconf 88' lang='lat' dir='ltr'><strong>Quodsi</strong></span> <span class='ocrx_word' id='word_1_549' title='bbox 2655 3588 2776 3646; x_wconf 90' lang='lat' dir='ltr'><strong>ulla</strong></span> <span class='ocrx_word' id='word_1_550' title='bbox 2806 3592 3156 3662; x_wconf 88' lang='lat' dir='ltr'><strong>gravissima</strong></span> <span class='ocrx_word' id='word_1_551' title='bbox 3205 3609 3383 3649; x_wconf 89' lang='lat' dir='ltr'><strong>causa</strong></span> <span class='ocrx_word' id='word_1_552' title='bbox 3416 3594 3549 3665; x_wconf 84' lang='lat' dir='ltr'><strong>fuit,</strong></span> <span class='ocrx_word' id='word_1_553' title='bbox 3606 3611 3711 3652; x_wconf 87' lang='lat' dir='ltr'><strong>cur</strong></span> 
     </span>
    </p>
   </div>
   <div class='ocr_carea' id='block_1_81' title="bbox 2058 3675 3713 3756">
    <p class='ocr_par' dir='ltr' id='par_1_81' title="bbox 2058 3675 3713 3756">
     <span class='ocr_line' id='line_1_81' title="bbox 2058 3675 3713 3756; baseline 0.006 -26"><span class='ocrx_word' id='word_1_554' title='bbox 2058 3675 2392 3732; x_wconf 82' lang='lat' dir='ltr'><strong>Romanum</strong></span> <span class='ocrx_word' id='word_1_555' title='bbox 2449 3678 2764 3749; x_wconf 89' lang='lat' dir='ltr'><strong>imperium</strong></span> <span class='ocrx_word' id='word_1_556' title='bbox 2815 3680 3226 3737; x_wconf 77' lang='lat' dir='ltr'><strong>labefactatum</strong></span> <span class='ocrx_word' id='word_1_557' title='bbox 3303 3683 3477 3738; x_wconf 88' lang='lat' dir='ltr'><strong>urbes</strong></span> <span class='ocrx_word' id='word_1_558' title='bbox 3535 3688 3713 3756; x_wconf 88' lang='lat' dir='ltr'><strong>atque</strong></span> 
     </span>
    </p>
   </div>
   <div class='ocr_carea' id='block_1_82' title="bbox 2060 3766 3706 3843">
    <p class='ocr_par' dir='ltr' id='par_1_82' title="bbox 2060 3766 3706 3843">
     <span class='ocr_line' id='line_1_82' title="bbox 2060 3766 3706 3843; baseline 0.004 -22"><span class='ocrx_word' id='word_1_559' title='bbox 2060 3766 2384 3838; x_wconf 88' lang='lat' dir='ltr'><strong>provincias</strong></span> <span class='ocrx_word' id='word_1_560' title='bbox 2439 3769 2701 3824; x_wconf 89' lang='lat' dir='ltr'><strong>amiserit</strong></span> <span class='ocrx_word' id='word_1_561' title='bbox 2729 3773 2786 3825; x_wconf 90' lang='lat' dir='ltr'><strong>et</strong></span> <span class='ocrx_word' id='word_1_562' title='bbox 2844 3771 3032 3841; x_wconf 89' lang='lat' dir='ltr'><strong>ipsum</strong></span> <span class='ocrx_word' id='word_1_563' title='bbox 3094 3772 3348 3843; x_wconf 90' lang='lat' dir='ltr'><strong>denique</strong></span> <span class='ocrx_word' id='word_1_564' title='bbox 3404 3775 3706 3842; x_wconf 88' lang='lat' dir='ltr'><strong>corruerit,</strong></span> 
     </span>
    </p>
   </div>
   <div class='ocr_carea' id='block_1_83' title="bbox 2058 3857 3712 3931">
    <p class='ocr_par' dir='ltr' id='par_1_83' title="bbox 2058 3857 3712 3931">
     <span class='ocr_line' id='line_1_83' title="bbox 2058 3857 3712 3931; baseline 0.007 -19"><span class='ocrx_word' id='word_1_565' title='bbox 2058 3857 2385 3913; x_wconf 87' lang='lat' dir='ltr'><strong>Commenii</strong></span> <span class='ocrx_word' id='word_1_566' title='bbox 2442 3858 2603 3931; x_wconf 80' lang='lat' dir='ltr'><strong>regni</strong></span> <span class='ocrx_word' id='word_1_567' title='bbox 2654 3860 2973 3930; x_wconf 85' lang='lat' dir='ltr'><strong>cupiditate</strong></span> <span class='ocrx_word' id='word_1_568' title='bbox 3021 3861 3093 3916; x_wconf 88' lang='lat' dir='ltr'><strong>ad</strong></span> <span class='ocrx_word' id='word_1_569' title='bbox 3143 3861 3342 3918; x_wconf 86' lang='lat' dir='ltr'><strong>hostes</strong></span> <span class='ocrx_word' id='word_1_570' title='bbox 3386 3862 3712 3923; x_wconf 77' lang='lat' dir='ltr'><strong>deiicienda</strong></span> 
     </span>
    </p>
   </div>
   <div class='ocr_carea' id='block_1_84' title="bbox 2061 3948 3712 4022">
    <p class='ocr_par' dir='ltr' id='par_1_84' title="bbox 2061 3948 3712 4022">
     <span class='ocr_line' id='line_1_84' title="bbox 2061 3948 3712 4022; baseline 0.004 -19"><span class='ocrx_word' id='word_1_571' title='bbox 2061 3963 2188 4003; x_wconf 86' lang='lat' dir='ltr'><strong>eam</strong></span> <span class='ocrx_word' id='word_1_572' title='bbox 2221 3949 2685 4019; x_wconf 69' lang='lat' dir='ltr'><strong>suppeditarunt.</strong></span> <span class='ocrx_word' id='word_1_573' title='bbox 2737 3948 2878 4006; x_wconf 88' lang='lat' dir='ltr'><strong>Nam</strong></span> <span class='ocrx_word' id='word_1_574' title='bbox 2914 3967 3047 4005; x_wconf 90' lang='lat' dir='ltr'><strong>cum</strong></span> <span class='ocrx_word' id='word_1_575' title='bbox 3080 3952 3150 4006; x_wconf 90' lang='lat' dir='ltr'><strong>ad</strong></span> <span class='ocrx_word' id='word_1_576' title='bbox 3183 3959 3389 4022; x_wconf 87' lang='lat' dir='ltr'><strong>gentes</strong></span> <span class='ocrx_word' id='word_1_577' title='bbox 3440 3953 3712 4010; x_wconf 80' lang='lat' dir='ltr'><strong>Romanis</strong></span> 
     </span>
    </p>
   </div>
   <div class='ocr_carea' id='block_1_85' title="bbox 2060 4037 3711 4111">
    <p class='ocr_par' dir='ltr' id='par_1_85' title="bbox 2060 4037 3711 4111">
     <span class='ocr_line' id='line_1_85' title="bbox 2060 4037 3711 4111; baseline 0.004 -20"><span class='ocrx_word' id='word_1_578' title='bbox 2060 4037 2328 4093; x_wconf 87' lang='lat' dir='ltr'><strong>inimicas</strong></span> <span class='ocrx_word' id='word_1_579' title='bbox 2406 4040 2809 4108; x_wconf 82' lang='lat' dir='ltr'><strong>confugerent,</strong></span> <span class='ocrx_word' id='word_1_580' title='bbox 2892 4040 3090 4111; x_wconf 66' lang='lat' dir='ltr'><strong>patrias</strong></span> <span class='ocrx_word' id='word_1_581' title='bbox 3162 4041 3453 4110; x_wconf 86' lang='lat' dir='ltr'><strong>pernicies</strong></span> <span class='ocrx_word' id='word_1_582' title='bbox 3522 4048 3711 4109; x_wconf 86' lang='lat' dir='ltr'><strong>erant,</strong></span> 
     </span>
    </p>
   </div>
   <div class='ocr_carea' id='block_1_86' title="bbox 2062 4128 3711 4199">
    <p class='ocr_par' dir='ltr' id='par_1_86' title="bbox 2062 4128 3711 4199">
     <span class='ocr_line' id='line_1_86' title="bbox 2062 4128 3711 4199; baseline 0.002 -17"><span class='ocrx_word' id='word_1_583' title='bbox 2062 4143 2398 4198; x_wconf 71' lang='lat' dir='ltr'><strong>quamquam</strong></span> <span class='ocrx_word' id='word_1_584' title='bbox 2446 4129 2597 4199; x_wconf 88' lang='lat' dir='ltr'><strong>apud</strong></span> <span class='ocrx_word' id='word_1_585' title='bbox 2636 4145 2739 4183; x_wconf 88' lang='lat' dir='ltr'><strong>nos</strong></span> <span class='ocrx_word' id='word_1_586' title='bbox 2805 4128 2980 4185; x_wconf 91' lang='lat' dir='ltr'><strong>rebus</strong></span> <span class='ocrx_word' id='word_1_587' title='bbox 3028 4129 3301 4199; x_wconf 80' lang='lat' dir='ltr'><strong>gerendis</strong></span> <span class='ocrx_word' id='word_1_588' title='bbox 3348 4135 3405 4185; x_wconf 89' lang='lat' dir='ltr'><strong>et</strong></span> <span class='ocrx_word' id='word_1_589' title='bbox 3452 4130 3711 4187; x_wconf 85' lang='lat' dir='ltr'><strong>admini-</strong></span> 
     </span>
    </p>
   </div>
   <div class='ocr_carea' id='block_1_87' title="bbox 2063 4217 3431 4288">
    <p class='ocr_par' dir='ltr' id='par_1_87' title="bbox 2063 4217 3431 4288">
     <span class='ocr_line' id='line_1_87' title="bbox 2063 4217 3431 4288; baseline 0.002 -18"><span class='ocrx_word' id='word_1_590' title='bbox 2063 4218 2298 4271; x_wconf 88' lang='lat' dir='ltr'><strong>strando</strong></span> <span class='ocrx_word' id='word_1_591' title='bbox 2331 4218 2572 4287; x_wconf 90' lang='lat' dir='ltr'><strong>imperio</strong></span> <span class='ocrx_word' id='word_1_592' title='bbox 2604 4217 2953 4288; x_wconf 76' lang='lat' dir='ltr'><strong>ineptissimi</strong></span> <span class='ocrx_word' id='word_1_593' title='bbox 2984 4222 3042 4273; x_wconf 90' lang='lat' dir='ltr'><strong>et</strong></span> <span class='ocrx_word' id='word_1_594' title='bbox 3069 4218 3431 4275; x_wconf 77' lang='lat' dir='ltr'><strong>sol:dissi:ni.</strong></span> 
     </span>
    </p>
   </div>
   <div class='ocr_carea' id='block_1_88' title="bbox 292 4299 3710 4384">
    <p class='ocr_par' dir='ltr' id='par_1_88' title="bbox 292 4299 3710 4384">
     <span class='ocr_line' id='line_1_88' title="bbox 292 4299 3710 4384; baseline -0.001 -19"><span class='ocrx_word' id='word_1_595' title='bbox 292 4307 666 4383; x_wconf 88' lang='grc' dir='ltr'>πολυτρόπως</span> <span class='ocrx_word' id='word_1_596' title='bbox 691 4304 918 4371; x_wconf 79' lang='grc' dir='ltr'>ἐσίνετο,</span> <span class='ocrx_word' id='word_1_597' title='bbox 975 4303 1182 4380; x_wconf 87' lang='grc' dir='ltr'>χείρων</span> <span class='ocrx_word' id='word_1_598' title='bbox 1240 4305 1348 4354; x_wconf 78' lang='grc' dir='ltr'><strong>τῶν</strong></span> <span class='ocrx_word' id='word_1_599' title='bbox 1406 4299 1742 4377; x_wconf 70' lang='grc' dir='ltr'>ἀλλοφύλων</span> <span class='ocrx_word' id='word_1_600' title='bbox 1802 4301 1893 4355; x_wconf 84' lang='grc' dir='ltr'>καὶ</span> <span class='ocrx_word' id='word_1_601' title='bbox 1939 4300 2292 4376; x_wconf 82' lang='grc' dir='ltr'>νηλεέστερος</span> <span class='ocrx_word' id='word_1_602' title='bbox 2347 4300 2678 4380; x_wconf 71' lang='grc' dir='ltr'>ἀνδροφόνος</span> <span class='ocrx_word' id='word_1_603' title='bbox 2734 4301 3097 4378; x_wconf 82' lang='grc' dir='ltr'>δεικνύμενος.</span> <span class='ocrx_word' id='word_1_604' title='bbox 3131 4305 3199 4362; x_wconf 75' lang='grc' dir='ltr'><strong>Εἳ</strong></span> <span class='ocrx_word' id='word_1_605' title='bbox 3250 4328 3301 4361; x_wconf 91' lang='grc' dir='ltr'>τι</span> <span class='ocrx_word' id='word_1_606' title='bbox 3327 4311 3456 4384; x_wconf 75' lang='grc' dir='ltr'>γοῦν</span> <span class='ocrx_word' id='word_1_607' title='bbox 3516 4307 3710 4363; x_wconf 83' lang='grc' dir='ltr'>αἰτιώ-</span> 
     </span>
    </p>
   </div>
   <div class='ocr_carea' id='block_1_89' title="bbox 288 4387 3710 4472">
    <p class='ocr_par' dir='ltr' id='par_1_89' title="bbox 288 4387 3710 4472">
     <span class='ocr_line' id='line_1_89' title="bbox 288 4387 3710 4472; baseline 0 -20"><span class='ocrx_word' id='word_1_608' title='bbox 288 4416 449 4452; x_wconf 89' lang='grc' dir='ltr'>τατον</span> <span class='ocrx_word' id='word_1_609' title='bbox 478 4398 579 4449; x_wconf 76' lang='grc' dir='ltr'>τοῦ</span> <span class='ocrx_word' id='word_1_610' title='bbox 607 4394 706 4463; x_wconf 77' lang='grc' dir='ltr'><strong>τήν</strong></span> <span class='ocrx_word' id='word_1_611' title='bbox 736 4390 1024 4464; x_wconf 89' lang='grc' dir='ltr'>Ῥωμαίων</span> <span class='ocrx_word' id='word_1_612' title='bbox 1057 4390 1235 4464; x_wconf 75' lang='grc' dir='ltr'>ἀρχὴν</span> <span class='ocrx_word' id='word_1_613' title='bbox 1270 4387 1323 4450; x_wconf 87' lang='grc' dir='ltr'><strong>ἐς</strong></span> <span class='ocrx_word' id='word_1_614' title='bbox 1381 4388 1510 4465; x_wconf 89' lang='grc' dir='ltr'>γόνυ</span> <span class='ocrx_word' id='word_1_615' title='bbox 1540 4392 1859 4443; x_wconf 84' lang='grc' dir='ltr'>καταπεσεῖν</span> <span class='ocrx_word' id='word_1_616' title='bbox 1913 4391 2005 4443; x_wconf 85' lang='grc' dir='ltr'><strong>καὶ</strong></span> <span class='ocrx_word' id='word_1_617' title='bbox 2062 4395 2262 4465; x_wconf 83' lang='grc' dir='ltr'>χωρῶν</span> <span class='ocrx_word' id='word_1_618' title='bbox 2319 4391 2409 4447; x_wconf 86' lang='grc' dir='ltr'><strong>καὶ</strong></span> <span class='ocrx_word' id='word_1_619' title='bbox 2467 4388 2685 4448; x_wconf 80' lang='grc' dir='ltr'>πόλεων</span> <span class='ocrx_word' id='word_1_620' title='bbox 2747 4396 3039 4472; x_wconf 84' lang='grc' dir='ltr'>χειρώσεις</span> <span class='ocrx_word' id='word_1_621' title='bbox 3107 4401 3319 4469; x_wconf 73' lang='grc' dir='ltr'>παθεῖν,</span> <span class='ocrx_word' id='word_1_622' title='bbox 3395 4396 3600 4453; x_wconf 81' lang='grc' dir='ltr'>ὕστατα</span> <span class='ocrx_word' id='word_1_623' title='bbox 3648 4395 3710 4453; x_wconf 77' lang='grc' dir='ltr'>δὲ</span> 
     </span>
    </p>
   </div>
   <div class='ocr_carea' id='block_1_90' title="bbox 288 4476 3713 4565">
    <p class='ocr_par' dir='ltr' id='par_1_90' title="bbox 288 4476 3713 4565">
     <span class='ocr_line' id='line_1_90' title="bbox 288 4476 3713 4565; baseline 0 -23"><span class='ocrx_word' id='word_1_624' title='bbox 288 4485 382 4542; x_wconf 82' lang='grc' dir='ltr'>καὶ</span> <span class='ocrx_word' id='word_1_625' title='bbox 440 4484 606 4554; x_wconf 79' lang='grc' dir='ltr'>αὐτὴν</span> <span class='ocrx_word' id='word_1_626' title='bbox 666 4477 1091 4555; x_wconf 82' lang='grc' dir='ltr'>ἐξαπολωλέναι,</span> <span class='ocrx_word' id='word_1_627' title='bbox 1148 4482 1310 4534; x_wconf 76' lang='grc' dir='ltr'>τοῦτο</span> <span class='ocrx_word' id='word_1_628' title='bbox 1371 4479 1423 4532; x_wconf 76' lang='grc' dir='ltr'><strong>οἱ</strong></span> <span class='ocrx_word' id='word_1_629' title='bbox 1491 4476 1551 4533; x_wconf 80' lang='grc' dir='ltr'><strong>ἐκ</strong></span> <span class='ocrx_word' id='word_1_630' title='bbox 1612 4480 1907 4551; x_wconf 79' lang='grc' dir='ltr'>Κομνηνῶν</span> <span class='ocrx_word' id='word_1_631' title='bbox 1992 4480 2271 4556; x_wconf 87' lang='grc' dir='ltr'>γεγόνασιν</span> <span class='ocrx_word' id='word_1_632' title='bbox 2358 4482 2716 4559; x_wconf 82' lang='grc' dir='ltr'>ἀφιστάμενοι</span> <span class='ocrx_word' id='word_1_633' title='bbox 2785 4482 2874 4539; x_wconf 78' lang='grc' dir='ltr'>καὶ</span> <span class='ocrx_word' id='word_1_634' title='bbox 2935 4484 3553 4564; x_wconf 43' lang='grc' dir='ltr'>βασιλειῶντεςνΠαρά</span> <span class='ocrx_word' id='word_1_635' title='bbox 3609 4487 3713 4565; x_wconf 80' lang='grc' dir='ltr'><strong>γὰρ</strong></span> 
     </span>
    </p>
   </div>
   <div class='ocr_carea' id='block_1_91' title="bbox 286 4567 3705 4655">
    <p class='ocr_par' dir='ltr' id='par_1_91' title="bbox 286 4567 3705 4655">
     <span class='ocr_line' id='line_1_91' title="bbox 286 4567 3705 4655; baseline 0 -22"><span class='ocrx_word' id='word_1_636' title='bbox 286 4572 464 4643; x_wconf 75' lang='grc' dir='ltr'>ἔθνεσι</span> <span class='ocrx_word' id='word_1_637' title='bbox 522 4571 880 4633; x_wconf 83' lang='grc' dir='ltr'>καταλύοντες</span> <span class='ocrx_word' id='word_1_638' title='bbox 933 4571 1008 4645; x_wconf 78' lang='grc' dir='ltr'>μὴ</span> <span class='ocrx_word' id='word_1_639' title='bbox 1071 4568 1228 4650; x_wconf 89' lang='grc' dir='ltr'>φίλια</span> <span class='ocrx_word' id='word_1_640' title='bbox 1284 4567 1586 4641; x_wconf 76' lang='grc' dir='ltr'>Ῥωμαίοις.</span> <span class='ocrx_word' id='word_1_641' title='bbox 1623 4572 1809 4622; x_wconf 80' lang='grc' dir='ltr'>νοοῦσι</span> <span class='ocrx_word' id='word_1_642' title='bbox 1862 4575 1960 4638; x_wconf 89' lang='grc' dir='ltr'>τῆς</span> <span class='ocrx_word' id='word_1_643' title='bbox 2014 4568 2279 4645; x_wconf 80' lang='grc' dir='ltr'>πατρίδος</span> <span class='ocrx_word' id='word_1_644' title='bbox 2333 4572 2469 4643; x_wconf 75' lang='grc' dir='ltr'>ἦσαν</span> <span class='ocrx_word' id='word_1_645' title='bbox 2524 4572 2827 4645; x_wconf 85' lang='grc' dir='ltr'>πανώλεια,</span> <span class='ocrx_word' id='word_1_646' title='bbox 2874 4577 3072 4652; x_wconf 88' lang='grc' dir='ltr'>καίπερ</span> <span class='ocrx_word' id='word_1_647' title='bbox 3124 4575 3176 4631; x_wconf 89' lang='grc' dir='ltr'><strong>ἐν</strong></span> <span class='ocrx_word' id='word_1_648' title='bbox 3244 4581 3325 4649; x_wconf 79' lang='grc' dir='ltr'><strong>τῷ</strong></span> <span class='ocrx_word' id='word_1_649' title='bbox 3383 4579 3508 4655; x_wconf 90' lang='grc' dir='ltr'>παρ’</span> <span class='ocrx_word' id='word_1_650' title='bbox 3566 4579 3705 4651; x_wconf 75' lang='grc' dir='ltr'>ἡμῖν</span> 
     </span>
    </p>
   </div>
   <div class='ocr_carea' id='block_1_92' title="bbox 292 4657 3708 4745">
    <p class='ocr_par' dir='ltr' id='par_1_92' title="bbox 292 4657 3708 4745">
     <span class='ocr_line' id='line_1_92' title="bbox 292 4657 3708 4745; baseline 0 -23"><span class='ocrx_word' id='word_1_651' title='bbox 292 4667 469 4743; x_wconf 89' lang='grc' dir='ltr'>μένειν</span> <span class='ocrx_word' id='word_1_652' title='bbox 502 4665 810 4739; x_wconf 88' lang='grc' dir='ltr'>πράγμασιν</span> <span class='ocrx_word' id='word_1_653' title='bbox 843 4659 1188 4738; x_wconf 74' lang='grc' dir='ltr'>ἐγχειρήσειν</span> <span class='ocrx_word' id='word_1_654' title='bbox 1222 4658 1364 4714; x_wconf 69' lang='grc' dir='ltr'>ἑλεῖν</span> <span class='ocrx_word' id='word_1_655' title='bbox 1397 4680 1455 4714; x_wconf 91' lang='grc' dir='ltr'>τε</span> <span class='ocrx_word' id='word_1_656' title='bbox 1514 4657 1604 4713; x_wconf 86' lang='grc' dir='ltr'><strong>καὶ</strong></span> <span class='ocrx_word' id='word_1_657' title='bbox 1664 4659 1952 4734; x_wconf 72' lang='grc' dir='ltr'>κρατήσειν</span> <span class='ocrx_word' id='word_1_658' title='bbox 2012 4659 2520 4732; x_wconf 81' lang='grc' dir='ltr'>ἀνεπιτηδειότατοι</span> <span class='ocrx_word' id='word_1_659' title='bbox 2579 4658 2728 4726; x_wconf 75' lang='grc' dir='ltr'>ὄντες</span> <span class='ocrx_word' id='word_1_660' title='bbox 2784 4664 2879 4720; x_wconf 86' lang='grc' dir='ltr'>καὶ</span> <span class='ocrx_word' id='word_1_661' title='bbox 2937 4667 3154 4722; x_wconf 72' lang='grc' dir='ltr'>πάντων</span> <span class='ocrx_word' id='word_1_662' title='bbox 3201 4666 3553 4745; x_wconf 81' lang='grc' dir='ltr'>ἀχρειότατοι</span> <span class='ocrx_word' id='word_1_663' title='bbox 3612 4665 3708 4722; x_wconf 86' lang='grc' dir='ltr'><strong>καὶ</strong></span> 
     </span>
    </p>
   </div>
   <div class='ocr_carea' id='block_1_93' title="bbox 289 4754 631 4812">
    <p class='ocr_par' dir='ltr' id='par_1_93' title="bbox 289 4754 631 4812">
     <span class='ocr_line' id='line_1_93' title="bbox 289 4754 631 4812; baseline -0.003 0"><span class='ocrx_word' id='word_1_664' title='bbox 289 4754 631 4812; x_wconf 80' lang='grc' dir='ltr'>σκαιότατοι.</span> 
     </span>
    </p>
   </div>
   <div class='ocr_carea' id='block_1_94' title="bbox 360 4836 1961 4916">
    <p class='ocr_par' dir='ltr' id='par_1_94' title="bbox 360 4836 1941 4916">
     <span class='ocr_line' id='line_1_94' title="bbox 360 4836 1941 4916; baseline -0.004 -15"><span class='ocrx_word' id='word_1_665' title='bbox 360 4847 460 4901; x_wconf 85' lang='grc' dir='ltr'>Διά</span> <span class='ocrx_word' id='word_1_666' title='bbox 491 4842 548 4899; x_wconf 74' lang='grc' dir='ltr'>δὲ</span> <span class='ocrx_word' id='word_1_667' title='bbox 577 4844 675 4912; x_wconf 69' lang='grc' dir='ltr'>τὴν</span> <span class='ocrx_word' id='word_1_668' title='bbox 706 4845 806 4896; x_wconf 81' lang='grc' dir='ltr'><strong>τοῦ</strong></span> <span class='ocrx_word' id='word_1_669' title='bbox 837 4839 1073 4916; x_wconf 77' lang='grc' dir='ltr'>Μιχαὴλ</span> <span class='ocrx_word' id='word_1_670' title='bbox 1130 4836 1437 4913; x_wconf 85' lang='grc' dir='ltr'>νεωτέρισιν</span> <span class='ocrx_word' id='word_1_671' title='bbox 1496 4838 1620 4913; x_wconf 79' lang='grc' dir='ltr'>περὶ</span> <span class='ocrx_word' id='word_1_672' title='bbox 1672 4843 1820 4911; x_wconf 81' lang='grc' dir='ltr'>μῆνα</span> <span class='ocrx_word' id='word_1_673' title='bbox 1848 4837 1941 4894; x_wconf 80' lang='grc' dir='ltr'><strong>τὸν</strong></span> 
     </span>
    </p>
   </div>
   <div class='ocr_carea' id='block_1_95' title="bbox 2055 4836 3716 4916">
    <p class='ocr_par' dir='ltr' id='par_1_95' title="bbox 2124 4843 3716 4904">
     <span class='ocr_line' id='line_1_95' title="bbox 2124 4843 3716 4904; baseline 0.004 -6"><span class='ocrx_word' id='word_1_674' title='bbox 2124 4843 2408 4901; x_wconf 62' lang='lat' dir='ltr'><strong>Caeterum</strong></span> <span class='ocrx_word' id='word_1_675' title='bbox 2430 4845 2666 4902; x_wconf 81' lang='lat' dir='ltr'><strong>Alexius</strong></span> <span class='ocrx_word' id='word_1_676' title='bbox 2691 4845 2996 4902; x_wconf 79' lang='lat' dir='ltr'><strong>Novembri</strong></span> <span class='ocrx_word' id='word_1_677' title='bbox 3022 4861 3222 4903; x_wconf 89' lang='lat' dir='ltr'><strong>mense</strong></span> <span class='ocrx_word' id='word_1_678' title='bbox 3235 4850 3439 4903; x_wconf 91' lang='lat' dir='ltr'><strong>contra</strong></span> <span class='ocrx_word' id='word_1_679' title='bbox 3463 4845 3716 4904; x_wconf 86' lang='lat' dir='ltr'><strong>Michae-</strong></span> 
     </span>
    </p>
   </div>
   <div class='ocr_carea' id='block_1_96' title="bbox 289 4925 1942 5016">
    <p class='ocr_par' dir='ltr' id='par_1_96' title="bbox 289 4925 1942 5016">
     <span class='ocr_line' id='line_1_96' title="bbox 289 4925 1942 5016; baseline -0.006 -25"><span class='ocrx_word' id='word_1_680' title='bbox 289 4933 612 5016; x_wconf 85' lang='grc' dir='ltr'>φυλλοχόον</span> <span class='ocrx_word' id='word_1_681' title='bbox 645 4931 840 5005; x_wconf 78' lang='grc' dir='ltr'>ἔξεισιν</span> <span class='ocrx_word' id='word_1_682' title='bbox 899 4929 976 4991; x_wconf 81' lang='grc' dir='ltr'>εἷς</span> <span class='ocrx_word' id='word_1_683' title='bbox 1026 4926 1101 4983; x_wconf 73' lang='grc' dir='ltr'>ἕω</span> <span class='ocrx_word' id='word_1_684' title='bbox 1160 4925 1425 4999; x_wconf 81' lang='grc' dir='ltr'>Ἀλέξιος,</span> <span class='ocrx_word' id='word_1_685' title='bbox 1482 4926 1836 5005; x_wconf 76' lang='grc' dir='ltr'>ὑποστρέφων</span> <span class='ocrx_word' id='word_1_686' title='bbox 1897 4925 1942 4982; x_wconf 85' lang='grc' dir='ltr'>δ’</span> 
     </span>
    </p>
   </div>
   <div class='ocr_carea' id='block_1_97' title="bbox 290 5016 1946 5100">
    <p class='ocr_par' dir='ltr' id='par_1_97' title="bbox 290 5016 1946 5100">
     <span class='ocr_line' id='line_1_97' title="bbox 290 5016 1946 5100; baseline -0.014 -17"><span class='ocrx_word' id='word_1_687' title='bbox 290 5026 491 5083; x_wconf 88' lang='grc' dir='ltr'>ἐκεῖθεν</span> <span class='ocrx_word' id='word_1_688' title='bbox 522 5017 885 5100; x_wconf 75' lang='grc' dir='ltr'>παρενέϐαλεν</span> <span class='ocrx_word' id='word_1_689' title='bbox 916 5018 993 5080; x_wconf 87' lang='grc' dir='ltr'>εἷς</span> <span class='ocrx_word' id='word_1_690' title='bbox 1050 5018 1118 5073; x_wconf 75' lang='grc' dir='ltr'>τὰ</span> <span class='ocrx_word' id='word_1_691' title='bbox 1171 5017 1363 5085; x_wconf 84' lang='grc' dir='ltr'>Πύθια,</span> <span class='ocrx_word' id='word_1_692' title='bbox 1416 5021 1534 5079; x_wconf 87' lang='grc' dir='ltr'>τοῖς</span> <span class='ocrx_word' id='word_1_693' title='bbox 1596 5018 1820 5091; x_wconf 77' lang='grc' dir='ltr'>θερμοῖς</span> <span class='ocrx_word' id='word_1_694' title='bbox 1861 5016 1946 5072; x_wconf 77' lang='grc' dir='ltr'><strong>ἐν-</strong></span> 
     </span>
    </p>
   </div>
   <div class='ocr_carea' id='block_1_98' title="bbox 292 5105 1950 5191">
    <p class='ocr_par' dir='ltr' id='par_1_98' title="bbox 292 5105 1950 5191">
     <span class='ocr_line' id='line_1_98' title="bbox 292 5105 1950 5191; baseline -0.011 -18"><span class='ocrx_word' id='word_1_695' title='bbox 292 5116 600 5191; x_wconf 80' lang='grc' dir='ltr'>νηζόμενος</span> <span class='ocrx_word' id='word_1_696' title='bbox 633 5110 842 5168; x_wconf 80' lang='grc' dir='ltr'>ὕδασιν.</span> <span class='ocrx_word' id='word_1_697' title='bbox 874 5110 964 5170; x_wconf 85' lang='grc' dir='ltr'>Ὡς</span> <span class='ocrx_word' id='word_1_698' title='bbox 996 5105 1041 5164; x_wconf 83' lang='grc' dir='ltr'>δ’</span> <span class='ocrx_word' id='word_1_699' title='bbox 1075 5107 1200 5169; x_wconf 76' lang='grc' dir='ltr'>ἓιλις</span> <span class='ocrx_word' id='word_1_700' title='bbox 1229 5107 1347 5163; x_wconf 78' lang='grc' dir='ltr'>εἶχε</span> <span class='ocrx_word' id='word_1_701' title='bbox 1377 5105 1664 5181; x_wconf 90' lang='grc' dir='ltr'>λουτήρων</span> <span class='ocrx_word' id='word_1_702' title='bbox 1698 5107 1787 5162; x_wconf 78' lang='grc' dir='ltr'><strong>καὶ</strong></span> <span class='ocrx_word' id='word_1_703' title='bbox 1818 5128 1950 5183; x_wconf 81' lang='grc' dir='ltr'>κρα-</span> 
     </span>
    </p>
   </div>
   <div class='ocr_carea' id='block_1_99' title="bbox 294 5193 1951 5281">
    <p class='ocr_par' dir='ltr' id='par_1_99' title="bbox 294 5193 1951 5281">
     <span class='ocr_line' id='line_1_99' title="bbox 294 5193 1951 5281; baseline -0.006 -20"><span class='ocrx_word' id='word_1_704' title='bbox 294 5208 499 5280; x_wconf 85' lang='grc' dir='ltr'>τήρων,</span> <span class='ocrx_word' id='word_1_705' title='bbox 523 5204 617 5281; x_wconf 83' lang='grc' dir='ltr'><strong>ἐρᾷ</strong></span> <span class='ocrx_word' id='word_1_706' title='bbox 645 5201 736 5259; x_wconf 85' lang='grc' dir='ltr'>καὶ</span> <span class='ocrx_word' id='word_1_707' title='bbox 771 5197 1109 5276; x_wconf 84' lang='grc' dir='ltr'>μακροτέρου</span> <span class='ocrx_word' id='word_1_708' title='bbox 1145 5201 1229 5271; x_wconf 88' lang='grc' dir='ltr'><strong>[Ρ.</strong></span> <span class='ocrx_word' id='word_1_709' title='bbox 1286 5198 1415 5269; x_wconf 80' lang='grc'><strong>342]</strong></span> <span class='ocrx_word' id='word_1_710' title='bbox 1474 5193 1668 5258; x_wconf 87' lang='grc' dir='ltr'>πλοός·</span> <span class='ocrx_word' id='word_1_711' title='bbox 1723 5194 1951 5276; x_wconf 80' lang='grc' dir='ltr'>διημφι-</span> 
     </span>
    </p>
   </div>
   <div class='ocr_carea' id='block_1_100' title="bbox 294 5281 1949 5370">
    <p class='ocr_par' dir='ltr' id='par_1_100' title="bbox 294 5281 1949 5370">
     <span class='ocr_line' id='line_1_100' title="bbox 294 5281 1949 5370; baseline -0.004 -22"><span class='ocrx_word' id='word_1_712' title='bbox 294 5288 528 5365; x_wconf 72' lang='grc' dir='ltr'>σϐήτουν</span> <span class='ocrx_word' id='word_1_713' title='bbox 577 5294 678 5370; x_wconf 70' lang='grc' dir='ltr'><strong>γὰρ</strong></span> <span class='ocrx_word' id='word_1_714' title='bbox 732 5290 880 5367; x_wconf 87' lang='grc' dir='ltr'><strong>παρά</strong></span> <span class='ocrx_word' id='word_1_715' title='bbox 942 5287 1087 5361; x_wconf 79' lang='grc' dir='ltr'>τῷδε</span> <span class='ocrx_word' id='word_1_716' title='bbox 1124 5291 1203 5359; x_wconf 82' lang='grc' dir='ltr'>τῷ</span> <span class='ocrx_word' id='word_1_717' title='bbox 1251 5281 1438 5341; x_wconf 78' lang='grc' dir='ltr'>ἀνακτι</span> <span class='ocrx_word' id='word_1_718' title='bbox 1487 5284 1577 5340; x_wconf 88' lang='grc' dir='ltr'>καὶ</span> <span class='ocrx_word' id='word_1_719' title='bbox 1644 5285 1740 5340; x_wconf 84' lang='grc' dir='ltr'><strong>ἀνά</strong></span> <span class='ocrx_word' id='word_1_720' title='bbox 1789 5286 1949 5361; x_wconf 81' lang='grc' dir='ltr'>μέρος</span> 
     </span>
    </p>
   </div>
   <div class='ocr_carea' id='block_1_101' title="bbox 290 5376 1950 5459">
    <p class='ocr_par' dir='ltr' id='par_1_101' title="bbox 290 5376 1950 5459">
     <span class='ocr_line' id='line_1_101' title="bbox 290 5376 1950 5459; baseline -0.006 -19"><span class='ocrx_word' id='word_1_721' title='bbox 290 5382 552 5459; x_wconf 79' lang='grc' dir='ltr'>ἐκράτουν</span> <span class='ocrx_word' id='word_1_722' title='bbox 585 5384 639 5438; x_wconf 74' lang='grc' dir='ltr'>αἱ</span> <span class='ocrx_word' id='word_1_723' title='bbox 672 5380 903 5456; x_wconf 81' lang='grc' dir='ltr'>ἐπίγειοι</span> <span class='ocrx_word' id='word_1_724' title='bbox 956 5379 1046 5434; x_wconf 84' lang='grc' dir='ltr'><strong>καὶ</strong></span> <span class='ocrx_word' id='word_1_725' title='bbox 1097 5376 1305 5432; x_wconf 85' lang='grc' dir='ltr'>ἐνάλιοι</span> <span class='ocrx_word' id='word_1_726' title='bbox 1365 5377 1613 5454; x_wconf 82' lang='grc' dir='ltr'>χάριτες,</span> <span class='ocrx_word' id='word_1_727' title='bbox 1672 5376 1761 5430; x_wconf 79' lang='grc' dir='ltr'><strong>καὶ</strong></span> <span class='ocrx_word' id='word_1_728' title='bbox 1805 5376 1950 5450; x_wconf 88' lang='grc' dir='ltr'>λαμ-</span> 
     </span>
    </p>
   </div>
   <div class='ocr_carea' id='block_1_102' title="bbox 285 5463 1947 5550">
    <p class='ocr_par' dir='ltr' id='par_1_102' title="bbox 285 5463 1947 5550">
     <span class='ocr_line' id='line_1_102' title="bbox 285 5463 1947 5550; baseline -0.006 -19"><span class='ocrx_word' id='word_1_729' title='bbox 285 5475 429 5550; x_wconf 70' lang='grc' dir='ltr'>πρὰν</span> <span class='ocrx_word' id='word_1_730' title='bbox 463 5469 752 5529; x_wconf 70' lang='grc' dir='ltr'>ἂνεδοῦντο</span> <span class='ocrx_word' id='word_1_731' title='bbox 781 5470 880 5540; x_wconf 77' lang='grc' dir='ltr'><strong>τήν</strong></span> <span class='ocrx_word' id='word_1_732' title='bbox 935 5468 1112 5538; x_wconf 85' lang='grc' dir='ltr'>νίκην.</span> <span class='ocrx_word' id='word_1_733' title='bbox 1167 5473 1289 5536; x_wconf 79' lang='grc' dir='ltr'><strong>Νῆα</strong></span> <span class='ocrx_word' id='word_1_734' title='bbox 1343 5466 1522 5520; x_wconf 88' lang='grc' dir='ltr'>τοίνυν</span> <span class='ocrx_word' id='word_1_735' title='bbox 1556 5463 1737 5519; x_wconf 76' lang='grc' dir='ltr'>εἷ’σιὼν</span> <span class='ocrx_word' id='word_1_736' title='bbox 1785 5486 1947 5540; x_wconf 81' lang='grc' dir='ltr'>στρα-</span> 
     </span>
    </p>
   </div>
   <div class='ocr_carea' id='block_1_103' title="bbox 281 5553 1952 5640">
    <p class='ocr_par' dir='ltr' id='par_1_103' title="bbox 281 5553 1952 5640">
     <span class='ocr_line' id='line_1_103' title="bbox 281 5553 1952 5640; baseline -0.006 -18"><span class='ocrx_word' id='word_1_737' title='bbox 281 5562 485 5640; x_wconf 83' lang='grc' dir='ltr'>τηγίδα</span> <span class='ocrx_word' id='word_1_738' title='bbox 515 5561 640 5617; x_wconf 75' lang='grc' dir='ltr'>εὐθὺ</span> <span class='ocrx_word' id='word_1_739' title='bbox 682 5564 791 5614; x_wconf 82' lang='grc' dir='ltr'><strong>τῶν</strong></span> <span class='ocrx_word' id='word_1_740' title='bbox 848 5557 1114 5630; x_wconf 79' lang='grc' dir='ltr'>νησιδίων</span> <span class='ocrx_word' id='word_1_741' title='bbox 1172 5553 1567 5625; x_wconf 78' lang='grc' dir='ltr'>διαπλωίζεται</span> <span class='ocrx_word' id='word_1_742' title='bbox 1636 5555 1668 5609; x_wconf 82' lang='grc' dir='ltr'>ἅ</span> <span class='ocrx_word' id='word_1_743' title='bbox 1716 5553 1952 5632; x_wconf 65' lang='grc' dir='ltr'>ἄγχιστα</span> 
     </span>
    </p>
   </div>
   <div class='ocr_carea' id='block_1_104' title="bbox 282 5645 1949 5728">
    <p class='ocr_par' dir='ltr' id='par_1_104' title="bbox 282 5645 1949 5728">
     <span class='ocr_line' id='line_1_104' title="bbox 282 5645 1949 5728; baseline -0.005 -15"><span class='ocrx_word' id='word_1_744' title='bbox 282 5662 385 5725; x_wconf 83' lang='grc' dir='ltr'>τῆς</span> <span class='ocrx_word' id='word_1_745' title='bbox 472 5648 877 5709; x_wconf 86' lang='grc' dir='ltr'>Κωνσταντίνου</span> <span class='ocrx_word' id='word_1_746' title='bbox 968 5646 1392 5728; x_wconf 76' lang='grc' dir='ltr'>ἀμφιρρέονται,</span> <span class='ocrx_word' id='word_1_747' title='bbox 1478 5645 1540 5701; x_wconf 87' lang='grc' dir='ltr'>τὸ</span> <span class='ocrx_word' id='word_1_748' title='bbox 1625 5647 1949 5718; x_wconf 84' lang='grc' dir='ltr'>’Δστακηνὸν</span> 
     </span>
    </p>
   </div>
   <div class='ocr_carea' id='block_1_105' title="bbox 286 5732 1955 5822">
    <p class='ocr_par' dir='ltr' id='par_1_105' title="bbox 286 5732 1955 5822">
     <span class='ocr_line' id='line_1_105' title="bbox 286 5732 1955 5822; baseline -0.001 -17"><span class='ocrx_word' id='word_1_749' title='bbox 286 5742 500 5805; x_wconf 72' lang='grc' dir='ltr'>κόλπον</span> <span class='ocrx_word' id='word_1_750' title='bbox 541 5738 694 5822; x_wconf 72' lang='grc' dir='ltr'>ἀφεὶς</span> <span class='ocrx_word' id='word_1_751' title='bbox 749 5735 1057 5817; x_wconf 59' lang='grc' dir='ltr'>περιπλεῖν</span> <span class='ocrx_word' id='word_1_752' title='bbox 1129 5737 1407 5801; x_wconf 85' lang='grc' dir='ltr'>λαίλαπος</span> <span class='ocrx_word' id='word_1_753' title='bbox 1467 5732 1515 5791; x_wconf 84' lang='grc' dir='ltr'>δ’</span> <span class='ocrx_word' id='word_1_754' title='bbox 1571 5735 1955 5814; x_wconf 82' lang='grc' dir='ltr'>ἀνεγερθείσης</span> 
     </span>
    </p>
   </div>
   <div class='ocr_carea' id='block_1_106' title="bbox 2058 4931 3709 5009">
    <p class='ocr_par' dir='ltr' id='par_1_106' title="bbox 2058 4931 3709 5009">
     <span class='ocr_line' id='line_1_106' title="bbox 2058 4931 3709 5009; baseline 0.003 -21"><span class='ocrx_word' id='word_1_755' title='bbox 2058 4931 2172 4989; x_wconf 93' lang='lat' dir='ltr'><strong>lem</strong></span> <span class='ocrx_word' id='word_1_756' title='bbox 2216 4935 2275 4989; x_wconf 90' lang='lat' dir='ltr'><strong>in</strong></span> <span class='ocrx_word' id='word_1_757' title='bbox 2335 4935 2630 4992; x_wconf 90' lang='lat' dir='ltr'><strong>Orientem</strong></span> <span class='ocrx_word' id='word_1_758' title='bbox 2688 4936 2980 5007; x_wconf 77' lang='lat' dir='ltr'><strong>profectus</strong></span> <span class='ocrx_word' id='word_1_759' title='bbox 3029 4937 3086 4993; x_wconf 94' lang='lat' dir='ltr'><strong>in</strong></span> <span class='ocrx_word' id='word_1_760' title='bbox 3146 4936 3332 4993; x_wconf 88' lang='lat' dir='ltr'><strong>reditu</strong></span> <span class='ocrx_word' id='word_1_761' title='bbox 3385 4939 3456 4994; x_wconf 89' lang='lat' dir='ltr'><strong>ad</strong></span> <span class='ocrx_word' id='word_1_762' title='bbox 3504 4936 3709 5009; x_wconf 82' lang='lat' dir='ltr'><strong>Pythia</strong></span> 
     </span>
    </p>
   </div>
   <div class='ocr_carea' id='block_1_107' title="bbox 2058 5025 3703 5099">
    <p class='ocr_par' dir='ltr' id='par_1_107' title="bbox 2058 5025 3703 5099">
     <span class='ocr_line' id='line_1_107' title="bbox 2058 5025 3703 5099; baseline 0.003 -21"><span class='ocrx_word' id='word_1_763' title='bbox 2058 5029 2503 5081; x_wconf 86' lang='lat' dir='ltr'><strong>castrametatus</strong></span> <span class='ocrx_word' id='word_1_764' title='bbox 2530 5030 2643 5093; x_wconf 90' lang='lat' dir='ltr'><strong>est,</strong></span> <span class='ocrx_word' id='word_1_765' title='bbox 2678 5030 2744 5081; x_wconf 92' lang='lat' dir='ltr'><strong>ut</strong></span> <span class='ocrx_word' id='word_1_766' title='bbox 2783 5025 2989 5082; x_wconf 87' lang='lat' dir='ltr'><strong>calidis</strong></span> <span class='ocrx_word' id='word_1_767' title='bbox 3021 5028 3191 5099; x_wconf 88' lang='lat' dir='ltr'><strong>aquis</strong></span> <span class='ocrx_word' id='word_1_768' title='bbox 3224 5026 3535 5083; x_wconf 86' lang='lat' dir='ltr'><strong>innataret.</strong></span> <span class='ocrx_word' id='word_1_769' title='bbox 3570 5026 3703 5083; x_wconf 88' lang='lat' dir='ltr'><strong>Bal-</strong></span> 
     </span>
    </p>
   </div>
   <div class='ocr_carea' id='block_1_108' title="bbox 2060 5113 3712 5189">
    <p class='ocr_par' dir='ltr' id='par_1_108' title="bbox 2060 5113 3712 5189">
     <span class='ocr_line' id='line_1_108' title="bbox 2060 5113 3712 5189; baseline 0.004 -22"><span class='ocrx_word' id='word_1_770' title='bbox 2060 5113 2186 5168; x_wconf 90' lang='lat' dir='ltr'><strong>neis</strong></span> <span class='ocrx_word' id='word_1_771' title='bbox 2216 5118 2272 5169; x_wconf 91' lang='lat' dir='ltr'><strong>et</strong></span> <span class='ocrx_word' id='word_1_772' title='bbox 2293 5116 2615 5171; x_wconf 90' lang='lat' dir='ltr'><strong>crateribus</strong></span> <span class='ocrx_word' id='word_1_773' title='bbox 2645 5115 2893 5171; x_wconf 89' lang='lat' dir='ltr'><strong>satiatus</strong></span> <span class='ocrx_word' id='word_1_774' title='bbox 2922 5115 3245 5187; x_wconf 78' lang='lat' dir='ltr'><strong>longiorem</strong></span> <span class='ocrx_word' id='word_1_775' title='bbox 3275 5115 3712 5189; x_wconf 88' lang='lat' dir='ltr'><strong>navigationem</strong></span> 
     </span>
    </p>
   </div>
   <div class='ocr_carea' id='block_1_109' title="bbox 2060 5200 3713 5274">
    <p class='ocr_par' dir='ltr' id='par_1_109' title="bbox 2060 5200 3713 5274">
     <span class='ocr_line' id='line_1_109' title="bbox 2060 5200 3713 5274; baseline 0.003 -19"><span class='ocrx_word' id='word_1_776' title='bbox 2060 5200 2429 5259; x_wconf 81' lang='lat' dir='ltr'><strong>desideravit.</strong></span> <span class='ocrx_word' id='word_1_777' title='bbox 2456 5202 2601 5257; x_wconf 90' lang='lat' dir='ltr'><strong>Nam</strong></span> <span class='ocrx_word' id='word_1_778' title='bbox 2636 5203 2694 5257; x_wconf 91' lang='lat' dir='ltr'><strong>in</strong></span> <span class='ocrx_word' id='word_1_779' title='bbox 2725 5203 2850 5274; x_wconf 90' lang='lat' dir='ltr'><strong>ejus</strong></span> <span class='ocrx_word' id='word_1_780' title='bbox 2882 5202 3080 5258; x_wconf 88' lang='lat' dir='ltr'><strong>animo</strong></span> <span class='ocrx_word' id='word_1_781' title='bbox 3110 5203 3474 5259; x_wconf 88' lang='lat' dir='ltr'><strong>terrestrium</strong></span> <span class='ocrx_word' id='word_1_782' title='bbox 3505 5207 3563 5259; x_wconf 88' lang='lat' dir='ltr'><strong>et</strong></span> <span class='ocrx_word' id='word_1_783' title='bbox 3593 5220 3713 5259; x_wconf 90' lang='lat' dir='ltr'><strong>ma-</strong></span> 
     </span>
    </p>
   </div>
   <div class='ocr_carea' id='block_1_110' title="bbox 2061 5289 3711 5364">
    <p class='ocr_par' dir='ltr' id='par_1_110' title="bbox 2061 5289 3711 5364">
     <span class='ocr_line' id='line_1_110' title="bbox 2061 5289 3711 5364; baseline 0.002 -20"><span class='ocrx_word' id='word_1_784' title='bbox 2061 5289 2325 5346; x_wconf 86' lang='lat' dir='ltr'><strong>rinarum</strong></span> <span class='ocrx_word' id='word_1_785' title='bbox 2356 5290 2715 5363; x_wconf 86' lang='lat' dir='ltr'><strong>voluptatum</strong></span> <span class='ocrx_word' id='word_1_786' title='bbox 2763 5293 3056 5364; x_wconf 86' lang='lat' dir='ltr'><strong>cupiditas</strong></span> <span class='ocrx_word' id='word_1_787' title='bbox 3088 5309 3157 5348; x_wconf 88' lang='lat' dir='ltr'><strong>ex</strong></span> <span class='ocrx_word' id='word_1_788' title='bbox 3188 5310 3351 5364; x_wconf 70' lang='lat' dir='ltr'><strong>aequo</strong></span> <span class='ocrx_word' id='word_1_789' title='bbox 3383 5293 3711 5363; x_wconf 85' lang='lat' dir='ltr'><strong>certabant,</strong></span> 
     </span>
    </p>
   </div>
   <div class='ocr_carea' id='block_1_111' title="bbox 2062 5381 3716 5440">
    <p class='ocr_par' dir='ltr' id='par_1_111' title="bbox 2062 5381 3716 5440">
     <span class='ocr_line' id='line_1_111' title="bbox 2062 5381 3716 5440; baseline 0.002 -4"><span class='ocrx_word' id='word_1_790' title='bbox 2062 5397 2218 5436; x_wconf 90' lang='lat' dir='ltr'><strong>nunc</strong></span> <span class='ocrx_word' id='word_1_791' title='bbox 2250 5381 2341 5437; x_wconf 90' lang='lat' dir='ltr'><strong>his</strong></span> <span class='ocrx_word' id='word_1_792' title='bbox 2374 5398 2529 5437; x_wconf 89' lang='lat' dir='ltr'><strong>nunc</strong></span> <span class='ocrx_word' id='word_1_793' title='bbox 2584 5381 2700 5437; x_wconf 91' lang='lat' dir='ltr'><strong>illis</strong></span> <span class='ocrx_word' id='word_1_794' title='bbox 2735 5383 3120 5440; x_wconf 82' lang='lat' dir='ltr'><strong>vincentibus.</strong></span> <span class='ocrx_word' id='word_1_795' title='bbox 3175 5382 3508 5440; x_wconf 87' lang='lat' dir='ltr'><strong>Conscensa</strong></span> <span class='ocrx_word' id='word_1_796' title='bbox 3560 5381 3716 5439; x_wconf 74' lang='lat'><strong>702</strong></span> 
     </span>
    </p>
   </div>
   <div class='ocr_carea' id='block_1_112' title="bbox 2061 5470 3721 5546">
    <p class='ocr_par' dir='ltr' id='par_1_112' title="bbox 2061 5470 3721 5546">
     <span class='ocr_line' id='line_1_112' title="bbox 2061 5470 3721 5546; baseline 0.002 -21"><span class='ocrx_word' id='word_1_797' title='bbox 2061 5470 2242 5543; x_wconf 88' lang='lat' dir='ltr'><strong>igitur</strong></span> <span class='ocrx_word' id='word_1_798' title='bbox 2257 5471 2382 5525; x_wconf 88' lang='lat' dir='ltr'><strong>navi</strong></span> <span class='ocrx_word' id='word_1_799' title='bbox 2401 5472 2775 5541; x_wconf 88' lang='lat' dir='ltr'><strong>imperatoria</strong></span> <span class='ocrx_word' id='word_1_800' title='bbox 2790 5477 2946 5528; x_wconf 88' lang='lat' dir='ltr'><strong>recta</strong></span> <span class='ocrx_word' id='word_1_801' title='bbox 2960 5472 3033 5529; x_wconf 87' lang='lat' dir='ltr'><strong>ad</strong></span> <span class='ocrx_word' id='word_1_802' title='bbox 3049 5472 3489 5546; x_wconf 86' lang='lat' dir='ltr'><strong>parvasinsulas</strong></span> <span class='ocrx_word' id='word_1_803' title='bbox 3504 5473 3721 5543; x_wconf 89' lang='lat' dir='ltr'><strong>passim</strong></span> 
     </span>
    </p>
   </div>
   <div class='ocr_carea' id='block_1_113' title="bbox 2055 5560 3726 5630">
    <p class='ocr_par' dir='ltr' id='par_1_113' title="bbox 2055 5560 3726 5630">
     <span class='ocr_line' id='line_1_113' title="bbox 2055 5560 3726 5630; baseline 0.002 -16"><span class='ocrx_word' id='word_1_804' title='bbox 2055 5560 2224 5630; x_wconf 88' lang='lat' dir='ltr'><strong>juxta</strong></span> <span class='ocrx_word' id='word_1_805' title='bbox 2245 5562 2442 5616; x_wconf 91' lang='lat' dir='ltr'><strong>urbem</strong></span> <span class='ocrx_word' id='word_1_806' title='bbox 2476 5561 2621 5617; x_wconf 84' lang='lat' dir='ltr'><strong>sitas</strong></span> <span class='ocrx_word' id='word_1_807' title='bbox 2653 5562 2982 5629; x_wconf 86' lang='lat' dir='ltr'><strong>contendit,</strong></span> <span class='ocrx_word' id='word_1_808' title='bbox 3004 5565 3354 5619; x_wconf 85' lang='lat' dir='ltr'><strong>Astacenum</strong></span> <span class='ocrx_word' id='word_1_809' title='bbox 3381 5562 3576 5620; x_wconf 87' lang='lat' dir='ltr'><strong>sinum</strong></span> <span class='ocrx_word' id='word_1_810' title='bbox 3613 5563 3726 5618; x_wconf 87' lang='lat' dir='ltr'><strong>cir-</strong></span> 
     </span>
    </p>
   </div>
   <div class='ocr_carea' id='block_1_114' title="bbox 2063 5650 3725 5721">
    <p class='ocr_par' dir='ltr' id='par_1_114' title="bbox 2063 5650 3725 5721">
     <span class='ocr_line' id='line_1_114' title="bbox 2063 5650 3725 5721; baseline 0.002 -16"><span class='ocrx_word' id='word_1_811' title='bbox 2063 5656 2427 5708; x_wconf 88' lang='lat' dir='ltr'><strong>cumvectus.</strong></span> <span class='ocrx_word' id='word_1_812' title='bbox 2475 5650 2615 5706; x_wconf 92' lang='lat' dir='ltr'><strong>Orto</strong></span> <span class='ocrx_word' id='word_1_813' title='bbox 2649 5662 2841 5706; x_wconf 79' lang='lat' dir='ltr'><strong>autem</strong></span> <span class='ocrx_word' id='word_1_814' title='bbox 2888 5651 3083 5708; x_wconf 91' lang='lat' dir='ltr'><strong>subito</strong></span> <span class='ocrx_word' id='word_1_815' title='bbox 3122 5652 3375 5721; x_wconf 88' lang='lat' dir='ltr'><strong>turbine,</strong></span> <span class='ocrx_word' id='word_1_816' title='bbox 3427 5657 3606 5709; x_wconf 83' lang='lat' dir='ltr'><strong>ﬂuctu</strong></span> <span class='ocrx_word' id='word_1_817' title='bbox 3660 5651 3725 5709; x_wconf 88' lang='lat' dir='ltr'><strong>in</strong></span> 
     </span>
    </p>
   </div>
   <div class='ocr_carea' id='block_1_115' title="bbox 2064 5738 3729 5819">
    <p class='ocr_par' dir='ltr' id='par_1_115' title="bbox 2064 5738 3729 5819">
     <span class='ocr_line' id='line_1_115' title="bbox 2064 5738 3729 5819; baseline 0 -22"><span class='ocrx_word' id='word_1_818' title='bbox 2064 5738 2250 5797; x_wconf 87' lang='lat' dir='ltr'><strong>altum</strong></span> <span class='ocrx_word' id='word_1_819' title='bbox 2304 5747 2515 5812; x_wconf 88' lang='lat' dir='ltr'><strong>erecto,</strong></span> <span class='ocrx_word' id='word_1_820' title='bbox 2571 5739 2741 5797; x_wconf 86' lang='lat' dir='ltr'><strong>navis</strong></span> <span class='ocrx_word' id='word_1_821' title='bbox 2793 5756 2827 5796; x_wconf 89' lang='lat' dir='ltr'><strong>a</strong></span> <span class='ocrx_word' id='word_1_822' title='bbox 2856 5756 3031 5813; x_wconf 89' lang='lat' dir='ltr'><strong>prora</strong></span> <span class='ocrx_word' id='word_1_823' title='bbox 3088 5741 3149 5797; x_wconf 92' lang='lat' dir='ltr'><strong>in</strong></span> <span class='ocrx_word' id='word_1_824' title='bbox 3197 5741 3446 5819; x_wconf 89' lang='lat' dir='ltr'><strong>puppim</strong></span> <span class='ocrx_word' id='word_1_825' title='bbox 3497 5741 3729 5811; x_wconf 82' lang='lat' dir='ltr'><strong>sublata</strong></span> 
     </span>
    </p>
   </div>
  </div>
