4074 6404
371 401 490 470 9H?

1695 391 2004 454 NICET/E
2046 385 2476 452 GHONIATJE

3675 382 3810 447 912

373 540 796 616 promepodum
828 533 1249 606 submergitur,
1286 531 1459 587 undis
1488 528 1747 599 undique
1777 525 2027 595 urgenti.

2141 521 2387 616 ἐξαίφνης
2417 518 2961 616 καὶμετεωρισάσης
3011 520 3074 576 τὸ
3129 522 3278 594 κῦμα
3307 519 3465 594 ὀρθὸν
3505 517 3568 574 τὸ
3597 516 3814 574 πλοίον

373 611 505 688 bus.
538 611 734 684 Nautaa
755 623 1124 689 tumultuari,
1146 620 1360 676 sudare
1381 622 1661 683 vectores,
1691 611 2014 678 vociferari,

376 729 556 778 Deum
582 721 869 790 invocare,
903 713 1218 781 suspirare,
1250 709 1401 763 clare
1429 705 1668 777 eiulare.
1714 703 2017 758 Veheban-

372 817 470 868 tur
497 809 653 866 enim
687 824 805 862 una
834 819 1038 860 omnes
1061 797 1432 871 imperatoris
1458 795 1774 852 tamiliares
1807 791 2021 847 utrius.

372 916 486 974 que
517 914 712 964 sexus,
761 901 928 951 terrae
977 891 1234 946 videndae
1265 893 1322 942 et
1363 885 1711 956 attingenda
1765 881 2021 952 cupidis-

369 969 529 1047 simi.
564 989 699 1043 Post
745 982 958 1040 multos
988 980 1221 1035 labores
1270 983 1328 1032 et
1358 974 1613 1048 pericula
1645 973 1738 1028 vix
1786 969 2024 1042 optatis-

369 1080 583 1136 simam
617 1073 900 1148 principis
931 1068 1188 1125 insulam
1223 1067 1540 1137 attingunt.
1571 1067 1644 1118 Ex
1681 1079 1769 1126 ea,
1802 1066 2025 1130 tempe-

372 1171 485 1224 tate
516 1167 736 1232 sedata,
775 1159 1204 1218 Chalcedonam
1247 1155 1571 1226 trajiciunt.
1602 1151 1712 1208 Ubi
1737 1149 2024 1220 vertigine

2126 609 2196 666 ἐκ·
2241 612 2463 687 πρώρας
2521 610 2610 666 ἐπὶ
2662 612 2911 686 πρύμναν
2943 608 3158 680 α’ίρεται
3215 609 3308 665 καὶ
3373 617 3579 688 μικροῦ
3629 628 3816 665 κατα-

2127 696 2330 768 δύεται,
2373 696 2516 756 ἔνθεν
2582 700 2674 755 καὶ
2733 697 2878 764 ἔνθεν
2943 697 3402 773 ἐπικλυζόμενον.
3463 697 3820 779 Ἑθορύϐουν

2133 787 2228 860 μὲν
2257 785 2349 842 οὗν
2379 789 2431 844 οἱ
2459 787 2754 864 πλωτῆρες
2814 789 2904 844 καὶ
2967 785 3162 863 ἱδρῶσι
3227 787 3634 864 περιερρἐντο,
3673 793 3818 868 βοαι

2131 874 2187 932 δὲ
2217 883 2326 934 τῶν
2355 876 2709 951 ἐμπλεόντων
2758 879 2846 933 καὶ
2907 876 3304 950 θεοκλυτήσεις
3359 881 3518 953 ἦσαν,
3556 879 3817 957 οἰμωγαί

2127 988 2188 1022 τε
2216 967 2306 1022 καὶ
2356 965 2627 1044 ὀλολυγαὶ
2661 965 2959 1044 διωλύγιον
3027 966 3373 1041 ἐξηκούοντο·
3407 967 3701 1027 ωνὲπλεον
3747 969 3818 1028 δὲ

2135 1057 2356 1134 βασιλεῖ
2409 1058 2576 1113 πᾶσαί
2630 1079 2689 1113 τε
2739 1057 2832 1114 καὶ
2891 1060 3083 1122 πάντες
3141 1058 3469 1132 ἐπιτήδειοι,
3559 1064 3645 1126 οἷς
3703 1065 3810 1120 καὶ

2131 1147 2360 1216 ποθεινὴ
2396 1148 2490 1220 μὶν
2529 1149 2558 1218 δ
2589 1153 2659 1222 γῆ
2689 1153 2808 1212 τοῖς
2852 1145 3156 1224 βαδίζουσι,
3202 1152 3425 1222 ποθεινὴ
3487 1148 3544 1206 δὲ
3575 1151 3668 1208 καὶ
3700 1152 3813 1208 αὗ-

2130 1241 2250 1300 τοῖς
2280 1235 2456 1293 ἐδόκει
2478 1259 2563 1302 τις
2604 1237 2870 1318 ἐντυχεῖν.
2907 1237 3100 1296 Ηολλὰ
3143 1237 3200 1296 δὲ
3255 1241 3345 1297 καὶ
3392 1249 3626 1299 παντοῖα
3685 1241 3820 1303 δια-

375 1258 566 1332 posita
595 1261 652 1312 et
701 1252 998 1325 salsugine
1032 1251 1262 1321 rejecta,
1312 1246 1630 1303 timoribus
1661 1248 1720 1300 et
1753 1239 2024 1314 periculis

377 1345 656 1405 oblivioni
685 1342 937 1409 traditis,
974 1342 1032 1395 in
1077 1340 1356 1409 Magnum
1391 1335 1674 1390 Palatium
1727 1332 2026 1387 transeunt

375 1437 446 1494 ad
478 1436 735 1492 edendos
766 1432 1050 1488 circenses
1079 1427 1249 1483 ludos
1275 1430 1333 1481 et
1363 1423 1643 1496 populum
1677 1417 2026 1491 spectaculis

374 1523 841 1582 exhilarandum.
870 1519 1091 1583 Quibus
1144 1516 1326 1571 {initis
1377 1513 1688 1584 imperator
1734 1511 1935 1566 statim
1965 1506 2026 1562 in

377 1615 730 1672 Blachernas
777 1625 840 1666 se
887 1610 1150 1664 conferre
1196 1604 1415 1661 voluit:
1467 1602 1570 1658 sed
1617 1600 1756 1672 quia
1798 1602 2030 1670 tempus

377 1700 810 1760 incommodius
839 1696 1105 1754 obstabat
1135 1695 1294 1767 (nam
1327 1691 1510 1748 nostri
1539 1687 1822 1761 temporis
1853 1687 2034 1758 impe-

381 1797 603 1848 ratores
631 1805 739 1844 nec
770 1785 1079 1842 minimam
1117 1781 1495 1838 mutationem
1527 1779 1700 1834 astris
1731 1773 2030 1832 inconsul-

386 1881 460 1938 tis
489 1876 844 1949 instituunt),
869 1875 1118 1946 primam
1141 1871 1504 1943 jejuniorum
1529 1865 1948 1924 hebdomadem
1969 1863 2030 1918 in

387 1985 603 2041 magno
619 1965 833 2040 palatio
864 1963 1018 2020 haud
1043 1977 1179 2018 sane
1211 1959 1414 2016 volens
1444 1955 1786 2031 permansit.
1810 1954 2030 2010 Utvero

383 2061 508 2116 dies
539 2064 734 2115 sextus
765 2057 837 2113 ad
862 2055 1273 2128 migrationem
1302 2068 1417 2107 non
1451 2053 1578 2107 erat
1598 2045 2027 2114 incommodus,

382 2153 534 2208 103
568 2148 884 2224 praesertim
918 2147 963 2203 si
995 2162 1063 2202 ea
1091 2159 1323 2201 summo
1357 2157 1527 2198 mane
1560 2141 1743 2204 ﬁeret,
1775 2136 2030 2194 diluculo

378 2247 516 2299 ante
545 2239 683 2297 solis
711 2244 902 2296 ortum
934 2235 1186 2292 transire
1217 2233 1570 2288 Blacbernas
1599 2228 1874 2286 instituit.
1923 2226 2031 2300 Igi-

377 2340 470 2388 tur
516 2335 574 2386 et
604 2328 858 2386 triremis
887 2327 946 2382 in
978 2323 1208 2382 ancoris
1236 2323 1307 2380 ad
1357 2321 1635 2394 palatium
1680 2320 1940 2384 ﬂuctuat,
1973 2321 2031 2373 et

377 2419 572 2476 omnis
603 2416 974 2491 imperatoris
1006 2411 1270 2479 cognatio
1297 2428 1430 2467 cum
1467 2409 1792 2466 luminibus
1838 2407 2025 2476 adest,

378 2517 439 2566 ut
467 2509 702 2581 naviget
727 2523 864 2563 una.
894 2505 1009 2562 Deo
1040 2520 1172 2561 vero
1213 2505 1575 2558 monstrante
1607 2515 1670 2555 se
1700 2513 1828 2554 esse
1858 2497 2027 2552 bora-

380 2615 508 2657 rum
547 2603 606 2655 et
635 2604 965 2669 temporum
999 2594 1326 2662 dominum,
1362 2596 1420 2646 et
1449 2608 1482 2646 a
1520 2605 1578 2645 se
1608 2589 1815 2644 itinera
1843 2585 2029 2642 homi-

379 2705 516 2747 num
548 2687 637 2744 vel
669 2686 999 2760 prosperari
1030 2682 1116 2739 vel
1148 2681 1442 2754 impediri,
1474 2678 1657 2736 solum
1689 2683 1820 2734 ante
1851 2677 2030 2748 impe-

376 2779 654 2837 ratorium
713 2775 903 2832 cubile
958 2774 1108 2830 ultro
1162 2772 1374 2827 cedens
1425 2769 1706 2842 profunde
1757 2766 2027 2831 dehiscit,

374 2885 439 2926 ac
471 2868 530 2923 id
563 2865 887 2940 periculum
941 2865 1256 2935 imperator
1286 2859 1631 2916 mirabiliter
1675 2855 1886 2913 evadit.
1917 2855 2028 2912 Sed

377 2958 524 3015 alter
551 2959 677 3028 ejus
727 2971 903 3027 gener
932 2953 1165 3008 Alexius
1218 2949 1575 3021 Palerologus
1605 2955 1658 3004 et
1689 2945 1789 3002 alii
1838 2943 2031 3016 plures

374 3046 650 3117 voragine
679 3045 781 3100 illa
801 3041 1072 3114 impliciti
1105 3040 1162 3094 in
1191 3037 1453 3095 curribus
1486 3035 1634 3092 male
1663 3032 2031 3104 afﬁciuntur;

381 3137 622 3210 quidam
661 3149 796 3190 vero
839 3130 1137 3186 eunuchus
1167 3129 1228 3184 in
1258 3129 1441 3183 imum
1493 3125 1716 3182 hiatum
1759 3123 2034 3195 delapsus

379 3225 572 3298 periit.
623 3220 769 3286 Quid
823 3221 1141 3290 imperator
1169 3235 1236 3274 ea
1281 3217 1352 3272 de
1399 3233 1458 3272 re
1516 3215 1798 3286 cogitarit,
1855 3220 1912 3270 et
1958 3233 2029 3272 an

2133 1326 2574 1392 κινδυνεύσαντες
2615 1329 2917 1406 ἀγαπητῶς
2945 1329 3039 1385 καὶ
3073 1328 3239 1404 μόλις
3297 1331 3421 1408 περὶ
3478 1335 3579 1402 τήν
3619 1335 3818 1412 Πρίγ-

2134 1441 2296 1475 κιπον
2329 1417 2712 1490 διασώζονται,
2751 1419 2810 1476 ἐκ
2868 1417 2926 1476 δὶ
2989 1422 3192 1494 ταύτης
3247 1428 3348 1478 τοῦ
3385 1425 3633 1497 κύματος
3666 1427 3820 1502 ἠρε-

2141 1510 2416 1582 μήσαντος
2493 1509 2546 1572 ἐς
2628 1507 2956 1581 Χαλκηδόνα
3039 1512 3410 1587 καταίρουσι’ν·
3498 1509 3622 1578 ἔνθα
3705 1519 3816 1570 τοῦ

2141 1596 2364 1673 ἰλίγγου
2393 1597 2663 1662 ἀνεθέντες
2703 1599 2792 1654 καὶ
2843 1600 2944 1670 τὴν
3002 1601 3187 1674 ἅλμην
3217 1600 3648 1673 ἀποπτύσαντες,
3713 1604 3814 1660 καὶ

2143 1686 2320 1758 λήθης
2357 1689 2511 1763 βυθῷ
2535 1685 2870 1762 παραδόντες
2931 1689 2998 1743 τὰ
3037 1691 3261 1769 χαλεπά
3289 1695 3392 1746 τοῦ
3423 1689 3678 1749 κινδύνου
3709 1693 3811 1750 καί

2143 1770 2370 1855 φοϐερὰ,
2403 1775 2456 1838 ἐς
2485 1778 2550 1832 τὸ
2600 1779 2742 1852 μέγα
2800 1775 3238 1854 διαπεραιοῦνται
3287 1780 3576 1851 παλάτιον,
3619 1782 3808 1855 ἀμίλ-

2143 1865 2243 1928 λας
2271 1863 2582 1928 τελὲσοντες
2597 1864 2786 1922 ’ίππων
2813 1867 2905 1922 καὶ
2937 1869 3187 1943 θεάτροις
3237 1868 3332 1926 τὸν
3393 1867 3572 1945 δῆμον
3602 1869 3806 1944 δεξιω-

2143 1955 2386 2028 σόμενοι.
2422 1958 2512 2018 Ὠς
2543 1955 2634 2011 οὗν
2683 1955 2900 2034 εἰλήφει
2947 1954 3112 2032 πέρας
3175 1959 3263 2014 καὶ
3329 1957 3477 2033 τάδε,
3539 1960 3807 2037 βασιλεὺς

2145 2045 2238 2118 μὲν
2267 2042 2522 2110 ἀπελθεῖν
2557 2043 2611 2108 ἐς
2643 2044 2960 2122 Βλαχέρνας
2992 2047 3183 2104 αὐτίκα
3213 2047 3398 2120 ἤθελε,
3459 2057 3559 2121 τῆς
3605 2049 3662 2107 δὲ
3683 2059 3800 2108 τῶν

2139 2134 2432 2208 Ῥωμαίων
2470 2134 2722 2212 ἀκαιρίας
2750 2138 3192 2212 προσισταμένης
3245 2139 3322 2212 (οἱ
3377 2139 3478 2216 γάρ
3537 2139 3589 2204 ἐς
3643 2144 3804 2215 ἡμᾶς

2139 2226 2539 2301 αὐτοκράτορες
2564 2225 2656 2282 καὶ
2726 2225 2894 2302 μέχρι
2951 2227 3382 2302 βηματίσαιτῆν
3437 2234 3549 2286 τῶν
3588 2229 3809 2306 ἄστρων

2138 2315 2280 2371 θέσιν
2357 2315 2827 2391 περιεργάζονται)
2883 2320 2982 2388 τήν
3058 2319 3285 2393 πρώτην
3367 2325 3476 2376 τῶν
3534 2329 3809 2392 νηστειῶν

2137 2400 2418 2478 ἑϐδομάδα
2447 2410 2526 2479 τῷ
2561 2405 2784 2482 μεγάλῳ
2813 2404 3066 2481 παλατίῳ
3094 2411 3423 2483 προσέμενεν
3455 2411 3567 2486 οὐχ
3639 2413 3807 2472 ἑκών.

2133 2503 2224 2557 Ὠς
2257 2493 2303 2550 δ’
2339 2495 2407 2564 ἦν
2475 2497 2510 2565 ἡ
2557 2491 2684 2566 ἕκτη
2737 2499 2847 2550 τῶν
2914 2498 3140 2572 ἡμερῶν
3202 2497 3300 2554 οὐκ
3354 2499 3612 2576 ἀνάρσιος
3663 2505 3808 2578 πρὸς

2141 2580 2460 2658 μετάϐασιν,
2489 2585 2582 2640 καὶ
2634 2583 2982 2660 μάλιστατῷ
3043 2587 3238 2662 βαθέος
3295 2584 3502 2665 ὄρθρου
3549 2603 3806 2666 μεθιστπ-

2143 2675 2312 2750 μένῳ,
2368 2669 2504 2750 ἔγνω
2565 2675 2988 2749 μεταναστεῦσαι
3042 2683 3294 2754 κνεφαῖος
3331 2680 3423 2734 καὶ
3467 2683 3638 2752 μήπω
3690 2687 3798 2737 τοῦ

2137 2763 2302 2836 ἡλίου
2339 2763 2746 2840 διασπείραντος
2784 2765 2881 2828 τὰς
2913 2766 3132 2829 ἀκτῖνας
3186 2767 3283 2830 τάς
3342 2767 3663 2846 Βλαχέρνας
3690 2793 3799 2826 κα-

2137 2849 2414 2914 ταλαϐεῖν,
2445 2856 2516 2911 Ἣ
2572 2875 2632 2910 τε
2690 2856 2783 2910 οὗν
2839 2857 3073 2931 τριήρης
3119 2858 3266 2932 παρά
3293 2862 3414 2920 ταῖς
3446 2859 3632 2923 ἀκταῖς
3684 2867 3801 2916 τῶν

2140 2945 2378 3022 ἀρχείων
2431 2943 2672 3015 ἐσάλευε,
2726 2945 2817 3000 καὶ
2865 2946 2928 3000 τὸ
2983 2947 3228 3022 συγγενὲς
3282 2948 3422 3003 ’ἅπαν
3473 2955 3565 3004 τοῦ
3629 2949 3788 3022 βασι-

2145 3036 2285 3098 Λέως
2307 3037 2431 3110 παρ’
2463 3033 2624 3090 αὐτὸν
2689 3036 2823 3108 μετὰ
2879 3037 3074 3116 φώτων
3137 3035 3448 3108 συνήλιστο,
3499 3036 3788 3110 σύμπλουν

2144 3125 2422 3200 ἐσόμενονο
2459 3128 2559 3180 τοῦ
2610 3129 2746 3180 Θεοῦ
2805 3124 2862 3180 δὲ
2920 3123 3225 3192 δεικνύντος
3282 3128 3359 3192 ὡς
3411 3127 3593 3202 κύριός
3650 3125 3804 3184 ἐστιν

2144 3214 2302 3290 ὡρῶν
2336 3215 2424 3268 καὶ
2457 3215 2673 3290 χρόνων
2706 3214 2888 3288 αὐτὸς,
2949 3215 3037 3271 καὶ
3093 3217 3223 3294 παρ’
3274 3217 3440 3273 αὐτοῦ
3481 3219 3810 3283 κατευθύνεο

379 3275 570 3298 ι-τ--η-
631 3275 766 3286 νη
912 3275 930 3290 .
1586 3275 1615 3286 ν
1785 3275 1795 3283 .

379 3312 694 3373 consilium
727 3309 989 3371 mutarit,
1023 3309 1214 3364 dicere
1245 3305 1402 3362 nullo
1435 3305 1607 3362 modo
1639 3321 1902 3377 possum.

2194 3275 2202 3290 .
2460 3275 2510 3290 η.
2856 3275 2888 3288 ν,
3175 3275 3186 3294 .
3650 3275 3670 3283 -

2141 3325 2230 3360 ται
2262 3303 2371 3360 ε’ἰτε
2413 3304 2520 3377 μὴν
2569 3301 2960 3377 συμποδίζεται
3016 3303 3082 3360 τά
3136 3327 3296 3362 τινων
3351 3302 3690 3382 διαδήματα,
3743 3309 3812 3364 τὸ

382 3404 542 3472 Quod
565 3417 696 3458 vero
727 3416 758 3457 θ
785 3398 1025 3471 vestigio
1058 3401 1432 3454 consecutum
1465 3400 1575 3464 est,
1610 3395 1878 3452 referam.

2142 3394 2248 3469 πρὸ
2274 3397 2376 3458 τῆς
2435 3391 2714 3468 βασιλείου
2769 3391 2964 3466 κλίνης
3015 3391 3250 3451 δάπεδον
3296 3395 3625 3470 αὐτομάτως
3669 3398 3815 3454 ὕπο-

379 3492 530 3570 χαλᾷ
558 3489 649 3544 καὶ
681 3487 759 3551 εἷς
791 3487 981 3563 χάσμα
1009 3487 1203 3548 ἱκανῶς
1237 3483 1587 3559 διανοίγεται.
1621 3482 1718 3540 Καὶ
1753 3482 2008 3557 βασιλεὺς
2044 3487 2137 3560 μὲν
2159 3480 2604 3560 παραδόξως,τοῦ
2633 3479 2888 3538 κινδύνου
2919 3481 3358 3560 ῥύετυαι,ὁίτερος
3389 3482 3447 3541 δὲ
3467 3490 3574 3541 τῶν
3602 3490 3804 3543 τοῦτον

379 3569 643 3657 γαμϐρῶν
681 3579 709 3633 6
750 3574 1138 3652 Παλαιολόγος
1171 3572 1409 3644 ’Δλέξιος
1439 3573 1531 3628 καὶ
1562 3571 1754 3650 συχνοὶ
1797 3571 1962 3628 ἄλλοι
2002 3573 2307 3650 ἐνίσχονται
2362 3576 2442 3644 τῷ
2500 3569 2830 3646 διαστήματι
2869 3571 2962 3628 καὶ
3005 3575 3285 3654 πάσχουσι
3315 3579 3499 3640 κακῶς
3528 3577 3595 3632 τά
3628 3577 3812 3654 βάθρα

379 3675 479 3728 τοῦ
510 3673 784 3744 σώματος’
820 3669 902 3732 εἷς
931 3663 989 3722 δέ
1017 3687 1101 3729 τις
1132 3663 1389 3739 ἐκτομίας
1410 3663 1502 3719 καὶ
1533 3661 1828 3734 ἐτεθνήκει,
1862 3664 1938 3726 εἷς
1969 3664 2034 3720 τὸ
2077 3665 2330 3741 βάθιστον
2369 3665 2468 3718 τοῦ
2500 3663 2786 3738 χάσματος
2813 3659 3070 3726 καταδύς.
3105 3663 3239 3722 Οἳαν
3271 3665 3370 3738 μὲν
3405 3666 3499 3721 οὗν
3521 3661 3730 3721 ἔννοιαν
3766 3667 3807 3738 ἢ

385 3764 673 3838 μετάνοιαν
706 3759 792 3816 ἐπὶ
820 3759 1040 3824 τούτοις
1070 3755 1296 3834 εἳληφεν
1329 3758 1358 3813 6
1389 3760 1628 3830 κρατῶν,
1669 3753 1925 3828 οὐδαμῶς
1952 3751 2070 3836 ἔχω
2110 3753 2396 3826 ἐπεξιέναι·
2429 3756 2460 3810 6'
2491 3752 2549 3810 δὶ
2576 3755 2713 3810 κατᾶ
2751 3752 2925 3818 πόδας
2953 3753 3392 3830 ἐπηκολούθησε,
3413 3779 3576 3814 τουτο
3607 3756 3675 3831 δὴ
3708 3777 3809 3832 καὶ

375 3857 446 3927 τῇ
480 3852 694 3928 ίστορίᾳ
727 3847 1108 3926 παραδίδωμι.

453 3944 509 4002 7.
541 3942 756 3999 Habuit
782 3941 1015 3998 Alexius
1066 3939 1296 3996 tertiam
1339 3953 1565 4010 quoque
1604 3935 1809 4007 ﬁliam,
1851 3937 2033 3994 Eudo-

385 4033 534 4090 ciam
578 4031 845 4100 nomine;
879 4046 1050 4102 quam
1101 4029 1229 4101 ipso
1279 4027 1468 4085 adhuc
1517 4027 1918 4083 Andronicum
1975 4027 2034 4082 fu

383 4123 578 4197 giente
594 4126 654 4179 et
681 4121 830 4194 apud
857 4119 1180 4177 Ismaelitas
1204 4122 1261 4174 et
1283 4118 1343 4172 in
1361 4116 1667 4173 Palaestina
1700 4117 2034 4173 “Haber-

382 4221 546 4294 rante
601 4215 844 4284 patruus
899 4208 1147 4265 Isaacius
1211 4207 1505 4280 Stephano
1555 4206 1675 4262 tilio
1723 4205 2035 4263 Neemanis

384 4301 718 4374 despondit,
750 4299 1133 4356 Triballorum
1165 4297 1434 4370 principi.
1487 4299 1699 4352 Verum
1729 4296 1780 4352 is
1828 4297 2035 4368 exiguo

385 4401 640 4462 tempore
669 4391 731 4447 in
781 4389 1111 4461 principatu
1145 4390 1345 4444 exacto
1377 4386 1438 4442 in
1486 4386 1718 4458 Papicio
1749 4391 1943 4442 monte
1975 4385 2037 4442 ﬁt

2219 3937 2279 4005 ζ’.
2312 3938 2408 4008 Τῷ
2441 3935 2661 4010 βασιλεῖ
2685 3933 2830 4008 τῷδε
2857 3935 2947 3991 καὶ
3003 3936 3160 4012 τρίτη
3221 3937 3463 4014 θυγάτηρ
3495 3939 3584 4010 ἦν,
3615 3937 3813 3996 Εύδο..

2143 4025 2236 4080 κία
2272 4023 2537 4098 τοῦνομα.
2576 4023 2790 4094 Ταύτην
2842 4021 2920 4080 ἔτι
2983 4030 3084 4081 τοῦ
3139 4028 3392 4092 τεκόντος
3446 4025 3813 4106 ’Δνδρόνικον

2146 4112 2595 4191 ἐκδιδράσκοντος
2633 4114 2991 4189 Ἰσμαηλίτας
3046 4137 3106 4172 τε
3148 4117 3240 4174 καὶ
3298 4117 3667 4192 Παλαιστίνην
3708 4142 3819 4177 πε-

2151 4206 2384 4280 ριιόντος
2411 4203 2691 4277 πλάνητος
2757 4207 2785 4260 6
2844 4204 3233 4285 πατράδελφος
3265 4209 3538 4272 Ἰσαάκιος
3565 4209 3640 4266 ἐνὶ
3697 4215 3818 4267 τῶν

2147 4293 2355 4352 παίδων
2387 4291 2652 4351 ἐκδέδωκε
2714 4299 2796 4368 τῷ
2848 4297 3102 4374 Στεφάνῳ
3158 4301 3260 4353 τοῦ
3317 4300 3552 4374 Νεεμάν·
3639 4301 3710 4370 ἦν
3767 4299 3823 4358 δ’

2149 4387 2310 4448 οὗτος
2336 4384 2563 4464 ἡγεμὼν
2587 4389 2694 4440 τῶν
2725 4380 3087 4462 Τριϐαλλῶν.
3143 4385 3308 4446 Ἀλλ’
3337 4390 3366 4444 6
3399 4393 3483 4464 [Ρ.
3527 4393 3656 4464 343]
3717 4392 3824 4466 μὲν

385 4483 726 4538 monachus.
793 4479 970 4535 Filius
1027 4494 1160 4535 vero
1211 4479 1336 4549 ejus
1383 4477 1581 4534 eodem
1629 4476 1869 4533 nomine
1913 4480 2028 4532 Ste-

2151 4477 2362 4553 βραχὺν
2403 4474 2684 4550 ἐπιμείνας
2711 4479 2780 4549 τῇ
2813 4475 2963 4552 ἀρχῇ
3013 4477 3216 4557 χρόνον
3262 4479 3325 4534 τὸ
3357 4475 3486 4554 ὄρος
3517 4480 3690 4536 ἄνεισι
3748 4484 3822 4539 τὸ

384 4533 1527 4644 plna—rius—paternmusatrapiae
1577 4564 1810 4622 domina
1857 4564 2028 4622 decla-

2151 4533 2200 4553 ιι
2262 4533 2300 4552 Α.
2500 4533 2510 4550 ι
2670 4533 2680 4538 τ
2757 4533 2780 4549 ι·
2851 4533 2963 4552 ιη...
3017 4533 3071 4557 Α.
3308 4533 3315 4534 κ
3368 4533 3689 4554 πίννη---ί-
3763 4533 3818 4539 ν-

2148 4565 2426 4622 Παπύκιον
2482 4565 2573 4620 καὶ
2635 4565 2754 4642 βίον
2823 4565 3003 4622 ὕπεισι
3059 4567 3154 4622 τὸν
3226 4567 3545 4644 μοναδικόν⁹
3606 4572 3633 4626 ὁ
3668 4569 3727 4627 δὲ
3761 4575 3820 4628 ot

383 4667 506 4718 rata
536 4659 800 4733 plusculo
860 4667 1118 4732 tempore
1151 4661 1348 4713 exacte
1395 4655 1607 4712 liberos
1655 4672 1722 4710 ex
1747 4671 1813 4711 ea
1862 4654 2028 4712 susci-

2145 4655 2263 4718 u'toq
2325 4652 2593 4732 Στέφανος
2644 4653 2968 4734 κληροῦχον
3025 4663 3126 4727 τῆς
3185 4660 3442 4734 πατρῴας
3482 4660 3822 4737 σατραπείας

381 4751 486 4826 pit.
530 4752 637 4808 Sed
668 4754 898 4821 tempus
924 4751 1119 4806 omnia
1147 4749 1421 4804 innovare
1450 4750 1507 4802 et
1547 4751 1820 4817 perpetuo
1852 4743 2028 4800 dissi-

2141 4746 2235 4816 τὴν
2283 4742 2551 4802 Εύδοκίαν
2615 4740 2824 4809 δεικνὺς
2881 4745 3079 4814 ἡλίους
3135 4747 3377 4824 συχνοὺς
3464 4747 3816 4825 ἐξεμέτρησε,

381 4843 740 4902 militudines
799 4841 1070 4898 inducere
1129 4837 1360 4895 solitum
1414 4836 1618 4892 ambos
1677 4851 1710 4890 a
1786 4834 2028 4906 pristina

2141 4837 2229 4891 καὶ
2259 4833 2468 4892 παίδων
2517 4833 2566 4905 ἐξ
2629 4833 2794 4904 αὐτῆς
2865 4835 3048 4892 ἀκούει
3106 4839 3310 4913 πατήρ.
3366 4840 3707 4915 Καινοτόμος
3761 4838 3818 4897 δ’

383 4935 794 5006 conjunctione
845 4940 899 4988 et
929 4927 1315 4988 consensione
1368 4927 1672 4999 disjungit,
1705 4942 1812 4982 nec
1856 4926 1916 4980 in
1963 4941 2028 4982 eo

2141 4920 2214 4980 ὤν
2249 4926 2276 4981 6
2307 4925 2509 5000 χρόνος
2557 4925 2648 4979 καὶ
2697 4920 3010 5000 προϐολεὺς
3058 4930 3167 4982 τῶν
3227 4928 3507 5002 ἀνομοίων
3563 4929 3811 4998 ἅληκτος

385 5039 629 5082 numero
688 5039 815 5080 esse
872 5022 1088 5094 patitur
1133 5034 1276 5092 quos
1339 5019 1568 5090 Lyricus
1625 5016 1716 5072 his
1767 5016 2028 5072 versibus

2141 5013 2407 5085 διίστησιν
2468 5013 2809 5091 ἀμφοτέρους
2865 5021 2968 5084 τῆς
3034 5017 3161 5092 πρὶν
3220 5017 3475 5089 ἐνότητος
3521 5019 3604 5072 καί
3652 5036 3798 5086 συμ-

385 5113 678 5170 celebrat:
734 5133 758 5166 σι
795 5111 1012 5184 Felices
1068 5115 1156 5167 ter
1208 5113 1267 5166 et
1321 5106 1576 5178 amplius
1624 5122 1768 5177 quos
1811 5107 2028 5178 irrupta

2141 5105 2354 5173 πνοίας,
2387 5103 2486 5159 ούκ
2543 5101 2674 5179 ἄχρι
2731 5109 2840 5159 τῶν
2898 5104 3147 5181 ἐσχάτων
3198 5109 3473 5166 ἀναπνοῶν
3521 5105 3794 5181 συμφυίαν

383 5206 542 5258 tenet
571 5200 800 5272 copula,
852 5215 960 5255 nec
1001 5198 1167 5254 malis
1222 5197 1482 5253 divulsus
1512 5194 1890 5267 querimoniis
1933 5210 2028 5250 su-

2141 5194 2331 5271 παρεὶς
2365 5193 2674 5262 ἀνόθευτον,
2729 5192 2760 5248 6'
2815 5199 2931 5258 τοῖς
2990 5195 3250 5274 ἐχέφροσι
3295 5197 3591 5270 συζυγίταις
3647 5191 3812 5267 πλή-

384 5306 588 5363 prema
645 5291 816 5344 citius
870 5289 1039 5344 solvit
1097 5303 1262 5343 amor
1313 5287 1424 5343 die.
1487 5307 1514 5334 »
1546 5285 1690 5340 Nam
1723 5284 1819 5340 ille
1868 5283 2028 5340 uxori

2143 5303 2302 5359 ρωμα
2329 5289 2433 5352 τῆς
2491 5281 2843 5358 ἀνθρωπίνης
2908 5282 3263 5360 εύδαίμονίας
3289 5287 3548 5364 κρίνεται.
3579 5283 3815 5344 Οὓκοῦν

385 5377 672 5452 pruritum
726 5376 1000 5444 libidinis,
1041 5394 1106 5432 ea
1153 5383 1352 5432 contra
1399 5375 1605 5430 marito
1663 5375 2028 5431 bibacitatem

2142 5374 2170 5428 6
2204 5373 2298 5446 μὲν
2322 5375 2390 5444 τῇ
2429 5371 2640 5446 γυναικὶ
2687 5370 2930 5441 ἐνεκάλει
2983 5375 3076 5430 τὸν
3131 5382 3234 5446 τῆς
3295 5373 3607 5452 ψωρώδους
3638 5376 3822 5451 ἀκρα-

382 5485 414 5523 a
447 5467 632 5538 primo
662 5467 917 5524 diluculo
955 5475 1010 5523 et
1041 5466 1282 5521 aliarum
1333 5464 1635 5520 mulierum
1670 5463 2028 5522 consuetudi-

2142 5462 2258 5522 σίας
2290 5459 2622 5535 ὀδαξησμὸν,
2657 5463 2691 5531 ἡ
2740 5459 2798 5516 δὲ
2848 5462 3034 5540 τάνδρὶ
3092 5434 3504 5540 προσῆπτειτὸν
3535 5434 3722 5528 εὐθὺςι
3757 5465 3823 5540 ἐξ

383 5571 522 5614 nem
551 5555 881 5625 objiciebat.
933 5557 1014 5611 Ita
1044 5555 1286 5610 dissidio
1317 5554 1560 5611 subinde
1589 5560 1883 5613 crescente
1914 5555 2035 5610 Ste-

376 5646 613 5716 phanus
659 5647 1020 5704 barbaricum
1080 5645 1385 5701 consilium
1427 5645 1534 5700 init
1562 5653 1730 5716 atque
1774 5643 2034 5716 exsequi-

369 5741 484 5792 tur.
523 5733 670 5792 Nam
713 5739 831 5796 sive
861 5734 1111 5794 conﬁcto
1153 5734 1270 5793 sive
1316 5749 1446 5792 vere
1490 5734 1717 5808 objecta
1763 5733 2032 5790 adulterii

2141 5551 2424 5628 ἐωσφόρου
2451 5550 2798 5625 ἀκροχάλικα
2828 5553 2919 5608 καί
2949 5555 3010 5609 τὸ
3046 5556 3122 5628 μὴ
3178 5556 3358 5611 πίνειν
3418 5555 3588 5612 ὕδατα
3619 5555 3671 5626 ἐξ
3726 5555 3828 5610 οἷ’-

2140 5641 2300 5697 κείων
2332 5640 2570 5718 ἀγγείων
2629 5639 2718 5696 καὶ
2777 5641 2838 5695 τὸ
2889 5643 3137 5722 κρυφίων
3176 5641 3360 5719 ἄρτων
3404 5643 3828 5720 ἐμπίπλασθαι,

2143 5732 2248 5791 Καὶ
2277 5726 2684 5810 προϐαινούσης
2713 5729 2858 5788 οὕτω
2889 5739 2989 5806 τῆς
3049 5732 3335 5799 διχονοίας
3394 5735 3614 5794 ἆεὶ.ἐπὶ
3674 5735 3837 5814 μέγα
