4074 6386
252 415 379 481 913.

1136 403 1238 466 DE
1279 404 1581 466 ALEXIO
1625 404 1917 466 ISAACII
1960 400 2262 467 ANGELI
2308 403 2431 464 FB.
2480 403 2631 465 LIB.
2680 401 2787 464 III.

3554 403 3677 464 914

255 543 539 604 σκέπτεταί
576 564 629 599 τι
692 536 1114 618 βαρϐαρώτερον
1170 533 1333 613 ἔργον
1386 538 1415 593 ὁ
1474 538 1770 613 Στέφανος,
1822 539 1913 593 καὶ

2030 540 2298 607 crimine,
2328 538 2645 596 Eudociam
2670 537 2832 595 omni
2880 537 3095 594 vestitu
3133 536 3408 594 muliebri
3433 538 3669 612 spoliat,

257 638 387 694 αὐτὸ
452 635 679 709 μέτεισι’
739 630 1090 703 πλασάμενος
1146 628 1271 705 γὰρ,
1327 629 1454 697 ἢτοι
1527 628 1617 683 καὶ
1674 628 1916 701 φάμενος

258 726 505 797 ἂληθῶς,
537 720 946 798 μοιχευομένην
996 716 1209 773 ἁλῶναι
1265 718 1364 787 τὴν
1416 714 1679 773 Εύδοκίαν
1714 719 1915 782 παντὸς

256 817 567 892 ἀπογυμνοῖ
632 807 1054 888 περιϐλήματος
1133 805 1462 883 γυναικείου,
1519 808 1613 861 τὸν
1678 802 1914 883 ἔσχατον

259 907 397 982 σύτῇ
446 906 536 962 καὶ
590 900 889 961 λεπταλέον
939 904 1151 979 χιτῶνα
1203 898 1370 973 μόνον
1429 895 1770 967 καταλιπὼν,
1824 899 1912 953 καὶ

257 1002 447 1052 τοῦτον
488 993 677 1067 κύκλῳ
713 989 1075 1066 περικοπέντα
1121 988 1197 1052 ὡς
1249 986 1412 1060 μόλις
1442 985 1817 1060 περιστέλλειν
1848 988 1913 1042 τὰ

256 1091 366 1142 τῶν
401 1082 584 1159 μελῶν
615 1084 935 1157 ἀσχήμονα,
986 1078 1076 1134 καὶ
1138 1075 1415 1153 διαφίησιν
1456 1071 1628 1138 οὕτως
1678 1075 1910 1149 ἀτίμως,

255 1169 377 1229 ἔνθα
424 1172 514 1228 καὶ
573 1169 820 1247 διοργῴη
866 1168 1208 1243 πορεύεσθαι.
1264 1166 1406 1241 Πρὸς
1455 1162 1513 1219 δὲ
1554 1166 1781 1235 ταυτηνὶ
1810 1167 1911 1233 τὴν

253 1262 446 1339 πρᾶξιν
497 1261 596 1330 τήν
648 1255 822 1321 ὅντως
870 1256 1099 1331 ἄσεμνον
1150 1256 1241 1311 καὶ
1288 1254 1569 1327 ἀπότομον
1601 1254 1692 1311 καὶ
1721 1256 1821 1324 τὴν
1854 1254 1911 1309 ὑ-

252 1352 526 1427 πέρογκον
573 1347 912 1423 ἀμυντηρίάν
958 1348 986 1401 6
1031 1344 1267 1421 ἁδελφὸς
1313 1344 1567 1407 ἀντιστὰς
1616 1340 1828 1406 Βόλκος
1858 1341 1914 1405 ἔς

252 1461 313 1496 τε
366 1441 429 1494 τὸ
487 1439 852 1514 ἀπάνθρωπον
907 1437 1043 1506 ἦθος
1117 1431 1361 1489 ὠνείδισε
1401 1433 1496 1489 τὸν
1559 1431 1910 1507 κασίγνητον,

258 1527 707 1603 μοαρμοσθῆναί
758 1547 818 1581 τε
867 1529 970 1591 τῆς
1020 1525 1194 1599 ὀργῆς
1238 1522 1332 1578 καὶ
1378 1521 1694 1601 καθυφεῖναί
1731 1544 1784 1578 τι
1820 1543 1912 1596 μι-

251 1619 383 1693 κρὸν
429 1618 823 1685 καθικέτευσαν,
859 1611 1123 1670 ἀπιδόντα
1176 1613 1314 1689 πρὸς
1369 1613 1433 1667 τὸ
1491 1609 1783 1689 μεγαλεῖον
1812 1616 1913 1668 τοῦ

253 1706 442 1784 γένους
499 1713 601 1777 τῆς
659 1702 929 1767 Σύδοκίας
987 1703 1079 1759 καὶ
1136 1702 1323 1758 ἑαυτὸν
1374 1699 1433 1757 δὲ
1470 1700 1908 1777 οῗκτειρήσαντα,

250 1798 615 1874 γενησόμενον
657 1796 833 1857 οὓτως
882 1792 966 1850 ἐπ’
1020 1793 1336 1867 ἀσχήμοσιν
1392 1788 1577 1867 ἔργοις
1624 1788 1907 1865 ἀοίδιμον.

2022 630 2145 686 sola
2173 631 2334 686 tenui
2369 628 2623 685 interula
2654 627 2875 696 relicta,
2897 644 3083 699 eaque
3111 627 3371 699 undique
3403 628 3667 700 pracisa,

2023 726 2083 775 ut
2115 720 2206 775 vix
2237 719 2542 791 pudendas
2584 724 2774 790 partes
2818 721 3059 789 tegeret,
3089 720 3263 787 atque
3305 717 3384 771 ita
3413 716 3669 788 ignomi-

2022 808 2185 865 nioso
2217 825 2332 880 quo
2384 807 2617 863 libitum
2666 811 2822 863 esset
2879 806 3038 862 abire
3096 805 3253 863 sinit.
3290 805 3432 861 Huic
3484 823 3670 878 pana

2021 902 2141 953 tam
2175 898 2518 963 inhonesta,
2537 898 2683 953 705
2710 896 2887 952 atroci
2912 900 2970 951 et
3001 895 3332 951 immodica
3355 896 3668 966 fraterejus

2027 986 2231 1043 Volcus
2262 987 2569 1043 intercedit
2595 1012 2609 1054 ;
2642 992 2699 1042 et
2716 987 3017 1056 objurgata
3044 986 3174 1056 ejus
3208 985 3666 1055 inhumanitate,

2020 1079 2146 1131 orat
2172 1079 2235 1130 ut
2285 1076 2549 1146 deposita
2578 1077 2879 1131 iracundia
2926 1074 3097 1147 paulo
3129 1074 3479 1131 clementius
3509 1079 3665 1147 agat,

2017 1163 2219 1219 habita
2250 1164 2470 1219 ratione
2501 1164 2749 1219 illustris
2781 1165 3011 1237 generis
3070 1164 3358 1231 Eudocia,
3402 1167 3460 1220 et
3495 1164 3663 1220 fama

2017 1269 2132 1310 sua
2166 1253 2453 1322 consulat,
2488 1271 2553 1309 ac
2586 1259 2812 1309 tantam
2845 1253 3181 1327 ignominia
3213 1253 3405 1309 labem
3437 1257 3660 1311 caveat.

2016 1344 2126 1399 Sed
2158 1358 2292 1399 cum
2342 1343 2606 1414 pertinax
2652 1347 2708 1398 et
2766 1342 3135 1414 implacabile
3174 1343 3303 1413 ejus
3360 1342 3663 1415 ingenium

2016 1448 2246 1489 movere
2278 1449 2393 1489 non
2427 1435 2644 1505 posset,
2678 1432 2801 1504 ipse
2859 1431 3175 1487 Eudociam
3208 1432 3293 1487 ita
3325 1441 3661 1505 susceptam

2016 1525 2081 1578 ut
2099 1521 2361 1595 dignitas
2392 1522 2521 1592 ejus
2541 1520 2899 1593 postulabat,
2926 1520 3311 1593 Dyrrachium
3336 1524 3661 1593 perducen-

2013 1612 2149 1668 dam
2180 1618 2358 1667 curat.
2392 1611 2514 1675 Quo
2544 1625 2686 1667 casu
2708 1610 2941 1682 cognito
2974 1614 3141 1682 pater
3169 1609 3351 1665 ﬁliam
3377 1609 3579 1666 lectica
3610 1618 3667 1665 et

2012 1701 2374 1759 ornamentis
2406 1700 2795 1757 muliebribus
2852 1699 3077 1767 missis,
3101 1699 3161 1754 in
3222 1701 3371 1755 ades
3402 1716 3540 1757 suas
3570 1716 3662 1756 re-

2013 1792 2173 1865 cipit.
2205 1791 2488 1847 Caterum
2520 1807 2592 1846 ne
2615 1790 2675 1845 bi
2709 1790 2950 1864 quidem
2990 1789 3305 1845 Neemanis
3337 1788 3438 1844 filii
3488 1788 3663 1861 longo

254 1887 374 1945 Ούκ
401 1881 548 1964 ἔχων
581 1882 638 1940 δὲ
679 1882 770 1940 καί
818 1882 1018 1938 πείθειν
1048 1882 1122 1944 ὡς
1150 1883 1251 1951 τὴν
1283 1881 1515 1959 γνώμην
1545 1881 1774 1953 ἀκαμπῆ
1816 1883 1906 1937 καὶ

2025 1890 2273 1955 tempore
2312 1882 2629 1939 concordes
2664 1885 3138 1953 permanserunt,
3172 1881 3271 1937 sed
3334 1881 3663 1937 inimicitiis

254 1974 664 2049 δυσμείλικτον,
696 1973 859 2036 αὐτὸς
904 1974 1007 2042 τὴν
1056 1968 1324 2027 Εύδοκίαν
1372 1972 1765 2046 προσηκούσης
1811 1992 1906 2026 κο-

259 2063 422 2140 μιδῆς
480 2064 715 2134 ἀξιώσας
767 2059 1109 2138 παραδίδωσι
1181 2066 1299 2123 τοῖς
1352 2061 1613 2132 ἀπάξουσι
1671 2058 1904 2123 δεόντως

255 2155 331 2216 εἷς
382 2154 445 2209 τὸ
499 2152 830 2230 Δυρράχιον.
893 2152 1092 2210 Μαθὼν
1148 2149 1206 2207 δὲ
1261 2151 1325 2208 τὸ
1382 2151 1607 2228 γεγονὸς
1639 2152 1668 2206 6
1699 2151 1904 2227 πατὴρ,

252 2246 472 2318 πέμψας
531 2241 910 2322 ἀμφικέφαλον
984 2237 1244 2316 καθέδραν
1305 2240 1395 2297 καὶ
1452 2241 1697 2316 κόσμους
1752 2259 1907 2316 περι-

255 2332 536 2411 δεῤῥαίόυς
568 2331 744 2395 ἄλλας
772 2353 831 2389 τε
884 2330 1328 2407 λαμπρειμονίας
1362 2331 1649 2407 βασιλικάς
1682 2329 1908 2387 εἰσοικί-

255 2429 400 2494 ζεται
446 2424 546 2493 τήν
602 2418 888 2497 θυγατέρα.
951 2419 1104 2489 Πλὴν
1166 2418 1293 2476 οὐδὲ
1347 2425 1447 2475 τοῦ
1494 2421 1703 2493 Νεεμᾶν
1760 2421 1909 2476 οὗτοι

258 2512 367 2567 υἱοὶ
416 2508 625 2588 ἀδελφὰ
672 2514 995 2586 φρονοῦντες
1048 2508 1124 2570 εἷς
1188 2507 1345 2570 τέλος
1395 2508 1706 2583 διήρκεσαν,
1750 2507 1911 2564 ἐκπο-

260 2598 598 2672 λεμωϐέντες
630 2598 688 2653 δὶ
719 2599 835 2653 κατ’
863 2595 1133 2668 ἀλλήλων
1163 2602 1242 2670 τῷ
1277 2602 1434 2673 χορῷ
1460 2602 1570 2653 τῶν
1599 2596 1787 2654 ἄλλων
1820 2598 1912 2654 καὶ

259 2686 373 2744 dias
434 2688 808 2763 συνήφθησαν,
884 2684 976 2748 οὕς
1053 2689 1234 2762 μικρῷ
1306 2684 1537 2769 πρόσθεν
1599 2686 1912 2762 εἰρήκειμεν

259 2776 589 2854 ἠγνοηκέναι
627 2778 727 2845 τήν
779 2774 937 2851 φύσιν
988 2773 1079 2831 διά
1122 2796 1181 2831 τε
1234 2774 1532 2851 φιλαρχίαν
1585 2777 1676 2831 καὶ
1706 2777 1915 2852 τρόπου

2013 1971 2299 2044 susceptis
2330 1971 2390 2027 in
2438 1976 2775 2028 caterorum
2836 1974 3042 2026 coetum
3100 1971 3479 2040 transierunt,
3514 1986 3663 2044 quos

2014 2083 2195 2138 supra
2215 2066 2472 2122 diximus
2505 2081 2607 2137 per
2660 2065 3044 2120 ambitionem
3098 2067 3156 2120 et
3184 2065 3513 2120 vecordiam
3554 2082 3663 2122 na-

2014 2160 2155 2213 tura
2186 2156 2401 2212 oblitos
2423 2171 2590 2221 esse;
2625 2161 2679 2210 et
2712 2154 2922 2211 Volcus
2968 2155 3155 2211 victor
3211 2154 3574 2227 Stephanum
3610 2161 3668 2213 et

2020 2245 2342 2318 principatu
2400 2253 2456 2301 et
2512 2246 2696 2317 patria
2755 2245 2966 2315 exegit.
3018 2246 3161 2300 Nam
3210 2260 3340 2300 cum
3398 2245 3664 2303 fraternae

2018 2335 2193 2391 cadis
2221 2334 2549 2407 exemplum
2588 2352 2657 2390 ex
2697 2334 3223 2405 urbeimperatrice
3255 2340 3666 2406 promanasset

2019 2430 2077 2483 et
2100 2431 2391 2483 extremos
2410 2427 2569 2483 orbis
2592 2430 2880 2483 terrarum
2910 2427 3051 2482 fines
3083 2430 3463 2498 pervagatum
3490 2434 3668 2495 esset,

2020 2533 2137 2574 non
2168 2516 2355 2573 Persa
2389 2522 2615 2573 tantum
2646 2521 2704 2572 et
2751 2516 3159 2589 Tauroscytha
3198 2522 3255 2572 et
3300 2517 3355 2571 hi
3388 2516 3670 2573 Dalmata

2022 2609 2081 2662 et
2109 2611 2313 2678 postea
2358 2606 2667 2672 Pannonii,
2699 2607 2798 2663 sed
2832 2614 2885 2661 et
2943 2605 3042 2661 alii
3090 2605 3287 2677 plures
3331 2611 3671 2663 caterarum

2023 2692 2285 2764 gentium
2314 2692 2612 2765 principes
2635 2692 2877 2748 ensibus
2900 2692 2956 2747 in
2990 2698 3267 2764 cognatos
3286 2708 3423 2748 suos
3450 2694 3672 2750 strictis

2027 2780 2373 2837 seditionem
2407 2786 2464 2837 et
2492 2780 2738 2836 cadium
2773 2781 2989 2852 patrias
3020 2796 3158 2837 suas
3213 2781 3670 2852 compleverunt'

259 2869 577 2937 σκαιότητα·
610 2867 701 2921 καὶ
735 2867 919 2944 φανεὶς
947 2865 1205 2941 κρείττων
1240 2867 1268 2922 6
1307 2864 1519 2929 Βόλκος
1568 2872 1670 2936 τῆς
1717 2866 1897 2943 ἀρχῆς
1948 2868 2061 2942 ἅμα
2117 2869 2208 2924 ααὶ
2253 2875 2355 2938 τῆς
2413 2866 2673 2942 πατρίδος
2731 2866 3001 2937 ἐκτοπίζει
3053 2868 3145 2923 τὸν
3214 2867 3505 2948 Στέφανον.
3567 2871 3668 2927 Ἐκ

249 2957 352 3032 γὰρ
421 2962 522 3024 τῆς
558 2960 665 3009 τῶν
734 2954 951 3011 πόλεων
1026 2953 1310 3031 βασιλίδος
1363 2955 1545 3031 ὥσπερ
1609 2956 1757 3020 τινὸς
1825 2957 2193 3032 ὑπογραμμοῦ
2259 2958 2351 3014 καὶ
2416 2958 2590 3012 τύπου
2656 2955 2746 3011 καὶ
2820 2960 3009 3011 κοινοῦ
3073 2956 3503 3032 θεμιστεύματος
3570 2965 3672 3028 τῆς

252 3045 683 3125 ἀδελφοκτονίας
740 3045 992 3117 ἐξιούσης
1044 3046 1135 3101 καὶ
1194 3043 1604 3123 διαδραμούσης
1652 3053 1754 3117 τῆς
1818 3056 1925 3122 γῆς
1981 3050 2050 3104 τὰ
2100 3047 2327 3123 πέρατα,
2388 3048 2449 3103 ού
2517 3047 2716 3122 Πέρσαι
2780 3046 2947 3119 μόνον
3003 3048 3094 3102 καὶ
3151 3046 3526 3123 Τουροσκύθαι
3582 3048 3674 3104 καὶ

251 3134 372 3193 οἳδε
401 3139 454 3191 οἱ
485 3135 772 3209 Δαλμάται
799 3137 888 3191 καὶ
927 3135 1216 3210 μετέπειτα
1245 3136 1533 3205 Πάννονες,
1567 3136 1714 3193 ἀλλά
1740 3139 1833 3193 καὶ
1863 3138 2052 3194 λοιποὶ
2080 3135 2258 3214 ἕτεροι
2288 3140 2414 3215 παρ’
2447 3137 2618 3194 ἔθνεσι
2653 3135 3066 3202 δυναστεύοντες
3106 3139 3341 3194 στάσεων
3373 3139 3463 3194 καὶ
3489 3138 3669 3219 φόνων

245 3228 349 3289 τὰς
379 3227 585 3283 ἑαυτῶν
617 3223 883 3301 πατρίδας
912 3224 1243 3297 ἐνέπλησαν,
1274 3226 1395 3281 καθ’
1426 3228 1710 3302 ὁμογενῶν
1740 3228 1807 3283 τὰ
1839 3227 1962 3305 ξίφη
1998 3228 2357 3302 σπασάμενοι.

327 3317 480 3373 Κατά
530 3312 586 3370 δὲ
632 3315 763 3377 τοὺς
810 3314 1045 3390 χρόνους
1088 3314 1316 3378 τούτους
1364 3312 1528 3388 ἔξεισι
1575 3322 1677 3385 τῆς
1710 3316 1918 3378 Μυσίας

2101 3321 2139 3373 7
2151 3318 2252 3374 06
2282 3319 2400 3374 Sub
2431 3317 2541 3375 hoc
2570 3321 2799 3389 tempus
2826 3317 3083 3375 Joannes
3114 3333 3245 3375 cum
3304 3320 3560 3377 maximo
3616 3324 3675 3377 et

253 3407 283 3462 ὀ
338 3406 592 3476 Ἰωάννης
649 3405 885 3479 μεγίστῳ
940 3424 1000 3459 τε
1050 3404 1143 3459 καὶ
1190 3404 1501 3480 παγχάλκῳ
1534 3404 1920 3479 στρατεύματι,

257 3496 354 3551 καὶ
421 3492 723 3571 διειληφὼς
783 3494 882 3562 τήν
937 3490 1311 3550 Κωνστάντιαν
1378 3498 1662 3569 χειροῦται
1718 3494 1920 3566 ταύτην

257 3586 401 3641 κατὰ
460 3591 632 3640 πᾶσαν
692 3583 989 3655 εὐπέτειαν,
1047 3586 1130 3657 [Ρ.
1187 3585 1314 3657 344]
1375 3580 1646 3656 διάσημον
1681 3582 1842 3640 οὖσαν
1872 3584 1924 3640 ἐν

257 3679 385 3736 τοῖς
436 3677 536 3739 τῆς
596 3671 868 3743 Ῥοδόπης
929 3674 1310 3752 σχοινίσμασι.
1373 3673 1473 3727 Καὶ
1530 3671 1776 3737 καθελὼν
1830 3674 1922 3730 τὸν

257 3763 469 3834 ταύτης
517 3758 810 3837 περίϐολον
868 3761 1071 3827 ἐκεῖθεν
1128 3761 1484 3818 ἀπανίσταται
1532 3764 1622 3818 καὶ
1669 3765 1794 3839 περὶ
1822 3765 1922 3834 τήν

260 3855 474 3929 Βάρναν
531 3850 1032 3929 στρατοπεδεύεται,
1082 3854 1172 3908 καὶ
1222 3852 1512 3928 πολιορκεῖ
1546 3853 1801 3927 γενναίως
1832 3858 1922 3910 καὶ

254 3945 467 4016 ταύτην
520 3945 660 3999 κατὰ
714 3945 814 4012 τὴν
875 3938 1035 4016 ἕκτην
1089 3947 1199 3999 τῶν
1255 3948 1353 4000 τοῦ
1393 3946 1632 4021 Χριστοῦ
1662 3947 1926 4019 παθημά-

253 4055 369 4090 των
428 4033 661 4108 ἡμέραν.
726 4034 985 4089 Παντοίαν
1070 4031 1117 4088 δ’
1188 4026 1433 4089 ἔνστασιν
1502 4032 1921 4109 ἐνδεικνυμένων

254 4127 371 4181 τῶν
403 4122 605 4194 ἔνδοθι,
634 4122 938 4198 κρατίστων
999 4120 1171 4179 ὄντων
1227 4127 1336 4179 τῶν
1392 4123 1664 4180 πλείστων
1694 4126 1801 4180 κάκ
1827 4130 1924 4180 τοῦ

258 4215 558 4268 Λατινικοῦ
619 4209 840 4288 στίφους
919 4208 1467 4283 συγκεκροτημένων,
1524 4209 1922 4287 τετράπλευρον

261 4301 550 4369 συντίθησι
612 4301 872 4374 μηχανὴν
937 4302 1435 4374 συμμηκιζομένην
1486 4306 1567 4373 τῷ
1626 4299 1768 4376 εὔρει
1825 4306 1925 4372 τῆς

261 4392 476 4468 τάφρου
516 4390 606 4445 καὶ
656 4390 854 4466 ΐσοΰψῆ
909 4395 989 4464 τῷ
1033 4390 1211 4466 τείχει
1255 4399 1357 4461 τῆς
1404 4392 1642 4461 πόλεως,
1674 4395 1763 4449 καὶ
1794 4394 1926 4449 ταύ-

257 4500 367 4550 την
404 4478 717 4555 ὑπότροχον
775 4478 936 4536 οὖσαν
995 4487 1096 4551 τῆς
1149 4480 1357 4557 τάφρου
1417 4479 1652 4558 ἄγχιστα
1700 4485 1923 4556 στήσας,

262 4570 383 4625 εἶτα
440 4568 740 4644 ἀνατρέψας
788 4569 1113 4647 ἀμφοτέρων
1161 4574 1271 4626 τῶν
1320 4570 1567 4647 περάτων
1613 4567 1923 4646 ἐπιλαμϐά-

2026 3408 2210 3464 armis
2240 3407 2692 3463 instructissimo
2716 3407 2968 3462 exercitu
3001 3406 3190 3480 Mysia
3218 3423 3496 3480 egressus
3527 3410 3673 3465 Con-

2023 3499 2300 3557 stantiam
2333 3500 2625 3571 insignem
2659 3499 2864 3555 urbem
2898 3499 3211 3572 Rhodopai
3234 3500 3515 3556 territorii
3548 3500 3679 3557 sine

2027 3588 2149 3645 ulla
2179 3588 2529 3644 difﬁcultate
2560 3589 2737 3661 capit,
2773 3592 2830 3644 et
2860 3588 3152 3644 manibus
3180 3589 3394 3644 dirutis
3423 3590 3675 3647 Varnam

2025 3682 2186 3733 sexto
2235 3679 2329 3733 die
2370 3677 2667 3733 Passionis
2724 3677 3033 3733 dominica
3084 3677 3310 3734 fortiter
3358 3687 3673 3749 oppugnat.

2026 3771 2135 3827 Sed
2170 3786 2301 3826 cum
2336 3770 2375 3824 ii
2432 3769 2532 3841 qui
2564 3771 2766 3825 urbem
2820 3770 3123 3839 tenebant,
3160 3769 3425 3841 plerique
3470 3769 3670 3826 fortis-

2026 3860 2161 3918 simi
2193 3861 2304 3915 viri
2333 3865 2390 3916 ct
2421 3860 2607 3915 Latini
2633 3859 3136 3931 generis,summa
3167 3875 3274 3932 ope
3309 3860 3671 3933 resisterent,

2028 3949 2477 4022 quadrilateram
2510 3948 2844 4003 machinam
2875 3947 3285 4020 fabricatiqua
3309 3947 3678 4019 longitudine

2030 4039 2327 4096 latitudini
2353 4039 2520 4094 fossa
2543 4044 2599 4094 et
2649 4038 2964 4094 altitudine
2998 4038 3229 4109 fastigio
3274 4038 3551 4094 manium
3582 4056 3676 4095 re-

2027 4129 2340 4200 sponderet
2371 4145 2385 4197 ;
2419 4133 2477 4183 et
2505 4144 2573 4183 ea
2616 4126 2755 4183 rotis
2814 4126 3100 4197 subjectis
3153 4126 3412 4198 proxime
3459 4128 3679 4185 fossam

2028 4215 2375 4273 collocataet
2407 4217 2615 4271 deinde
2648 4232 2847 4271 eversa
2873 4220 3148 4287 utrosque
3176 4215 3321 4271 tinos
3347 4217 3679 4288 apprehen-

2029 4304 2115 4360 dit
2135 4325 2150 4374 ;
2167 4306 2485 4376 eademque
2501 4304 2768 4359 machina
2779 4310 2835 4358 et
2850 4305 2918 4359 ad
2937 4304 3282 4377 explendam
3300 4305 3515 4361 fossam
3540 4310 3597 4361 et
3608 4307 3684 4362 ad

2029 4395 2471 4451 conscendenda
2493 4394 2707 4450 mania
2740 4411 2842 4465 pro
2873 4394 3055 4451 scalis
3086 4410 3229 4450 usus
3253 4394 3446 4451 triduo
3479 4396 3679 4452 Barna

2030 4484 2270 4556 potitur.
2305 4483 2506 4554 Neque
2546 4482 2660 4538 diei
2720 4482 3155 4539 solemnitatem
3212 4486 3355 4555 (erat
3410 4486 3568 4540 enim
3620 4486 3679 4542 id

2030 4573 2470 4628 sanctissimum
2504 4572 2848 4641 Sabbatum,
2880 4588 2994 4644 quo
3022 4572 3304 4628 Dominus
3335 4572 3393 4628 in
3416 4573 3682 4645 sepulcro

257 4681 436 4728 νεται,
486 4658 577 4715 καὶ
635 4663 716 4732 τῷ
765 4659 919 4731 αύτῴ
974 4658 1065 4714 καὶ
1124 4659 1201 4715 svi
1266 4663 1626 4736 μηχανήματι
1669 4661 1923 4738 ζεύγματί

2034 4661 2329 4734 dormivit)
2364 4678 2546 4732 neque
2576 4662 2980 4718 Christianum
3037 4678 3248 4719 nomen
3307 4664 3528 4718 veritus
3557 4664 3686 4719 bar-

254 4776 321 4811 τε
377 4758 478 4821 τῆς
536 4749 743 4825 τάφρου
821 4750 1179 4828 χρησάμενος
1250 4751 1341 4806 καὶ
1396 4750 1632 4825 κλίμακι
1689 4751 1925 4823 ἐξικνου-

264 4845 405 4919 μὲνῃ
458 4839 555 4895 τοῦ
614 4839 785 4913 ὓψους
843 4845 944 4908 τῆς
1019 4838 1236 4902 πόλεως
1301 4840 1479 4914 τρισὶν
1536 4841 1770 4915 ἡμέραις
1826 4848 1930 4912 τῆς

260 4933 475 5008 Βάρνας
507 4934 715 5005 κρατεῖ.
766 4925 906 4987 Οὔτε
965 4925 1024 4983 δὲ
1077 4934 1181 4997 τῆς
1239 4928 1450 5005 ἡμέρας
1504 4931 1604 5000 τὴν
1638 4928 1866 5006 δύναμιν
1901 4932 1928 4986 ὁ

266 5016 546 5097 βάρϐαρος
594 5019 854 5090 πτοηθεὶς
899 5018 984 5089 (ἧν
1032 5014 1089 5073 δὲ
1140 5019 1204 5073 τὸ
1246 5016 1754 5095 ὑπερευλογημένον
1785 5015 1928 5075 Σάϐ-

260 5107 432 5165 ϐατον
487 5112 603 5165 καθ’
660 5107 690 5162 ὅ
749 5107 1021 5163 ὕπνωττεν
1083 5105 1137 5162 ἐν
1189 5108 1345 5185 τάφῳ
1392 5109 1648 5183 Χριστὸς)
1680 5108 1806 5165 οὕτέ
1834 5110 1928 5165 τὸν

263 5199 593 5269 Χριστιανὸν
646 5198 936 5269 αἷδεσθεὶς,
996 5197 1055 5254 ὃν
1118 5198 1304 5271 μόνοις
1346 5200 1630 5277 περιέφερε
1660 5198 1927 5275 χείλεσιν,

263 5285 419 5343 ἀλλὰ
472 5289 827 5365 φιλαιμάτοις
904 5285 1158 5360 δαίμοσιν
1237 5285 1669 5362 ἐλαστρούμενος
1727 5288 1929 5351 πάντας

266 5372 370 5436 οὕς
428 5375 719 5456 συνείληφε
776 5380 982 5446 ζῶντας
1036 5375 1174 5432 κατὰ
1231 5382 1335 5445 τῆς
1387 5376 1598 5451 τάφρου
1651 5376 1804 5445 ὠθεῖ,
1837 5376 1928 5433 καὶ

2038 4751 2239 4815 barus,
2264 4750 2414 4821 quod
2449 4750 2592 4806 solis
2626 4750 2797 4806 labiis
2847 4751 3128 4821 jactabat,
3165 4751 3266 4806 sed
3316 4752 3683 4823 intemperiis

2038 4840 2401 4913 sanguinarii
2434 4839 2684 4910 alicujus
2744 4840 3026 4896 damonis
3074 4843 3264 4905 actus,
3298 4856 3502 4895 omnes
3535 4857 3686 4913 quos

2039 4930 2200 4986 vivos
2259 4933 2489 5001 ceperat
2540 4929 2597 4984 in
2654 4930 2867 4985 fossam
2920 4929 3321 5000 praecipitavit,
3356 4930 3686 5002 injectaque

2037 5018 2218 5075 humo
2249 5022 2306 5074 et
2335 5018 2565 5089 expleta
2610 5017 3003 5089 sepulcretum
3061 5016 3256 5073 locum
3308 5017 3476 5075 illum
3507 5020 3641 5075 facit
3670 5038 3685 5089 ;

2036 5125 2139 5165 nec
2172 5108 2356 5164 multo
2391 5112 2539 5179 post,
2572 5109 2750 5163 etiam
2786 5107 3081 5162 manibus
3112 5108 3332 5163 eversis
3357 5110 3417 5163 in
3442 5108 3687 5182 Mysiam

2038 5198 2368 5264 revertitur,
2404 5195 2737 5266 bujusmodi
2764 5196 3015 5252 victimis
3036 5200 3092 5251 et
3136 5197 3281 5251 707
3341 5198 3688 5256 abominan-

2038 5290 2130 5345 dis
2157 5289 2383 5345 inferiis
2415 5288 2639 5345 celebre
2665 5287 2810 5345 illud
2833 5289 3153 5345 Sabbatum
3179 5296 3478 5347 veneratus
3505 5295 3689 5365 Atque

2039 5378 2161 5434 hac
2186 5379 2271 5434 sic
2300 5385 2462 5451 gesta
2493 5381 2650 5434 sunt.

263 5470 411 5543 χοῦν
443 5463 499 5526 ἐς
530 5463 780 5521 ῗσόπεδον
812 5467 1037 5542 ἐπιχεας
1066 5461 1439 5540 πολυάνδριον
1468 5466 1560 5521 τὸν
1591 5464 1758 5521 τόπον
1791 5464 2083 5523 δείκνοσιν.
2115 5467 2348 5524 ’Ἔπειτα
2394 5466 2485 5520 καὶ
2527 5465 2595 5521 τὰ
2630 5466 2792 5541 τείχη
2825 5468 3340 5542 καταστρεψάμενος
3369 5468 3445 5533 εἷς
3477 5470 3683 5528 Μυσίαν

263 5554 569 5625 ἐπάνεισιν,
602 5552 925 5630 ἐναγίσμασι
952 5554 1227 5617 τοιούτοις
1275 5555 1364 5609 καὶ
1412 5552 1659 5611 τελεταῖς
1712 5556 2132 5629 μυσαρωτάταις
2188 5555 2286 5624 τὴν
2350 5555 2478 5629 μίαν
2508 5560 2617 5610 τῶν
2661 5549 2945 5610 σαϐϐάτων
2975 5556 3067 5610 καὶ
3095 5559 3203 5613 τῶν
3236 5558 3461 5632 ἡμερῶν
3492 5560 3683 5635 κυρίαν

256 5647 609 5719 τετιμηκώς.

332 5737 446 5827 ,Καὶ
478 5734 613 5812 τῇδε
646 5736 743 5810 μὲν
773 5734 866 5791 καὶ
890 5738 1059 5793 ταῦτα
1088 5733 1372 5814 ἐφέρετοοό
1403 5732 1461 5792 δέ
1486 5756 1549 5813 γε
1571 5738 1919 5815 πρωτοστρὰ-

2100 5738 2325 5797 Manus!
2375 5753 2508 5796 vero
2542 5739 2815 5812 Camyses
2868 5741 3275 5814 protostrator,
3305 5740 3483 5816 longo
3533 5746 3686 5804 tem-
