4074 6404
335 407 455 472 915

1664 395 1974 462 NIGETIE
2014 391 2437 455 GHONIATIE

3641 389 3773 454 916

341 561 480 617 pore
533 542 595 599 in
652 541 841 615 Mysia
892 545 1118 614 captus,
1180 541 1594 612 imperatorem
1670 541 1727 591 et
1782 549 1985 588 conso-

2124 547 2210 617 τωρ
2243 523 2511 617 Μανουῇλ
2542 525 2571 580 ὁ
2593 523 2912 617 Καμύτζης,
2959 523 3186 617 χρόνιος
3236 521 3289 578 ἐν
3331 523 3510 597 Μυσίᾳ
3537 537 3778 601 καθειρ-

345 636 582 690 brinum
611 641 738 688 orat
762 635 826 686 ut
856 632 926 688 de
951 648 1055 687 sua
1077 647 1136 686 re
1166 628 1438 685 familiari
1462 627 1785 683 redimatur
1803 637 1992 694 neque

2124 613 2380 687 νύμενος,
2440 611 2610 668 δεῖται
2680 618 2777 668 τοῦ
2862 609 3156 693 ἐξαδέλφου
3209 615 3300 669 καὶ
3361 613 3637 689 βασιλέως
3701 613 3774 671 ἐκ

347 729 414 780 ut
454 721 758 780 maleﬁcus
788 721 961 792 longo
993 725 1250 790 tempore
1282 720 1340 773 in
1404 719 1795 773 Barbarorum
1830 717 1988 784 pote-

348 818 470 869 tate
503 810 885 882 relinquatur.
919 810 1028 864 Sed
1077 809 1151 864 iis
1181 808 1392 863 litteris
1445 806 1588 862 nihil
1638 801 1991 876 impetravit.

348 907 669 974 Desperata
698 899 876 966 igitur
907 897 1136 968 cognati
1165 914 1272 968 ope
1316 897 1387 952 ad
1421 897 1706 968 Cbrysum
1762 909 1823 948 se
1853 908 1994 947 con-

349 991 535 1057 vertit,
566 994 625 1045 et
653 989 941 1044 solutione
970 989 1044 1042 ab
1075 1002 1141 1042 eo
1173 986 1480 1056 impetrata
1503 988 1822 1040 Prosacum
1852 979 1993 1036 abit.

352 1085 432 1137 Ac
465 1096 536 1135 ne
568 1077 644 1134 ibi
675 1077 909 1148 quidem
938 1076 1346 1146 imperatorem
1379 1073 1654 1130 obtesmri
1686 1070 1902 1128 desinit
1933 1070 1998 1124 ut

349 1171 563 1242 Chryso
585 1168 735 1222 duos
765 1164 892 1220 auri
926 1165 1290 1221 centenarios
1341 1181 1446 1234 pro
1478 1163 1569 1220 sui
1600 1159 1998 1230 redemptione

349 1259 552 1325 solvat,
586 1272 717 1312 cum
773 1255 945 1328 longe
1005 1255 1140 1326 plus
1171 1270 1241 1309 ex
1273 1253 1402 1310 suis
1461 1253 1672 1324 opibus
1718 1248 1997 1321 rapuerit,

349 1352 556 1421 praeter
585 1362 762 1402 aurea
791 1349 849 1401 et
877 1350 1151 1417 argentea
1185 1361 1320 1400 vasa
1351 1351 1410 1399 et
1443 1342 1614 1399 telam
1648 1341 1895 1398 sericam
1942 1341 2001 1393 et

349 1441 540 1493 vestes
570 1435 874 1507 pretiosas,
907 1449 1152 1506 quarum
1188 1449 1380 1488 rerum
1443 1432 1613 1503 copia
1663 1427 2000 1485 mortalium

349 1524 846 1598 locupletissimus
877 1523 1052 1579 fuerit
1082 1521 1350 1578 habitus.
1375 1521 1480 1577 Ille
1509 1536 1646 1576 vero
1681 1521 2001 1590 protostra-

352 1615 500 1673 toris
531 1614 876 1686 cognatione
906 1613 965 1668 in
998 1628 1116 1667 una
1155 1611 1321 1668 lance
1353 1611 1536 1666 animi
1585 1611 1680 1666 sui
1737 1611 2004 1681 pensata,

356 1704 608 1778 pecunia
636 1719 770 1760 vero
810 1703 941 1772 ejus
971 1702 1029 1757 in
1063 1699 1304 1757 alteram
1338 1699 1638 1766 collocata,
1671 1705 1728 1754 et
1757 1703 2006 1768 utraque

358 1813 666 1872 perpensa,
699 1795 1080 1866 posteriorem
1115 1793 1365 1849 multum
1425 1790 1868 1864 praeponderare
1915 1789 2008 1844 de-

2095 711 2194 774 τῆς
2243 704 2446 769 οἰκείας
2498 703 2682 768 οὐσίας
2731 701 2964 773 λυθῆναι
3017 701 3148 776 μηδ’
3199 705 3276 767 ὡς
3325 709 3634 783 κακοῦργος
3673 703 3782 761 ἐπὶ

2098 793 2243 848 πολὺ
2289 796 2634 872 παροφθῆναι
2693 793 2840 868 παρὰ
2898 787 3198 868 βαρϐάροις
3253 791 3613 868 δορύκτητος.
3647 794 3781 854 Οὔκ

2100 883 2221 961 εἶχε
2252 879 2309 938 δὲ
2353 884 2440 938 καὶ
2493 882 2695 947 πείθειν
2753 879 2824 936 δι’
2880 881 2956 936 ὧν
3008 881 3354 940 ἐπέστελλεν.
3407 886 3780 959 ’Δπειρηκὼς

2101 970 2192 1027 οὖν
2247 973 2338 1027 τὸν
2396 971 2665 1042 κηδεστὴν
2729 971 2932 1046 μέτεισι
2989 971 3223 1046 Χρύσον,
3272 973 3364 1028 καὶ
3417 975 3544 1048 παρ’
3592 974 3780 1030 αὐτοῦ

2103 1059 2273 1116 δεῖται
2333 1059 2588 1132 λυθῆναι,
2640 1061 2732 1116 καὶ
2792 1063 2867 1123 ὡς
2925 1061 3046 1136 εἶχε
3099 1063 3166 1117 τὰ
3222 1061 3476 1136 ᾐτημένα
3517 1083 3778 1141 πεπερα-

2103 1153 2295 1225 σμὲνα,
2356 1151 2415 1208 ἐκ
2467 1151 2680 1213 Μυσίας
2736 1149 2790 1214 ἐς
2835 1151 3114 1226 Πρόσακον
3173 1149 3404 1210 ἄπεισιν.
3451 1151 3612 1210 Ἀλλ’
3645 1151 3786 1210 οὐδ’

2102 1241 2274 1298 ἐκεῖσε
2323 1242 2615 1317 γενόμενος
2671 1249 2952 1319 καθυφῆκε
3004 1246 3102 1297 τοῦ
3159 1240 3430 1318 βασιλέως
3481 1241 3785 1318 δεόμενος,

2105 1331 2154 1386 εἲ
2205 1351 2324 1392 πως
2375 1335 2454 1403 τῷ
2515 1330 2713 1407 Χρύσῳ
2759 1329 2827 1386 τὰ
2872 1329 3044 1405 λύτρα
3073 1333 3386 1400 κατάθοιτο,
3420 1333 3496 1396 εἰς
3528 1331 3626 1389 δύο
3661 1356 3781 1390 πο-

2107 1419 2349 1494 σούμένα
2397 1424 2608 1496 χρυσοῦ
2654 1421 3002 1496 κεντηνάρια,
3049 1419 3510 1477 πολλαπλασίονα
3555 1422 3783 1482 τούτων

2107 1512 2462 1590 ἀφαιρεθῆναι
2512 1510 2730 1586 φάσκων
2788 1509 2936 1580 πλὴν
2991 1515 3099 1564 τῶν
3153 1511 3431 1586 ἀργυρέων
3476 1511 3569 1568 καὶ
3621 1531 3782 1589 χρυ-

2110 1598 2244 1654 σέων
2277 1603 2482 1655 σκευῶν
2536 1604 2643 1654 τῶν
2701 1605 2956 1675 Σηρικῶν
3001 1620 3061 1654 τε
3104 1601 3366 1671 νημάτων
3413 1601 3505 1656 καὶ
3534 1607 3645 1658 τῶν
3677 1625 3788 1660 πε-

2111 1695 2350 1766 ριφανῶν
2410 1687 2753 1763 ἐσθημάτων,
2815 1690 2902 1751 οἷς
2966 1689 3277 1766 ὑπερεκόμα
3337 1689 3784 1770 ῥυηφενέστατος

2111 1778 2415 1854 ἀνθρώπων
2448 1778 2652 1852 φανείς.
2704 1780 2765 1836 Ὀ
2817 1776 2876 1834 δὲ
2915 1778 3014 1848 τήν
3064 1777 3251 1854 σχέσιν
3282 1783 3380 1834 τοῦ
3410 1783 3786 1860 πρωτοστρά-

357 1867 684 1958 prehendit.
717 1881 867 1937 708
918 1881 1117 1951 Itaque
1175 1879 1559 1952 ﬁagitationes
1590 1880 1718 1949 ejus
1780 1892 1883 1932 nec
1918 1893 2006 1932 ex-

2124 1889 2274 1938 τορος
2305 1867 2359 1924 ἐν
2385 1867 2682 1944 πλάστιγγι
2736 1873 2835 1942 μιᾷ
2880 1871 2977 1924 τοῦ
3027 1875 3130 1938 τῆς
3185 1870 3379 1946 φρενὸς
3411 1875 3577 1949 ζυγοῦ
3606 1893 3794 1930 κατα-

357 1975 561 2031 tremis
609 1973 848 2028 auribus
907 1970 1168 2027 admisit.
1201 1969 1366 2026 Unde
1405 1973 1680 2042 Camyzes
1731 1967 2006 2038 despera-

358 2064 516 2120 tione
547 2071 782 2118 coactus
812 2059 1010 2116 statuit
1039 2075 1174 2116 cum
1206 2058 1427 2131 Chryso
1449 2058 1732 2113 ﬁnitimos
1761 2061 2006 2112 Prosaco

371 2155 770 2212 Romanorum
795 2168 966 2223 agros
998 2155 1321 2218 vastare,ac
1343 2149 1714 2221 Pelagoniam
1748 2147 2009 2204 celeriter

361 2244 682 2315 subigunt;
716 2245 773 2297 et
813 2241 1044 2312 Prilapo
1073 2240 1200 2296 sine
1230 2238 1576 2294 difﬁcultate
1609 2237 1772 2310 potiti
1804 2237 2010 2292 ordine

362 2338 568 2392 cetera
595 2331 902 2398 invadunt,
936 2335 1162 2386 remota
1191 2330 1262 2385 ad
1295 2329 1649 2385 deditionem
1675 2326 2009 2399 impellunt,

367 2440 468 2496 per
487 2423 703 2492 Tempe
734 2419 1069 2477 Thessalica
1099 2423 1430 2491 penetrant,
1461 2419 1816 2490 campestria
1847 2433 2013 2472 occu-

364 2517 527 2586 pant,
562 2511 841 2568 Graciam
873 2512 1265 2578 commovent,
1316 2507 1790 2580 Peloponnesum
1820 2508 1890 2562 ad
1927 2521 2009 2562 re-

365 2602 679 2658 bellionem
711 2599 1015 2671 instigant.
1046 2603 1204 2655 Tunc
1237 2603 1295 2654 et
1324 2597 1476 2654 alius
1508 2595 2013 2665 seditiosus,velut

366 2692 505 2750 olim
535 2695 700 2747 terrae
732 2689 860 2758 ﬁlii,
890 2689 1132 2757 exstitit,
1162 2691 1419 2746 Joannes
1449 2687 1867 2761 Spyridonaces
1898 2685 2008 2758 Cy-

366 2781 552 2854 prius,
579 2780 754 2836 homo
785 2778 1031 2835 deformi
1057 2778 1242 2841 vultu,
1267 2781 1493 2833 statura
1517 2776 1776 2844 fcediore,
1796 2775 2013 2832 strabis

365 2869 574 2939 oculis,
605 2869 883 2926 sordidus
903 2867 1117 2940 opifex,
1153 2866 1388 2922 fortuna
1421 2866 1648 2920 inﬁma.
1707 2865 1822 2922 Sed
1870 2865 2012 2919 dum

365 2959 704 3032 imperatori
726 2955 1368 3022 inservit,mirabilibus
1398 2953 1774 3011 successibus
1795 2959 1852 3010 et
1880 2970 2011 3026 pro-

367 3049 728 3106 motionibus
782 3046 1079 3103 interioris
1138 3045 1265 3101 ﬁsci
1339 3044 1619 3100 custodiae
1678 3044 2012 3116 praeﬁcitur.

369 3137 587 3196 Deinde
617 3135 914 3194 Smolanis
947 3135 1293 3208 praepositus
1349 3151 1484 3190 eum
1538 3151 1571 3189 a
1617 3149 1734 3206 quo
1794 3134 2014 3189 missus

369 3234 497 3286 erat
517 3231 864 3298 aspernatur
893 3230 958 3281 ut
983 3225 1078 3279 vili
1109 3230 1165 3279 et
1193 3223 1449 3297 simplici
1507 3223 1743 3293 ingenio
1806 3223 2010 3295 predi-

371 3323 541 3382 tum;
595 3319 653 3370 et
681 3314 905 3370 difﬁcili
961 3313 1276 3386 provinciae
1334 3313 1498 3369 aditu
1533 3313 1718 3369 fretus
1749 3312 2016 3368 bifariam

375 3408 464 3464 illi
496 3405 739 3475 resistit,
772 3405 1140 3478 inopinatum
1171 3408 1229 3460 et
1251 3404 1574 3476 pessimum
1609 3403 2016 3459 infortunium.

377 3503 453 3556 At
481 3497 800 3569 imperator
827 3495 997 3551 tertio
1057 3499 1184 3550 tum
1240 3493 1394 3550 malo
1451 3494 1813 3557 conﬂictans,
1851 3491 2020 3547 fami-

380 3587 508 3644 liari
566 3584 679 3641 sibi
735 3583 1033 3641 articulari
1094 3583 1317 3651 morbo,
1385 3583 1602 3652 duplici
1679 3581 2021 3654 pmnitentia

372 3693 552 3750 supra
581 3675 822 3731 modum
866 3673 1207 3745 angebatur,
1242 3673 1392 3744 quod
1438 3689 1541 3727 nec
1600 3671 2020 3727 consobrinum

370 3765 786 3822 redemissetet
817 3779 1067 3832 nequam
1092 3762 1390 3816 hominem
1406 3760 1856 3834 Spyridonacem
1884 3775 2019 3815 cum

369 3872 478 3912 suo
509 3854 791 3910 dedecore
813 3857 899 3908 tot
934 3853 1084 3908 709
1113 3851 1532 3906 munitissimis
1551 3851 1795 3906 urbibus
1827 3850 2024 3921 praefe-

367 3945 581 4013 cisset;
611 3947 668 3998 et
697 3941 882 4014 copiis
904 3958 1050 4013 quas
1081 3945 1370 4011 coegerat,
1401 3939 1462 3994 in
1492 3940 1640 3995 duas
1672 3945 1868 4010 partes
1897 3938 2022 3995 dis-

368 4033 632 4101 tributis,
658 4030 902 4088 alteram
937 4029 1138 4086 Alexia
1171 4028 1488 4101 Palmologo
1519 4045 1733 4101 genero
1766 4045 1872 4084 suo
1905 4034 2021 4084 tra-

369 4125 454 4182 dit
479 4127 543 4180 ut
575 4123 1035 4178 homuncionem
1062 4121 1522 4192 Spyridonacem
1561 4121 1907 4189 ulciscatur,
1939 4118 2024 4174 al-

370 4219 552 4270 teram
582 4211 651 4268 ad
700 4209 1102 4282 OEn0politam
1143 4210 1448 4278 Joannem,
1500 4209 1598 4281 qui
1625 4210 2022 4280 protostratori

371 4303 706 4370 resistebat,
741 4300 942 4356 mittit.
979 4301 1053 4356 Ac
1083 4299 1458 4371 imperatoris
1519 4315 1730 4371 genero
1787 4299 2025 4355 Alexius

374 4389 686 4463 prudentia
701 4391 757 4444 et
780 4387 1026 4444 audacia
1046 4386 1310 4442 adhibita
1331 4387 1789 4459 Spyridonacem
1815 4389 2024 4460 exiguo

374 4495 506 4536 cum
537 4477 737 4534 labore
768 4477 1026 4532 devincit
1055 4481 1113 4532 et
1162 4493 1384 4532 nanum
1437 4476 1605 4533 illum
1665 4477 1724 4532 in
1777 4478 2021 4547 Mysiam

373 4572 555 4640 fugat.
591 4566 1038 4623 Protostratoris
1063 4581 1194 4622 vero
1244 4566 1480 4622 rebellio
1512 4583 1646 4622 cum
1681 4566 1854 4638 longo
1884 4582 2028 4622 sane

374 4639 636 4732 tempore
677 4659 974 4720 durasset,
1007 4672 1281 4726 prospero
1341 4657 1498 4710 exitu
1548 4667 1633 4711 est
1688 4658 2023 4711 terminata.
2059 4639 2102 4703 Ι)

373 4750 520 4806 Nam
551 4747 881 4820 imperator
909 4762 1042 4802 cum
1075 4745 1204 4802 aliis
1233 4747 1529 4800 artibuset
1557 4745 1709 4801 dolis
1735 4745 2023 4818 Chrysum

375 4837 775 4906 circumvenit,
838 4841 966 4892 tum
1044 4841 1269 4907 neptem
1342 4835 1730 4903 Theodoram,
1800 4834 2024 4907 pridem

379 4931 590 4987 Ibanco
607 4929 981 5000 desponsam,
1009 4926 1278 4999 Byzantio
1301 4927 1640 4982 accersitam
1675 4925 1759 4981 illi
1791 4943 2026 4982 uxorem

381 5018 560 5074 dedit.
596 5019 664 5074 Et
695 5018 804 5074 hac
827 5017 1054 5074 ratione
1083 5017 1392 5089 Pelagonia
1433 5021 1490 5072 et
1519 5015 1750 5087 Prilapo
1784 5032 2026 5088 recupe-

381 5107 523 5164 ratis
578 5106 886 5162 Thessalia
931 5121 1164 5176 quoque
1223 5106 1510 5176 Camyzen
1570 5103 1829 5177 expellit,
1885 5104 2027 5162 alias

381 5195 581 5267 praelia
597 5196 842 5264 victum,
872 5195 1018 5251 alias
1053 5195 1203 5251 ultro
1237 5195 1578 5267 fugientem.
1608 5195 1866 5250 Tandem
1901 5195 2028 5267 ipso

379 5288 556 5370 etiam
578 5289 754 5343 Stano
784 5286 964 5358 ejicit,
997 5303 1111 5358 quo
1141 5291 1204 5342 ut
1233 5286 1290 5341 in
1323 5285 1548 5358 asylum
1581 5286 2028 5357 inexpugnabile

380 5391 440 5430 se
492 5378 812 5442 receperat.
857 5374 1210 5442 Hujusmodi
1270 5372 1562 5444 praeclaris
1586 5375 1864 5446 operibus
1897 5379 2030 5445 post

379 5461 720 5517 diuturnam
754 5461 1040 5517 desidiam
1075 5465 1135 5514 et
1167 5461 1459 5532 ignaviam
1482 5463 1656 5519 editis
1681 5463 2025 5535 Byzantium

381 5545 657 5606 recurrit.
691 5549 854 5607 Tunc
886 5549 1238 5605 Strommiza
1291 5565 1522 5622 quoque
1552 5553 1778 5624 potitus
1805 5557 1915 5617 est,
1949 5552 2029 5606 ibi

376 5636 565 5694 etiam
589 5632 805 5706 Cbryso
846 5638 1267 5702 circumvento,
1299 5644 1356 5694 et
1385 5657 1586 5710 pacem
1637 5657 1768 5696 cum
1799 5639 2026 5695 Joanne

371 5716 544 5781 fecit.

2118 1961 2246 2030 θεὶς,
2279 1961 2332 2016 ἐν
2365 1958 2421 2016 δὲ
2449 1962 2647 2035 θατέρᾳ
2701 1959 2897 2016 τούτου
2953 1962 3242 2036 χρήματα,
3292 1963 3386 2017 καὶ
3429 1962 3785 2023 ταλαντεύων

2117 2051 2422 2129 ἀμφότερα,
2483 2048 2671 2124 πολλῇ
2727 2054 2797 2124 τῇ
2857 2047 3000 2124 ῥοπῇ
3064 2051 3362 2126 βαρυτέραν
3392 2055 3491 2124 τήν
3525 2050 3790 2130 δευτέραν

2117 2149 2382 2224 εὓρισιιεν,
2429 2151 2546 2204 ὅθεν
2599 2145 2712 2203 οὐδ’
2763 2148 2951 2222 ἄκροις
3007 2148 3142 2202 ὠσὶν
3203 2149 3516 2224 εἶσῳκίζετο
3562 2153 3630 2208 τὰ
3693 2147 3794 2210 ὑπ’

2120 2237 2325 2294 ἐκείνου
2371 2238 2708 2314 γραφόμενα.
2761 2239 3038 2292 Ἀπειπὼν
3089 2237 3182 2293 οὖν
3237 2241 3266 2294 ὁ
3317 2241 3615 2314 Καμύτζης
3653 2240 3800 2320 ἔγνω

2122 2330 2214 2382 σὺν
2267 2328 2463 2401 Χρύσῳ
2511 2333 2628 2390 τοῖς
2677 2327 3074 2404 ἀγχιτέρμοσιν
3131 2328 3400 2403 Προσάκῳ
3446 2332 3800 2406 Ῥωμαϊκοῖς

2122 2417 2399 2481 ἐπιθέσοαι
2453 2415 2732 2490 τέρμασιν.
2794 2417 3064 2492 Εὐμαρῶς
3127 2415 3218 2472 οὖν
3273 2416 3614 2495 Πελαγονίαν
3663 2440 3802 2500 χειν

2123 2514 2364 2584 ροῦνται,
2423 2505 2513 2561 καὶ
2569 2503 2768 2581 ῥᾳδίως
2811 2506 3113 2581 ὑπάγονται
3167 2506 3474 2582 Πρίλαπον,
3534 2508 3796 2588 ἐπιφύον-

2121 2619 2209 2653 ται
2263 2597 2330 2652 τὰ
2387 2595 2532 2667 ἑξῆς,
2592 2595 2858 2671 άφιστῶσι
2919 2595 2985 2650 τά
3039 2595 3350 2672 πόῤῥωθεν,
3403 2593 3790 2658 διεκπίπτουσι

2123 2691 2362 2760 Τεμπῶν
2393 2691 2501 2741 τῶν
2537 2682 2906 2755 Θετταλικῶν,
2963 2689 3068 2739 τῶν
3131 2683 3409 2742 πεδιάδων
3473 2685 3789 2764 ἐπιλαμϐά-

2122 2797 2330 2846 νονται,
2383 2779 2741 2849 παρακινοῦσι
2797 2776 2898 2844 τήν
2969 2772 3232 2847 Ἐλλάδα,
3293 2773 3646 2852 παλίμϐολον
3702 2802 3796 2836 τι-

2125 2864 2273 2930 θέασι
2303 2864 2402 2933 τήν
2432 2867 2529 2918 τοῦ
2589 2861 2861 2926 Πέλοπος.
2921 2863 3061 2920 Τότε
3119 2861 3178 2920 δὲ
3231 2865 3324 2920 καὶ
3366 2863 3612 2943 δεύτερος
3641 2871 3785 2925 ἀπο-

2124 2957 2324 3034 στάτης
2386 2954 2527 3009 κατᾶ
2578 2953 2711 3016 τοὺς
2786 2953 3060 3030 σπαρτοὺς
3134 2955 3447 3014 ἐπανέτειλε
3500 2959 3772 3034 γίγανσας.

2123 3031 2382 3114 Ἰωάννης
2423 3045 2528 3119 γάρ
2579 3064 2663 3104 τις
2712 3043 2774 3098 τὸ
2820 3043 2978 3119 γένος
3025 3043 3316 3120 Κύπριοις,
3352 3031 3784 3120 Σπυριδωνάκης

2123 3135 2505 3206 τοὺπώνυμον,
2564 3133 2627 3187 τὸ
2681 3129 2834 3193 δῖδος
2895 3131 3128 3211 φαῦλος,
3176 3137 3277 3206 τήν
3328 3135 3546 3206 ἡλικίαν
3575 3135 3790 3217 φαυλό-

2123 3244 2302 3298 τερος,
2365 3226 2450 3296 [Ρ.
2506 3224 2630 3296 345]
2692 3217 2938 3297 στράϐων
2994 3222 3089 3286 τὰς
3148 3221 3324 3298 ὄψεις,
3369 3227 3634 3306 χειρῶναξ
3683 3229 3792 3297 τήν

2129 3315 2354 3388 τέχνην,
2411 3312 2509 3381 τῆν
2563 3311 2744 3386 τύχην
2797 3307 3042 3386 χθόνιος,
3100 3319 3182 3386 τῷ
3245 3315 3465 3390 βασιλεῖ
3493 3314 3634 3388 τῷδε
3685 3318 3800 3372 ὑπ-

2130 3398 2520 3472 ηρετούμενος,
2577 3404 2695 3461 ταῖς
2747 3395 2804 3454 δὲ
2856 3399 3192 3477 παραλόγοις
3247 3399 3514 3477 προόδοις
3542 3404 3797 3460 καὶάναο

2129 3484 2313 3542 ϐάσεσι
2344 3492 2453 3542 τῶν
2507 3483 2614 3542 ἔσω
2654 3485 2973 3562 λεγομὲνων
3031 3489 3293 3561 ταμιείων
3346 3489 3522 3563 φύλαξ
3547 3494 3802 3568 ταχθεὶς,

2132 3579 2251 3632 εἶτα
2297 3579 2396 3647 τήν
2441 3577 2622 3652 ἀρχὴν
2649 3581 2759 3632 τῶν
2792 3577 3090 3650 Σμολένων
3146 3580 3406 3656 χειρίζειν
3446 3579 3663 3658 λαχὼν,
3694 3604 3802 3638 κα-

2129 3669 2455 3744 ταγινώσκει
2509 3671 2606 3722 τοῦ
2650 3667 3009 3746 πεπομφότος
3054 3668 3328 3724 εὐτέλειαν
3375 3670 3502 3736 νοὸς
3541 3672 3633 3727 καὶ
3665 3669 3804 3751 ἀφέ-

2133 3757 2308 3822 λειαν,
2339 3755 2428 3812 καί
2484 3761 2566 3830 τῷ
2626 3753 2983 3830 δυσπροσόδῳ
3031 3765 3131 3828 τῆς
3187 3761 3378 3834 χώρας
3427 3761 3684 3837 ἐπαρθεὶς
3716 3763 3805 3828 εἷς

2132 3846 2390 3901 ἀπόνοιαν
2471 3844 2827 3919 δισσῠύμενον
2904 3844 3092 3920 ἐκείνῳ
3160 3849 3361 3922 γίνεται
3419 3850 3804 3927 ἀντιστάτημα

2133 3935 2430 3989 ναὶΣατὰν
2484 3935 2574 3989 καὶ
2637 3933 2880 4009 σκώλωψ
2939 3936 3029 3991 καὶ
3087 3936 3436 4012 ἀπρόσκοπον
3465 3940 3808 4015 συγκύρημα

2135 4031 2438 4111 χείριστον.
2496 4032 2555 4084 '0
2615 4029 2671 4088 δὲ
2732 4031 2988 4107 βασιλεὺς
3043 4034 3134 4089 καὶ
3179 4035 3348 4112 τρίτῳ
3392 4037 3516 4092 τότε
3545 4043 3697 4112 κακῷ
3723 4047 3806 4117 τῇ

2135 4123 2354 4192 συνήθει
2412 4120 2645 4199 καχεξὶᾳ
2676 4122 3048 4196 τρυχόμενος,
3105 4122 3230 4192 ἥτις
3288 4123 3578 4200 ἐπενέμετο
3605 4129 3676 4184 τὰ
3705 4127 3815 4205 ἅρ-

2135 4212 2236 4286 θρα
2293 4215 2391 4266 τοῦ
2451 4212 2728 4282 σώματος,
2785 4211 2880 4265 τὸν
2935 4211 3247 4286 Ἐπιμηθέα
3301 4217 3424 4290 εἶχε
3481 4224 3604 4272 κατ’
3635 4219 3814 4299 ἄμφω

2136 4299 2324 4362 δεινῶς
2381 4299 2720 4372 ἐπικείμενον
2779 4301 2870 4355 καὶ
2931 4301 3007 4363 εἰς
3057 4301 3269 4380 πνίγμα
3327 4310 3526 4380 μικροῦ
3567 4305 3816 4364 ἐναλΑό-

2139 4391 2294 4465 μενόν
2345 4409 2405 4444 τε
2459 4389 2551 4445 καὶ
2610 4385 3032 4462 ἐπεμϐαίνοντα,
3087 4389 3172 4446 ὅτι
3225 4393 3320 4448 τὸν
3379 4391 3672 4476 ἐξάδελφον
3703 4397 3815 4456 οὐκ

2134 4477 2368 4534 ἐλύσατο
2417 4478 2508 4533 καὶ
2566 4479 2651 4533 ὃτι
2707 4479 2799 4534 τὸν
2857 4477 3147 4536 οὐτιδανὸν
3175 4479 3229 4536 ἐν
3263 4481 3570 4558 ἀνθρώποις
3602 4491 3819 4564 Σπυρι-

2139 4567 2384 4640 δωνάκην
2445 4569 2522 4631 είς
2571 4566 2778 4635 ὄνειδος
2825 4570 3030 4626 οἰκεῖον
3078 4572 3295 4628 πόλεων
3341 4575 3617 4632 τοσούτων
3677 4578 3815 4653 ἐρυ-

2138 4658 2420 4732 μνοτάτων
2459 4661 2784 4731 κατέστησεν
2836 4658 3099 4736 ἃρχοντα,
3134 4669 3275 4738 Διχῆ
3328 4665 3425 4720 οῦν
3466 4663 3690 4743 διαιρῶν
3735 4671 3808 4724 τὸ

2137 4747 2499 4821 συναγόμενον
2563 4750 2890 4823 στράτευμα,
2951 4750 3015 4804 τὸ
3069 4752 3162 4824 μὶν
3209 4756 3291 4823 τῷ
3345 4749 3584 4828 γαμϐρῷ
3628 4776 3804 4832 παρε-

2137 4833 2287 4892 δίδου
2322 4836 2546 4910 Ἀλεείῳ
2593 4842 2671 4909 τῷ
2723 4837 3092 4912 Παλαιολόγῳ
3124 4839 3216 4894 τὸν
3254 4841 3628 4914 ἀνθρωπίσκον
3662 4865 3800 4917 μετ·-

2140 4927 2272 4982 ιόντι
2335 4924 2794 5002 Σπυριδωνάκην,
2854 4929 2918 4984 τὸ
2971 4926 3018 4984 δ’
3075 4929 3367 5004 ἐξέπεμψεν
3428 4933 3504 4997 εἰς
3557 4934 3645 4988 τὸν
3690 4933 3802 4989 Οἱ·-

2136 5014 2478 5088 νουπολίτην
2537 5017 2788 5087 Ἰωάννην
2864 5022 2946 5090 τῷ
3025 5021 3474 5096 πρωτοστράτορι
3525 5017 3792 5076 ἀντικαθι-

2139 5105 2422 5177 στάμενον,
2455 5106 2511 5159 Ὀ
2546 5105 2642 5178 μὲν
2671 5104 2764 5160 οὖν
2805 5109 2904 5160 τοῦ
2957 5105 3228 5180 βασιλέως
3271 5103 3510 5182 γαμϐρὸς
3537 5099 3786 5174 Ἀλέξιπ

2137 5194 2332 5268 ἀρετὴν
2380 5193 2471 5248 καὶ
2521 5193 2734 5268 τόλμαν
2793 5191 3166 5268 ἐνδειξάμενος
3197 5192 3434 5274 ἔμφρονα
3459 5193 3549 5250 τὸν
3585 5199 3808 5270 Σπυρι-

2139 5280 2385 5353 δωνάκην
2441 5283 2868 5360 καταγωνίζεται
2927 5283 3021 5338 σὺν
3080 5281 3228 5359 πόνῳ
3282 5288 3502 5362 βραχεῖ,
3558 5283 3650 5338 καὶ
3696 5305 3806 5362 φυ-

2139 5369 2277 5449 γάδα
2329 5373 2511 5443 τίθησι
2571 5373 2635 5428 τὸ
2689 5373 3009 5448 Πυγμαῖκὸν
3069 5371 3360 5452 ἀνδράριον
3397 5373 3453 5438 ἐς
3502 5372 3733 5430 Μυσίαν·
3770 5377 3811 5446 ἡ

2139 5459 2198 5515 δὲ
2255 5465 2352 5515 τοῦ
2411 5463 2898 5539 πρωτοστράτορος
2953 5462 3268 5520 ἀντιστασία
3335 5459 3420 5543 ἐφ’
3479 5461 3660 5520 ἰκανὸν
3715 5466 3818 5539 μὲν

2137 5547 2391 5623 διήρκεσε
2425 5551 2650 5626 χρόνον,
2683 5550 2862 5606 α’ίσιον
2919 5551 2980 5606 δὲ
3033 5553 3126 5608 καὶ
3187 5551 3326 5625 αὕτη
3371 5551 3543 5629 πέρας
3573 5551 3820 5625 ἐδέξατο.

2135 5642 2196 5698 Ὀ
2229 5641 2327 5716 γὰρ
2381 5641 2639 5716 βασιλεὺς
2695 5639 2892 5704 ἄλλαις
2949 5662 3006 5696 τε
3067 5641 3324 5716 μεθόδοις
3357 5643 3640 5719 ἐχρήσατο
3674 5656 3813 5717 μεθ-

2137 5729 2404 5794 ὗπουΛίας
2461 5730 2664 5806 μετιὼν
2721 5730 2816 5787 τὸν
2867 5731 3104 5808 Χρύσον,
3151 5731 3246 5788 καὶ
3276 5730 3344 5808 δὴ
3378 5733 3472 5790 καὶ
3525 5733 3629 5808 τήν
3667 5735 3816 5812 θυγιι
