4074 6390
338 395 453 457 917

1232 388 1332 451 DE
1374 387 1667 450 ALEXIO
1711 385 1997 447 ISAACII
2040 384 2339 448 ANGELI
2379 388 2508 449 FB.
2555 388 2701 449 LIB.
2752 390 2867 449 III.

3648 382 3771 447 918

340 523 614 604 τρόπαιδα
644 520 955 599 Θεοδώραν,
996 523 1063 594 ἢν
1096 527 1176 596 τῷ
1235 518 1470 597 Ἰϐαγκῶ
1526 517 1924 598 κατηγγύησεν,
1985 518 2342 592 ἐμνήστευσεν
2399 519 2547 594 αύτῷ
2606 521 2683 583 εἷς
2733 518 2957 593 εὖνέτιν,
3018 516 3079 574 ἐκ
3129 513 3423 587 Βυζαντίου
3486 537 3765 591 μεταπεμ-

339 618 604 693 ψάμενος.
663 614 765 670 Καὶ
816 612 1033 675 τούτοις
1086 617 1206 673 τοῖς
1269 607 1667 684 μεθοδεύμασιν
1726 607 2052 678 ἀνασώζεται
2144 606 2476 684 Πελαγονίαν
2562 610 2653 663 καὶ
2724 607 3032 685 Πρίλαπον,
3088 607 3177 662 καὶ
3269 605 3560 668 Θετταλίας
3653 606 3763 661 ἀπ-

340 705 590 776 ανίστησι
619 703 710 758 τὸν
751 703 1077 776 Καμύτζην,
1132 707 1208 770 πῆ
1271 700 1367 773 μὲν
1426 697 1661 773 πολέμῳ
1718 696 2248 772 κατατροπούμενον,
2318 706 2394 767 πῆ
2456 696 2513 754 δέ
2570 705 2749 777 φυγῆς
2834 697 3078 753 ἐθελοντὶ
3130 694 3462 770 ἀπτόμενον.
3522 698 3764 753 ’Ύστατα

343 793 519 850 δὲκαὶ
552 792 718 848 αὐτοῦ
749 795 846 846 τοῦ
878 792 1083 846 Στανοῦ
1109 790 1414 864 μετανάστη
1452 786 1745 855 δείκνυσιν,
1806 787 1882 849 εἷ¹ς
1941 788 1999 841 ὅν
2059 788 2135 851 ὡς
2180 787 2256 850 εἷς
2309 788 2590 843 ἀνάλωτον
2648 787 2854 864 ἀπέδρα
2874 787 3268 867 κρησφύγετον.
3328 785 3432 843 Καὶ
3479 786 3760 850 τοιούτοις

343 878 523 960 ἔργοις
555 883 742 937 ἑαυτὸν
774 880 1148 956 περιανθίσας,
1207 878 1295 934 ἐπὶ
1348 879 1552 952 μακρὸν
1615 877 1844 951 ὀφθέντα
1892 875 2144 951 οἰκουρὸν
2193 878 2284 932 καὶ
2316 876 2618 951 ἀπόλεμον,
2653 879 2729 942 εἷς
2781 877 3070 947 Βυζάντιον
3104 874 3461 950 έπανέδραμε.
3504 875 3644 932 Τότε
3703 873 3765 932 δὲ

341 971 565 1041 καὶτῆς
599 968 978 1044 Στρουμίτζης
1010 967 1322 1043 ἐκράτησεν,
1376 967 1558 1040 ἀπάτῃ
1628 966 1901 1029 κάνταῦθα
1956 964 2048 1019 τὸν
2106 965 2322 1041 Χρύσον
2382 966 2710 1044 περιελθὼν,
2765 967 2853 1021 καὶ
2912 967 3009 1031 τὰς
3041 965 3176 1040 πρὸς
3212 966 3469 1035 Ἰωάννην
3524 962 3758 1028 σπονδὰς

340 1060 670 1135 έξεπέρανεν.

405 1160 477 1220 η’.
513 1147 691 1205 Ἀλλὰ
716 1146 882 1224 μέχρι
927 1149 1021 1223 μέν
1079 1145 1146 1219 δὴ
1202 1145 1414 1203 τούτων
1475 1143 1744 1220 εὔδρομος
1770 1146 1905 1218 ἡμῖν
1965 1145 1994 1199 ὁ

2187 1148 2338 1203 711)
2367 1148 2420 1204 8.
2445 1146 2739 1204 Hactenus
2761 1149 3067 1220 expeditus
3098 1149 3209 1205 fuit
3240 1152 3451 1205 nostra:
3469 1146 3755 1204 orationis

333 1236 504 1316 λόγος
530 1239 621 1295 καὶ
649 1237 739 1294 διὰ
769 1237 918 1301 λείας
947 1238 1126 1316 φέρων
1188 1234 1341 1304 ὁδοῦ,
1397 1236 1460 1291 τὸ
1491 1233 1538 1290 δ’
1598 1234 1835 1290 ἐντεῦθεν
1902 1233 2000 1289 οὐκ

338 1326 447 1384 οἷδ’
480 1328 631 1390 ὅπως
661 1332 742 1400 τῷ
774 1328 925 1404 λόγῳ
956 1329 1267 1403 χρήσομαι.
1302 1325 1440 1384 Τίνα
1466 1324 1567 1401 γὰρ
1598 1323 1828 1399 γνώμην
1854 1318 2003 1398 ἔχειν

335 1418 485 1481 εἴκὸς
541 1418 633 1473 τὸν
686 1418 782 1479 τὰς
818 1417 1005 1479 κοινὰς
1067 1413 1316 1489 διεξιέναι
1375 1411 1647 1489 μέλλοντα
1693 1414 2001 1492 συμφορὰς,

338 1508 410 1561 ῶν
449 1511 484 1576 ἡ
511 1512 619 1562 τῶν
648 1506 863 1562 ¹ιιόλεων
894 1504 1034 1578 αὕτη
1076 1505 1398 1580 πεπείραται
1457 1502 1680 1579 βασιλὶς
1729 1506 1838 1558 τῶν
1872 1501 2002 1577 γηΐ-

335 1617 441 1651 νων
474 1595 723 1672 ἆγγέλων
753 1592 1196 1670 βασιλευόντων;
1256 1588 1574 1666 ἐϐουλόμην
1628 1592 1723 1667 μὲν
1769 1591 1886 1655 οἶός
1942 1611 2002 1646 τε

333 1684 470 1740 εἶναι
507 1682 797 1755 διεξελθεῖν
826 1684 993 1755 ἀξίως
1047 1688 1125 1757 τῷ
1161 1682 1316 1759 λόγῳ
1370 1683 1437 1738 τὰ
1486 1681 1705 1738 πάντων
1735 1687 1844 1739 τῶν
1902 1701 2000 1737 κα-

334 1777 444 1829 κῶν
478 1771 835 1848 ἀχθεινότατέ
871 1793 929 1828 τε
986 1773 1078 1827 καὶ
1131 1771 1520 1851 χαλεπώτατα·
1581 1769 1697 1827 ἐπεὶ
1754 1768 1812 1826 δὶ
1833 1774 1997 1827 τοῦτο

332 1859 621 1929 ἀδύνατον,
656 1861 707 1916 έν
740 1860 988 1935 ἐπιτόμῳ
1036 1859 1101 1931 δὴ
1161 1862 1253 1916 καὶ
1311 1862 1621 1935 ποιήσομαι
1649 1860 1748 1929 τήν
1791 1857 1995 1937 διήγη-

335 1971 441 2023 σιν,
483 1947 923 2025 κερδαλεωτέραν
976 1946 1244 2023 ἒσομένην
1301 1947 1480 2020 δήπου
1534 1952 1652 2010 τοῖς
1711 1948 1995 2024 ὀψιγόνοις

333 2038 424 2096 διὰ
452 2042 554 2111 τὴν
594 2044 702 2095 τῶν
730 2038 992 2118 ἀλγεινῶν
1053 2040 1411 2115 ἀκουσμάτων
1444 2038 1722 2116 μετρίασιν
1771 2038 1863 2095 καὶ
1892 2039 1991 2109 τὴν

329 2128 569 2194 ἐντεῦθεν
599 2138 701 2200 τῆς
732 2132 993 2194 πλείονος
1021 2130 1202 2202 λύπης
1234 2131 1536 2210 ὑφαίρεσιν.

403 2220 539 2296 Εἶχε
602 2221 699 2293 μὲν
761 2220 853 2276 οὖν
907 2221 934 2276 ὁ
997 2219 1255 2297 βασιλεὺς
1314 2220 1557 2292 Ἀλέξιος
1612 2220 1708 2275 τὸν
1757 2216 1993 2299 ἀδελφὸν

330 2310 598 2367 Ἰσαακιον
644 2311 980 2385 καθῃρηκὼς
1038 2317 1138 2379 τῆς
1199 2312 1401 2386 ἀρχῆς·
1440 2307 1562 2366 δέον
1608 2306 1665 2365 δὲ
1701 2311 1777 2383 μή
1816 2310 1988 2380 πάντη

326 2398 605 2472 ἀμελῆσαι
635 2406 735 2468 τῆς
797 2398 1051 2473 φυλακῆς
1110 2399 1300 2468 αὐτοῦ,
1357 2400 1386 2454 ὁ
1442 2396 1500 2454 δὲ
1549 2396 1856 2474 λαθόμενος
1916 2399 1991 2461 ὡς

329 2485 638 2562 ἂγκαίονται
694 2492 811 2550 τοῖς
872 2488 1156 2549 πλείστοις
1233 2489 1287 2543 αἱ
1347 2488 1624 2568 συμφοραὶ
1702 2488 1789 2544 καί
1850 2489 2061 2592 εἰσινΒ

339 2572 353 2592 τ
490 2574 501 2590 Ι
782 2571 809 2591 Ἰ
962 2576 975 2591 ς
1058 2577 1072 2592 Ι
1156 2572 1203 2592 ΩΙ
1317 2571 1384 2592 δ’
1444 2573 1498 2592 ηκ
1616 2577 1681 2592 Γτι
1738 2578 1862 2592 ΑιΛἸ
1943 2575 1955 2592 1

329 2572 712 2640 ἀναπόνιπτοι,
748 2571 873 2629 οὕτε
907 2576 1014 2649 μὴν
1048 2577 1083 2645 ἡ
1153 2572 1279 2645 δίκη
1315 2571 1384 2629 δι’
1444 2573 1580 2630 ’ὀλου
1616 2577 1702 2649 [Ρ.
1737 2578 1863 2650 346]
1901 2575 1985 2638 τίς

335 2662 478 2718 ἐστιν
511 2660 862 2726 ἀδιύπνιστος
893 2663 982 2719 ναὶ
1034 2668 1155 2727 ταῖς
1212 2662 1459 2742 χρονίαις
1492 2661 1803 2742 φιληδοῦσα
1825 2686 1992 2739 μετα-

331 2746 553 2821 ϐολαῖς,
588 2751 714 2807 ἀλλ’
765 2751 937 2808 ἔπεισι
993 2754 1084 2808 καὶ
1141 2753 1425 2832 ταχύπους
1464 2755 1556 2808 καὶ
1590 2754 1815 2834 ἀψόφως
1870 2753 1993 2811 ἐπι-

328 2844 546 2899 πίπτειν
577 2844 729 2925 φιλεῖ
756 2850 873 2907 τοῖς
903 2841 1035 2921 ἔργα
1067 2844 1310 2921 ῥέζουσιν
1371 2843 1551 2915 ὂίδικα,
1605 2844 1857 2901 ἐνδίδωσι
1912 2851 1992 2920 τῷ

323 2937 644 3010 κασιγνήτῳ
686 2932 929 3012 διάγοντι
958 2935 1095 2991 κατά
1156 2936 1281 2997 τοὺς
1338 2934 1545 3008 κίονας,
1604 2934 1658 2992 οἵ
1716 2937 1841 3013 περὶ
1896 2937 1989 2993 τὸν

325 3024 576 3099 πορθμὸν
637 3024 850 3079 ἀκταῖοι
925 3025 1015 3079 καὶ
1103 3021 1385 3095 δυάξοντες
1466 3025 1730 3098 ἵστανται,
1800 3027 1989 3102 βίοτον

320 3107 469 3188 ἔχειν
502 3111 712 3184 ἄνετον,
743 3112 836 3169 καὶ
883 3117 1043 3169 πᾶσιν
1106 3112 1507 3190 ἀνεπέγκλητον
1564 3116 1700 3170 εἶναι
1752 3116 1852 3184 τὴν
1912 3115 1990 3179 εἷς

324 3202 488 3257 αύτὸν
521 3199 874 3259 διαπλώϊσιν.
937 3207 1033 3259 Ἠν
1094 3204 1189 3257 οὗν
1220 3208 1319 3258 τοῦ
1363 3203 1706 3280 βουλομένου
1764 3208 1989 3280 παντὸς,

334 3292 427 3347 καὶ
460 3290 515 3346 ο⁹ί
548 3289 607 3347 έκ
644 3291 833 3369 γένους
868 3289 1107 3365 μάλιστα
1161 3296 1267 3348 τῶν
1316 3295 1588 3364 Λατίνων,
1621 3294 1697 3359 εἷς
1721 3296 1989 3353 Ἰσαάκιον

333 3379 615 3437 ἀναπλεῖνο
678 3383 760 3443 οἷς
809 3380 901 3436 καὶ
931 3382 1173 3458 κρυφίων
1227 3383 1490 3445 κοινωνὸς
1537 3380 1808 3439 ἐδείκνυτο
1870 3386 1994 3461 βου-

331 3467 642 3543 λευμάτων,
715 3468 892 3525 ὁπόσα
945 3470 1046 3538 τήν
1127 3469 1476 3535 ἀντιπάθειαν
1552 3468 1988 3548 έϐυσσοδόμευον

331 3559 421 3614 καὶ
452 3559 554 3628 τὴν
586 3557 835 3630 Ἀλεξίου
900 3558 1215 3633 καθαίρεσιν
1280 3556 1623 3633 έμεθόδευον,
1672 3563 1995 3637 γραμμάτια

326 3649 461 3723 πρὸς
494 3647 739 3724 Εἰρήνην
780 3647 1016 3722 πέμπων
1069 3649 1171 3719 τήν
1230 3649 1519 3725 θυγατέρα,
1574 3651 1841 3705 κοινωνὸν
1898 3649 1991 3706 λέο

321 3756 461 3812 χους
489 3734 757 3811 Φιλίππῳ
815 3741 893 3811 τῷ
935 3740 1227 3812 κρατοῦντι
1302 3735 1426 3793 τότε
1478 3742 1588 3794 τῶν
1631 3736 1988 3814 Ἀλαμανῶν,

320 3827 456 3902 πρὸς
486 3828 585 3897 τὴν
644 3828 901 3902 πατρῴαν
962 3824 1239 3898 ἐκδίκησιν
1302 3826 1694 3908 ὑπαλείφοντα,
1738 3832 1985 3887 κακεῖθεν

317 3912 705 3989 διαποτώμενα
758 3913 905 3990 ἔχων
974 3916 1279 3996 ἀντίγραφα
1358 3917 1421 3972 τὸ
1498 3917 1756 3990 ποιητέον
1833 3921 1986 3993 αὐτῷ
2024 3899 2069 3966 C

315 4003 703 4081 εἰσηγούμενα.
740 4005 869 4061 Εἶτα
924 4004 1016 4059 καὶ
1045 4006 1139 4061 τὸν
1195 4007 1313 4061 υἱέα
1340 4006 1537 4063 τούτου
1579 4003 1825 4079 ’Δλέξιον
1882 4018 1983 4081 τῆς

318 4097 541 4175 εἱρκτῆς
603 4098 832 4160 ἀνεικὼς
891 4095 1177 4172 ἐλεύθερον
1252 4100 1428 4175 ἀφῆκε
1511 4101 1846 4178 στρέφεσθαι.
1894 4107 1983 4160 Ἐν

317 4185 375 4242 δὲ
405 4192 483 4257 τῷ
519 4184 745 4258 μέλλειν
773 4186 911 4240 κατά
966 4190 1063 4240 τοῦ
1120 4184 1607 4262 πρωτοστράτορος
1658 4188 1851 4260 ἐξιέναι
1876 4213 1983 4247 κα-

315 4271 555 4333 ταλύσας
607 4273 685 4334 εἰς
746 4272 1150 4347 Δαμοκράνειαν
1212 4271 1550 4348 συνέκδημον
1615 4278 1706 4332 καὶ
1786 4284 1980 4339 τοῦτον

317 4362 579 4437 ἐπήγετο.
614 4363 673 4418 Ὁ
723 4359 779 4417 δὲ
837 4364 975 4418 κατὰ
1030 4364 1258 4439 γνώμην
1312 4360 1583 4434 δήπουθεν
1629 4370 1723 4421 τοῦ
1780 4370 1983 4443 πατρὸς

315 4452 562 4525 Πισσαίῳ
646 4452 755 4507 τινὶ
871 4451 999 4528 περὶ
1085 4448 1334 4527 δρασμοῦ
1420 4455 1986 4531 κοινολογησάμενος,

315 4540 665 4616 στρογγύλης
717 4546 1022 4617 προεστῶτι
1084 4541 1344 4619 μεγίστης
1401 4542 1560 4615 νεὼς,
1620 4544 1982 4624 έκαιροφυλά·

312 4653 397 4687 κει
430 4630 613 4687 Οέσθαι
646 4630 697 4686 ἐν
758 4630 1005 4707 θαλάσσῃ
1065 4633 1126 4687 τὸ
1179 4632 1415 4707 ὅρμημα
1468 4635 1557 4689 καὶ
1608 4634 1672 4690 τὸ
1723 4635 1887 4712 ’ἰχνος
1925 4636 1979 4694 έν

310 4720 549 4782 πολλοῖς
608 4718 816 4778 ὕδασιν.
876 4722 969 4784 Ὠς
1056 4719 1102 4777 δ’
1163 4721 1358 4793 ἐπέστη
1431 4724 1620 4800 καιρὸς
1675 4726 1813 4802 πρὸς
1879 4728 1977 4796 τὴν

312 4810 546 4888 ἄπαρσιν
579 4810 679 4866 οὐκ
709 4811 1047 4885 ἀνάρσιος,ἡ
1085 4811 1179 4884 μὲν
1240 4816 1369 4875 ναῦς
1427 4813 1627 4877 ἱστίοις
1685 4820 1976 4890 πτεροῦται

308 4900 401 4980 καὶ
452 4902 569 4956 κατ’
629 4900 791 4977 οὖρον
862 4901 1079 4978 φέρεται
1141 4902 1230 4956 καὶ
1284 4902 1652 4978 προσωκείλει
1730 4909 1799 4980 τῇ
1857 4892 1977 4962 καθ’

307 4975 720 5061 Ἑλλήσποντον
750 4975 1037 5062 Αὐλωνίᾳ,
1064 4990 1127 5047 τὸ
1161 4988 1217 5045 δὲ
1274 4975 1476 5063 ταύτης
1526 4975 1783 5072 ἐφόλκιον
1808 5001 1973 5051 κατᾶ-

310 5098 404 5150 ραν
464 5080 519 5143 ές
574 5082 665 5136 τὸν
724 5080 957 5156 Ἀθύραν
1014 5079 1102 5135 ἐπὶ
1159 5084 1239 5149 τῶ
1305 5078 1553 5152 δέξασθαι
1582 5084 1672 5138 τὸν
1704 5082 1973 5160 Ἀλέξιον,

309 5169 452 5222 τιθὶν
488 5172 588 5240 τὴν
625 5168 809 5245 σκέψιν
867 5170 1177 5250 ἀφώρατον,
1247 5168 1488 5249 ἐνεφόρει
1546 5173 1799 5248 ψάμαθον
1838 5175 1972 5254 φόρ-

2113 1246 2343 1304 cursus,
2368 1242 2425 1292 et
2454 1237 2616 1293 molli
2664 1238 2946 1310 processit
2985 1238 3097 1295 via.
3131 1238 3417 1310 Deinceps
3445 1254 3579 1293 vero
3615 1237 3755 1309 quid

2112 1327 2303 1383 dicam
2339 1329 2564 1385 nescio:
2600 1347 2714 1401 quo
2757 1329 2913 1385 enim
2949 1329 3141 1385 animo
3180 1345 3313 1385 eum
3347 1346 3478 1385 esse
3511 1344 3613 1400 par
3642 1331 3754 1395 est,

2110 1417 2209 1488 qui
2232 1417 2493 1490 publicas
2525 1419 2739 1487 clades,
2774 1419 2982 1490 quibus
3014 1419 3215 1489 regina
3238 1419 3472 1475 urbium
3505 1416 3756 1473 terrenis

2110 1504 2237 1561 istis
2260 1506 2485 1579 angelis
2532 1507 2966 1579 imperantibus
2997 1508 3214 1564 afﬂicta
3252 1512 3362 1572 est,
3396 1522 3756 1564 commemo-

2109 1594 2303 1653 rabit?
2332 1596 2554 1653 Vellem
2603 1597 2875 1670 equidem
2902 1614 2994 1654 me
3025 1598 3291 1653 omnium
3322 1596 3667 1669 gravissima
3697 1600 3755 1652 et

2107 1685 2452 1743 tristissima
2476 1686 2631 1744 mala
2653 1705 2756 1759 pro
2790 1687 3073 1761 dignitate
3105 1704 3277 1759 posse
3308 1702 3612 1758 exponere.
3644 1686 3750 1742 Sed

2109 1775 2246 1848 quia
2299 1776 2357 1832 id
2411 1776 2535 1833 fieri
2595 1794 2711 1833 non
2761 1781 2974 1850 potest,
3045 1777 3351 1832 historiam
3410 1772 3754 1845 compendio

2106 1880 2411 1938 exsequar,
2445 1866 2739 1923 utiliorem
2755 1867 3012 1922 futuram
3042 1866 3291 1939 posteris
3305 1866 3376 1921 ob
3392 1864 3751 1920 moderatam

2104 1954 2369 2013 tristium
2420 1972 2616 2013 rerum
2664 1956 3282 2014 commemorationem
3330 1959 3386 2011 et
3415 1952 3634 2011 doloris
3665 1952 3753 2008 di-

2105 2045 2521 2103 minutionem.

2170 2208 2407 2265 Alexius
2440 2208 2674 2265 fratrem
2719 2208 3004 2265 lsaacium
3036 2209 3286 2281 imperio
3318 2208 3611 2279 dejectum
3646 2222 3754 2263 ex-

2101 2305 2382 2354 caecarat:
2426 2299 2529 2354 sed
2572 2315 2704 2355 cum
2752 2301 2879 2371 ejus
2931 2300 3200 2355 custodia
3231 2315 3346 2354 non
3387 2314 3627 2371 prorsus
3660 2312 3756 2353 ne-

2099 2387 2373 2459 gligenda
2404 2392 2579 2456 esset,
2612 2390 2830 2445 oblitus
2874 2389 3167 2461 plerisque
3211 2389 3365 2444 inuri
3389 2388 3754 2444 calamitates

2098 2493 2203 2533 nec
2236 2477 2414 2533 deleri
2461 2494 2653 2550 posse,
2681 2483 2738 2533 et
2783 2478 3106 2534 vindictam
3150 2495 3268 2533 non
3302 2481 3581 2550 perpetuo
3604 2480 3751 2533 ster-

2097 2570 2240 2633 tere,
2273 2567 2373 2622 sed
2407 2567 2555 2623 seris
2600 2567 2855 2639 gaudere
2891 2567 3337 2633 mutationibus,
3396 2571 3455 2623 et
3479 2565 3753 2623 celeriter

2097 2656 2469 2728 ingruentem
2501 2658 2677 2712 tacito
2717 2672 2815 2713 eos
2854 2658 2997 2727 pede
3028 2654 3351 2712 consectari
3395 2656 3493 2728 qui
3526 2654 3751 2711 nefaria

2098 2747 2350 2803 facinora
2380 2750 2734 2819 perpetrant,
2788 2748 3027 2802 i‘ratrem
3055 2748 3227 2818 juxta
3252 2746 3403 2802 duas
3441 2744 3751 2801 columnas

2096 2853 2224 2909 qum
2256 2837 2317 2891 in
2351 2837 2480 2893 freti
2517 2835 2713 2892 littore
2744 2841 2883 2893 sunt
2928 2837 3107 2893 libere
3153 2836 3344 2891 vivere
3391 2852 3604 2907 passus
3635 2840 3748 2905 est,

2099 2942 2289 2997 neque
2329 2941 2686 2997 quemquam
2748 2926 2822 2981 ad
2861 2941 2995 2979 eum
3049 2924 3319 2995 trajicere
3360 2924 3563 2980 vetuit.
3611 2923 3749 2979 Erat

2095 3015 2279 3088 igitur
2292 3015 2553 3086 cujusvis
2576 3014 2863 3071 Isaacium
2891 3015 3075 3082 adire,
3094 3018 3220 3070 tum
3240 3030 3372 3069 vero
3391 3015 3748 3080 Lalinorum,

2096 3122 2228 3161 cum
2262 3104 2476 3177 quibus
2507 3121 2722 3161 arcana
2751 3104 2998 3161 consilia
3028 3105 3099 3160 de
3131 3103 3482 3159 ulciscendis
3513 3102 3749 3173 injuriis

2100 3204 2240 3258 ’171
2284 3209 2336 3257 et
2366 3203 2673 3259 avertendo
2707 3203 2882 3258 fratre
2910 3201 3108 3257 Alexio
3148 3200 3501 3268 conferebat,
3536 3198 3750 3255 litteris

2097 3294 2169 3349 ad
2205 3294 2426 3351 lrenem
2487 3293 2669 3349 ﬁliam
2710 3293 2930 3361 missis,
2985 3291 3241 3365 Philippi
3283 3293 3744 3348 Alamannorum

2097 3383 2251 3455 regis
2278 3384 2614 3455 conjugem,
2665 3383 2884 3455 quibus
2915 3398 3042 3438 ean:
3087 3384 3158 3437 ad
3208 3398 3377 3454 Opem
3411 3381 3521 3438 sibi
3553 3381 3743 3436 feren-

2096 3472 2231 3526 dam
2265 3471 2609 3544 instigabat,
2643 3480 2817 3544 alque
2848 3472 2985 3527 inde
3018 3471 3241 3528 litteras
3267 3470 3581 3543 recipiebat
3613 3469 3748 3542 qui-

2098 3562 2211 3616 bus
2249 3560 2388 3632 quid
2417 3561 2709 3633 agendum
2742 3566 2899 3618 esset
2931 3562 3297 3617 monebatur.
3335 3560 3550 3616 Deinde
3580 3559 3740 3617 filius

2099 3666 2332 3722 quoque
2360 3650 2488 3721 ejus
2534 3650 2769 3707 Alexius
2824 3650 3091 3706 custodia
3131 3651 3380 3706 eductus
3413 3649 3593 3706 libere
3623 3665 3739 3721 quo

2096 3738 2268 3795 libuit
2312 3737 2658 3803 ambulavit,
2697 3742 2755 3795 et
2799 3739 2871 3794 ab
2918 3740 3270 3812 imperatore
3303 3742 3510 3793 contra
3545 3746 3742 3810 proto-
3816 3802 3819 3805 _

2099 3833 2403 3885 stratorem
2438 3827 2663 3883 exituro
2694 3828 2918 3883 itineris
2939 3844 3134 3883 comes
3166 3831 3257 3884 est
3285 3833 3652 3900 assumptus.
3687 3826 3744 3883 Is

2097 3936 2230 3975 vero
2256 3919 2327 3974 de
2350 3919 2639 3974 sententia
2657 3919 2864 3990 patris,
2889 3934 3020 3973 cum
3044 3919 3256 3974 Pisano
3280 3918 3533 3989 quodam
3567 3918 3747 3974 maxi-

2097 4025 2204 4064 mae
2238 4007 2498 4063 rotundis
2530 4008 2692 4063 navis
2725 4009 2960 4063 domino
2990 4007 3235 4063 consilio
3269 4009 3418 4079 fugae
3450 4006 3616 4075 inito,
3642 4025 3744 4063 na-

2096 4097 2329 4168 vigandi
2363 4097 2859 4169 opportunitatem
2893 4096 3179 4167 captabat.
3216 4099 3349 4163 Quae
3382 4111 3516 4151 cum
3548 4096 3743 4152 conti-

2095 4189 2299 4257 gisset,
2333 4186 2528 4255 majus
2561 4184 2859 4258 navigium
2883 4183 3072 4255 plenis
3102 4184 3248 4240 velis
3279 4184 3348 4239 ad
3382 4170 3743 4255 Hellesponti

2094 4274 2405 4330 Auloniam
2435 4274 2640 4343 fertur,
2691 4275 2891 4329 minus
2914 4289 3044 4329 vero
3095 4273 3327 4346 Athyras
3376 4272 3561 4329 Alexii
3594 4273 3742 4328 reci-

2095 4364 2289 4438 piendi
2323 4381 2499 4420 causa
2531 4365 2801 4436 appulit;
2838 4371 2894 4420 et
2921 4381 3033 4436 quo
3064 4363 3121 4419 id
3169 4364 3478 4421 consilium
3516 4364 3738 4433 lateret,

2094 4456 2285 4506 nautae
2306 4468 2540 4506 arenam
2574 4450 2902 4506 intulerunt
2951 4451 3299 4508 saburrandi
3322 4451 3546 4508 scilicet
3572 4453 3741 4510 vacui

2094 4540 2303 4611 navigii
2351 4540 2557 4609 gratia.
2598 4540 2721 4603 Quo
2774 4539 3036 4610 Alexius,
3078 4540 3463 4597 Damocrania
3493 4559 3559 4598 eo
3609 4561 3740 4615 pro-

2092 4631 2299 4700 fectus,
2338 4647 2661 4687 conscenso
2710 4632 2779 4686 ad
2815 4648 3087 4704 magnam
3122 4648 3331 4687 navem
3379 4632 3737 4702 pervehitur.

2089 4726 2249 4793 Fuga
2280 4721 2408 4792 ejus
2439 4720 2671 4792 cognita
2702 4723 3017 4777 mittuntur
3038 4721 3108 4776 ab
3132 4721 3483 4791 imperatore
3505 4721 3605 4791 qui
3637 4739 3740 4778 na-

2088 4825 2214 4866 vem
2250 4815 2710 4882 perscrutantur,
2744 4827 2850 4866 nec
2881 4815 3075 4866 tamen
3110 4809 3376 4866 Alexium
3408 4810 3739 4881 deprehen-

2088 4899 2223 4956 dere
2256 4904 2604 4973 potuerunt;
2641 4917 2775 4956 nam
2828 4900 2979 4956 ’τπῖ
3021 4914 3189 4955 coma
3214 4899 3501 4955 inorbem
3538 4908 3736 4957 rasaet

2091 4998 2293 5055 Latina
2320 5003 2476 5056 veste
2510 4999 2736 5064 induta,
2770 5002 2835 5053 ut
2862 4997 2921 5053 in
2953 4997 3129 5052 turba
3159 5013 3371 5068 magna
3398 4998 3737 5071 obversans,

2088 5088 2470 5160 inquisitores
2518 5086 2714 5144 latuit.
2776 5087 3098 5143 Perductus
3135 5086 3193 5141 in
3244 5086 3505 5143 Siciliam
3547 5089 3734 5145 sorori

2086 5177 2409 5246 indicatur;
2443 5193 2572 5248 quae
2603 5177 2769 5248 justo
2811 5176 3081 5249 praesidio
3112 5178 3291 5232 misso
3338 5177 3573 5234 fratrem
3608 5196 3736 5235 am-

310 5272 399 5307 τον
440 5254 703 5331 ἐσομένην
756 5264 826 5333 τῇ
877 5258 971 5331 νηΐ
1030 5259 1374 5336 κεκενωμένῃ
1418 5257 1578 5331 δῆθεν
1610 5267 1717 5318 τῶν
1752 5264 2006 5341 ἀγωγί-,

2098 5266 2271 5336 alexa,
2314 5267 2588 5322 maritum
2643 5265 2979 5338 Philippum
3022 5270 3149 5322 orat
3172 5271 3235 5321 ut
3283 5266 3434 5338 patri
3481 5284 3587 5324 suo
3628 5286 3731 5341 pro

315 5364 431 5414 μων
508 5347 570 5403 Ὁ
631 5346 676 5404 δ’
736 5348 983 5421 Ἀλέξιος
1041 5348 1101 5404 ἐκ
1131 5352 1538 5427 Δαμοκρανείας
1590 5352 1762 5408 ἐκεῖσε
1792 5374 1966 5428 παρα-

310 5430 603 5506 γενόμενος
652 5440 751 5508 τήν
809 5436 1020 5496 ὁλκάδα
1067 5438 1258 5495 ε’ἓσεισι
1314 5441 1407 5495 καὶ
1463 5442 1601 5516 πρὸς
1686 5448 1792 5513 νῆα
1874 5465 1968 5518 με-

306 5522 679 5595 τακομίζεται.
715 5529 1054 5601 Γνωσθείσης
1091 5526 1149 5585 δὲ
1201 5532 1302 5595 τῆς
1354 5528 1554 5585 τούτου
1615 5538 1796 5610 φυγῆς
1826 5534 1970 5607 πέμ·

2080 5355 2237 5411 virili
2267 5372 2435 5428 opem
2473 5355 2620 5411 ferat
2648 5354 2824 5410 simul
2855 5354 3101 5428 imperio
3143 5360 3200 5411 et
3230 5356 3455 5412 lumine
3485 5356 3732 5430 privato,

2081 5448 2139 5501 et
2183 5444 2420 5500 fratrem
2473 5460 2701 5516 quoque
2738 5445 2899 5516 iuvet
2929 5445 3191 5500 exsulem
3235 5449 3291 5500 et
3339 5451 3628 5503 extorrem
3671 5453 3731 5505 et

2082 5534 2403 5589 errantium
2437 5533 2740 5590 stellarum
2773 5534 2963 5590 instar
2990 5544 3322 5608 vagantem,
3347 5551 3535 5608 neque
3557 5537 3729 5609 quid-

309 5634 503 5668 πονται
540 5615 634 5689 μὲν
666 5618 811 5691 παρὰ
838 5623 935 5674 τοῦ
1007 5620 1280 5695 βασιλέως
1329 5621 1382 5675 οἱ
1429 5622 1491 5677 τὸ
1540 5623 1738 5678 πλοῖον
1767 5623 1974 5699 ἐξερευ-

2098 5640 2254 5695 quam
2291 5625 2571 5679 ferentem
2604 5640 2802 5679 secum
2836 5629 3048 5696 praeter
3077 5640 3311 5696 corpus.

308 5705 590 5777 νήσοντες,
643 5707 711 5763 οὐ
774 5708 880 5782 μὴν
939 5707 1166 5787 ἴσχυσαν
1228 5706 1523 5768 συλλαϐεῖν
1562 5713 1656 5769 τὸν
1688 5713 1953 5787 Ἀλέξιονο
2012 5713 2171 5779 οὗτος
2224 5713 2325 5789 γὰρ
2391 5712 2491 5781 τὴν
2551 5712 2733 5786 κόμην
2797 5711 3115 5789 κειράμενος
3180 5712 3560 5789 περιτρόχαλα
3632 5719 3725 5775 καὶ
