4074 6384
343 297 461 360 919
1671 305 1988 370 ΝΙΟΕΤΕ
2031 301 2462 366 ΟΗΟΝΙΑΤιΕ
3645 319 3780 384 920

329 437 437 506 τήν
471 435 640 506 αὗτῆν
659 442 782 500 τοῖς
813 439 1068 502 Λατίνοις
1099 440 1301 509 στολὴν
1344 438 1725 515 ἐνδυσάμενος,
1757 441 1831 502 ὡς
1860 439 1910 495 ἐν
1945 438 2132 512 ὁμίλῳ
2161 433 2362 508 πολλῷ
2384 437 3116 516 συναναστρεφόμενος,τοὺς
3147 439 3416 520 διφῶντας
3446 447 3776 509 έλάνθανεν⁹

331 512 646 606 Ἀπαχθεῖς
679 527 771 581 οὗν
800 526 852 590 ἐς
887 527 1142 584 Σικελίαν
1175 525 1346 598 δῆλος
1369 533 1437 604 τῇ
1466 512 1675 609 ἀδελφῇ
1717 529 1942 606 γίνεται.
1974 528 2039 584 ἸΙ
2073 523 2131 581 δὲ
2162 523 2495 617 δορυφορίαν
2529 512 3118 617 ἱκανὴν-ἀποστείλασα
3147 512 3240 588 τὸν
3275 533 3511 603 ἀδελφὸν
3538 539 3784 617 ἀγκαλί-

347 620 519 687 ζεται,
549 617 641 672 καὶ
673 613 845 671 δεῖται
875 621 972 671 τοῦ
994 615 1184 693 ἀνδρὸς
1218 617 1504 674 Φιλίππου
1533 619 1600 674 τὰ
1630 617 1830 674 δυνατά
1877 621 1956 689 τῷ
2013 614 2176 688 πατρὶ
2231 613 2500 686 ἐπαμῦναι
2559 615 2695 693 φάος
2745 617 2860 690 ἅμα
2906 619 2996 673 καὶ
3028 622 3226 696 κράτος
3259 624 3363 680 ὑπὸ
3391 631 3500 682 τῶν
3527 631 3776 704 γνησίων

339 703 708 783 ἀφῃρημένῳ,
750 706 842 760 καὶ
875 711 951 778 τῷ
983 704 1204 784 ἀδελφῷ
1228 706 1515 783 έπαρῆξειν
1549 706 1761 786 ἀστέγῳ
1790 727 1848 762 τε
1885 705 1976 760 καὶ
2038 700 2264 760 ἀπόλιει
2321 704 2439 760 κατ’
2487 704 2713 780 ἀστέρας
2750 710 3171 786 μεταφερομένῳ
3201 711 3330 776 τοὺς
3359 700 3645 788 πλάνη-τας
3675 727 3780 777 καί

335 791 508 867 μηδὲν
540 794 868 869 ἐπαγομένῳ
899 796 1047 865 πλὴν
1078 799 1174 850 τοῦ
1199 797 1476 870 σώματος.

400 892 516 948 Sed
547 897 747 965 praeter
785 893 905 948 haec
965 893 1077 948 alia
1123 911 1358 966 quoque
1415 896 1476 952 in
1526 900 1785 952 mentem
1843 894 1952 950 mih

2066 952 2070 961 Ι
2176 889 2356 947 Ἀλλὰ
2385 891 2489 966 γὰρ
2529 893 2668 964 πρὸς
2697 895 2914 958 τούτοις
2961 897 3050 952 καὶ
3087 896 3232 956 ἂλλα
3293 922 3386 974 μοι
3438 902 3674 981 έπιρῥεῖ,
3739 909 3782 966 ἅ

325 984 731 1055 veniunt,quee
765 982 1115 1055 negligenda
1151 1002 1264 1040 non
1295 990 1454 1040 sunt.
1486 985 1745 1058 Angelici
1791 985 1978 1041 nomi-

322 1073 416 1128 nis
461 1073 665 1128 fratres
717 1088 850 1128 cum
901 1073 1034 1128 aliis
1077 1073 1255 1130 rebus
1306 1075 1621 1148 imperium
1673 1093 1976 1149 perperam

327 1161 844 1231 administrabant,
907 1166 971 1218 ut
1019 1163 1146 1234 jam
1201 1163 1480 1234 diximus,
1523 1173 1644 1221 tum
1715 1165 1979 1238 pecunia:

319 1251 640 1322 cupiditate
671 1255 992 1306 aestuantes
1034 1269 1222 1324 neque
1247 1255 1428 1324 justis
1475 1254 1805 1310 rationibus
1838 1273 1976 1328 Opes

323 1356 534 1412 augere
558 1339 850 1410 volebant,
899 1358 1004 1398 nec
1027 1359 1095 1398 ea
1138 1359 1263 1415 quas
1308 1350 1634 1418 coegerant,
1668 1363 1974 1404 conserva-

323 1432 498 1500 bant;
524 1431 622 1486 sed
657 1430 946 1488 ambabus
974 1431 1249 1488 manibus
1281 1433 1670 1506 dissipabunt,
1705 1451 1822 1490 non
1852 1439 1972 1492 tam

319 1535 678 1590 supervacuo
727 1520 1010 1576 comitatu
1042 1528 1097 1576 et
1141 1522 1397 1594 pretioso
1445 1525 1708 1595 corporis
1735 1529 1969 1596 ornatu,

325 1626 502 1680 quam
529 1607 936 1666 meretricibus
959 1615 1017 1666 et
1047 1611 1308 1680 cognatis
1340 1611 1420 1667 rei
1457 1611 1701 1683 publica:
1730 1631 1970 1686 prorsus

319 1696 630 1753 inutilibus
663 1697 988 1770 largiendo.
1013 1699 1177 1756 Unde
1210 1701 1375 1756 novis
1397 1703 1782 1775 vectigalibus
1813 1705 1972 1760 insti-

316 1787 469 1842 tutis
528 1803 643 1842 non
724 1787 898 1844 modo
954 1789 1246 1846 Romanas
1297 1791 1471 1847 urbes
1527 1797 1585 1848 et
1640 1793 1969 1866 provincias

316 1873 758 1942 exhauriebant,
801 1876 899 1930 sed
961 1876 1145 1932 Latini
1205 1878 1381 1933 etiam
1425 1881 1684 1936 nominis
1741 1887 1965 1952 gentes,

317 1969 608 2034 quantum
669 1968 956 2035 poterant,
1045 1967 1284 2022 tributis
1340 1969 1646 2026 vexabant.
1715 1970 1967 2028 Venetos

317 2051 552 2123 quidem
587 2069 739 2125 saepe
785 2054 970 2125 partis
1011 2058 1067 2110 et
1095 2057 1394 2114 conventis
1451 2058 1680 2115 violatis
1728 2061 1966 2132 pecunia

319 2141 670 2210 multarunt,
690 2147 748 2197 et
769 2143 1015 2216 vectigal
1034 2145 1105 2200 ab
1129 2162 1328 2202 eorum
1357 2149 1600 2205 navibus
1617 2155 1960 2223 exegerunt;

2101 981 2178 1072 μη
2213 981 2397 1072 χρεὼν
2457 983 2817 1072 παρόψεσθαι.
2851 987 2913 1072 Qi
2972 986 3390 1066 Ἀγγελώνυμοι
3443 995 3775 1072 κασίγνητοι

2086 1065 2178 1120 καὶ
2223 1063 2413 1130 ἄλλως
2476 1069 2570 1141 μὲν
2631 1068 2986 1144 πλημμελῶς
3047 1063 3304 1148 διῴκουν
3331 1081 3401 1134 τά
3427 1088 3528 1152 τῆς
3559 1063 3774 1160 ἀρχῆς,

2096 1155 2172 1218 ὡς
2207 1153 2312 1228 ἢδη
2349 1156 2598 1248 λέξαντες
2630 1157 2856 1248 ἔχομεν,
2892 1162 3132 1236 μάλιστα
3190 1164 3248 1222 δὲ
3305 1153 3775 1248 φιλοχρηματίαν

2087 1250 2374 1311 νοτοῢντες
2434 1247 2548 1302 οὔτ’
2609 1251 2714 1306 ἀπὸ
2771 1247 2997 1306 δικαίων
3065 1257 3252 1331 πόρων
3305 1247 3572 1317 πλουτεῖν
3613 1265 3780 1335 ἠνεί-

2087 1337 2419 1430 χοντοοῧτε
2451 1343 2704 1418 συνεῖχον
2758 1341 2832 1430 ,τὰ
2892 1340 3294 1420 συλλεγόμενα,
3329 1347 3456 1405 ἀλλ’
3516 1351 3776 1430 ἐξέφερον

2085 1423 2424 1504 ἀμφοτέραις
2480 1428 2620 1482 αὐτά
2681 1429 2773 1484 καὶ
2831 1437 3062 1507 περιττῇ
3155 1435 3252 1509 μὲν
3337 1439 3596 1514 θεραπείᾳ
3672 1439 3772 1498 καὶ

2085 1515 2280 1588 κόσμῳ
2335 1514 2636 1574 πολυτελεῖ
2693 1519 2970 1594 σώματος,
3038 1521 3208 1579 πλέον
3263 1523 3314 1580 δ’
3373 1526 3762 1590 ἀπεπλούτουν

2083 1605 2217 1674 πρὸς
2248 1603 2519 1680 έταιρίδας
2568 1609 2660 1664 καὶ
2719 1616 2996 1687 συγγενεῖς
3059 1612 3402 1680 ἀλυσιτελεῖς
3439 1621 3758 1680 παντάπασι

2079 1697 2159 1764 τῷ
2189 1700 2373 1769 κοινῷ.
2407 1696 2485 1754 Οὐ
2534 1698 2700 1772 μόνον
2758 1701 2937 1756 τοίνυν
2995 1702 3092 1766 τὰς
3150 1704 3466 1779 Ῥωμαϊκὰς
3499 1711 3584 1783 [Ρ.
3618 1715 3758 1794 34η

2080 1783 2274 1847 πόλεις
2360 1786 2717 1861 ἐκαλαμῶντο
2766 1791 2857 1845 καὶ
2918 1791 3316 1870 ἀπεφύλλιζον,
3372 1798 3584 1872 εὑρεταὶ
3637 1783 3752 1860 τῶν

2077 1880 2276 1929 καινῶν
2333 1875 2602 1954 είσφορῶν
2657 1881 3068 1954 καθιστάμενοι,
3125 1882 3272 1940 ἀλλᾶ
3331 1889 3420 1942 καὶ
3493 1891 3624 1954 τοὺς
3680 1892 3746 1950 ἐκ

2079 1962 2264 2040 φυλῶν
2297 1965 2598 2022 Λατινίδων
2632 1967 2685 2023 έν
2743 1970 2830 2031 οἷς
2889 1971 3047 2044 εἶχον
3080 1973 3452 2040 εἰσέπραττον.
3511 1980 3741 2037 Πολλά-

2075 2073 2160 2112 κις
2218 2055 2308 2108 οὗν
2365 2056 2461 2118 τὰς
2520 2056 2657 2132 πρὸς
2718 2059 3028 2124 Βενετίκοις
3087 2063 3354 2134 ξυνθήκας
3381 2063 3745 2146 παραϐλεψά-

2079 2162 2230 2216 μενοι
2287 2144 2487 2205 αὐτούς
2544 2166 2604 2201 τε
2698 2147 2750 2210 ἐς
2827 2151 3094 2224 ’χρήματα
3151 2151 3472 2226 ἐζημίωσαν
3528 2144 3747 2216 καὶὴτὰ

318 2235 378 2288 et
429 2232 674 2288 Pisanos
733 2235 882 2290 713
941 2252 1072 2291 cum
1127 2237 1210 2293 eis
1253 2237 1334 2294 ita
1391 2241 1838 2310 commiserunt,
1900 2248 1952 2298 ui

2073 2231 2246 2287 πλοῖα
2274 2233 2484 2289 τούτων
2515 2235 2952 2312 ήργυρολὸγουν,
3006 2241 3098 2295 καὶ
3127 2241 3257 2306 τοὺς
3290 2243 3349 2299 ἐκ
3397 2248 3498 2316 τῆς
3527 2248 3740 2321 Πίσσης

315 2321 631 2394 aliquando
672 2323 824 2381 intra
863 2325 1054 2398 ipsam
1105 2328 1328 2398 urbem,
1372 2329 1691 2402 aliquando
1725 2333 1782 2387 in
1817 2335 1963 2388 mari

317 2414 832 2485 congrederentur,
855 2415 1094 2472 victoria
1113 2433 1268 2472 nunc
1299 2417 1392 2474 bis
1411 2435 1566 2475 nunc
1589 2420 1702 2477 illis
1717 2422 1962 2492 favente,

311 2505 370 2558 et
401 2506 604 2558 mutuo
635 2519 766 2559 sese
795 2503 1066 2577 fugerent
1105 2511 1162 2562 et
1193 2505 1534 2578 spoliarent.

379 2765 432 2818 9.
447 2764 724 2818 Ceterum
744 2767 950 2820 Veneti
967 2764 1208 2836 antiquo
1230 2765 1493 2823 Romano
1508 2767 1722 2825 foedere
1737 2769 1960 2841 prolato

303 2866 474 2908 suam
515 2853 862 2926 dignitatem
891 2855 960 2910 ad
997 2855 1239 2912 Pisanos
1271 2857 1619 2914 translatam
1655 2877 1782 2915 esse
1807 2878 1960 2934 aegre
2000 2854 2010 2864 ’

304 2939 578 3006 ferentes,
615 2959 648 2996 a
689 2941 970 2998 Romanis
1006 2944 1289 3014 paulatim
1321 2944 1555 3002 alienati
1598 2965 1660 3004 se
1700 2950 1956 3006 vicissim

305 3033 520 3087 nostris
555 3048 656 3102 per
671 3033 1043 3088 occasionem
1074 3049 1225 3106 aegre
1255 3035 1514 3092 facturos
1545 3039 1954 3109 ostendebant,

305 3119 630 3192 praesertim
663 3137 797 3176 cum
831 3121 1066 3178 Alexius
1085 3139 1188 3193 per
1203 3125 1505 3180 avaritiam
1531 3127 1812 3183 ducentas
1829 3131 1956 3185 auri

309 3211 526 3276 minas,
559 3226 686 3281 quae
718 3211 914 3267 debito
951 3213 1288 3283 quindecim
1331 3217 1795 3274 centenariorum
1831 3220 1958 3274 auri

310 3299 503 3354 adhuc
533 3299 793 3367 deerant,
847 3317 961 3356 non
1019 3301 1292 3372 solveret,
1341 3322 1490 3376 quos
1539 3307 1788 3373 Manuel,
1820 3325 1956 3364 cum

308 3390 664 3455 Venetorum
700 3389 848 3444 bona
882 3390 1256 3461 publicassei,
1281 3409 1340 3446 se
1369 3411 1690 3466 pensurum
1725 3397 1956 3470 pepige-

312 3482 424 3532 rat.
457 3475 656 3552 Neque
689 3477 996 3533 minimum
1041 3479 1262 3536 malum
1303 3489 1426 3537 erat
1457 3486 1574 3538 dux
1603 3484 1952 3543 Venetorum

305 3563 510 3621 Ericus
543 3565 868 3635 Dandulus,
900 3568 1068 3624 homo
1095 3585 1283 3624 caecus
1313 3571 1410 3628 ille
1431 3573 1666 3644 quidem
1691 3581 1748 3628 et
1777 3591 1953 3649 capu-

300 3650 466 3722 lari,
487 3656 588 3710 sed
614 3655 888 3712 Romanis
909 3657 1330 3715 infestissimus
1345 3667 1400 3716 ct
1432 3662 1951 3736 insidiosissimus,

299 3748 364 3798 ut
391 3742 709 3800 calliditate
739 3745 1049 3820 singulari,
1083 3747 1164 3802 ita
1197 3757 1531 3823 arrogantia
1566 3753 1954 3822 immensa,ut

293 3847 354 3888 se
378 3833 728 3903 prudentum
766 3836 1295 3906 prudentissimum
1313 3840 1708 3912 appellaretet
1738 3845 1950 3916 glorio-

290 3920 358 3976 lae
417 3921 742 3994 cupiditate
828 3941 1033 3980 omnes
1092 3935 1416 3998 snperaret.
1492 3932 1548 3987 Is
1605 3933 1777 3988 vitam
1837 3935 1950 3991 sibi

289 4016 476 4066 morte
531 4013 887 4070 acerbiorem
938 4015 1062 4071 fore
1121 4020 1384 4088 putabat,
1459 4021 1572 4076 nisi
1625 4025 1782 4095 genti
1825 4044 1946 4084 suae

288 4099 477 4155 factas
510 4101 838 4158 aRomanis
865 4109 1252 4163 contumelias
1308 4107 1702 4180 ulcisceretur,
1749 4117 1946 4173 animo

288 4194 561 4260 repetens
619 4195 676 4246 et
712 4207 1021 4250 recensens
1069 4201 1214 4266 quot
1263 4199 1435 4254 malis
1483 4202 1794 4273 populares
1851 4209 1943 4264 sui

285 4279 526 4351 Angelis
565 4281 845 4337 fratribus
906 4284 1338 4356 imperantibus
1390 4291 1578 4348 affecti
1613 4301 1828 4362 essent,
1885 4300 1943 4353 et

287 4374 424 4422 ante
457 4368 595 4425 boss
618 4369 952 4428 Andronico
975 4381 1030 4429 et
1050 4377 1313 4434 Manuale
1336 4395 1528 4436 rerum
1559 4385 1936 4455 patientibus.

281 4459 392 4512 Sed
428 4459 566 4529 quia
589 4465 757 4515 norat
785 4459 846 4516 in
866 4477 1041 4518 suum
1075 4465 1114 4518 7
1134 4467 1226 4522 14
1249 4475 1426 4539 caput
1450 4471 1936 4545 redundaturum,

283 4547 333 4602 si
368 4547 504 4618 quid
537 4563 670 4604 cum
705 4549 829 4604 sola
860 4567 967 4606 sua
997 4557 1172 4623 gente
1197 4563 1401 4612 contra
1435 4559 1730 4618 Romanos
1761 4582 1934 4622 cona-

283 4638 464 4704 retur,
535 4635 605 4690 de
666 4636 904 4693 auxiliis
984 4638 1232 4697 aliorum
1295 4645 1653 4704 asciscendis
1721 4653 1936 4723 cogitat

2079 2320 2264 2383 αὐτοῖς
2323 2321 2712 2393 ἐπανέστησαν.
2777 2326 2999 2401 Ἀμέλει
3056 2331 3145 2385 καὶ
3205 2333 3274 2402 ἦν
3335 2335 3462 2409 ὁρᾷν
3497 2337 3586 2392 ὁτὲ
3645 2320 3748 2412 μέν

2073 2416 2176 2479 τῆς
2207 2410 2420 2474 πόλεως
2451 2411 2687 2487 ἔνδοθεν,
2723 2415 2812 2472 ὁτὲ
2847 2414 2904 2472 δὲ
2941 2419 3078 2473 κατά
3113 2419 3281 2494 μέσην
3313 2425 3413 2494 τὴν
3447 2410 3743 2499 θάλατταν,

2076 2497 2164 2555 διὰ
2199 2503 2390 2578 μάχης
2441 2504 2723 2582 ἀμφότερα
2773 2506 2842 2562 τά
2897 2507 3024 2586 γένη
3086 2516 3397 2586 χωροῦντα,
3438 2497 3744 2590 κρατοῦντά

2073 2611 2132 2646 τε
2163 2592 2260 2646 ἀνά
2293 2591 2573 2668 μέρος-καί
2630 2595 2992 2672 κρατούμενα,
3019 2601 3110 2656 καὶ
3162 2603 3430 2675 παλίωξιν
3490 2605 3736 2675 ἐντεῦθεν

2071 2682 2160 2736 καὶ
2193 2681 2622 2742 ἀντισκύλευσιν.

2145 2773 2410 2849 θ’.³Λτάρ
2442 2775 2493 2828 οἱ
2551 2775 2824 2832 Βενέτικυι
2881 2777 3136 2836 παλαιῶν
3196 2787 3538 2860 μεμνημένοι
3590 2789 3728 2865 πρός

2070 2861 2378 2934 Ῥωμαίους
2435 2861 2707 2934 σπονδῶν,
2765 2868 2856 2922 καὶ
2921 2877 3349 2947 μεταχωροῦσαν
3410 2879 3544 2952 πρὸς
3588 2886 3724 2935 Πισ-

2072 2951 2258 3013 σαίους
2287 2953 2388 3020 τήν
2419 2955 2673 3030 σφετέραν
2709 2953 2954 3026 δεξίωσιν
3022 2958 3214 3017 οὔκουν
3279 2965 3408 3039 ὁρᾷν
3453 2951 3709 3042 ἀνεχόμε-

2068 3060 2180 3109 νοι,
2216 3038 2379 3109 δῆλοι
2411 3042 2548 3110 ἦσαν
2590 3044 2879 3118 Ῥωμαίων
2939 3050 3078 3104 κατά
3133 3038 3320 3129 βραχὺγ
3370 3054 3714 3134 ἀφιστάμενοι

2068 3129 2156 3182 καὶ
2220 3128 2554 3203 μελετωντες
2610 3131 2666 3188 ἐν
2719 3134 2954 3210 καιρίοις
3011 3143 3114 3208 τήν
3192 3128 3574 3219 ἀντιλιξπησιν,
3629 3147 3724 3201 καὶ

2073 3217 2292 3291 μάλισθ’
2331 3221 2413 3275 δτι
2449 3219 2911 3298 κιμϐικευόμενος
2975 3229 3002 3282 ὁ
3066 3228 3309 3302 Ἀλέξιος
3340 3217 3440 3290 οὖκ
3467 3233 3726 3292 ἀπεδίδου

2071 3308 2216 3385 σφίσι
2247 3309 2480 3384 χρυσίου
2519 3317 2654 3384 μνᾶς
2713 3311 2996 3380 διακοσίας
3054 3317 3336 3386 ἒνδεούσας
3365 3318 3444 3378 ἔτι
3476 3327 3609 3400 πρὸς
3661 3328 3726 3382 τὸ

2068 3397 2207 3454 ἅπαν
2235 3398 2522 3479 ὀφείλημα
2551 3407 2660 3458 τῶν
2717 3401 2844 3461 δέκα
2899 3409 3037 3483 πρὸς
3091 3416 3208 3472 τοῖς
3265 3412 3423 3470 πέντε
3461 3397 3730 3486 κεντηνα-

2069 3487 2221 3562 ρίων,
2254 3486 2286 3543 ἂ
2317 3490 2571 3546 συνέθετο
2613 3489 2796 3549 δοῦναι
2849 3501 2968 3560 τοῖς
3036 3500 3342 3564 Βενετίκοις
3375 3503 3404 3558 ὁ
3462 3503 3725 3580 βασιλεὺς

2065 3577 2352 3648 Μανουήλ,
2385 3579 2547 3648 ἡνίκα
2576 3582 2918 3654 συνειληφὼς
2948 3588 3077 3653 τοὺς
3128 3590 3442 3657 Βενετίκους
3463 3577 3725 3668 δημόσια

2063 3667 2129 3721 τά
2161 3668 2368 3722 τούτων
2401 3664 2550 3734 ἔθετο
2580 3673 2982 3746 χρήματα.”Ην
3006 3674 3062 3732 δὲ
3094 3675 3268 3735 δεινὸν
3293 3681 3392 3737 οὐκ
3422 3681 3719 3763 ἐλάχιστον

2057 3752 2146 3808 καὶ
2179 3755 2206 3808 ὁ
2236 3760 2535 3825 τηνικαῦτα
2566 3754 2691 3828 δοὺξ
2753 3761 3048 3818 Βενετίκων
3113 3767 3323 3840 Ἐρίκος
3382 3752 3717 3845 Δάνδξυλος,

2056 3842 2192 3936 civ-rip
2225 3845 2402 3936 πηρὸς
2425 3849 2544 3936 ςδο)
2579 3847 2682 3936 ,μὲν
2713 3849 2811 3913 τὰς
2869 3847 3024 3926 ὄψεις
3079 3856 3170 3910 καὶ
3226 3861 3307 3929 τῷ
3353 3860 3540 3934 χρόνῳ
3570 3842 3721 3936 πέμέ

2053 3929 2244 4000 πελος,
2322 3929 2750 3992 ἐπιϐουλότατον
2806 3937 2863 3996 δὲ
2943 3947 3174 4020 πρᾶγμα
3253 3929 3550 4021 Ῥωμαίοίς
3623 3929 3718 4008 καὶ

2054 4025 2481 4100 φθονερώτατον,
2548 4025 2609 4090 ὅς
2675 4030 3015 4105 παιπάλημα
3101 4028 3173 4090 ὥν
3272 4035 3565 4113 ἆγυρτείας
3623 4045 3718 4098 καὶ

2053 4117 2470 4192 φρονιμώτερον
2531 4122 2640 4173 τῶν
2701 4123 2988 4198 φρονίμων
3050 4125 3236 4181 ἑαυτὸν
3286 4128 3571 4203 ὀνομάζων
3623 4137 3719 4190 καὶ

2051 4201 2365 4276 δοξομανῶν
2421 4207 2494 4268 ὡς
2523 4207 2630 4283 οὐχ
2685 4207 2871 4284 ἓτερος
2931 4215 3165 4276 θανάτου
3231 4215 3456 4291 ἐτιμᾶτο
3515 4223 3579 4278 τὸ
3632 4226 3715 4296 μὴ

2047 4291 2298 4358 τίσασθαι
2349 4294 2663 4369 Ῥωμαίους
2717 4295 2872 4363 δίκας
2926 4309 3027 4372 τῆς
3087 4303 3141 4366 ἐς
3216 4307 3280 4362 τὸ
3331 4309 3486 4382 γένος
3544 4291 3717 4370 αὐτοῐέ

2044 4382 2348 4458 παροινίας,
2433 4387 2616 4464 φρεσὶν
2702 4388 3105 4464 ἀναπεμπάζων
3191 4397 3288 4451 καὶ
3365 4395 3718 4478 λογιστεύων

2045 4471 2269 4536 ὁπόσοις
2300 4479 2487 4538 κακοῖς
2520 4477 2572 4530 οἱ
2617 4479 2892 4535 Βενέτικοι
2951 4484 3391 4559 προσωμίλησαν
3420 4471 3528 4546 τῖῦν
3577 4493 3714 4570 Ἀγ-

2039 4559 2376 4636 γελωνῦμων
2427 4561 2682 4642 ἀδελφῶν
2723 4567 3091 4644 ἆνασσόντων,
3152 4577 3241 4631 καὶ
3327 4579 3434 4654 πρὸ
3490 4559 3708 4638 τούτων

2039 4647 2410 4736 ςΑνδρονίκου,
2468 4655 2560 4708 καὶ
2607 4657 2795 4712 ἀνόπιν
2856 4655 2935 4714 ἔτι
2987 4665 3085 4716 τοῦ
3153 4665 3426 4736 Μανουὴλ
3473 4671 3540 4725 τὰ
3597 4676 3709 4727 τῶν

281 4725 630 4796 arcanisque
690 4742 825 4780 cum
860 4727 930 4782 iis
993 4733 1525 4804 communicandis,
1571 4755 1714 4808 quos
1769 4747 1935 4799 norat

2066 4741 2332 4814 Ρωμαίων
2393 4751 2644 4819 σκῆπτρα
2697 4744 3004 4813 διέποντος.
3064 4749 3246 4818 Είδὼς
3303 4725 3551 4816 δὲικατά
3604 4768 3708 4831 τῆς

283 4813 755 4870 irreconciliabili
791 4817 922 4871 odio
945 4835 977 4873 a
1009 4819 1580 4882 Ennianisdissidere
1610 4845 1933 4903 eorumque

279 4902 540 4958 felicitati
572 4904 847 4961 invidere.
882 4908 1025 4962 Cum
1056 4915 1244 4965 autem
1269 4911 1462 4981 ipsum
1499 4920 1729 4988 tempus
1762 4902 1928 4974 nobi-

2038 4829 2230 4886 ἑαυτοῦ
2287 4841 2533 4910 κεφαλῆς
2583 4841 2997 4912 προχωρήσειν,
3033 4841 3081 4896 εἳ
3135 4841 3187 4897 τί
3245 4865 3353 4900 που
3404 4849 3702 4924 Ῥωμαίοις

2035 4915 2328 4976 ἐπίϐουλον
2389 4924 2524 4995 μετά
2581 4923 2760 4996 μόνων
2825 4932 2932 4983 τῶν
3011 4931 3314 5004 ὁμοφύλων
3395 4915 3693 5016 ἐργάσεται,

279 4988 364 5045 les
415 4992 704 5061 quosdam
765 4996 1100 5066 toparcbas,
1161 5001 1256 5068 qui
1316 5003 1692 5062 Palaestinam
1743 5009 1930 5066 visere

283 5078 590 5099 --ημιηι
715 5097 718 5099 Α
820 5089 828 5099 .
945 5085 996 5099 ..
1051 5086 1086 5099 ..
1201 5095 1209 5099 _
1389 5093 1398 5099 .
1753 5098 1764 5099 ,

2066 5010 2127 5062 ,αὶ
2205 5008 2410 5074 ἂλλους
2471 5011 2877 5086 προσλαϐέσθαι
2936 5018 3330 5099 συλλήπτορας
3397 4988 3683 5095 σικέπτεται,

278 5078 614 5150 cupiebant,
664 5089 871 5153 sponte
905 5085 1238 5156 obtulisset,
1283 5093 1618 5150 societatem
1656 5105 1708 5152 et
1741 5098 1927 5156 {cadus

277 5181 410 5221 cum
429 5167 511 5223 eis
536 5173 738 5224 contra
770 5172 1062 5230 Romanos
1098 5177 1234 5232 coit.
1260 5178 1430 5236 Erant
1453 5181 1494 5236 ii
1516 5185 1925 5243 Montisferrati

279 5255 539 5311 marcbio
582 5256 930 5332 Bonifacius,
997 5263 1277 5323 Flandrize
1326 5283 1524 5328 comes
1587 5273 1925 5347 Balduinus,

2035 5099 2124 5154 καὶ
2146 5103 2363 5164 τούτοις
2393 5113 2728 5176 κοινωνῆσαι
2757 5113 2868 5164 τῶν
2910 5110 3242 5188 ἀπορρήτων
3271 5113 3365 5180 οὕς
3407 5115 3520 5190 ᾔδει
3549 5117 3682 5190 πρὸς

2043 5191 2354 5264 Ῥωμαίους
2385 5192 2650 5252 ἄσπονδον
2695 5204 2860 5274 μῖσος
2905 5201 3203 5284 τρέφοντας
3259 5208 3344 5263 καί
3390 5211 3506 5270 τοῖς
3559 5207 3689 5264 τού-

2035 5301 2144 5336 των
2171 5281 2368 5348 καλοῖς
2402 5284 2668 5360 βάσκανον
2726 5291 2817 5344 καὶ
2851 5281 3046 5368 λίχνον
3092 5293 3520 5369 ένατενίζοντας.
3579 5300 3699 5358 Τοῦ

1677 5403 1846 5480 Hier,
1893 5407 2107 5470 Wolfii
2136 5416 2325 5472 notae.

355 5518 465 5603 ςεο)
791 5523 1030 5607 interest
1063 5527 1212 5584 inter
1259 5530 1469 5612 πυρῥὸν
1490 5539 1789 5612 etme/5v,
1811 5542 1920 5596 Sed

283 5591 466 5672 fuisse
481 5604 719 5662 caecum,
741 5595 893 5652 exiis
915 5612 1042 5667 quis
1067 5591 1396 5671 sequuntur
1414 5591 1683 5678 pluribus
1701 5591 1923 5671 iniec-is

2034 5551 2278 5617 apparet
2287 5563 2328 5637 li
2343 5551 2631 5637 quamvis.
2661 5570 2789 5637 non
2831 5557 3060 5637 injuria
3116 5562 3356 5637 mireris
3389 5569 3695 5637 quomodo

2033 5631 2214 5688 eques
2245 5621 2505 5694 effugere
2537 5627 2798 5696 potuerit
2825 5621 3111 5704 in'pugna
3142 5621 3426 5694 Blachica
