4074 6394
296 380 406 444 921

297 607 549 681 εὐγενεῖς,
609 599 803 661 οἳτινες
859 598 995 673 πρὸς
1076 593 1437 663 Παλαιστίνην
1491 590 1694 681 ὥρμων
1751 591 1950 681 τραπέέ

302 679 445 767 σθαι,
503 691 641 748 κατὰ
715 686 1110 761 κοινοπραγίαν
1194 682 1416 745 τούτοις
1505 680 1804 758 συγγίνεται
1862 679 1952 735 καὶ

298 783 618 857 συνωμότας
676 778 969 834 ἐπισπᾶται
1020 779 1116 829 τοῦ
1173 773 1309 827 κατὰ
1366 772 1656 843 Ῥωμαίων
1717 771 1956 842 κινήμα-

299 895 417 936 τος.
474 875 645 926 Ἦσαν
705 865 764 922 δὲ
810 864 1022 921 οὗτοιὸ
1056 864 1275 933 Μόντης
1324 861 1609 936 Φεράντης
1663 858 1954 934 μαρκέσιος

303 961 643 1037 Βονιφάτιος,
678 958 706 1012 6
750 956 931 1027 κόμης
982 953 1270 1028 Φλάντρας
1322 946 1749 1037 Βαλδουῖνοςηδ
1778 948 1957 1020 κόμης

299 1056 395 1107 τοῦ
446 1035 611 1126 ἇγίου
662 1044 880 1102 Παύλου
931 1042 1148 1116 Ἐρίκος
1195 1040 1288 1096 καὶ
1337 1040 1365 1092 6
1415 1039 1596 1112 κόμης
1644 1035 1828 1107 Πλέης
1857 1045 1956 1090 Δο-

303 1140 491 1200 λόῖκος
540 1137 626 1191 καὶ
681 1134 873 1209 συχνοὶ
927 1129 1100 1206 ἕτεροι
1150 1127 1452 1204 τολμητίαι
1504 1126 1835 1201 πολεμισταῖ
1866 1126 1957 1180 καὶ

298 1224 792 1301 συμμηκιζομένην
850 1223 969 1277 οἷον
1016 1224 1095 1293 τῷ
1154 1216 1372 1294 δολιχῷ
1418 1221 1525 1272 τῶν
1580 1215 1824 1291 δοράτων
1854 1217 1955 1285 τήν

296 1317 521 1389 ἡλικίαν
568 1312 984 1391 προφαίνοντες.
1056 1306 1525 1384 Ναυπηγηθέντων
1579 1310 1669 1360 οὖν
1718 1306 1795 1367 εἰς
1855 1309 1957 1364 Βε-

292 1407 472 1463 νετίαν
531 1402 602 1460 δι’
661 1402 806 1459 ὅλων
868 1405 1033 1477 τριῶν
1093 1394 1445 1454 λυκαόάντων
1517 1393 1815 1470 δρομώνων
1861 1394 1955 1468 μὶν

303 1497 648 1570 ἱππαγωγῶν
700 1489 887 1547 ἑκατὸν
945 1486 1094 1557 δέκα,
1123 1492 1269 1558 νηῶν
1314 1484 1374 1541 δὲ
1420 1489 1645 1560 μακρῶο
1678 1484 1957 1557 ἐξήκοντα,

302 1583 380 1644 ἔτι
415 1584 473 1641 δὲ
501 1583 715 1640 πλοίων
747 1581 1241 1656 συναθροισθέντων
1295 1576 1650 1654 στρογγύλων
1693 1575 1957 1652 μεγίστων

303 1676 438 1751 ὑπὲρ
488 1675 559 1729 τὰ
618 1667 1020 1746 ἐϐδομήκοντα,
1082 1671 1157 1724 ὧν
1216 1662 1268 1722 ἔα
1320 1668 1541 1740 Κόσμος
1595 1667 1723 1740 παρ’
1772 1666 1958 1728 αὐτοῖς

300 1762 618 1836 ὠνομάζετο
668 1760 743 1824 ὠς
798 1758 944 1815 πολὺ
998 1762 1107 1812 τῶν
1158 1755 1346 1812 ἄλλων
1381 1755 1678 1833 ὑπερφέρον
1712 1753 1762 1817 ἐς
1799 1754 1958 1830 μέγε-

1190 368 1291 431 DE
1336 368 1628 430 ALEXIO
1672 367 1961 432 ISAACII
2006 370 2292 434 ANGELI
2336 373 2461 436 FB.
2510 374 2662 438 LIB.
2706 376 2816 438 ΙΙΙ.

297 512 355 571 δέ
387 513 579 586 καιροῦ
627 507 1058 584 χορηγήσαντος
1115 502 1443 575 αὐτομάτως
1489 501 1776 577 τοπάρχας
1805 500 1957 563 τινὰς

2077 521 2266 563 comes
2291 509 2475 564 sancti
2512 510 2673 565 Pauli
2697 510 2925 576 Ericus,
2949 510 3091 566 Plem
3110 526 3302 566 comes
3326 509 3623 580 Doloicus,
3658 526 3689 566 ο

3597 378 3719 439 922

3698 478 3723 529 ι

2064 597 2163 653 alii
2195 599 2526 670 complures
2557 601 2807 655 audaces
2840 599 3149 656 bellatores
3198 607 3255 655 et
3306 606 3536 655 statura
3594 602 3718 657 suis

2065 684 2249 740 hastis
2308 688 2728 757 propemodum
2793 703 2981 758 pares.
3036 688 3218 758 lgitur
3284 693 3405 742 toto
3464 688 3716 743 triennio

2068 776 2328 830 Venetiis
2385 777 2673 831 fabricatae
2733 786 2868 832 sunt
2927 775 3143 832 celeres
3192 794 3366 834 naves
3423 787 3720 849 equestres

2066 870 2300 919 centum
2330 866 2624 933 etdecom,
2666 883 2841 923 naves
2868 865 3052 937 longae
3088 866 3412 939 sexaginta,
3463 868 3721 921 rotundae

2068 951 2221 1006 ultra
2278 954 2652 1025 septuaginta
2707 960 2844 1010 sunt
2894 961 3125 1020 coactae,
3179 972 3421 1027 quarum
3481 972 3595 1011 una
3647 956 3720 1009 ob

2069 1040 2362 1114 insignem
2400 1044 2863 1115 magnitudinem
2898 1044 3152 1100 Mundus
3185 1049 3256 1100 ab
3290 1044 3373 1100 eis
3393 1046 3724 1117 appellaba-

2073 1135 2181 1187 tur.
2215 1136 2322 1187 Eas
2369 1149 2544 1188 naves
2588 1136 2905 1189 constituto
2941 1139 3201 1206 tempore
3253 1137 3722 1191 conscenderunt

2068 1220 2294 1290 equites
2328 1220 2686 1293 cataphracti
2719 1222 2901 1289 mille,
2960 1225 3174 1279 scutati
3222 1223 3466 1296 triginta
3512 1224 3730 1291 millia,

2070 1308 2342 1381 plurimis
2375 1328 2671 1367 armorum
2703 1315 3016 1383 generibus
3077 1313 3367 1381 instructi,
3415 1314 3516 1369 sed
3552 1314 3720 1384 pleri-

2069 1415 2182 1470 que
2211 1404 2613 1472 zagrotoxotae.
2649 1400 2845 1457 Classe
2875 1404 2945 1457 ad
2979 1419 3137 1458 oram
3172 1402 3512 1458 solvendam
3560 1420 3722 1475 para-

2069 1495 2149 1559 ta,
2203 1492 2418 1547 malum
2479 1492 2634 1548 malo
2692 1492 3029 1549 cumulatur
3079 1501 3133 1550 et
3211 1499 3420 1550 ﬂuctus
3479 1494 3723 1550 fluctum

2071 1585 2256 1653 urget,
2291 1582 2438 1639 ’1Ιῦ
2466 1586 2529 1637 ut
2558 1582 2789 1637 dicitur.
2826 1587 2970 1637 Nam
3007 1582 3238 1638 Alexius
3271 1582 3475 1638 Isaacii
3519 1584 3723 1654 Angeli

2069 1670 2248 1738 ﬁlius,
2302 1672 2514 1728 litteris
2562 1671 2773 1727 veteris
2847 1672 3043 1728 Romae
3108 1673 3406 1729 Pontificis
3458 1678 3514 1728 et
3562 1675 3717 1744 regis

2067 1760 2428 1817 Alemanniee
2461 1761 2710 1833 Philippi
2744 1762 3091 1827 instructus,
3137 1764 3232 1833 qui
3285 1761 3551 1835 piraticis
3597 1763 3726 1819 istis

303 1869 417 1925 θος,
449 1855 668 1909 ε’ἰσεισιν
725 1851 784 1906 ἐκ
833 1849 1206 1925 παραγγελίας
1261 1849 1399 1904 αὐτὰ
1451 1846 1626 1909 ⁹ίππος
1669 1848 1763 1923 μὲν
1795 1845 1960 1926 χιλία

2077 1850 2336 1922 collegiis
2395 1850 2716 1920 plurimum
2776 1868 2838 1907 se
2896 1851 3199 1907 debituros
3278 1852 3719 1922 proﬁtebantur,

299 1944 514 2018 σιδήρῳ
545 1943 950 2019 κατάφρακτος,
987 1943 1072 2014 [Ρ.
1103 1941 1251 2013 348],
1284 1936 1441 1999 ἀσπὶς
1471 1934 1530 1993 δὲ
1558 1936 1853 2013 τρισμυοία
1883 1935 1959 1999 εἷς

305 2032 535 2096 ὁπλίτας
567 2030 860 2091 πλείστους
892 2026 1219 2103 διῃρημένη,
1257 2025 1493 2099 μάλιστα
1525 2023 1584 2080 δὲ
1613 2024 1689 2088 εἷς
1714 2025 1842 2087 τοὺς
1869 2045 1960 2079 κα-

299 2122 608 2198 λουμένους
627 2118 1075 2196 τζαγροτοξότας.
1100 2118 1188 2177 Ὧς
1213 2114 1260 2171 δ’
1291 2115 1360 2185 ἦν
1391 2117 1420 2170 6
1455 2114 1650 2178 στόλος
1672 2115 1810 2191 πρὸς
1830 2115 1964 2169 ἀνα-

301 2214 490 2291 γωγὴν
512 2209 765 2285 ἕτοιμος,
797 2208 961 2264 κακὸν
995 2206 1081 2262 ἐπὶ
1114 2211 1267 2279 κακῷ
1295 2202 1637 2279 προσϐάλλει
1668 2204 1759 2259 καὶ
1790 2208 1962 2278 κῦμα,

300 2305 516 2381 δφασιν,
550 2300 638 2356 ἐπὶ
667 2301 875 2374 κύματι
905 2296 1206 2370 Ῥωμαίοις
1254 2293 1675 2351 ἐπικυλίνδεται.
1716 2292 1960 2368 Ἀλέξιος

299 2395 405 2468 γὰρ
457 2393 484 2446 6
537 2396 666 2453 παῖς
715 2387 984 2445 Ἰσαακίου
1035 2390 1133 2441 τοῦ
1182 2382 1452 2461 Ἀγγέλου
1483 2386 1799 2461 γράμμασιν
1829 2381 1963 2463 ἔφο-

305 2479 542 2542 διασθεὶς
601 2484 699 2534 τοῦ
752 2477 947 2532 πάππα
1003 2477 1228 2548 Ῥώμης
1286 2480 1386 2543 τῆς
1448 2468 1815 2550 πρεσϐυτέρας
1875 2473 1963 2528 καὶ

303 2574 403 2624 τοῦ
455 2569 627 2646 ῥηγὸς
677 2563 1011 2640 Ἀλαμανίας
1062 2562 1369 2635 Φιλίππου,
1421 2563 1649 2639 χάριτας
1708 2563 1964 2640 μεγίστας

311 2657 736 2733 ὁμολογούντων
785 2660 903 2718 τοῖς
950 2658 1290 2728 πειρατικοῖς
1338 2654 1554 2715 τούτοις
1583 2652 1966 2729 ἐργαστηρίοις

311 2748 357 2804 εἰ
414 2748 507 2803 τὸν
555 2745 800 2816 ’Δλέξιον
847 2741 1170 2813 εἰσδέξονται
1223 2743 1312 2798 καὶ
1371 2742 1507 2817 πρὸς
1554 2743 1656 2811 τήν
1708 2744 1962 2819 πατρῴαν

307 2837 694 2914 ἐπαναγάγωσι
770 2833 1081 2903 Βασιλείαν,
1167 2835 1530 2907 τρισάσμενος
1593 2831 1729 2905 μετὰ
1778 2832 1966 2908 καιρὸν

299 2933 381 2999 τῷ
413 2924 596 2998 στόλῳ
644 2923 946 3001 ἐφίσταται,
1006 2921 1096 2977 καὶ
1153 2916 1557 2997 προσϐλέπεται
1589 2921 1664 2984 ὡς
1699 2921 1762 2976 ού
1800 2918 1962 2996 μόνον

300 3015 398 3073 τὸν
458 3015 596 3069 κατὰ
678 3012 971 3088 Ῥωμαίων
1027 3010 1319 3088 λῃστρικὸν
1376 3005 1612 3067 ἔκπλουν
1675 3031 1965 3088 μετασχη-

302 3105 548 3181 ματίσων
603 3102 740 3179 πρὸς
798 3103 860 3157 τὸ
921 3100 1229 3181 εὐαφορμον
1278 3101 1370 3157 καὶ
1412 3098 1800 3182 διαμορφάσων
1829 3104 1967 3178 πρὸς

292 3197 355 3251 τὸ
393 3192 776 3270 εὐπρόσωπον,
830 3189 979 3248 ἀλλᾶ
1034 3191 1126 3245 καὶ
1177 3192 1486 3267 χρημάτων
1513 3193 1968 3267 ἀποθεραπεύσων

300 3283 562 3360 σωρείαις
629 3282 691 3338 τὸ
747 3279 1040 3357 κερδαλέον
1096 3280 1311 3336 ἐκείνων
1393 3282 1484 3336 καὶ
1541 3280 1970 3357 φιλοχρήματον

2073 1939 2122 1995 si
2142 1939 2573 1996 adolescentem
2610 1940 2669 1995 in
2698 1940 3284 2012 patriumimperium
3322 1941 3725 2010 restituerent,

2071 2029 2371 2101 aliquanto
2412 2034 2542 2103 post
2569 2031 2952 2101 cupidissime
2982 2033 3045 2085 ad
3066 2030 3315 2091 classem
3348 2038 3406 2086 et
3465 2032 3729 2102 pervenit

2071 2123 2128 2174 et
2151 2119 2454 2190 excipitur,
2490 2125 2550 2175 ut
2581 2120 2681 2190 qui
2714 2137 2829 2175 non
2855 2124 3079 2175 tantum
3127 2119 3500 2176 latrocinium
3573 2119 3716 2176 illud

2072 2213 2277 2264 contra
2305 2209 2601 2266 Romanos
2630 2210 2969 2265 institutum
2988 2208 3325 2281 promovere
3368 2219 3426 2266 et
3473 2210 3722 2266 honesta

2075 2300 2265 2370 specie
2293 2300 2507 2367 fucare,
2544 2301 2643 2355 sed
2679 2309 2729 2355 et
2755 2301 3135 2373 pecuniarum
3185 2301 3407 2356 acervis
3452 2299 3719 2372 ipsorum

2074 2389 2373 2445 avaritiam
2407 2389 2631 2461 explere
2672 2396 2883 2460 posset.
2916 2391 2970 2445 Is
3002 2407 3117 2445 non
3141 2394 3307 2446 aetate
3327 2392 3515 2462 magis
3541 2406 3717 2462 quam

2074 2479 2271 2535 animo
2296 2494 2456 2551 puer,
2488 2496 2521 2536 a
2552 2480 2694 2535 viris
2723 2478 2953 2535 callidis
2983 2485 3040 2535 at
3086 2483 3337 2535 versutis
3393 2486 3720 2552 susceptus,

2077 2568 2297 2641 pepigit
2325 2574 2381 2625 et
2409 2574 2776 2625 sacramento
2807 2569 3060 2625 ﬁrmavit
3088 2586 3153 2625 ea
3201 2586 3263 2625 se
3334 2570 3719 2642 praebiturum

2075 2674 2201 2730 quae
2260 2658 2499 2730 perduci
2550 2659 2623 2713 ad
2672 2659 2890 2715 exitum
2949 2658 3191 2714 minime
3257 2663 3543 2731 poterant.
3603 2659 3720 2715 Nec

2074 2748 2231 2803 enim
2262 2747 2449 2803 maria
2479 2748 2857 2819 pecuniarum
2891 2749 3174 2803 duntaxat
3213 2747 3332 2804 illis
3367 2749 3719 2820 postulanti-

2077 2838 2183 2893 bus
2214 2838 2508 2910 promisit,
2545 2839 2645 2892 sed
2680 2841 2735 2892 et
2784 2836 3062 2892 auxilium
3123 2842 3325 2894 contra
3360 2844 3722 2896 Sarracenos

2078 2943 2208 2983 cum
2230 2928 2502 2982 Romanis
2524 2927 2812 2983 militibus
2831 2932 2886 2982 et
2906 2928 3337 3000 quinquaginta
3362 2929 3717 2985 triremibus.

2081 3016 2146 3072 Et
2176 3017 2325 3088 quod
2353 3018 2540 3088 majus
2571 3022 2659 3072 est
2691 3033 2756 3072 ac
2786 3016 2957 3089 longe
3001 3016 3335 3084 absurdius,
3384 3018 3722 3074 Latinorum

2079 3106 2457 3177 depravatam
2487 3105 2826 3178 religionem
2870 3105 3261 3179 amplectitur,
3299 3112 3354 3163 et
3394 3106 3719 3179 privilegio-

2083 3212 2213 3250 rum
2239 3195 2532 3267 papalium
2575 3195 3005 3251 innovationcm
3062 3201 3118 3251 et
3148 3201 3396 3253 veterem
3432 3201 3721 3253 Romano-

2084 3303 2211 3343 rum
2234 3286 2637 3340 institutorum
2662 3287 3043 3341 mutationem
3078 3287 3402 3357 pollicetur.

300 3374 572 3455 φρόνημα
609 3372 714 3430 Τὸν
742 3370 917 3427 τοίνυν
950 3370 1196 3440 Ἀλέξιον
1244 3370 1306 3425 ού
1367 3369 1582 3444 μᾶλλον
1634 3373 1735 3439 τήν
1790 3370 2013 3441 ἡλικίαν
2059 3375 2095 3445 ἢ
2152 3374 2247 3437 τὰς
2302 3374 2498 3452 φρένας
2550 3374 2807 3443 νεάζοντα
2858 3378 3160 3451 πανοῦργοι
3200 3375 3394 3437 πάντες
3426 3374 3516 3431 καὶ
3547 3374 3730 3454 πράγ-

302 3454 476 3538 μασιν
542 3460 849 3523 ἐντακέντες
916 3456 1105 3534 ἄνδρες
1171 3454 1581 3534 παραλαϐόντες
1647 3458 1877 3524 ἐκείνοις
1948 3460 2000 3516 ἐν
2071 3465 2255 3537 ὅρκοις
2323 3464 2601 3527 συνθέσθαι
2670 3461 2997 3539 παρέπεισαν
3058 3463 3091 3518 ἃ
3151 3463 3424 3538 μηδαμῶς
3475 3464 3730 3537 ἐπεφύκει

295 3550 476 3625 πέρας
546 3544 758 3605 λαϐεῖν.
826 3548 903 3606 Ού
970 3550 1072 3624 γὰρ
1143 3549 1309 3621 μόνον
1377 3546 1651 3611 θαλάσσας
1718 3549 2028 3627 χρημάτων
2108 3551 2498 3624 αἰτησαμένοις
2578 3552 2859 3607 κατένευσε
2929 3553 2992 3607 τὸ
3063 3554 3362 3629 μειράκιον,
3430 3551 3576 3609 ἀλλά
3638 3555 3730 3609 καὶ

301 3641 566 3713 σύναρσιν
637 3637 774 3693 κατὰ
844 3637 1221 3714 Σαῤῥακηνῶν-
1283 3638 1398 3710 μετ’
1473 3635 1820 3717 ὁπλομάχων
1886 3641 2177 3713 Ῥωμαίων
2243 3640 2334 3695 καὶ
2402 3642 2701 3717 τρικρότων
2770 3646 2914 3712 νηῶν
2984 3645 3347 3713 πεντήκοντα.
3408 3644 3486 3701 Τὸ
3541 3640 3599 3698 δὲ
3658 3640 3726 3713 δὴ

306 3733 504 3804 μεῖζον
546 3727 635 3782 καὶ
665 3727 1039 3797 ἀτοπώτατον,
1071 3728 1456 3803 παρεκτροπήν
1489 3725 1744 3794 πίστεως,
1781 3727 1944 3783 ὁποία
1985 3734 2102 3792 τοῖς
2155 3731 2405 3794 Λατίνοις
2451 3729 2765 3800 ἀσπάζεται,
2795 3731 2886 3786 καὶ
2916 3739 3023 3785 τῶν
3055 3729 3152 3787 τοῦ
3182 3734 3378 3788 πάππα
3408 3733 3726 3808 προνομίων

297 3817 619 3891 καινισμὸν,
661 3814 941 3890 μετάθεσίν
967 3838 1027 3872 τε
1050 3817 1141 3871 καὶ
1173 3815 1531 3890 μεταποίησιν
1561 3822 1673 3871 τῶν
1706 3817 1958 3873 παλαιῶν
1990 3819 2288 3893 Ῥωμαίοις
2318 3817 2454 3884 ἐθῶν
2488 3819 2867 3895 συγκατέθετο.

373 3906 490 3965 Καὶ
523 3904 588 3976 δὴ
641 3906 668 3960 ὁ
725 3906 819 3979 μὲν
879 3904 1078 3971 στόλος
1131 3906 1199 3962 τὰ
1253 3910 1572 3983 πρυμνήσια
1607 3906 1775 3970 λύσας
1805 3909 1971 3964 κατά-

306 4017 467 4076 γεται
498 3995 635 4071 πρὸς
688 3993 928 4071 Ἰάδαρα,
984 3997 1073 4052 καὶ
1124 3996 1191 4066 ἦν
1224 3996 1359 4052 αὐτᾶ
1415 3995 1751 4072 πολιορκῶν,
1814 3995 1968 4068 δόξαν

307 4089 457 4144 οὕτω
509 4090 588 4159 τῷ
644 4093 745 4155 τῆς
806 4084 1052 4148 Βενετίας
1088 4083 1383 4160 Δανδούλῳ
1441 4084 1618 4158 δουκι,
1679 4088 1754 4149 ὡς
1811 4084 1971 4158 δῆθεν

309 4177 554 4239 παλαιὰς
603 4177 872 4246 συνθήκας
932 4176 1069 4250 πρὸς
1126 4176 1253 4238 τοὺς
1313 4177 1374 4232 ἐκ
1429 4178 1624 4255 γένους
1655 4174 1840 4250 ἐκείνῳ
1868 4198 1972 4233 πα-

314 4262 723 4341 ραϐλεψάμενα.
782 4266 843 4319 Ὁ
891 4262 948 4318 δέ
991 4286 1052 4340 γε
1117 4271 1331 4335 κρατῶν
1380 4266 1667 4338 Ῥωμαίων
1727 4263 1971 4338 Ἀλέξιος

315 4354 377 4408 ἐκ
404 4350 623 4406 πολλοῦ
678 4354 777 4422 τήν
838 4358 947 4407 τῶν
1002 4353 1249 4408 Λατίνων
1306 4352 1699 4428 ἐνωτιζόμενος
1758 4354 1969 4426 κίνησιν

315 4445 458 4520 πρὸς
489 4440 641 4499 οὐδέν
672 4464 725 4498 τι
756 4444 974 4516 ἄμεινον
1034 4445 1206 4516 ἐαυτῷ
1262 4465 1320 4500 τε
1370 4442 1462 4499 καὶ
1518 4445 1818 4518 Ῥωμαίοις
1851 4443 1970 4501 διέ-

312 4551 484 4591 κειτο·
544 4534 607 4589 τὸ
663 4532 765 4608 γὰρ
823 4533 1071 4609 περιττὸν
1126 4530 1179 4589 ἐν
1241 4534 1513 4609 μαλακίαν
1548 4532 1670 4606 ἴσην
1712 4532 1830 4611 ἔχει
1858 4557 1978 4601 πως

2155 3910 2354 3967 Classe
2378 3912 2577 3967 Iadara
2602 3912 3057 3983 provectajussu
3093 3912 3345 3968 Danduli
3372 3918 3726 3970 Venetorum

2084 4000 2248 4058 ducis
2307 4002 2449 4057 urbs
2500 4002 2806 4056 obsidetur
2849 4002 2921 4056 ob
2977 4010 3137 4056 vetus
3182 4002 3476 4074 quoddam
3538 4004 3726 4059 ltedus

2084 4090 2385 4157 violatum,
2419 4094 2482 4145 ut
2506 4090 2715 4147 aiebat.
2745 4092 2819 4145 At
2851 4090 3248 4145 Romanorum
3282 4092 3432 4147 716
3462 4092 3726 4163 impera-

2083 4186 2175 4237 tor
2204 4181 2441 4235 Alexius
2466 4181 2590 4251 jam
2625 4180 2852 4251 pridem
2876 4179 3211 4236 Latinorum
3238 4186 3399 4236 motu
3423 4181 3618 4237 audito
3635 4182 3725 4236 ni-

2082 4270 2169 4326 hi1
2184 4270 2551 4341 praeparavit,
2571 4270 2723 4339 quod
2749 4286 2779 4324 e
2795 4286 2853 4324 re
2869 4269 2957 4323 vel
2977 4287 3082 4325 sua
3098 4269 3366 4339 privatim
3389 4279 3477 4326 vet
3494 4270 3725 4341 publica

2080 4360 2345 4414 omnium
2404 4362 2592 4414 esset:
2655 4374 2789 4414 nam
2839 4360 3153 4415 immodica
3214 4358 3492 4415 mollities
3556 4360 3727 4416 rebus

2081 4448 2358 4522 gerendis
2416 4447 2600 4503 nihilo
2651 4448 2841 4519 aptior
2907 4458 2989 4504 est
3048 4466 3225 4520 quam
3287 4448 3608 4505 dementia.
3658 4450 3735 4505 Et

2088 4539 2378 4613 spadones
2409 4538 2756 4595 silvosorum
2793 4540 3077 4595 montium
3111 4540 3404 4608 custodes,
3465 4542 3564 4612 qui
3625 4542 3732 4597 im-

314 4625 409 4680 καὶ
440 4625 537 4693 τὴν
594 4601 851 4698 βλακείαν
895 4601 1031 4697 πρὸς
1088 4622 1154 4679 τὰ
1207 4601 1519 4703 κοινωφελῆ
1551 4601 1640 4680 καί
1670 4601 1971 4683 τὰσδέοντα.

2084 4629 2450 4703 peratoribus
2484 4631 2760 4699 tanquam
2796 4629 2946 4684 sacri
2982 4628 3100 4685 luci
3123 4636 3224 4686 aut
3256 4629 3440 4686 divini
3474 4631 3729 4702 paradisi

317 4716 387 4775 Οἱ
423 4712 480 4769 δὲ
507 4716 616 4768 τῶν
670 4710 980 4788 περιφύτων
1013 4713 1157 4788 ὀρῶν
1214 4713 1454 4794 φύλακες
1491 4713 1763 4787 ἐκτομίαι,
1796 4715 1830 4769 ἃ
1856 4721 1973 4777 τοῖς

315 4803 632 4882 βασιλεῦσιν
690 4801 897 4857 ἀνεῖται
953 4804 1091 4874 πρὸς
1143 4804 1461 4878 κυνηγέσια,
1521 4804 1764 4879 καθάπερ
1814 4805 1974 4881 ἱερῶν

312 4894 546 4967 ἄλσεων,
633 4893 802 4949 εἰπεῖν
891 4890 949 4948 δὲ
1036 4894 1125 4949 καὶ
1188 4894 1555 4971 θεοφυτεύτων
1610 4893 1974 4970 παραδείσων,

313 4984 594 5065 ἐφείδοντο
646 4982 902 5051 τουτωνὶ,
955 4982 1049 5037 καὶ
1131 4980 1521 5054 διηπειλοῦντο
1584 4986 1674 5040 τὸν
1740 4980 1974 5061 ἔσχατον

313 5074 563 5131 κίνδυνον
618 5078 735 5133 τοῖς
819 5069 1062 5145 ἐκτεμεῖν
1139 5072 1500 5148 προθεμένοις
1579 5072 1782 5138 ἐκεῖθεν
1840 5073 1976 5147 ξύλα

318 5164 453 5219 ἅττα
481 5165 894 5239 ναυπηγήσιμα.
948 5162 1053 5219 Ναὶ
1117 5164 1225 5236 μὴν
1259 5164 1349 5218 καὶ
1398 5164 1426 5218 6
1472 5167 1571 5219 τοῦ
1615 5163 1816 5220 στόλου
1849 5162 1975 5236 δοὺξ

320 5252 556 5323 Μιχαὴλ
593 5253 621 5305 ὁ
653 5250 955 5329 Στρυφνὸς,
1004 5254 1308 5326 κασιγνήτῃ
1354 5258 1456 5321 τῆς
1505 5249 1795 5324 δεσποίνης
1822 5274 1975 5308 συνε-

323 5338 633 5411 ζευγμέηοσ,
693 5335 1000 5401 δεινότατος
1058 5337 1134 5393 ὢν
1215 5342 1291 5413 μὴ
1356 5339 1516 5412 μόνον
1573 5341 1824 5419 γόμφους
1883 5342 1974 5397 καὶ

316 5423 556 5500 ἀγκύρας
621 5428 851 5506 χρυσίου
937 5427 1296 5502 ἀλλάξασθαι,
1373 5428 1517 5486 ἀλλᾶ
1574 5431 1665 5485 καὶ
1725 5429 1973 5509 λαίφεσιν

316 5515 596 5577 ἐπιθέσθαι
679 5517 770 5570 καὶ
855 5518 1199 5596 ἐξαργυρίσαι
1279 5518 1542 5595 πρότονα,
1600 5519 1975 5591 ἀπαξάπαντος

315 5603 522 5662 πλοίου
584 5609 792 5680 μακροῦ
848 5608 915 5661 τὰ
978 5609 1179 5684 νεώρια
1235 5608 1526 5683 Ῥωμαίων
1568 5608 1813 5669 έκένωσε.
1870 5612 1973 5669 Καὶ

315 5691 581 5776 βασιλεὺς
639 5693 727 5757 οἷς
777 5693 877 5751 οὐκ
925 5695 1157 5776 ἐπετίμα
1211 5705 1328 5765 τοῖς
1388 5694 1707 5778 ἆϐελτέροις
1754 5699 1823 5757 τὰ
1862 5705 1972 5758 τῶν

2081 4721 2335 4776 venandi
2368 4719 2555 4791 gratia
2607 4721 3114 4785 consecratisunt,
3148 4722 3467 4793 parcebant
3492 4722 3724 4775 arbori-

2083 4811 2213 4877 bus,
2245 4815 2302 4865 et
2331 4815 2659 4865 extremum
2696 4810 3016 4881 periculum
3049 4810 3120 4866 iis
3163 4810 3592 4866 minitabantur
3623 4810 3727 4881 qui

2081 4902 2152 4956 ad
2188 4899 2558 4956 fabricandas
2592 4917 2765 4955 naves
2816 4898 2978 4971 ligna
3009 4900 3146 4956 inde
3180 4904 3458 4971 peterent.
3522 4901 3728 4956 Adhuc

2082 4989 2289 5045 classis
2321 4989 2439 5043 dux
2467 4988 2709 5044 Michael
2752 4989 3103 5060 Stryphnus,
3134 4988 3224 5044 cui
3260 4989 3514 5045 dominae
3564 5007 3730 5046 soror

2084 5083 2261 5149 unpta
2291 5086 2431 5147 erat,
2491 5095 2605 5133 non
2658 5082 2889 5133 tantum
2940 5078 3132 5134 clavos
3166 5083 3224 5133 et
3285 5095 3529 5134 ancoras
3588 5096 3730 5135 auro

2084 5173 2434 5238 permutare,
2469 5170 2564 5221 sed
2598 5166 2723 5221 vela
2745 5166 2917 5221 etiam
2940 5172 2998 5222 et
3022 5168 3299 5224 rudentes
3318 5169 3570 5225 vendere
3600 5167 3734 5225 soli-

2082 5262 2199 5325 tus,
2216 5256 2404 5328 longis
2425 5257 2672 5312 navibus
2688 5273 2924 5326 prorsus
2939 5258 3096 5312 omni
3109 5262 3212 5314 bus
3228 5259 3451 5314 navalia
3468 5263 3608 5315 Rom
3619 5277 3730 5316 ana

2084 5345 2384 5418 spoliarat.
2420 5348 2740 5417 Imperator
2760 5362 2893 5400 vero
2924 5349 3196 5403 vecordes
3233 5347 3498 5404 homines
3539 5348 3732 5420 pessi-

2083 5452 2181 5491 ma
2212 5435 2469 5491 facinora
2491 5440 2892 5507 perpetrantes
2934 5437 3076 5493 adeo
3138 5455 3252 5493 non
3292 5439 3634 5509 castigabat,
3671 5442 3730 5495 ut

2082 5526 2155 5581 iis
2187 5536 2314 5581 eum
2351 5525 2557 5596 primis
2590 5526 2875 5597 propitius
2915 5543 3041 5583 esse
3077 5514 3388 5583 videretur.
3434 5529 3561 5585 Jam
3593 5529 3733 5601 quia

2080 5614 2332 5671 libenter
2358 5614 2516 5670 domi
2566 5615 2892 5684 desidebat,
2953 5633 3112 5673 nunc
3162 5617 3340 5673 colles
3373 5619 3643 5691 aequabat
3679 5628 3735 5675 et

2078 5704 2254 5763 valles
2284 5703 2696 5777 complanabat
2720 5708 2776 5775 et
2807 5720 2971 5763 arcas
2999 5704 3285 5780 faciebat;
3321 5724 3477 5767 nunc
3512 5708 3729 5767 Latinas
