4074 6418
378 411 495 474 925

1283 404 1387 467 DE
1428 405 1725 468 ALEXIO
1766 401 2061 466 ISAAGII
2103 404 2386 466 ANGELI
2433 403 2564 466 FR.
2609 403 2759 466 LIB.
2804 402 2915 466 III.

3678 382 3815 459 926'

380 548 514 604 Εἶτα
542 542 633 599 καὶ
668 542 840 614 αὐτῆς
889 540 1279 620 διαῤῥσγείσης
1336 536 1466 595 ε’ίσω
1523 538 1735 612 ξύμπας
1779 538 1807 592 6
1862 535 2033 593 πολέ-

2152 555 2350 595 mense
2382 537 2561 603 Julio,
2610 554 2762 593 anno
2802 538 2967 593 6711.
3018 537 3158 594 Inde
3189 534 3372 592 Latini
3409 550 3541 590 cum
3570 536 3792 590 tantum

384 657 512 711 μιος
541 634 738 697 στόλος
797 633 1088 709 εἰσρύεται.
1146 633 1269 687 Τῶν
1330 628 1378 685 δ’
1433 626 1731 703 ἡμεδαπῶν
1790 631 1856 702 [Ρ
1912 629 2036 702 350]

381 723 653 800 τριηρέων
682 725 737 778 αἱ
794 724 889 796 μὲν
948 720 1140 777 αὐτίκα
1192 723 1531 799 χειροῦνται,
1587 717 1645 773 αἶ’
1701 717 1759 772 δὲ
1813 722 1893 790 τῷ
1938 723 2040 786 τῆς

380 809 602 875 πόλεως
658 811 901 887 αῗγιαλῷ
959 809 1443 885 προσεγχρίψασαι
1522 808 1813 883 τιτρῶνται
1903 806 2036 880 μετὰ

266 920 271 925 ’
380 907 483 974 τήν
515 907 622 958 τῶν
650 900 1010 975 ἐμπλεόντων
1057 900 1305 957 κένωσιν.
1366 898 1472 955 Καὶ
1520 898 1588 968 ἦν
1633 893 1919 958 πολυειδὲς
1974 895 2038 950 τὸ

384 993 572 1062 κακὸν,
608 989 738 1066 μηδ’
772 990 860 1045 ἐπὶ
891 987 1115 1063 καρδίαν
1149 988 1299 1050 ὅλως
1328 987 1480 1050 τινὸς
1525 986 1698 1044 ἀνιόν.
1758 985 2038 1044 Ἐνίστατο

390 1080 449 1137 δὲ
476 1082 601 1136 τότε
633 1081 740 1154 μὴν
783 1078 1042 1150 Ἰούλιος,
1099 1082 1197 1134 τοῦ
1257 1075 1739 1152 ἐξακισχιλιοστοῦ
1806 1076 2040 1131 ἑπτακο-

385 1175 605 1227 σιοστοῦ
639 1168 925 1226 ἑνδεκάτου
953 1167 1129 1230 ἔτους.
1165 1168 1626 1247 ’Λνοχευσάμενοι
1648 1164 1693 1221 δ’
1726 1167 1786 1222 ἐκ
1838 1166 2036 1222 τούτου
2082 1236 2088 1241 _

387 1262 582 1337 μικρὸν
618 1262 670 1315 οἱ
702 1264 950 1328 Λατῖνοι,
1001 1258 1093 1313 γαὶ
1122 1257 1247 1313 ὅσον
1278 1257 1342 1313 τὸ
1397 1256 1660 1328 ποιητέον
1720 1258 2035 1331 σκέψασθαι,

384 1352 438 1407 οἱ
479 1353 573 1422 μὲν
611 1349 746 1421 μετὰ
772 1352 881 1402 τῶν
927 1351 1101 1418 νηῶν,
1159 1349 1194 1416 ἡ
1237 1343 1282 1400 δ’
1337 1345 1509 1409 ’ἰππος
1568 1346 1704 1419 μετὰ
1758 1349 1858 1420 τῇς
1898 1367 2037 1421 προ-

387 1435 742 1512 ϐεϐλημένης
799 1439 969 1507 πεζὴς
1000 1440 1255 1512 στρατιᾶς
1310 1440 1389 1508 τῷ
1446 1432 1730 1509 Κοσμιδίῳ
1789 1433 2034 1511 ἐφίσταν.

382 1548 497 1597 ται,
560 1527 757 1601 μικρὰν
820 1525 1180 1604 ἐφευρηκότες
1247 1524 1308 1579 ἐκ
1375 1529 1483 1579 τῶν
1541 1523 1835 1597 Ῥωμαίων
1891 1523 2038 1579 ἀντί-

388 1635 569 1670 στασιν
598 1616 723 1689 περὶ
762 1614 862 1681 τὴν
895 1612 1005 1667 ἐκεῖ
1032 1633 1139 1667 που
1164 1611 1399 1691 γέφυραν
1446 1612 1536 1668 καὶ
1582 1613 1680 1667 τὸν
1738 1611 2036 1687 λεγόμενον

382 1703 667 1780 Τρυπητὸν
701 1701 883 1761 λίθον.
925 1702 1026 1756 Καὶ
1056 1703 1123 1757 τὰ
1165 1703 1258 1777 μὶν
1291 1706 1464 1757 πλοῖα
1507 1704 1599 1757 καὶ
1657 1702 1712 1757 αἱ
1760 1708 1889 1772 νῆες
1944 1700 2037 1756 καὶ

384 1795 436 1848 o't
470 1791 750 1869 δρόμωνες
782 1790 895 1847 ἐκεῖ
922 1812 1028 1847 που
1049 1790 1465 1867 προσίσχουσιν,
1528 1793 1556 1847 6
1613 1790 1672 1846 δὲ
1727 1790 2037 1867 στρατηγὸς

386 1884 715 1958 στρατήγιον
744 1883 986 1956 πήγνυσι
1018 1878 1415 1956 διειλημμένον
1462 1881 1518 1936 ἐν
1580 1882 1733 1956 μέρει
1782 1881 2036 1956 ὀρυκτοῖς

381 1972 756 2050 χαφακώμασι
813 1971 905 2026 καὶ
958 1969 1197 2041 ξυλίνοις
1253 1970 1735 2046 περισταυρώμασι
1793 1969 1918 2043 περὶ
1974 1970 2038 2025 τὸ

382 2059 699 2138 γεώλοφον,
741 2060 830 2139 ἀφ’
863 2060 1028 2134 οὗπερ
1084 2059 1251 2135 ὁρατᾶ
1311 2061 1408 2134 μὲν
1458 2060 1528 2115 τὰ
1575 2059 1628 2114 ἐν
1696 2058 2037 2135 Βλαχέρναις

386 2150 675 2224 ἀνάκτορα,
709 2149 886 2225 οπόσα
919 2148 1129 2204 νένευκε
1170 2149 1307 2224 πρὸς
1368 2149 1617 2223 ἑσπέραν⁶
1679 2151 1800 2225 περί
1863 2145 1920 2203 δὲ
1975 2168 2040 2224 γε

381 2241 482 2309 τὴν
539 2238 738 2294 τούτου
801 2232 1069 2294 ὑπόϐασιν
1134 2237 1376 2308 ὑπτιάζει
1460 2258 1543 2300 τις
1601 2235 1842 2307 αὔλειος,
1901 2237 2037 2312 πρὸς

389 2324 735 2403 μεσημϐρίαν
798 2328 894 2402 μὲν
946 2325 999 2389 ἐς
1056 2327 1118 2381 τὸ
1176 2332 1364 2407 τεῖχος
1422 2326 1675 2405 λήγουσα
1704 2326 1835 2402 ὅπερ
1866 2321 2041 2401 ἔρυμα

382 2426 491 2477 τῶν
544 2419 789 2495 ἀρχείων
844 2420 872 2473 ὁ
943 2418 1204 2492 βασιλεὺς
1264 2418 1517 2495 ἀνήγειρε
1566 2416 1853 2489 Μανουὴλ,
1904 2415 2040 2473 κατᾶ

390 2504 446 2562 δὲ
480 2505 683 2582 βορῥᾶν
716 2505 919 2579 ἄνεμόν
951 2509 1021 2579 τῇ
1055 2502 1302 2578 θαλάσσῇ
1340 2504 1650 2581 ἒγγίζουσα.
1713 2504 1927 2577 Σκηνάς
1982 2525 2072 2588 τε.

391 2596 483 2650 οὗν
534 2595 696 2669 ὀρθὰς
756 2595 944 2670 ἑώρων
1005 2594 1057 2648 οἱ
1115 2592 1168 2648 ἐν
1224 2599 1342 2656 τοῖς
1398 2595 1632 2674 τείχεσι,
1691 2595 1784 2650 καὶ
1841 2598 2038 2670 μικροῦ

390 2682 759 2759 διομιλεῖσθαι
789 2683 938 2760 εἶχον
970 2688 1091 2746 τοῖς
1122 2681 1174 2738 ἐν
1207 2681 1417 2755 αὐταῖς,
1468 2685 1593 2758 περὶ
1650 2686 1751 2753 τὴν
1808 2682 2039 2760 Γυρολί-

392 2795 529 2847 μνην
588 2772 994 2848 στρεφομένοις,
1061 2771 1166 2827 Καὶ
1226 2772 1278 2826 οἱ
1339 2772 1436 2845 μὶν
1478 2771 1540 2827 οὐ
1600 2774 1801 2850 χάρακι
1843 2773 2039 2829 ἐπίπαν

391 2863 483 2918 καὶ
544 2860 761 2932 δπλοις,
818 2866 896 2934 τῷ
936 2859 994 2917 δὲ
1050 2856 1334 2936 περιϐόλῳ
1394 2864 1495 2928 τῆς
1570 2860 1787 2924 πόλεως
1879 2865 2039 2936 ἡμῶν

396 2949 720 3027 διείργοντα·
755 2952 782 3005 6
841 2947 898 3005 δὲ
956 2948 1215 3025 βασιλεὺς
1264 2950 1507 3024 Ἀλέξιος
1560 2950 1734 3007 πάλαι
1781 2953 2038 3024 τεθησαυ-

393 3042 565 3118 ρικὼς
628 3040 680 3096 ἐν
730 3044 798 3115 τῇ
849 3044 1004 3120 ψυχῇ
1061 3041 1161 3111 τὴν
1218 3043 1396 3119 φυγὴν
1452 3041 1544 3097 καὶ
1627 3040 1766 3106 ἅπας
1867 3042 2036 3115 αὐτῆς

390 3130 680 3209 γενόμενος
703 3130 1104 3205 ὡπλοφόρησεν
1165 3128 1430 3206 οὐδαμοῦ,
1501 3130 1612 3188 οὐδ’
1661 3132 2041 3207 ἀντιμέτωπος

386 3219 542 3299 ὣφθη
583 3226 721 3292 ιτοῖς
776 3217 991 3293 ἔξωθεν,
1074 3219 1222 3277 ἄλλᾶ
1279 3224 1474 3292 θεατὴς
1550 3226 1656 3277 τῶν
1743 3220 2037 3299 δρωμένων

2148 629 2512 702 quievissent
2542 635 2823 701 quantum
2860 630 2930 684 ad
2964 628 3403 685 deliberandum
3439 627 3584 682 satis
3616 629 3791 693 esset,
3894 628 3897 629 ⁷

2147 719 2245 773 alii
2278 734 2409 774 cum
2455 720 2713 784 navibus,
2760 717 2983 789 equites
3035 734 3166 773 vero
3205 734 3332 774 cum
3384 716 3658 786 adjuncto
3704 729 3797 784 pe-

2149 808 2328 863 ditatu
2381 807 2451 862 ad
2502 807 2857 863 Cosmidium
2920 807 3222 869 accedunt,
3275 821 3473 877 parum
3520 802 3795 859 Romanis

2148 898 2326 954 armis
2372 898 2442 951 ad
2505 904 2737 966 pontem
2793 906 2842 951 et
2903 896 3089 952 locum
3150 896 3245 966 qui
3282 896 3607 950 Perforalus
3649 892 3796 963 lapis

2148 987 2363 1043 dicitur
2427 986 2712 1056 impediti,
2774 1003 2839 1042 ac
2865 1001 3041 1041 naves
3089 986 3279 1041 omnis
3310 986 3539 1056 generis
3589 983 3665 1037 ibi
3700 1000 3797 1053 ap-

2147 1076 2391 1151 pellunt.
2439 1083 2563 1132 Dux
2619 1080 3062 1133 castrametatur
3119 1077 3326 1147 partim
3392 1076 3547 1129 fossa
3578 1074 3792 1146 partim

2148 1166 2504 1238 vallisjuxta
2544 1165 2748 1221 collem
2783 1164 3163 1231 circumdata,
3211 1181 3277 1220 ex
3313 1180 3423 1235 quo
3459 1163 3794 1218 Blacbernia

2147 1256 2328 1329 regia,
2375 1272 2487 1328 qua
2528 1259 2595 1311 ad
2642 1271 2909 1312 occasum
2956 1256 3162 1326 vergit,
3214 1254 3587 1323 conspicitur.
3629 1250 3795 1308 Circa

2147 1347 2490 1403 descensum
2530 1345 2689 1401 illius
2719 1343 3069 1400 vestibulum
3103 1344 3400 1415 quoddam
3450 1358 3648 1398 versus
3672 1355 3796 1395 me-

2148 1435 2351 1492 ridiem
2408 1435 2684 1506 aperitur,
2750 1435 2807 1488 in
2842 1449 2971 1488 eum
3019 1448 3247 1488 murum
3294 1432 3569 1488 desinens
3621 1444 3793 1503 quem

2147 1523 2378 1580 Manuel
2436 1521 2737 1579 muniendi
2785 1521 3007 1578 castelli
3071 1538 3249 1577 causa
3303 1521 3556 1589 struxit;
3590 1538 3796 1582 versus

2145 1612 2605 1685 Septentrionem
2636 1627 2772 1668 vero
2828 1628 3005 1682 prope
3061 1628 3218 1667 mare
3273 1610 3607 1683 porrigitur.
3644 1614 3790 1685 Ergo

2148 1705 2243 1777 qui
2300 1705 2375 1777 tin
2459 1704 2602 1759 urbe
2677 1707 2866 1769 erant,
2947 1705 3138 1757 erecta
3196 1703 3348 1758 720
3417 1702 3795 1761 tabernacula

2149 1794 2487 1864 cernebant,
2537 1796 2594 1848 et
2636 1808 2783 1863 pene
2834 1790 3086 1862 colloqui
3130 1795 3402 1863 poterant
3431 1807 3561 1848 cum
3592 1792 3666 1849 iis
3697 1793 3795 1865 qui

2149 1885 2220 1941 ad
2278 1882 2677 1957 Gyrolimnam
2746 1882 3172 1949 versabantur;
3234 1898 3341 1937 nec
3385 1881 3469 1939 illi
3534 1881 3684 1939 vallo
3741 1888 3800 1940 et

2149 1973 2347 2043 armis,
2381 1960 2482 2028 sed
2514 1972 2805 2028 mmnibus
2839 1971 3001 2027 urbis
3033 1972 3104 2026 ab
3153 1971 3321 2027 nobis
3352 1970 3797 2045 distingueban-

2148 2069 2261 2121 tur.
2287 2066 2569 2121 Cmterum
2628 2063 2950 2135 imperator
3004 2061 3262 2133 Alexius,
3298 2063 3399 2134 qui
3451 2063 3675 2133 pridem
3710 2065 3800 2121 fu-

2149 2170 2281 2227 gam
2362 2153 2556 2209 animo
2655 2152 2981 2208 destinarat
3038 2151 3097 2206 in
3186 2167 3368 2223 eaque
3430 2157 3584 2208 totus
3650 2158 3797 2224 erat,

2150 2259 2439 2315 nusquam
2490 2257 2651 2298 arma
2679 2240 2811 2297 tulit
2868 2258 3054 2311 neque
3100 2241 3159 2297 in
3209 2243 3389 2297 aciem
3450 2247 3651 2298 contra
3684 2243 3792 2299 bo-

2150 2337 2270 2390 stes
2326 2332 2559 2405 prodiit,
2644 2333 2744 2387 sed
2801 2336 3100 2404 spectator
3181 2330 3401 2386 assedit
3458 2333 3796 2389 conscensis

2149 2420 2458 2477 altissimis
2502 2419 2743 2486 aedibus,
2778 2434 2901 2490 quae
2959 2421 3030 2475 ab
3063 2419 3513 2474 Alemannorum
3561 2419 3799 2475 domina

2150 2526 2362 2567 nomen
2428 2508 2666 2565 habent.
2731 2507 2870 2578 Ejus
2920 2524 3053 2564 vero
3113 2507 3427 2564 familiares
3477 2512 3535 2565 et
3566 2510 3804 2579 cognati

2152 2616 2286 2655 cum
2336 2601 2791 2671 quantocunque
2849 2599 3107 2670 equitatu
3177 2601 3233 2653 et
3288 2600 3495 2670 exiguo
3540 2599 3799 2669 peditatu

2153 2708 2256 2765 per
2313 2688 2622 2747 intervalla
2665 2691 2925 2761 exibant,
2984 2693 3210 2745 tantum
3269 2707 3384 2746 non
3428 2693 3494 2745 ut
3530 2691 3799 2747 ostende-

2150 2784 2281 2836 rent
2302 2781 2505 2837 urbem
2557 2779 2900 2836 bominibus
2938 2795 3054 2834 non
3085 2778 3326 2835 omnino
3378 2795 3507 2835 esse
3532 2794 3796 2835 vacuam.

2150 2874 2312 2943 Saepe
2342 2869 2522 2942 igitur
2562 2870 2764 2925 eodem
2818 2868 2911 2924 die
2942 2868 3217 2934 utrinque
3266 2867 3533 2924 cohortes
3573 2867 3801 2939 aliquot

2150 2958 2299 3015 levia
2327 2958 2621 3031 equestria
2672 2957 2995 3014 certamina
3046 2956 3412 3013 aemulatione
3444 2957 3800 3013 fortitudinis

2149 3050 2474 3118 faciebant;
2542 3063 2656 3121 qua
2705 3049 2763 3103 in
2841 3065 2899 3104 re
2958 3048 3143 3104 nostri
3203 3047 3360 3103 haud
3423 3048 3682 3119 segniter
3738 3064 3802 3103 se

2149 3141 2449 3213 gerebant,
2551 3138 2869 3209 praesertim
2956 3154 3083 3194 cum
3172 3136 3540 3207 imperatoris
3625 3153 3802 3203 gener

2151 3231 2492 3288 Theodorus
2541 3228 2805 3285 Lascaris
2838 3227 3038 3300 copias
3086 3227 3351 3283 ducebat.
3407 3229 3459 3283 Is
3500 3226 3655 3283 enim
3682 3243 3805 3283 ma-

387 3289 642 3381 ἐκάθητο,
662 3289 1226 3383 τοὺς-ὑπερυψήλους
1259 3289 1465 3382 δόμου-ς
1502 3311 1664 3367 ἀνιὼν
1719 3289 1788 3366 οἳ¹
1826 3289 1926 3383 της
1984 3312 2034 3384 ἐξ

2156 3336 2272 3393 gno
2303 3320 2523 3391 impetu
2549 3316 2741 3374 invehi
2796 3289 3003 3372 solitus
3046 3333 3105 3372 re
3137 3318 3264 3388 ipsa
3302 3316 3546 3372 docebat
3578 3315 3807 3372 Latinos

393 3398 720 3472 Ἀλαμανῶν
755 3396 1047 3469 δεσποίνης
1092 3396 1505 3468 κικλήσκονται.
1569 3401 1637 3458 Οἱ
1688 3398 1746 3456 δὲ
1800 3423 1861 3477 γε
1916 3403 2043 3481 περὶ

395 3489 488 3544 τὸν
540 3487 770 3564 βασιλέα
847 3487 1121 3561 οἷκειακοί-
1188 3508 1248 3541 τε
1304 3489 1394 3543 καὶ
1472 3495 1766 3565 συγγενεῖς,
1817 3492 2041 3547 ὁσονοῦν

394 3578 710 3655 ἆγηοχότες
780 3578 1091 3653 στράτευμα
1145 3577 1375 3632 ἱππικὸν
1428 3579 1517 3633 καὶ
1580 3584 1778 3655 μοῖραν
1829 3580 2044 3656 εὐάριθ-

400 3688 500 3741 μον
552 3667 799 3737 πεζικὴν,
858 3666 918 3721 ἐκ
985 3663 1402 3740 διαλειμμάτων
1460 3666 1699 3743 ἐξῄεσαν,
1763 3670 1929 3743 μόνον
1981 3671 2043 3726 οὐ

392 3755 719 3831 προθέμενοι
751 3753 1010 3810 δεικνύειν
1049 3756 1126 3828 μὴ
1160 3753 1367 3831 ἔρημον
1398 3756 1699 3834 ἀνθρώπων
1730 3768 1829 3828 τὴν
1878 3755 2042 3815 πόλιν

393 3847 531 3900 εἶναι
588 3846 948 3902 παντάπασιν.
1012 3845 1328 3909 Ἐπελάσεις
1374 3848 1558 3903 τοίνυν
1617 3846 1668 3919 ἐξ
1735 3846 2042 3926 ἐπιδρομῆς

395 3935 613 4010 μερικαὶ
645 3934 735 3991 καὶ
787 3933 1145 4000 διακοντίσεις
1196 3938 1444 3994 ἱπποτῶν
1499 3940 1636 4015 πρὸς
1693 3937 1889 4005 ἱππέας
1953 3944 2044 3998 καὶ

395 4026 680 4102 ἐρεθισμὸν
709 4028 801 4083 καὶ
834 4027 1004 4098 ζῆλον
1032 4024 1283 4105 ἀνδρείας
1332 4028 1606 4093 πολλάκις
1662 4038 1764 4102 τῆς
1831 4035 2046 4107 ἡμέρας

397 4112 707 4172 συνέϐαινον
766 4115 1120 4192 ἑκατέρωθεν
1183 4117 1273 4173 καὶ
1325 4119 1462 4189 ἦσαν
1522 4118 1609 4175 ἐπὶ
1680 4121 1896 4186 τούτοις
1946 4124 2046 4181 οὐκ

387 4208 578 4283 ἀγεννῆ
614 4207 683 4261 τὰ
733 4206 995 4282 ἡμέτερα,
1027 4208 1114 4262 καὶ
1152 4207 1391 4280 μάλιστα
1437 4211 1602 4278 ἡνίκα
1666 4207 2042 4290 διεστρατήγει

389 4299 481 4353 τὸν
526 4298 774 4370 πόλεμον
838 4298 865 4351 ὁ
920 4301 1017 4353 τοῦ
1071 4297 1345 4372 βασιλέως
1401 4295 1650 4377 γαμϐρὸς
1702 4301 2041 4379 Θεόδωροςὸ

390 4389 685 4464 Λάσκαρις·
776 4388 935 4449 οὗτος
1019 4387 1121 4463 γὰρ
1203 4386 1590 4467 ραγδαιότερόν
1659 4393 2044 4470 συμπλεκόμε-

384 4498 473 4541 νος
505 4477 638 4533 εἶναι
669 4477 760 4531 καὶ
790 4476 937 4551 παρὰ
982 4477 1285 4551 Ῥωμαὶοις
1349 4480 1602 4554 ἂρεϊκοὺς
1666 4479 1862 4556 ἄνδρας
1920 4490 2041 4547 τοῖς

384 4568 638 4630 Λατίνοις
670 4566 860 4622 ἐκτῶν
920 4562 1091 4643 ἔργων
1152 4567 1440 4644 ἐξέφαινεν,
1492 4571 1673 4630 Ἀλλὰ
1719 4574 1808 4630 κκὶ
1863 4581 2042 4648 πεζῶν

2155 3410 2307 3482 apud
2368 3409 2658 3464 Romanos
2710 3422 2940 3478 quoque
2970 3406 3129 3462 viros
3170 3406 3347 3461 fortes
3399 3404 3660 3477 reperiri.
3697 3406 3805 3461 Sed

2155 3503 2212 3553 et
2278 3498 2538 3569 peditum
2597 3494 2862 3552 cohortes
2900 3494 2960 3549 in
3015 3493 3075 3551 id
3133 3495 3287 3567 quod
3331 3494 3585 3550 diximus
3626 3494 3807 3549 vesti-

2155 3586 2357 3643 bulum
2411 3601 2656 3658 egresea:
2705 3585 2905 3641 hostes
2966 3584 3357 3639 lacessebant.
3420 3583 3640 3639 Palatia
3685 3600 3807 3639 ma-

2155 3677 2345 3733 cbinis
2372 3677 2516 3733 721
2577 3674 3000 3743 diruebantur;
3051 3672 3270 3729 alicubi
3329 3673 3507 3728 etiam
3551 3688 3620 3728 ex
3665 3690 3813 3728 mne-

2155 3766 2328 3821 nibus
2390 3766 2712 3837 ingentium
2757 3779 3029 3820 saxorum
3084 3763 3340 3832 jactibus
3371 3761 3569 3817 hostes
3626 3766 3809 3818 terre-

2153 3857 2385 3912 bantur.
2418 3855 2723 3910 Enimvero
2781 3854 3008 3909 decima
3048 3852 3298 3924 septima
3341 3852 3436 3907 die
3482 3850 3621 3906 Julii
3652 3857 3807 3907 terra

2157 3946 2415 4016 marique
2473 3944 2646 3999 simul
2682 3942 2891 3997 fortius
2947 3942 3225 3997 dimicare
3276 3941 3675 4009 instituerunt,
3742 3944 3807 3997 ut

2155 4039 2253 4090 aut
2307 4041 2571 4090 votorum
2629 4037 2923 4105 compotes
2976 4031 3170 4095 futuri,
3207 4035 3305 4086 aut
3346 4030 3395 4084 si
3453 4030 3526 4086 iis
3560 4031 3804 4086 frustra-

2156 4130 2374 4193 rentur,
2418 4125 2487 4180 ad
2551 4123 2850 4195 pactiones
2888 4121 3246 4178 descensuri.
3307 4120 3453 4176 Nam
3501 4120 3808 4191 utriusque

2154 4217 2234 4273 rei
2271 4217 2426 4272 fama
2473 4215 2628 4272 baud
2662 4216 2914 4272 obscura
2971 4212 3308 4287 vagabatur.
3367 4217 3448 4268 Ac
3496 4211 3594 4268 alii
3628 4227 3807 4268 naves

2153 4308 2329 4363 boum
2355 4305 2686 4378 tergoribus
2710 4311 2913 4361 contra
2938 4303 3130 4374 ignem
3166 4301 3419 4360 munitas
3442 4302 3513 4356 ad
3548 4300 3804 4358 Petrium

2153 4398 2538 4464 adduxerunt,
2574 4394 2750 4452 scalis
2799 4395 2856 4450 in
2915 4393 3191 4449 antennis
3230 4409 3300 4448 ex
3331 4392 3569 4448 funibus
3607 4391 3799 4460 factis,

2152 4502 2273 4558 quae
2308 4486 2651 4542 rudentibus
2703 4485 2773 4540 ad
2809 4483 2992 4539 malos
3033 4481 3287 4555 alligatis
3346 4480 3807 4537 demittebantur

2152 4578 2295 4633 etin
2355 4576 2532 4633 altum
2593 4576 3033 4632 attollebantur.
3095 4572 3205 4629 Alii
3248 4572 3427 4629 ariete
3484 4572 3555 4627 ad
3589 4571 3805 4628 moenia

384 4655 700 4731 ἐκπηδῶσαι
755 4654 1014 4731 δυνάμεις
1072 4657 1128 4720 ἐς
1184 4660 1287 4728 τὴν
1345 4657 1566 4718 αὔλειον
1651 4664 1890 4737 μάλιστα
1966 4668 2033 4738 ἢν

2150 4667 2420 4737 adducto,
2465 4672 2523 4723 et
2571 4665 2962 4739 zagrotoxotis
3024 4664 3245 4737 passim
3292 4660 3616 4732 dispositis,
3667 4668 3804 4717 tan-

381 4748 693 4822 εἷρήκειμεν
723 4752 842 4808 τοῖς
896 4745 1164 4811 ἐναντίοις
1218 4746 1623 4825 προσέϐαλλον.
1678 4758 1776 4811 Ἤν
1832 4753 1891 4811 δὲ
1946 4759 2036 4813 καὶ

383 4838 488 4895 ἀπὸ
520 4841 631 4892 τῶν
663 4830 1020 4910 πετροϐόλων
1074 4840 1498 4912 μηχανημάτων
1551 4842 1920 4917 ἀχρειούμενα
1974 4846 2042 4901 τὰ

388 4927 666 5006 βασίλεια,
699 4924 927 5003 ἐνεαχοῦ
960 4921 1019 4979 δὲ
1063 4925 1168 4980 κάκ
1222 4932 1331 4981 τῶν
1381 4931 1614 5005 τειχέων
1671 4934 1769 5001 τῆς
1823 4932 2041 4999 πόλεως

391 5020 532 5096 βάρη
574 5016 746 5081 λίθων
794 5011 1337 5092 άποσφενδονούμενα
1393 5018 1520 5081 τοὺς
1579 5021 1851 5086 ἐναντίους
1911 5045 2037 5081 κατ-

384 5119 680 5184 επΛηττον.
724 5102 1014 5175 Ἐνστάσης
1074 5102 1131 5159 δὲ
1215 5113 1315 5177 τῆς
1400 5108 1859 5184 ἑπτακαιδεκάτης
1941 5120 2038 5170 τοῦ

382 5182 627 5279 Ἰουλίου
698 5195 869 5270 μηνὸς
927 5194 1183 5271 χερσαῖοί
1214 5208 1272 5251 τε
1311 5200 1401 5252 καὶ
1465 5196 1678 5276 ὑδραῖοι
1711 5182 2039 5279 ἄνδρικώτε-

390 5299 479 5351 ρον
507 5277 743 5358 ἔγνωσαν
775 5281 1196 5359 διαγωνίσασθαι
1227 5286 1280 5341 οἱ
1320 5285 1640 5366 ἂντίμαχοι,
1699 5292 1774 5355 ὡς
1929 5300 2038 5351 τῶν

383 5369 528 5424 κατᾶ
587 5374 785 5429 σκοπὸν
845 5372 1254 5446 ἐπιτευξόμενοι
1328 5374 1365 5447 ἤ
1421 5379 1629 5435 τούτων
1690 5378 2036 5448 διαπεσόντες

389 5458 442 5549 ἐς
510 5456 804 5531 συμϐάσεις
867 5460 1186 5537 βλέψοντες·
1248 5466 1531 5544 ἀμφότερα
1598 5472 1702 5546 γὰρ
1782 5474 1816 5544 ἠ
1870 5476 2030 5549 φήμη

387 5546 722 5622 διιπταμένη
775 5556 1046 5627 γαμπρῶς
1103 5553 1424 5611 έκώτιλλεν*
1482 5560 1550 5617 Οἱ
1611 5561 1707 5634 μὲν
1764 5546 2037 5620 τοίνυντᾶ

383 5636 556 5729 πλοῖα
633 5637 878 5729 φέροντες
953 5640 1181 5729 ἔστησαν
1235 5649 1515 5704 κατέναντι
1589 5654 1701 5706 τῶν
1769 5655 1851 5726 [Ρ.
1908 5658 2035 5729 351]

385 5726 653 5805 Πετρίων,
714 5727 918 5804 βοείαις
997 5728 1185 5812 δοραῖς
1244 5736 1578 5817 φραξάμενοι
1678 5744 1870 5815 ταῦτα,
1956 5726 2034 5810 ὡς

2152 4774 2325 4830 quam
2386 4773 2499 4813 uno
2557 4756 2726 4828 signo
2775 4758 2908 4810 dato
2989 4752 3475 4825 congrediuntur,
3528 4754 3586 4807 et
3635 4757 3800 4806 atrox

2151 4848 2414 4922 praelium
2446 4846 2849 4904 committitur.
2900 4845 3044 4901 Nam
3084 4844 3273 4901 Latini
3331 4842 3583 4915 quicum
3618 4842 3802 4897 ariete

2151 4944 2336 5003 erant,
2397 4940 2681 5010 perfracto
2756 4952 2920 4991 muro
2987 4934 3081 5006 qui
3137 4935 3207 4991 ad
3281 4949 3441 4988 mare
3502 4931 3802 5003 pertinens

2150 5027 2318 5083 Scala
2347 5025 2717 5098 imperatoris
2775 5025 3008 5094 dicitur,
3043 5024 3197 5079 intro
3240 5026 3654 5094 penetrarunt:
3699 5021 3799 5076 sed

2149 5122 2222 5177 ab
2264 5119 2638 5177 auxiliaribus
2696 5117 2926 5173 Pisanis
2983 5121 3040 5172 et
3087 5113 3473 5188 bipenniferis
3536 5111 3800 5167 barbaris

2151 5211 2372 5266 fortiter
2405 5208 2727 5282 propulsati
2785 5214 2843 5262 et
2900 5205 3159 5277 plerique
3210 5201 3499 5259 vulnerati
3541 5215 3799 5257 recesse-

2149 5303 2303 5356 runt.
2337 5301 2443 5365 Qui
2482 5314 2614 5354 vero
2682 5296 2930 5353 navibus
2987 5295 3243 5350 Patrium
3287 5295 3661 5364 occuparant,
3694 5305 3800 5361 ag-

2147 5389 2330 5464 gressi
2385 5389 2620 5453 moenia,
2675 5386 2904 5443 anceris
2968 5384 3202 5440 navium
3264 5400 3366 5456 per
3426 5381 3667 5454 cymbae
3728 5396 3798 5434 ex

2146 5479 2318 5536 scalis
2342 5477 2504 5535 humi
2548 5476 2841 5549 projectis,
2902 5478 3194 5531 Romanos
3220 5489 3288 5528 ex
3317 5471 3575 5527 turribus
3629 5468 3798 5525 facile

2148 5571 2299 5627 722
2359 5568 2764 5632 deturbarunt,
2797 5565 3009 5637 quippe
3039 5580 3170 5619 cum
3222 5580 3291 5619 ex
3339 5561 3637 5633 superiore
3669 5557 3795 5613 loco

2144 5663 2493 5733 pugnarent,
2542 5673 2609 5713 ac
2640 5661 2869 5712 tantum
2917 5671 3031 5711 non
3076 5669 3255 5726 supra
3292 5650 3538 5707 vertices
3584 5663 3791 5704 eorum

2143 5752 2402 5809 astantes
2449 5747 2565 5807 tela
2594 5746 2950 5819 conjicerent
2978 5762 2998 5801 :
3046 5759 3178 5801 nam
3222 5740 3390 5799 scala
3432 5738 3663 5797 navium
3690 5753 3793 5792 ru-
