  <div class='ocr_page' id='page_1' title='image "/cluster/home/n/w/nwhite01/storage/ocr_20150623/139:no.1/coo.31924054870443/473.png"; bbox 0 0 4074 6460; ppageno 0'>
   <div class='ocr_carea' id='block_1_1' title="bbox 234 391 353 459">
    <p class='ocr_par' dir='ltr' id='par_1_1' title="bbox 234 391 353 459">
     <span class='ocr_line' id='line_1_1' title="bbox 234 391 353 459; baseline 0.008 -1"><span class='ocrx_word' id='word_1_1' title='bbox 234 391 353 459; x_wconf 82' lang='lat'><strong>927</strong></span> 
     </span>
    </p>
   </div>
   <div class='ocr_carea' id='block_1_2' title="bbox 1555 394 2333 460">
    <p class='ocr_par' dir='ltr' id='par_1_2' title="bbox 1555 394 2333 460">
     <span class='ocr_line' id='line_1_2' title="bbox 1555 394 2333 460; baseline 0.001 -4"><span class='ocrx_word' id='word_1_2' title='bbox 1555 395 1862 457; x_wconf 67' lang='lat' dir='ltr'><strong>NIGE&#39;I‘IE</strong></span> <span class='ocrx_word' id='word_1_3' title='bbox 1901 394 2333 460; x_wconf 66' lang='lat' dir='ltr'><strong>CHONIATIE</strong></span> 
     </span>
    </p>
   </div>
   <div class='ocr_carea' id='block_1_3' title="bbox 3533 403 3655 466">
    <p class='ocr_par' dir='ltr' id='par_1_3' title="bbox 3533 403 3655 466">
     <span class='ocr_line' id='line_1_3' title="bbox 3533 403 3655 466; baseline 0 -1"><span class='ocrx_word' id='word_1_4' title='bbox 3533 403 3655 466; x_wconf 75' lang='lat'><strong>928</strong></span> 
     </span>
    </p>
   </div>
   <div class='ocr_carea' id='block_1_4' title="bbox 237 525 1896 610">
    <p class='ocr_par' dir='ltr' id='par_1_4' title="bbox 237 528 1880 600">
     <span class='ocr_line' id='line_1_4' title="bbox 237 528 1880 600; baseline -0.001 -13"><span class='ocrx_word' id='word_1_5' title='bbox 237 530 516 587; x_wconf 80' lang='lat' dir='ltr'><strong>dentibus</strong></span> <span class='ocrx_word' id='word_1_6' title='bbox 591 531 648 588; x_wconf 91' lang='lat' dir='ltr'><strong>in</strong></span> <span class='ocrx_word' id='word_1_7' title='bbox 708 528 884 588; x_wconf 85' lang='lat' dir='ltr'><strong>altum</strong></span> <span class='ocrx_word' id='word_1_8' title='bbox 943 529 1160 587; x_wconf 78' lang='lat' dir='ltr'><strong>eductae</strong></span> <span class='ocrx_word' id='word_1_9' title='bbox 1219 528 1388 599; x_wconf 85' lang='lat' dir='ltr'><strong>longe</strong></span> <span class='ocrx_word' id='word_1_10' title='bbox 1437 543 1610 600; x_wconf 90' lang='lat' dir='ltr'><strong>supra</strong></span> <span class='ocrx_word' id='word_1_11' title='bbox 1666 529 1880 586; x_wconf 78' lang='lat' dir='ltr'><strong>muenia</strong></span> 
     </span>
    </p>
   </div>
   <div class='ocr_carea' id='block_1_5' title="bbox 2004 525 3656 610">
    <p class='ocr_par' dir='ltr' id='par_1_5' title="bbox 2004 525 3656 610">
     <span class='ocr_line' id='line_1_5' title="bbox 2004 525 3656 610; baseline 0.006 -28"><span class='ocrx_word' id='word_1_12' title='bbox 2004 526 2108 583; x_wconf 80' lang='grc' dir='ltr'>εἷεν</span> <span class='ocrx_word' id='word_1_13' title='bbox 2171 526 2306 604; x_wconf 85' lang='grc' dir='ltr'>πυρὶ</span> <span class='ocrx_word' id='word_1_14' title='bbox 2371 525 2619 606; x_wconf 71' lang='grc' dir='ltr'>ἀδῄωτα,</span> <span class='ocrx_word' id='word_1_15' title='bbox 2694 531 2791 588; x_wconf 86' lang='grc' dir='ltr'><strong>κάν</strong></span> <span class='ocrx_word' id='word_1_16' title='bbox 2854 537 2974 598; x_wconf 89' lang='grc' dir='ltr'>ταῖς</span> <span class='ocrx_word' id='word_1_17' title='bbox 3013 532 3230 610; x_wconf 75' lang='grc' dir='ltr'><strong>κεραίας</strong></span> <span class='ocrx_word' id='word_1_18' title='bbox 3259 532 3656 608; x_wconf 80' lang='grc' dir='ltr'>τεκτηνάμενοι</span> 
     </span>
    </p>
   </div>
   <div class='ocr_carea' id='block_1_6' title="bbox 241 620 1892 692">
    <p class='ocr_par' dir='ltr' id='par_1_6' title="bbox 241 620 1892 692">
     <span class='ocr_line' id='line_1_6' title="bbox 241 620 1892 692; baseline 0 -16"><span class='ocrx_word' id='word_1_19' title='bbox 241 622 597 678; x_wconf 84' lang='lat' dir='ltr'><strong>eminebant.</strong></span> <span class='ocrx_word' id='word_1_20' title='bbox 630 621 851 686; x_wconf 83' lang='lat' dir='ltr'><strong>Quibus</strong></span> <span class='ocrx_word' id='word_1_21' title='bbox 897 620 1085 676; x_wconf 80' lang='lat' dir='ltr'><strong>hostes</strong></span> <span class='ocrx_word' id='word_1_22' title='bbox 1115 620 1410 692; x_wconf 80' lang='lat' dir='ltr'><strong>occupatis</strong></span> <span class='ocrx_word' id='word_1_23' title='bbox 1439 622 1588 676; x_wconf 68' lang='lat' dir='ltr'><strong>aedes</strong></span> <span class='ocrx_word' id='word_1_24' title='bbox 1617 620 1734 676; x_wconf 86' lang='lat' dir='ltr'><strong>illis</strong></span> <span class='ocrx_word' id='word_1_25' title='bbox 1755 636 1892 678; x_wconf 90' lang='lat' dir='ltr'><strong>con-</strong></span> 
     </span>
    </p>
   </div>
   <div class='ocr_carea' id='block_1_7' title="bbox 247 710 1896 783">
    <p class='ocr_par' dir='ltr' id='par_1_7' title="bbox 247 710 1896 783">
     <span class='ocr_line' id='line_1_7' title="bbox 247 710 1896 783; baseline 0 -15"><span class='ocrx_word' id='word_1_26' title='bbox 247 713 429 783; x_wconf 80' lang='lat' dir='ltr'><strong>tiguas</strong></span> <span class='ocrx_word' id='word_1_27' title='bbox 478 712 798 769; x_wconf 89' lang='lat' dir='ltr'><strong>incendunt</strong></span> <span class='ocrx_word' id='word_1_28' title='bbox 857 713 1067 783; x_wconf 87' lang='lat' dir='ltr'><strong>passim</strong></span> <span class='ocrx_word' id='word_1_29' title='bbox 1119 717 1408 783; x_wconf 78' lang='lat' dir='ltr'><strong>vagantes.</strong></span> <span class='ocrx_word' id='word_1_30' title='bbox 1462 710 1658 768; x_wconf 88' lang='lat' dir='ltr'><strong>Editur</strong></span> <span class='ocrx_word' id='word_1_31' title='bbox 1703 727 1770 768; x_wconf 93' lang='lat' dir='ltr'><strong>eo</strong></span> <span class='ocrx_word' id='word_1_32' title='bbox 1802 711 1896 768; x_wconf 90' lang='lat' dir='ltr'><strong>die</strong></span> 
     </span>
    </p>
   </div>
   <div class='ocr_carea' id='block_1_8' title="bbox 242 799 1894 872">
    <p class='ocr_par' dir='ltr' id='par_1_8' title="bbox 242 799 1894 872">
     <span class='ocr_line' id='line_1_8' title="bbox 242 799 1894 872; baseline -0.002 -14"><span class='ocrx_word' id='word_1_33' title='bbox 242 801 570 858; x_wconf 80' lang='lat' dir='ltr'><strong>miserabile</strong></span> <span class='ocrx_word' id='word_1_34' title='bbox 596 802 1007 872; x_wconf 87' lang='lat' dir='ltr'><strong>spectaculum,</strong></span> <span class='ocrx_word' id='word_1_35' title='bbox 1041 801 1189 872; x_wconf 90' lang='lat' dir='ltr'><strong>quod</strong></span> <span class='ocrx_word' id='word_1_36' title='bbox 1250 799 1484 857; x_wconf 88' lang='lat' dir='ltr'><strong>ﬂumina</strong></span> <span class='ocrx_word' id='word_1_37' title='bbox 1513 801 1894 871; x_wconf 83' lang='lat' dir='ltr'><strong>lacrymarum</strong></span> 
     </span>
    </p>
   </div>
   <div class='ocr_carea' id='block_1_9' title="bbox 243 889 1896 963">
    <p class='ocr_par' dir='ltr' id='par_1_9' title="bbox 243 889 1896 963">
     <span class='ocr_line' id='line_1_9' title="bbox 243 889 1896 963; baseline -0.001 -16"><span class='ocrx_word' id='word_1_38' title='bbox 243 898 397 947; x_wconf 88' lang='lat' dir='ltr'><strong>tanto</strong></span> <span class='ocrx_word' id='word_1_39' title='bbox 457 891 729 947; x_wconf 81' lang='lat' dir='ltr'><strong>incendio</strong></span> <span class='ocrx_word' id='word_1_40' title='bbox 788 890 944 962; x_wconf 85' lang='lat' dir='ltr'><strong>paria</strong></span> <span class='ocrx_word' id='word_1_41' title='bbox 992 889 1260 962; x_wconf 90' lang='lat' dir='ltr'><strong>postulet.</strong></span> <span class='ocrx_word' id='word_1_42' title='bbox 1320 889 1464 945; x_wconf 87' lang='lat' dir='ltr'><strong>Nam</strong></span> <span class='ocrx_word' id='word_1_43' title='bbox 1527 889 1810 963; x_wconf 86' lang='lat' dir='ltr'><strong>quidquid</strong></span> <span class='ocrx_word' id='word_1_44' title='bbox 1861 907 1896 946; x_wconf 76' lang='grc' dir='ltr'><strong>ο</strong></span> 
     </span>
    </p>
   </div>
   <div class='ocr_carea' id='block_1_10' title="bbox 239 978 1893 1053">
    <p class='ocr_par' dir='ltr' id='par_1_10' title="bbox 239 978 1893 1053">
     <span class='ocr_line' id='line_1_10' title="bbox 239 978 1893 1053; baseline -0.002 -17"><span class='ocrx_word' id='word_1_45' title='bbox 239 981 384 1038; x_wconf 87' lang='lat' dir='ltr'><strong>collo</strong></span> <span class='ocrx_word' id='word_1_46' title='bbox 415 979 756 1038; x_wconf 83' lang='lat' dir='ltr'><strong>Blacbernio</strong></span> <span class='ocrx_word' id='word_1_47' title='bbox 807 997 984 1053; x_wconf 88' lang='lat' dir='ltr'><strong>usque</strong></span> <span class='ocrx_word' id='word_1_48' title='bbox 1033 981 1105 1038; x_wconf 85' lang='lat' dir='ltr'><strong>ad</strong></span> <span class='ocrx_word' id='word_1_49' title='bbox 1153 981 1438 1051; x_wconf 84' lang='lat' dir='ltr'><strong>Evergctae</strong></span> <span class='ocrx_word' id='word_1_50' title='bbox 1481 978 1893 1036; x_wconf 86' lang='lat' dir='ltr'><strong>monasterium</strong></span> 
     </span>
    </p>
   </div>
   <div class='ocr_carea' id='block_1_11' title="bbox 241 1069 1890 1143">
    <p class='ocr_par' dir='ltr' id='par_1_11' title="bbox 241 1069 1890 1143">
     <span class='ocr_line' id='line_1_11' title="bbox 241 1069 1890 1143; baseline -0.001 -17"><span class='ocrx_word' id='word_1_51' title='bbox 241 1073 504 1142; x_wconf 81' lang='lat' dir='ltr'><strong>pertinet,</strong></span> <span class='ocrx_word' id='word_1_52' title='bbox 549 1075 783 1127; x_wconf 86' lang='lat' dir='ltr'><strong>ﬂamma</strong></span> <span class='ocrx_word' id='word_1_53' title='bbox 809 1079 890 1127; x_wconf 83' lang='lat' dir='ltr'><strong>est</strong></span> <span class='ocrx_word' id='word_1_54' title='bbox 943 1071 1336 1142; x_wconf 82' lang='lat' dir='ltr'><strong>absumptum,</strong></span> <span class='ocrx_word' id='word_1_55' title='bbox 1393 1069 1640 1125; x_wconf 68' lang='lat' dir='ltr'><strong>flammea</strong></span> <span class='ocrx_word' id='word_1_56' title='bbox 1673 1069 1890 1143; x_wconf 90' lang='lat' dir='ltr'><strong>impetu</strong></span> 
     </span>
    </p>
   </div>
   <div class='ocr_carea' id='block_1_12' title="bbox 241 1158 1892 1232">
    <p class='ocr_par' dir='ltr' id='par_1_12' title="bbox 241 1158 1892 1232">
     <span class='ocr_line' id='line_1_12' title="bbox 241 1158 1892 1232; baseline -0.001 -16"><span class='ocrx_word' id='word_1_57' title='bbox 241 1163 394 1218; x_wconf 87' lang='lat' dir='ltr'><strong>ultra</strong></span> <span class='ocrx_word' id='word_1_58' title='bbox 455 1166 755 1217; x_wconf 88' lang='lat' dir='ltr'><strong>Deuterum</strong></span> <span class='ocrx_word' id='word_1_59' title='bbox 810 1161 980 1216; x_wconf 84' lang='lat' dir='ltr'><strong>elato.</strong></span> <span class='ocrx_word' id='word_1_60' title='bbox 1057 1161 1372 1232; x_wconf 88' lang='lat' dir='ltr'><strong>Imperator</strong></span> <span class='ocrx_word' id='word_1_61' title='bbox 1413 1167 1523 1215; x_wconf 88' lang='lat' dir='ltr'><strong>tam</strong></span> <span class='ocrx_word' id='word_1_62' title='bbox 1577 1158 1892 1216; x_wconf 81' lang='lat' dir='ltr'><strong>miserabili</strong></span> 
     </span>
    </p>
   </div>
   <div class='ocr_carea' id='block_1_13' title="bbox 246 1247 1892 1320">
    <p class='ocr_par' dir='ltr' id='par_1_13' title="bbox 246 1247 1892 1320">
     <span class='ocr_line' id='line_1_13' title="bbox 246 1247 1892 1320; baseline 0.001 -15"><span class='ocrx_word' id='word_1_63' title='bbox 246 1250 566 1306; x_wconf 81' lang='lat' dir='ltr'><strong>infortunio</strong></span> <span class='ocrx_word' id='word_1_64' title='bbox 614 1249 755 1318; x_wconf 89' lang='lat' dir='ltr'><strong>viso,</strong></span> <span class='ocrx_word' id='word_1_65' title='bbox 823 1250 1126 1306; x_wconf 84' lang='lat' dir='ltr'><strong>anxietatis</strong></span> <span class='ocrx_word' id='word_1_66' title='bbox 1210 1247 1405 1320; x_wconf 90' lang='lat' dir='ltr'><strong>populi</strong></span> <span class='ocrx_word' id='word_1_67' title='bbox 1463 1250 1730 1305; x_wconf 83' lang='lat' dir='ltr'><strong>misertus</strong></span> <span class='ocrx_word' id='word_1_68' title='bbox 1802 1249 1892 1306; x_wconf 79' lang='lat' dir='ltr'><strong>vix</strong></span> 
     </span>
    </p>
   </div>
   <div class='ocr_carea' id='block_1_14' title="bbox 243 1339 1893 1411">
    <p class='ocr_par' dir='ltr' id='par_1_14' title="bbox 243 1339 1893 1411">
     <span class='ocr_line' id='line_1_14' title="bbox 243 1339 1893 1411; baseline 0.001 -18"><span class='ocrx_word' id='word_1_69' title='bbox 243 1344 434 1396; x_wconf 82' lang='lat' dir='ltr'><strong>tamen</strong></span> <span class='ocrx_word' id='word_1_70' title='bbox 485 1357 646 1396; x_wconf 84' lang='lat' dir='ltr'><strong>arma</strong></span> <span class='ocrx_word' id='word_1_71' title='bbox 700 1339 927 1407; x_wconf 83' lang='lat' dir='ltr'><strong>induit;</strong></span> <span class='ocrx_word' id='word_1_72' title='bbox 963 1341 1136 1411; x_wconf 89' lang='lat' dir='ltr'><strong>idque</strong></span> <span class='ocrx_word' id='word_1_73' title='bbox 1181 1355 1311 1396; x_wconf 86' lang='lat' dir='ltr'><strong>cum</strong></span> <span class='ocrx_word' id='word_1_74' title='bbox 1343 1357 1374 1394; x_wconf 92' lang='lat' dir='ltr'><strong>a</strong></span> <span class='ocrx_word' id='word_1_75' title='bbox 1411 1339 1700 1411; x_wconf 82' lang='lat' dir='ltr'><strong>plerisque</strong></span> <span class='ocrx_word' id='word_1_76' title='bbox 1731 1339 1893 1395; x_wconf 89' lang='lat' dir='ltr'><strong>iratis</strong></span> 
     </span>
    </p>
   </div>
   <div class='ocr_carea' id='block_1_15' title="bbox 243 1428 1890 1502">
    <p class='ocr_par' dir='ltr' id='par_1_15' title="bbox 243 1428 1890 1502">
     <span class='ocr_line' id='line_1_15' title="bbox 243 1428 1890 1502; baseline -0.001 -18"><span class='ocrx_word' id='word_1_77' title='bbox 243 1437 563 1501; x_wconf 83' lang='lat' dir='ltr'><strong>urgeretur,</strong></span> <span class='ocrx_word' id='word_1_78' title='bbox 622 1429 723 1502; x_wconf 89' lang='lat' dir='ltr'><strong>qui</strong></span> <span class='ocrx_word' id='word_1_79' title='bbox 781 1430 1106 1486; x_wconf 68' lang='lat' dir='ltr'><strong>maledicﬁs</strong></span> <span class='ocrx_word' id='word_1_80' title='bbox 1161 1438 1213 1486; x_wconf 85' lang='lat' dir='ltr'><strong>et</strong></span> <span class='ocrx_word' id='word_1_81' title='bbox 1254 1428 1529 1487; x_wconf 88' lang='lat' dir='ltr'><strong>conviciis</strong></span> <span class='ocrx_word' id='word_1_82' title='bbox 1559 1445 1675 1486; x_wconf 92' lang='lat' dir='ltr'><strong>non</strong></span> <span class='ocrx_word' id='word_1_83' title='bbox 1713 1428 1890 1484; x_wconf 85' lang='lat' dir='ltr'><strong>absti-</strong></span> 
     </span>
    </p>
   </div>
   <div class='ocr_carea' id='block_1_16' title="bbox 239 1517 1893 1591">
    <p class='ocr_par' dir='ltr' id='par_1_16' title="bbox 239 1517 1893 1591">
     <span class='ocr_line' id='line_1_16' title="bbox 239 1517 1893 1591; baseline -0.001 -16"><span class='ocrx_word' id='word_1_84' title='bbox 239 1519 474 1585; x_wconf 88' lang='lat' dir='ltr'><strong>nebant,</strong></span> <span class='ocrx_word' id='word_1_85' title='bbox 510 1520 658 1591; x_wconf 89' lang='lat' dir='ltr'><strong>quod</strong></span> <span class='ocrx_word' id='word_1_86' title='bbox 710 1519 933 1575; x_wconf 89' lang='lat' dir='ltr'><strong>desidia</strong></span> <span class='ocrx_word' id='word_1_87' title='bbox 963 1536 1070 1574; x_wconf 84' lang='lat' dir='ltr'><strong>sua</strong></span> <span class='ocrx_word' id='word_1_88' title='bbox 1125 1518 1378 1575; x_wconf 87' lang='lat' dir='ltr'><strong>hostium</strong></span> <span class='ocrx_word' id='word_1_89' title='bbox 1406 1517 1634 1575; x_wconf 88' lang='lat' dir='ltr'><strong>animos</strong></span> <span class='ocrx_word' id='word_1_90' title='bbox 1663 1525 1893 1588; x_wconf 85' lang='lat' dir='ltr'><strong>augeret</strong></span> 
     </span>
    </p>
   </div>
   <div class='ocr_carea' id='block_1_17' title="bbox 239 1605 1889 1678">
    <p class='ocr_par' dir='ltr' id='par_1_17' title="bbox 239 1605 1889 1678">
     <span class='ocr_line' id='line_1_17' title="bbox 239 1605 1889 1678; baseline -0.003 -14"><span class='ocrx_word' id='word_1_91' title='bbox 239 1626 345 1666; x_wconf 89' lang='lat' dir='ltr'><strong>nec</strong></span> <span class='ocrx_word' id='word_1_92' title='bbox 403 1609 579 1666; x_wconf 87' lang='lat' dir='ltr'><strong>ullam</strong></span> <span class='ocrx_word' id='word_1_93' title='bbox 639 1607 764 1664; x_wconf 85' lang='lat' dir='ltr'><strong>urbi</strong></span> <span class='ocrx_word' id='word_1_94' title='bbox 797 1607 1028 1664; x_wconf 77' lang='lat' dir='ltr'><strong>afﬂictae</strong></span> <span class='ocrx_word' id='word_1_95' title='bbox 1075 1623 1239 1678; x_wconf 91' lang='lat' dir='ltr'><strong>opem</strong></span> <span class='ocrx_word' id='word_1_96' title='bbox 1290 1607 1484 1676; x_wconf 78' lang='lat' dir='ltr'><strong>ferret,</strong></span> <span class='ocrx_word' id='word_1_97' title='bbox 1543 1606 1643 1662; x_wconf 90' lang='lat' dir='ltr'><strong>sed</strong></span> <span class='ocrx_word' id='word_1_98' title='bbox 1673 1605 1889 1662; x_wconf 88' lang='lat' dir='ltr'><strong>bellum</strong></span> 
     </span>
    </p>
   </div>
   <div class='ocr_carea' id='block_1_18' title="bbox 1999 615 3659 701">
    <p class='ocr_par' dir='ltr' id='par_1_18' title="bbox 1999 615 3659 701">
     <span class='ocr_line' id='line_1_18' title="bbox 1999 615 3659 701; baseline 0.005 -27"><span class='ocrx_word' id='word_1_99' title='bbox 1999 615 2278 692; x_wconf 86' lang='grc' dir='ltr'>κλίμακας</span> <span class='ocrx_word' id='word_1_100' title='bbox 2337 620 2432 684; x_wconf 79' lang='grc' dir='ltr'><strong>τὰς</strong></span> <span class='ocrx_word' id='word_1_101' title='bbox 2495 620 2771 698; x_wconf 85' lang='grc' dir='ltr'>βαθμῖδας</span> <span class='ocrx_word' id='word_1_102' title='bbox 2845 621 3210 699; x_wconf 85' lang='grc' dir='ltr'>μηρινθώδεις</span> <span class='ocrx_word' id='word_1_103' title='bbox 3238 623 3494 701; x_wconf 77' lang='grc' dir='ltr'>ἐχούσας,</span> <span class='ocrx_word' id='word_1_104' title='bbox 3519 625 3659 682; x_wconf 81' lang='grc' dir='ltr'>ὓπο-</span> 
     </span>
    </p>
   </div>
   <div class='ocr_carea' id='block_1_19' title="bbox 2004 705 3656 790">
    <p class='ocr_par' dir='ltr' id='par_1_19' title="bbox 2004 705 3656 790">
     <span class='ocr_line' id='line_1_19' title="bbox 2004 705 3656 790; baseline 0.005 -29"><span class='ocrx_word' id='word_1_105' title='bbox 2004 705 2341 782; x_wconf 80' lang='grc' dir='ltr'>χαλωμένας</span> <span class='ocrx_word' id='word_1_106' title='bbox 2409 707 2497 764; x_wconf 82' lang='grc' dir='ltr'><strong>διὰ</strong></span> <span class='ocrx_word' id='word_1_107' title='bbox 2537 709 2724 767; x_wconf 86' lang='grc' dir='ltr'>κάλων</span> <span class='ocrx_word' id='word_1_108' title='bbox 2774 713 2863 768; x_wconf 85' lang='grc' dir='ltr'><strong>καὶ</strong></span> <span class='ocrx_word' id='word_1_109' title='bbox 2897 710 3052 778; x_wconf 78' lang='grc' dir='ltr'>αὖθις</span> <span class='ocrx_word' id='word_1_110' title='bbox 3077 713 3372 790; x_wconf 74' lang='grc' dir='ltr'>αἰρομένοις</span> <span class='ocrx_word' id='word_1_111' title='bbox 3404 712 3480 777; x_wconf 81' lang='grc' dir='ltr'><strong>εἰς</strong></span> <span class='ocrx_word' id='word_1_112' title='bbox 3520 714 3656 790; x_wconf 80' lang='grc' dir='ltr'>ὕψος</span> 
     </span>
    </p>
   </div>
   <div class='ocr_carea' id='block_1_20' title="bbox 1999 793 3654 878">
    <p class='ocr_par' dir='ltr' id='par_1_20' title="bbox 1999 793 3654 878">
     <span class='ocr_line' id='line_1_20' title="bbox 1999 793 3654 878; baseline 0.005 -26"><span class='ocrx_word' id='word_1_113' title='bbox 1999 793 2448 872; x_wconf 81' lang='grc' dir='ltr'><strong>προσδεδεμένων</strong></span> <span class='ocrx_word' id='word_1_114' title='bbox 2505 806 2622 856; x_wconf 63' lang='lat' dir='ltr'><strong>to?)</strong></span> <span class='ocrx_word' id='word_1_115' title='bbox 2687 801 2878 864; x_wconf 80' lang='grc' dir='ltr'>ἱστοῖς·</span> <span class='ocrx_word' id='word_1_116' title='bbox 2969 804 3022 858; x_wconf 81' lang='grc' dir='ltr'>οἱ</span> <span class='ocrx_word' id='word_1_117' title='bbox 3081 801 3138 859; x_wconf 76' lang='grc' dir='ltr'>δὲ</span> <span class='ocrx_word' id='word_1_118' title='bbox 3218 802 3654 878; x_wconf 75' lang='grc' dir='ltr'>τειχεσιπλήτην</span> 
     </span>
    </p>
   </div>
   <div class='ocr_carea' id='block_1_21' title="bbox 1998 887 3653 971">
    <p class='ocr_par' dir='ltr' id='par_1_21' title="bbox 1998 887 3653 971">
     <span class='ocr_line' id='line_1_21' title="bbox 1998 887 3653 971; baseline 0.004 -27"><span class='ocrx_word' id='word_1_119' title='bbox 1998 887 2152 964; x_wconf 85' lang='grc' dir='ltr'>κριὸν</span> <span class='ocrx_word' id='word_1_120' title='bbox 2174 891 2616 965; x_wconf 75' lang='grc' dir='ltr'>-κρατυνάμενοι,</span> <span class='ocrx_word' id='word_1_121' title='bbox 2637 891 2728 948; x_wconf 82' lang='grc' dir='ltr'><strong>καὶ</strong></span> <span class='ocrx_word' id='word_1_122' title='bbox 2757 892 2891 956; x_wconf 77' lang='grc' dir='ltr'>τοὺς</span> <span class='ocrx_word' id='word_1_123' title='bbox 2930 894 3361 969; x_wconf 82' lang='grc' dir='ltr'>τζαγροτοξότας</span> <span class='ocrx_word' id='word_1_124' title='bbox 3382 893 3653 971; x_wconf 76' lang='grc' dir='ltr'>πολλαχῇ</span> 
     </span>
    </p>
   </div>
   <div class='ocr_carea' id='block_1_22' title="bbox 1998 979 3656 1058">
    <p class='ocr_par' dir='ltr' id='par_1_22' title="bbox 1998 979 3656 1058">
     <span class='ocr_line' id='line_1_22' title="bbox 1998 979 3656 1058; baseline 0.006 -28"><span class='ocrx_word' id='word_1_125' title='bbox 1998 979 2450 1052; x_wconf 74' lang='grc' dir='ltr'>περιστήσαντες,</span> <span class='ocrx_word' id='word_1_126' title='bbox 2509 980 2584 1044; x_wconf 87' lang='grc' dir='ltr'>ὡς</span> <span class='ocrx_word' id='word_1_127' title='bbox 2624 981 2714 1058; x_wconf 74' lang='grc' dir='ltr'><strong>ἀφ’</strong></span> <span class='ocrx_word' id='word_1_128' title='bbox 2791 983 2910 1046; x_wconf 75' lang='grc' dir='ltr'>ὲνὸς</span> <span class='ocrx_word' id='word_1_129' title='bbox 2970 985 3310 1058; x_wconf 71' lang='grc' dir='ltr'>συνθήματος</span> <span class='ocrx_word' id='word_1_130' title='bbox 3373 989 3656 1040; x_wconf 88' lang='grc' dir='ltr'>ποιοῦνται</span> 
     </span>
    </p>
   </div>
   <div class='ocr_carea' id='block_1_23' title="bbox 1995 1066 3650 1152">
    <p class='ocr_par' dir='ltr' id='par_1_23' title="bbox 1995 1066 3650 1152">
     <span class='ocr_line' id='line_1_23' title="bbox 1995 1066 3650 1152; baseline 0.005 -30"><span class='ocrx_word' id='word_1_131' title='bbox 1995 1067 2096 1138; x_wconf 79' lang='grc' dir='ltr'>τὴν</span> <span class='ocrx_word' id='word_1_132' title='bbox 2125 1066 2401 1142; x_wconf 77' lang='grc' dir='ltr'>σύρῥηξιν.</span> <span class='ocrx_word' id='word_1_133' title='bbox 2463 1069 2567 1127; x_wconf 77' lang='grc' dir='ltr'><strong>Καὶ</strong></span> <span class='ocrx_word' id='word_1_134' title='bbox 2624 1070 2692 1140; x_wconf 80' lang='grc' dir='ltr'>ἦν</span> <span class='ocrx_word' id='word_1_135' title='bbox 2758 1073 2794 1142; x_wconf 74' lang='grc' dir='ltr'><strong>ἡ</strong></span> <span class='ocrx_word' id='word_1_136' title='bbox 2859 1074 3016 1150; x_wconf 83' lang='grc' dir='ltr'>μάχη</span> <span class='ocrx_word' id='word_1_137' title='bbox 3077 1072 3346 1152; x_wconf 75' lang='grc' dir='ltr'>φρικαλέα</span> <span class='ocrx_word' id='word_1_138' title='bbox 3409 1094 3493 1136; x_wconf 89' lang='grc' dir='ltr'><strong>τις</strong></span> <span class='ocrx_word' id='word_1_139' title='bbox 3560 1075 3650 1130; x_wconf 84' lang='grc' dir='ltr'><strong>καὶ</strong></span> 
     </span>
    </p>
   </div>
   <div class='ocr_carea' id='block_1_24' title="bbox 2000 1155 3656 1239">
    <p class='ocr_par' dir='ltr' id='par_1_24' title="bbox 2000 1155 3656 1239">
     <span class='ocr_line' id='line_1_24' title="bbox 2000 1155 3656 1239; baseline 0.003 -27"><span class='ocrx_word' id='word_1_140' title='bbox 2000 1155 2289 1213; x_wconf 84' lang='grc' dir='ltr'>στονόεσσα</span> <span class='ocrx_word' id='word_1_141' title='bbox 2326 1155 2606 1224; x_wconf 85' lang='grc' dir='ltr'>πάντοθεν.</span> <span class='ocrx_word' id='word_1_142' title='bbox 2636 1159 2706 1220; x_wconf 74' lang='lat' dir='ltr'><strong>O&#39;l</strong></span> <span class='ocrx_word' id='word_1_143' title='bbox 2733 1183 2793 1217; x_wconf 90' lang='grc' dir='ltr'><strong>τε</strong></span> <span class='ocrx_word' id='word_1_144' title='bbox 2825 1163 2932 1239; x_wconf 83' lang='grc' dir='ltr'><strong>γὰρ</strong></span> <span class='ocrx_word' id='word_1_145' title='bbox 2967 1162 3091 1236; x_wconf 85' lang='grc' dir='ltr'>περὶ</span> <span class='ocrx_word' id='word_1_146' title='bbox 3147 1163 3240 1218; x_wconf 89' lang='grc' dir='ltr'>τὸν</span> <span class='ocrx_word' id='word_1_147' title='bbox 3288 1163 3440 1237; x_wconf 86' lang='grc' dir='ltr'>κριὸν</span> <span class='ocrx_word' id='word_1_148' title='bbox 3489 1162 3656 1220; x_wconf 86' lang='grc' dir='ltr'>ὁπλι-</span> 
     </span>
    </p>
   </div>
   <div class='ocr_carea' id='block_1_25' title="bbox 1998 1245 3654 1330">
    <p class='ocr_par' dir='ltr' id='par_1_25' title="bbox 1998 1245 3654 1330">
     <span class='ocr_line' id='line_1_25' title="bbox 1998 1245 3654 1330; baseline 0.005 -29"><span class='ocrx_word' id='word_1_149' title='bbox 1998 1245 2224 1320; x_wconf 87' lang='grc' dir='ltr'>σάμενοι</span> <span class='ocrx_word' id='word_1_150' title='bbox 2276 1253 2500 1305; x_wconf 86' lang='grc' dir='ltr'>Λατῖνοι</span> <span class='ocrx_word' id='word_1_151' title='bbox 2551 1251 2615 1306; x_wconf 83' lang='grc' dir='ltr'>τὸ</span> <span class='ocrx_word' id='word_1_152' title='bbox 2673 1257 2862 1328; x_wconf 87' lang='grc' dir='ltr'>τεῖχος</span> <span class='ocrx_word' id='word_1_153' title='bbox 2915 1253 3172 1327; x_wconf 74' lang='grc' dir='ltr'>ῥήξαντες</span> <span class='ocrx_word' id='word_1_154' title='bbox 3213 1251 3452 1329; x_wconf 86' lang='grc' dir='ltr'>πάροδον</span> <span class='ocrx_word' id='word_1_155' title='bbox 3493 1250 3654 1330; x_wconf 75' lang='grc' dir='ltr'>ἔσχον</span> 
     </span>
    </p>
   </div>
   <div class='ocr_carea' id='block_1_26' title="bbox 1997 1331 3654 1418">
    <p class='ocr_par' dir='ltr' id='par_1_26' title="bbox 1997 1331 3654 1418">
     <span class='ocr_line' id='line_1_26' title="bbox 1997 1331 3654 1418; baseline 0.006 -28"><span class='ocrx_word' id='word_1_156' title='bbox 1997 1331 2242 1408; x_wconf 75' lang='grc' dir='ltr'>ἔνδοθεν,</span> <span class='ocrx_word' id='word_1_157' title='bbox 2274 1339 2642 1414; x_wconf 80' lang='grc' dir='ltr'>’ὀπσρατείνει</span> <span class='ocrx_word' id='word_1_158' title='bbox 2665 1343 2804 1415; x_wconf 88' lang='grc' dir='ltr'>πρὸς</span> <span class='ocrx_word' id='word_1_159' title='bbox 2847 1341 3117 1406; x_wconf 85' lang='grc' dir='ltr'>θάλασσαν</span> <span class='ocrx_word' id='word_1_160' title='bbox 3169 1349 3294 1418; x_wconf 89' lang='grc' dir='ltr'><strong>περί</strong></span> <span class='ocrx_word' id='word_1_161' title='bbox 3363 1344 3530 1400; x_wconf 83' lang='grc' dir='ltr'>τόπον</span> <span class='ocrx_word' id='word_1_162' title='bbox 3592 1343 3654 1408; x_wconf 84' lang='grc' dir='ltr'><strong>ὅς</strong></span> 
     </span>
    </p>
   </div>
   <div class='ocr_carea' id='block_1_27' title="bbox 1999 1419 3656 1507">
    <p class='ocr_par' dir='ltr' id='par_1_27' title="bbox 1999 1419 3656 1507">
     <span class='ocr_line' id='line_1_27' title="bbox 1999 1419 3656 1507; baseline 0.005 -27"><span class='ocrx_word' id='word_1_163' title='bbox 1999 1419 2320 1501; x_wconf 76' lang='grc' dir='ltr'>Ἀποϐάθρα</span> <span class='ocrx_word' id='word_1_164' title='bbox 2363 1425 2636 1502; x_wconf 81' lang='grc' dir='ltr'>βασιλέως</span> <span class='ocrx_word' id='word_1_165' title='bbox 2695 1429 3036 1504; x_wconf 85' lang='grc' dir='ltr'>ὠνόμασται,</span> <span class='ocrx_word' id='word_1_166' title='bbox 3095 1429 3146 1486; x_wconf 82' lang='grc' dir='ltr'><strong>εἷ’</strong></span> <span class='ocrx_word' id='word_1_167' title='bbox 3199 1432 3290 1486; x_wconf 79' lang='grc' dir='ltr'><strong>καὶ</strong></span> <span class='ocrx_word' id='word_1_168' title='bbox 3348 1433 3484 1507; x_wconf 89' lang='grc' dir='ltr'>πρὸς</span> <span class='ocrx_word' id='word_1_169' title='bbox 3547 1437 3656 1488; x_wconf 84' lang='grc' dir='ltr'><strong>τῶν</strong></span> 
     </span>
    </p>
   </div>
   <div class='ocr_carea' id='block_1_28' title="bbox 1995 1511 3656 1598">
    <p class='ocr_par' dir='ltr' id='par_1_28' title="bbox 1995 1511 3656 1598">
     <span class='ocr_line' id='line_1_28' title="bbox 1995 1511 3656 1598; baseline 0.004 -30"><span class='ocrx_word' id='word_1_170' title='bbox 1995 1511 2326 1598; x_wconf 25' lang='grc' dir='ltr'>ἐπικούρων*</span> <span class='ocrx_word' id='word_1_171' title='bbox 2362 1513 2663 1586; x_wconf 85' lang='grc' dir='ltr'>Ῥωμαίοις</span> <span class='ocrx_word' id='word_1_172' title='bbox 2719 1517 2992 1572; x_wconf 86' lang='grc' dir='ltr'>Πισσαίων</span> <span class='ocrx_word' id='word_1_173' title='bbox 3064 1520 3155 1572; x_wconf 78' lang='grc' dir='ltr'><strong>καὶ</strong></span> <span class='ocrx_word' id='word_1_174' title='bbox 3205 1524 3313 1574; x_wconf 84' lang='grc' dir='ltr'><strong>τῶν</strong></span> <span class='ocrx_word' id='word_1_175' title='bbox 3347 1518 3656 1598; x_wconf 79' lang='grc' dir='ltr'>πελεκυιρό-</span> 
     </span>
    </p>
   </div>
   <div class='ocr_carea' id='block_1_29' title="bbox 2003 1595 3654 1681">
    <p class='ocr_par' dir='ltr' id='par_1_29' title="bbox 2003 1595 3654 1681">
     <span class='ocr_line' id='line_1_29' title="bbox 2003 1595 3654 1681; baseline 0.004 -28"><span class='ocrx_word' id='word_1_176' title='bbox 2003 1619 2108 1674; x_wconf 90' lang='grc' dir='ltr'><strong>ρων</strong></span> <span class='ocrx_word' id='word_1_177' title='bbox 2188 1595 2480 1675; x_wconf 78' lang='grc' dir='ltr'>βαρϐάρων</span> <span class='ocrx_word' id='word_1_178' title='bbox 2569 1605 2945 1679; x_wconf 84' lang='grc' dir='ltr'>γενναιότερον</span> <span class='ocrx_word' id='word_1_179' title='bbox 3039 1606 3482 1681; x_wconf 85' lang='grc' dir='ltr'>ἀπεκρούσθησαν</span> <span class='ocrx_word' id='word_1_180' title='bbox 3562 1595 3654 1662; x_wconf 72' lang='grc' dir='ltr'><strong>καὶ</strong></span> 
     </span>
    </p>
   </div>
   <div class='ocr_carea' id='block_1_30' title="bbox 241 1687 1896 1768">
    <p class='ocr_par' dir='ltr' id='par_1_30' title="bbox 241 1693 1890 1768">
     <span class='ocr_line' id='line_1_30' title="bbox 241 1693 1890 1768; baseline -0.003 -14"><span class='ocrx_word' id='word_1_181' title='bbox 241 1699 310 1754; x_wconf 92' lang='lat' dir='ltr'><strong>ad</strong></span> <span class='ocrx_word' id='word_1_182' title='bbox 369 1697 582 1754; x_wconf 67' lang='lat' dir='ltr'><strong>moenia</strong></span> <span class='ocrx_word' id='word_1_183' title='bbox 657 1698 928 1753; x_wconf 89' lang='lat' dir='ltr'><strong>accedere</strong></span> <span class='ocrx_word' id='word_1_184' title='bbox 998 1700 1310 1767; x_wconf 90' lang='lat' dir='ltr'><strong>pateretur,</strong></span> <span class='ocrx_word' id='word_1_185' title='bbox 1387 1695 1538 1768; x_wconf 91' lang='lat' dir='ltr'><strong>quod</strong></span> <span class='ocrx_word' id='word_1_186' title='bbox 1607 1693 1890 1751; x_wconf 86' lang='lat' dir='ltr'><strong>hactenus</strong></span> 
     </span>
    </p>
   </div>
   <div class='ocr_carea' id='block_1_31' title="bbox 2004 1687 3658 1768">
    <p class='ocr_par' dir='ltr' id='par_1_31' title="bbox 2004 1687 3658 1764">
     <span class='ocr_line' id='line_1_31' title="bbox 2004 1687 3658 1764; baseline 0.004 -22"><span class='ocrx_word' id='word_1_187' title='bbox 2004 1689 2330 1763; x_wconf 80' lang='grc' dir='ltr'>τραυματίαι</span> <span class='ocrx_word' id='word_1_188' title='bbox 2371 1689 2424 1744; x_wconf 79' lang='grc' dir='ltr'>οἱ</span> <span class='ocrx_word' id='word_1_189' title='bbox 2453 1687 2680 1754; x_wconf 81' lang='grc' dir='ltr'>πλείους</span> <span class='ocrx_word' id='word_1_190' title='bbox 2711 1691 3010 1764; x_wconf 75' lang='grc' dir='ltr'>ἀνέζευξαν·</span> <span class='ocrx_word' id='word_1_191' title='bbox 3047 1691 3100 1750; x_wconf 75' lang='lat' dir='ltr'><strong>o&#39;l</strong></span> <span class='ocrx_word' id='word_1_192' title='bbox 3145 1714 3206 1750; x_wconf 88' lang='grc' dir='ltr'><strong>τε</strong></span> <span class='ocrx_word' id='word_1_193' title='bbox 3245 1701 3366 1758; x_wconf 89' lang='grc' dir='ltr'>τοῖς</span> <span class='ocrx_word' id='word_1_194' title='bbox 3427 1693 3658 1756; x_wconf 81' lang='grc' dir='ltr'>πλοίοις</span> 
     </span>
    </p>
   </div>
   <div class='ocr_carea' id='block_1_32' title="bbox 243 1776 1896 1860">
    <p class='ocr_par' dir='ltr' id='par_1_32' title="bbox 243 1782 1890 1858">
     <span class='ocr_line' id='line_1_32' title="bbox 243 1782 1890 1858; baseline -0.002 -16"><span class='ocrx_word' id='word_1_195' title='bbox 243 1801 538 1858; x_wconf 88' lang='lat' dir='ltr'><strong>nunquam</strong></span> <span class='ocrx_word' id='word_1_196' title='bbox 597 1785 941 1854; x_wconf 87' lang='lat' dir='ltr'><strong>accidisset;</strong></span> <span class='ocrx_word' id='word_1_197' title='bbox 983 1783 1146 1856; x_wconf 80' lang='lat' dir='ltr'><strong>quasi</strong></span> <span class='ocrx_word' id='word_1_198' title='bbox 1191 1799 1324 1842; x_wconf 90' lang='lat' dir='ltr'><strong>vero</strong></span> <span class='ocrx_word' id='word_1_199' title='bbox 1384 1799 1552 1840; x_wconf 86' lang='lat' dir='ltr'><strong>nemo</strong></span> <span class='ocrx_word' id='word_1_200' title='bbox 1596 1790 1745 1839; x_wconf 87' lang='lat' dir='ltr'><strong>esset</strong></span> <span class='ocrx_word' id='word_1_201' title='bbox 1786 1782 1890 1854; x_wconf 90' lang='lat' dir='ltr'><strong>qui</strong></span> 
     </span>
    </p>
   </div>
   <div class='ocr_carea' id='block_1_33' title="bbox 2004 1776 3659 1860">
    <p class='ocr_par' dir='ltr' id='par_1_33' title="bbox 2004 1776 3659 1860">
     <span class='ocr_line' id='line_1_33' title="bbox 2004 1776 3659 1860; baseline 0.003 -28"><span class='ocrx_word' id='word_1_202' title='bbox 2004 1776 2204 1840; x_wconf 69' lang='grc' dir='ltr'>ἐνόντες</span> <span class='ocrx_word' id='word_1_203' title='bbox 2249 1783 2368 1842; x_wconf 89' lang='grc' dir='ltr'>τοῖς</span> <span class='ocrx_word' id='word_1_204' title='bbox 2423 1779 2550 1855; x_wconf 83' lang='grc' dir='ltr'>περὶ</span> <span class='ocrx_word' id='word_1_205' title='bbox 2607 1780 2678 1836; x_wconf 81' lang='grc' dir='ltr'><strong>τὰ</strong></span> <span class='ocrx_word' id='word_1_206' title='bbox 2725 1782 2927 1856; x_wconf 81' lang='grc' dir='ltr'>Πετρίο.</span> <span class='ocrx_word' id='word_1_207' title='bbox 2965 1783 3172 1860; x_wconf 82' lang='grc' dir='ltr'>τείχεσι</span> <span class='ocrx_word' id='word_1_208' title='bbox 3239 1783 3659 1856; x_wconf 88' lang='grc' dir='ltr'>προσπελάσαν-</span> 
     </span>
    </p>
   </div>
   <div class='ocr_carea' id='block_1_34' title="bbox 245 1864 1896 1952">
    <p class='ocr_par' dir='ltr' id='par_1_34' title="bbox 245 1870 1888 1945">
     <span class='ocr_line' id='line_1_34' title="bbox 245 1870 1888 1945; baseline -0.001 -17"><span class='ocrx_word' id='word_1_209' title='bbox 245 1890 505 1945; x_wconf 79' lang='lat' dir='ltr'><strong>pugnare</strong></span> <span class='ocrx_word' id='word_1_210' title='bbox 563 1873 754 1940; x_wconf 91' lang='lat' dir='ltr'><strong>sciret,</strong></span> <span class='ocrx_word' id='word_1_211' title='bbox 840 1887 1028 1944; x_wconf 88' lang='lat' dir='ltr'><strong>neque</strong></span> <span class='ocrx_word' id='word_1_212' title='bbox 1085 1875 1378 1944; x_wconf 81' lang='lat' dir='ltr'><strong>praestaret</strong></span> <span class='ocrx_word' id='word_1_213' title='bbox 1444 1870 1668 1928; x_wconf 90' lang='lat' dir='ltr'><strong>hostem</strong></span> <span class='ocrx_word' id='word_1_214' title='bbox 1723 1876 1888 1926; x_wconf 89' lang='lat' dir='ltr'><strong>ante-</strong></span> 
     </span>
    </p>
   </div>
   <div class='ocr_carea' id='block_1_35' title="bbox 2004 1864 3656 1952">
    <p class='ocr_par' dir='ltr' id='par_1_35' title="bbox 2004 1864 3656 1946">
     <span class='ocr_line' id='line_1_35' title="bbox 2004 1864 3656 1946; baseline 0.002 -23"><span class='ocrx_word' id='word_1_215' title='bbox 2004 1887 2085 1930; x_wconf 87' lang='grc' dir='ltr'><strong>τες</strong></span> <span class='ocrx_word' id='word_1_216' title='bbox 2125 1867 2216 1922; x_wconf 83' lang='grc' dir='ltr'><strong>καὶ</strong></span> <span class='ocrx_word' id='word_1_217' title='bbox 2249 1864 2319 1922; x_wconf 86' lang='grc' dir='ltr'>δι’</span> <span class='ocrx_word' id='word_1_218' title='bbox 2360 1867 2597 1924; x_wconf 79' lang='grc' dir='ltr'>ἀκατίων</span> <span class='ocrx_word' id='word_1_219' title='bbox 2621 1870 2718 1932; x_wconf 82' lang='grc' dir='ltr'><strong>τὰς</strong></span> <span class='ocrx_word' id='word_1_220' title='bbox 2759 1871 3002 1946; x_wconf 80' lang='grc' dir='ltr'>ἀγκύρας</span> <span class='ocrx_word' id='word_1_221' title='bbox 3057 1877 3166 1926; x_wconf 79' lang='grc' dir='ltr'><strong>τῶν</strong></span> <span class='ocrx_word' id='word_1_222' title='bbox 3223 1871 3437 1928; x_wconf 80' lang='grc' dir='ltr'>πλοίων</span> <span class='ocrx_word' id='word_1_223' title='bbox 3497 1866 3656 1946; x_wconf 75' lang='grc' dir='ltr'>ἔραζε</span> 
     </span>
    </p>
   </div>
   <div class='ocr_carea' id='block_1_36' title="bbox 243 1959 1886 2035">
    <p class='ocr_par' dir='ltr' id='par_1_36' title="bbox 243 1959 1886 2035">
     <span class='ocr_line' id='line_1_36' title="bbox 243 1959 1886 2035; baseline -0.002 -17"><span class='ocrx_word' id='word_1_224' title='bbox 243 1972 458 2018; x_wconf 87' lang='lat' dir='ltr'><strong>vertere</strong></span> <span class='ocrx_word' id='word_1_225' title='bbox 518 1977 687 2034; x_wconf 87' lang='lat' dir='ltr'><strong>quam</strong></span> <span class='ocrx_word' id='word_1_226' title='bbox 751 1961 1054 2032; x_wconf 90' lang='lat' dir='ltr'><strong>anteverti,</strong></span> <span class='ocrx_word' id='word_1_227' title='bbox 1132 1969 1192 2017; x_wconf 91' lang='lat' dir='ltr'><strong>ut</strong></span> <span class='ocrx_word' id='word_1_228' title='bbox 1247 1976 1456 2035; x_wconf 91' lang='lat' dir='ltr'><strong>corpus</strong></span> <span class='ocrx_word' id='word_1_229' title='bbox 1516 1961 1666 2018; x_wconf 75' lang='lat'><strong>723</strong></span> <span class='ocrx_word' id='word_1_230' title='bbox 1723 1959 1886 2034; x_wconf 82' lang='lat' dir='ltr'><strong>gravi</strong></span> 
     </span>
    </p>
   </div>
   <div class='ocr_carea' id='block_1_37' title="bbox 243 2051 1888 2124">
    <p class='ocr_par' dir='ltr' id='par_1_37' title="bbox 243 2051 1888 2124">
     <span class='ocr_line' id='line_1_37' title="bbox 243 2051 1888 2124; baseline -0.001 -17"><span class='ocrx_word' id='word_1_231' title='bbox 243 2051 576 2108; x_wconf 79' lang='lat' dir='ltr'><strong>valetudine</strong></span> <span class='ocrx_word' id='word_1_232' title='bbox 595 2055 652 2108; x_wconf 89' lang='lat' dir='ltr'><strong>et</strong></span> <span class='ocrx_word' id='word_1_233' title='bbox 679 2067 911 2108; x_wconf 89' lang='lat' dir='ltr'><strong>omnem</strong></span> <span class='ocrx_word' id='word_1_234' title='bbox 932 2051 1283 2108; x_wconf 79' lang='lat' dir='ltr'><strong>medicinam</strong></span> <span class='ocrx_word' id='word_1_235' title='bbox 1317 2055 1621 2124; x_wconf 87' lang='lat' dir='ltr'><strong>respuente</strong></span> <span class='ocrx_word' id='word_1_236' title='bbox 1651 2066 1888 2122; x_wconf 84' lang='lat' dir='ltr'><strong>oppres-</strong></span> 
     </span>
    </p>
   </div>
   <div class='ocr_carea' id='block_1_38' title="bbox 243 2139 1893 2214">
    <p class='ocr_par' dir='ltr' id='par_1_38' title="bbox 243 2139 1893 2214">
     <span class='ocr_line' id='line_1_38' title="bbox 243 2139 1893 2214; baseline -0.002 -16"><span class='ocrx_word' id='word_1_237' title='bbox 243 2157 396 2198; x_wconf 89' lang='lat' dir='ltr'><strong>sum.</strong></span> <span class='ocrx_word' id='word_1_238' title='bbox 455 2140 635 2214; x_wconf 83' lang='lat' dir='ltr'><strong>Igitur</strong></span> <span class='ocrx_word' id='word_1_239' title='bbox 726 2140 938 2212; x_wconf 88' lang='lat' dir='ltr'><strong>palatio</strong></span> <span class='ocrx_word' id='word_1_240' title='bbox 1014 2157 1275 2207; x_wconf 76' lang='lat' dir='ltr'><strong>egressus</strong></span> <span class='ocrx_word' id='word_1_241' title='bbox 1342 2141 1622 2212; x_wconf 88' lang='lat' dir='ltr'><strong>plurimos</strong></span> <span class='ocrx_word' id='word_1_242' title='bbox 1670 2139 1893 2212; x_wconf 87' lang='lat' dir='ltr'><strong>equites</strong></span> 
     </span>
    </p>
   </div>
   <div class='ocr_carea' id='block_1_39' title="bbox 239 2229 1893 2304">
    <p class='ocr_par' dir='ltr' id='par_1_39' title="bbox 239 2229 1893 2304">
     <span class='ocr_line' id='line_1_39' title="bbox 239 2229 1893 2304; baseline -0.002 -17"><span class='ocrx_word' id='word_1_243' title='bbox 239 2231 484 2300; x_wconf 82' lang='lat' dir='ltr'><strong>ascivit;</strong></span> <span class='ocrx_word' id='word_1_244' title='bbox 545 2233 603 2288; x_wconf 88' lang='lat' dir='ltr'><strong>et</strong></span> <span class='ocrx_word' id='word_1_245' title='bbox 668 2230 946 2302; x_wconf 84' lang='lat' dir='ltr'><strong>pedestris</strong></span> <span class='ocrx_word' id='word_1_246' title='bbox 996 2231 1251 2304; x_wconf 80' lang='lat' dir='ltr'><strong>phalanx</strong></span> <span class='ocrx_word' id='word_1_247' title='bbox 1300 2247 1416 2286; x_wconf 91' lang='lat' dir='ltr'><strong>non</strong></span> <span class='ocrx_word' id='word_1_248' title='bbox 1458 2229 1893 2286; x_wconf 88' lang='lat' dir='ltr'><strong>contemnenda</strong></span> 
     </span>
    </p>
   </div>
   <div class='ocr_carea' id='block_1_40' title="bbox 237 2318 1883 2391">
    <p class='ocr_par' dir='ltr' id='par_1_40' title="bbox 237 2318 1883 2391">
     <span class='ocr_line' id='line_1_40' title="bbox 237 2318 1883 2391; baseline -0.002 -14"><span class='ocrx_word' id='word_1_249' title='bbox 237 2337 305 2378; x_wconf 87' lang='lat' dir='ltr'><strong>ex</strong></span> <span class='ocrx_word' id='word_1_250' title='bbox 336 2321 476 2377; x_wconf 90' lang='lat' dir='ltr'><strong>ﬂore</strong></span> <span class='ocrx_word' id='word_1_251' title='bbox 529 2319 778 2377; x_wconf 86' lang='lat' dir='ltr'><strong>civitatis</strong></span> <span class='ocrx_word' id='word_1_252' title='bbox 837 2323 926 2377; x_wconf 87' lang='lat' dir='ltr'><strong>est</strong></span> <span class='ocrx_word' id='word_1_253' title='bbox 965 2323 1286 2390; x_wconf 89' lang='lat' dir='ltr'><strong>contracta,</strong></span> <span class='ocrx_word' id='word_1_254' title='bbox 1346 2323 1412 2375; x_wconf 89' lang='lat' dir='ltr'><strong>ut</strong></span> <span class='ocrx_word' id='word_1_255' title='bbox 1453 2319 1653 2376; x_wconf 86' lang='lat' dir='ltr'><strong>hostes</strong></span> <span class='ocrx_word' id='word_1_256' title='bbox 1697 2318 1793 2391; x_wconf 91' lang='lat' dir='ltr'><strong>qui</strong></span> <span class='ocrx_word' id='word_1_257' title='bbox 1824 2319 1883 2374; x_wconf 91' lang='lat' dir='ltr'><strong>in</strong></span> 
     </span>
    </p>
   </div>
   <div class='ocr_carea' id='block_1_41' title="bbox 240 2409 1889 2480">
    <p class='ocr_par' dir='ltr' id='par_1_41' title="bbox 240 2409 1889 2480">
     <span class='ocr_line' id='line_1_41' title="bbox 240 2409 1889 2480; baseline -0.001 -14"><span class='ocrx_word' id='word_1_258' title='bbox 240 2414 394 2467; x_wconf 88' lang='lat' dir='ltr'><strong>terra</strong></span> <span class='ocrx_word' id='word_1_259' title='bbox 445 2415 632 2476; x_wconf 87' lang='lat' dir='ltr'><strong>erant,</strong></span> <span class='ocrx_word' id='word_1_260' title='bbox 675 2410 923 2466; x_wconf 85' lang='lat' dir='ltr'><strong>maximo</strong></span> <span class='ocrx_word' id='word_1_261' title='bbox 979 2410 1231 2468; x_wconf 83' lang='lat' dir='ltr'><strong>exercitu</strong></span> <span class='ocrx_word' id='word_1_262' title='bbox 1281 2427 1350 2466; x_wconf 87' lang='lat' dir='ltr'><strong>ex</strong></span> <span class='ocrx_word' id='word_1_263' title='bbox 1399 2409 1712 2480; x_wconf 84' lang='lat' dir='ltr'><strong>improviso</strong></span> <span class='ocrx_word' id='word_1_264' title='bbox 1757 2423 1889 2465; x_wconf 87' lang='lat' dir='ltr'><strong>con-</strong></span> 
     </span>
    </p>
   </div>
   <div class='ocr_carea' id='block_1_42' title="bbox 241 2499 1894 2575">
    <p class='ocr_par' dir='ltr' id='par_1_42' title="bbox 241 2499 1894 2575">
     <span class='ocr_line' id='line_1_42' title="bbox 241 2499 1894 2575; baseline -0.002 -17"><span class='ocrx_word' id='word_1_265' title='bbox 241 2505 458 2575; x_wconf 82' lang='lat' dir='ltr'><strong>specto,</strong></span> <span class='ocrx_word' id='word_1_266' title='bbox 516 2499 750 2558; x_wconf 85' lang='lat' dir='ltr'><strong>horrore</strong></span> <span class='ocrx_word' id='word_1_267' title='bbox 807 2501 1198 2558; x_wconf 77' lang='lat' dir='ltr'><strong>afficerentur.</strong></span> <span class='ocrx_word' id='word_1_268' title='bbox 1231 2505 1313 2556; x_wconf 83' lang='lat' dir='ltr'><strong>Ac</strong></span> <span class='ocrx_word' id='word_1_269' title='bbox 1355 2501 1598 2557; x_wconf 80' lang='lat' dir='ltr'><strong>forsitan</strong></span> <span class='ocrx_word' id='word_1_270' title='bbox 1630 2516 1725 2558; x_wconf 85' lang='lat' dir='ltr'><strong>res</strong></span> <span class='ocrx_word' id='word_1_271' title='bbox 1748 2499 1894 2557; x_wconf 89' lang='lat' dir='ltr'><strong>bene</strong></span> 
     </span>
    </p>
   </div>
   <div class='ocr_carea' id='block_1_43' title="bbox 241 2589 1892 2664">
    <p class='ocr_par' dir='ltr' id='par_1_43' title="bbox 241 2589 1892 2664">
     <span class='ocr_line' id='line_1_43' title="bbox 241 2589 1892 2664; baseline -0.002 -15"><span class='ocrx_word' id='word_1_272' title='bbox 241 2596 399 2662; x_wconf 81' lang='lat' dir='ltr'><strong>gesta</strong></span> <span class='ocrx_word' id='word_1_273' title='bbox 438 2599 606 2658; x_wconf 89' lang='lat' dir='ltr'><strong>esset,</strong></span> <span class='ocrx_word' id='word_1_274' title='bbox 667 2591 717 2646; x_wconf 89' lang='lat' dir='ltr'><strong>si</strong></span> <span class='ocrx_word' id='word_1_275' title='bbox 761 2592 850 2647; x_wconf 88' lang='lat' dir='ltr'><strong>vel</strong></span> <span class='ocrx_word' id='word_1_276' title='bbox 901 2591 1026 2664; x_wconf 89' lang='lat' dir='ltr'><strong>ipse</strong></span> <span class='ocrx_word' id='word_1_277' title='bbox 1084 2607 1337 2664; x_wconf 72' lang='lat' dir='ltr'><strong>pugnam</strong></span> <span class='ocrx_word' id='word_1_278' title='bbox 1381 2591 1765 2648; x_wconf 84' lang='lat' dir='ltr'><strong>commisisset</strong></span> <span class='ocrx_word' id='word_1_279' title='bbox 1804 2589 1892 2646; x_wconf 85' lang='lat' dir='ltr'><strong>vel</strong></span> 
     </span>
    </p>
   </div>
   <div class='ocr_carea' id='block_1_44' title="bbox 243 2679 1894 2752">
    <p class='ocr_par' dir='ltr' id='par_1_44' title="bbox 243 2679 1894 2752">
     <span class='ocr_line' id='line_1_44' title="bbox 243 2679 1894 2752; baseline -0.001 -15"><span class='ocrx_word' id='word_1_280' title='bbox 243 2683 302 2737; x_wconf 89' lang='lat' dir='ltr'><strong>id</strong></span> <span class='ocrx_word' id='word_1_281' title='bbox 355 2679 585 2737; x_wconf 89' lang='lat' dir='ltr'><strong>Lascari</strong></span> <span class='ocrx_word' id='word_1_282' title='bbox 631 2696 839 2751; x_wconf 84' lang='lat' dir='ltr'><strong>genero</strong></span> <span class='ocrx_word' id='word_1_283' title='bbox 879 2679 1260 2752; x_wconf 81' lang='lat' dir='ltr'><strong>permisisset,</strong></span> <span class='ocrx_word' id='word_1_284' title='bbox 1298 2681 1358 2736; x_wconf 90' lang='lat' dir='ltr'><strong>in</strong></span> <span class='ocrx_word' id='word_1_285' title='bbox 1401 2679 1635 2738; x_wconf 88' lang='lat' dir='ltr'><strong>Latinos</strong></span> <span class='ocrx_word' id='word_1_286' title='bbox 1676 2679 1894 2736; x_wconf 87' lang='lat' dir='ltr'><strong>irrucre</strong></span> 
     </span>
    </p>
   </div>
   <div class='ocr_carea' id='block_1_45' title="bbox 241 2768 1898 2842">
    <p class='ocr_par' dir='ltr' id='par_1_45' title="bbox 241 2768 1898 2842">
     <span class='ocr_line' id='line_1_45' title="bbox 241 2768 1898 2842; baseline -0.001 -16"><span class='ocrx_word' id='word_1_287' title='bbox 241 2769 518 2840; x_wconf 78' lang='lat' dir='ltr'><strong>cupienti.</strong></span> <span class='ocrx_word' id='word_1_288' title='bbox 579 2774 743 2826; x_wconf 90' lang='lat' dir='ltr'><strong>Nunc</strong></span> <span class='ocrx_word' id='word_1_289' title='bbox 826 2775 1108 2842; x_wconf 88' lang='lat' dir='ltr'><strong>perpetua</strong></span> <span class='ocrx_word' id='word_1_290' title='bbox 1166 2771 1310 2841; x_wconf 78' lang='lat' dir='ltr'><strong>fugae</strong></span> <span class='ocrx_word' id='word_1_291' title='bbox 1366 2769 1644 2842; x_wconf 80' lang='lat' dir='ltr'><strong>cogitatio</strong></span> <span class='ocrx_word' id='word_1_292' title='bbox 1697 2773 1755 2826; x_wconf 88' lang='lat' dir='ltr'><strong>et</strong></span> <span class='ocrx_word' id='word_1_293' title='bbox 1816 2768 1898 2824; x_wconf 86' lang='lat' dir='ltr'><strong>fa-</strong></span> 
     </span>
    </p>
   </div>
   <div class='ocr_carea' id='block_1_46' title="bbox 241 2859 1896 2932">
    <p class='ocr_par' dir='ltr' id='par_1_46' title="bbox 241 2859 1896 2932">
     <span class='ocr_line' id='line_1_46' title="bbox 241 2859 1896 2932; baseline 0 -16"><span class='ocrx_word' id='word_1_294' title='bbox 241 2859 556 2916; x_wconf 86' lang='lat' dir='ltr'><strong>miliarium</strong></span> <span class='ocrx_word' id='word_1_295' title='bbox 626 2861 751 2930; x_wconf 88' lang='lat' dir='ltr'><strong>ejus</strong></span> <span class='ocrx_word' id='word_1_296' title='bbox 807 2859 1114 2932; x_wconf 86' lang='lat' dir='ltr'><strong>trepidatio</strong></span> <span class='ocrx_word' id='word_1_297' title='bbox 1167 2875 1300 2917; x_wconf 90' lang='lat' dir='ltr'><strong>eum</strong></span> <span class='ocrx_word' id='word_1_298' title='bbox 1358 2859 1586 2916; x_wconf 89' lang='lat' dir='ltr'><strong>consilii</strong></span> <span class='ocrx_word' id='word_1_299' title='bbox 1660 2860 1896 2931; x_wconf 91' lang='lat' dir='ltr'><strong>inopem</strong></span> 
     </span>
    </p>
   </div>
   <div class='ocr_carea' id='block_1_47' title="bbox 242 2950 1896 3023">
    <p class='ocr_par' dir='ltr' id='par_1_47' title="bbox 242 2950 1896 3023">
     <span class='ocr_line' id='line_1_47' title="bbox 242 2950 1896 3023; baseline -0.001 -17"><span class='ocrx_word' id='word_1_300' title='bbox 242 2951 398 3023; x_wconf 79' lang='lat' dir='ltr'><strong>fecit,</strong></span> <span class='ocrx_word' id='word_1_301' title='bbox 463 2955 525 3006; x_wconf 89' lang='lat' dir='ltr'><strong>ut</strong></span> <span class='ocrx_word' id='word_1_302' title='bbox 579 2953 808 3006; x_wconf 88' lang='lat' dir='ltr'><strong>tantum</strong></span> <span class='ocrx_word' id='word_1_303' title='bbox 877 2950 1002 3007; x_wconf 87' lang='lat' dir='ltr'><strong>acie</strong></span> <span class='ocrx_word' id='word_1_304' title='bbox 1087 2951 1392 3018; x_wconf 87' lang='lat' dir='ltr'><strong>instructa,</strong></span> <span class='ocrx_word' id='word_1_305' title='bbox 1453 2967 1565 3022; x_wconf 90' lang='lat' dir='ltr'><strong>qua</strong></span> <span class='ocrx_word' id='word_1_306' title='bbox 1619 2950 1896 3007; x_wconf 81' lang='lat' dir='ltr'><strong>Romanis</strong></span> 
     </span>
    </p>
   </div>
   <div class='ocr_carea' id='block_1_48' title="bbox 245 3039 1891 3113">
    <p class='ocr_par' dir='ltr' id='par_1_48' title="bbox 245 3039 1891 3113">
     <span class='ocr_line' id='line_1_48' title="bbox 245 3039 1891 3113; baseline 0 -17"><span class='ocrx_word' id='word_1_307' title='bbox 245 3039 450 3096; x_wconf 85' lang='lat' dir='ltr'><strong>cbarus</strong></span> <span class='ocrx_word' id='word_1_308' title='bbox 482 3043 538 3096; x_wconf 88' lang='lat' dir='ltr'><strong>et</strong></span> <span class='ocrx_word' id='word_1_309' title='bbox 591 3047 787 3112; x_wconf 87' lang='lat' dir='ltr'><strong>gratus</strong></span> <span class='ocrx_word' id='word_1_310' title='bbox 818 3043 881 3096; x_wconf 89' lang='lat' dir='ltr'><strong>ut</strong></span> <span class='ocrx_word' id='word_1_311' title='bbox 935 3040 1166 3096; x_wconf 86' lang='lat' dir='ltr'><strong>Latinos</strong></span> <span class='ocrx_word' id='word_1_312' title='bbox 1215 3056 1596 3113; x_wconf 72' lang='lat' dir='ltr'><strong>aggressurus</strong></span> <span class='ocrx_word' id='word_1_313' title='bbox 1653 3041 1891 3109; x_wconf 83' lang='lat' dir='ltr'><strong>exierat,</strong></span> 
     </span>
    </p>
   </div>
   <div class='ocr_carea' id='block_1_49' title="bbox 245 3129 1888 3200">
    <p class='ocr_par' dir='ltr' id='par_1_49' title="bbox 245 3129 1888 3200">
     <span class='ocr_line' id='line_1_49' title="bbox 245 3129 1888 3200; baseline 0 -14"><span class='ocrx_word' id='word_1_314' title='bbox 245 3131 444 3186; x_wconf 88' lang='lat' dir='ltr'><strong>eadem</strong></span> <span class='ocrx_word' id='word_1_315' title='bbox 502 3129 838 3200; x_wconf 86' lang='lat' dir='ltr'><strong>turpissime</strong></span> <span class='ocrx_word' id='word_1_316' title='bbox 885 3133 946 3184; x_wconf 86' lang='lat' dir='ltr'><strong>et</strong></span> <span class='ocrx_word' id='word_1_317' title='bbox 1005 3143 1234 3184; x_wconf 87' lang='lat' dir='ltr'><strong>summo</strong></span> <span class='ocrx_word' id='word_1_318' title='bbox 1289 3145 1423 3184; x_wconf 89' lang='lat' dir='ltr'><strong>cum</strong></span> <span class='ocrx_word' id='word_1_319' title='bbox 1469 3129 1745 3186; x_wconf 89' lang='lat' dir='ltr'><strong>dedecore</strong></span> <span class='ocrx_word' id='word_1_320' title='bbox 1800 3145 1888 3186; x_wconf 89' lang='lat' dir='ltr'><strong>re-</strong></span> 
     </span>
    </p>
   </div>
   <div class='ocr_carea' id='block_1_50' title="bbox 247 3217 1969 3302">
    <p class='ocr_par' dir='ltr' id='par_1_50' title="bbox 247 3217 1969 3302">
     <span class='ocr_line' id='line_1_50' title="bbox 247 3217 1969 3302; baseline 0.001 -28"><span class='ocrx_word' id='word_1_321' title='bbox 247 3219 413 3286; x_wconf 89' lang='lat' dir='ltr'><strong>diret,</strong></span> <span class='ocrx_word' id='word_1_322' title='bbox 471 3222 642 3274; x_wconf 88' lang='lat' dir='ltr'><strong>aucta</strong></span> <span class='ocrx_word' id='word_1_323' title='bbox 699 3222 754 3272; x_wconf 88' lang='lat' dir='ltr'><strong>et</strong></span> <span class='ocrx_word' id='word_1_324' title='bbox 811 3217 1155 3274; x_wconf 82' lang='lat' dir='ltr'><strong>conﬁrmata</strong></span> <span class='ocrx_word' id='word_1_325' title='bbox 1212 3218 1465 3274; x_wconf 85' lang='lat' dir='ltr'><strong>hostium</strong></span> <span class='ocrx_word' id='word_1_326' title='bbox 1524 3218 1756 3288; x_wconf 75' lang='lat' dir='ltr'><strong>ferocia,</strong></span> <span class='ocrx_word' id='word_1_327' title='bbox 1791 3219 1890 3290; x_wconf 91' lang='lat' dir='ltr'><strong>qui</strong></span> <span class='ocrx_word' id='word_1_328' title='bbox 1925 3237 1969 3302; x_wconf 72' lang='grc' dir='ltr'><strong>ι)</strong></span> 
     </span>
    </p>
   </div>
   <div class='ocr_carea' id='block_1_51' title="bbox 241 3305 1894 3380">
    <p class='ocr_par' dir='ltr' id='par_1_51' title="bbox 241 3305 1894 3380">
     <span class='ocr_line' id='line_1_51' title="bbox 241 3305 1894 3380; baseline 0.001 -17"><span class='ocrx_word' id='word_1_329' title='bbox 241 3306 640 3364; x_wconf 77' lang='lat' dir='ltr'><strong>Romanorum</strong></span> <span class='ocrx_word' id='word_1_330' title='bbox 709 3305 1131 3364; x_wconf 88' lang='lat' dir='ltr'><strong>discedentium</strong></span> <span class='ocrx_word' id='word_1_331' title='bbox 1190 3306 1363 3380; x_wconf 84' lang='lat' dir='ltr'><strong>tergis</strong></span> <span class='ocrx_word' id='word_1_332' title='bbox 1420 3307 1780 3364; x_wconf 76' lang='lat' dir='ltr'><strong>inhaerebant</strong></span> <span class='ocrx_word' id='word_1_333' title='bbox 1836 3319 1894 3366; x_wconf 89' lang='lat' dir='ltr'><strong>et</strong></span> 
     </span>
    </p>
   </div>
   <div class='ocr_carea' id='block_1_52' title="bbox 243 3396 1892 3467">
    <p class='ocr_par' dir='ltr' id='par_1_52' title="bbox 243 3396 1892 3467">
     <span class='ocr_line' id='line_1_52' title="bbox 243 3396 1892 3467; baseline 0.001 -14"><span class='ocrx_word' id='word_1_334' title='bbox 243 3397 436 3453; x_wconf 86' lang='lat' dir='ltr'><strong>hastas</strong></span> <span class='ocrx_word' id='word_1_335' title='bbox 494 3397 552 3452; x_wconf 92' lang='lat' dir='ltr'><strong>in</strong></span> <span class='ocrx_word' id='word_1_336' title='bbox 602 3412 700 3454; x_wconf 87' lang='lat' dir='ltr'><strong>eos</strong></span> <span class='ocrx_word' id='word_1_337' title='bbox 778 3396 1094 3452; x_wconf 86' lang='lat' dir='ltr'><strong>vibrabant.</strong></span> <span class='ocrx_word' id='word_1_338' title='bbox 1159 3398 1222 3452; x_wconf 88' lang='lat' dir='ltr'><strong>ln</strong></span> <span class='ocrx_word' id='word_1_339' title='bbox 1301 3397 1576 3467; x_wconf 87' lang='lat' dir='ltr'><strong>palatium</strong></span> <span class='ocrx_word' id='word_1_340' title='bbox 1633 3414 1892 3455; x_wconf 82' lang='lat' dir='ltr'><strong>reversus</strong></span> 
     </span>
    </p>
   </div>
   <div class='ocr_carea' id='block_1_53' title="bbox 247 3487 1892 3558">
    <p class='ocr_par' dir='ltr' id='par_1_53' title="bbox 247 3487 1892 3558">
     <span class='ocr_line' id='line_1_53' title="bbox 247 3487 1892 3558; baseline -0.001 -14"><span class='ocrx_word' id='word_1_341' title='bbox 247 3487 316 3544; x_wconf 87' lang='lat' dir='ltr'><strong>ad</strong></span> <span class='ocrx_word' id='word_1_342' title='bbox 353 3487 544 3557; x_wconf 84' lang='lat' dir='ltr'><strong>fugam</strong></span> <span class='ocrx_word' id='word_1_343' title='bbox 597 3502 657 3542; x_wconf 89' lang='lat' dir='ltr'><strong>se</strong></span> <span class='ocrx_word' id='word_1_344' title='bbox 689 3490 875 3558; x_wconf 87' lang='lat' dir='ltr'><strong>parat,</strong></span> <span class='ocrx_word' id='word_1_345' title='bbox 935 3487 1099 3558; x_wconf 88' lang='lat' dir='ltr'><strong>quasi</strong></span> <span class='ocrx_word' id='word_1_346' title='bbox 1130 3487 1200 3543; x_wconf 90' lang='lat' dir='ltr'><strong>de</strong></span> <span class='ocrx_word' id='word_1_347' title='bbox 1242 3487 1530 3543; x_wconf 87' lang='lat' dir='ltr'><strong>industria</strong></span> <span class='ocrx_word' id='word_1_348' title='bbox 1571 3487 1768 3544; x_wconf 89' lang='lat' dir='ltr'><strong>urbem</strong></span> <span class='ocrx_word' id='word_1_349' title='bbox 1803 3488 1892 3542; x_wconf 82' lang='lat' dir='ltr'><strong>af-</strong></span> 
     </span>
    </p>
   </div>
   <div class='ocr_carea' id='block_1_54' title="bbox 252 3577 1895 3649">
    <p class='ocr_par' dir='ltr' id='par_1_54' title="bbox 252 3577 1895 3649">
     <span class='ocr_line' id='line_1_54' title="bbox 252 3577 1895 3649; baseline 0.001 -15"><span class='ocrx_word' id='word_1_350' title='bbox 252 3577 473 3634; x_wconf 86' lang='lat' dir='ltr'><strong>ﬂictam</strong></span> <span class='ocrx_word' id='word_1_351' title='bbox 533 3582 590 3634; x_wconf 84' lang='lat' dir='ltr'><strong>et</strong></span> <span class='ocrx_word' id='word_1_352' title='bbox 645 3581 848 3633; x_wconf 89' lang='lat' dir='ltr'><strong>contra</strong></span> <span class='ocrx_word' id='word_1_353' title='bbox 907 3578 1084 3633; x_wconf 85' lang='lat' dir='ltr'><strong>fatum</strong></span> <span class='ocrx_word' id='word_1_354' title='bbox 1161 3578 1449 3649; x_wconf 85' lang='lat' dir='ltr'><strong>perditam</strong></span> <span class='ocrx_word' id='word_1_355' title='bbox 1509 3584 1568 3635; x_wconf 89' lang='lat' dir='ltr'><strong>et</strong></span> <span class='ocrx_word' id='word_1_356' title='bbox 1621 3578 1895 3635; x_wconf 85' lang='lat' dir='ltr'><strong>remotius</strong></span> 
     </span>
    </p>
   </div>
   <div class='ocr_carea' id='block_1_55' title="bbox 248 3664 1895 3738">
    <p class='ocr_par' dir='ltr' id='par_1_55' title="bbox 248 3664 1895 3738">
     <span class='ocr_line' id='line_1_55' title="bbox 248 3664 1895 3738; baseline -0.001 -15"><span class='ocrx_word' id='word_1_357' title='bbox 248 3667 376 3738; x_wconf 88' lang='lat' dir='ltr'><strong>ejus</strong></span> <span class='ocrx_word' id='word_1_358' title='bbox 435 3665 672 3722; x_wconf 87' lang='lat' dir='ltr'><strong>exitium</strong></span> <span class='ocrx_word' id='word_1_359' title='bbox 726 3665 1109 3722; x_wconf 85' lang='lat' dir='ltr'><strong>acceleratum</strong></span> <span class='ocrx_word' id='word_1_360' title='bbox 1161 3664 1354 3722; x_wconf 87' lang='lat' dir='ltr'><strong>vellet.</strong></span> <span class='ocrx_word' id='word_1_361' title='bbox 1416 3669 1610 3738; x_wconf 84' lang='lat' dir='ltr'><strong>quue</strong></span> <span class='ocrx_word' id='word_1_362' title='bbox 1649 3665 1895 3723; x_wconf 89' lang='lat' dir='ltr'><strong>consilio</strong></span> 
     </span>
    </p>
   </div>
   <div class='ocr_carea' id='block_1_56' title="bbox 248 3754 1898 3830">
    <p class='ocr_par' dir='ltr' id='par_1_56' title="bbox 248 3754 1898 3830">
     <span class='ocr_line' id='line_1_56' title="bbox 248 3754 1898 3830; baseline 0 -18"><span class='ocrx_word' id='word_1_363' title='bbox 248 3772 378 3812; x_wconf 89' lang='lat' dir='ltr'><strong>cum</strong></span> <span class='ocrx_word' id='word_1_364' title='bbox 413 3756 608 3828; x_wconf 82' lang='lat' dir='ltr'><strong>paucis</strong></span> <span class='ocrx_word' id='word_1_365' title='bbox 654 3754 1009 3813; x_wconf 88' lang='lat' dir='ltr'><strong>mulierculis</strong></span> <span class='ocrx_word' id='word_1_366' title='bbox 1039 3759 1097 3811; x_wconf 86' lang='lat' dir='ltr'><strong>et</strong></span> <span class='ocrx_word' id='word_1_367' title='bbox 1143 3756 1404 3829; x_wconf 84' lang='lat' dir='ltr'><strong>cognatis</strong></span> <span class='ocrx_word' id='word_1_368' title='bbox 1443 3755 1898 3830; x_wconf 87' lang='lat' dir='ltr'><strong>communicato,</strong></span> 
     </span>
    </p>
   </div>
   <div class='ocr_carea' id='block_1_57' title="bbox 249 3845 1894 3902">
    <p class='ocr_par' dir='ltr' id='par_1_57' title="bbox 249 3845 1894 3902">
     <span class='ocr_line' id='line_1_57' title="bbox 249 3845 1894 3902; baseline 0.001 -1"><span class='ocrx_word' id='word_1_369' title='bbox 249 3852 301 3901; x_wconf 85' lang='lat' dir='ltr'><strong>et</strong></span> <span class='ocrx_word' id='word_1_370' title='bbox 363 3847 524 3901; x_wconf 88' lang='lat' dir='ltr'><strong>Irene</strong></span> <span class='ocrx_word' id='word_1_371' title='bbox 583 3845 703 3902; x_wconf 79' lang='lat' dir='ltr'><strong>lilia</strong></span> <span class='ocrx_word' id='word_1_372' title='bbox 777 3850 831 3901; x_wconf 89' lang='lat' dir='ltr'><strong>et</strong></span> <span class='ocrx_word' id='word_1_373' title='bbox 911 3845 1110 3902; x_wconf 81' lang='lat' dir='ltr'><strong>decem</strong></span> <span class='ocrx_word' id='word_1_374' title='bbox 1169 3846 1292 3902; x_wconf 87' lang='lat' dir='ltr'><strong>auri</strong></span> <span class='ocrx_word' id='word_1_375' title='bbox 1366 3846 1715 3902; x_wconf 86' lang='lat' dir='ltr'><strong>centenariis</strong></span> <span class='ocrx_word' id='word_1_376' title='bbox 1763 3861 1894 3902; x_wconf 88' lang='lat' dir='ltr'><strong>cum</strong></span> 
     </span>
    </p>
   </div>
   <div class='ocr_carea' id='block_1_58' title="bbox 253 3935 1900 4008">
    <p class='ocr_par' dir='ltr' id='par_1_58' title="bbox 253 3935 1900 4008">
     <span class='ocr_line' id='line_1_58' title="bbox 253 3935 1900 4008; baseline 0 -16"><span class='ocrx_word' id='word_1_377' title='bbox 253 3936 368 3992; x_wconf 87' lang='lat' dir='ltr'><strong>alio</strong></span> <span class='ocrx_word' id='word_1_378' title='bbox 409 3939 616 3992; x_wconf 90' lang='lat' dir='ltr'><strong>ornatu</strong></span> <span class='ocrx_word' id='word_1_379' title='bbox 675 3935 1051 4007; x_wconf 85' lang='lat' dir='ltr'><strong>imperatorio</strong></span> <span class='ocrx_word' id='word_1_380' title='bbox 1099 3952 1168 3992; x_wconf 85' lang='lat' dir='ltr'><strong>ex</strong></span> <span class='ocrx_word' id='word_1_381' title='bbox 1225 3935 1496 4008; x_wconf 91' lang='lat' dir='ltr'><strong>pretiosis</strong></span> <span class='ocrx_word' id='word_1_382' title='bbox 1553 3937 1796 4007; x_wconf 88' lang='lat' dir='ltr'><strong>gemmis</strong></span> <span class='ocrx_word' id='word_1_383' title='bbox 1843 3940 1900 3992; x_wconf 89' lang='lat' dir='ltr'><strong>et</strong></span> 
     </span>
    </p>
   </div>
   <div class='ocr_carea' id='block_1_59' title="bbox 255 4023 1896 4098">
    <p class='ocr_par' dir='ltr' id='par_1_59' title="bbox 255 4023 1896 4098">
     <span class='ocr_line' id='line_1_59' title="bbox 255 4023 1896 4098; baseline 0.001 -18"><span class='ocrx_word' id='word_1_384' title='bbox 255 4023 577 4096; x_wconf 87' lang='lat' dir='ltr'><strong>perspicuis</strong></span> <span class='ocrx_word' id='word_1_385' title='bbox 632 4024 964 4097; x_wconf 87' lang='lat' dir='ltr'><strong>margaritis</strong></span> <span class='ocrx_word' id='word_1_386' title='bbox 1025 4023 1084 4081; x_wconf 90' lang='lat' dir='ltr'><strong>in</strong></span> <span class='ocrx_word' id='word_1_387' title='bbox 1135 4041 1340 4082; x_wconf 86' lang='lat' dir='ltr'><strong>navem</strong></span> <span class='ocrx_word' id='word_1_388' title='bbox 1426 4025 1738 4098; x_wconf 89' lang='lat' dir='ltr'><strong>impositis,</strong></span> <span class='ocrx_word' id='word_1_389' title='bbox 1791 4025 1896 4082; x_wconf 88' lang='lat' dir='ltr'><strong>sub</strong></span> 
     </span>
    </p>
   </div>
   <div class='ocr_carea' id='block_1_60' title="bbox 253 4112 1900 4186">
    <p class='ocr_par' dir='ltr' id='par_1_60' title="bbox 253 4112 1900 4186">
     <span class='ocr_line' id='line_1_60' title="bbox 253 4112 1900 4186; baseline 0 -18"><span class='ocrx_word' id='word_1_390' title='bbox 253 4114 499 4186; x_wconf 85' lang='lat' dir='ltr'><strong>primam</strong></span> <span class='ocrx_word' id='word_1_391' title='bbox 551 4114 740 4171; x_wconf 86' lang='lat' dir='ltr'><strong>noctis</strong></span> <span class='ocrx_word' id='word_1_392' title='bbox 797 4112 1046 4185; x_wconf 77' lang='lat' dir='ltr'><strong>vigil.am</strong></span> <span class='ocrx_word' id='word_1_393' title='bbox 1100 4113 1402 4170; x_wconf 83' lang='lat' dir='ltr'><strong>Debcltum</strong></span> <span class='ocrx_word' id='word_1_394' title='bbox 1451 4113 1769 4182; x_wconf 86' lang='lat' dir='ltr'><strong>contendit,</strong></span> <span class='ocrx_word' id='word_1_395' title='bbox 1803 4113 1900 4170; x_wconf 85' lang='lat' dir='ltr'><strong>ubi</strong></span> 
     </span>
    </p>
   </div>
   <div class='ocr_carea' id='block_1_61' title="bbox 254 4203 1900 4276">
    <p class='ocr_par' dir='ltr' id='par_1_61' title="bbox 254 4203 1900 4276">
     <span class='ocr_line' id='line_1_61' title="bbox 254 4203 1900 4276; baseline 0.001 -17"><span class='ocrx_word' id='word_1_396' title='bbox 254 4220 421 4260; x_wconf 90' lang='lat' dir='ltr'><strong>suum</strong></span> <span class='ocrx_word' id='word_1_397' title='bbox 447 4207 754 4260; x_wconf 77' lang='lat' dir='ltr'><strong>adventum</strong></span> <span class='ocrx_word' id='word_1_398' title='bbox 816 4208 1189 4276; x_wconf 65' lang='lat' dir='ltr'><strong>praepararet,</strong></span> <span class='ocrx_word' id='word_1_399' title='bbox 1256 4203 1426 4260; x_wconf 90' lang='lat' dir='ltr'><strong>homo</strong></span> <span class='ocrx_word' id='word_1_400' title='bbox 1467 4203 1900 4271; x_wconf 86' lang='lat' dir='ltr'><strong>timidissimus,</strong></span> 
     </span>
    </p>
   </div>
   <div class='ocr_carea' id='block_1_62' title="bbox 257 4293 1902 4366">
    <p class='ocr_par' dir='ltr' id='par_1_62' title="bbox 257 4293 1902 4366">
     <span class='ocr_line' id='line_1_62' title="bbox 257 4293 1902 4366; baseline 0.001 -17"><span class='ocrx_word' id='word_1_401' title='bbox 257 4296 355 4366; x_wconf 90' lang='lat' dir='ltr'><strong>qui</strong></span> <span class='ocrx_word' id='word_1_402' title='bbox 387 4311 502 4350; x_wconf 89' lang='lat' dir='ltr'><strong>non</strong></span> <span class='ocrx_word' id='word_1_403' title='bbox 553 4293 838 4349; x_wconf 85' lang='lat' dir='ltr'><strong>charitate</strong></span> <span class='ocrx_word' id='word_1_404' title='bbox 894 4294 1210 4350; x_wconf 91' lang='lat' dir='ltr'><strong>liberorum</strong></span> <span class='ocrx_word' id='word_1_405' title='bbox 1259 4294 1558 4350; x_wconf 87' lang='lat' dir='ltr'><strong>emollitus</strong></span> <span class='ocrx_word' id='word_1_406' title='bbox 1592 4295 1746 4351; x_wconf 70' lang='lat'><strong>724</strong></span> <span class='ocrx_word' id='word_1_407' title='bbox 1784 4311 1902 4351; x_wconf 88' lang='lat' dir='ltr'><strong>non</strong></span> 
     </span>
    </p>
   </div>
   <div class='ocr_carea' id='block_1_63' title="bbox 253 4382 1900 4454">
    <p class='ocr_par' dir='ltr' id='par_1_63' title="bbox 253 4382 1900 4454">
     <span class='ocr_line' id='line_1_63' title="bbox 253 4382 1900 4454; baseline 0.001 -16"><span class='ocrx_word' id='word_1_408' title='bbox 253 4401 451 4440; x_wconf 86' lang='lat' dir='ltr'><strong>arnore</strong></span> <span class='ocrx_word' id='word_1_409' title='bbox 508 4383 774 4454; x_wconf 86' lang='lat' dir='ltr'><strong>conjugis</strong></span> <span class='ocrx_word' id='word_1_410' title='bbox 804 4382 1099 4450; x_wconf 85' lang='lat' dir='ltr'><strong>subactus,</strong></span> <span class='ocrx_word' id='word_1_411' title='bbox 1151 4400 1268 4440; x_wconf 91' lang='lat' dir='ltr'><strong>non</strong></span> <span class='ocrx_word' id='word_1_412' title='bbox 1317 4389 1495 4441; x_wconf 62' lang='lat' dir='ltr'><strong>tantas</strong></span> <span class='ocrx_word' id='word_1_413' title='bbox 1523 4383 1686 4440; x_wconf 89' lang='lat' dir='ltr'><strong>urbis</strong></span> <span class='ocrx_word' id='word_1_414' title='bbox 1725 4385 1900 4440; x_wconf 88' lang='lat' dir='ltr'><strong>mise-</strong></span> 
     </span>
    </p>
   </div>
   <div class='ocr_carea' id='block_1_64' title="bbox 256 4472 1901 4546">
    <p class='ocr_par' dir='ltr' id='par_1_64' title="bbox 256 4472 1901 4546">
     <span class='ocr_line' id='line_1_64' title="bbox 256 4472 1901 4546; baseline 0.002 -18"><span class='ocrx_word' id='word_1_415' title='bbox 256 4474 480 4529; x_wconf 86' lang='lat' dir='ltr'><strong>ratione</strong></span> <span class='ocrx_word' id='word_1_416' title='bbox 539 4472 776 4539; x_wconf 84' lang='lat' dir='ltr'><strong>fractus,</strong></span> <span class='ocrx_word' id='word_1_417' title='bbox 856 4474 1129 4546; x_wconf 88' lang='lat' dir='ltr'><strong>degeneri</strong></span> <span class='ocrx_word' id='word_1_418' title='bbox 1213 4473 1342 4532; x_wconf 66' lang='lat' dir='ltr'><strong>vitae</strong></span> <span class='ocrx_word' id='word_1_419' title='bbox 1401 4475 1736 4546; x_wconf 84' lang='lat' dir='ltr'><strong>cupiditate,</strong></span> <span class='ocrx_word' id='word_1_420' title='bbox 1813 4492 1901 4531; x_wconf 88' lang='lat' dir='ltr'><strong>sa-</strong></span> 
     </span>
    </p>
   </div>
   <div class='ocr_carea' id='block_1_65' title="bbox 255 4562 1982 4676">
    <p class='ocr_par' dir='ltr' id='par_1_65' title="bbox 255 4562 1982 4676">
     <span class='ocr_line' id='line_1_65' title="bbox 255 4562 1982 4676; baseline 0.001 -59"><span class='ocrx_word' id='word_1_421' title='bbox 255 4562 435 4618; x_wconf 86' lang='lat' dir='ltr'><strong>lutem</strong></span> <span class='ocrx_word' id='word_1_422' title='bbox 495 4577 683 4628; x_wconf 83' lang='lat' dir='ltr'><strong>suam,</strong></span> <span class='ocrx_word' id='word_1_423' title='bbox 743 4577 988 4634; x_wconf 88' lang='lat' dir='ltr'><strong>eamque</strong></span> <span class='ocrx_word' id='word_1_424' title='bbox 1079 4563 1440 4634; x_wconf 83' lang='lat' dir='ltr'><strong>ambiguam,</strong></span> <span class='ocrx_word' id='word_1_425' title='bbox 1497 4568 1582 4618; x_wconf 88' lang='lat' dir='ltr'><strong>tot</strong></span> <span class='ocrx_word' id='word_1_426' title='bbox 1639 4562 1982 4676; x_wconf 85' lang='lat' dir='ltr'><strong>urbibus,D</strong></span> 
     </span>
     <span class='ocr_line' id='line_1_66' title="bbox 255 4649 1875 4676; baseline 0 0"><span class='ocrx_word' id='word_1_427' title='bbox 255 4655 332 4676; x_wconf 68' lang='grc' dir='ltr'><strong>ι...</strong></span> <span class='ocrx_word' id='word_1_428' title='bbox 397 4649 708 4676; x_wconf 61' lang='grc' dir='ltr'><strong>..-η-ε..-εε-</strong></span> <span class='ocrx_word' id='word_1_429' title='bbox 761 4658 986 4676; x_wconf 62' lang='grc' dir='ltr'><strong>...ιιι-...ι</strong></span> <span class='ocrx_word' id='word_1_430' title='bbox 1057 4667 1153 4676; x_wconf 77' lang='grc'><strong>--.-</strong></span> <span class='ocrx_word' id='word_1_431' title='bbox 1220 4652 1435 4676; x_wconf 73' lang='grc' dir='ltr'>ιι...ειι-</span> <span class='ocrx_word' id='word_1_432' title='bbox 1501 4651 1875 4676; x_wconf 59' lang='grc' dir='ltr'><strong>Α-......--ι..--ει</strong></span> 
     </span>
    </p>
   </div>
   <div class='ocr_carea' id='block_1_66' title="bbox 253 4649 1898 4724">
    <p class='ocr_par' dir='ltr' id='par_1_66' title="bbox 253 4649 1898 4724">
     <span class='ocr_line' id='line_1_67' title="bbox 253 4649 1898 4724; baseline 0.001 -17"><span class='ocrx_word' id='word_1_433' title='bbox 253 4655 338 4708; x_wconf 85' lang='lat' dir='ltr'><strong>tot</strong></span> <span class='ocrx_word' id='word_1_434' title='bbox 397 4649 710 4724; x_wconf 85' lang='lat' dir='ltr'><strong>provinciis</strong></span> <span class='ocrx_word' id='word_1_435' title='bbox 761 4658 990 4722; x_wconf 88' lang='lat' dir='ltr'><strong>totaque</strong></span> <span class='ocrx_word' id='word_1_436' title='bbox 1055 4667 1160 4707; x_wconf 87' lang='lat' dir='ltr'><strong>sua</strong></span> <span class='ocrx_word' id='word_1_437' title='bbox 1217 4652 1441 4708; x_wconf 88' lang='lat' dir='ltr'><strong>familia</strong></span> <span class='ocrx_word' id='word_1_438' title='bbox 1497 4651 1898 4709; x_wconf 84' lang='lat' dir='ltr'><strong>commutavit.</strong></span> 
     </span>
    </p>
   </div>
   <div class='ocr_carea' id='block_1_67' title="bbox 255 4741 1900 4812">
    <p class='ocr_par' dir='ltr' id='par_1_67' title="bbox 255 4741 1900 4812">
     <span class='ocr_line' id='line_1_68' title="bbox 255 4741 1900 4812; baseline 0.001 -16"><span class='ocrx_word' id='word_1_439' title='bbox 255 4741 569 4812; x_wconf 82' lang='lat' dir='ltr'><strong>Imperavit</strong></span> <span class='ocrx_word' id='word_1_440' title='bbox 601 4757 784 4798; x_wconf 90' lang='lat' dir='ltr'><strong>annos</strong></span> <span class='ocrx_word' id='word_1_441' title='bbox 815 4745 962 4810; x_wconf 91' lang='lat' dir='ltr'><strong>octo,</strong></span> <span class='ocrx_word' id='word_1_442' title='bbox 997 4745 1115 4797; x_wconf 86' lang='lat' dir='ltr'><strong>tres</strong></span> <span class='ocrx_word' id='word_1_443' title='bbox 1146 4758 1403 4810; x_wconf 87' lang='lat' dir='ltr'><strong>menses,</strong></span> <span class='ocrx_word' id='word_1_444' title='bbox 1435 4746 1491 4798; x_wconf 91' lang='lat' dir='ltr'><strong>et</strong></span> <span class='ocrx_word' id='word_1_445' title='bbox 1521 4741 1645 4799; x_wconf 90' lang='lat' dir='ltr'><strong>dies</strong></span> <span class='ocrx_word' id='word_1_446' title='bbox 1676 4744 1900 4799; x_wconf 88' lang='lat' dir='ltr'><strong>decem.</strong></span> 
     </span>
    </p>
   </div>
   <div class='ocr_carea' id='block_1_68' title="bbox 257 4829 1901 4902">
    <p class='ocr_par' dir='ltr' id='par_1_68' title="bbox 257 4829 1901 4902">
     <span class='ocr_line' id='line_1_69' title="bbox 257 4829 1901 4902; baseline 0 -14"><span class='ocrx_word' id='word_1_447' title='bbox 257 4831 322 4888; x_wconf 86' lang='lat' dir='ltr'><strong>In</strong></span> <span class='ocrx_word' id='word_1_448' title='bbox 383 4849 444 4887; x_wconf 90' lang='lat' dir='ltr'><strong>re</strong></span> <span class='ocrx_word' id='word_1_449' title='bbox 502 4830 712 4887; x_wconf 86' lang='lat' dir='ltr'><strong>bellica</strong></span> <span class='ocrx_word' id='word_1_450' title='bbox 763 4830 894 4886; x_wconf 75' lang='lat' dir='ltr'><strong>talis</strong></span> <span class='ocrx_word' id='word_1_451' title='bbox 939 4829 1046 4886; x_wconf 81' lang='lat' dir='ltr'><strong>fuit</strong></span> <span class='ocrx_word' id='word_1_452' title='bbox 1114 4834 1178 4886; x_wconf 91' lang='lat' dir='ltr'><strong>ut</strong></span> <span class='ocrx_word' id='word_1_453' title='bbox 1233 4830 1454 4887; x_wconf 91' lang='lat' dir='ltr'><strong>dictum</strong></span> <span class='ocrx_word' id='word_1_454' title='bbox 1512 4836 1617 4902; x_wconf 87' lang='lat' dir='ltr'><strong>est,</strong></span> <span class='ocrx_word' id='word_1_455' title='bbox 1679 4847 1785 4889; x_wconf 90' lang='lat' dir='ltr'><strong>nec</strong></span> <span class='ocrx_word' id='word_1_456' title='bbox 1831 4833 1901 4888; x_wconf 87' lang='lat' dir='ltr'><strong>ad</strong></span> 
     </span>
    </p>
   </div>
   <div class='ocr_carea' id='block_1_69' title="bbox 257 4921 1904 4994">
    <p class='ocr_par' dir='ltr' id='par_1_69' title="bbox 257 4921 1904 4994">
     <span class='ocr_line' id='line_1_70' title="bbox 257 4921 1904 4994; baseline 0.001 -17"><span class='ocrx_word' id='word_1_457' title='bbox 257 4923 449 4979; x_wconf 78' lang='lat' dir='ltr'><strong>civ1lia</strong></span> <span class='ocrx_word' id='word_1_458' title='bbox 495 4923 700 4979; x_wconf 87' lang='lat' dir='ltr'><strong>munia</strong></span> <span class='ocrx_word' id='word_1_459' title='bbox 737 4921 874 4979; x_wconf 87' lang='lat' dir='ltr'><strong>satis</strong></span> <span class='ocrx_word' id='word_1_460' title='bbox 940 4930 1129 4992; x_wconf 90' lang='lat' dir='ltr'><strong>aptus,</strong></span> <span class='ocrx_word' id='word_1_461' title='bbox 1163 4937 1234 4978; x_wconf 89' lang='lat' dir='ltr'><strong>ne</strong></span> <span class='ocrx_word' id='word_1_462' title='bbox 1281 4922 1470 4978; x_wconf 88' lang='lat' dir='ltr'><strong>dicam</strong></span> <span class='ocrx_word' id='word_1_463' title='bbox 1521 4921 1692 4994; x_wconf 88' lang='lat' dir='ltr'><strong>plane</strong></span> <span class='ocrx_word' id='word_1_464' title='bbox 1727 4922 1904 4978; x_wconf 86' lang='lat' dir='ltr'><strong>fuisse</strong></span> 
     </span>
    </p>
   </div>
   <div class='ocr_carea' id='block_1_70' title="bbox 257 5011 1904 5084">
    <p class='ocr_par' dir='ltr' id='par_1_70' title="bbox 257 5011 1904 5084">
     <span class='ocr_line' id='line_1_71' title="bbox 257 5011 1904 5084; baseline -0.001 -16"><span class='ocrx_word' id='word_1_465' title='bbox 257 5013 680 5084; x_wconf 79' lang='lat' dir='ltr'><strong>negligentem;</strong></span> <span class='ocrx_word' id='word_1_466' title='bbox 735 5016 939 5069; x_wconf 71' lang='lat' dir='ltr'><strong>caetera</strong></span> <span class='ocrx_word' id='word_1_467' title='bbox 969 5028 1083 5067; x_wconf 92' lang='lat' dir='ltr'><strong>non</strong></span> <span class='ocrx_word' id='word_1_468' title='bbox 1136 5011 1558 5082; x_wconf 87' lang='lat' dir='ltr'><strong>aspernandus,</strong></span> <span class='ocrx_word' id='word_1_469' title='bbox 1591 5012 1904 5068; x_wconf 89' lang='lat' dir='ltr'><strong>clementia</strong></span> 
     </span>
    </p>
   </div>
   <div class='ocr_carea' id='block_1_71' title="bbox 258 5099 1904 5174">
    <p class='ocr_par' dir='ltr' id='par_1_71' title="bbox 258 5099 1904 5174">
     <span class='ocr_line' id='line_1_72' title="bbox 258 5099 1904 5174; baseline 0.001 -19"><span class='ocrx_word' id='word_1_470' title='bbox 258 5107 314 5155; x_wconf 90' lang='lat' dir='ltr'><strong>et</strong></span> <span class='ocrx_word' id='word_1_471' title='bbox 356 5101 594 5158; x_wconf 81' lang='lat' dir='ltr'><strong>lenitate</strong></span> <span class='ocrx_word' id='word_1_472' title='bbox 650 5101 926 5158; x_wconf 89' lang='lat' dir='ltr'><strong>omnibus</strong></span> <span class='ocrx_word' id='word_1_473' title='bbox 970 5099 1256 5174; x_wconf 88' lang='lat' dir='ltr'><strong>superior,</strong></span> <span class='ocrx_word' id='word_1_474' title='bbox 1311 5101 1476 5156; x_wconf 88' lang='lat' dir='ltr'><strong>aditu</strong></span> <span class='ocrx_word' id='word_1_475' title='bbox 1526 5099 1739 5170; x_wconf 81' lang='lat' dir='ltr'><strong>facilis,</strong></span> <span class='ocrx_word' id='word_1_476' title='bbox 1787 5117 1904 5156; x_wconf 91' lang='lat' dir='ltr'><strong>non</strong></span> 
     </span>
    </p>
   </div>
   <div class='ocr_carea' id='block_1_72' title="bbox 258 5188 1904 5263">
    <p class='ocr_par' dir='ltr' id='par_1_72' title="bbox 258 5188 1904 5263">
     <span class='ocr_line' id='line_1_73' title="bbox 258 5188 1904 5263; baseline 0.003 -21"><span class='ocrx_word' id='word_1_477' title='bbox 258 5188 563 5244; x_wconf 81' lang='lat' dir='ltr'><strong>severitate</strong></span> <span class='ocrx_word' id='word_1_478' title='bbox 620 5191 836 5256; x_wconf 87' lang='lat' dir='ltr'><strong>vultus,</strong></span> <span class='ocrx_word' id='word_1_479' title='bbox 897 5207 1012 5245; x_wconf 89' lang='lat' dir='ltr'><strong>non</strong></span> <span class='ocrx_word' id='word_1_480' title='bbox 1070 5196 1292 5246; x_wconf 89' lang='lat' dir='ltr'><strong>arrecto</strong></span> <span class='ocrx_word' id='word_1_481' title='bbox 1349 5188 1658 5260; x_wconf 86' lang='lat' dir='ltr'><strong>supercilio</strong></span> <span class='ocrx_word' id='word_1_482' title='bbox 1700 5205 1904 5263; x_wconf 85' lang='lat' dir='ltr'><strong>quem-</strong></span> 
     </span>
    </p>
   </div>
   <div class='ocr_carea' id='block_1_73' title="bbox 258 5277 1902 5350">
    <p class='ocr_par' dir='ltr' id='par_1_73' title="bbox 258 5277 1902 5350">
     <span class='ocr_line' id='line_1_74' title="bbox 258 5277 1902 5350; baseline 0.002 -18"><span class='ocrx_word' id='word_1_483' title='bbox 258 5294 432 5350; x_wconf 85' lang='lat' dir='ltr'><strong>quam</strong></span> <span class='ocrx_word' id='word_1_484' title='bbox 495 5295 529 5334; x_wconf 88' lang='lat' dir='ltr'><strong>a</strong></span> <span class='ocrx_word' id='word_1_485' title='bbox 601 5293 702 5334; x_wconf 87' lang='lat' dir='ltr'><strong>suo</strong></span> <span class='ocrx_word' id='word_1_486' title='bbox 753 5277 1008 5350; x_wconf 88' lang='lat' dir='ltr'><strong>alloquio</strong></span> <span class='ocrx_word' id='word_1_487' title='bbox 1086 5277 1431 5334; x_wconf 86' lang='lat' dir='ltr'><strong>deterrebat.</strong></span> <span class='ocrx_word' id='word_1_488' title='bbox 1491 5277 1688 5334; x_wconf 89' lang='lat' dir='ltr'><strong>Cuivis</strong></span> <span class='ocrx_word' id='word_1_489' title='bbox 1773 5295 1902 5336; x_wconf 89' lang='lat' dir='ltr'><strong>eum</strong></span> 
     </span>
    </p>
   </div>
   <div class='ocr_carea' id='block_1_74' title="bbox 261 5366 1905 5440">
    <p class='ocr_par' dir='ltr' id='par_1_74' title="bbox 261 5366 1905 5440">
     <span class='ocr_line' id='line_1_75' title="bbox 261 5366 1905 5440; baseline 0.001 -17"><span class='ocrx_word' id='word_1_490' title='bbox 261 5370 422 5423; x_wconf 90' lang='lat' dir='ltr'><strong>adire</strong></span> <span class='ocrx_word' id='word_1_491' title='bbox 491 5373 548 5424; x_wconf 88' lang='lat' dir='ltr'><strong>et</strong></span> <span class='ocrx_word' id='word_1_492' title='bbox 603 5384 769 5424; x_wconf 88' lang='lat' dir='ltr'><strong>orare</strong></span> <span class='ocrx_word' id='word_1_493' title='bbox 848 5367 1091 5436; x_wconf 88' lang='lat' dir='ltr'><strong>licebat;</strong></span> <span class='ocrx_word' id='word_1_494' title='bbox 1177 5366 1490 5440; x_wconf 85' lang='lat' dir='ltr'><strong>aliquando</strong></span> <span class='ocrx_word' id='word_1_495' title='bbox 1566 5369 1743 5425; x_wconf 86' lang='lat' dir='ltr'><strong>etiam</strong></span> <span class='ocrx_word' id='word_1_496' title='bbox 1788 5387 1905 5426; x_wconf 90' lang='lat' dir='ltr'><strong>non</strong></span> 
     </span>
    </p>
   </div>
   <div class='ocr_carea' id='block_1_75' title="bbox 261 5457 1909 5531">
    <p class='ocr_par' dir='ltr' id='par_1_75' title="bbox 261 5457 1909 5531">
     <span class='ocr_line' id='line_1_76' title="bbox 261 5457 1909 5531; baseline 0.001 -17"><span class='ocrx_word' id='word_1_497' title='bbox 261 5459 550 5516; x_wconf 84' lang='lat' dir='ltr'><strong>submissa</strong></span> <span class='ocrx_word' id='word_1_498' title='bbox 596 5473 734 5516; x_wconf 89' lang='lat' dir='ltr'><strong>voce</strong></span> <span class='ocrx_word' id='word_1_499' title='bbox 792 5457 886 5513; x_wconf 90' lang='lat' dir='ltr'><strong>illi-</strong></span> <span class='ocrx_word' id='word_1_500' title='bbox 963 5457 1260 5531; x_wconf 83' lang='lat' dir='ltr'><strong>relragari.</strong></span> <span class='ocrx_word' id='word_1_501' title='bbox 1329 5457 1794 5516; x_wconf 88' lang='lat' dir='ltr'><strong>Calumniatores</strong></span> <span class='ocrx_word' id='word_1_502' title='bbox 1850 5463 1909 5516; x_wconf 87' lang='lat' dir='ltr'><strong>et</strong></span> 
     </span>
    </p>
   </div>
   <div class='ocr_carea' id='block_1_76' title="bbox 260 5547 1908 5619">
    <p class='ocr_par' dir='ltr' id='par_1_76' title="bbox 260 5547 1908 5619">
     <span class='ocr_line' id='line_1_77' title="bbox 260 5547 1908 5619; baseline 0 -15"><span class='ocrx_word' id='word_1_503' title='bbox 260 5548 590 5605; x_wconf 82' lang='lat' dir='ltr'><strong>adulatores</strong></span> <span class='ocrx_word' id='word_1_504' title='bbox 622 5549 948 5619; x_wconf 83' lang='lat' dir='ltr'><strong>frequentes</strong></span> <span class='ocrx_word' id='word_1_505' title='bbox 979 5549 1202 5604; x_wconf 86' lang='lat' dir='ltr'><strong>circum</strong></span> <span class='ocrx_word' id='word_1_506' title='bbox 1233 5563 1297 5604; x_wconf 88' lang='lat' dir='ltr'><strong>se</strong></span> <span class='ocrx_word' id='word_1_507' title='bbox 1325 5547 1596 5605; x_wconf 85' lang='lat' dir='ltr'><strong>habebat.</strong></span> <span class='ocrx_word' id='word_1_508' title='bbox 1631 5548 1741 5604; x_wconf 90' lang='lat' dir='ltr'><strong>Sed</strong></span> <span class='ocrx_word' id='word_1_509' title='bbox 1775 5564 1908 5604; x_wconf 92' lang='lat' dir='ltr'><strong>cum</strong></span> 
     </span>
    </p>
   </div>
   <div class='ocr_carea' id='block_1_77' title="bbox 259 5635 1908 5710">
    <p class='ocr_par' dir='ltr' id='par_1_77' title="bbox 259 5635 1908 5710">
     <span class='ocr_line' id='line_1_78' title="bbox 259 5635 1908 5710; baseline -0.001 -16"><span class='ocrx_word' id='word_1_510' title='bbox 259 5636 495 5696; x_wconf 88' lang='lat' dir='ltr'><strong>sceleris</strong></span> <span class='ocrx_word' id='word_1_511' title='bbox 549 5638 610 5694; x_wconf 88' lang='lat' dir='ltr'><strong>in</strong></span> <span class='ocrx_word' id='word_1_512' title='bbox 653 5638 886 5694; x_wconf 80' lang='lat' dir='ltr'><strong>fratrem</strong></span> <span class='ocrx_word' id='word_1_513' title='bbox 953 5635 1197 5694; x_wconf 85' lang='lat' dir='ltr'><strong>admissi</strong></span> <span class='ocrx_word' id='word_1_514' title='bbox 1257 5637 1608 5693; x_wconf 83' lang='lat' dir='ltr'><strong>conscientia</strong></span> <span class='ocrx_word' id='word_1_515' title='bbox 1656 5637 1908 5710; x_wconf 81' lang='lat' dir='ltr'><strong>ﬂagella-</strong></span> 
     </span>
    </p>
   </div>
   <div class='ocr_carea' id='block_1_78' title="bbox 253 5725 1906 5798">
    <p class='ocr_par' dir='ltr' id='par_1_78' title="bbox 253 5725 1906 5798">
     <span class='ocr_line' id='line_1_79' title="bbox 253 5725 1906 5798; baseline -0.001 -10"><span class='ocrx_word' id='word_1_516' title='bbox 253 5731 440 5798; x_wconf 86' lang='lat' dir='ltr'><strong>retur,</strong></span> <span class='ocrx_word' id='word_1_517' title='bbox 494 5727 676 5786; x_wconf 86' lang='lat' dir='ltr'><strong>fatum</strong></span> <span class='ocrx_word' id='word_1_518' title='bbox 736 5726 970 5786; x_wconf 86' lang='lat' dir='ltr'><strong>timebat</strong></span> <span class='ocrx_word' id='word_1_519' title='bbox 1001 5734 1055 5786; x_wconf 91' lang='lat' dir='ltr'><strong>et</strong></span> <span class='ocrx_word' id='word_1_520' title='bbox 1086 5725 1402 5785; x_wconf 86' lang='lat' dir='ltr'><strong>vindictam</strong></span> <span class='ocrx_word' id='word_1_521' title='bbox 1443 5743 1648 5787; x_wconf 87' lang='lat' dir='ltr'><strong>omnes</strong></span> <span class='ocrx_word' id='word_1_522' title='bbox 1681 5743 1769 5786; x_wconf 85' lang='lat' dir='ltr'><strong>res</strong></span> <span class='ocrx_word' id='word_1_523' title='bbox 1798 5727 1906 5786; x_wconf 88' lang='lat' dir='ltr'><strong>hu-</strong></span> 
     </span>
    </p>
   </div>
   <div class='ocr_carea' id='block_1_79' title="bbox 2005 1955 3648 2041">
    <p class='ocr_par' dir='ltr' id='par_1_79' title="bbox 2005 1955 3648 2041">
     <span class='ocr_line' id='line_1_80' title="bbox 2005 1955 3648 2041; baseline 0.004 -32"><span class='ocrx_word' id='word_1_524' title='bbox 2005 1955 2258 2031; x_wconf 80' lang='grc' dir='ltr'>ῥίψαντες</span> <span class='ocrx_word' id='word_1_525' title='bbox 2325 1956 2386 2012; x_wconf 82' lang='grc' dir='ltr'>ἐκ</span> <span class='ocrx_word' id='word_1_526' title='bbox 2441 1961 2552 2013; x_wconf 82' lang='grc' dir='ltr'><strong>τῶν</strong></span> <span class='ocrx_word' id='word_1_527' title='bbox 2614 1957 2929 2032; x_wconf 75' lang='grc' dir='ltr'>κλιμάκων,</span> <span class='ocrx_word' id='word_1_528' title='bbox 2999 1955 3186 2016; x_wconf 76' lang='grc' dir='ltr'>ἔπειτα</span> <span class='ocrx_word' id='word_1_529' title='bbox 3233 1965 3354 2041; x_wconf 76' lang='grc' dir='ltr'>τοῖς</span> <span class='ocrx_word' id='word_1_530' title='bbox 3409 1960 3469 2016; x_wconf 81' lang='grc' dir='ltr'>ἐκ</span> <span class='ocrx_word' id='word_1_531' title='bbox 3539 1964 3648 2016; x_wconf 80' lang='grc' dir='ltr'><strong>τῶν</strong></span> 
     </span>
    </p>
   </div>
   <div class='ocr_carea' id='block_1_80' title="bbox 1997 2045 3647 2126">
    <p class='ocr_par' dir='ltr' id='par_1_80' title="bbox 1997 2045 3647 2126">
     <span class='ocr_line' id='line_1_81' title="bbox 1997 2045 3647 2126; baseline 0.005 -27"><span class='ocrx_word' id='word_1_532' title='bbox 1997 2045 2220 2120; x_wconf 88' lang='grc' dir='ltr'>πύργων</span> <span class='ocrx_word' id='word_1_533' title='bbox 2311 2046 2616 2120; x_wconf 86' lang='grc' dir='ltr'>Ῥωμαίοις</span> <span class='ocrx_word' id='word_1_534' title='bbox 2713 2047 3142 2123; x_wconf 80' lang='grc' dir='ltr'>συμπλέκονται,</span> <span class='ocrx_word' id='word_1_535' title='bbox 3202 2049 3292 2105; x_wconf 84' lang='grc' dir='ltr'><strong>καὶ</strong></span> <span class='ocrx_word' id='word_1_536' title='bbox 3358 2049 3647 2126; x_wconf 87' lang='grc' dir='ltr'>τρέπονται</span> 
     </span>
    </p>
   </div>
   <div class='ocr_carea' id='block_1_81' title="bbox 1995 2133 3648 2214">
    <p class='ocr_par' dir='ltr' id='par_1_81' title="bbox 1995 2133 3648 2214">
     <span class='ocr_line' id='line_1_82' title="bbox 1995 2133 3648 2214; baseline 0.003 -23"><span class='ocrx_word' id='word_1_537' title='bbox 1995 2135 2225 2199; x_wconf 86' lang='grc' dir='ltr'>τούτους</span> <span class='ocrx_word' id='word_1_538' title='bbox 2257 2133 2461 2211; x_wconf 80' lang='grc' dir='ltr'>ῥᾳδίως</span> <span class='ocrx_word' id='word_1_539' title='bbox 2493 2138 2568 2200; x_wconf 82' lang='grc' dir='ltr'>ὡς</span> <span class='ocrx_word' id='word_1_540' title='bbox 2601 2135 2653 2210; x_wconf 76' lang='grc' dir='ltr'><strong>ἐξ</strong></span> <span class='ocrx_word' id='word_1_541' title='bbox 2705 2135 3031 2214; x_wconf 78' lang='grc' dir='ltr'>ὑπερδεξίων</span> <span class='ocrx_word' id='word_1_542' title='bbox 3083 2139 3394 2214; x_wconf 85' lang='grc' dir='ltr'>μαχόμενοι</span> <span class='ocrx_word' id='word_1_543' title='bbox 3441 2141 3533 2196; x_wconf 83' lang='grc' dir='ltr'><strong>καὶ</strong></span> <span class='ocrx_word' id='word_1_544' title='bbox 3587 2141 3648 2196; x_wconf 90' lang='grc' dir='ltr'><strong>οὐ</strong></span> 
     </span>
    </p>
   </div>
   <div class='ocr_carea' id='block_1_82' title="bbox 2002 2224 3648 2308">
    <p class='ocr_par' dir='ltr' id='par_1_82' title="bbox 2002 2224 3648 2308">
     <span class='ocr_line' id='line_1_83' title="bbox 2045 2224 3378 2280; baseline 0.002 0"><span class='ocrx_word' id='word_1_545' title='bbox 2045 2225 2072 2280; x_wconf 90' lang='grc' dir='ltr'><strong>ό</strong></span> <span class='ocrx_word' id='word_1_546' title='bbox 2201 2224 2234 2280; x_wconf 89' lang='grc' dir='ltr'><strong>ἀ</strong></span> <span class='ocrx_word' id='word_1_547' title='bbox 2287 2225 2302 2244; x_wconf 75' lang='lat'><strong>‘</strong></span> <span class='ocrx_word' id='word_1_548' title='bbox 2336 2227 2362 2246; x_wconf 84' lang='lat'><em>&quot;</em></span> <span class='ocrx_word' id='word_1_549' title='bbox 2549 2225 2562 2246; x_wconf 90' lang='grc'>’</span> <span class='ocrx_word' id='word_1_550' title='bbox 2661 2226 2676 2245; x_wconf 83' lang='lat'><em>‘</em></span> <span class='ocrx_word' id='word_1_551' title='bbox 2789 2227 2804 2246; x_wconf 80' lang='lat'><strong>‘</strong></span> <span class='ocrx_word' id='word_1_552' title='bbox 2950 2227 2964 2246; x_wconf 78' lang='lat'><strong>‘</strong></span> <span class='ocrx_word' id='word_1_553' title='bbox 3211 2230 3225 2250; x_wconf 88' lang='lat'><strong>‘</strong></span> <span class='ocrx_word' id='word_1_554' title='bbox 3355 2231 3378 2250; x_wconf 57' lang='grc' dir='ltr'><strong><em>ν</em></strong></span> 
     </span>
     <span class='ocr_line' id='line_1_84' title="bbox 2002 2224 3648 2308; baseline 0.004 -28"><span class='ocrx_word' id='word_1_555' title='bbox 2002 2246 2042 2298; x_wconf 87' lang='grc' dir='ltr'><strong>μ</strong></span> <span class='ocrx_word' id='word_1_556' title='bbox 2079 2246 2168 2280; x_wconf 93' lang='grc' dir='ltr'><strong>νον</strong></span> <span class='ocrx_word' id='word_1_557' title='bbox 2238 2246 2310 2281; x_wconf 91' lang='grc' dir='ltr'><strong>πο</strong></span> <span class='ocrx_word' id='word_1_558' title='bbox 2334 2229 2508 2300; x_wconf 79' lang='grc' dir='ltr'>υψους</span> <span class='ocrx_word' id='word_1_559' title='bbox 2537 2224 2686 2282; x_wconf 89' lang='grc' dir='ltr'>αλλα</span> <span class='ocrx_word' id='word_1_560' title='bbox 2714 2247 2805 2282; x_wconf 92' lang='grc' dir='ltr'><strong>και</strong></span> <span class='ocrx_word' id='word_1_561' title='bbox 2835 2247 2974 2283; x_wconf 85' lang='grc' dir='ltr'>κατα</span> <span class='ocrx_word' id='word_1_562' title='bbox 3019 2249 3264 2307; x_wconf 79' lang='grc' dir='ltr'>κορυφτ,ν</span> <span class='ocrx_word' id='word_1_563' title='bbox 3323 2251 3464 2286; x_wconf 90' lang='grc' dir='ltr'>οινον</span> <span class='ocrx_word' id='word_1_564' title='bbox 3525 2229 3648 2308; x_wconf 77' lang='grc' dir='ltr'>ἐφε-</span> 
     </span>
    </p>
   </div>
   <div class='ocr_carea' id='block_1_83' title="bbox 1997 2313 3649 2394">
    <p class='ocr_par' dir='ltr' id='par_1_83' title="bbox 1997 2313 3649 2394">
     <span class='ocr_line' id='line_1_85' title="bbox 1997 2313 3649 2394; baseline 0.002 -26"><span class='ocrx_word' id='word_1_565' title='bbox 1997 2318 2196 2376; x_wconf 80' lang='grc' dir='ltr'>στῶτες</span> <span class='ocrx_word' id='word_1_566' title='bbox 2253 2315 2347 2369; x_wconf 82' lang='grc' dir='ltr'><strong>καὶ</strong></span> <span class='ocrx_word' id='word_1_567' title='bbox 2439 2313 2766 2390; x_wconf 74' lang='grc' dir='ltr'>βάλλοντες·</span> <span class='ocrx_word' id='word_1_568' title='bbox 2817 2316 2956 2372; x_wconf 85' lang='grc' dir='ltr'>κατᾶ</span> <span class='ocrx_word' id='word_1_569' title='bbox 3012 2315 3162 2373; x_wconf 85' lang='grc' dir='ltr'>πολὺ</span> <span class='ocrx_word' id='word_1_570' title='bbox 3213 2319 3320 2394; x_wconf 83' lang='grc' dir='ltr'><strong>γὰρ</strong></span> <span class='ocrx_word' id='word_1_571' title='bbox 3385 2321 3495 2374; x_wconf 84' lang='grc' dir='ltr'>τῶν</span> <span class='ocrx_word' id='word_1_572' title='bbox 3547 2322 3649 2385; x_wconf 83' lang='grc' dir='ltr'><strong>τῆς</strong></span> 
     </span>
    </p>
   </div>
   <div class='ocr_carea' id='block_1_84' title="bbox 1995 2401 3648 2482">
    <p class='ocr_par' dir='ltr' id='par_1_84' title="bbox 1995 2401 3648 2482">
     <span class='ocr_line' id='line_1_86' title="bbox 1995 2401 3648 2482; baseline 0.004 -24"><span class='ocrx_word' id='word_1_573' title='bbox 1995 2401 2212 2466; x_wconf 87' lang='grc' dir='ltr'>πόλεως</span> <span class='ocrx_word' id='word_1_574' title='bbox 2287 2403 2521 2482; x_wconf 85' lang='grc' dir='ltr'>τειχέων</span> <span class='ocrx_word' id='word_1_575' title='bbox 2593 2405 3087 2479; x_wconf 75' lang='grc' dir='ltr'>ὑπερανεστήκεσαν</span> <span class='ocrx_word' id='word_1_576' title='bbox 3147 2409 3200 2462; x_wconf 77' lang='grc' dir='ltr'>οἱ</span> <span class='ocrx_word' id='word_1_577' title='bbox 3255 2412 3375 2470; x_wconf 88' lang='grc' dir='ltr'>τοῖς</span> <span class='ocrx_word' id='word_1_578' title='bbox 3424 2408 3648 2474; x_wconf 86' lang='grc' dir='ltr'>πλοίοις</span> 
     </span>
    </p>
   </div>
   <div class='ocr_carea' id='block_1_85' title="bbox 1993 2489 3648 2572">
    <p class='ocr_par' dir='ltr' id='par_1_85' title="bbox 1993 2489 3648 2572">
     <span class='ocr_line' id='line_1_87' title="bbox 1993 2489 3648 2572; baseline 0.006 -26"><span class='ocrx_word' id='word_1_579' title='bbox 1993 2489 2286 2566; x_wconf 83' lang='grc' dir='ltr'>κλίμακες,</span> <span class='ocrx_word' id='word_1_580' title='bbox 2344 2491 2615 2566; x_wconf 76' lang='grc' dir='ltr'>μετέωροι</span> <span class='ocrx_word' id='word_1_581' title='bbox 2672 2489 2762 2549; x_wconf 78' lang='grc' dir='ltr'><strong>διὰ</strong></span> <span class='ocrx_word' id='word_1_582' title='bbox 2812 2493 3128 2568; x_wconf 83' lang='grc' dir='ltr'>πεισμάτων</span> <span class='ocrx_word' id='word_1_583' title='bbox 3193 2497 3497 2572; x_wconf 90' lang='grc' dir='ltr'>γινόμεναι.</span> <span class='ocrx_word' id='word_1_584' title='bbox 3569 2499 3648 2556; x_wconf 83' lang='grc' dir='ltr'>Τὸ</span> 
     </span>
    </p>
   </div>
   <div class='ocr_carea' id='block_1_86' title="bbox 1999 2577 3648 2662">
    <p class='ocr_par' dir='ltr' id='par_1_86' title="bbox 1999 2577 3648 2662">
     <span class='ocr_line' id='line_1_88' title="bbox 1999 2577 3648 2662; baseline 0.005 -26"><span class='ocrx_word' id='word_1_585' title='bbox 1999 2579 2048 2636; x_wconf 79' lang='grc' dir='ltr'>δ’</span> <span class='ocrx_word' id='word_1_586' title='bbox 2078 2581 2184 2638; x_wconf 86' lang='grc' dir='ltr'>ἀπὸ</span> <span class='ocrx_word' id='word_1_587' title='bbox 2212 2579 2374 2638; x_wconf 86' lang='grc' dir='ltr'>τοῦδε</span> <span class='ocrx_word' id='word_1_588' title='bbox 2404 2577 2707 2655; x_wconf 78' lang='grc' dir='ltr'>λαϐόμενοι</span> <span class='ocrx_word' id='word_1_589' title='bbox 2737 2587 2845 2638; x_wconf 80' lang='grc' dir='ltr'><strong>τῶν</strong></span> <span class='ocrx_word' id='word_1_590' title='bbox 2871 2586 3250 2660; x_wconf 86' lang='grc' dir='ltr'>τειχισμάτων</span> <span class='ocrx_word' id='word_1_591' title='bbox 3291 2587 3342 2641; x_wconf 76' lang='grc' dir='ltr'>οἱ</span> <span class='ocrx_word' id='word_1_592' title='bbox 3382 2585 3648 2662; x_wconf 83' lang='grc' dir='ltr'>πολέμιοι</span> 
     </span>
    </p>
   </div>
   <div class='ocr_carea' id='block_1_87' title="bbox 1997 2671 3654 2756">
    <p class='ocr_par' dir='ltr' id='par_1_87' title="bbox 1997 2671 3654 2756">
     <span class='ocr_line' id='line_1_89' title="bbox 1997 2671 3654 2756; baseline 0.004 -28"><span class='ocrx_word' id='word_1_593' title='bbox 1997 2676 2105 2748; x_wconf 92' lang='grc' dir='ltr'><strong>πῦρ</strong></span> <span class='ocrx_word' id='word_1_594' title='bbox 2166 2671 2339 2728; x_wconf 82' lang='grc' dir='ltr'>ἐνιᾶσι</span> <span class='ocrx_word' id='word_1_595' title='bbox 2389 2678 2508 2736; x_wconf 91' lang='grc' dir='ltr'>ταῖς</span> <span class='ocrx_word' id='word_1_596' title='bbox 2569 2673 2788 2744; x_wconf 78' lang='grc' dir='ltr'>οἰκίαις,</span> <span class='ocrx_word' id='word_1_597' title='bbox 2819 2675 3018 2730; x_wconf 84' lang='grc' dir='ltr'>ὁπόσαι</span> <span class='ocrx_word' id='word_1_598' title='bbox 3041 2681 3162 2738; x_wconf 88' lang='grc' dir='ltr'>τοῖς</span> <span class='ocrx_word' id='word_1_599' title='bbox 3209 2676 3442 2752; x_wconf 84' lang='grc' dir='ltr'>τείχεσιν</span> <span class='ocrx_word' id='word_1_600' title='bbox 3468 2679 3654 2756; x_wconf 70' lang='grc' dir='ltr'>ἓκκρε-</span> 
     </span>
    </p>
   </div>
   <div class='ocr_carea' id='block_1_88' title="bbox 2001 2762 3654 2846">
    <p class='ocr_par' dir='ltr' id='par_1_88' title="bbox 2001 2762 3654 2846">
     <span class='ocr_line' id='line_1_90' title="bbox 2001 2762 3654 2846; baseline 0.005 -27"><span class='ocrx_word' id='word_1_601' title='bbox 2001 2769 2145 2839; x_wconf 85' lang='grc' dir='ltr'>μεῖς,</span> <span class='ocrx_word' id='word_1_602' title='bbox 2201 2762 2674 2832; x_wconf 69' lang='grc' dir='ltr'>διασκεδασθέντες</span> <span class='ocrx_word' id='word_1_603' title='bbox 2743 2765 3035 2842; x_wconf 74' lang='grc' dir='ltr'>πολλαχῇ.</span> <span class='ocrx_word' id='word_1_604' title='bbox 3099 2767 3204 2826; x_wconf 84' lang='grc' dir='ltr'><strong>Καὶ</strong></span> <span class='ocrx_word' id='word_1_605' title='bbox 3287 2768 3496 2846; x_wconf 89' lang='grc' dir='ltr'>γίνεται</span> <span class='ocrx_word' id='word_1_606' title='bbox 3551 2778 3654 2842; x_wconf 82' lang='grc' dir='ltr'><strong>τῆς</strong></span> 
     </span>
    </p>
   </div>
   <div class='ocr_carea' id='block_1_89' title="bbox 1999 2853 3650 2936">
    <p class='ocr_par' dir='ltr' id='par_1_89' title="bbox 1999 2853 3650 2936">
     <span class='ocr_line' id='line_1_91' title="bbox 1999 2853 3650 2936; baseline 0.004 -26"><span class='ocrx_word' id='word_1_607' title='bbox 1999 2855 2210 2931; x_wconf 80' lang='grc' dir='ltr'>ἡμέρας</span> <span class='ocrx_word' id='word_1_608' title='bbox 2304 2855 2513 2928; x_wconf 78' lang='grc' dir='ltr'>ἐκείνης</span> <span class='ocrx_word' id='word_1_609' title='bbox 2583 2853 2816 2912; x_wconf 81' lang='grc' dir='ltr'>ἐλεεινόν</span> <span class='ocrx_word' id='word_1_610' title='bbox 2870 2878 2923 2912; x_wconf 89' lang='grc' dir='ltr'><strong>τι</strong></span> <span class='ocrx_word' id='word_1_611' title='bbox 2973 2855 3149 2932; x_wconf 82' lang='grc' dir='ltr'>Θέαμα</span> <span class='ocrx_word' id='word_1_612' title='bbox 3211 2859 3302 2914; x_wconf 78' lang='grc' dir='ltr'><strong>καὶ</strong></span> <span class='ocrx_word' id='word_1_613' title='bbox 3367 2861 3650 2936; x_wconf 79' lang='grc' dir='ltr'>ποταμοὺς</span> 
     </span>
    </p>
   </div>
   <div class='ocr_carea' id='block_1_90' title="bbox 2000 2939 3640 3028">
    <p class='ocr_par' dir='ltr' id='par_1_90' title="bbox 2000 2939 3640 3028">
     <span class='ocr_line' id='line_1_92' title="bbox 2000 2939 3640 3028; baseline 0.004 -27"><span class='ocrx_word' id='word_1_614' title='bbox 2000 2939 2161 3002; x_wconf 77' lang='grc' dir='ltr'>ἕλκον</span> <span class='ocrx_word' id='word_1_615' title='bbox 2194 2943 2444 3021; x_wconf 78' lang='grc' dir='ltr'>δακρύων</span> <span class='ocrx_word' id='word_1_616' title='bbox 2473 2946 2814 3024; x_wconf 83' lang='grc' dir='ltr'>ἀντιρῥόπων</span> <span class='ocrx_word' id='word_1_617' title='bbox 2845 2953 2927 3021; x_wconf 81' lang='grc' dir='ltr'>τῷ</span> <span class='ocrx_word' id='word_1_618' title='bbox 2948 2946 3146 3022; x_wconf 87' lang='grc' dir='ltr'>πολλῷ</span> <span class='ocrx_word' id='word_1_619' title='bbox 3197 2957 3298 3019; x_wconf 81' lang='grc' dir='ltr'><strong>τῆς</strong></span> <span class='ocrx_word' id='word_1_620' title='bbox 3353 2958 3640 3028; x_wconf 79' lang='grc' dir='ltr'>πυρκαῖᾶς·</span> 
     </span>
    </p>
   </div>
   <div class='ocr_carea' id='block_1_91' title="bbox 1999 3033 3648 3117">
    <p class='ocr_par' dir='ltr' id='par_1_91' title="bbox 1999 3033 3648 3117">
     <span class='ocr_line' id='line_1_93' title="bbox 1999 3033 3648 3117; baseline 0.005 -27"><span class='ocrx_word' id='word_1_621' title='bbox 1999 3033 2172 3092; x_wconf 86' lang='grc' dir='ltr'>πάντα</span> <span class='ocrx_word' id='word_1_622' title='bbox 2211 3037 2315 3112; x_wconf 79' lang='grc' dir='ltr'><strong>Λάρ</strong></span> <span class='ocrx_word' id='word_1_623' title='bbox 2355 3035 2456 3092; x_wconf 78' lang='grc' dir='ltr'><strong>ὅσα</strong></span> <span class='ocrx_word' id='word_1_624' title='bbox 2476 3035 2661 3111; x_wconf 59' lang='grc' dir='ltr'>έκςτοῦ</span> <span class='ocrx_word' id='word_1_625' title='bbox 2689 3041 2798 3093; x_wconf 82' lang='grc' dir='ltr'><strong>τῶν</strong></span> <span class='ocrx_word' id='word_1_626' title='bbox 2861 3037 3194 3115; x_wconf 76' lang='grc' dir='ltr'>Βλαχερνῖυν</span> <span class='ocrx_word' id='word_1_627' title='bbox 3252 3041 3448 3117; x_wconf 77' lang='grc' dir='ltr'>βουνοῦ</span> <span class='ocrx_word' id='word_1_628' title='bbox 3513 3044 3648 3117; x_wconf 88' lang='grc' dir='ltr'>πρὸς</span> 
     </span>
    </p>
   </div>
   <div class='ocr_carea' id='block_1_92' title="bbox 1997 3122 3648 3203">
    <p class='ocr_par' dir='ltr' id='par_1_92' title="bbox 1997 3122 3648 3203">
     <span class='ocr_line' id='line_1_94' title="bbox 1997 3122 3648 3203; baseline 0.005 -25"><span class='ocrx_word' id='word_1_629' title='bbox 1997 3125 2097 3192; x_wconf 81' lang='grc' dir='ltr'><strong>τήν</strong></span> <span class='ocrx_word' id='word_1_630' title='bbox 2143 3125 2316 3198; x_wconf 73' lang='grc' dir='ltr'>μονὴν</span> <span class='ocrx_word' id='word_1_631' title='bbox 2367 3122 2551 3196; x_wconf 74' lang='grc' dir='ltr'>δεηκει</span> <span class='ocrx_word' id='word_1_632' title='bbox 2599 3130 2697 3182; x_wconf 92' lang='grc' dir='ltr'><strong>τοῦ</strong></span> <span class='ocrx_word' id='word_1_633' title='bbox 2749 3127 3045 3203; x_wconf 70' lang='grc' dir='ltr'>Εὐεργέτου</span> <span class='ocrx_word' id='word_1_634' title='bbox 3103 3128 3490 3202; x_wconf 80' lang='grc' dir='ltr'>κατῆθάλωτο,</span> <span class='ocrx_word' id='word_1_635' title='bbox 3555 3132 3648 3186; x_wconf 84' lang='grc' dir='ltr'><strong>καὶ</strong></span> 
     </span>
    </p>
   </div>
   <div class='ocr_carea' id='block_1_93' title="bbox 2002 3210 3652 3294">
    <p class='ocr_par' dir='ltr' id='par_1_93' title="bbox 2002 3210 3652 3294">
     <span class='ocr_line' id='line_1_95' title="bbox 2002 3210 3652 3294; baseline 0.004 -29"><span class='ocrx_word' id='word_1_636' title='bbox 2002 3210 2414 3286; x_wconf 78' lang='grc' dir='ltr'>ὑπερεμηκίσθη</span> <span class='ocrx_word' id='word_1_637' title='bbox 2445 3212 2508 3268; x_wconf 87' lang='grc' dir='ltr'>τὸ</span> <span class='ocrx_word' id='word_1_638' title='bbox 2538 3211 2878 3286; x_wconf 88' lang='grc' dir='ltr'>καλούμενον</span> <span class='ocrx_word' id='word_1_639' title='bbox 2913 3213 3170 3290; x_wconf 86' lang='grc' dir='ltr'>Δεύτερον</span> <span class='ocrx_word' id='word_1_640' title='bbox 3229 3218 3264 3286; x_wconf 75' lang='grc' dir='ltr'>ἡ</span> <span class='ocrx_word' id='word_1_641' title='bbox 3323 3221 3420 3272; x_wconf 89' lang='grc' dir='ltr'><strong>τοῦ</strong></span> <span class='ocrx_word' id='word_1_642' title='bbox 3472 3218 3652 3294; x_wconf 87' lang='grc' dir='ltr'>πυρὸς</span> 
     </span>
    </p>
   </div>
   <div class='ocr_carea' id='block_1_94' title="bbox 2003 3298 3649 3379">
    <p class='ocr_par' dir='ltr' id='par_1_94' title="bbox 2003 3298 3649 3379">
     <span class='ocr_line' id='line_1_96' title="bbox 2003 3298 3649 3379; baseline 0.005 -25"><span class='ocrx_word' id='word_1_643' title='bbox 2003 3298 2174 3375; x_wconf 74' lang='grc' dir='ltr'>ἐρωή.</span> <span class='ocrx_word' id='word_1_644' title='bbox 2210 3298 2362 3358; x_wconf 86' lang='grc' dir='ltr'>Ἰδὼν</span> <span class='ocrx_word' id='word_1_645' title='bbox 2403 3299 2449 3356; x_wconf 85' lang='grc' dir='ltr'>δ’</span> <span class='ocrx_word' id='word_1_646' title='bbox 2481 3302 2510 3356; x_wconf 89' lang='grc' dir='ltr'>ὁ</span> <span class='ocrx_word' id='word_1_647' title='bbox 2541 3299 2800 3378; x_wconf 87' lang='grc' dir='ltr'>βασιλεὺς</span> <span class='ocrx_word' id='word_1_648' title='bbox 2830 3303 2893 3358; x_wconf 85' lang='grc' dir='ltr'>τὸ</span> <span class='ocrx_word' id='word_1_649' title='bbox 2915 3303 3133 3379; x_wconf 71' lang='grc' dir='ltr'>οῗκτρὸν</span> <span class='ocrx_word' id='word_1_650' title='bbox 3158 3309 3322 3361; x_wconf 88' lang='grc' dir='ltr'>τοῦτο</span> <span class='ocrx_word' id='word_1_651' title='bbox 3343 3309 3444 3371; x_wconf 82' lang='grc' dir='ltr'>τῆς</span> <span class='ocrx_word' id='word_1_652' title='bbox 3488 3307 3649 3375; x_wconf 89' lang='grc' dir='ltr'>βασι-</span> 
     </span>
    </p>
   </div>
   <div class='ocr_carea' id='block_1_95' title="bbox 2003 3386 3650 3473">
    <p class='ocr_par' dir='ltr' id='par_1_95' title="bbox 2003 3386 3650 3473">
     <span class='ocr_line' id='line_1_97' title="bbox 2003 3386 3650 3473; baseline 0.005 -30"><span class='ocrx_word' id='word_1_653' title='bbox 2003 3386 2159 3453; x_wconf 80' lang='grc' dir='ltr'>λίδος</span> <span class='ocrx_word' id='word_1_654' title='bbox 2193 3387 2542 3466; x_wconf 84' lang='grc' dir='ltr'>δυστύχημα,</span> <span class='ocrx_word' id='word_1_655' title='bbox 2571 3391 2664 3447; x_wconf 79' lang='grc' dir='ltr'><strong>καὶ</strong></span> <span class='ocrx_word' id='word_1_656' title='bbox 2699 3395 2798 3462; x_wconf 78' lang='grc' dir='ltr'>τὴν</span> <span class='ocrx_word' id='word_1_657' title='bbox 2869 3395 3110 3473; x_wconf 72' lang='grc' dir='ltr'>συνοχὴν</span> <span class='ocrx_word' id='word_1_658' title='bbox 3170 3399 3280 3450; x_wconf 82' lang='grc' dir='ltr'><strong>τῶν</strong></span> <span class='ocrx_word' id='word_1_659' title='bbox 3347 3395 3650 3472; x_wconf 84' lang='grc' dir='ltr'>ἀνθρώπων</span> 
     </span>
    </p>
   </div>
   <div class='ocr_carea' id='block_1_96' title="bbox 2003 3474 3656 3562">
    <p class='ocr_par' dir='ltr' id='par_1_96' title="bbox 2003 3474 3656 3562">
     <span class='ocr_line' id='line_1_98' title="bbox 2003 3474 3656 3562; baseline 0.004 -28"><span class='ocrx_word' id='word_1_660' title='bbox 2003 3474 2352 3550; x_wconf 76' lang='grc' dir='ltr'>εὐλαϐηθεὶς,</span> <span class='ocrx_word' id='word_1_661' title='bbox 2395 3481 2630 3553; x_wconf 83' lang='grc' dir='ltr'>ὁπλίτης</span> <span class='ocrx_word' id='word_1_662' title='bbox 2663 3481 2871 3560; x_wconf 86' lang='grc' dir='ltr'>γίνεται</span> <span class='ocrx_word' id='word_1_663' title='bbox 2907 3482 3095 3562; x_wconf 82' lang='grc' dir='ltr'>μόλις,</span> <span class='ocrx_word' id='word_1_664' title='bbox 3125 3485 3217 3539; x_wconf 84' lang='grc' dir='ltr'><strong>καὶ</strong></span> <span class='ocrx_word' id='word_1_665' title='bbox 3288 3485 3511 3559; x_wconf 82' lang='grc' dir='ltr'>μάλισθ’</span> <span class='ocrx_word' id='word_1_666' title='bbox 3566 3487 3656 3543; x_wconf 74' lang='grc' dir='ltr'>’ὁτι</span> 
     </span>
    </p>
   </div>
   <div class='ocr_carea' id='block_1_97' title="bbox 2002 3568 3655 3652">
    <p class='ocr_par' dir='ltr' id='par_1_97' title="bbox 2002 3568 3655 3652">
     <span class='ocr_line' id='line_1_99' title="bbox 2002 3568 3655 3652; baseline 0.005 -29"><span class='ocrx_word' id='word_1_667' title='bbox 2002 3568 2142 3644; x_wconf 85' lang='grc' dir='ltr'>πρὸς</span> <span class='ocrx_word' id='word_1_668' title='bbox 2209 3570 2382 3648; x_wconf 77' lang='grc' dir='ltr'>ὀργὴν</span> <span class='ocrx_word' id='word_1_669' title='bbox 2440 3571 2568 3634; x_wconf 81' lang='grc' dir='ltr'>τοὺς</span> <span class='ocrx_word' id='word_1_670' title='bbox 2623 3571 2848 3635; x_wconf 86' lang='grc' dir='ltr'>πλείους</span> <span class='ocrx_word' id='word_1_671' title='bbox 2907 3571 3326 3650; x_wconf 77' lang='grc' dir='ltr'>ἐπιφρίσσοντας</span> <span class='ocrx_word' id='word_1_672' title='bbox 3371 3577 3517 3652; x_wconf 73' lang='grc' dir='ltr'>ἑώρα</span> <span class='ocrx_word' id='word_1_673' title='bbox 3562 3576 3655 3632; x_wconf 82' lang='grc' dir='ltr'><strong>καὶ</strong></span> 
     </span>
    </p>
   </div>
   <div class='ocr_carea' id='block_1_98' title="bbox 2005 3657 3656 3740">
    <p class='ocr_par' dir='ltr' id='par_1_98' title="bbox 2005 3657 3656 3740">
     <span class='ocr_line' id='line_1_100' title="bbox 2005 3657 3656 3740; baseline 0.005 -26"><span class='ocrx_word' id='word_1_674' title='bbox 2005 3657 2211 3734; x_wconf 86' lang='grc' dir='ltr'>λόγους</span> <span class='ocrx_word' id='word_1_675' title='bbox 2274 3658 2534 3736; x_wconf 72' lang='grc' dir='ltr'>ἐπαχθεῖς</span> <span class='ocrx_word' id='word_1_676' title='bbox 2590 3662 2708 3717; x_wconf 87' lang='grc' dir='ltr'>κατ’</span> <span class='ocrx_word' id='word_1_677' title='bbox 2761 3661 2926 3718; x_wconf 87' lang='grc' dir='ltr'>αὐτοῦ</span> <span class='ocrx_word' id='word_1_678' title='bbox 3003 3665 3096 3718; x_wconf 84' lang='grc' dir='ltr'>καὶ</span> <span class='ocrx_word' id='word_1_679' title='bbox 3152 3663 3656 3740; x_wconf 76' lang='grc' dir='ltr'>προπηλακισμοὺς</span> 
     </span>
    </p>
   </div>
   <div class='ocr_carea' id='block_1_99' title="bbox 2005 3745 3654 3828">
    <p class='ocr_par' dir='ltr' id='par_1_99' title="bbox 2005 3745 3654 3828">
     <span class='ocr_line' id='line_1_101' title="bbox 2005 3745 3654 3828; baseline 0.005 -26"><span class='ocrx_word' id='word_1_680' title='bbox 2005 3745 2283 3826; x_wconf 76' lang='grc' dir='ltr'>ἀφιέντας,</span> <span class='ocrx_word' id='word_1_681' title='bbox 2317 3751 2402 3812; x_wconf 81' lang='grc' dir='ltr'>οἷς</span> <span class='ocrx_word' id='word_1_682' title='bbox 2443 3749 2714 3825; x_wconf 72' lang='grc' dir='ltr'>οῗκουρεῖν</span> <span class='ocrx_word' id='word_1_683' title='bbox 2747 3749 3027 3828; x_wconf 81' lang='grc' dir='ltr'>ὲλομένοχ</span> <span class='ocrx_word' id='word_1_684' title='bbox 3071 3752 3161 3807; x_wconf 78' lang='grc' dir='ltr'>ἐπὶ</span> <span class='ocrx_word' id='word_1_685' title='bbox 3197 3752 3410 3826; x_wconf 69' lang='grc' dir='ltr'>μᾶλλον</span> <span class='ocrx_word' id='word_1_686' title='bbox 3438 3755 3507 3810; x_wconf 77' lang='grc' dir='ltr'>τὰ</span> <span class='ocrx_word' id='word_1_687' title='bbox 3544 3759 3654 3810; x_wconf 84' lang='grc' dir='ltr'>τῶν</span> 
     </span>
    </p>
   </div>
   <div class='ocr_carea' id='block_1_100' title="bbox 2004 3834 3660 3922">
    <p class='ocr_par' dir='ltr' id='par_1_100' title="bbox 2004 3834 3660 3922">
     <span class='ocr_line' id='line_1_102' title="bbox 2004 3834 3660 3922; baseline 0.005 -31"><span class='ocrx_word' id='word_1_688' title='bbox 2004 3834 2259 3893; x_wconf 78' lang='grc' dir='ltr'>ἐναντίων</span> <span class='ocrx_word' id='word_1_689' title='bbox 2374 3842 2701 3918; x_wconf 78' lang='grc' dir='ltr'>φρονήματα</span> <span class='ocrx_word' id='word_1_690' title='bbox 2783 3836 2973 3916; x_wconf 71' lang='grc' dir='ltr'>ᾔρετο,</span> <span class='ocrx_word' id='word_1_691' title='bbox 3075 3839 3349 3916; x_wconf 81' lang='grc' dir='ltr'>μηδεμιᾶς</span> <span class='ocrx_word' id='word_1_692' title='bbox 3436 3843 3660 3922; x_wconf 84' lang='grc' dir='ltr'>ἀρωγῆς</span> 
     </span>
    </p>
   </div>
   <div class='ocr_carea' id='block_1_101' title="bbox 2009 3924 3658 4014">
    <p class='ocr_par' dir='ltr' id='par_1_101' title="bbox 2009 3924 3658 4014">
     <span class='ocr_line' id='line_1_103' title="bbox 2009 3924 3658 4014; baseline 0.005 -32"><span class='ocrx_word' id='word_1_693' title='bbox 2009 3924 2448 4004; x_wconf 81' lang='grc' dir='ltr'>ὑπονοθευομένῃ</span> <span class='ocrx_word' id='word_1_694' title='bbox 2470 3935 2540 4005; x_wconf 79' lang='grc' dir='ltr'><strong>τῇ</strong></span> <span class='ocrx_word' id='word_1_695' title='bbox 2571 3927 2732 3986; x_wconf 89' lang='grc' dir='ltr'>πόλει</span> <span class='ocrx_word' id='word_1_696' title='bbox 2791 3944 3256 4006; x_wconf 66' lang='grc' dir='ltr'>προσγινομένης,</span> <span class='ocrx_word' id='word_1_697' title='bbox 3325 3931 3452 3988; x_wconf 87' lang='grc' dir='ltr'>ἀλλ’</span> <span class='ocrx_word' id='word_1_698' title='bbox 3501 3933 3658 4014; x_wconf 77' lang='grc' dir='ltr'>ἀφεὶς</span> 
     </span>
    </p>
   </div>
   <div class='ocr_carea' id='block_1_102' title="bbox 2004 4015 3654 4100">
    <p class='ocr_par' dir='ltr' id='par_1_102' title="bbox 2004 4015 3654 4100">
     <span class='ocr_line' id='line_1_104' title="bbox 2004 4015 3654 4100; baseline 0.005 -30"><span class='ocrx_word' id='word_1_699' title='bbox 2004 4015 2098 4070; x_wconf 87' lang='grc' dir='ltr'>τὸν</span> <span class='ocrx_word' id='word_1_700' title='bbox 2153 4016 2400 4091; x_wconf 88' lang='grc' dir='ltr'>πόλεμον</span> <span class='ocrx_word' id='word_1_701' title='bbox 2445 4023 2564 4082; x_wconf 90' lang='grc' dir='ltr'>τοῖς</span> <span class='ocrx_word' id='word_1_702' title='bbox 2621 4019 2831 4096; x_wconf 87' lang='grc' dir='ltr'>τείχεσι</span> <span class='ocrx_word' id='word_1_703' title='bbox 2890 4019 3236 4096; x_wconf 83' lang='grc' dir='ltr'>προσελθεῖν,</span> <span class='ocrx_word' id='word_1_704' title='bbox 3297 4028 3528 4100; x_wconf 78' lang='grc' dir='ltr'>πρᾶγμα</span> <span class='ocrx_word' id='word_1_705' title='bbox 3577 4026 3654 4098; x_wconf 79' lang='grc' dir='ltr'>μὴ</span> 
     </span>
    </p>
   </div>
   <div class='ocr_carea' id='block_1_103' title="bbox 2008 4100 3656 4184">
    <p class='ocr_par' dir='ltr' id='par_1_103' title="bbox 2008 4100 3656 4184">
     <span class='ocr_line' id='line_1_105' title="bbox 2008 4100 3656 4184; baseline 0.004 -27"><span class='ocrx_word' id='word_1_706' title='bbox 2008 4100 2230 4179; x_wconf 84' lang='grc' dir='ltr'>έσδεῦρο</span> <span class='ocrx_word' id='word_1_707' title='bbox 2313 4111 2550 4184; x_wconf 83' lang='grc' dir='ltr'>πραχθν,</span> <span class='ocrx_word' id='word_1_708' title='bbox 2607 4109 2685 4173; x_wconf 84' lang='grc' dir='ltr'>ὡς</span> <span class='ocrx_word' id='word_1_709' title='bbox 2771 4107 2922 4184; x_wconf 56' lang='grc' dir='ltr'>ετίπερ</span> <span class='ocrx_word' id='word_1_710' title='bbox 2981 4107 3194 4175; x_wconf 82' lang='grc' dir='ltr'>οὐδένες</span> <span class='ocrx_word' id='word_1_711' title='bbox 3255 4115 3364 4167; x_wconf 81' lang='grc' dir='ltr'><strong>τῶν</strong></span> <span class='ocrx_word' id='word_1_712' title='bbox 3433 4109 3656 4168; x_wconf 77' lang='grc' dir='ltr'>ἒνόντων</span> 
     </span>
    </p>
   </div>
   <div class='ocr_carea' id='block_1_104' title="bbox 2007 4193 3659 4278">
    <p class='ocr_par' dir='ltr' id='par_1_104' title="bbox 2007 4193 3659 4278">
     <span class='ocr_line' id='line_1_106' title="bbox 2007 4193 3659 4278; baseline 0.005 -30"><span class='ocrx_word' id='word_1_713' title='bbox 2007 4193 2310 4264; x_wconf 78' lang='grc' dir='ltr'>ἠπίσταντο</span> <span class='ocrx_word' id='word_1_714' title='bbox 2341 4195 2626 4272; x_wconf 85' lang='grc' dir='ltr'>πολεμεῖν,</span> <span class='ocrx_word' id='word_1_715' title='bbox 2655 4195 2796 4270; x_wconf 75' lang='grc' dir='ltr'>μηδὲ</span> <span class='ocrx_word' id='word_1_716' title='bbox 2829 4196 3047 4274; x_wconf 87' lang='grc' dir='ltr'>βέλτιον</span> <span class='ocrx_word' id='word_1_717' title='bbox 3095 4195 3293 4273; x_wconf 77' lang='grc' dir='ltr'>ᾔδεσαν</span> <span class='ocrx_word' id='word_1_718' title='bbox 3351 4201 3414 4256; x_wconf 82' lang='grc' dir='ltr'>τὸ</span> <span class='ocrx_word' id='word_1_719' title='bbox 3461 4200 3659 4278; x_wconf 73' lang='grc' dir='ltr'>φθάσαι</span> 
     </span>
    </p>
   </div>
   <div class='ocr_carea' id='block_1_105' title="bbox 2008 4287 3658 4370">
    <p class='ocr_par' dir='ltr' id='par_1_105' title="bbox 2008 4287 3658 4370">
     <span class='ocr_line' id='line_1_107' title="bbox 2008 4287 3658 4370; baseline 0.001 -23"><span class='ocrx_word' id='word_1_720' title='bbox 2008 4291 2100 4348; x_wconf 86' lang='grc' dir='ltr'><strong>τὸν</strong></span> <span class='ocrx_word' id='word_1_721' title='bbox 2144 4287 2440 4346; x_wconf 87' lang='grc' dir='ltr'>ἀντίπαλον</span> <span class='ocrx_word' id='word_1_722' title='bbox 2479 4287 2692 4362; x_wconf 81' lang='grc' dir='ltr'>μᾶλλον</span> <span class='ocrx_word' id='word_1_723' title='bbox 2749 4288 2785 4357; x_wconf 74' lang='grc' dir='ltr'><strong>ἢ</strong></span> <span class='ocrx_word' id='word_1_724' title='bbox 2838 4291 2965 4364; x_wconf 88' lang='grc' dir='ltr'>παρ’</span> <span class='ocrx_word' id='word_1_725' title='bbox 3018 4288 3184 4344; x_wconf 74' lang='grc' dir='ltr'>αὐτοῦ</span> <span class='ocrx_word' id='word_1_726' title='bbox 3241 4290 3658 4370; x_wconf 77' lang='grc' dir='ltr'>προληφθῆναι,</span> 
     </span>
    </p>
   </div>
   <div class='ocr_carea' id='block_1_106' title="bbox 2013 4375 3662 4457">
    <p class='ocr_par' dir='ltr' id='par_1_106' title="bbox 2013 4375 3662 4457">
     <span class='ocr_line' id='line_1_108' title="bbox 2013 4375 3662 4457; baseline 0.001 -21"><span class='ocrx_word' id='word_1_727' title='bbox 2013 4382 2112 4436; x_wconf 84' lang='grc' dir='ltr'><strong>ὅσα</strong></span> <span class='ocrx_word' id='word_1_728' title='bbox 2140 4380 2232 4436; x_wconf 82' lang='grc' dir='ltr'><strong>καὶ</strong></span> <span class='ocrx_word' id='word_1_729' title='bbox 2290 4384 2450 4452; x_wconf 82' lang='grc' dir='ltr'>σῶμα</span> <span class='ocrx_word' id='word_1_730' title='bbox 2491 4375 2648 4452; x_wconf 86' lang='grc' dir='ltr'>δεινῷ</span> <span class='ocrx_word' id='word_1_731' title='bbox 2693 4381 3078 4454; x_wconf 80' lang='grc' dir='ltr'>καχεκτήματι</span> <span class='ocrx_word' id='word_1_732' title='bbox 3134 4379 3233 4449; x_wconf 82' lang='grc' dir='ltr'>τήν</span> <span class='ocrx_word' id='word_1_733' title='bbox 3294 4377 3435 4436; x_wconf 72' lang='grc' dir='ltr'>ἴασιν</span> <span class='ocrx_word' id='word_1_734' title='bbox 3497 4382 3662 4457; x_wconf 81' lang='grc' dir='ltr'>ὑπερ-</span> 
     </span>
    </p>
   </div>
   <div class='ocr_carea' id='block_1_107' title="bbox 2011 4466 3664 4544">
    <p class='ocr_par' dir='ltr' id='par_1_107' title="bbox 2011 4466 3664 4544">
     <span class='ocr_line' id='line_1_109' title="bbox 2011 4466 3664 4544; baseline 0 -17"><span class='ocrx_word' id='word_1_735' title='bbox 2011 4469 2473 4540; x_wconf 84' lang='grc' dir='ltr'>παίοντι.Ἐξιὼν</span> <span class='ocrx_word' id='word_1_736' title='bbox 2521 4466 2704 4524; x_wconf 86' lang='grc' dir='ltr'>τοίνυν</span> <span class='ocrx_word' id='word_1_737' title='bbox 2754 4472 2862 4522; x_wconf 81' lang='grc' dir='ltr'>τῶν</span> <span class='ocrx_word' id='word_1_738' title='bbox 2929 4469 3167 4544; x_wconf 83' lang='grc' dir='ltr'>ἀρχείων</span> <span class='ocrx_word' id='word_1_739' title='bbox 3223 4469 3458 4534; x_wconf 79' lang='grc' dir='ltr'>ἱππότας</span> <span class='ocrx_word' id='word_1_740' title='bbox 3499 4471 3664 4528; x_wconf 79' lang='grc' dir='ltr'>πλεί-</span> 
     </span>
    </p>
   </div>
   <div class='ocr_carea' id='block_1_108' title="bbox 2015 4556 3663 4641">
    <p class='ocr_par' dir='ltr' id='par_1_108' title="bbox 2015 4556 3663 4641">
     <span class='ocr_line' id='line_1_110' title="bbox 2015 4556 3663 4641; baseline 0.002 -25"><span class='ocrx_word' id='word_1_741' title='bbox 2015 4581 2174 4623; x_wconf 90' lang='grc' dir='ltr'>στους</span> <span class='ocrx_word' id='word_1_742' title='bbox 2201 4559 2340 4634; x_wconf 88' lang='grc' dir='ltr'>πρὸς</span> <span class='ocrx_word' id='word_1_743' title='bbox 2363 4557 2552 4614; x_wconf 71' lang='grc' dir='ltr'>ἑαυτὸν</span> <span class='ocrx_word' id='word_1_744' title='bbox 2589 4556 2950 4628; x_wconf 80' lang='grc' dir='ltr'>ἐπεσπάσατο,</span> <span class='ocrx_word' id='word_1_745' title='bbox 2985 4559 3072 4613; x_wconf 78' lang='grc' dir='ltr'><strong>καὶ</strong></span> <span class='ocrx_word' id='word_1_746' title='bbox 3105 4561 3242 4630; x_wconf 73' lang='grc' dir='ltr'>πεζή</span> <span class='ocrx_word' id='word_1_747' title='bbox 3304 4581 3388 4622; x_wconf 89' lang='grc' dir='ltr'><strong>τις</strong></span> <span class='ocrx_word' id='word_1_748' title='bbox 3447 4562 3663 4641; x_wconf 76' lang='grc' dir='ltr'>φάλαγξ</span> 
     </span>
    </p>
   </div>
   <div class='ocr_carea' id='block_1_109' title="bbox 2011 4643 3663 4726">
    <p class='ocr_par' dir='ltr' id='par_1_109' title="bbox 2011 4643 3663 4726">
     <span class='ocr_line' id='line_1_111' title="bbox 2011 4643 3663 4726; baseline 0.001 -22"><span class='ocrx_word' id='word_1_749' title='bbox 2011 4648 2114 4705; x_wconf 90' lang='grc' dir='ltr'><strong>οὐκ</strong></span> <span class='ocrx_word' id='word_1_750' title='bbox 2186 4647 2418 4726; x_wconf 74' lang='grc' dir='ltr'>ἀγεννὴς</span> <span class='ocrx_word' id='word_1_751' title='bbox 2484 4643 2926 4724; x_wconf 85' lang='grc' dir='ltr'>συνδεδράμηκεν</span> <span class='ocrx_word' id='word_1_752' title='bbox 3001 4647 3062 4704; x_wconf 82' lang='grc' dir='ltr'>ἐκ</span> <span class='ocrx_word' id='word_1_753' title='bbox 3134 4652 3235 4714; x_wconf 78' lang='grc' dir='ltr'><strong>τῆς</strong></span> <span class='ocrx_word' id='word_1_754' title='bbox 3313 4651 3496 4726; x_wconf 80' lang='grc' dir='ltr'>ἀκμῆς</span> <span class='ocrx_word' id='word_1_755' title='bbox 3562 4659 3663 4722; x_wconf 83' lang='grc' dir='ltr'><strong>τῆς</strong></span> 
     </span>
    </p>
   </div>
   <div class='ocr_carea' id='block_1_110' title="bbox 2010 4733 3666 4819">
    <p class='ocr_par' dir='ltr' id='par_1_110' title="bbox 2010 4733 3666 4819">
     <span class='ocr_line' id='line_1_112' title="bbox 2010 4733 3666 4819; baseline -0.001 -24"><span class='ocrx_word' id='word_1_756' title='bbox 2010 4733 2252 4810; x_wconf 68' lang='grc' dir='ltr'>πόλεως,</span> <span class='ocrx_word' id='word_1_757' title='bbox 2284 4737 2424 4792; x_wconf 78' lang='grc' dir='ltr'>ὥστε</span> <span class='ocrx_word' id='word_1_758' title='bbox 2450 4737 2541 4792; x_wconf 80' lang='grc' dir='ltr'><strong>καὶ</strong></span> <span class='ocrx_word' id='word_1_759' title='bbox 2578 4741 2658 4810; x_wconf 83' lang='grc' dir='ltr'><strong>τῷ</strong></span> <span class='ocrx_word' id='word_1_760' title='bbox 2714 4738 2852 4792; x_wconf 86' lang='grc' dir='ltr'>κατὰ</span> <span class='ocrx_word' id='word_1_761' title='bbox 2925 4739 3123 4814; x_wconf 79' lang='grc' dir='ltr'>χέρσον</span> <span class='ocrx_word' id='word_1_762' title='bbox 3189 4737 3446 4814; x_wconf 86' lang='grc' dir='ltr'>πολεμίῳ</span> <span class='ocrx_word' id='word_1_763' title='bbox 3499 4763 3666 4819; x_wconf 69' lang='grc' dir='ltr'>(κτρα-</span> 
     </span>
    </p>
   </div>
   <div class='ocr_carea' id='block_1_111' title="bbox 2013 4825 3660 4906">
    <p class='ocr_par' dir='ltr' id='par_1_111' title="bbox 2013 4825 3660 4906">
     <span class='ocr_line' id='line_1_113' title="bbox 2013 4825 3660 4906; baseline 0.004 -24"><span class='ocrx_word' id='word_1_764' title='bbox 2013 4827 2241 4902; x_wconf 69' lang='grc' dir='ltr'>ιεύματι</span> <span class='ocrx_word' id='word_1_765' title='bbox 2299 4826 2608 4906; x_wconf 75' lang='grc' dir='ltr'>φρικασμὸς</span> <span class='ocrx_word' id='word_1_766' title='bbox 2666 4825 2947 4904; x_wconf 82' lang='grc' dir='ltr'>ἐπεγένετο</span> <span class='ocrx_word' id='word_1_767' title='bbox 3043 4828 3320 4902; x_wconf 86' lang='grc' dir='ltr'>σώματος,</span> <span class='ocrx_word' id='word_1_768' title='bbox 3402 4831 3660 4906; x_wconf 83' lang='grc' dir='ltr'>μεγίστην</span> 
     </span>
    </p>
   </div>
   <div class='ocr_carea' id='block_1_112' title="bbox 2013 4915 3662 4995">
    <p class='ocr_par' dir='ltr' id='par_1_112' title="bbox 2013 4915 3662 4995">
     <span class='ocr_line' id='line_1_114' title="bbox 2013 4915 3662 4995; baseline 0.002 -23"><span class='ocrx_word' id='word_1_769' title='bbox 2013 4915 2277 4995; x_wconf 80' lang='grc' dir='ltr'>αἰφνηδὸν</span> <span class='ocrx_word' id='word_1_770' title='bbox 2341 4915 2657 4991; x_wconf 80' lang='grc' dir='ltr'>Θεασαμένῳ</span> <span class='ocrx_word' id='word_1_771' title='bbox 2715 4917 3028 4993; x_wconf 79' lang='grc' dir='ltr'>παράταξιν.</span> <span class='ocrx_word' id='word_1_772' title='bbox 3115 4918 3276 4994; x_wconf 88' lang='grc' dir='ltr'>Τάχα</span> <span class='ocrx_word' id='word_1_773' title='bbox 3335 4917 3384 4974; x_wconf 83' lang='grc' dir='ltr'>δ’</span> <span class='ocrx_word' id='word_1_774' title='bbox 3463 4920 3521 4976; x_wconf 77' lang='grc' dir='ltr'><strong>ἂν</strong></span> <span class='ocrx_word' id='word_1_775' title='bbox 3571 4921 3662 4976; x_wconf 85' lang='grc' dir='ltr'><strong>καὶ</strong></span> 
     </span>
    </p>
   </div>
   <div class='ocr_carea' id='block_1_113' title="bbox 2015 5003 3660 5084">
    <p class='ocr_par' dir='ltr' id='par_1_113' title="bbox 2015 5003 3660 5084">
     <span class='ocr_line' id='line_1_115' title="bbox 2015 5003 3660 5084; baseline 0.001 -22"><span class='ocrx_word' id='word_1_776' title='bbox 2015 5010 2285 5082; x_wconf 82' lang='grc' dir='ltr'>σωτήριον</span> <span class='ocrx_word' id='word_1_777' title='bbox 2346 5003 2499 5082; x_wconf 72' lang='grc' dir='ltr'>ἔργον</span> <span class='ocrx_word' id='word_1_778' title='bbox 2565 5003 2842 5078; x_wconf 81' lang='grc' dir='ltr'>διήνυστο,</span> <span class='ocrx_word' id='word_1_779' title='bbox 2895 5007 2940 5061; x_wconf 87' lang='grc' dir='ltr'><strong>εἰ</strong></span> <span class='ocrx_word' id='word_1_780' title='bbox 3007 5005 3176 5080; x_wconf 84' lang='grc' dir='ltr'>ὁμόσε</span> <span class='ocrx_word' id='word_1_781' title='bbox 3205 5011 3518 5084; x_wconf 79' lang='grc' dir='ltr'>κεχωρήκει</span> <span class='ocrx_word' id='word_1_782' title='bbox 3547 5015 3660 5072; x_wconf 86' lang='grc' dir='ltr'>τοῖς</span> 
     </span>
    </p>
   </div>
   <div class='ocr_carea' id='block_1_114' title="bbox 2014 5090 3656 5172">
    <p class='ocr_par' dir='ltr' id='par_1_114' title="bbox 2014 5090 3656 5172">
     <span class='ocr_line' id='line_1_116' title="bbox 2014 5090 3656 5172; baseline -0.002 -20"><span class='ocrx_word' id='word_1_783' title='bbox 2014 5094 2335 5158; x_wconf 81' lang='grc' dir='ltr'>ἀντιπάλοις</span> <span class='ocrx_word' id='word_1_784' title='bbox 2384 5094 2419 5165; x_wconf 72' lang='grc' dir='ltr'><strong>ἢ</strong></span> <span class='ocrx_word' id='word_1_785' title='bbox 2451 5099 2530 5167; x_wconf 83' lang='grc' dir='ltr'><strong>τῷ</strong></span> <span class='ocrx_word' id='word_1_786' title='bbox 2581 5090 2822 5168; x_wconf 80' lang='grc' dir='ltr'>κηδεστῇ</span> <span class='ocrx_word' id='word_1_787' title='bbox 2877 5096 3116 5172; x_wconf 81' lang='grc' dir='ltr'>Αάσκαρι</span> <span class='ocrx_word' id='word_1_788' title='bbox 3164 5098 3264 5166; x_wconf 80' lang='grc' dir='ltr'><strong>τήν</strong></span> <span class='ocrx_word' id='word_1_789' title='bbox 3335 5096 3656 5170; x_wconf 77' lang='grc' dir='ltr'>συμπλοκήν</span> 
     </span>
    </p>
   </div>
   <div class='ocr_carea' id='block_1_115' title="bbox 2013 5185 3655 5263">
    <p class='ocr_par' dir='ltr' id='par_1_115' title="bbox 2013 5185 3655 5263">
     <span class='ocr_line' id='line_1_117' title="bbox 2013 5185 3655 5263; baseline 0.001 -21"><span class='ocrx_word' id='word_1_790' title='bbox 2013 5188 2458 5263; x_wconf 84' lang='grc' dir='ltr'>συγκεχώρηκεν,</span> <span class='ocrx_word' id='word_1_791' title='bbox 2516 5186 2784 5261; x_wconf 79' lang='grc' dir='ltr'>συμμῖξαι</span> <span class='ocrx_word' id='word_1_792' title='bbox 2824 5191 2942 5250; x_wconf 85' lang='grc' dir='ltr'>τοῖς</span> <span class='ocrx_word' id='word_1_793' title='bbox 3007 5186 3259 5252; x_wconf 86' lang='grc' dir='ltr'>Λατίνοις</span> <span class='ocrx_word' id='word_1_794' title='bbox 3315 5185 3655 5260; x_wconf 79' lang='grc' dir='ltr'>σφαδάζοντι.</span> 
     </span>
    </p>
   </div>
   <div class='ocr_carea' id='block_1_116' title="bbox 2015 5271 3662 5354">
    <p class='ocr_par' dir='ltr' id='par_1_116' title="bbox 2015 5271 3662 5354">
     <span class='ocr_line' id='line_1_118' title="bbox 2015 5271 3662 5354; baseline -0.001 -20"><span class='ocrx_word' id='word_1_795' title='bbox 2015 5281 2122 5334; x_wconf 82' lang='grc' dir='ltr'>Νῦν</span> <span class='ocrx_word' id='word_1_796' title='bbox 2190 5273 2248 5332; x_wconf 69' lang='grc' dir='ltr'>δὲ</span> <span class='ocrx_word' id='word_1_797' title='bbox 2303 5277 2339 5346; x_wconf 78' lang='grc' dir='ltr'>ἡ</span> <span class='ocrx_word' id='word_1_798' title='bbox 2397 5273 2695 5351; x_wconf 80' lang='grc' dir='ltr'>ἐνδελεχὴς</span> <span class='ocrx_word' id='word_1_799' title='bbox 2762 5283 2865 5346; x_wconf 77' lang='grc' dir='ltr'>τῆς</span> <span class='ocrx_word' id='word_1_800' title='bbox 2911 5278 3086 5354; x_wconf 76' lang='grc' dir='ltr'>φυγῆς</span> <span class='ocrx_word' id='word_1_801' title='bbox 3131 5271 3309 5336; x_wconf 72' lang='grc' dir='ltr'>ἔννοια</span> <span class='ocrx_word' id='word_1_802' title='bbox 3337 5276 3426 5335; x_wconf 86' lang='grc' dir='ltr'><strong>καὶ</strong></span> <span class='ocrx_word' id='word_1_803' title='bbox 3455 5276 3518 5333; x_wconf 87' lang='grc' dir='ltr'>τὸ</span> <span class='ocrx_word' id='word_1_804' title='bbox 3548 5280 3662 5332; x_wconf 78' lang='grc' dir='ltr'>τῶν</span> 
     </span>
    </p>
   </div>
   <div class='ocr_carea' id='block_1_117' title="bbox 2013 5364 3668 5443">
    <p class='ocr_par' dir='ltr' id='par_1_117' title="bbox 2013 5364 3668 5443">
     <span class='ocr_line' id='line_1_119' title="bbox 2013 5364 3668 5443; baseline 0 -19"><span class='ocrx_word' id='word_1_805' title='bbox 2013 5367 2138 5443; x_wconf 82' lang='grc' dir='ltr'>περὶ</span> <span class='ocrx_word' id='word_1_806' title='bbox 2205 5366 2366 5422; x_wconf 85' lang='grc' dir='ltr'>αὐτὸν</span> <span class='ocrx_word' id='word_1_807' title='bbox 2425 5365 2729 5434; x_wconf 88' lang='grc' dir='ltr'>εὐπτόητον</span> <span class='ocrx_word' id='word_1_808' title='bbox 2777 5370 2876 5421; x_wconf 91' lang='grc' dir='ltr'><strong>τοῦ</strong></span> <span class='ocrx_word' id='word_1_809' title='bbox 2942 5367 2994 5422; x_wconf 89' lang='grc' dir='ltr'><strong>τί</strong></span> <span class='ocrx_word' id='word_1_810' title='bbox 3045 5364 3128 5422; x_wconf 85' lang='grc' dir='ltr'><strong>δεῖ</strong></span> <span class='ocrx_word' id='word_1_811' title='bbox 3155 5373 3332 5423; x_wconf 87' lang='grc' dir='ltr'>ποιεῖν</span> <span class='ocrx_word' id='word_1_812' title='bbox 3385 5366 3668 5441; x_wconf 76' lang='grc' dir='ltr'>ἐξέκρουσε</span> 
     </span>
    </p>
   </div>
   <div class='ocr_carea' id='block_1_118' title="bbox 2012 5453 3672 5532">
    <p class='ocr_par' dir='ltr' id='par_1_118' title="bbox 2012 5453 3672 5532">
     <span class='ocr_line' id='line_1_120' title="bbox 2012 5453 3672 5532; baseline 0.002 -21"><span class='ocrx_word' id='word_1_813' title='bbox 2012 5456 2105 5512; x_wconf 87' lang='grc' dir='ltr'>τὸν</span> <span class='ocrx_word' id='word_1_814' title='bbox 2150 5453 2396 5526; x_wconf 79' lang='grc' dir='ltr'>Λλέξιον.</span> <span class='ocrx_word' id='word_1_815' title='bbox 2430 5453 2530 5510; x_wconf 89' lang='grc' dir='ltr'><strong>Καὶ</strong></span> <span class='ocrx_word' id='word_1_816' title='bbox 2573 5456 3020 5532; x_wconf 78' lang='grc' dir='ltr'>παραταξάμενος</span> <span class='ocrx_word' id='word_1_817' title='bbox 3065 5456 3251 5530; x_wconf 83' lang='grc' dir='ltr'>μόνον,</span> <span class='ocrx_word' id='word_1_818' title='bbox 3307 5457 3429 5523; x_wconf 79' lang='grc' dir='ltr'>ὅθεν</span> <span class='ocrx_word' id='word_1_819' title='bbox 3475 5455 3672 5531; x_wconf 74' lang='grc' dir='ltr'>ἐξῆλθε</span> 
     </span>
    </p>
   </div>
   <div class='ocr_carea' id='block_1_119' title="bbox 2016 5542 3672 5620">
    <p class='ocr_par' dir='ltr' id='par_1_119' title="bbox 2016 5542 3672 5620">
     <span class='ocr_line' id='line_1_121' title="bbox 2016 5542 3672 5620; baseline 0.002 -21"><span class='ocrx_word' id='word_1_820' title='bbox 2016 5545 2313 5618; x_wconf 87' lang='grc' dir='ltr'>Ῥωμαίοις</span> <span class='ocrx_word' id='word_1_821' title='bbox 2343 5544 2606 5608; x_wconf 87' lang='grc' dir='ltr'>ἀσπάσιος</span> <span class='ocrx_word' id='word_1_822' title='bbox 2630 5545 2712 5610; x_wconf 84' lang='grc' dir='ltr'><strong>ὡς</strong></span> <span class='ocrx_word' id='word_1_823' title='bbox 2770 5542 2930 5614; x_wconf 83' lang='grc' dir='ltr'>δῆθεν</span> <span class='ocrx_word' id='word_1_824' title='bbox 2962 5548 3050 5618; x_wconf 91' lang='grc' dir='ltr'><strong>[Ρ,</strong></span> <span class='ocrx_word' id='word_1_825' title='bbox 3110 5547 3238 5620; x_wconf 79' lang='lat'><strong>352]</strong></span> <span class='ocrx_word' id='word_1_826' title='bbox 3305 5545 3672 5619; x_wconf 75' lang='grc' dir='ltr'>ἀντιταξόμε-</span> 
     </span>
    </p>
   </div>
   <div class='ocr_carea' id='block_1_120' title="bbox 2015 5630 3671 5712">
    <p class='ocr_par' dir='ltr' id='par_1_120' title="bbox 2015 5630 3671 5712">
     <span class='ocr_line' id='line_1_122' title="bbox 2015 5630 3671 5712; baseline 0.001 -23"><span class='ocrx_word' id='word_1_827' title='bbox 2015 5654 2107 5695; x_wconf 90' lang='grc' dir='ltr'><strong>νος</strong></span> <span class='ocrx_word' id='word_1_828' title='bbox 2153 5638 2269 5696; x_wconf 86' lang='grc' dir='ltr'>τοῖς</span> <span class='ocrx_word' id='word_1_829' title='bbox 2321 5632 2594 5705; x_wconf 68' lang='grc' dir='ltr'>Λατίνοις,</span> <span class='ocrx_word' id='word_1_830' title='bbox 2645 5632 2897 5700; x_wconf 76' lang='grc' dir='ltr'>εἰσῆλθεν</span> <span class='ocrx_word' id='word_1_831' title='bbox 2946 5630 3234 5710; x_wconf 65' lang='grc' dir='ltr'>αἴσχιστος</span> <span class='ocrx_word' id='word_1_832' title='bbox 3295 5635 3384 5690; x_wconf 76' lang='grc' dir='ltr'><strong>καὶ</strong></span> <span class='ocrx_word' id='word_1_833' title='bbox 3440 5631 3671 5712; x_wconf 77' lang='grc' dir='ltr'>ἐφύϐρι-</span> 
     </span>
    </p>
   </div>
   <div class='ocr_carea' id='block_1_121' title="bbox 2019 5716 3673 5802">
    <p class='ocr_par' dir='ltr' id='par_1_121' title="bbox 2019 5716 3673 5802">
     <span class='ocr_line' id='line_1_123' title="bbox 2019 5716 3673 5802; baseline 0.001 -22"><span class='ocrx_word' id='word_1_834' title='bbox 2019 5743 2169 5795; x_wconf 80' lang='grc' dir='ltr'>στος,</span> <span class='ocrx_word' id='word_1_835' title='bbox 2210 5716 2586 5802; x_wconf 75' lang='grc' dir='ltr'>σοϐαρώτερον</span> <span class='ocrx_word' id='word_1_836' title='bbox 2634 5719 2852 5800; x_wconf 79' lang='grc' dir='ltr'>μᾶλλον</span> <span class='ocrx_word' id='word_1_837' title='bbox 2902 5722 2990 5779; x_wconf 79' lang='grc' dir='ltr'><strong>καὶ</strong></span> <span class='ocrx_word' id='word_1_838' title='bbox 3037 5722 3369 5802; x_wconf 81' lang='grc' dir='ltr'>Θρασύτερον</span> <span class='ocrx_word' id='word_1_839' title='bbox 3429 5745 3673 5800; x_wconf 70' lang='grc' dir='ltr'>πεποιηο</span> 
     </span>
    </p>
   </div>
  </div>
