4074 6390
342 387 462 462 929

354 625 530 699 μαίων
566 624 745 679 ὀπίσω
792 624 1002 679 τούτων
1034 621 1220 677 ε’ἰπετο
1250 623 1609 696 τραπομένων
1668 624 1805 699 πρὸς
1865 623 2007 678 ὑπο-

349 716 629 783 νόστησιν,
680 713 772 768 καὶ
828 714 896 768 τὰ
952 709 1157 782 δόρατα
1208 709 1611 787 ἐπεκράδαινον.
1658 712 1859 771 Εἰσιὼν
1915 712 2006 767 οῦν

352 803 600 873 ’Λλέξιος
627 804 695 858 τὰ
748 800 1000 876 βασίλεια
1059 802 1198 875 πρὸς
1255 798 1554 876 ἀπόδρασιν
1615 801 2010 872 ἐνσκευάζεται,

354 894 429 955 ὡς
484 890 637 968 εἴπερ
695 891 1002 972 φερομένην
1050 892 1150 961 τήν
1205 890 1368 945 πόλιν
1429 891 1505 953 εἰς
1560 891 1760 969 ἀτυχὲς
1812 897 2014 966 πτῶμα

356 983 445 1038 καὶ
479 983 612 1057 ὑπὲρ
645 982 802 1037 αἶσαν
854 981 1167 1060 ἀφαντῶσαι
1225 978 1546 1054 διεπονεῖτο,
1603 982 1695 1036 καὶ
1761 981 1853 1036 τὸν
1884 1003 2015 1036 ταυ-

355 1096 457 1145 της
481 1071 878 1146 ἀποτεταμένον
925 1070 1207 1145 συνέτεμεν
1263 1071 1512 1146 ὄλεθρον.
1546 1074 1628 1130 Τὰ
1683 1077 1779 1129 τοῦ
1810 1076 2014 1128 σκοποῦ

354 1184 535 1217 τοινυν
592 1163 997 1235 κοινωσάμενος
1086 1161 1328 1236 μετρίοις
1383 1166 1491 1216 τῶν
1581 1167 2012 1234 κατευναστριῶν

356 1252 546 1326 ἐκείνῳ
584 1254 674 1308 καὶ
711 1256 1005 1328 συγγενῶν,
1036 1252 1139 1305 κάκ
1188 1256 1298 1305 τῶν
1351 1252 1657 1329 θυγατέρων
1711 1254 1810 1321 τὴν
1846 1253 2016 1328 Εἰρή-

352 1363 451 1412 νην
480 1342 571 1396 καὶ
604 1341 730 1396 δέκα
762 1341 994 1416 χρυσίου
1053 1340 1336 1413 ἐνθέμενος
1396 1343 1717 1418 κεντηνοὶρια
1771 1343 1861 1397 καὶ
1918 1343 2016 1397 κό-

1344 399 1709 464 ISAACIUS
1751 398 2151 463 ANGELIUS
2198 400 2302 461 ET
2344 398 2688 462 ALEXIUS
2730 402 2801 461 F.

345 538 458 598 κὼς
481 536 542 590 τὸ
598 533 929 611 ἀντίμαχον,
979 530 1096 588 ἐπεὶ
1154 530 1245 587 καὶ
1324 535 1654 608 κατεπαρθέν
1711 539 1818 589 τῶν
1872 534 2003 591 Ῥω·
2031 539 2085 603 Α
2118 549 2317 590 manas

3649 382 3771 466 mo

2420 533 2872 604 perlustrantem
2968 538 3246 608 perpetuo
3335 537 3767 597 reformidabat.

2122 627 2322 696 Itaque
2350 625 2546 679 animo
2579 625 2923 696 angebatur,
2982 628 3158 694 metu,
3191 626 3606 699 sollicitudine,
3649 647 3768 701 poe-

2122 713 2367 770 nitentia
2421 718 2692 769 aastuans.
2759 714 2971 778 Quodsi
3029 716 3266 787 regibus
3344 734 3621 790 magnum
3683 724 3773 775 est

2120 820 2186 859 ac
2234 801 2472 857 dilncile
2538 802 2727 874 spicas
2785 804 3096 859 eminentes
3158 821 3272 860 non
3331 807 3619 873 decutere,
3665 825 3768 863 nec

2122 892 2460 949 immaniter
2514 909 2613 949 eos
2680 896 3044 964 prosternere
3090 911 3122 950 a
3154 896 3371 966 quibus
3423 898 3630 953 oﬂ‘ensi
3690 898 3771 953 fu-

2122 984 2295 1052 erint,
2337 983 2513 1039 etiam
2559 999 2624 1039 ea
2681 983 2851 1039 laude
2900 983 3216 1039 abundavit
3263 984 3512 1041 Alexius.
3574 987 3771 1059 Neque

2123 1073 2279 1129 enim
2311 1074 2398 1128 vel
2431 1071 2629 1128 oculos
2676 1071 2985 1127 eﬂ‘odicbat
3014 1073 3098 1129 vel
3150 1076 3410 1129 membra
3442 1075 3768 1144 mutilabal,

2129 1164 2274 1221 725
2330 1179 2514 1235 neque
2562 1161 2902 1218 carnificina
2961 1162 3266 1218 hominum
3325 1164 3768 1233 delectabatur;

2126 1269 2312 1325 neque
2370 1253 2487 1307 ulla
2553 1258 2840 1322 matrona,
2896 1253 3151 1324 quamdiu
3212 1254 3261 1308 is
3325 1255 3647 1326 imperavit,
3697 1256 3771 1314 ob

2128 1344 2398 1399 maritum
2476 1342 2843 1398 interfectum
2921 1341 3136 1413 pullam
3207 1347 3425 1399 vestem
3504 1345 3694 1400 induit
3756 1361 3770 1412 ;

356 1452 527 1505 σμους
559 1430 765 1491 ἃλλους
821 1430 1144 1505 βασιλικοὺς
1195 1429 1255 1484 ἐκ
1314 1430 1479 1485 λίθων
1536 1430 1826 1509 τιμαλφῶν
1880 1453 2015 1507 συγ-

355 1519 638 1593 κειμένους
670 1518 761 1575 καὲ
797 1518 1090 1593 μαργάρων
1151 1516 1443 1593 διαφανῶν,
1501 1521 1623 1594 περὶ
1657 1522 1757 1589 τὴν
1789 1522 2016 1594 πρώτην

2127 1447 2313 1503 neque
2358 1431 2664 1504 quisquam
2710 1431 3079 1488 contumeliis
3132 1433 3204 1487 ab
3259 1450 3324 1489 eo
3385 1434 3629 1490 affectus
3664 1434 3778 1489 for-

2127 1526 2300 1576 tunas
2331 1535 2471 1576 suas
2510 1520 2845 1591 deploravit.

356 1618 485 1680 ἄρας
531 1619 778 1695 φυλακην
838 1624 937 1687 τῆς
993 1615 1189 1679 νυκτὸς
1239 1615 1475 1686 ἤλαυνεν
1538 1618 1614 1680 εἰς
1671 1620 1733 1673 τὸ
1794 1613 2077 1688 Δεϐελτὸν,
2145 1612 2270 1674 ἔνθα
2298 1618 2399 1686 τήν
2459 1618 2659 1672 οἰκείαν
2719 1618 3127 1692 προητοίμασεν
3158 1616 3357 1697 ἄφιξιν,
3417 1617 3659 1682 δείλαιος
3720 1621 3774 1677 ἐν

355 1709 794 1786 ἀνθρώποις,μή
858 1707 1075 1787 φίλτρῳ
1126 1707 1335 1764 παίδων
1392 1707 1725 1785 μαλαχθεὶς,
1787 1711 1864 1786 μὴ
1917 1714 2173 1787 γυναικὸς
2231 1706 2394 1785 ἔρωτι
2461 1705 2779 1783 δαμασθεὶς,
2844 1710 2918 1782 μὴ
2987 1711 3297 1784 τηλικαύτῃ
3350 1710 3512 1767 πόλει
3598 1712 3777 1785 μαλα-

354 1800 579 1868 κισθεῖς,
615 1797 757 1873 μηδέ
816 1820 868 1854 τι
927 1804 1037 1855 τῶν
1089 1797 1276 1854 ἂλλων
1328 1799 1404 1862 εἲς
1460 1805 1584 1855 νοῦν
1645 1799 1977 1878 βαλόμενος,
2036 1799 2351 1876 φιλοψυχία
2409 1797 2465 1855 δὲ
2519 1798 2611 1855 καὶ
2670 1796 2987 1873 δειλανδρίᾳ
3075 1801 3350 1876 σωτηρίαν
3437 1801 3635 1873 ἑαυτῷ,
3684 1799 3778 1857 καὶ

356 1890 555 1958 ταύτην
612 1883 953 1966 ἀμφίϐολον,
1018 1894 1226 1964 χωρῶν
1285 1889 1375 1943 καὶ
1434 1887 1655 1944 πόλεων
1704 1891 1978 1945 τοσούτων
2038 1890 2129 1946 καὶ
2182 1888 2373 1967 γένους
2431 1889 2632 1950 παντὸς
2694 1888 3092 1962 ἀλλαξάμενος.
3157 1884 3472 1945 Ἐϐασίλευε
3552 1891 3646 1963 μὲν
3689 1890 3779 1944 οῦν

357 1975 637 2040 ἐνιαυτοὺς
696 1978 840 2034 ὀκτὼ
899 1978 992 2033 καὶ
1056 1984 1228 2051 μῆνας
1287 1983 1435 2054 τρεῖς
1502 1978 1594 2033 καὶ
1652 1977 1863 2054 ἡμέρας
1931 1978 2080 2050 δέκα,
2139 1983 2204 2049 ἦν
2265 1977 2322 2034 δὲ
2368 1980 2435 2034 τὰ
2496 1980 2591 2051 μὲν
2646 1977 2700 2041 ἐς
2733 1979 2979 2053 πόλεμον
3017 1980 3208 2041 ὁποῖος
3266 1978 3504 2053 εἷ’ρηται,
3562 1976 3687 2034 οὐδὲ
3713 1979 3781 2034 τὰ

356 2067 494 2143 πρὸς
554 2070 745 2137 κοινὴν
778 2064 1054 2138 διοίκησιν
1103 2066 1467 2142 ἀπεξεσμένος
1500 2069 1857 2139 παντάπασιν,
1913 2066 2005 2124 *ίνα
2066 2071 2141 2143 μή
2199 2067 2422 2144 λέγοιμι
2473 2067 2547 2130 ὠς
2604 2068 2867 2139 ἐξέκλινεν
2930 2069 3005 2130 εἷς
3034 2069 3095 2122 τὸ
3152 2066 3325 2139 πάντη
3361 2067 3660 2146 ὀλίγωρον.
3698 2068 3782 2125 Τὰ

357 2153 404 2210 δ’
463 2154 609 2212 ἄλλα
667 2157 767 2211 οῦκ
817 2158 886 2227 ἦν
947 2178 1032 2219 τις
1088 2153 1431 2227 ἀπόϐλητος,
1463 2157 1678 2234 χαρίεις
1712 2156 1769 2213 δὲ
1824 2158 1886 2214 τὸ
1917 2158 2075 2230 ἦθος,
2110 2157 2299 2229 εὐῆλιξ
2339 2158 2428 2213 καὶ
2474 2152 2681 2233 ὄρθιος.
2718 2157 2890 2213 Πλέον
2943 2156 2999 2212 δὲ
3025 2159 3238 2212 πάντων
3272 2162 3351 2230 τῷ
3384 2156 3652 2232 μειλιχίῳ
3680 2162 3777 2212 τοῦ

353 2247 519 2317 ἤθους
564 2246 844 2317 ἐκέκαστο,
904 2248 978 2318 μή
1041 2243 1418 2321 δυσπρόσοδος
1477 2245 1576 2315 ὥν,
1636 2246 1760 2303 οὔτε
1825 2250 1932 2321 μὴν
1995 2247 2427 2322 ὑποσκυζομένῳ
2456 2248 2739 2322 προσώπῳ
2793 2248 2886 2302 καὶ
2964 2248 3427 2324 ὑπεροφρυάζοντι
3491 2246 3776 2323 βλέμματι

358 2335 631 2413 ἐκκρούων
684 2337 775 2391 καὶ
821 2337 884 2391 τὸ
943 2336 1031 2390 ὑπ’
1087 2333 1281 2391 ὀδόντα
1337 2336 1525 2413 γρῦξαί
1587 2358 1730 2405 τινα,
1775 2335 1902 2392 ἀλλ’
1957 2337 2024 2409 ἦν
2079 2342 2175 2393 τοῦ
2229 2335 2572 2413 βουλομένου
2633 2337 2833 2400 παντὸς
2881 2334 3204 2410 προσελθεῖν
3253 2334 3441 2410 ἐκείνῳ
3497 2338 3590 2391 καὶ
3651 2335 3782 2408 δεη-

361 2427 544 2495 θῆναι,
600 2428 824 2501 ἒνιαχοῦ
886 2423 943 2481 δὲ
972 2426 1063 2481 καὶ
1093 2426 1229 2499 πρὸς
1261 2426 1579 2504 ἀντιφάσεις
1610 2432 1812 2502 χωρεῖν
1875 2428 1986 2506 οὐχ
2018 2425 2470 2503 ὑποστελλομένῃ
2531 2432 2709 2507 φωνῇ.
2770 2428 2870 2484 Καὶ
2928 2428 3055 2489 τοὺς
3095 2424 3453 2497 ἐπαλλήλους
3481 2424 3779 2491 διαϐόλους

362 2515 611 2579 καὶτοὺς
675 2514 916 2589 κόλακας
972 2514 1244 2591 λαμπρῶς
1303 2515 1639 2592 περιίστατο.
1700 2523 1887 2594 Ἕχων
1947 2515 2005 2573 δὲ
2060 2520 2160 2588 τήν
2190 2516 2493 2589 συνείδησιν
2554 2515 2868 2592 βαλλουσάν
2958 2515 3040 2595 ἐφ’
3097 2517 3182 2580 οἶς
3238 2517 3514 2590 ἡνόμησεν
3575 2516 3652 2580 εἷς
3690 2518 3782 2573 τὸν

363 2601 622 2681 ἀδελφὸν,
670 2605 732 2661 τὸ
790 2606 970 2685 χρεὼν
1028 2603 1221 2661 ἐδεδίει
1278 2604 1371 2661 καί
1420 2607 1520 2675 τὴν
1585 2608 1755 2662 πάντα
1812 2612 2244 2683 περισκοποῦσαν
2306 2607 2372 2663 τὰ
2433 2609 2643 2678 Θνητῶν
2710 2606 3002 2683 πράγματα
3096 2602 3251 2676 δίκην
3314 2603 3579 2677 διηνεκῶς
3660 2608 3787 2662 ὑπε-

366 2689 621 2764 ϐλέπετο,
680 2694 799 2759 ὅθεν
852 2694 1132 2766 κατανόξει
1190 2692 1420 2771 καρδίας
1480 2696 1782 2771 συνείχετο,
1841 2696 1933 2752 καὶ
1993 2693 2204 2758 δεικνὺς
2291 2694 2533 2767 ἀκηδιῶν
2604 2700 2815 2767 πνεῦμα
2870 2694 3009 2766 ἢλυέ
3094 2716 3153 2750 τε
3207 2696 3297 2750 καὶ
3351 2692 3634 2775 ἐδυσφόρει
3691 2696 3787 2752 καὶ

364 2785 595 2857 ἤχθετο.
644 2784 706 2840 Εἴ
770 2781 825 2839 δὲ
887 2785 1025 2859 μέγα
1082 2785 1170 2840 καὶ
1237 2783 1841 2861 βασιλεῦσινιέργῶδες
1895 2787 1958 2840 τὸ
2020 2787 2097 2860 μὴ
2157 2790 2264 2841 τῶν
2324 2783 2612 2861 ἀσταχύων
2672 2783 2943 2858 ἐκτέμνειν
3000 2785 3130 2846 τοὺς
3214 2780 3583 2859 ὑπερέχοντας
3648 2782 3789 2858 μηδὲ

367 2870 661 2948 θηριωδῶς
722 2872 972 2947 ἐμπηδᾷν
1001 2880 1122 2936 τοῖς
1181 2873 1631 2949 παραλυπῆσασι,
1665 2874 1753 2929 καὶ
1812 2879 1977 2931 τοῦτο
2064 2873 2552 2952 προσπλουτοῦντα
2601 2872 2698 2949 ’ἰδῃ
2750 2895 2834 2938 τις
2895 2871 2955 2929 ἄν
3012 2874 3104 2929 τὸν
3168 2872 3441 2947 Ἀλέξιον·
3506 2871 3632 2928 οὐδὲ
3684 2875 3787 2950 γὰρ

363 2964 502 3036 πρὸς
530 2963 744 3041 φυτείαν
805 2965 1033 3026 σκότους
1064 2963 1387 3042 ὀφθαλμοὺς
1418 2962 1831 3036 ἐπαττοὶλευσεν,
1865 2962 1989 3020 οὐδὲ
2016 2962 2239 3021 κλαδῶν
2277 2964 2344 3034 ἦν
2378 2965 2453 3025 ὡς
2520 2962 2807 3037 ἀμπέλους
2865 2964 2932 3018 τὰ
2984 2967 3083 3018 τοῦ
3141 2964 3398 3036 σώματος
3451 2965 3791 3039 ἀκρωτήρια,

371 3050 629 3127 μάγειρος
660 3054 963 3129 ἀνθρώπων
1007 3054 1322 3129 γενόμενος.
1384 3051 1516 3111 Οὐδ’
1582 3055 1707 3110 ’ὀσον
1758 3054 1961 3131 ’χρόνον
2018 3056 2121 3125 τήν
2181 3055 2554 3133 στυγνόχροον
2613 3053 2899 3129 πορφύραν
2958 3050 3262 3125 ἐνεδέδυτο,
3312 3054 3448 3130 γυνὴ
3518 3075 3599 3116 τις
3678 3056 3792 3129 ἡμ-

367 3142 600 3219 φιάσατο
647 3141 858 3216 μέλανα
886 3146 1047 3219 χήτει
1082 3142 1294 3219 ἀνδρὸς,
1323 3143 1381 3198 ὅν
1410 3142 1580 3219 μέλας
1614 3143 1853 3219 ἐκάλυψε
1883 3146 2129 3209 θάνατος.
2190 3142 2333 3202 Οὐδὲ
2384 3148 2492 3219 πῦρ
2550 3138 2749 3217 ἔϐλεψε
2798 3146 2909 3198 τῶν
2961 3144 3226 3216 ὀμμάτων
3288 3143 3363 3208 ὡς
3444 3147 3550 3198 τῶν
3620 3142 3790 3208 λίθων

370 3233 422 3287 οἱ
476 3230 817 3302 ἀκτινώδεις,
886 3231 1006 3289 οὐδ’
1056 3232 1212 3311 ἐνέφυ
1274 3233 1415 3289 τισὶν
1476 3232 1554 3297 εἷς
1611 3233 1869 3310 ἐπήρειαν
1930 3234 2006 3298 ὡς
2066 3230 2273 3291 λείϐειν
2333 3228 2615 3309 Θρόμϐους
2676 3230 2922 3310 δακρύων
2984 3233 3152 3288 ὁποῖα
3210 3233 3277 3288 τὰ
3335 3237 3441 3289 τῶν
3502 3235 3790 3309 μαργοὶρων

372 3323 757 3401 σφαιρώματα.

379 3454 3789 3479 W

1447 3583 2041 3680 ΒΑΣΙΛΕΙΑ
2137 3585 2717 3682 ΔΕΥΤΕΡΑ

1101 3802 1436 3861 ΙΣΑΑΚΙΟΥ
1474 3803 1609 3860 ΤΟΥ
1648 3805 1959 3860 ΔΓΓΕΛΟΥ
1998 3804 2120 3861 ΚΔΙ
2158 3801 2296 3860 ΤΟΥ
2333 3803 2486 3861 ΥΙΟΥ
2525 3805 2745 3860 ΑΥΤΟΥ
2773 3805 3088 3863 ΑΛΕΞΙΟΥ

762 4141 1235 4235 ISAACII
1299 4141 1784 4236 ANGELI
1851 4140 2123 4236 UNA
2193 4142 2463 4238 CUM
2527 4144 3021 4241 ALEXIO
3093 4145 3429 4240 FILIO

1708 4348 2067 4406 ITERATUM
2106 4351 2480 4410 IMPERIUM.

462 4684 550 4755 [P.
587 4681 710 4752 353]
752 4679 817 4735 α’.
874 4672 1001 4730 Ὧδε
1068 4673 1162 4747 μὲν
1225 4668 1318 4726 οῦν
1370 4666 1606 4741 ἤλαυνεν
1659 4667 1711 4731 ἐς
1779 4664 2027 4726 Δεϐελτὸη

2233 4674 2384 4731 726
2437 4675 2480 4731 Ι.
2513 4676 2596 4731 Ac
2625 4675 2706 4733 sic
2737 4675 3043 4734 Debeltum
3099 4678 3245 4751 fugit
3301 4677 3555 4747 Alexius,
3608 4694 3742 4733 cum
3776 4694 3811 4733 a

389 4770 658 4841 Ἀλέξιος,
713 4768 803 4823 ὕπ’
854 4763 1073 4826 οὐδενὸς
1133 4759 1512 4834 ἐλαυνόμενος.
1555 4759 1657 4815 Ἦν
1719 4757 1764 4813 δ’
1821 4758 1925 4837 ἄρα
1983 4762 2027 4815 οι

2162 4763 2395 4819 nomine
2427 4764 2747 4837 fugaretur.
2779 4765 2975 4838 Neque
3000 4784 3132 4823 vero
3166 4767 3375 4823 mulier
3406 4768 3688 4822 duntaxat
3719 4784 3811 4823 res

398 4862 565 4937 μόνον
590 4856 835 4938 χαλεπὸν
871 4856 1035 4933 γηνή,
1080 4852 1171 4907 καὶ
1227 4853 1290 4906 τὸ
1346 4857 1446 4919 τῆς
1507 4848 1867 4911 συνευνάσεως
1916 4848 2027 4929 φίλι

2161 4854 2353 4926 gravis
2383 4858 2552 4922 est,et
2570 4853 2896 4926 conjugalis
2911 4872 3075 4910 amor
3093 4854 3220 4927 plus
3244 4860 3409 4911 nocet
3427 4873 3599 4927 quam
3619 4856 3807 4926 juvat,

388 4971 515 5026 τρον
554 4937 781 5026 βλάψειε
816 4940 1029 5019 μᾶλλον
1071 4941 1105 5010 ἤ
1166 4937 1495 5013 ὠφελήσειε,
1553 4937 1692 5026 καθοὶ
1748 4958 1831 5000 τις
1884 4937 2027 5016 ἔγνω

2166 4947 2231 4997 ut
2260 4943 2497 5011 quidam
2529 4959 2595 4999 ex
2644 4942 2935 4999 veteribus
2963 4961 2992 4999 a
3028 4944 3267 5001 muliere
3318 4945 3534 5001 afﬂicto
3566 4946 3811 5015 imperio

1391 5026 1447 5091 ἐς
1536 5025 1812 5094 βασιλείαν
1865 5027 2024 5084 παθὼ

2165 5030 2446 5102 queritur,
2480 5031 2580 5087 sed
2640 5031 2725 5087 vir
2754 5031 2925 5087 etiam
2978 5033 3171 5089 mollis
3219 5040 3274 5090 et
3321 5033 3689 5090 eﬂeminatus
3722 5051 3815 5090 res

1519 5115 1666 5173 ἀλλά
1734 5117 1823 5172 καὶ
1879 5119 2021 5193 γῦννι

2165 5120 2424 5192 pessima
2453 5125 2510 5176 et
2554 5119 2972 5178 molestissima
3001 5126 3113 5187 est,
3146 5123 3234 5179 cui
3268 5124 3363 5195 qui
3416 5129 3639 5194 parcnt,
3673 5124 3814 5195 quid

2166 5209 2493 5280 infortunii,
2526 5210 2662 5280 quid
2696 5210 2934 5266 extremi
2966 5210 3205 5281 periculi
3252 5230 3366 5268 non
3400 5211 3730 5268 subibunt?
3752 5212 3813 5268 Id

2166 5298 2320 5368 quod
2356 5297 2501 5370 ipsis
2534 5298 2809 5355 Romanis
2840 5300 3069 5367 accidit,
3104 5317 3234 5356 cum
3284 5302 3528 5358 adverso
3560 5301 3816 5373 quodam

2164 5388 2283 5443 fato
2313 5387 2374 5443 in
2408 5388 2553 5445 727
2592 5388 2817 5462 molles,
2851 5391 3089 5459 ignavos
3120 5402 3170 5447 et
3192 5391 3550 5464 voluptarios
3578 5393 3820 5464 impera-

2166 5483 2320 5533 tores
2349 5477 2712 5546 incidissent,
2745 5480 2844 5551 qui
2892 5480 3120 5537 labores
3149 5497 3264 5536 non
3301 5483 3568 5537 ferendos
3591 5487 3648 5537 et
3686 5482 3815 5537 vitas

2167 5567 2421 5637 pericula
2500 5567 2892 5625 intolerabilia
2965 5571 3333 5642 judicabant.
3394 5572 3667 5628 Caeterum
3748 5589 3815 5628 eo

2165 5662 2417 5731 cceptum
2450 5655 2560 5712 iter
2614 5663 3020 5731 prosequente,
3069 5659 3315 5732 populus
3346 5660 3444 5733 qui
3491 5661 3551 5717 in
3603 5658 3817 5716 Palatio

2166 5751 2515 5807 convenerat
2584 5748 2772 5806 Alexii
2832 5750 3161 5808 discessum
3244 5751 3584 5822 gravissime
3658 5749 3815 5823 tulit,

395 5040 625 5113 μάτευσε
672 5042 780 5092 τῶν
852 5031 1048 5101 πάλαι,
1126 5033 1305 5089 κακῶς

392 5129 693 5205 προκοίτου
751 5124 1002 5200 γυναικὸς
1064 5120 1432 5197 εἰσηγήσεσινο

395 5216 530 5291 ἀνὴρ
558 5216 827 5294 ἀργαλέον
856 5217 1080 5290 πρᾶγμα
1123 5208 1213 5264 καὶ
1269 5206 1569 5287 χείριστον,
1600 5205 1691 5260 καὶ
1747 5207 1799 5262 τί
1840 5206 1939 5263 οὐκ
1990 5209 2051 5263 ἄν

399 5292 648 5380 ἐπαχθὲς
686 5307 777 5362 καὶ
830 5305 906 5369 εἷς
959 5299 1204 5358 κίνδυνον
1264 5297 1487 5353 ἒλαῦνον
1521 5297 1636 5352 τὸν
1699 5292 1936 5372 ἔσχατον
1988 5301 2052 5354 τὸ

403 5391 489 5446 ὑπ’
514 5392 711 5449 ἐκεῖνον
754 5395 1083 5468 ταττόμενον
1125 5390 1367 5445 πείσεται
1404 5406 1416 5456 ;
1451 5384 1482 5441 ὅ
1531 5382 1597 5455 δὴ
1630 5386 1719 5440 καὶ
1751 5387 2051 5462 Ῥωμαίοις

398 5480 582 5542 αὐτοῖς
640 5487 1036 5555 συνενήνεκται,
1091 5476 1401 5552 ἀνειμένους
1460 5475 1553 5531 καὶ
1623 5475 1905 5552 χαλαροὺς
1960 5479 2050 5534 καὶ

398 5571 488 5627 τὸν
522 5569 918 5627 ἀπολαυστικὸν
964 5571 1082 5647 βίον
1147 5564 1584 5644 μεταδιώκοντας
1645 5562 2049 5645 δυστυχήσασιν

396 5658 826 5735 αὐτοκράτορας,
855 5659 981 5723 τοὺς
1012 5658 1060 5715 δ’
1116 5657 1315 5715 αὐτοὺς
1369 5655 1461 5711 καὶ
1521 5650 1923 5710 δυσπάλαιστον
1958 5657 2053 5731 μὲν

393 5753 494 5824 τὴν
527 5749 787 5826 ἀνάγκην,
822 5749 1161 5807 ἀνύποιστον⁸
1208 5745 1267 5804 δὲ
1314 5747 1378 5803 τὸ
1427 5744 1548 5819 περὶ
1583 5746 1771 5819 ψυχῆς
1801 5741 1923 5809 δέος
1978 5744 2052 5803 δι’
