2037 3197
159 187 216 216 931

822 186 976 217 NlCET/‘I
997 185 1206 217 CHONIATIE

1812 189 1872 221 932

159 254 265 282 animis
279 253 495 282 imminentium
512 253 702 289 periculorum
726 255 802 281 metu
820 257 979 282 consterna-

1045 253 1113 281 ὅλου
1129 253 1279 291 κρίνοντας.
1298 253 1375 282 Ἀλλ’
1406 255 1420 282 ὁ
1438 255 1485 292 μὲν
1509 253 1607 282 ὣδευεν
1636 253 1670 290 ἤν
1699 254 1839 292 προέθετο,
1861 255 1875 282 ὁ

159 300 206 326 tis.
225 298 362 326 Putabant
389 299 466 326 enim
493 298 616 330 Latinos,
645 299 691 333 qui
708 301 800 326 castra
823 299 852 326 in
872 299 989 333 propin-

159 351 213 378 quo
253 343 388 371 haberent
433 351 485 370 nec
518 351 534 370 ιι
572 351 712 378 quoquam
756 343 986 378 prohiberentur,

159 388 253 415 statim
272 393 394 414 armatos
423 388 451 414 in
469 387 566 415 urbem
598 388 765 422 irrupturos.
790 388 880 423 igitur
896 387 987 414 Alexii

159 433 287 467 cognatis
303 435 329 459 et
346 432 534 459 familiaribus
558 437 583 459 et
597 432 778 467 imperatrice
801 432 988 467 Euphrosyna

158 481 187 506 ut
203 477 395 513 proditoribus
412 477 593 511 contemptis,
605 477 641 504 ob
658 477 890 512 gravissimorum
909 477 985 511 peri-

157 521 289 550 culorum
302 521 448 556 procellas,
459 521 533 548 intra
543 521 675 556 palatium
688 526 823 557 tanquam
833 521 862 548 in
874 529 987 549 carcere

156 566 261 594 inclusi
287 566 423 593 tsaacium
452 566 540 593 Alexii
570 566 683 593 fratrem
709 571 844 601 tanquam
873 574 985 593 sacram

158 619 291 639 ancoram
316 611 463 638 intuentur
489 623 496 643 -,
522 615 547 638 et
574 619 638 638 cum
664 620 695 646 sp
716 612 751 638 do
781 611 986 638 Constantinus

155 655 216 684 fisci
243 656 391 690 praefectus
413 655 608 690 bipenniferos
633 656 772 690 coegisset
798 659 823 683 et
840 659 906 691 apta
921 663 985 682 ora-

155 699 232 727 tione
265 699 456 734 conciliasset,
482 708 623 727 concursu
646 700 730 727 etiam
747 700 782 727 ab
800 708 833 728 eo.
859 700 985 728 factione

156 753 218 779 quae
232 745 290 779 jam
306 744 374 771 olim
390 744 497 772 lsaacio
512 745 673 772 restitutum
686 744 818 779 cupiebat
833 744 984 778 imperium

155 789 241 824 facto,
271 788 437 824 imperatrix
464 788 650 825 Euphrosyna
686 797 742 816 una
771 797 835 817 cum
859 789 986 825 cognatis

157 834 419 869 comprehenditur,
439 833 563 861 lsatcius
579 842 644 862 vero
661 834 815 869 imperator
830 835 984 867 salutatur,

156 880 184 906 et
200 886 285 905 manu
311 878 413 905 ductus
439 878 474 905 ob
504 879 722 906 exczecationem
746 878 771 906 is
800 879 848 907 cui
873 879 985 914 prospi-

157 923 258 950 cienda
287 926 367 950 erant
392 923 499 956 omnia,
534 925 562 950 in
591 922 776 957 imperatorio
806 924 877 951 solio
909 923 1021 966 7283

154 967 319 1000 collocatus,
351 967 450 994 missis
466 967 561 994 statim
581 968 615 995 ad
632 967 761 995 Alexium
780 968 870 996 tilium
887 970 915 996 et
932 968 982 995 La-

155 1011 208 1038 tini
223 1012 363 1039 exercitus
378 1012 466 1039 duces
492 1012 601 1039 nuntiis
623 1013 718 1040 fratris
742 1014 785 1040 sui
802 1011 982 1047 imperatoris

156 1055 251 1090 fugam
272 1056 312 1083 eis
328 1056 449 1083 nunliat.
466 1056 487 1083 li
504 1065 568 1084 vero
585 1066 637 1084 nec
654 1063 754 1085 contra
771 1057 865 1084 urbem
883 1062 982 1082 eorum

158 1101 312 1137 quidquam
349 1110 413 1136 quae.
449 1102 688 1136 exspectabantur
727 1100 981 1136 praetermiserunt,

156 1154 208 1173 nec
234 1146 365 1173 Alexinm
391 1146 471 1181 prius
493 1147 526 1173 ad
553 1152 659 1182 patrem
691 1145 872 1177 remiserunt,
896 1152 981 1178 quam

157 1191 218 1226 ipse
254 1190 376 1218 Isaacius
412 1199 528 1226 quoque
566 1200 596 1219 se
636 1194 692 1218 rata
724 1190 772 1216 illa
816 1189 981 1217 habiturum

158 1243 218 1263 esse
234 1244 298 1270 quia
328 1234 403 1263 filius
426 1235 488 1270 ejus
516 1235 657 1269 pollicitus
682 1238 757 1262 esset
783 1235 980 1262 assentiretur.

159 1279 225 1311 Quae
255 1280 382 1315 quidem,
413 1284 440 1306 ut
473 1288 558 1315 supra
587 1279 780 1313 exposuimus,
815 1278 981 1314 hujusmodi

156 1327 248 1359 erant,
265 1327 295 1351 ut
315 1325 349 1351 ad
367 1324 487 1359 gloriam
515 1330 541 1351 et
555 1324 784 1352 emolumentum
812 1323 980 1351 Latinarum

153 1368 227 1396 nihil
243 1369 366 1404 amplius
382 1373 478 1404 posset
493 1368 637 1396 accedere.
656 1368 725 1396 Nam
750 1368 865 1396 Alexius
883 1375 981 1395 vecors

155 1417 182 1441 et
207 1421 301 1441 rerum
331 1414 482 1450 imperitus
508 1413 750 1448 adolescentulus,
781 1413 812 1441 in
836 1413 862 1440 id
890 1419 980 1440 unum

156 1458 284 1486 intentus
310 1462 339 1485 ut
362 1461 512 1493 paternum
538 1457 692 1493 imperium
714 1461 906 1492 recuperaret,
928 1464 980 1484 nec

159 1504 244 1531 ullam
270 1503 464 1531 conditionem
490 1503 692 1535 consideravit,
715 1511 808 1538 neque
833 1510 916 1538 quam
933 1502 979 1529 in-

158 1549 222 1576 festi
249 1553 345 1576 essent
371 1548 463 1576 Latini
492 1549 621 1575 Romano
638 1547 750 1575 nomini
776 1547 921 1581 cogitavit.
938 1547 979 1574 Ac

158 1593 261 1621 talibus
283 1593 459 1630 imperatorii
486 1593 589 1627 fastigii
604 1592 839 1628 dopressionibus
865 1594 977 1621 aditum

154 1638 184 1665 in
201 1638 299 1666 urbem
329 1642 470 1665 mercatus
495 1638 566 1672 patri
593 1637 709 1671 assedit,
735 1637 841 1671 collega
863 1636 979 1672 imperii

154 1683 262 1711 ascitus
280 1686 327 1718 ;et
341 1682 462 1718 populus
480 1682 628 1709 universus
649 1682 675 1709 in
698 1682 834 1717 palatium
851 1690 978 1710 concur-

153 1727 201 1762 rit,
221 1727 272 1754 tilii
288 1731 315 1754 et
330 1726 419 1762 patris
445 1726 560 1752 videndi
576 1726 660 1753 simul
678 1728 706 1753 et
728 1726 864 1754 adorandi
881 1734 977 1755 causa.

154 1772 217 1801 Non
238 1771 339 1799 multis
355 1770 456 1797 diebus
477 1774 539 1804 post
555 1771 643 1803 etiam
667 1770 833 1798 Latinorum
850 1771 936 1799 duces
951 1774 979 1799 et

153 1817 303 1844 nobilitate
326 1814 454 1847 insignes
479 1815 530 1842 viri
548 1815 683 1850 palatium
701 1815 822 1848 ingressi
846 1820 914 1843 sunt
930 1824 936 1849 ;
952 1820 979 1844 et

152 1861 296 1889 subselliis
311 1860 404 1887 allatis
418 1860 641 1894 imperatoribus
660 1860 734 1888 729
752 1862 930 1896 assederunt,
950 1866 979 1889 ut

151 1907 223 1933 bene
240 1904 374 1937 nierili,ut
392 1910 547 1932 servatores
562 1906 743 1937 celebrati,et
758 1906 895 1933 omnibus
911 1906 978 1933 aliis

152 1951 281 1977 honestis
298 1950 389 1976 titulis
405 1950 508 1982 ornati,
527 1952 556 1977 ut
572 1950 619 1985 qui
645 1949 828 1978 ambitiosum
844 1950 977 1978 Alexium

150 1994 339 2029 erepto,quod
355 1998 502 2029 tantopere
517 1994 812 2029 appetierat,imperio
826 1995 912 2030 probe
924 1994 978 2022 ulti

150 2041 179 2066 et
195 2038 369 2066 calamitosis
385 2039 515 2074 opitulati
531 2042 635 2067 essent.
649 2039 750 2066 Prester
766 2040 825 2066 hac
841 2039 977 2067 omnibus

150 2083 214 2111 aliis
229 2083 333 2111 ofﬁciis
345 2087 371 2111 et
380 2083 600 2119 exquisitisaliis
610 2083 765 2111 honoribus
775 2084 868 2111 affecti
884 2084 977 2112 etlau‘

153 2128 263 2156 tissime
278 2129 389 2155 tractati
406 2132 482 2155 sunt.
501 2128 570 2155 Nam
587 2128 720 2162 Isaacius,
738 2129 759 2156 si
778 2129 845 2163 quid
857 2129 977 2164 impera-

149 2173 240 2201 torias
258 2173 344 2200 ﬁscus
361 2172 510 2205 celabat,si
527 2173 596 2208 quid
613 2173 673 2208 ipse
690 2178 771 2208 capta
788 2172 977 2210 Euphrosyna

148 2218 331 2253 imperatrice
340 2221 365 2245 et
376 2218 506 2252 cognatis
513 2219 577 2253 ejus
585 2218 799 2253 acquisierat,id
809 2219 975 2246 universum

148 2266 267 2297 utraque
284 2270 370 2289 manu
387 2261 416 2289 in
435 2262 499 2290 illos
514 2263 690 2290 conferebat.
708 2266 775 2295 Quae
792 2271 856 2291 cum
873 2265 908 2291 ab
925 2263 974 2291 illa

146 2312 231 2343 gente
243 2307 375 2335 omnium
391 2307 558 2335 avarissima
573 2310 601 2335 et
617 2308 849 2336 luxuriosissime
864 2309 972 2344 exiguae
992 2299 1012 2332 ἶ)

146 2356 232 2388 guttze
258 2352 349 2380 instar
378 2352 588 2387 acciperentur,
620 2352 761 2387 Tyrrheni
778 2353 864 2380 maris
880 2353 973 2380 undas

146 2398 338 2430 desiderante,
353 2401 439 2425 etiam
462 2399 646 2425 sacrosancta
664 2397 794 2432 profanat
811 2405 817 2431 ;
836 2399 922 2429 unde,
942 2400 974 2424 ut

146 2443 258 2476 opinor,
285 2442 409 2469 Romana
440 2449 484 2469 res
514 2442 642 2469 funditus
662 2442 798 2469 subversa
823 2445 849 2469 et
879 2442 973 2469 deleta

146 2488 200 2513 est.
216 2486 288 2513 Nam
305 2495 371 2514 cum
400 2486 520 2521 pecunia
545 2486 756 2521 destitueretur,
779 2486 884 2522 templa
900 2494 970 2522 quo-

145 2538 200 2565 que
226 2530 340 2558 invasit.
371 2531 429 2559 Nec
455 2539 543 2558 sacrae
560 2533 673 2559 tantum
697 2531 800 2558 Christi
831 2531 972 2567 imagines

146 2574 294 2602 securibus
311 2575 523 2610 excidebantur,
539 2578 567 2603 et
584 2575 662 2603 humi
684 2577 820 2611 projectte
836 2576 898 2603 sine
914 2576 972 2603 ulla

148 2619 304 2647 reverentia
321 2622 420 2647 ornatu
449 2621 586 2656 adempto
609 2621 637 2648 in
660 2620 755 2655 ignem
776 2621 970 2655 conjicieban-

147 2666 193 2691 tur
219 2664 289 2692 :sed
320 2666 348 2691 et
376 2668 581 2692 sancrosancta
608 2674 687 2699 vasa,
712 2666 819 2701 absque
848 2671 924 2694 metu
955 2674 971 2694 e

1048 297 1071 324 δ’
1087 297 1163 330 ἐντὸς
1183 300 1225 336 [Ρ.
1242 301 1304 336 354]
1317 302 1370 327 τῶν
1388 299 1413 327 ἒν
1449 299 1618 337 Βλαχέρναις
1648 300 1766 338 ἀρχείων
1797 302 1873 339 εὑρε-

1045 343 1100 373 θεὶς
1128 345 1167 379 τῷ
1193 341 1255 371 τότε
1281 343 1351 375 λεὼς
1377 343 1481 384 σφόδρα
1511 345 1621 382 ἤνεγκεν
1648 345 1794 382 ἀφορῆτως
1823 346 1871 380 τὴν

1045 387 1172 425 ’Δλεξίου
1185 388 1346 426 ἀπόδρασιν⁷
1369 390 1586 428 συστρεφόμενός
1612 400 1641 417 τε
1670 390 1714 417 καὶ
1757 391 1875 429 συγχεό-

1046 443 1126 469 μενος
1139 434 1189 468 τήν
1210 435 1303 471 ψυχὴν
1321 433 1365 461 διὰ
1392 435 1441 465 τὰς
1472 433 1676 473 ἕμφαινομένας
1701 436 1753 461 τῶν
1784 438 1873 462 κακῶν

1043 475 1168 508 ἐλπίδας·
1198 478 1242 505 καὶ
1270 478 1322 515 γὰρ
1350 476 1437 514 ᾤοντο
1467 477 1550 515 μηδὲν
1594 478 1786 515 μελλήσαντας
1809 478 1873 510 τοὺς

1043 521 1186 558 Λατίνους,
1204 523 1250 549 οἶα
1268 522 1338 559 μηδὲ
1353 526 1555 560 σκηνουμὲνους
1572 522 1668 550 ἄποθεν
1699 523 1716 557 ἢ
1750 524 1795 550 τὸν
1810 523 1871 550 ἐπι-

1043 567 1183 603 σχήσοντα
1212 563 1338 605 ἔχοντας,
1379 568 1437 603 μεθ’
1466 567 1559 595 ὅπλων
1588 566 1685 595 αὐτίκα
1713 565 1869 605 ἓπιρῥεῦσαι

1042 611 1076 646 τῇ
1092 610 1172 638 πόλει
1186 611 1231 638 καὶ
1246 614 1300 639 τῶν
1318 613 1434 651 τειχέων
1454 612 1519 639 ε’ἰσω
1536 611 1734 650 παρεισελθεῖν.
1765 611 1869 641 Οὐκοῦν

1040 655 1165 686 καὶτοὺς
1197 656 1244 693 μὲν
1272 657 1343 694 γένει
1369 658 1559 695 προσήκοντας
1580 657 1693 693 Ἀλεξίῳ
1734 658 1778 685 καὶ
1809 657 1872 688 τοὺς

1041 699 1136 731 ἄλλως
1151 700 1314 736 ἒπιτηδείως
1344 701 1458 740 ἔχοντας
1488 701 1581 738 ἐκείνῳ
1614 702 1659 728 καὶ
1687 703 1735 736 τὴν
1755 701 1871 728 ἄνασσαν

1042 745 1230 783 Εὐφροσύνην,
1243 745 1379 783 προδότου
1392 745 1469 780 δόξαν
1493 744 1636 780 λαϐόντας,
1653 746 1684 773 οὐ
1700 745 1868 783 προσεκαλέ-

1042 800 1120 817 σαντο
1137 790 1175 820 είς
1189 791 1238 824 τήν
1256 790 1357 828 ἀρχήν.
1375 791 1423 817 Διά
1439 789 1467 817 δὲ
1482 791 1513 817 τὸ
1526 790 1635 827 ἄμαχον
1652 793 1700 824 τῆς
1715 792 1768 816 τῶν
1783 800 1868 827 πραγ-

1042 835 1133 871 μάτων
1151 834 1244 872 ἀγρίας
1271 832 1429 871 προσϐολῆς
1456 835 1493 865 εἷς
1521 835 1602 861 αὐτὸν
1625 835 1761 872 ἀφορῶσιν
1778 834 1865 862 Ἰσαά-

1039 889 1097 906 κιον
1110 878 1155 905 τὸν
1173 877 1297 912 Ἀλεξίου
1314 878 1490 917 κασίγνητον,
1519 878 1555 909 ὡς
1580 879 1617 909 εἷς
1644 879 1694 912 τὴν
1727 878 1865 914 καλουμέ-

1038 933 1088 957 νην
1099 923 1172 959 ἱερὰν
1188 921 1307 959 ἄγκυραν
1330 922 1487 950 τελευταῖον
1503 923 1528 951 οἱ
1552 926 1611 954 τοῖς
1627 923 1868 959 ἀκαταστορέστοις

1035 967 1309 1004 περιστοιχιζόμενοι
1349 967 1478 1004 κύμασιν,
1537 966 1612 994 ἔνδον
1647 969 1702 994 τῶν
1744 967 1863 1004 ἀρχείων

1036 1010 1221 1048 εἶργνύμενον.
1239 1011 1288 1038 Καὶ
1304 1010 1338 1046 δὴ
1364 1014 1412 1039 τοῦ
1443 1012 1572 1049 έκτομίου
1602 1012 1816 1047 Κωνσταντίνου,
1837 1012 1867 1042 ἧς

1035 1055 1147 1083 ἐπὶτῶν
1174 1055 1323 1093 βασιλικῶν
1354 1056 1478 1084 ἐτέτακτο
1509 1059 1663 1094 θησαυρῶν,
1692 1058 1756 1087 τοὺς
1785 1056 1866 1084 πελε-

1034 1099 1170 1137 κυωόρους
1187 1101 1385 1138 συναγαγόντος
1416 1102 1462 1129 καὶ
1491 1101 1600 1132 τούτοις
1628 1101 1807 1138 ὡμιληκότος
1834 1101 1867 1128 τὰ

1036 1143 1140 1180 δέοντα,
1171 1144 1380 1182 συνδραμούσης
1421 1145 1450 1173 δὲ
1473 1146 1518 1173 καὶ
1549 1147 1705 1184 συμμορίας
1730 1148 1811 1174 τινῶν
1841 1146 1866 1172 οἳ

1036 1189 1208 1227 βασιλεύσειν
1233 1189 1310 1222 αὖθις
1339 1190 1385 1218 τὸν
1402 1189 1535 1218 Ἰσαοίκιον
1565 1189 1611 1218 διὰ
1639 1190 1760 1225 σπουδῆς
1780 1189 1866 1218 παλαι

1034 1233 1194 1269 έτίθεντο,ἡ
1224 1234 1271 1270 μὲν
1298 1234 1407 1272 βασιλὶς
1439 1234 1599 1274 Εὐφροσύνη
1631 1232 1864 1272 συλλαμϐάνεται,

1035 1281 1176 1316 χειροῦται
1212 1277 1239 1306 δὲ
1268 1278 1313 1306 καὶ
1341 1279 1373 1306 τὸ
1403 1280 1525 1317 συγγενὲς
1556 1280 1665 1317 αὐτῇὸ
1691 1278 1713 1306 δ’
1730 1280 1862 1310 Ἰσαάκιος

1034 1323 1224 1360 ἀναγορεύεται
1264 1324 1453 1361 αὐτοκράτωρ·
1507 1324 1552 1351 καὶ
1601 1324 1863 1362 χειραγωγούμενος

1035 1365 1070 1394 δι’
1110 1367 1143 1402 ἢν
1178 1368 1279 1403 ὑπέστη
1318 1369 1454 1405 πήρωσιν,
1498 1369 1511 1396 ὁ
1554 1370 1585 1396 τὸ
1617 1371 1668 1396 πᾶν
1698 1369 1863 1404 ταττόμενος

1035 1411 1131 1451 ἐφορᾷν
1147 1412 1184 1443 εἷς
1211 1413 1298 1440 Θῶκον
1324 1413 1450 1451 ἀνάγεται
1479 1413 1524 1441 τὸν
1562 1413 1711 1451 βασίλειον.
1748 1414 1860 1451 Πέμψας

1035 1455 1057 1483 δ’
1073 1457 1172 1489 εὐθέως
1188 1457 1319 1495 ἀγγέλους
1339 1457 1455 1494 Ἀλεξίῳ
1470 1468 1499 1485 τε
1527 1460 1567 1494 τῷ
1582 1459 1634 1494 υἱῷ
1650 1459 1694 1485 καὶ
1727 1461 1785 1489 τοῖς
1811 1460 1859 1485 τοῦ

1034 1504 1180 1529 Λατινικοῦ
1197 1502 1398 1539 στρατεύματος
1427 1503 1543 1540 ἡγεμόσι
1573 1504 1722 1540 παρίστησι
1750 1505 1797 1537 τήν
1811 1505 1859 1530 τοῦ

1036 1545 1171 1583 βασιλέως
1183 1547 1227 1573 καὶ
1244 1545 1363 1586 ἀδελφοῦ
1374 1548 1475 1585 φυγήν.
1490 1548 1523 1575 Οἱ
1541 1546 1563 1574 δ’
1580 1548 1641 1575 οὕτε
1655 1559 1681 1575 τι
1707 1551 1759 1575 τῶν
1775 1558 1861 1584 προσ-

1033 1590 1251 1628 δοκωμένων
1284 1591 1353 1618 κατὰ
1382 1595 1431 1626 τῆς
1463 1592 1572 1623 πόλεως
1602 1592 1792 1632 ἐνεόχμωσαν,
1818 1592 1862 1620 καὶ

1032 1636 1077 1663 τὸν
1098 1636 1231 1663 ’[σαακίου
1248 1635 1277 1663 δὲ
1296 1636 1355 1663 υἱὸν
1378 1636 1409 1663 οὐ
1439 1636 1571 1674 πρότερον
1603 1637 1786 1674 αἰτησαμένου
1814 1640 1864 1665 τοῦ

1032 1680 1134 1717 πατρὸς
1150 1679 1366 1718 ἐκπεπόμφασιν,
1401 1681 1423 1707 εί
1456 1682 1493 1716 μή
1510 1692 1542 1719 γε
1560 1681 1605 1709 καὶ
1630 1682 1709 1713 αὐτὸς
1728 1683 1863 1713 ’[σαάιιιος

1033 1724 1070 1756 εἷς
1098 1725 1181 1761 πέρας
1209 1723 1357 1763 ἀγαγέσθαι
1384 1724 1508 1757 συνέθετο
1537 1725 1586 1753 ὅσα
1616 1726 1750 1766 ὑπέσχετό
1771 1738 1862 1766 σφισιν

1032 1770 1046 1796 ὁ
1061 1769 1118 1800 υἱὸς
1135 1770 1217 1797 αὐτοῦ
1231 1769 1363 1806 Ἀλέξιος,
1380 1770 1421 1798 Τὰ
1437 1769 1465 1797 δὲ
1492 1771 1571 1805 ἦσαν,
1593 1771 1631 1802 ὡς
1646 1771 1671 1799 ἐν
1689 1774 1746 1803 τοῖς
1767 1771 1865 1809 λόγοις

1033 1814 1129 1852 ἒρῥέοη
1157 1817 1217 1845 τοῖς
1244 1812 1408 1852 ἔμπροσθεν,
1441 1814 1577 1852 μηδεμίαν
1604 1818 1658 1843 τῶν
1690 1817 1757 1853 πρὸς
1786 1815 1865 1851 δόξαν

1031 1859 1076 1886 καὶ
1092 1858 1187 1896 κέρδος
1202 1862 1261 1890 ⁴τοῖς
1277 1858 1447 1896 διαθεμένοις
1472 1860 1600 1892 Λατίνοις
1619 1859 1777 1899 ὑπερϐολὴν
1795 1862 1865 1889 ἀπο-

1032 1904 1171 1932 λείποντα·
1200 1904 1266 1941 ὑπέρ
1296 1905 1348 1942 γὰρ
1377 1907 1426 1932 τοῦ
1458 1907 1495 1942 μή
1529 1908 1580 1938 τῆς
1606 1908 1735 1944 πατρῴας
1769 1907 1861 1945 ἀρχῆς

1031 1949 1226 1985 ἀποτε·3ξασθαι
1261 1950 1348 1977 πάντα
1390 1950 1517 1987 πράττων
1548 1950 1681 1987 Ἀλέξιος,
1721 1951 1861 1991 χαλίφρον

1030 1994 1074 2021 καὶ
1092 1994 1260 2031 πραγμάτων
1275 1993 1355 2025 ἀδαὲς
1387 1995 1540 2032 μειράκιον,
1557 1994 1621 2023 οὕτε
1654 1994 1863 2034 ἠκριϐολόγησέ

1030 2048 1089 2065 τινα
1122 2040 1175 2065 τῶν
1207 2038 1372 2074 ζητημάτων
1418 2038 1479 2066 οὔτε
1524 2040 1578 2076 μὴν
1608 2041 1638 2068 τὸ
1671 2041 1861 2078 μισορώμαιον

1031 2083 1159 2121 φρόνημα
1175 2085 1227 2110 τῶν
1257 2082 1381 2110 Λατίνων
1411 2084 1536 2111 ὁπωσοῦν
1553 2082 1666 2112 ἐϐάλετο
1695 2086 1764 2113 κατὰ
1791 2088 1864 2114 νοῦν.

1031 2127 1091 2155 Ἐπὶ
1107 2127 1228 2155 τοιαῖσδε
1242 2127 1332 2155 τοίνυν
1347 2130 1396 2156 τοῦ
1423 2128 1565 2165 βασιλείου
1597 2128 1682 2166 ὕψους
1712 2141 1865 2168 καταστρο-

1029 2175 1092 2211 φαῖς
1104 2173 1154 2207 τὴν
1168 2172 1206 2203 εἷς
1221 2173 1270 2206 τὴν
1301 2172 1383 2200 πόλιν
1412 2173 1562 2210 πριάμενος
1588 2173 1704 2209 ε’ίσοδον,
1722 2173 1861 2213 συνεδρίας

1029 2218 1130 2252 ἠξίωτο
1146 2220 1281 2254 πατρικῆς
1296 2216 1340 2244 καὶ
1366 2216 1507 2254 βασιλείας
1536 2218 1744 2255 προσλέληπται
1760 2230 1862 2247 κοινω-

1029 2262 1084 2292 νός.
1101 2264 1190 2292 ’Ἅπας
1210 2261 1299 2288 τοίνυν
1315 2261 1434 2300 φυλέτης
1449 2266 1499 2297 τῆς
1531 2262 1641 2295 πόλεως
1657 2263 1696 2295 εἷς
1713 2264 1745 2292 τὰ
1759 2265 1860 2302 ἀρχεῖα

1027 2305 1170 2343 συνέτρεχε
1184 2305 1228 2333 σὺν
1245 2308 1284 2342 τῷ
1300 2306 1382 2343 πατρὶ
1409 2307 1455 2334 τὸν
1491 2308 1549 2335 υἱὸν
1570 2307 1704 2345 ὅψόμενος
1732 2310 1776 2337 καὶ
1806 2310 1860 2346 ἀμ-

1029 2352 1089 2389 φοῖν
1106 2349 1256 2378 ἀποδώσων
1272 2351 1464 2388 προσκύνησιν.
1482 2354 1545 2380 Μετ’
1562 2353 1592 2380 οὐ
1609 2353 1717 2386 πολλὰς
1744 2353 1768 2381 δ’
1791 2354 1859 2390 ἡμέ-

1028 2406 1075 2432 ρας
1100 2396 1145 2423 καὶ
1172 2396 1197 2423 οἱ
1224 2398 1278 2424 τῶν
1311 2396 1432 2425 Λατίνιον
1447 2398 1581 2435 ἡγεμόνες
1611 2398 1638 2429 ἐς
1671 2400 1705 2427 τὰ
1735 2399 1859 2437 βασίλεια

1026 2438 1265 2477 παραϐάλλουσιν,
1282 2440 1336 2480 οὐχ
1352 2442 1426 2468 οὗτοι
1449 2441 1477 2469 δὲ
1504 2443 1599 2479 μόνον,
1616 2442 1690 2471 ἀλλὰ
1710 2445 1755 2471 καὶ
1772 2445 1797 2471 οἱ
1828 2445 1859 2472 τὸ

1027 2485 1107 2523 γένος
1137 2486 1199 2522 παρ’
1228 2484 1339 2517 ἐκείνοις
1366 2485 1510 2523 ἐπίσημοι·
1541 2487 1586 2515 καὶ
1615 2489 1853 2526 παρενηνεγμένων

1027 2530 1187 2568 σκιμπόδιον
1235 2534 1294 2558 τοῖς
1345 2531 1486 2569 βασιλεῦσι
1530 2535 1690 2572 συνήθριζον
1732 2535 1852 2567 ἅπαντες,

1027 2576 1164 2613 εὐεργέται
1194 2576 1239 2602 καὶ
1270 2580 1391 2614 σωτῆρες
1417 2577 1561 2610 ἀκούοντες
1590 2580 1635 2606 καὶ
1663 2582 1745 2606 πᾶσαν
1762 2576 1853 2613 ἄλλην

1026 2621 1130 2658 ἀγαθὴν
1155 2621 1342 2658 προσηγορίαν
1373 2620 1533 2659 δεχόμενοι,
1578 2625 1615 2656 ὡς
1642 2624 1686 2652 τὸν
1717 2623 1857 2663 φίλαρχον

1026 2665 1146 2700 ’Λλέξιον
1181 2665 1207 2696 ἐς
1241 2666 1310 2693 αὐτὰ
1337 2667 1479 2703 τισάμενοι
1515 2670 1548 2696 τὰ
1579 2668 1691 2697 παιδικᾶ
1718 2669 1764 2696 καὶ
1795 2667 1862 2696 δυσ-

1235 2534 1294 2558 τοῖς

816 2730 911 2763 Hier.
937 2730 1047 2763 Wolﬂi
1078 2732 1184 2764 notae.

272 2810 305 2838 Οἱ
336 2811 364 2839 δὲ
394 2810 455 2839 οὔτε
487 2823 513 2839 τι
542 2811 596 2851 τῷν
626 2812 873 2851 προσδοκωμένων.
904 2815 966 2843 Non

142 2848 212 2878 satis
227 2854 378 2884 assequar,
396 2852 493 2878 utrum
509 2856 542 2877 ea
565 2848 686 2879 fecerint
700 2859 762 2887 quae
776 2848 967 2887 expectaban-

1024 2818 1122 2850 tur,an
1139 2824 1196 2844 non
1222 2816 1354 2846 fecerint.
1371 2820 1428 2847 Ποο
1449 2819 1512 2849 loco
1531 2825 1611 2850 vetus
1628 2822 1717 2851 codex
1734 2822 1859 2850 mutilus

1023 2856 1077 2885 est,
1097 2852 1214 2882 duobus
1230 2852 1310 2883 foliis
1328 2856 1462 2885 exsectis.
