4074 6384
337 333 458 394 933

1339 320 1699 385 ISAACIUS
1744 319 2118 384 ANGELUS
2164 318 2264 383 ET
2307 322 2648 388 ALEXIUS
2689 323 2756 384 F.

3632 322 3751 382 934

338 467 642 541 πραγοῦσιν
705 463 886 531 αὖτοῖ,
933 455 1319 531 ἔπαμύνάντες.
1375 458 1454 515 Οὐ
1515 460 1599 530 [Ρ.
1644 461 1765 525 355]
1822 459 1990 510 ταῦτα

2133 458 2337 530 emptis
2369 463 2532 532 rapta
2563 464 2620 515 et
2651 460 2914 526 conﬂata,
2942 460 3008 514 ut
3065 455 3298 529 vulgare
3329 472 3532 512 aurum
3566 458 3621 511 et
3653 472 3751 510 ar-

335 553 394 611 δὲ
447 555 636 628 μόνον,
692 550 837 607 ἀλλᾶ
885 549 975 604 καὶ
1028 547 1208 618 πάσης
1262 551 1519 620 μετεῖχον
1572 544 1988 625 φιλοφροσύνης

335 643 427 699 καὶ
496 641 819 712 δεξιώσεως,
888 638 1290 713 θεραπευτηρια
1352 655 1409 689 τε
1475 632 1567 689 καί
1642 636 1990 712 τρυφητήρια

335 732 557 793 τούτοις
588 730 984 799 ἒπινενόηνται.
1028 726 1297 789 Ἰσαάκιος
1325 726 1429 801 γὰρ
1478 722 1531 778 εἷ’
1579 721 1631 778 τί
1686 744 1794 778 που
1839 715 1990 776 ἕστε-

332 844 420 899 γεν
449 816 600 876 ἔνδον
653 820 717 874 τὸ
763 818 1047 892 βασιλείας
1100 814 1525 892 γαζοφυλάκιον,
1575 810 1666 867 καὶ
1725 811 1884 873 αὐτὸς
1936 807 1993 864 δὲ

337 910 817 985 συμπορισάμενος
884 906 953 975 ἦν
1033 902 1383 981 συνειληφὼς
1457 901 1811 980 Εὐφροσύνην
1894 900 1993 969 τὴν

342 997 601 1077 βασιλίδα
628 998 719 1052 καὶ
768 995 897 1059 τοὺς
936 996 999 1051 τὸ
1051 992 1208 1070 γένος
1258 993 1335 1055 εἰς
1388 991 1555 1059 αὐτὴν
1607 990 1993 1077 ἀναφέροντας,

341 1076 581 1166 ἐξεφόρει
617 1109 677 1143 τε
735 1083 1068 1162 ἀμφοτέραις
1121 1083 1216 1137 καὶ
1277 1083 1606 1156 μετηγγιζεν
1656 1076 1992 1166 ἀδεέστερον.

342 1164 490 1235 Ἐπεὶ
516 1175 572 1232 δὲ
601 1181 770 1232 ταῦτα
801 1173 931 1229 ὡσεὶ
979 1172 1069 1228 καὶ
1124 1171 1272 1246 ῥανὶς
1315 1169 1558 1243 ἐκρίνετο
1605 1173 1724 1231 τοῖς
1775 1164 1995 1240 λαμϐά-

340 1288 522 1322 νουσιν
583 1260 759 1339 (οὐδὲν
813 1262 914 1336 γὰρ
972 1254 1126 1324 ἔθνος
1183 1256 1776 1333 ἐρασιχρηματώτερον
1832 1253 1995 1310 τοῦδε
2042 1260 2139 1312 τοῦ
2222 1257 2404 1331 γένους
2469 1257 2980 1336 τρεχεδειπνότερόν
3041 1281 3099 1315 τε
3161 1259 3251 1314 καὶ

2098 552 2331 618 gentum
2367 548 2632 605 hostibus
2664 550 2975 605 dabantur.
3013 548 3197 618 Hujus
3232 546 3551 620 impietatis
3584 547 3746 602 furor

2101 654 2289 709 neque
2320 639 2653 710 imperatori
2680 640 2739 695 in
2780 644 3031 695 mentem
3064 637 3219 693 venit
3248 654 3529 709 unquam,
3565 654 3756 709 neque

2105 727 2256 782 730
2292 728 2606 799 quisquam
2664 728 2775 784 fuit
2826 728 2927 799 qui
2986 727 3217 799 pietatis
3274 743 3516 784 causam
3576 726 3756 783 libere

2101 831 2273 887 agere
2305 817 2562 885 auderet,
2592 817 2693 873 sed
2726 818 2881 889 quod
2916 816 3152 894 quidem
3207 817 3275 870 ad
3323 815 3649 885 silentium,
3682 834 3753 873 ne

2104 910 2402 977 stuporem
2456 906 2670 974 dicam,
2723 906 2950 975 attinet,
3014 903 3183 976 plane
3240 906 3472 961 attoniti
3534 907 3754 962 fuimus

2103 1010 2329 1049 omnes.
2389 994 2555 1051 Unde
2624 995 2850 1052 violatm
2910 993 3210 1066 religionis
3294 995 3378 1049 rei
3449 1011 3518 1050 ea
3604 996 3759 1052 mala

2102 1082 2480 1139 toleravimus
2512 1092 2567 1140 et
2625 1085 2903 1148 vidimus,
2966 1084 3182 1156 quibus
3236 1083 3501 1155 graviora
3531 1084 3624 1140 vix
3666 1086 3760 1140 in-

2112 1172 2449 1229 veniuntur.

3329 1256 3763 1334 δαπανηρότερον

340 1357 556 1433 ἓτερον)
616 1354 702 1409 καὶ
764 1349 1027 1425 διψῶντες
1075 1351 1209 1419 ἦσαν
1260 1348 1342 1403 ἀεὶ
1406 1353 1670 1425 προχοῶν
1728 1346 1999 1423 πελάγους
2056 1352 2416 1420 Τυρσηνικοῦ,
2478 1350 2701 1405 ἅπτεται
2760 1349 2852 1404 καὶ
2912 1353 3019 1405 τῶν
3099 1348 3385 1423 ἀψαύστων
3467 1349 3764 1421 παναθεμί-

344 1466 475 1515 τως,
509 1444 722 1512 ὁπόθεν,
757 1441 940 1515 οἶμαι,
990 1439 1080 1494 καὶ
1137 1440 1204 1493 τὰ
1261 1439 1547 1512 Ῥωμαίων
1599 1436 1988 1512 ἀνατέτραπται
2047 1434 2235 1492 τέλεον
2293 1437 2382 1493 καὶ
2440 1440 2776 1516 ἡφάντωται.
2833 1440 2907 1501 ὡς
2957 1439 3060 1515 γὰρ
3120 1438 3429 1514 χρημάτων
3487 1436 3758 1508 ἐσπάνιζε,

345 1535 583 1595 καὶτοῖς
636 1530 800 1595 θείοις
853 1525 1154 1605 ἐπεφύηδιὰ
1208 1532 1368 1582 τοῦτο
1424 1526 1719 1601 τεμένεσιν.
1780 1527 1880 1582 ’Ἦν
1940 1524 2041 1601 γὰρ
2101 1522 2233 1579 ἰδεῖν
2293 1528 2354 1582 οὐ
2416 1528 2581 1600 μόνον
2635 1528 2732 1590 τὰς
2797 1528 2947 1602 ἱερὰς
3001 1526 3211 1592 εἰκόνας
3265 1529 3504 1602 Χριστοῦ
3562 1526 3764 1599 ἀξίναις

349 1620 756 1694 ἐκκοπτομένας
785 1619 876 1673 καὶ
908 1620 1086 1692 χαμαί
1128 1615 1482 1694 ῥιπτομένας,
1525 1615 1616 1671 καὶ
1664 1615 1792 1677 τοὺς
1837 1615 2014 1669 αὐτῶν
2063 1615 2303 1689 κόσμους
2347 1616 2423 1689 μὴ
2468 1615 2557 1671 σῦν
2598 1614 2797 1695 φειδοῖ,
2844 1613 2968 1671 ἀλλ’
3018 1616 3095 1679 ὡς
3144 1610 3331 1692 ἔτυχεν
3381 1614 3763 1690 ἐκσπωμένους

347 1713 439 1767 καὶ
496 1711 626 1783 πυρὶ
685 1706 1247 1783 παραπεμπομένους,
1301 1703 1448 1761 ἀλλὰ
1505 1705 1592 1761 καὶ
1656 1702 1818 1775 σκεύη
1878 1704 1943 1758 τὰ
1997 1706 2165 1759 σεπτά
2217 1726 2277 1760 τε
2332 1706 2420 1760 καὶ
2481 1710 2700 1781 παναγῆ
2772 1701 3237 1781 ἀπεριθαμϐητως
3303 1704 3363 1761 ἐκ
3434 1710 3543 1762 τῶν
3622 1709 3768 1761 ναῶν

347 1801 703 1876 ἁρπαζόμενα
739 1797 829 1853 καὶ
888 1796 1206 1872 πυρούμενα
1260 1796 1352 1849 καὶ
1419 1795 1495 1859 ὡς
1549 1794 1733 1850 κοινὸν
1788 1793 2049 1869 ἀργύριον
2108 1795 2198 1849 καὶ
2257 1796 2486 1870 χρυσίον
2549 1801 2669 1859 τοῖς
2725 1793 3018 1870 πολεμίοις
3080 1796 3468 1872 στρατεύμασιν
3525 1794 3768 1875 παρεχό-

349 1911 505 1966 μενα.
547 1889 644 1944 Καὶ
692 1895 792 1958 τῆς
844 1887 981 1942 κατὰ
1032 1890 1138 1941 τῶν
1200 1885 1369 1959 ἁγίων
1426 1881 1595 1953 τῆσδε
1654 1882 1856 1952 λύττης
1917 1877 2031 1937 οὔτ’
2090 1883 2253 1938 αὐτὸν
2310 1884 2403 1940 τὸν
2462 1889 2764 1960 κρατοῦντα
2823 1884 2995 1958 εἰσῄει
3053 1905 3137 1947 τις
3190 1883 3440 1956 αἶ’σθησις
3497 1888 3770 1957 ὁπωσοῦν,

347 1985 457 2035 τῶν
497 2001 557 2034 τε
611 1975 798 2033 ἂλλων
860 1973 1041 2038 οὐδεὶς
1094 1973 1605 2051 παρρησιαζόμενος
1659 1973 1726 2042 ἧν
1783 1974 1883 2042 τήν
1953 1966 2250 2045 εὐσέϐειαν,
2287 1971 2435 2029 ἀλλᾶ
2488 1977 2587 2040 τῆς
2646 1973 2938 2050 ἐχεμυθία,
2991 1970 3188 2045 ἕνεκεν,
3239 1972 3338 2029 εί¹τ⁷
3384 1975 3475 2030 οῦν
3521 1976 3772 2052 ἀναλγηο

356 2070 473 2134 σίας
523 2069 690 2124 εἰπεῖν
748 2065 1079 2141 οἷκεότερον,
1140 2062 1292 2119 οὐδὲν
1349 2067 1457 2118 τῶν
1516 2062 1844 2140 παραφόρων
1909 2058 2305 2137 διενηνόχαμεν
2358 2064 2608 2135 ἅπαντες,
2668 2064 2786 2119 ὅθεν
2848 2065 2922 2126 ὡς
2982 2064 3268 2119 ὑπεύθυνοι
3326 2063 3666 2139 πεπόνθαμέν
3716 2086 3777 2121 τε

352 2160 442 2216 καὶ
478 2156 694 2231 ε’ἰδομεν
727 2155 901 2211 ὁπόσα
935 2154 1475 2231 βαρυσυμφορώτερα
1504 2156 1613 2208 τῶν
1643 2156 1841 2207 κακῶν.

437 2250 505 2325 β’.
536 2250 760 2306 Ὁποῖον
792 2247 895 2322 γὰρ
945 2246 1006 2301 τὸ
1065 2242 1327 2320 χυδαίζον
1380 2248 1569 2322 στῖφος
1617 2249 1718 2311 τῆς
1764 2240 2002 2309 πόλεως,

2184 2245 2238 2301 2.
2272 2245 2418 2301 Nam
2483 2245 2679 2319 populi
2709 2247 2896 2315 turba,
2937 2254 2997 2303 ut
3048 2244 3214 2317 solet,
3249 2263 3354 2303 nec
3402 2263 3510 2303 sua
3569 2250 3778 2318 sponte

368 2344 499 2418 μήτ’
531 2341 752 2405 αὐτόθεν
782 2343 900 2402 τοῖς
930 2337 1234 2400 ἐπαινετοῖς
1265 2339 1632 2410 προσχωροῦν
1667 2335 1796 2407 μήθ’
1850 2332 2019 2407 ἑτέρῳ

366 2432 691 2507 πειθόμενον
750 2428 1126 2504 εἷσηγουμένῳ
1174 2428 1240 2482 τὰ
1299 2426 1501 2499 λῴονα,
1560 2422 1668 2495 ¹ἤδη
1710 2429 1827 2487 ταῖς
1878 2425 2019 2481 Ῥω·

371 2527 589 2597 μαϊκαῖς
668 2522 883 2599 χώραις
950 2518 1353 2594 εἷ’σκεχυμὲνων
1417 2521 1526 2570 τῶν
1600 2513 1886 2587 πολεμίων
1945 2511 2020 2573 εἷς

366 2606 563 2687 ἔδαφος
590 2615 838 2685 καθαιρεῖ
868 2608 957 2662 καὶ
984 2605 1194 2661 διαλύει
1228 2603 1556 2681 παραλόγως
1613 2604 1690 2666 εἷς
1738 2606 1875 2679 χοῦν
1923 2600 2019 2662 τὰς

365 2702 502 2772 πρὸς
560 2700 828 2764 θάλασσαν
886 2698 1059 2759 οἰκίας
1122 2701 1226 2752 τῶν
1283 2695 1334 2767 ἐξ
1401 2694 1627 2769 ἑσπέρας
1693 2691 1877 2763 ἐθνῶν,
1940 2692 2017 2765 μὴ

370 2788 679 2845 διαστεῖλαν
731 2792 828 2843 τοῦ
885 2786 1161 2860 πολεμίου
1217 2785 1284 2841 τὰ
1342 2783 1550 2862 φίλιον.
1603 2779 2017 2857 Ἐδυσχέραινον

371 2878 468 2935 οῦν
500 2880 637 2956 πρὸς
675 2879 766 2947 τήν
799 2873 1062 2932 ἀϐουλίαν
1093 2875 1293 2943 ταύτην
1332 2873 1423 2929 καὶ
1467 2872 1694 2928 ἀτοπίαν
1743 2872 1807 2926 οὐ
1859 2871 2022 2944 μόνον

369 2970 488 3026 ὅσοι
538 2969 597 3024 ἐκ
646 2975 745 3038 τῆς
812 2966 1101 3045 Ἀμόλφης
1168 2968 1353 3037 ἤθεσιν
1402 2959 1825 3038 ἐντεθραμμένοι
1881 2961 2023 3016 Ῥω-

371 3063 613 3135 μαϊκοῖς,
653 3055 800 3113 ἀλλὰ
830 3058 919 3112 καὶ
952 3057 1005 3111 οἳ
1052 3061 1160 3111 τῶν
1211 3054 1271 3110 ἐκ
1315 3056 1414 3123 τῆς
1464 3053 1672 3122 Πίσσης
1719 3052 1818 3120 τήν
1864 3053 2024 3107 Κων-

365 3148 646 3206 σταντίνου
686 3145 1021 3212 ἀνθείλοντο.
1075 3146 1264 3216 Μηπω
1324 3144 1505 3199 τοίνυν
1555 3141 1728 3220 φυγὰς
1777 3138 1959 3219 ὀφθεὶς
1992 3138 2020 3192 ὁ

367 3237 623 3315 βασιλεὺς
679 3235 921 3309 Ἀλέξιος
977 3239 1247 3311 χρησταῖς
1298 3232 1479 3289 ἐλπίσι
1539 3230 1667 3295 τοὺς
1724 3228 1784 3285 ἐκ
1849 3225 2023 3284 τῶνδε

363 3334 472 3384 τῶν
505 3333 670 3405 γενῶν
695 3322 981 3383 ἐϐουκόλει
1010 3326 1102 3380 καὶ
1135 3325 1197 3380 τὸ
1230 3330 1331 3394 τῆς
1375 3323 1556 3393 λύπης
1615 3319 1807 3395 ἀθῄρει
1852 3318 2020 3375 πολύ.

367 3418 458 3481 Ὠς
499 3416 547 3473 δ’
596 3419 623 3472 ὁ
686 3418 783 3491 μὲν
841 3413 1070 3491 δρασμῷ
1110 3413 1414 3492 ἐχρήσατο,
1478 3409 1802 3487 βασιλεύσας
1852 3405 1899 3463 δ’
1951 3406 2021 3477 ἦν

372 3509 661 3578 Ἰσαάκιος,
726 3506 1094 3562 καταλλάσσει
1153 3505 1281 3566 τοὺς
1369 3502 1429 3557 ἐκ
1483 3508 1583 3571 τῆς
1638 3501 1846 3570 Ιίίσσης
1903 3503 2020 3560 τοῖς

370 3597 688 3666 Βενετίκοις,
720 3598 837 3651 καθ’
891 3597 1052 3669 ἡμῶν
1105 3594 1193 3649 καὶ
1245 3596 1409 3648 τοῦτο
1458 3591 1850 3663 ἀσυντηρήτως
1897 3587 2016 3643 ἐπι·
2059 3618 2102 3685 C

366 3689 735 3766 τεχνώμενος·
777 3683 920 3740 οἱδὶ
967 3684 1104 3759 πρὸς
1154 3683 1253 3752 τὴν
1316 3679 1546 3756 Ηεραίαν
1600 3678 1921 3754 ἀπάραντες,
1963 3676 2018 3734 ἐν

372 3776 700 3849 ᾖκατὲλυον
740 3776 792 3830 οἱ
833 3771 1109 3851 διάφοροι,
1161 3770 1404 3846 γίνονται
1462 3775 1583 3831 τοῖς
1632 3770 1826 3843 πρώην
1880 3767 2027 3822 ἀντί·

372 3885 532 3943 φροσι
566 3865 825 3936 σύσκηνοι
880 3863 971 3918 καὶ
1031 3858 1354 3936 ὁμόδειπνοι
1407 3859 1498 3915 καὶ
1542 3858 1609 3913 τα
1664 3859 1839 3913 πάντα
1890 3878 2031 3931 συμ-

376 3960 527 4031 φυεῖς
593 3956 680 4010 καὶ
752 3952 1073 4033 ὁμόφρονες.
1164 3946 1679 4018 Ἐννεακαιδεκάτην
1752 3945 2033 4024 διάγοντος

377 4050 474 4101 τοῦ
522 4044 834 4119 Αὐγούστου
895 4043 1086 4117 μηνὸς,
1145 4047 1245 4111 τῆς
1302 4038 1467 4111 ἕκτης
1519 4036 1883 4108 ίνδικτιῶνος,
1933 4040 2031 4091 τοῦ

380 4132 856 4209 ὲξακισχιλιοστοῦ
900 4132 1331 4186 ἐπτακοσιοστοῦ
1377 4127 1467 4182 καὶ
1516 4124 1804 4181 ἑνδεκάτου
1854 4123 2030 4195 ἔτους,

379 4225 520 4285 τινες
575 4227 683 4276 τῶν
742 4220 1101 4294 Φραγγίσκων
1163 4218 1335 4299 (οὗτοι
1404 4214 1461 4270 δὲ
1520 4213 1655 4269 εἰσιν
1731 4217 1782 4268 οί
1858 4212 2033 4269 πάλαι

381 4310 694 4384 Φλαμίονες
743 4306 1195 4379 κικλησκόμενοι)
1248 4301 1521 4361 Πισσαίων
1587 4302 1677 4358 καὶ
1740 4302 2037 4359 Βενετίκων

385 4406 577 4476 μοῖραν
646 4396 1105 4476 προσειληφότες,
1175 4395 1248 4457 ὡς
1305 4393 1383 4450 εἷς
1472 4390 1605 4466 ὄψον
1658 4390 1883 4464 ’ὲτοιμον
1944 4390 2034 4446 καὶ

380 4489 811 4566 προχειρότατον
838 4484 1066 4564 ἕρμαιον
1100 4486 1166 4541 τὰ
1209 4487 1320 4540 τῶν
1370 4485 1708 4558 Σαρακηνῶν
1760 4477 2034 4537 διαπλωΐ-

387 4587 563 4652 ζονται
594 4582 880 4659 χρήματα.
916 4578 1013 4632 Καὶ
1047 4574 1114 4645 δὴ
1164 4576 1227 4632 τὸ
1282 4574 1564 4649 σύνταγμα
1603 4572 1776 4627 ἐκεῖνο
1823 4571 1886 4627 τὸ
1935 4591 2040 4626 πο-

384 4673 549 4747 νηρὸν
578 4675 647 4746 τῇ
680 4670 840 4725 πόλει
871 4667 1149 4744 προσσχὸν
1203 4663 1271 4720 δι’
1320 4661 1562 4720 ἁλιάδων
1621 4659 1769 4736 (οὐδὲ
1817 4661 1919 4737 γὰρ
1971 4660 2038 4730 ἧν

386 4762 531 4825 τιςὸ
576 4758 1007 4832 προσιστάμενος
1056 4756 1203 4815 ’ὀλως
1258 4753 1542 4811 ἐπιπλὲσιν
1593 4756 1729 4829 σφᾶς
1781 4754 1849 4826 τῇ
1880 4749 2044 4807 πόλει

382 4854 470 4908 καὶ
510 4851 659 4911 αὖθις
708 4848 1010 4923 ἀνάγεσθαι)
1071 4850 1149 4917 τῷ
1206 4848 1313 4899 τῶν
1370 4843 1419 4913 ἐξ
1478 4848 1658 4919 ’Ἅγαρ
1720 4840 2044 4918 συναγωγίῳ

384 4939 565 5015 λάθρα
620 4938 1086 5005 ἐπεισπίπτουσιν,
1138 4938 1166 4989 δ
1216 4955 1347 5012 φησι
1410 4931 1653 4990 Μιτάτον
1693 4932 1727 5000 ἡ
1766 4927 2037 5003 δημώδης

376 5028 699 5109 ιδιάλεκτος,
747 5025 836 5083 καί
884 5027 950 5082 τὰ
997 5024 1182 5080 ἐνόντα
1244 5022 1378 5095 μετᾶ
1427 5020 1612 5101 ξίφους
1664 5019 2035 5092 λῃστεύουσιν.

393 5128 462 5183 Ως
519 5119 564 5175 δ⁸
621 5120 764 5175 οὕτω
829 5119 998 5172 ταῦτα
1056 5111 1393 5189 παραλόγως
1459 5110 1549 5166 καὶ
1620 5110 1752 5184 ὑπὲρ
1812 5106 2040 5180 δόκησιν

383 5212 553 5263 πᾶσαν
584 5210 981 5281 παρηνομεῖτο,
1024 5202 1302 5277 ἠμύνοντο
1367 5202 1462 5275 μὲν
1504 5198 1699 5261 αὐτοὺς
1753 5200 1804 5253 οἱ
1854 5207 2038 5273 Σαρα-

386 5298 543 5363 κηνοὶ
598 5300 691 5361 τὰς
747 5302 940 5373 χεῖρας
1006 5298 1124 5355 τοῖς
1203 5293 1614 5366 παρατυχοῦσιν
1695 5287 2040 5358 ὁπλίσαντες,

390 5379 745 5454 ἐπιϐοηθοῦσι
798 5384 854 5440 δὲ
901 5386 990 5440 καί
1048 5385 1337 5456 Ῥωμαῖοι,
1396 5378 1543 5453 παρᾶ
1585 5385 1686 5443 τῆς
1727 5382 1825 5434 τοῦ
1870 5382 2039 5433 κακοῦ

387 5474 580 5547 φήμης
615 5473 784 5530 ἐκεῖσε
806 5472 1216 5547 συνηλισμένοι’
1251 5474 1399 5546 [356]
1421 5469 1525 5527 Καὶ
1549 5468 1746 5524 οὔκουν
1782 5468 1876 5542 μὲν
1899 5470 2035 5523 ἅπαν

384 5562 584 5619 ὁπόσον
610 5563 700 5618 καὶ
749 5560 856 5619 ἔδει
912 5566 1236 5636 κατήνυσαν,
1286 5559 1374 5617 ἐπὶ
1426 5557 1483 5615 δὲ
1543 5559 1727 5633 βραχὺ
1782 5565 1881 5628 τῆς
1928 5562 2036 5614 τῶν

383 5647 590 5729 ἀνδρῶν
647 5648 865 5708 ἐκείνων
916 5652 1230 5728 ὁμαιχμίας
1280 5649 1637 5724 ἀναχώρησις
1691 5647 1917 5721 γίνεται.
1968 5649 2038 5706 Οἱ

2131 2351 2275 2391 sana
2299 2336 2550 2392 consilia
2581 2337 2940 2409 amplectens
2974 2353 3078 2393 nec
3111 2336 3349 2393 meliora
3398 2336 3781 2393 suadentibus

2129 2425 2559 2497 obtemperans,
2585 2443 2718 2482 cum
2742 2427 2867 2498 jam
2906 2426 3106 2482 hostes
3129 2427 3187 2481 in
3222 2426 3517 2483 Romanas
3543 2427 3780 2498 provin-

2129 2513 2250 2570 cias
2310 2515 2681 2587 irrupissent,
2736 2520 2943 2588 praeter
3004 2530 3238 2571 omnem
3291 2515 3783 2586 exspectationem

2130 2603 2253 2661 solo
2293 2609 2483 2678 aequat
2513 2614 2568 2661 et
2599 2606 2657 2661 in
2692 2605 2987 2679 pulverem
3026 2605 3238 2676 redigit
3269 2604 3599 2661 maritimas
3630 2604 3785 2661 occi-

2130 2693 2453 2750 dentalium
2487 2695 2747 2765 gentium
2801 2695 2978 2762 aedes,
3010 2695 3217 2750 amicis
3247 2693 3316 2750 ab
3359 2694 3632 2751 hostibus
3667 2711 3784 2750 non

2128 2783 2445 2840 distinctis.
2488 2785 2626 2840 Eam
2680 2784 3063 2841 temeritatem
3096 2789 3152 2840 et
3183 2784 3605 2840 absurditatcm
3668 2800 3785 2839 non

2128 2878 2358 2929 tantum
2392 2874 2544 2930 cives
2576 2875 2954 2944 Romani,sed
2987 2879 3044 2931 et
3064 2874 3264 2931 Pisani
3295 2874 3571 2946 inquilini
3607 2891 3784 2946 aeger-

2129 2963 2277 3018 rime
2318 2961 2598 3018 tulerunt.
2634 2962 2863 3018 Alexius
2921 2967 3118 3019 autem
3180 2968 3498 3036 antequam
3539 2964 3790 3035 fugeret,

2130 3067 2329 3106 earum
2360 3052 2623 3124 gentium
2667 3051 2938 3108 homines
2993 3052 3147 3109 bona
3179 3069 3282 3124 Spe
3310 3052 3567 3108 lactabat
3622 3050 3780 3107 dolo-

2128 3157 2370 3214 remque
2401 3142 2724 3214 mitigabat.
2752 3141 2823 3198 Ut
2852 3158 2985 3198 vero
3014 3143 3063 3199 is
3095 3142 3153 3199 in
3198 3144 3373 3214 pedes
3419 3159 3480 3199 se
3512 3142 3785 3213 conjecit,

2130 3231 2385 3288 Isaacius
2428 3229 2677 3303 imperio
2709 3235 3044 3303 recuperato
3090 3231 3336 3288 Pisanos
3380 3247 3513 3287 cum
3546 3229 3787 3287 Venetis

2130 3322 2189 3377 in
2212 3325 2469 3377 nostram
2498 3322 2763 3379 fraudem
2797 3338 3014 3394 magna
3039 3337 3175 3378 cum
3211 3323 3541 3380 temeritate
3589 3338 3788 3378 recon-

2130 3410 2309 3467 ciliet.
2345 3412 2389 3467 li
2420 3428 2552 3468 vero
2582 3416 2835 3468 Peream
2869 3410 3135 3485 profecti,
3170 3411 3272 3468 ubi
3332 3411 3646 3469 adversarii
3705 3413 3788 3468 di-

2129 3501 2531 3572 versabantur,
2589 3510 2849 3559 veterum
2910 3501 3285 3557 inimicorum
3375 3501 3645 3573 hospitiis
3728 3505 3786 3557 et

2131 3590 2398 3646 convictu
2434 3592 2576 3646 731
2616 3593 2878 3660 utuntur,
2902 3607 3134 3648 summa
3164 3607 3296 3646 cum
3355 3591 3441 3647 eis
3481 3590 3786 3646 familiari-

2135 3683 2250 3735 tate
2284 3679 2447 3747 inita,
2484 3680 2706 3738 mensis
2732 3680 2984 3754 Augusti
3016 3682 3110 3737 die
3140 3680 3374 3737 decima
3405 3697 3579 3749 nona,
3623 3684 3788 3736 sexta

2134 3769 2474 3837 indictione,
2507 3770 2643 3826 anui
2699 3771 2864 3827 6711.
2912 3770 3159 3834 Quidam
3218 3786 3349 3828 vero
3406 3787 3474 3825 ex
3529 3768 3786 3837 Francis,

2136 3860 2237 3931 qui
2267 3858 2405 3915 olim
2440 3859 2708 3915 Flaminii
2740 3860 3121 3928 vocabantur,
3155 3860 3498 3917 Pisanorum
3531 3864 3589 3914 et
3617 3860 3787 3915 Vene-

2138 3957 2328 4005 torum
2362 3949 2596 4005 cohorte
2652 3954 2981 4022 assumpta,
3014 3950 3086 4005 ad
3126 3949 3486 4021 diripiendas
3516 3952 3787 4003 Sarrace-

2141 4056 2348 4095 norum
2393 4038 2700 4096 facultates
2755 4044 3035 4111 tanquam
3086 4041 3156 4095 ad
3219 4046 3482 4111 paratam
3531 4038 3786 4110 praedam

2140 4129 2463 4200 trajiciunt.
2526 4130 2605 4185 Ea
2689 4128 2971 4185 scelerata
3030 4129 3200 4186 factio
3262 4145 3392 4185 cum
3454 4129 3524 4185 ad
3584 4127 3789 4182 urbem

2140 4218 2470 4290 appulisset
2503 4218 2717 4289 (neque
2748 4219 2904 4275 enim
2938 4220 3249 4291 quisquam
3279 4224 3401 4275 erat
3431 4219 3531 4289 qui
3590 4233 3790 4274 eorum

2141 4305 2227 4362 vel
2261 4322 2561 4362 accessum
2594 4306 2680 4362 vel
2708 4323 2997 4364 recessum
3026 4307 3376 4380 impediret),
3413 4309 3469 4362 in
3520 4308 3789 4364 Sarrace-

2145 4412 2352 4451 norum
2385 4412 2766 4469 synagogam,
2793 4413 2970 4468 quam
3011 4397 3185 4469 vulgo
3244 4398 3513 4454 Mitatum
3567 4397 3789 4466 dicunt,

2146 4486 2483 4558 irrumpunt
2512 4493 2564 4543 et
2592 4502 2691 4559 per
2722 4486 2834 4543 vim
2863 4487 3059 4544 omnia
3091 4488 3398 4562 diripiunt.
3435 4493 3572 4546 Eam
3631 4490 3790 4545 inex-

2147 4578 2470 4647 spectatam
2505 4574 2781 4646 injuriam
2803 4577 3102 4633 Sarraceni
3134 4576 3315 4633 armis
3347 4578 3793 4650 obiterarreptis

2152 4663 2539 4733 ulciscuntur,
2575 4664 2853 4721 Romanis
2887 4665 3059 4721 etiam
3094 4665 3220 4737 ejus
3257 4667 3389 4722 mali
3449 4667 3602 4723 fama
3633 4666 3790 4722 exci-

2150 4755 2290 4812 tatis
2322 4755 2727 4827 adjutantibus
2757 4771 2770 4811 :
2812 4772 2997 4827 neque
3028 4762 3221 4813 tamen
3254 4755 3571 4829 proﬁciunt
3602 4774 3795 4828 quan-

2154 4850 2279 4901 tum
2366 4846 2691 4918 oportebat,
2765 4851 2911 4902 coetu
2977 4846 3074 4903 illo
3161 4846 3415 4903 militum
3505 4846 3795 4918 paulisper

2157 4936 2442 4991 duntaxat
2462 4940 2811 5008 rcgresso,et
2840 4935 3062 4992 omissa
3093 4936 3509 4992 defensionead
3544 4935 3793 4991 alterum

2150 5024 2485 5081 incandium
2545 5025 2735 5097 priore
2790 5025 3029 5081 vixdum
3091 5026 3371 5081 restincto
3422 5031 3795 5098 properante,

2150 5129 2285 5170 cum
2320 5113 2674 5185 experientia
2695 5113 3043 5170 didicissent
3075 5114 3217 5170 nihil
3244 5131 3372 5171 esse
3394 5114 3690 5171 efﬁcacius
3722 5114 3795 5170 ad

2154 5203 2350 5258 urbem
2388 5202 2785 5259 ulciscendam
2842 5207 2900 5260 et
2941 5204 3309 5261 evertendam
3369 5221 3542 5275 quam
3575 5204 3793 5276 ignem.

2154 5292 2398 5349 Proinde
2428 5294 2603 5348 Variis
2631 5294 2689 5348 in
2744 5292 2888 5350 locis
2938 5293 3185 5366 dispersi
3244 5294 3396 5351 mdes
3453 5295 3797 5350 incendunt.

2150 5381 2414 5437 Flamma
2445 5399 2580 5439 vero
2611 5399 2788 5454 supra
2824 5384 3236 5455 cogitationem
3289 5384 3350 5439 in
3413 5383 3598 5439 altum
3641 5383 3800 5439 elata

2151 5477 2332 5527 totam
2367 5472 2527 5528 illam
2560 5477 2786 5529 noctem
2845 5479 2904 5529 et
2956 5473 3258 5546 postridie,
3282 5489 3347 5530 eo
3377 5473 3517 5530 item
3576 5473 3669 5528 die
3702 5472 3801 5545 qui

2151 5562 2514 5636 sequebatur
2558 5562 2625 5617 ad
2670 5578 2971 5635 vesperam
3006 5579 3217 5635 usque,
3263 5562 3463 5618 omnia
3493 5564 3805 5634 pervagata

2151 5661 2256 5710 est.
2293 5651 2641 5710 Inusitatum
2672 5651 2731 5708 id
2792 5652 3197 5725 spectaculum
3235 5652 3390 5710 782
3442 5652 3573 5724 fuit,
3601 5655 3659 5709 et
3687 5649 3803 5707 tale
