4074 6398
301 385 424 446 935

1629 369 1939 439 NICETE
1980 369 2184 434 (ΞΗοΝ
2193 368 2404 435 ῙΑΤΕ

303 517 462 590 quod
494 515 653 571 nulla
685 512 869 570 oratio
893 510 1079 584 possit
1119 510 1421 583 consequi.
1451 511 1597 566 Nam
1627 527 1760 566 cum
1794 507 1958 581 prius

2074 501 2130 559 δὲ
2161 506 2224 560 τὸ
2256 501 2328 560 δι’
2358 501 2548 559 ὃπλων
2581 505 2824 581 ἀντέχειν
2887 507 3138 580 μεθέντες
3181 507 3270 566 ἐπὶ
3327 516 3406 586 τῷ
3458 516 3534 586 μὴ
3589 517 3728 574 πάνυ

300 607 576 663 maximis
607 609 664 659 et
695 603 1024 660 innumeris
1059 604 1176 658 fere
1239 600 1531 657 incendiis
1565 601 1708 656 urbs
1743 599 1965 655 afﬂicta

301 696 495 764 fuerit,
530 694 672 750 illud
727 693 1018 763 ejusmodi
1077 692 1186 746 fuit
1246 696 1311 746 ut
1340 699 1549 747 caetera
1611 705 1726 762 prae
1757 704 1825 743 eo
1859 703 1962 759 pro

302 785 488 842 nihilo
548 789 913 856 putarentur.
970 783 1114 838 Cum
1202 781 1358 836 varie
1423 783 1752 850 interrupta
1813 775 1962 832 serie

303 876 1206 951 spargeretur,rursuscoibat,ut
1235 873 1402 946 igniti
1431 871 1695 928 ﬂuminis
1728 869 1958 926 alveum

304 971 760 1039 representaret.
824 964 1093 1020 Porticus
1123 964 1495 1028 corruebant,
1525 957 1960 1032 elegantissima

304 1057 431 1112 fora
459 1059 891 1124 evertebantur,
926 1053 1196 1110 maximae
1255 1053 1544 1109 columna:
1603 1047 1779 1104 veluti
1839 1061 1958 1100 sar-

305 1149 502 1202 menta
531 1145 1031 1211 absumebantur;
1067 1158 1252 1214 neque
1286 1141 1604 1212 quidquam
1635 1139 1763 1191 erat
1799 1133 1956 1206 quod

303 1233 465 1290 illius
487 1233 1036 1306 ignisvehe'nentise
1058 1229 1546 1286 resisteret.Globi
1577 1227 1954 1281 ﬂammarum

307 1323 380 1381 ab
413 1323 655 1379 immani
691 1323 790 1378 illo
823 1321 1092 1378 incendio
1124 1320 1310 1376 avulsi
1372 1316 1712 1374 mirabiliter
1771 1330 1958 1370 reme-

308 1417 397 1470 tas
429 1415 582 1470 aedes
615 1430 716 1484 per
745 1411 1227 1468 certaintervalla
1251 1406 1698 1473 consumebant,
1729 1403 1804 1460 iis
1854 1402 1957 1476 qui

307 1501 629 1572 interjectas
655 1507 822 1559 erant
853 1500 1092 1556 intactis
1125 1515 1140 1556 :
1173 1500 1272 1555 sed
1307 1497 1482 1569 paulo
1515 1498 1649 1566 post
1676 1510 1774 1550 eas
1806 1510 1954 1565 quo-

307 1610 422 1667 que
452 1593 671 1650 reversi
723 1591 1082 1648 cremabant.
1119 1593 1180 1644 In
1215 1587 1420 1644 multis
1467 1585 1610 1642 locis
1642 1588 1798 1640 recta
1829 1599 1956 1654 pro-

306 1697 545 1755 gressus
585 1680 740 1752 ignis
773 1680 844 1735 ab
902 1677 1189 1750 Aquilone
1245 1674 1559 1746 impulsus,
1593 1673 1762 1744 paulo
1822 1673 1956 1742 post

307 1771 477 1844 quasi
503 1770 574 1825 ab
622 1773 835 1824 Austro
865 1765 1211 1836 exagitatus,
1239 1763 1518 1835 obliquus
1571 1761 1951 1825 cernebatur;

307 1862 366 1913 et
417 1873 487 1912 ea
539 1871 774 1928 quoque
823 1853 1209 1909 consumebat
1277 1867 1404 1922 quas
1459 1849 1654 1906 omnis
1709 1845 1950 1920 periculi

311 1947 569 2017 expertia
619 1944 994 2017 putabantur.
1050 1941 1114 1997 Id
1172 1939 1391 1996 malum
1441 1939 1617 1994 etiam
1676 1935 1958 2008 templum

312 2036 633 2090 maximum
651 2029 1095 2102 comprehendit
1119 2049 1134 2098 ;
1152 2037 1202 2084 et
1219 2045 1418 2100 quaeeu
1432 2045 1584 2100 nque
1600 2027 1669 2082 ad
1688 2026 1830 2082 Miiii
1849 2025 1962 2080 for-

311 2125 502 2180 nicem
533 2123 850 2192 verguntet
867 2133 999 2172 cum
1017 2117 1288 2172 Macrone
1301 2120 1357 2171 et
1377 2114 1628 2188 Synodis
1642 2113 1962 2177 cohaerent,

314 2211 468 2267 188
539 2210 907 2272 corruerunt,
987 2203 1132 2260 nihil
1206 2220 1379 2275 opere
1446 2203 1734 2270 latericio,
1811 2198 1960 2256 nihil

307 2297 613 2357 altissimis
647 2297 1048 2352 fundamentis
1081 2294 1514 2366 adjuvantibus,
1548 2293 1648 2348 sed
1687 2290 1962 2346 omnibus

307 2387 650 2446 cedentibus
681 2399 738 2441 et
767 2386 955 2441 instar
977 2384 1324 2457 lychnorum
1389 2381 1744 2453 absumptis.
1778 2379 1964 2452 Cmpit

310 2477 650 2535 incendium
682 2475 1050 2549 asynagogio
1077 2475 1557 2541 Sarracenorum,
1581 2471 1742 2544 quod
1774 2471 1843 2524 ad
1870 2485 1966 2526 se-

313 2565 761 2642 ptentrionalem
824 2564 986 2620 urbis
1052 2570 1270 2636 partem
1331 2565 1400 2620 ad
1461 2579 1620 2619 mare
1677 2564 1735 2617 et
1780 2561 1961 2616 eadem

313 2657 460 2712 divas
493 2655 687 2711 Ircnes
721 2654 944 2727 vergit;
983 2671 1186 2710 versus
1243 2656 1526 2710 orientem
1559 2651 1617 2706 in
1649 2649 1966 2708 latitudine

310 2747 373 2802 in
405 2751 624 2816 templo
661 2744 916 2801 maxime
973 2744 1174 2800 desiit:
1209 2744 1281 2800 ad
1329 2757 1606 2799 occasum
1668 2756 1860 2812 usque
1891 2738 1963 2793 ad

315 2837 558 2893 Perama
623 2853 686 2891 se
735 2835 1012 2902 extendit,
1045 2839 1223 2905 atque
1280 2833 1416 2890 inde
1473 2833 1532 2888 in
1582 2830 1964 2887 latitudinem

311 2925 477 2982 urbis
503 2941 562 2980 se
588 2924 859 2992 diﬂ'udit;
892 2929 993 2978 aut
1025 2924 1216 2994 potius
1276 2917 1557 2977 inusitato
1605 2919 1781 2974 modo
1833 2933 1964 2973 eam

311 3015 492 3071 veluti
522 3013 860 3070 transiliens
887 3013 1094 3068 domos
1125 3011 1499 3066 suburbanas
1521 3005 1878 3076 absumpsit,
1908 3008 1967 3060 et

315 3104 483 3161 navis
508 3102 568 3157 in
610 3102 802 3158 medio
834 3117 1006 3156 cursu
1039 3099 1394 3155 carbonibus
1420 3099 1478 3152 in
1530 3113 1657 3152 eam
1701 3093 1964 3150 excussis

318 3193 723 3263 conﬂagravit.
759 3192 820 3246 In
856 3191 1083 3244 cineres
1142 3187 1376 3242 redacta
1431 3187 1573 3241 sunt
1621 3187 1678 3240 et
1730 3181 1960 3238 Domini

316 3290 523 3347 rostra,
571 3285 628 3335 et
659 3277 925 3349 duplices
968 3276 1106 3332 tecti
1141 3275 1401 3330 ambitus
1426 3291 1458 3328 a
1487 3271 1644 3328 Milio
1692 3270 1968 3340 incipien-

318 3377 426 3438 tes,
493 3381 748 3438 quorum
839 3365 986 3420 alter
1068 3364 1140 3418 ad
1213 3364 1412 3434 ipsum
1493 3359 1967 3432 Philadelphium

324 3457 616 3529 pertinet;
688 3469 924 3525 unaque
999 3451 1365 3509 Constantini
1425 3450 1640 3518 forum,
1708 3454 1765 3506 et
1839 3465 1968 3521 quas

318 3546 623 3615 interjecta
673 3550 815 3599 sunt
889 3543 1090 3598 omnia
1188 3558 1394 3598 versus
1486 3539 1964 3613 Septentrionem

319 3639 373 3692 et
442 3636 744 3690 Austrum.
799 3631 916 3689 Nec
965 3632 1161 3702 ipsum
1238 3631 1547 3703 Hippicum
1621 3629 1968 3686 inviolatum

322 3721 689 3796 permansit:
740 3721 839 3778 sed
887 3721 1016 3793 ejus
1069 3737 1303 3794 quoque
1352 3738 1486 3794 pars
1537 3721 1825 3777 occidenti
1867 3718 1969 3774 ob-

319 3829 488 3868 versa
520 3812 755 3883 penitus
786 3810 1179 3882 conﬂagravit,
1227 3811 1450 3882 ei-quaa
1507 3811 1577 3865 ad
1632 3809 1883 3880 Sephias
1913 3812 1972 3866 et

322 3903 656 3958 Baecanum
729 3901 1129 3972 porriguntur,
1189 3903 1247 3955 et
1317 3899 1592 3971 deinceps
1660 3897 1972 3954 Eleutherii

324 3991 598 4063 partibus
625 3991 1006 4047 contermina.
1041 3994 1184 4046 Cum
1244 3994 1440 4044 autem
1487 3986 1825 4044 incendium
1880 4003 1974 4042 ur-

322 4081 454 4137 bem
487 4098 520 4137 a
553 4081 696 4136 mari
724 4097 911 4152 usque
945 4081 1016 4136 ad
1060 4095 1221 4134 mare
1277 4077 1386 4135 hoc
1435 4077 1609 4132 modo
1639 4081 1886 4133 vastaret
1916 4081 1974 4132 et

321 4169 384 4226 in
414 4169 641 4226 hiatum
692 4169 1093 4225 vastissimum
1150 4167 1296 4224 785
1359 4165 1752 4236 discessisset,
1784 4165 1972 4238 ignito

326 4259 558 4316 ﬂumini
616 4257 832 4327 simile,
865 4256 1039 4314 amici
1089 4273 1206 4314 non
1263 4256 1411 4312 citra
1469 4254 1796 4329 periculum
1860 4254 1974 4311 nisi

327 4349 562 4422 navigio
585 4347 732 4405 adiri
763 4351 1050 4420 poterant.
1081 4352 1244 4404 Tunc
1273 4348 1464 4418 major
1495 4363 1630 4420 pars
1682 4345 1974 4402 habitato-

326 4456 458 4496 rum
511 4437 671 4495 urbis
702 4440 785 4494 rei
853 4437 1164 4494 familiaris
1213 4438 1511 4508 jacturam
1565 4437 1719 4508 fecit,
1754 4437 1975 4510 quippe

325 4545 464 4585 cum
510 4527 668 4600 ignis
715 4526 862 4583 alios
911 4543 1015 4582 nec
1056 4526 1368 4598 Opinantes
1411 4528 1827 4599 Oppressisset,
1875 4525 1974 4582 alii

2073 593 2338 670 πρότερον
2383 592 2697 672 ἒμπρησμῷ
2748 592 3092 656 διανοοῦνται
3139 600 3231 656 καὶ
3289 599 3558 679 δεύτερον,
3613 608 3732 663 ἀνυ-

2073 684 2384 756 σιμώτατον
2453 687 2786 760 ἀμυντήριον
2841 687 2933 742 καὶ
2992 689 3126 764 ὑπὲρ
3189 684 3328 747 ἅπαν
3385 691 3569 770 ἓτερον
3625 698 3727 768 τήν

2069 772 2234 828 πόλιν
2267 769 2396 848 ἕχον
2455 775 2598 850 ταχὺ
2647 777 3078 853 κατεργάσασθαι
3125 777 3287 853 πείρᾳ
3349 769 3731 857 μεμαθηκότες

2067 861 2131 916 τὸ
2161 865 2288 938 πῦρ.
2354 860 2458 918 Καὶ
2508 860 2576 932 δὴ
2635 863 2772 920 κατά
2829 863 3124 931 πλείστους
3168 865 3483 936 διαστάντες
3525 873 3728 937 τόπους

2064 952 2173 1023 πῦρ
2224 954 2343 1012 ταῖς
2401 950 2604 1015 οἰκίαις
2660 953 2990 1028 ὑφάπτουσι.
3052 957 3128 1014 Τὸ
3213 954 3272 1014 δὲ
3359 965 3725 1036 μεταρσιωθὲν

2067 1037 2202 1112 ὑπὲρ
2259 1037 2468 1096 ἔννοιαν
2532 1042 2632 1112 τὴν
2717 1043 2885 1102 νύκτα
2960 1044 3100 1118 ὅλην
3177 1047 3388 1118 ἐκείνην
3462 1053 3552 1107 καὶ
3623 1055 3722 1124 τὴν

2062 1124 2318 1184 ἐπιοῦσαν
2383 1129 2593 1206 ἡμέραν
2648 1133 2739 1188 καὶ
2795 1135 2895 1204 τὴν
2975 1136 3182 1208 ταύτης
3281 1136 3548 1216 διάδοχον
3638 1143 3727 1199 έσ-

2062 1217 2228 1294 πέραν
2256 1220 2319 1276 τὸ
2349 1226 2452 1276 πᾶν
2511 1220 2822 1298 ἐπενέμετο.
2887 1227 2991 1282 Καὶ
3039 1227 3106 1296 ἦν
3155 1229 3340 1284 καινὸν
3387 1231 3452 1286 τὸ
3506 1234 3724 1308 ὁρώμε-

2060 1329 2149 1364 νον
2191 1309 2282 1365 καὶ
2340 1317 2514 1368 πᾶσαν
2571 1309 2893 1389 ὑπερϐαῖνον
2953 1313 3122 1392 λόγου
3181 1315 3428 1391 δύναμιν·
3489 1321 3724 1379 πολλῶν

2060 1399 2162 1474 γὰρ
2193 1400 2284 1454 καὶ
2315 1397 2502 1456 ἄλλων
2542 1406 2611 1475 τῇ
2660 1403 2822 1458 πόλει
2883 1405 3152 1479 πρότερον
3207 1405 3582 1482 ἐμπρησμῶν,
3640 1412 3729 1468 ού-

2065 1493 2256 1561 μενοῦν
2305 1487 2430 1564 εἴπῃ
2490 1510 2574 1551 τις
2643 1491 2858 1545 ὁπόσων
2917 1493 3009 1546 καὶ
3069 1491 3201 1548 οτίων
3258 1499 3660 1570 γεγενημένων,
3695 1503 3722 1554 ὁ

2059 1573 2182 1633 τότε
2243 1573 2456 1650 συμϐὰς
2515 1578 2824 1652 ἐναύσματα
2885 1579 3096 1655 βραχέα
3148 1583 3276 1645 τοὺς
3330 1585 3530 1647 πάντας
3583 1585 3719 1642 ἀπέο

2061 1663 2216 1740 δειεε.
2263 1665 2566 1743 Πολλαχοῦ
2613 1668 2716 1744 γάρ
2762 1664 3150 1743 διαιρούμενος
3197 1671 3289 1727 καὶ
3336 1669 3721 1748 διασπώμενος

2057 1763 2157 1826 τῆς
2213 1756 2494 1834 συνεχείας
2549 1755 2706 1822 αὖθις
2763 1761 3093 1834 συνήρχετο,
3153 1761 3244 1815 καὶ
3295 1762 3368 1824 ὠς
3423 1763 3500 1825 εἰς
3551 1763 3719 1818 ὁλκὸν

2064 1846 2156 1902 ἓνα
2228 1847 2525 1922 πυρόεντος
2601 1849 2902 1917 συνήπτετο
2977 1853 3250 1921 ποταμοῦ.
3338 1851 3722 1925 ’Λνετρέποντο

2071 1937 2248 2004 στοαὶ,
2281 1935 2492 2012 ἀγορῶν
2521 1933 2704 2006 κάλλη
2751 1933 3186 2012 κατεβριπτεῑτο,
3236 1938 3436 1993 κιόνων
3492 1941 3722 2016 μέγεθος

2069 2021 2376 2102 διεφορεῖτο
2405 2025 2526 2088 καθ’
2556 2023 2696 2095 ὓλην
2731 2019 3058 2097 εὔπρηστον.
3105 2026 3222 2083 Οὐκ
3266 2026 3333 2097 ἦν
3388 2033 3500 2084 τῶν
3548 2025 3720 2086 ὄντων

2068 2111 2223 2170 οὐδὲν
2257 2115 2286 2168 ὅ
2323 2115 2390 2182 ἦν
2443 2111 2651 2168 ἐκείνου
2699 2117 2801 2169 τοῦ
2848 2114 3018 2188 πυρὸς
3066 2117 3488 2193 σθεναρώτερον.
3540 2118 3614 2174 Τὸ
3667 2115 3726 2174 δὲ

2071 2202 2137 2275 δὴ
2192 2200 2524 2280 παράδοξον,
2585 2203 2713 2257 ὡσεί
2780 2203 2970 2276 ψωμοὶ
3018 2205 3190 2278 πυρὸς
3245 2204 3295 2277 ἐξ
3354 2207 3566 2278 ἐκείνης
3621 2215 3723 2278 τῆς

2071 2288 2428 2372 βαρυϐρόμου
2495 2291 2585 2347 καὶ
2645 2289 2875 2367 σιδηρᾶς
2943 2292 3270 2368 ἐμπρήσεως
3324 2294 3721 2371 ἀποσπώμενοι

2065 2382 2156 2438 καὶ
2217 2381 2507 2460 φερόμενοι
2567 2378 2797 2455 διαέριοι
2847 2381 2944 2443 τὰς
3029 2383 3310 2459 πόρρωθεν
3389 2383 3717 2460 οἰκοδομίας

2063 2471 2416 2549 κατέφλεγον,
2458 2471 2548 2526 καί
2597 2467 2944 2545 διαστήματά
2991 2493 3106 2534 πως
3161 2473 3577 2548 ἀκοντιζόμενοι
3629 2476 3724 2532 καὶ

2068 2563 2142 2624 ὡς
2171 2561 2222 2615 οἱ
2272 2559 2324 2615 έν
2375 2559 2547 2635 αἰθέρι
2600 2557 2906 2632 διᾴττοντες
2948 2559 3331 2636 ἐκτεινόμενοι·
3387 2565 3478 2620 καὶ
3526 2566 3617 2621 τὸν
3667 2565 3722 2622 έν

2071 2650 2220 2725 μέσῳ
2261 2656 2446 2728 χῶρον
2489 2652 2649 2723 ἂθιγῆ
2706 2656 2784 2724 τῷ
2839 2649 2976 2716 τέως
3025 2653 3218 2715 ἐῶντες
3265 2655 3354 2709 καὶ
3404 2654 3724 2731 ἀκατάπρη-

2068 2762 2213 2804 στον,
2268 2741 2402 2814 μετά
2462 2739 2643 2818 βραχὺ
2692 2741 2941 2795 κάκεῖνον
2998 2740 3304 2806 ἐπανιόντες
3346 2745 3724 2821 συνέμαρπτον

2067 2831 2155 2886 καὶ
2209 2831 2488 2910 ἠφάνιζον.
2547 2831 2634 2887 'Ev
2693 2827 2932 2892 πολλοῖς
2987 2827 3044 2884 δὶ
3100 2831 3190 2886 καὶ
3246 2835 3362 2888 κατ’
3421 2834 3714 2910 εὐθυωρίαν

2066 2921 2130 2978 τὸ
2161 2925 2267 2994 πῦρ
2297 2919 2514 2996 προϊόν,
2562 2919 2650 2973 ὑπ’
2683 2919 2887 2992 ἀνέμου
2919 2919 3097 2995 βοῤῥᾶ
3143 2919 3530 2996 ἐλαυνόμενον,
3583 2924 3716 2996 μετά

2069 3009 2252 3086 βραχὺ
2309 3006 2694 3082 παρεκκλῖναν,
2744 3007 2819 3069 ὡς
2878 3007 2922 3062 εἰ
2971 3009 3128 3071 νότος
3175 3011 3311 3066 αότὸ
3369 3009 3718 3087 διειίρίπιζεν,

2067 3100 2248 3174 ὡρᾶτο
2281 3096 2542 3173 δόχμιον,
2574 3097 2854 3170 ἀμαυροῦν
2887 3095 3294 3176 ἐπιστροφάδην
3326 3102 3414 3156 καὶ
3443 3101 3511 3156 τὰ
3567 3100 3717 3164 ὅλως

2080 3187 2466 3262 ἐμπρησθῆναι
2521 3185 2885 3257 ἀνυπονόητα.
2932 3184 3340 3245 Συνεπελάϐετο
3405 3187 3461 3246 δὲ
3498 3190 3591 3246 καί
3633 3193 3731 3247 τοῦ

2058 3277 2342 3367 Δμεγίστου
2386 3277 2492 3331 νεὼ
2539 3275 2602 3331 τὸ
2661 3273 2860 3334 δεινόν.
2917 3277 3020 3334 Καὶ
3075 3275 3142 3346 δὴ
3201 3276 3297 3334 ὅσα
3355 3281 3492 3355 πρὸς
3559 3278 3730 3356 ἁψῖδα

2073 3364 2281 3423 νένευκε
2327 3369 2424 3421 τοῦ
2481 3364 2689 3421 Μιλίου
2754 3365 2844 3420 καὶ
2897 3365 2977 3439 τῷ
3031 3365 3270 3441 ἀνδρῶνι
3329 3377 3596 3440 συνῆπται
3649 3375 3731 3444 τῷ

2075 3455 2339 3528 Μάκρωνι
2391 3449 2598 3522 καὶτῷ
2661 3447 2941 3524 λεγομένῳ
2992 3449 3046 3504 αἰ
3092 3449 3348 3523 Σύνοδοι,
3401 3452 3480 3519 εἰς
3528 3452 3729 3535 ἔδαφος

2073 3546 2504 3623 κατεῤῥάγησαν,
2575 3547 2650 3618 μὴ
2717 3551 2819 3616 τῆς
2884 3546 3057 3615 ὁπτῆς
3127 3546 3503 3622 ἐπαρκεσάσης
3573 3545 3738 3603 πλίν-

2077 3649 2196 3708 θου,
2268 3637 2344 3709 μὴ
2389 3639 2496 3691 τῶν
2551 3633 2758 3710 βαθέων
2814 3635 3184 3710 ἀντισχόντων
3245 3634 3550 3708 θεμέθλων,
3601 3633 3733 3694 ἀλλ’

2077 3723 2342 3782 ἐνδόντων
2407 3723 2622 3780 πάντων
2682 3723 2772 3778 καὶ
2842 3721 2996 3795 δίκην
3052 3721 3398 3800 θρυαλλίδων
3469 3745 3738 3801 κατεργα-

2079 3815 2330 3880 σθέντων.
2372 3813 2608 3889 ’Ἠρξατο
2643 3813 2738 3885 μὲν
2798 3814 2889 3868 οῦν
2936 3815 2971 3884 ἡ
3021 3814 3214 3889 πρώτη
3259 3818 3358 3869 τοῦ
3401 3815 3572 3891 πυρὸς
3621 3816 3732 3892 διφῆ

2078 3903 2184 3958 ἀπὸ
2241 3906 2339 3958 τοῦ
2396 3900 2732 3978 συναγωγίου
2787 3905 2895 3956 τῶν
2953 3907 3286 3976 Σαραοιηνῶν
3351 3903 3435 3977 (τὸ
3503 3900 3561 3958 δέ
3620 3900 3735 3958 ἐστι

2077 3991 2216 4048 κατὰ
2239 3991 2303 4046 τὸ
2333 3991 2470 4066 πρὸς
2503 3989 2778 4056 θάλασσαν
2820 3989 3095 4052 ἐπικλινὶς
3152 3991 3372 4066 βόρειον
3425 3990 3589 4067 μέρος
3633 3994 3738 4056 τῆς

2079 4078 2297 4142 πόλεως
2353 4079 2444 4135 καὶ
2498 4084 2578 4152 τῷ
2627 4081 2836 4154 τεμένει
2907 4077 3120 4156 ἒγγίζον
3157 4079 3298 4136 Str.”
3359 4081 3586 4155 ὁνόματι
3633 4087 3741 4150 τῆς

2080 4169 2236 4244 ἁγίας
2291 4169 2535 4244 Εἰρήνης
2585 4165 2853 4244 ἵδρυται),
2903 4167 2995 4223 καὶ
3052 4168 3190 4243 πρὸς
3231 4165 3306 4224 ἕω
3375 4169 3494 4224 κατ’
3579 4167 3739 4244 εὖρος

2081 4257 2344 4338 λωφῆσαν
2388 4257 2441 4322 ἐς
2488 4259 2580 4314 τὸν
2635 4259 2768 4314 νεὼν
2808 4257 2901 4314 τὸν
2949 4256 3353 4334 παμμέγιστον,
3403 4258 3544 4314 κατά
3575 4255 3622 4313 δ’
3648 4259 3739 4312 ἔσο

2082 4347 2247 4425 πέραν
2307 4347 2362 4412 ἐς
2411 4348 2474 4404 τὸ
2528 4347 2822 4423 λεγόμενον
2904 4346 3128 4424 Πέραμα
3219 4346 3575 4420 ἐξεμηκίσθη,
3647 4346 3743 4402 καὶ

2085 4437 2311 4514 διερρύη
2345 4433 2532 4493 ἔκτοτε
2557 4441 2656 4493 τοῦ
2698 4435 2942 4493 πλάτους
2991 4431 3299 4511 λαϐόμενον
3346 4443 3450 4508 τῆς
3498 4434 3742 4508 πόλεως,

2090 4531 2125 4600 ἢ
2162 4527 2376 4604 μᾶλλον
2424 4528 2490 4584 τὸ
2545 4528 2884 4600 καινότατον,
2941 4527 3034 4583 καί
3089 4531 3256 4583 ταῦτα
3311 4529 3431 4582 κατ’
3492 4521 3742 4592 ἐπίϐασιν

329 4618 482 4674 bona
504 4634 612 4674 sua
656 4615 771 4672 alio
813 4615 1091 4672 translata
1124 4614 1327 4671 multis
1379 4615 1744 4671 anfractibus
1788 4619 1846 4671 et
1893 4630 1963 4671 re

2093 4602 2274 4694 ὥσπερ
2317 4617 2730 4694 ὑπεραλάμενον
2777 4617 2872 4680 τὰς
2921 4611 3112 4690 ἔξωθεν
3159 4623 3258 4687 τῆς
3310 4615 3532 4679 πόλεως
3587 4617 3748 4688 οἰκή-

327 4707 634 4780 gressibus
699 4705 856 4778 ignis
913 4722 1078 4778 aeque
1129 4705 1488 4761 amisissent.
1539 4709 1660 4760 Heu
1727 4702 1958 4776 splendi

2089 4730 2198 4772 σεις
2234 4710 2664 4780 κατενεμήσατο,
2726 4709 2814 4780 [Ρ.
2865 4709 2992 4780 357]
3051 4705 3142 4762 καὶ
3187 4713 3294 4777 νῆα
3342 4705 3743 4782 περιπλέουσαν

327 4797 606 4855 dissimas
637 4801 696 4853 et
725 4794 1199 4868 elegantissimas
1221 4795 1374 4850 aedes
1403 4802 1457 4849 et
1487 4793 1646 4850 omni
1677 4797 1963 4849 venustati

2090 4797 2354 4875 ἄνθρακες
2412 4797 2817 4876 ἐκτιναχθέντες
2873 4794 3224 4874 κατέφλεξαν.
3305 4794 3623 4866 ’ῌθάλωντο
3689 4791 3747 4850 δὲ

329 4893 386 4945 et
415 4887 671 4944 summis
701 4886 914 4958 Opibus
960 4885 1184 4957 plenas,
1220 4901 1345 4957 qum
1397 4883 1553 4956 apud
1591 4899 1796 4939 omnes
1828 4882 1963 4939 ce1e~

2087 4889 2179 4946 καὶ
2211 4886 2267 4944 ὁῖ¹
2308 4889 2405 4943 τοῦ
2445 4886 2710 4960 Δομνίνου
2756 4883 3044 4960 λεγόμενοι
3091 4879 3350 4958 ἔμϐολοι,
3400 4882 3456 4940 αἵ
3502 4905 3561 4939 τε
3609 4883 3746 4939 ὑπό-

330 4976 616 5034 hranturl
1042 5046 1052 5055 _
1781 5045 1788 5053 ο
2090 4999 2267 5054 στεγοι
2301 4972 2614 5053 ἀμφίδυμοι
2640 4973 2695 5029 αἰ
2745 4974 2850 5030 ἀπὸ
2896 4978 2994 5030 τοῦ
3039 4973 3246 5031 Μιλίου
3295 4973 3617 5050 ἀρχόμεναι,
3665 4970 3740 5022 ὧν

329 5065 492 5139 ἁτέρα
549 5065 625 5128 εἷς
681 5065 811 5120 αὖτὸ
867 5063 1175 5140 παρατείνει
1234 5063 1296 5121 τι)
1361 5061 1758 5140 Φιλαδέλφιον,
1827 5065 1918 5122 σὺν
1979 5068 2170 5132 αὐτοῖς
2236 5064 2294 5122 δὲ
2346 5067 2381 5135 ἡ
2462 5061 2915 5128 Κωνσταντίνειος
2984 5062 3154 5139 ἀγορᾶ
3221 5063 3312 5118 καὶ
3393 5061 3458 5117 τὰ
3544 5056 3737 5131 μεταξὺ

329 5154 524 5224 πάντα,
584 5153 684 5209 ὅσα
737 5155 873 5227 πρὸς
935 5154 1134 5232 βορρᾶν
1189 5155 1281 5210 καὶ
1337 5155 1489 5210 νότον
1546 5159 1788 5231 πρόεισιν
1854 5157 2074 5233 ἄνεμον.
2137 5153 2270 5216 Οὐδ’
2327 5153 2458 5211 αύτὸ
2507 5153 2570 5209 τὸ
2629 5154 2852 5209 ἱππικὸν
2912 5148 3299 5224 ἂδιαλώϐητον
3355 5145 3743 5218 ὑπολέλειπτο,

331 5242 596 5299 ἀλλὰκαὶ
626 5243 914 5300 τούτουτὸ
945 5245 1080 5319 πρὸς
1139 5242 1344 5319 δυσμὰς
1400 5247 1536 5300 ἅπαν
1593 5249 1756 5323 μέρος
1814 5249 2148 5325 έξεπυρώθη,
2209 5245 2300 5302 καὶ
2358 5245 2459 5299 ’ὀσα
2513 5244 2748 5298 κάτεισιν
2807 5245 2862 5306 ἒς
2923 5243 3124 5323 Σοφίας
3181 5243 3271 5298 καὶ
3327 5239 3441 5296 κατ’
3498 5237 3627 5293 αὐτὸ
3683 5237 3750 5292 τὸ

334 5333 576 5390 Βύκανον
609 5335 1034 5406 παρεκτείνεται,
1093 5333 1184 5389 καὶ
1241 5335 1470 5405 καθεξῆς
1531 5337 1705 5392 ὁπόσα
1760 5343 1878 5401 τοῖς
1925 5343 2024 5394 τοῦ
2077 5335 2430 5410 Ἐλευθερίου
2479 5331 2860 5410 ἀγχιτέρμονα
2919 5332 3124 5408 μέρεσι.
3175 5334 3287 5389 Τοῦ
3336 5328 3394 5386 δὲ
3440 5327 3612 5403 πυρὸς
3647 5329 3753 5382 ἀπο

334 5421 610 5495 θαλάσσης
641 5418 742 5487 ἕως
796 5421 1072 5494 θαλάσσης
1127 5424 1227 5492 τήν
1281 5423 1447 5480 πόλιν
1503 5425 1702 5482 οὕτωσῖ
1762 5426 2123 5498 διαζώσαντος
2179 5427 2272 5483 καὶ
2327 5423 2635 5490 διελθόντος
2695 5425 2770 5487 ὡς
2828 5423 2905 5488 εἰς
2963 5424 3154 5498 χάσμα
3209 5415 3551 5498 μέγιστον,ἤ
3586 5438 3756 5472 ποτα-

342 5517 448 5586 μοῦ
509 5513 683 5588 πυρὸς
745 5513 906 5585 μέσον
949 5508 1230 5580 ἕλκοντος,
1291 5513 1392 5569 οὐκ
1447 5515 1514 5584 ἦν
1576 5513 1858 5572 ἀκίνδυνον
1919 5518 2183 5591 συμμῖξαι
2237 5519 2358 5578 τοῖς
2415 5512 2793 5590 φιλουμένοις,
2853 5513 2899 5569 εἰ
2957 5515 3031 5586 μή
3093 5533 3179 5574 τις
3236 5511 3447 5583 ἀκατίῳ
3500 5507 3758 5582 θιεπορθ-

337 5600 554 5676 μεύετο.
585 5601 722 5658 Τότε
750 5602 841 5656 καὶ
895 5601 948 5656 οἱ
1006 5600 1232 5664 πλείους
1289 5607 1395 5657 τῶν
1449 5603 1753 5682 οἰκητόρων
1807 5613 1909 5677 τῆς
1966 5607 2184 5670 πόλεως
2243 5609 2351 5662 τῶν
2416 5603 2616 5661 οὺσιῶν
2673 5604 3045 5680 ἀπεψίλωντο,
3107 5602 3200 5656 οἶα
3256 5605 3358 5656 τοῦ
3407 5597 3579 5672 πυρὸς
3637 5600 3758 5658 τοῖς

333 5691 431 5770 μὲν
491 5691 891 5769 ἀπαρασκεύοις
945 5690 1364 5770 ἐπιφθάσαντος,
1421 5695 1528 5748 τῶν
1585 5691 1642 5749 δὲ
1695 5693 1763 5751 τὰ
1826 5695 1956 5753 ὂντα
2015 5689 2391 5774 μεταθεμένων
2448 5695 2585 5770 πρὸς
2645 5691 2826 5771 ἐτέρας
2883 5691 3206 5769 καναγωγὰς
3259 5690 3352 5746 καὶ
3411 5685 3543 5765 μηδ’
3610 5683 3757 5742 οὕτω
