4074 6432
305 413 425 476 937

1313 403 1682 472 ISAAClUS
1726 394 2086 463 ANGELUS
2131 390 2230 453 ET
2278 389 2609 452 Al.EXlUS
2653 391 2718 450 F.

3607 395 3726 457 938

304 561 721 635 διασωσαμένων
788 560 945 616 αύτά·
1002 556 1141 629 ἕλιξι
1176 560 1281 636 γὰρ
1319 559 1410 613 καὶ
1469 556 1838 630 περικαμπαῖς
1897 545 2192 620 ἐκτροπαῖς
2252 561 2311 595 τε
2370 539 2650 602 πλείσταις
2683 539 2772 595 καὶ
2813 537 3102 604 ἐπανόδοις
3129 540 3193 597 τὸ
3224 544 3330 617 πῦρ
3376 541 3728 623 χρησάμενον

307 626 648 726 ἠφάντουτᾶ
674 649 1037 727 μεταγόμεναο
1070 626 1136 703 ’Ὢ
1162 626 1379 722 μοι’τῶν
1412 626 1818 722 λαμπροτάτων
1850 636 1941 692 καὶ
1969 629 2319 708 περικαλλῶν
2350 626 2537 702 δόμων
2568 634 2659 684 καί
2705 629 2964 692 παντοίας
3012 631 3294 707 γεμόντων
3345 633 3597 709 χάριτος,
3636 632 3727 689 καὶ

303 745 402 798 τοῦ
436 740 738 819 ῥυηφενοῦς
765 738 1015 795 πλούτου
1044 739 1135 793 καὶ
1168 736 1447 809 ζηλωτέον
1480 736 1607 810 παρ’
1638 734 1824 788 ἅπασι.

379 887 522 963 Πρὸς
577 884 635 941 δὶ
674 885 742 940 τὰ
789 881 1076 939 δεινότατα
1133 886 1304 939 ταῦτα
1354 879 1739 951 συναντήματα
1795 873 1840 963 6A
1876 869 1965 963 μὲν

2152 864 2253 920 His
2285 863 2669 920 atrocissimis
2699 865 2939 921 casibus
2969 868 3224 923 Isaacius
3279 868 3599 940 imperator
3616 870 3723 927 do-

313 961 569 1053 βασιλεὺς
597 971 869 1035 ’Ῑσαάκιος
904 972 1134 1046 ἤχθετο,
1168 970 1214 1026 εἰ
1245 969 1336 1024 καὶ
1391 971 1469 1043 μὴ
1530 967 1583 1027 ἐς
1622 967 1749 1053 ὅσον
1801 961 1967 1030 εἰκὸς,

312 1052 340 1121 6
372 1062 431 1120 δὲ
460 1065 660 1120 τούτου
690 1063 807 1123 υἱὸς
831 1060 1080 1131 Ἀλέξιος
1113 1060 1220 1135 οὐχ
1250 1060 1401 1121 ’ὁπως
1444 1057 1557 1131 οὐχ
1590 1052 1968 1128 ἐδυσχέρανεν,

317 1150 463 1208 ἀλλὰ
500 1152 591 1207 καὶ
650 1147 1013 1223 συντελεσμὸν
1084 1147 1362 1222 ἐπηύχετο
1415 1149 1514 1199 τοῦ
1561 1142 1784 1206 παντὸς,
1814 1141 1970 1206 ὁτῆς

309 1240 568 1316 πατρίδος
639 1238 805 1302 δαλὸς
859 1239 951 1295 καὶ
1005 1238 1106 1307 τὴν
1166 1232 1293 1311 ὄψιν
1354 1233 1625 1314 φλογερὸς
1684 1230 1967 1285 κάντεῦθεν

312 1329 695 1410 διαχαράττων
771 1329 865 1384 τὸν
940 1328 1205 1406 γραφικὸν
1296 1325 1621 1399 ἐμπρηστήν
1728 1317 1970 1410 πονηρδν

319 1406 583 1499 ἅγγελου.
644 1420 829 1489 Μήπω
890 1415 947 1473 δὲ
990 1420 1241 1491 καθαρῶς
1280 1414 1639 1492 λωφήσαντος
1677 1414 1775 1466 τοῦ
1803 1406 1973 1482 πυρὸς

318 1512 354 1579 ὴ
386 1514 495 1564 τῶν
530 1508 686 1573 θείων
713 1505 867 1571 αὖθις
897 1504 1207 1579 κειμηλίων
1244 1502 1488 1577 συλλογή
1548 1523 1606 1556 τε
1669 1499 1760 1555 καὶ
1808 1517 1971 1552 κατα-

319 1599 591 1674 χώνευσις
668 1597 801 1671 ὑπὲρ
855 1596 920 1650 τὸ
958 1595 1083 1670 πρὶν
1162 1593 1481 1649 ἐπετείνετο.
1513 1592 1573 1647 Ὁ
1605 1587 1662 1644 δὲ
1734 1608 1795 1661 γε
1867 1589 1974 1641 τῶν

317 1686 564 1743 Λατίνων
621 1686 847 1757 στρατὸς
892 1684 984 1740 τὸν
1054 1684 1475 1760 χορηγούμενον
1532 1680 1720 1739 αὑτοῖς
1771 1674 1971 1732 οὑτωσὶ

318 1777 527 1853 χρυσόν
567 1796 623 1832 τε
661 1773 753 1830 καὶ
785 1771 1023 1849 ἄργυρον
1057 1771 1133 1835 εἲς
1178 1789 1236 1828 τε
1284 1771 1380 1834 τὰς
1432 1767 1737 1844 σωμαιικᾶς
1787 1763 1974 1840 χρείας

314 1865 389 1928 ὡς
421 1863 560 1935 ὓλην
603 1859 844 1939 βέϐηλον
880 1861 1270 1938 μετεσκεύαζω
1314 1861 1404 1915 καὶ
1434 1863 1551 1920 τοῖς
1614 1855 1973 1931 βουλομένοις

316 1949 673 2030 προῦϐαλλον
731 1953 810 2015 εἷς
867 1953 1201 2029 πρατήριον,
1254 1951 1468 2013 ἑαυτοῖς
1531 1948 1624 2020 μὲν
1653 1947 1716 2001 τὸ
1746 1944 1972 2017 ἀνεπέγ-

317 2041 529 2114 κλητον
586 2042 1090 2119 ἐπιμαρτυρόμενοι
1143 2040 1227 2115 (οὗ
1285 2042 1386 2117 γὰρ
1460 2037 1697 2112 ἠγνόουν
1776 2035 1968 2089 ὁπόθεν

326 2133 637 2189 συνείλεκτο
684 2135 752 2188 τά
826 2153 975 2211 σφισι
1056 2126 1417 2206 βραϐευόγενα
1445 2126 1735 2203 χρήματα)
1792 2124 1866 2186 ὡς
1905 2123 1973 2177 τὰ

2082 952 2240 1009 lebat
2281 953 2378 1009 ille
2429 954 2690 1024 quidem,
2731 954 2834 1010 sed
2881 971 2996 1010 non
3056 965 3336 1026 quantum
3397 960 3722 1030 oportebat.

2082 1042 2220 1112 Ejus
2277 1058 2413 1098 vero
2455 1043 2610 1098 filius
2660 1044 2894 1098 Alexius
2943 1044 3085 1099 adeo
3141 1061 3256 1101 non
3306 1047 3557 1118 graviter
3622 1065 3724 1106 eos

2081 1132 2321 1199 ferebat,
2365 1137 2428 1186 ut
2464 1137 2649 1187 totam
2682 1132 2885 1188 urbem
2945 1132 3181 1187 interire
3233 1140 3475 1206 optaret,
3530 1138 3725 1209 patrie

2082 1220 2195 1287 fax,
2236 1220 2507 1275 flammea
2538 1221 2703 1290 facie,
2735 1226 2793 1276 et
2849 1218 3071 1276 malum
3118 1221 3285 1277 illum
3331 1224 3606 1295 angelum
3642 1227 3730 1283 in-

2081 1311 2439 1366 cendiarium
2484 1309 2838 1381 exprimens,
2898 1312 3066 1381 cujus
3115 1328 3295 1367 sacrae
3328 1312 3551 1368 Litterae
3602 1330 3726 1372 me-

2082 1409 2397 1464 minerunt.
2438 1408 2714 1465 Incendio
2778 1409 3039 1465 nondum
3084 1410 3257 1481 plane
3293 1414 3508 1482 sopito,
3560 1429 3727 1470 sacer

2080 1503 2316 1555 ornatus
2348 1498 2674 1554 accuratius
2716 1498 3066 1571 perquiritur
3111 1505 3169 1556 et
3197 1500 3484 1558 conﬂatur
3547 1517 3727 1574 quam

2081 1586 2264 1660 prius.
2326 1587 2657 1643 Latinorum
2711 1604 2843 1644 vero
2900 1588 3190 1646 exercitus
3250 1590 3396 1649 7ιῦ
3426 1606 3635 1649 aurum
3671 1599 3728 1650 et

2083 1683 2411 1748 argentum,
2445 1676 2596 1747 quod
2620 1676 2702 1732 ita
2731 1675 3119 1748 praebebatur,
3152 1679 3225 1734 ad
3258 1694 3427 1737 usum
3464 1680 3726 1752 corporis

2083 1768 2148 1821 ut
2196 1765 2498 1836 profanam
2561 1765 2855 1822 materiam
2928 1768 3318 1826 transferebat
3384 1773 3442 1827 et
3498 1770 3729 1842 publice
3802 1809 3805 1814 -

2080 1854 2389 1923 vendebat,
2418 1872 2485 1911 ac
2504 1871 2567 1911 se
2597 1853 2859 1911 criminis
2892 1856 3222 1914 absolutum
3246 1860 3374 1930 (nec
3389 1859 3726 1933 enimigno-

2083 1947 2251 1999 rabat
2280 1944 2436 1999 unde
2477 1948 2674 2000 essent
2704 1960 2829 2015 qum
2872 1944 3186 2017 dabantur)
3225 1947 3376 2017 quod
3438 1951 3728 2020 acciperet

2082 2032 2362 2101 debitum,
2397 2033 2672 2089 Romanis
2694 2050 2828 2089 vero
2861 2035 3008 2090 iram
3066 2034 3169 2090 Dei
3211 2035 3553 2107 impendere
3582 2038 3726 2095 vati-

2081 2122 2406 2191 sinebatur,
2428 2122 2582 2195 quod
2596 2138 2714 2179 rem
2729 2122 3011 2194 privatam
3027 2130 3464 2196 conservarent,
3496 2140 3724 2183 sacram

323 2223 680 2301 ὠφειλημὲνα
750 2217 1116 2295 λαμϐάνουσι,
1181 2224 1299 2281 τοῖς
1364 2215 1421 2274 δέ
1484 2214 1785 2292 ,Ρωμαίοις
1869 2212 1965 2279 τὴν

2079 2228 2212 2269 vero
2244 2212 2638 2284 profanarent.

321 2311 515 2388 ὑψόθεν
567 2310 939 2387 ἐπιχαλῶντες
1006 2310 1177 2385 ὀργὴν
1229 2310 1303 2371 ὡς
1371 2305 1690 2380 περιέπουσι
1747 2303 1841 2377 μὶν
1896 2301 1965 2356 τὰ

320 2400 516 2458 οἰκεῖα.
557 2405 800 2456 κοινοῠσι
836 2398 894 2454 δὲ
923 2400 989 2454 τὰ
1021 2402 1176 2455 Θεοῦ.

382 2493 449 2567 γ’.
502 2496 705 2557 Δεῆσαν
767 2487 824 2545 δὲ
880 2489 983 2543 xix
1037 2493 1146 2544 τῶν
1180 2491 1482 2542 Λατινικῶν
1516 2483 1799 2559 δυνάμεων
1847 2484 1962 2538 σύν·

310 2599 462 2656 αρσιν
490 2578 742 2655 εὕρασθαι
771 2581 863 2634 τὸν
925 2575 1162 2648 ’Λλέξιον
1211 2578 1263 2651 (6
1325 2578 1429 2653 γὰρ
1480 2578 1624 2637 θεῖος
1678 2576 1826 2647 αὐτῷ
1873 2572 1962 2629 καὶ

306 2670 498 2743 πρώην
532 2668 834 2744 βασιλεύων
890 2668 1131 2738 Ἀλέξιος
1171 2666 1476 2727 ἀπαναστὰς
1535 2669 1632 2721 τοῦ
1691 2659 1961 2719 Δεϐελτοῦ

309 2759 408 2828 τήν
453 2757 734 2833 Ἀδριανοῦ
763 2752 1053 2825 κατέλαϐε,
1094 2758 1180 2812 καὶ
1222 2758 1282 2826 ἢν
1331 2756 1595 2811 ἀπείπατο
1654 2753 1960 2828 βασιλείαν,

311 2847 556 2923 ἐρασταῖς
610 2845 985 2918 καταπροδοὺς
1051 2847 1330 2921 ἐκμανέσιν
1380 2844 1503 2919 ἐρᾷν
1551 2865 1611 2899 τε
1658 2840 1828 2899 πάλιν
1868 2842 1962 2897 καὶ

306 2941 496 3011 πειρᾷν
520 2937 622 2992 οὐκ
651 2935 973 3012 ᾐσχύνετο),
1015 2937 1115 2993 οὐκ
1161 2934 1348 2997 ἄλλως
1410 2931 1750 3006 συνέκδημον
1810 2932 1959 3003 αὺτῷ

309 3024 399 3081 καὶ
456 3027 825 3101 συστράτηγον
892 3027 985 3081 τόν
1048 3026 1339 3101 μαρκέσιον
1388 3022 1728 3079 ἐπεσπάσατο
1797 3024 1958 3078 Βονι-

315 3114 525 3189 φάτιον,
557 3115 603 3170 εἰ
637 3117 713 3190 μή
745 3115 976 3192 χρυσίου
1013 3113 1141 3171 δὲκα
1178 3116 1318 3191 πρὸς
1368 3119 1486 3178 τοῖς
1535 3110 1586 3184 ἔξ
1642 3109 1962 3174 καταθέσθαι

317 3204 373 3257 οἱ
404 3204 683 3269 συνέθεντύ
727 3206 1072 3280 κεντηνάρια.
1126 3204 1322 3275 Ἐξιὼν
1364 3203 1541 3259 τοίνυν
1582 3198 1794 3281 φυγάδα
1851 3197 1960 3255 δεί-

315 3312 462 3348 κνυσι
512 3295 604 3349 τὸν
652 3293 893 3367 Ἀλέξιον
949 3293 1337 3369 συντονωτέρῳ
1380 3296 1476 3347 τοῦ⁹
1514 3295 1810 3367 ,προτέρου
1871 3288 1959 3344 καὶ

313 3381 511 3455 πολλῷ
546 3384 871 3457 μακροτέρῳ
903 3382 1253 3456 χρησάμενον
1303 3380 1725 3456 δραπετεύματι.
1796 3380 1964 3451 Ἀμέη-

312 3468 396 3527 λει
438 3472 529 3525 καὶ
586 3472 680 3533 τὰς
737 3471 971 3545 Θρᾳκίας
1019 3468 1211 3528 πόλεις
1257 3468 1586 3543 περιελθὼν,
1625 3469 1717 3523 καὶ
1766 3468 1965 3530 ταύτας

305 3559 807 3633 καταστησάμενος,
885 3559 1053 3613 εἰπεὶν
1115 3555 1173 3613 δὲ
1246 3558 1336 3613 καὶ
1385 3556 1851 3629 καλαμησάμενος
1904 3558 1955 3629 (6

303 3649 403 3725 γὰρ
475 3645 808 3721 συνέκδημο,
849 3646 1039 3721 ἐκείνῳ
1089 3648 1314 3722 στρατὸς
1364 3646 1625 3722 συχνάκις
1692 3648 1779 3718 [Ρ.
1830 3648 1933 3701 358

308 3737 543 3812 ὠρεκτία
614 3742 723 3792 τῶν
797 3734 1246 3814 χρυσοῤῥείθρων
1324 3734 1602 3811 ἀρύεσθαι,
1678 3734 1769 3788 καὶ
1825 3734 1961 3788 κατᾶ

307 3825 437 3888 τοὺς
494 3823 678 3900 διψάσι
746 3822 1051 3901 δηχθέντας
1097 3826 1268 3881 πίνων
1334 3824 1433 3879 ούκ
1486 3822 1823 3899 ἐκορέννυτο)
1869 3821 1959 3877 καὶ

317 3918 483 3993 μέχρι
530 3914 836 3991 Κυψέλλων
905 3916 1127 3989 κατιὼν,
1216 3913 1457 3971 ἐπάνεισι
1518 3912 1683 3969 πάλιν
1748 3911 1824 3975 εἰς
1894 3911 1962 3968 τὰ

315 4005 587 4082 βασίλεια,
639 4004 777 4070 ἅπας
846 4013 949 4077 τῆς
994 4006 1221 4085 φατρίας
1293 4003 1661 4080 ἐξηρτημένος
1741 4001 1795 4058 οῗ
1861 4004 1961 4072 τὴν

309 4100 407 4152 τοῦ
462 4098 669 4170 πατρὸς
726 4098 977 4170 πήρωσιν
1037 4095 1128 4150 καὶ
1176 4116 1279 4163 την
1330 4094 1390 4149 ἐκ
1434 4096 1535 4163 τῆς
1593 4094 1777 4167 ἀρχῆς
1827 4103 1963 4156 καθ-

308 4184 509 4260 αίρεσιν
563 4183 794 4256 Ἀλεξίῳ
852 4186 931 4255 τῷ
1000 4182 1127 4255 θείῳ
1206 4180 1682 4256 συνδιεπράξαντο.
1743 4182 1810 4237 “Ο
1872 4181 1959 4234 καὶ

313 4275 390 4347 μὴ
415 4275 593 4349 φέρειν
627 4273 895 4333 Ἰσαάκιος
923 4265 1093 4347 ἔχων,
1127 4269 1210 4325 ὅτι
1261 4270 1352 4325 καὶ
1410 4270 1476 4339 ἦν
1535 4267 1963 4344 καιροφυλακῶν

316 4360 392 4421 εἷς
430 4365 545 4437 φῶς
576 4360 796 4433 ἐκρῆξαι
825 4361 917 4415 τὸν
975 4360 1134 4415 κότον
1196 4360 1253 4415 ’ὀν
1307 4359 1567 4436 ὑπέτυφεν
1621 4359 1682 4413 ἐκ
1750 4362 1962 4432 μακροῦ

306 4452 375 4524 τῇ
436 4452 593 4527 ψυχῇ
651 4449 787 4505 κατᾶ
842 4453 949 4505 τῶν
1008 4447 1239 4524 σχέτλια
1292 4447 1491 4504 ἐκεῖνον
1578 4445 1965 4524 ἐργασαμένων

311 4534 477 4607 δεινὰ,
501 4544 832 4615 κακηγορῶν
865 4540 968 4595 οὐκ
1010 4537 1225 4594 ἐνέλιπε
1252 4537 1345 4594 τὸν
1396 4539 1535 4611 υἱὸν,
1593 4539 1684 4592 καὶ
1747 4535 1963 4611 μάλισθ’

308 4628 394 4684 δτι
442 4631 541 4700 τήν
598 4628 802 4685 οἱκείαν
856 4630 1001 4706 ἐώρα
1050 4627 1206 4705 ἰσχὺν
1255 4623 1649 4684 ὗποϐαίνουσαν
1680 4628 1771 4683 καὶ
1831 4626 1968 4681 κατά

313 4719 495 4795 βραχύ
558 4740 676 4783 πως
734 4720 1116 4795 ἀφιπταμένην
1165 4720 1252 4775 καὶ
1294 4719 1433 4794 πρὸς
1459 4719 1553 4773 τὸν
1612 4718 1728 4772 υἱὸν
1766 4715 1965 4792 μεταρ-

310 4809 554 4885 ῥέουσαν.
635 4810 999 4887 Ἀπεπνίγετο
1061 4806 1118 4863 δέ
1182 4808 1271 4864 καὶ
1325 4809 1460 4882 πρὸς
1528 4809 1626 4877 τὴν
1681 4806 1962 4880 μετάθεσιν

310 4902 410 4966 τῇς
469 4898 895 4974 ἀναγορεύσεως
958 4899 986 4953 6
1039 4898 1132 4971 μὶν
1195 4899 1298 4973 γὰρ
1351 4897 1469 4959 υἱὸς
1525 4896 1967 4971 προταττόμενος

1937 3608 2031 3717 γε

2139 2484 2192 2538 3.
2225 2484 2368 2540 Cum
2422 2490 2613 2541 autem
2671 2485 2890 2541 Latinae
2945 2485 3125 2558 copias
3186 2486 3385 2543 Alexio
3445 2487 3716 2545 auxiliari

2069 2574 2347 2630 deberent
2385 2575 2542 2645 (nam
2577 2579 2819 2646 patruus
2850 2575 2979 2644 ejus
3024 2579 3081 2631 et
3120 2575 3342 2633 dudum
3394 2576 3717 2650 imperator

2067 2663 2332 2729 Alexius,
2355 2663 2593 2720 Debelto
2627 2664 2852 2731 relicto,
2881 2665 3328 2738 Adrianopolim
3372 2671 3713 2735 occuparat,

2068 2757 2125 2808 et
2150 2752 2460 2823 imperium
2493 2754 2646 2825 quod
2683 2753 3042 2825 repudiaret,
3067 2753 3293 2811 insanis
3350 2755 3713 2813 amatoribus

2069 2843 2489 2908 condonatum,
2517 2847 2780 2913 repetere
2817 2848 2874 2899 et
2903 2842 3178 2914 amplecti
3227 2861 3344 2900 non
3366 2844 3717 2915 verebatur),

2068 2932 2429 2988 Bonifacium
2463 2931 2859 2989 marchionem
2894 2931 3058 2989 aliter
3092 2948 3286 2988 secum
3319 2933 3612 2989 attrahere
3644 2935 3718 2990 ad

2069 3022 2204 3079 belli
2237 3023 2575 3079 societatem
2610 3040 2724 3078 non
2757 3024 2946 3094 potuit
2996 3023 3113 3079 nisi
3173 3023 3297 3080 auri
3347 3023 3717 3081 centenarias

2067 3113 2361 3169 sexdecim
2408 3112 2800 3185 promisisset.
2851 3112 3064 3169 Verum
3116 3129 3389 3186 egressus
3445 3113 3713 3170 Alexium

2067 3200 2232 3273 fugat
2259 3200 2433 3274 longe
2482 3201 2730 3258 celerius
2780 3209 2833 3259 et
2890 3200 3271 3275 longinquius
3322 3218 3499 3276 quam
3531 3203 3714 3275 prius,

2068 3298 2122 3344 et
2169 3290 2451 3347 Thracias
2499 3291 2674 3346 urbes
2732 3291 2954 3362 passim
2999 3292 3323 3363 componit,
3382 3308 3455 3348 ne
3523 3292 3713 3349 dicam

2069 3380 2337 3453 deglutit.
2405 3380 2549 3437 Nam
2627 3379 2729 3451 qui
2791 3396 2923 3437 eum
2996 3381 3350 3453 sequebatur
3407 3381 3713 3438 exercitus.

2070 3469 2398 3541 saepissime
2427 3485 2684 3526 exaureo
2704 3470 2946 3527 ﬂumine
2973 3469 3206 3526 haurire
3236 3471 3509 3542 cupiebat
3532 3470 3717 3527 veluti

2070 3560 2253 3615 mersi
2284 3576 2317 3615 a
2347 3559 2693 3631 dipsadibus
2725 3560 3061 3633 inexplebili
3092 3559 3189 3616 siti
3234 3561 3479 3617 ardens.
3521 3559 3714 3633 Usque

2071 3648 2144 3703 ad
2196 3648 2462 3720 Cypsella
2506 3665 2856 3721 progressus
2912 3648 2971 3705 in
3036 3648 3321 3721 palatium
3389 3650 3714 3707 revertitur.

2069 3740 2229 3792 totus
2273 3751 2471 3793 eorum
2532 3737 2767 3793 factioni
2820 3738 3072 3807 deditus,
3133 3739 3238 3812 qui
3290 3738 3476 3811 patris
3542 3754 3719 3796 excas-

2070 3825 2242 3881 candi
2272 3830 2329 3882 et
2359 3826 2655 3881 avertendi
2682 3826 2883 3883 Alexio
2906 3831 3113 3900 patruo
3150 3828 3449 3899 adjutores
3469 3827 3715 3887 fuerant.

2073 3916 2232 3981 Quod
2296 3931 2429 3971 cum
2480 3916 2736 3972 Isaacius
2794 3917 2943 3973 ferre
2994 3918 3146 3974 780
3178 3934 3294 3973 non
3346 3922 3564 3989 posset,
3593 3919 3716 3989 jam

2073 4005 2247 4077 longo
2277 4010 2537 4076 tempore
2566 4005 2846 4062 ultionem
2883 4005 3120 4063 illorum
3154 4007 3418 4079 cogitans
3453 4006 3575 4063 filio
3607 4024 3723 4065 ma-

2071 4095 2321 4152 ledicere
2353 4112 2467 4150 non
2498 4094 2834 4162 desistebat,
2893 4097 3213 4167 prmsertim
3249 4112 3380 4152 cum
3414 4097 3721 4153 auctorita-

2071 4193 2191 4243 tem
2234 4202 2401 4241 suam
2454 4185 2727 4241 imminui
2757 4190 2813 4241 et
2853 4186 3128 4257 paulatim
3179 4188 3505 4244 exolescere
3561 4192 3617 4243 et
3647 4188 3720 4244 ad

2076 4274 2262 4329 filium
2294 4273 2548 4329 transire
2599 4283 2877 4330 cerneret.
2913 4275 3332 4349 Indignissime
3373 4293 3606 4349 quoque
3640 4277 3720 4334 fe-

2076 4364 2237 4418 rebat
2312 4363 2788 4434 proclamationis
2865 4366 3298 4422 mutationem:
3357 4382 3492 4422 nam
3566 4365 3724 4423 ﬁlius

2077 4452 2268 4526 priore
2300 4452 2426 4508 loco
2473 4452 2758 4508 contentis
2800 4454 3064 4523 vocibus,
3124 4459 3187 4510 ut
3243 4454 3527 4527 palatium
3561 4473 3725 4512 reso—

2077 4546 2263 4608 naret,
2296 4539 2682 4612 salutabatur,
2722 4542 2847 4613 ipso
2879 4556 3158 4615 tanquam
3191 4544 3345 4601 Echo
3370 4544 3728 4602 submissius

2077 4635 2377 4703 sequente.
2466 4631 2575 4686 Sed
2642 4631 2780 4702 quia
2837 4632 3146 4704 prohibere
3231 4633 3331 4690 illa
3399 4649 3516 4690 non
3575 4642 3729 4707 pote-

2078 4725 2188 4787 rat,
2271 4719 2805 4790 submurmurabat,
2873 4725 2930 4778 et
2985 4722 3135 4795 apud
3196 4739 3294 4780 eos
3371 4723 3582 4795 quibus
3638 4740 3732 4779 ar-

2079 4826 2226 4866 cana
2257 4809 2344 4866 sui
2391 4809 2634 4879 pectoris
2671 4810 3093 4882 committebat,
3149 4811 3304 4868 male
3360 4813 3431 4868 de
3491 4811 3610 4868 ﬁlio
3643 4811 3729 4869 lo-

2080 4898 2405 4971 quebatur:
2441 4914 2630 4969 neque
2660 4898 2819 4955 enim
2865 4900 3182 4972 quidquam
3218 4901 3455 4957 virtutis
3497 4901 3548 4957 ei
3580 4917 3729 4970 esse,

309 4991 785 5063 κατατεινομέναις
834 4988 1203 5066 ἆνευφημεῖτο
1252 4992 1482 5066 φωναῖς,
1525 4988 1600 5051 ὡς
1658 4991 1739 5058 τῷ
1796 4986 1965 5042 πατά-

2081 5005 2197 5044 non
2223 4987 2392 5044 bonis
2441 4986 2702 5044 moribus
2728 4986 3110 5045 informatum
3154 5006 3303 5061 esse,
3323 4991 3422 5046 sed
3454 4990 3733 5062 pessimis

315 5102 397 5156 γῳ
427 5080 808 5136 κόπτεσθαιτὰ
835 5078 1124 5152 ἀνάκτορα,
1159 5079 1186 5133 ὁ
1219 5074 1277 5132 δὲ
1324 5078 1463 5133 κατὰ
1514 5077 1577 5131 τὸ
1636 5082 1736 5146 τῆς
1788 5077 1967 5150 ἠχοῦς

317 5168 687 5247 ὑστερόφωνον
746 5166 1154 5243 παρηκολούθει
1202 5172 1320 5229 ταῖς
1381 5167 1584 5227 υἱικαῖς
1644 5165 1734 5221 καὶ
1815 5165 1969 5240 crepo

318 5253 562 5327 ροτέραις
602 5257 1013 5333 ἀνακηρύξεσιν,
1048 5253 1216 5314 Οὗδέν
1250 5252 1308 5310 δὲ
1349 5277 1401 5310 τι
1462 5253 1651 5329 δρᾶσαι
1711 5255 1847 5329 πρὸς
1904 5255 1970 5309 τὰ

317 5342 570 5417 γινόμενα
635 5347 777 5403 οὕτω
863 5344 1158 5419 δυνάμενος
1220 5345 1310 5400 ὑπ’
1367 5342 1561 5400 ὀδόντα
1627 5342 1970 5419 ἐτονθόρυζε,

316 5428 404 5484 καὶ
465 5431 553 5494 οἷς
609 5433 684 5497 ὡς
730 5437 780 5505 ἐξ
870 5433 1081 5491 ἀδύτων
1141 5438 1240 5500 τῆς
1295 5433 1517 5509 καρδίας
1577 5432 1849 5508 ἂνεμήρυε
1905 5434 1973 5489 τὰ

313 5520 620 5597 ἆπόρῥητα,
651 5524 785 5580 κατᾶ
812 5533 909 5582 τοῦ
944 5530 1063 5583 υἱοῦ
1122 5526 1394 5605 ἆπόφημα
1462 5523 1762 5601 διελέγετο,
1825 5523 1975 5581 ἕωλα

317 5610 414 5685 μὶν
446 5610 596 5684 αύτῷ
624 5613 692 5667 τὰ
722 5617 935 5688 χρηστὰ
968 5615 1147 5694 λέγων
1182 5616 1343 5687 εἶναι,
1380 5615 1469 5670 καὶ
1514 5616 1588 5677 ὡς
1648 5612 1762 5669 οὐδ’
1824 5614 1972 5680 ὅλως

313 5701 638 5778 σωφροσύνῃ
677 5700 1052 5780 ἐρρύθμισται,
1098 5705 1151 5762 ἐν
1184 5710 1299 5770 τοῖς
1363 5704 1661 5781 χειρίστοις
1718 5704 1781 5759 τὸ
1841 5703 1975 5773 ἦθος

596 5821 874 5889 Panos.
924 5824 1031 5887 Ga.
1080 5825 1394 5899 CXXXIX.

2080 5077 2291 5133 studiis
2350 5076 2616 5146 occupari
2672 5081 2730 5131 et
2796 5077 3182 5148 pessimorum
3258 5079 3556 5136 hominum
3600 5096 3737 5137 con-

2084 5166 2393 5223 suetudine
2456 5167 2772 5236 corrumpi.
2826 5167 3027 5239 Neque
3079 5169 3203 5224 haac
3235 5168 3379 5225 falsa
3425 5173 3593 5226 erant
3635 5173 3737 5226 aut

2085 5255 2325 5325 inania;
2360 5271 2494 5309 nam
2530 5254 2764 5309 Alexius
2797 5255 3061 5324 pluribus
3089 5261 3147 5314 et
3177 5257 3551 5330 gravioribus
3601 5274 3739 5330 pec-

2085 5346 2233 5400 catis
2267 5342 2645 5415 magniﬂcum
2684 5347 2742 5397 et
2781 5344 3063 5417 inclytum
3100 5346 3325 5419 imperii
3356 5347 3601 5404 Romani
3634 5362 3741 5403 no-

2084 5452 2220 5491 men
2246 5433 2518 5499 fcedabat,
2554 5436 2615 5487 ut
2646 5433 2745 5503 qui
2806 5434 3005 5504 paucis
3036 5437 3459 5494 comitantibus
3491 5437 3551 5493 in
3595 5436 3743 5493 Bar-

2084 5526 2361 5581 barorum
2394 5523 2644 5577 tentoria
2702 5522 3002 5592 trajiciens
3051 5525 3304 5596 crapula:
3346 5530 3405 5582 et
3435 5525 3573 5582 alea
3619 5543 3738 5581 una

2088 5614 2233 5671 137
2273 5628 2405 5667 cum
2445 5610 2563 5666 illis
2594 5627 2696 5681 per
2722 5615 2874 5669 totos
2906 5613 3030 5670 dies
3062 5615 3412 5687 indulgeret.
3442 5616 3580 5686 Ejus
3611 5631 3747 5672 vero

2085 5703 2406 5762 collusores
2436 5700 2711 5757 diadema
2742 5718 2977 5759 aureum
3039 5708 3097 5761 et
3154 5710 3521 5778 gemmatum
3554 5705 3609 5762 ei
3650 5704 3751 5761 de-

3384 5821 3466 5886 30
