4074 6424
320 393 440 456 939

1635 385 1945 448 ΝΙΟΕΤιΕ
1985 388 2085 449 CH
2094 388 2194 450 ON
2203 389 2416 453 ΙΑΤιΕ

3625 387 3748 450 940

319 527 572 581 tractum
604 521 730 578 suis
762 519 1080 593 capitibus.
1113 517 1206 575 Illi
1235 533 1370 574 vero
1399 517 1634 575 laneum
1675 519 1971 575 hirsutum

2093 521 2449 596 τυπούμενος,
2517 525 2742 604 φθόροις
2829 543 2891 578 τε
2990 519 3220 596 ἀνδράσι
3293 517 3751 594 συνδιαιτώμενος

321 613 541 690 pileum
573 611 973 684 imponebant-
1009 609 1207 682 Neque
1255 626 1387 664 vero
1422 609 1658 666 Alexius
1690 611 1976 666 duntaxat

323 705 394 760 ob
445 701 789 773 huiusmodi
850 716 944 755 res
1005 699 1159 770 apud
1212 699 1574 755 honestiores
1625 698 1865 755 Latinos
1920 704 1978 754 et

323 792 702 847 modestiores
734 794 1031 845 Romanos
1063 786 1444 844 exsecrabilis
1477 787 1832 844 habebatur:
1870 788 1971 844 sed

327 880 704 952 etpaterejus
749 878 1013 935 lsaacius
1070 876 1255 933 nihilo
1317 877 1514 933 minus
1573 877 1804 934 invisus
1831 882 1976 946 erat,

326 988 462 1029 cum
494 987 701 1027 rursus
752 970 1149 1025 absurdarum
1207 967 1552 1039 Opinionum
1614 967 1980 1039 intemperiis

329 1061 670 1133 agitaretur,
711 1065 769 1115 et
828 1057 1296 1114 divinationibus
1351 1061 1528 1128 atque
1578 1057 1834 1114 oraculis
1883 1057 1982 1114 fm-

329 1149 592 1208 dioribus
623 1165 804 1222 quam
837 1147 1000 1219 prius
1049 1147 1435 1204 incumberet.
1505 1146 1650 1203 Nam
1688 1151 1822 1202 ante
1853 1162 1979 1203 mo-

331 1239 632 1297 narchiam
704 1237 818 1295 sibi
877 1237 1328 1308 imaginabatur,
1388 1251 1570 1309 seque
1599 1235 1980 1308 impudenter

329 1346 466 1386 eum
489 1329 902 1400 essejactabat
947 1329 1051 1398 qui
1111 1325 1485 1382 Occidentem
1545 1341 1678 1382 cum
1735 1325 1976 1380 Oriente

331 1423 758 1494 conjuncturus
786 1425 844 1476 et
899 1419 1078 1475 totius
1125 1417 1318 1472 mundi
1377 1416 1627 1487 imperio
1683 1415 1980 1488 potiturus

327 1515 500 1568 esset.
539 1510 692 1564 Tum
711 1523 848 1563 vero
879 1506 1070 1561 visum
1131 1520 1194 1560 se
1225 1506 1624 1572 recepturum,
1647 1508 1704 1556 et
1755 1501 1980 1556 articu-

328 1601 512 1657 larem
547 1599 816 1654 morbum
849 1600 914 1650 ut
937 1598 1266 1662 serpentem
1325 1591 1564 1646 exuvias
1623 1589 1978 1660 positurum,

327 1694 387 1746 et
425 1690 484 1744 in
515 1689 704 1743 virum
748 1690 858 1740 Deo
917 1682 1175 1738 similem
1234 1697 1298 1736 se
1355 1678 1845 1735 transformatum
1904 1677 1978 1732 iri

343 1777 701 1837 somniabat.
747 1773 1002 1830 Proinde
1031 1771 1303 1828 monachi
1335 1772 1572 1842 quidam
1606 1785 1842 1826 summe
1881 1785 1980 1825 ex-

2086 611 2179 666 καὶ
2247 612 2316 667 τά
2369 613 2480 684 ἢθη
2538 613 2746 668 τούτων
2811 611 3281 688 ἆναματτόμενος.
3343 610 3420 670 Οὐ
3481 609 3656 683 μάτην
3691 605 3750 666 δὲ

2086 700 2240 756 ταυτὶ
2272 703 2363 758 καὶ
2391 701 2610 766 εἰκαίως
2639 704 2777 759 κατᾶ
2805 707 2904 758 τοῦ
2953 701 3076 758 υἰοῦ
3128 701 3392 779 ἠγόρευεν
3455 700 3746 769 Ἰσαάκιος,

2086 787 2237 846 ἀλλά
2265 791 2358 847 καὶ
2397 792 2572 848 πλείω
2603 786 2758 868 ἕτερα
2797 793 2886 848 καὶ
2922 789 3286 866 ἀσελγέστερα
3320 787 3520 862 πολλῷ
3557 786 3753 863 πλημ-

2092 879 2276 953 μελῶν
2346 883 2409 938 τὸ
2479 881 2901 960 μεγαλοπρεπὶς
2961 881 3055 937 καὶ
3085 878 3452 957 παγκλέϊστον
3490 886 3593 950 τῆς
3633 884 3742 935 τῶν

2087 971 2382 1044 Ῥωμαίων
2419 971 2700 1048 βασιλείας
2755 971 3179 1049 κατεῤῥύπαινεν
3239 967 3436 1044 ὄνομα.
3486 967 3588 1032 Εἷς
3641 970 3746 1047 γὰρ

2085 1062 2182 1123 τὰς
2237 1065 2346 1118 τῶν
2409 1057 2706 1140 Βαρϐάρων
2759 1063 2960 1134 σκηνὰς
3023 1063 3158 1134 μετὰ
3202 1059 3440 1135 μετρίων
3520 1057 3743 1115 ἀπαδῶν

2087 1152 2482 1226 περαιούμενος
2567 1149 2974 1228 συνεκραιπάλα
3035 1158 3153 1212 τοῖς
3235 1149 3288 1205 ἐν
3381 1147 3570 1212 αὐταῖς
3655 1147 3751 1203 καὶ

2093 1238 2540 1317 συνδιημερεύων
2589 1237 2858 1299 ἐκύϐευεν.
2911 1242 2982 1299 Οἱ
3029 1239 3088 1296 δὲ
3145 1237 3567 1315 συμπαίγμονες
3605 1236 3746 1293 ἐκεί·

2094 1351 2172 1402 νῳ
2201 1331 2267 1385 τὸ
2304 1337 2406 1400 τῆς
2433 1331 2680 1405 κεφαλῆς
2711 1331 3069 1409 ἀφαιρουντες
3099 1325 3366 1401 διάδημα,
3425 1325 3744 1403 χρυσόκολ-

2093 1417 2190 1473 λον
2231 1421 2290 1473 δν
2322 1419 2414 1475 καὶ
2472 1419 2864 1494 λιθόστρωτον,
2897 1421 3052 1474 αὐτοὶ
3115 1421 3209 1492 μὲν
3272 1418 3447 1473 ἐκεῖνο
3514 1413 3748 1492 περιετί-

2087 1509 2261 1576 θεντο,
2305 1509 2400 1562 τὸν
2457 1504 2504 1560 δ’
2536 1505 2778 1576 Ἀλέξιον
2824 1503 3194 1580 περιέϐαλλον
3249 1506 3312 1558 τὸ
3355 1504 3602 1581 λαχνῆεν
3650 1503 3741 1558 καὶ

2085 1595 2268 1668 ἐρεοῦν
2324 1594 2414 1650 καὶ
2471 1598 2570 1660 τῆς
2619 1601 2910 1663 Δατινικῆς
2960 1593 3224 1654 ταλασίας
3273 1588 3615 1667 περίϐλημα.
3645 1590 3739 1659 ¹Οὐ

2089 1686 2256 1757 μόνον
2311 1682 2369 1739 δὲ
2425 1687 2454 1740 ὁ
2523 1683 2776 1754 Ἀλέξιος
2833 1683 3156 1760 ένευκαιρῶν
3184 1687 3305 1744 ταῖς
3351 1681 3577 1756 πράξεσι
3604 1677 3742 1735 ταύ-

2084 1795 2204 1836 ταις
2252 1775 2399 1848 παρὰ
2460 1779 2579 1836 τοῖς
2632 1778 2738 1828 τῶι
2803 1773 3045 1830 Κατίνων
3107 1773 3421 1851 εὐσχήμοσι
3476 1770 3566 1824 καὶ
3623 1773 3744 1828 τοῖς

329 1864 663 1932 secrabiles,
700 1861 1009 1935 promissis
1063 1861 1281 1928 barbis,
1333 1859 1602 1917 homines
1633 1859 1806 1914 invisi
1840 1861 1976 1924 Deo,

2093 1869 2201 1920 τῶν
2256 1865 2542 1936 Ῥωμαίων
2607 1863 2851 1937 σώφροσι
2885 1859 3227 1937 βδελυγμίας
3277 1857 3542 1960 ἐκρίνετο,
3594 1853 3752 1910 ἀλλὰ

330 1954 605 2026 religioso
636 1952 838 2008 habitu
871 1967 1006 2007 cum
1038 1965 1144 2006 sua
1167 1949 1491 2023 ignominia
1521 1947 1846 2021 conspicui,
1879 1948 1983 2019 qui

333 2060 598 2101 mensam
632 2041 1018 2115 principalem
1065 2038 1592 2111 persequebantur,
1647 2039 1748 2109 qui
1780 2053 1981 2093 recen-

332 2134 490 2190 tibus
508 2138 564 2188 et
596 2131 918 2204 pinguibus
942 2129 1204 2202 piscibus
1261 2127 1559 2183 inhiantes
1591 2143 1724 2184 cum
1759 2126 1981 2183 lsaacio

331 2222 482 2278 788
533 2219 909 2288 ccenitabant,
987 2235 1147 2274 mero
1205 2217 1427 2289 largius
1483 2216 1695 2272 hausto
1754 2231 1987 2272 monar-

327 2313 520 2370 chiam
550 2311 637 2368 illi
671 2310 862 2367 verbis
911 2307 1358 2364 confirmabant.
1419 2305 1748 2377 Aliquando
1805 2306 1980 2362 etiam

325 2403 582 2460 nodosas
615 2416 826 2457 manus
857 2399 986 2468 ejus
1017 2396 1206 2454 oculis
1229 2398 1496 2453 admotas
1545 2412 1576 2451 e
1624 2395 1870 2465 vestigio
1900 2409 1983 2452 re-

330 2496 607 2550 novatum
628 2495 685 2546 et
713 2487 1123 2546 conﬁrmatum
1156 2485 1230 2541 iri
1255 2487 1674 2558 praedicebant.
1709 2483 1814 2542 Ille
1844 2499 1978 2541 vero

325 2581 543 2637 mirum
567 2595 745 2653 quam
763 2577 1074 2634 blanditiis
1095 2575 1228 2632 istis
1251 2575 1650 2631 exhilarabatu
1662 2591 1706 2640 r,
1725 2581 1778 2630 et
1810 2589 1984 2630 scur-

327 2669 542 2727 rilibus
567 2669 719 2739 jocis
771 2684 935 2738 asque
977 2682 1044 2722 ac
1097 2664 1443 2721 certissimis
1492 2663 1744 2720 oraculis
1802 2663 1981 2718 fidem

326 2759 660 2816 adhibebat.
685 2757 764 2812 De
793 2755 1218 2826 astrologorum
1254 2769 1486 2825 quoque
1531 2752 1822 2808 sententia
1848 2766 1982 2807 cum

327 2848 443 2906 alia
472 2850 628 2917 fecit,
662 2853 792 2904 tum
820 2863 1028 2919 aprum
1067 2845 1478 2915 Calydonium,
1529 2843 1631 2916 qui
1690 2843 1981 2899 horrenti-

329 2940 442 2996 bus
479 2939 538 2995 in
584 2943 747 3010 tergo
808 2936 947 2992 setis
996 2935 1056 2990 in
1118 2934 1361 3005 Hippico
1417 2933 1640 3004 impetu
1683 2933 1888 3002 fertur,
1919 2931 1982 2988 in

335 3045 616 3101 magnum
651 3025 930 3098 palatium
967 3021 1299 3089 transtulit,
1345 3038 1413 3077 ea
1453 3039 1514 3077 se
1547 3023 1769 3078 ratione
1798 3025 1981 3076 teme-

335 3118 474 3174 rarii
504 3121 562 3174 et
591 3132 731 3188 apro
763 3131 877 3170 non
912 3111 1222 3168 dissimilis
1247 3109 1443 3182 populi
1488 3109 1712 3165 rabiem
1754 3109 1982 3164 cohibi-

333 3212 536 3262 turum
567 3203 926 3259 existimans.
965 3201 1075 3256 Sed
1110 3204 1169 3255 et
1199 3198 1414 3254 ebriosi
1457 3199 1698 3270 quidam
1741 3213 1812 3252 ex
1863 3196 1984 3252 cir-

332 3291 726 3350 cumforaneis
747 3291 1018 3346 Minervae
1049 3287 1428 3344 simulacrum
1455 3290 1511 3342 in
1546 3288 1668 3343 foro
1697 3286 1982 3342 Constan-

2095 3295 2290 3358 πίονας
2391 3295 2827 3370 περιχαίνοντες,

339 3382 450 3440 tini
476 3380 766 3437 columna:
808 3379 1087 3434 insistens
1119 3377 1178 3432 in
1241 3376 1456 3432 multas
1514 3387 1705 3448 partes
1738 3375 1986 3432 commi-

339 3474 616 3536 nuerunt,
652 3470 803 3540 quod
835 3467 1080 3524 demens
1134 3466 1308 3521 turba
1356 3465 1414 3520 id
1471 3482 1576 3538 pro
1633 3464 1985 3521 exercitibus

335 3557 800 3616 occidentalibus
861 3556 1010 3611 739
1063 3556 1366 3610 formatum
1409 3570 1538 3610 esse
1583 3553 1873 3610 credebat.
1919 3553 1983 3609 Id

333 3650 393 3706 in
424 3648 667 3718 triginta
703 3646 918 3720 pedum
955 3645 1328 3700 altitudinem
1365 3643 1754 3715 assurgebat,
1813 3642 1983 3697 indu~

332 3747 459 3797 tum
518 3754 668 3794 aerea
721 3741 902 3804 veste,
965 3751 1080 3808 qua
1128 3732 1372 3788 materia
1419 3736 1611 3788 totum
1647 3731 1976 3798 constabat,

331 3830 589 3886 demissa
617 3829 690 3885 ad
723 3827 902 3900 pedes
924 3837 978 3882 et
1037 3824 1238 3881 multis
1299 3824 1359 3880 in
1418 3823 1682 3895 partibus
1739 3821 1984 3892 compli-

333 3925 484 3990 cata,
513 3935 586 3975 ne
616 3919 758 3990 quid
790 3923 1092 3988 appareret
1123 3915 1280 3986 quod
1316 3921 1521 3968 natura
1577 3917 1793 3968 tectum
1853 3927 1984 3968 esse

331 4009 540 4067 voluit.
614 4007 849 4064 Balteus
892 4005 1124 4062 lumbos
1162 4008 1318 4059 arcte
1375 4001 1842 4075 constringebat.
1918 4006 1983 4058 In

335 4103 568 4173 pectore
623 4097 796 4154 rectis
828 4095 1107 4150 mammis
1143 4092 1364 4164 insigni
1385 4091 1648 4161 Egidem
1681 4107 1814 4148 cum
1843 4095 1985 4147 Gor-

335 4203 521 4261 goneo
569 4185 756 4256 capite
809 4185 882 4240 ab
931 4182 1194 4239 humeris
1250 4181 1670 4252 dependentem
1733 4180 1988 4252 gerebat.

334 4277 560 4335 Collum
585 4276 804 4334 nudum
835 4280 894 4331 et
920 4275 1162 4346 longum
1185 4275 1312 4328 erat
1335 4271 1840 4343 jucundissimum
1865 4287 1994 4343 spe-

2090 1953 2181 2008 καὶ
2237 1953 2266 2006 ὁ
2325 1952 2524 2008 τούτου
2571 1953 2756 2026 πατὴρ
2809 1951 3079 2012 Ἰσαάκιος
3148 1948 3250 2004 οὐκ
3297 1945 3378 2002 ἐπ’
3415 1940 3648 2001 ἔλαττον
3677 1943 3743 2013 ἦν

2092 2043 2389 2117 στυγητὸς,
2433 2039 2730 2112 ἐπειδήπερ
2785 2041 2875 2096 καὶ
2936 2039 3106 2096 πάλιν
3161 2035 3499 2097 ἀλλοκότοις
3566 2033 3750 2106 δόξαις

2090 2132 2464 2207 περιεφέρετο,
2524 2131 2687 2207 λόγιά
2731 2151 2792 2186 τε
2865 2131 2958 2186 καὶ
3042 2128 3224 2206 ὀμφὰς
3311 2126 3574 2186 συντιθεὶς
3647 2123 3750 2180 οὐκ

2090 2215 2262 2296 ἔληγε
2315 2225 2424 2276 τῶν
2482 2220 2570 2277 ἐπὶ
2644 2228 2745 2291 τῆς
2775 2221 3042 2296 προτέρας
3119 2219 3301 2292 ἀρχῆς
3378 2213 3741 2291 ἀρῥητότερα,

2091 2308 2202 2387 εἷ’γε
2229 2309 2400 2366 πάλαι
2462 2311 2557 2384 μὶν
2609 2310 2673 2366 τὸ
2735 2311 3012 2386 μόναρχον
3046 2307 3392 2387 ἐφαντάζετο,
3441 2305 3533 2361 καὶ
3574 2304 3740 2367 αὐτὸς

2090 2401 2228 2456 εἶναι
2250 2399 2485 2463 ἀναιδῶς
2539 2398 2825 2456 διετείνετο
2857 2401 2886 2454 ὁ
2941 2402 3012 2474 τῇ
3074 2401 3264 2472 Δυσμῇ
3323 2397 3576 2468 συνάψων
3631 2395 3735 2464 τήν

2089 2494 2209 2548 "Eua
2238 2491 2329 2546 καὶ
2358 2490 2548 2565 κρέτος
2579 2488 3020 2564 περιζωσόμενος
3069 2487 3132 2544 τὸ
3190 2487 3561 2561 παγκόσμιον,
3617 2483 3741 2539 τότε

2091 2575 2149 2634 δὶ
2175 2577 2270 2633 καὶ
2327 2581 2427 2650 τήν
2490 2578 2742 2654 πήρωσιν
2803 2576 3206 2652 ἀποτρίψασθαι
3263 2573 3576 2652 προσεδόκα
3629 2579 3740 2628 τῶν

2089 2666 2392 2744 ὀφθαλμῶν
2422 2667 2514 2723 καὶ
2552 2669 2626 2730 ὡς
2687 2663 2953 2742 λεϐηρίδα
3017 2667 3118 2735 τὴν
3165 2667 3320 2720 νόσον
3377 2663 3742 2734 ἀποξύσασθαι

2085 2759 2185 2826 τήν
2246 2755 2531 2834 ἀρθρίτιδα
2595 2757 2686 2812 καὶ
2740 2758 2805 2813 τὸ
2861 2755 2993 2812 ὅλον
3056 2755 3134 2818 εἰς
3200 2752 3370 2829 ἄνδρα
3439 2750 3744 2808 θεοείκελον

2089 2849 2542 2923 ἆμειφθήσεσθαι,
2579 2847 2720 2904 ὥστε
2774 2846 2865 2902 καὶ
2917 2851 3027 2901 τῶν
3061 2849 3347 2919 μοναστῶν
3405 2845 3458 2899 οἱ
3509 2863 3747 2916 καταραο

2087 2939 2307 2994 τότατοι
2337 2938 2426 2993 κσὶ
2459 2940 2617 3013 βαθεῖ
2656 2937 2801 3009 ληΐῳ
2831 2941 3112 3010 κομῶντες
3168 2937 3270 3004 τὴν
3329 2939 3428 2990 τοῦ
3482 2935 3742 3008 πὼγωνος

2091 3028 2351 3104 ἄρουραν,
2402 3028 2478 3090 εἰς
2531 3027 2800 3102 αἰσχύνην
2840 3047 2898 3082 τε
2929 3027 3129 3082 οἰκείαν
3162 3025 3226 3082 τὸ
3259 3024 3508 3102 θεοφιλὲς
3535 3023 3584 3079 οἰ
3615 3026 3737 3078 θεοο

2094 3123 2269 3190 μισεῖς
2327 3117 2700 3191 περικείμενοι
2753 3122 2972 3190 σχῆμα,
3027 3116 3126 3179 τὰς
3180 3115 3420 3192 ἀρχικὰς
3475 3114 3745 3190 τραπέζας

2773 3209 2880 3260 τῶν
2930 3205 3136 3280 ἰχθύων
3209 3205 3336 3267 τοὺς
3394 3203 3602 3266 νεαλεῖς
3653 3203 3749 3259 καὶ

2953 3291 3398 3357 συνδειπνοῦντες
3494 3293 3748 3367 Ἰσαακίῳ

2091 3384 2462 3462 συγκαθίστων
2524 3384 2712 3458 ἐκείνῳ
2747 3385 2850 3455 τὴν
2901 3383 3211 3463 μοναρχίαν
3276 3383 3329 3439 ἐν
3386 3382 3607 3458 λόγοις,
3657 3384 3752 3440 τὸν

2091 3475 2384 3549 ἀνθοσμίαν
2439 3475 2743 3552 ζωρότερον
2809 3476 3278 3554 προσφερόμενοι,
3339 3473 3508 3530 ἐνίοτε
3557 3471 3616 3530 δὲ
3658 3475 3752 3530 καὶ

2094 3568 2178 3639 [Ρ.
2211 3567 2340 3638 359]
2389 3565 2482 3627 τάς
2530 3563 2950 3640 ἐξηρθρωμένας
3007 3569 3200 3643 χεῖρας
3250 3563 3754 3640 περιπτυσσόμενοι

2092 3657 2182 3713 καὶ
2229 3662 2348 3718 τοῖς
2409 3655 2721 3734 ὀφθαλμοῖς
2787 3655 2952 3718 αύτὰς
3003 3656 3413 3728 προσάπτοντες
3469 3656 3569 3724 τήν
3624 3654 3754 3710 ὅσον

2100 3745 2316 3802 οὐδέπω
2368 3746 2578 3802 τούτων
2636 3747 3016 3823 προηγόρευον
3071 3744 3406 3801 ἀνακαίνισιν
3461 3745 3552 3802 καὶ
3610 3766 3753 3822 κρα-

2095 3837 2339 3893 ταίωσιν.
2417 3836 2478 3892 Ὁ
2553 3832 2610 3890 δὲ
2687 3832 2930 3910 διεχεῖτο
3005 3839 3122 3895 πῶς
3196 3833 3259 3890 ἄν
3290 3832 3438 3890 εἷ’ποι
3513 3856 3596 3896 τις
3633 3840 3757 3898 τοῖς

2098 3922 2444 3998 λεγομένοις,
2546 3922 2636 3978 καὶ
2712 3922 3002 4000 έπεσκίρτα
3075 3930 3194 3988 τοῖς
3271 3923 3760 4000 βωμολοχεύμασι

2096 3205 2524 3280 μεταδιώκοντες
2604 3205 2694 3261 καὶ

2096 4013 2314 4078 τούτοις
2343 4013 2419 4078 ὡς
2464 4011 2720 4088 ἀψευδέσι
2787 4012 3262 4088 θεσπιῳδήμασιν.
3297 4017 3383 4074 Ἐν
3432 4013 3670 4077 πολλοῖς
3696 4013 3760 4070 δὲ

2095 4105 2189 4158 καὶ
2243 4104 2372 4166 τοὺς
2440 4109 2508 4178 τῇ
2569 4103 2800 4180 ἀστρικῇ
2877 4105 3310 4180 προσκειμένους
3390 4105 3758 4180 προσιέμενος

2098 4190 2242 4248 ἄλλα
2264 4213 2324 4248 τε
2381 4198 2502 4255 ταῖς
2561 4193 2740 4249 αὐτῶν
2803 4195 3106 4266 ὑποθήκαις
3161 4194 3399 4250 ὑπείκων
3447 4193 3754 4272 εἰργάζετο,

2097 4283 2186 4338 καὶ
2247 4279 2314 4351 δὴ
2369 4281 2458 4338 καὶ
2515 4283 2607 4338 τὸν
2669 4280 3022 4340 Καλυδώνιον
3080 4288 3195 4350 σῦν,
3229 4283 3290 4346 ὅς
3321 4283 3372 4338 ἐν
3404 4286 3758 4357 τῷἿππικῷ

335 4365 652 4424 ctaculum.
707 4365 803 4420 [Es
843 4365 1000 4420 enim
1061 4363 1231 4418 deam
1281 4361 1362 4416 ita
1411 4360 1880 4432 repraesentabat,
1930 4366 1982 4418 ul

2101 4370 2342 4447 φρίσσων
2391 4373 2493 4442 τὴν
2534 4371 2824 4428 έπινώτιον
2898 4374 3068 4448 τρίχα
3134 4370 3303 4450 ῥύδην
3363 4382 3604 4448 φέρεται,
3655 4375 3758 4443 τῆς

335 4456 500 4513 labia
520 4470 761 4511 suavem
792 4454 1024 4510 editura
1053 4467 1272 4518 vocem,
1321 4449 1369 4506 si
1421 4450 1552 4520 quis
1611 4455 1990 4522 exspectaret,

335 4545 694 4602 viderentur.
728 4541 1096 4616 Apparebant
1128 4545 1187 4596 et
1215 4555 1397 4606 venae,
1440 4543 1499 4594 et
1533 4543 1722 4595 totum
1753 4555 1991 4612 corpus,

2103 4461 2311 4538 βάσεως
2339 4459 2586 4517 καθελὼν
2641 4463 2970 4537 μετήνεγκεν
3026 4461 3105 4524 εἲς
3160 4461 3224 4517 τὸ
3267 4462 3406 4539 μέγα
3465 4461 3757 4522 παλάτιον,

2099 4551 2192 4606 τὸν
2219 4551 2318 4619 τήν
2351 4551 2530 4625 ὁρμὴν
2565 4548 2749 4623 συώδη
2777 4550 2869 4606 καὶ
2920 4549 3220 4608 ἀτάσθαλον
3268 4549 3447 4622 δῆμον
3505 4559 3608 4623 τῆς
3662 4552 3759 4608 πό-

334 4651 448 4708 qua
505 4633 765 4700 decebat,
833 4630 1067 4688 mollius
1117 4628 1561 4696 inflectebatur;
1613 4635 1668 4684 et
1741 4627 1982 4700 quamvi:

2113 4636 2254 4702 λεως
2303 4639 2652 4696 καταστελεῖν
2707 4640 2941 4700 ἐντεῦθεν
2999 4643 3275 4720 οἰόμενος.
3309 4643 3484 4703 Ἀλλὰ
3533 4646 3762 4702 καὶτῶν

331 4725 600 4784 exanime
669 4721 915 4779 animati
991 4719 1248 4790 corporis
1323 4717 1586 4790 vigorem
1673 4718 1979 4776 referebat.

332 4816 534 4874 Cauda
581 4813 799 4888 equina
829 4810 1005 4884 capiti
1038 4807 1310 4882 imposita
1339 4811 1620 4864 terrorem
1671 4808 1982 4879 quc-udam

332 4921 454 4978 pris
483 4921 546 4962 se
576 4903 817 4961 ferebat.
857 4899 1035 4958 Coma
1056 4916 1090 4955 a
1119 4899 1308 4955 fronte
1356 4896 1715 4968 dependens,
1784 4896 1844 4952 in
1879 4913 1985 4953 no-

331 4995 472 5052 dum
521 4999 780 5051 contorta
827 4999 882 5048 et
955 5008 988 5046 a
1053 4993 1216 5062 tergo
1287 4985 1606 5043 constricta
1685 4985 1990 5044 oculorum

328 5087 454 5140 erat
483 5083 730 5141 deliciae.
776 5079 951 5139 Galea
985 5096 1100 5137 non
1127 5076 1360 5151 penitus
1417 5079 1705 5142 contecta,
1754 5077 1856 5132 sed
1917 5093 1988 5133 ex

333 5180 497 5246 parte
528 5171 892 5245 prominens.
927 5169 1093 5226 Leve
1122 5183 1331 5225 manus
1361 5165 1546 5239 plices
1578 5165 1750 5222 vestis
1795 5166 1987 5224 conti-

323 5263 549 5332 nebat,
585 5260 772 5318 altera
811 5276 1020 5318 versus
1067 5262 1333 5315 austrum
1391 5259 1570 5326 caput
1601 5253 1837 5327 paulum
1896 5257 1990 5316 in-

323 5351 607 5412 clinatum
670 5353 824 5407 140
876 5348 1226 5406 sustinebat.
1289 5344 1606 5403 Oculorum
1667 5345 1820 5404 acies
1889 5363 1986 5405 eo-

323 5441 462 5498 dem
551 5440 988 5504 intendebatur,
1063 5441 1129 5493 ut
1213 5435 1313 5508 qui
1369 5434 1545 5492 situm
1635 5435 1988 5509 angulorum

325 5547 449 5588 non
499 5530 643 5587 satis
689 5532 920 5596 norant,
983 5525 1379 5584 simulacrum
1440 5523 1804 5581 occidentem
1849 5542 1985 5598 spe-

322 5627 476 5680 ctare
524 5625 582 5679 et
630 5620 814 5677 veluti
872 5635 1053 5675 manu
1111 5615 1344 5672 allicere
1393 5613 1798 5673 Occidentales
1829 5633 1990 5676 exer-

321 5713 476 5770 citus
505 5711 894 5775 afﬁrmarent,
927 5708 1082 5764 haud
1116 5721 1262 5762 sano
1285 5703 1516 5774 judicio
1543 5705 1848 5765 oculorum
1882 5711 1985 5769 de-

325 5803 498 5876 cepti.

2092 4727 2368 4804 ἀγοραίων
2447 4729 2500 4786 οἱ
2546 4729 2914 4810 φιλοινότεροι
2986 4735 3052 4790 τὸ
3102 4733 3238 4797 ἒσὼς
3317 4732 3408 4791 ἐπὶ
3460 4734 3673 4807 στήλης
3703 4733 3756 4790 ἰν

2095 4821 2176 4891 τῷ
2242 4822 2685 4895 Κωνσταντινείῳ
2787 4822 2940 4900 φόρῳ
3013 4831 3114 4895 τῆς
3219 4825 3460 4897 Ἀθηνᾶς
3539 4823 3760 4902 ἄγαλμα

2101 4908 2178 4972 εἰς
2238 4908 2472 4966 πλεῖστα
2542 4908 2751 4968 διεῖλον
2852 4915 3140 4987 τμήματα.
3236 4911 3416 4970 ἐδόκει
3471 4914 3574 4992 γὰρ
3638 4917 3756 4976 τοῖς

2101 5001 2297 5080 ἄφροσι
2320 5000 2575 5078 σύρφαειν
2610 5001 2746 5079 ὑπὲρ
2794 5008 2904 5060 τῶν
2945 5003 2997 5076 ἐξ
3047 5003 3276 5082 ἰσπέρας
3337 5005 3745 5079 ἒστοιχειῶσθαι

2097 5093 2264 5146 τοῦτο
2307 5095 2570 5166 στρατῶν.
2631 5088 2906 5149 Ἃνέϐαινε
2967 5092 3063 5166 μὲν
3115 5096 3220 5164 τὴν
3284 5093 3502 5165 ἡλικίαν
3558 5088 3742 5165 ὄρθιον

2102 5178 2177 5234 ὡς
2251 5177 2303 5239 ἐς
2376 5176 2643 5254 τριακάδα
2717 5177 2927 5252 ποδῶν,
3003 5181 3278 5264 ἠμφίεστο
3325 5181 3383 5236 δὲ
3455 5176 3658 5249 στολὴν
3695 5176 3756 5248 ἐξ

2097 5265 2290 5329 ὁποίας
2338 5267 2479 5340 ὕλης
2528 5266 2661 5326 ὅλον
2711 5271 2775 5326 τὸ
2823 5269 3218 5347 ἰνδαλλόμενον
3271 5266 3763 5347 κεχαλκούργητο.

2111 5355 2370 5438 ἰῘοδήρῃς
2401 5355 2449 5412 δ’
2476 5359 2544 5429 ἦν
2575 5361 2610 5431 ἡ
2643 5357 2816 5432 στολὴ
2849 5364 2940 5418 καὶ
2971 5359 3433 5438 συμπτυσσομένη
3493 5357 3768 5438 πολλαχῆ

2105 5451 2214 5502 τῶν
2261 5451 2469 5522 μερῶν,
2525 5449 2600 5512 ὡς
2651 5451 2727 5524 μή
2783 5472 2836 5507 τι
2897 5455 2996 5508 τοῦ
3061 5453 3318 5526 σώματος
3365 5447 3769 5527 παραφαίνοιτο

2112 5531 2244 5612 ὅπερ
2319 5539 2355 5608 ἡ
2434 5539 2594 5616 φύσις
2665 5540 3042 5618 περιστέλλειν
3117 5541 3358 5617 ἐπέταξε.
3436 5541 3619 5617 Μίτρα
3722 5533 3770 5594 δ’

2099 5627 2308 5704 ’Δρεος
2337 5628 2436 5697 τὴν
2469 5629 2579 5700 ἰξὺν
2615 5627 2936 5710 διειληφυῖα
2964 5632 3166 5696 ἱκανῶς
3218 5632 3390 5704 αὐτὴν
3448 5629 3776 5709 περιέσφιγ-

2107 5736 2220 5792 γεν.
2255 5717 2397 5792 Εἶχε
2428 5715 2485 5774 δὲ
2553 5720 2688 5775 κάπὶ
2738 5724 2858 5786 τοῖς
2905 5722 3150 5799 στέρνοις
3196 5721 3518 5798 ὀρθότιτθον
3563 5715 3622 5774 ὅν
3648 5737 3783 5774 ποι-

2103 5803 2284 5862 ⁵ι’ίλον
2347 5804 2640 5886 αἰγιδωδες
2677 5807 2970 5890 έπένουμα,
3009 5816 3118 5869 τῶν
3167 5811 3340 5889 ὤμων
3407 5807 3776 5886 διεξικνούμε-
