4074 6380
297 392 410 459 941
1298 388 1665 453 ISAACIUS
1706 385 1990 451 ANGEL]

2118 389 2218 451 ET
2262 384 2606 452 ALEXIUS
2649 386 2715 447 Ρ.
3598 395 3717 457 942

296 551 415 597 νον,
468 529 569 599 τὴν
624 532 725 596 τῆς
776 525 1056 601 Γοργόν-ης
1106 527 1310 580 τυποῢν
1366 522 1629 603 κεφαλήν.
1691 525 1751 581 Ὁ
1806 521 1862 579 δὲ
1916 545 1976 598 γε
2031 523 2212 599 αύχὴν
2274 522 2479 601 ἀχίτων
2532 516 2605 575 ὥν
2653 521 2743 576 καὶ
2786 519 2925 594 πρὸς
2971 521 3035 577 τὸ
3083 518 3468 599 δολιχόδειρον
3516 525 3722 583 ἀνατειο

302 621 528 694 νόμενος
561 616 783 691 ἃμαχον
845 615 924 679 εἷς
974 612 1178 684 ἡδονὴν
1233 615 1405 687 θέαμα
1458 614 1548 683 ἧνι
1606 617 1879 671 Τοσοῦτον
1940 610 1987 667 δ’
2045 614 2074 668 ὁ
2132 611 2342 687 χαλκὸς
2398 613 2535 687 πρὸς
2592 612 2692 681 τήν
2726 607 2928 666 ἐκείνου
2963 609 3193 685 μίμησιν
3228 615 3506 684 πειθήνιος
3539 617 3723 688 ὁπηλ-

304 710 554 777 λάττετο,
614 706 754 761 ὥστε
805 706 894 760 καὶ
954 704 1023 760 τὰ
1088 703 1252 778 χείλη
1324 701 1480 775 δόξαν
1535 709 1802 780 παρεῖχον
1873 704 1947 765 ὡς
2013 703 2063 757 εἷ’
2124 706 2424 776 προσμενεῖ
2487 722 2571 763 τις
2641 698 2898 779 μείλιχον
2967 704 3149 780 φωνήν
3220 703 3547 764 ἐνωτίσεται.
3620 709 3723 765 Καὶ

305 795 524 878 φλεϐῶν
602 793 661 850 δὲ
736 792 1036 857 διεκτάσεις
1115 792 1489 868 ὑπεκρίνοντο,
1564 793 1656 847 καὶ
1732 794 1805 855 ὡς
1885 792 2043 867 ὑγρὸν
2102 790 2233 847 ’ὅλον
2289 791 2351 846 τὸ
2410 795 2570 864 σῶμα
2626 790 2677 844 ἐν
2740 793 2822 853 οἷς
2876 784 2983 845 ἔδει
3043 792 3392 866 περιεκλᾶτο,
3449 796 3539 851 καὶ
3581 803 3726 868 ζωῆς

307 890 513 965 ἀπέχον
589 892 840 962 μετεῖχεν
911 885 985 947 ὡς
1055 888 1159 953 ζῶν
1223 883 1624 956 ἀνθηρὸτητος,
1693 883 1825 944 τοὺς
1893 879 2211 960 ὀφθαλμοὺς
2278 882 2457 955 ἱμέρῳ
2521 882 2678 935 παντὶ
2742 879 3022 954 ῥεόμενον.
3086 884 3377 959 Ἰππουρις
3431 884 3477 940 δ’
3527 887 3729 943 ἐπικει-

311 988 446 1054 μένη
495 983 565 1052 τῇ
614 974 828 1057 κεφαλῇ
896 973 1069 1030 δεινὸν
1133 974 1463 1048 καθύπερθεν
1532 966 1726 1030 ἔνευεν.
1786 973 1848 1028 Ἥ
1909 969 1966 1026 δὲ
2017 971 2166 1044 κόμη
2217 966 2272 1035 ἒς
2336 969 2560 1045 πλέγμα
2618 967 3023 1045 διεστραμμένη
3078 971 3170 1026 καὶ
3220 970 3563 1049 δεσμουμένη
3598 972 3727 1033 ὄπι-

308 1080 453 1136 σθεν,
519 1069 618 1138 ὅση
688 1067 891 1142 κέχυτο
971 1064 1030 1119 ἐκ
1098 1064 1388 1136 μετώπων,
1462 1063 1637 1138 τροφή
1689 1081 1772 1122 τις
1834 1060 1899 1128 ἦν
1950 1058 2270 1137 ὀφθαλμῶν,
2325 1061 2400 1132 μή
2452 1057 2649 1114 ἐπίπαν
2698 1064 2778 1132 τῷ
2819 1060 3003 1134 κράνει
3055 1063 3416 1137 συνεχομένη,
3473 1064 3620 1121 ἀλλά
3672 1088 3724 1122 τι

307 1158 397 1213 καὶ
449 1154 907 1232 παρεμφαίνουσα
954 1156 1051 1208 τοῦ
1097 1154 1387 1226 πΛοχμοῦ.
1438 1151 1561 1207 Τῶν
1611 1148 1668 1204 δὲ
1714 1153 1918 1224 χειρῶν
1967 1151 2002 1219 ἡ
2057 1150 2150 1222 μὲν
2204 1146 2335 1202 λαιὰ
2382 1149 2449 1202 τὰ
2509 1149 2914 1222 συνεπτυγμένα
2959 1154 3060 1217 τῆς
3111 1147 3341 1218 ἐσθῆτος
3384 1152 3727 1225 ἀνέστελλεν,

306 1246 469 1321 ἀτέρα
536 1242 582 1301 δ’
651 1240 998 1315 ἐκτεινομένη
1062 1241 1201 1313 πρὸς
1263 1239 1437 1312 κλίμα
1496 1239 1561 1293 τὸ
1613 1238 1794 1294 νότιον
1859 1241 1980 1314 εἶχε
2034 1239 2133 1307 τήν
2190 1236 2436 1317 κεφαλὴν
2484 1236 2667 1312 ἠρέμα
2708 1258 2827 1299 πως
2897 1234 3286 1313 ἐγκλινομέντ,ν
3343 1237 3454 1295 ἐκεῖ
3496 1240 3587 1296 καὶ
3634 1245 3729 1304 τᾶς

307 1340 416 1393 τῶν
447 1332 747 1414 ὀφθαλμῶν
777 1333 865 1388 ἔπ’
896 1329 1019 1402 ἴσης
1041 1328 1357 1403 τεινομένας
1392 1325 1588 1403 βολὰς,
1621 1328 1740 1391 ὃθεν
1774 1329 1825 1383 οὶ
1861 1326 2005 1401 μηδὲ
2032 1328 2129 1389 τὰς
2153 1325 2323 1387 θέσεις
2344 1330 2453 1381 τῶν
2480 1326 2727 1399 περάτων
2752 1327 3003 1381 ὁπωσοῦν
3032 1326 3382 1401 ἐπιστάμενοι
3417 1328 3471 1390 ἐς
3503 1328 3728 1407 ἑσπέραν

312 1412 519 1503 ἀφορᾷν
551 1424 614 1479 τὸ
647 1422 874 1499 ἄγαλμα
905 1419 1231 1476 διετείνοντο
1263 1419 1354 1473 καὶ
1387 1420 1503 1472 οἷον
1531 1415 1854 1481 ἐπισπᾶσθαι
1896 1416 2046 1490 χειρὶ
2066 1416 2134 1470 τὰ
2165 1415 2225 1470 ἐκ
2253 1412 2523 1482 δυσμόθεν
2555 1415 2973 1490 στρατεύμαται,
3005 1420 3187 1479 κακῶς
3226 1416 3497 1491 κρίνοντες
3524 1419 3616 1475 καὶ
3651 1421 3727 1495 μὴ

312 1500 448 1590 πρὸς
481 1510 687 1568 ἔννοιαν
717 1511 883 1585 ὸρθήν
910 1515 1027 1571 τοῖς
1060 1510 1279 1583 ὁρατοῖς
1310 1500 1723 1568 ἐπιϐαλλοντες.

381 1696 450 1753 O't
484 1694 578 1767 μὶν
609 1690 702 1747 οὖν
736 1691 872 1764 μετά
923 1687 1189 1745 τοιούτων
1245 1685 1561 1758 κινημάτων
1588 1690 1689 1753 τῆς
1717 1681 1957 1748 διανοίας
1985 1755 1990 1764 ι

2137 1689 2218 1742 Ac
2250 1684 2334 1742 illi
2385 1685 2491 1743 hac
2543 1686 2817 1758 opinione
2867 1687 3102 1759 impulsi
3161 1689 3427 1748 Minervas
3481 1693 3727 1751 simula-

306 1786 370 1841 τὸ
422 1790 525 1853 τῆς
562 1785 799 1853 Ἀθηνᾶς
855 1778 1170 1854 συνέτριψαν
1231 1774 1473 1852 ἄγαλμα,
1508 1774 1543 1842 ἢ
1578 1772 1797 1846 μᾶλλον
1853 1777 1971 1835 τοῖς

2103 1791 2244 1831 :rum
2296 1776 2689 1832 contriverunt
2724 1794 2737 1846 ;
2772 1793 2836 1832 ac
2868 1778 3060 1849 potius
3118 1779 3361 1838 subinde
3409 1788 3644 1840 ruentes
3674 1784 3736 1842 in

314 1874 557 1953 χείροσιν
610 1870 692 1926 ἀεὶ
748 1863 1138 1944 προϐαίνοντες
1187 1866 1276 1921 καὶ
1333 1865 1453 1928 καθ’
1505 1863 1711 1918 ἑαυτῶν
1744 1861 1972 1918 ὁπλῖται

313 1950 592 2039 γινόμενοι
630 1963 732 2032 τὴν
789 1956 1012 2032 ἀνδρίας
1063 1956 1153 2011 καὶ
1212 1956 1527 2033 φρονήσεως
1575 1952 1850 2008 ἐπιστάτιν
1880 1950 1971 2039 καὶ

318 2038 434 2115 τοῖς
482 2052 678 2113 τύποις
736 2049 922 2111 αὐτοῖς
982 2047 1318 2104 ἀπεώσαντο.
1354 2044 1414 2098 Οἱ
1446 2041 1503 2098 δὲ
1538 2041 1784 2115 βασιλεῖς
1815 2038 1970 2095 οὐδὲν

322 2141 405 2198 δτι
442 2142 517 2215 μὴ
550 2141 650 2208 τὴν
677 2137 959 2213 συλλογήν
1008 2141 1119 2192 τῶν
1171 2154 1279 2211 χρη
1293 2134 1475 2209 μάτων
1509 2128 1668 2207 ἔργον
1701 2130 1971 2205 ἀσχολίαις

319 2232 497 2302 πάσης
530 2231 684 2306 εἶχον
711 2229 801 2285 καὶ
851 2226 1016 2283 πάλιν
1077 2227 1367 2298 ἀνώτερον,
1408 2222 1524 2278 ἐπεὶ
1557 2225 1642 2295 [Ρ.
1672 2223 1797 2295 360]
1833 2216 1975 2293 μηδὲ

321 2322 487 2397 κόρος
532 2321 601 2390 ἦν
659 2319 807 2394 παρά
862 2323 981 2381 τοῖς
1032 2311 1376 2391 λαμϐάνουσι
1410 2312 1654 2388 λήψεως,
1694 2309 1819 2367 ἀλλ’
1850 2309 1976 2364 ὅσον

321 2412 378 2466 αἱ
431 2408 610 2473 δόσεις
664 2403 1017 2483 προύϐαινον,
1074 2409 1334 2461 τοσοῦτον
1391 2402 1661 2476 ἐνήκμαζε
1707 2401 1772 2456 τὸ
1812 2398 1977 2476 φιλό-

321 2517 545 2573 χρυσον.
581 2496 807 2569 Ἀμέλει
863 2495 970 2551 κὰκ
1021 2497 1131 2551 τῶν
1185 2490 1433 2548 παλιτῶν
1487 2491 1672 2568 φόρων
1715 2486 1975 2544 ὠδίνοντο

320 2584 614 2661 συλλογαί.
669 2584 880 2643 Τούτου
940 2581 997 2639 δὲ
1059 2584 1134 2656 μὴ
1191 2579 1418 2654 ὁμαλῶς
1461 2584 1891 2656 προχωροῦντος
1925 2579 1976 2651 (ὁ

321 2679 425 2756 γὰρ
483 2676 648 2745 λεὼς,
708 2676 808 2731 ὅσα
862 2674 949 2728 καὶ
1011 2671 1250 2748 πέλαγος
1320 2670 1515 2745 ἀχανὲς
1574 2670 1661 2724 γαὶ
1720 2669 1978 2743 ἀόριστον

324 2766 533 2841 ἂνέμῳ,
563 2770 679 2827 τοῖς
741 2766 817 2838 μή
879 2764 1146 2838 θυμήρεσι
1205 2758 1682 2834 διαρῥιπιζόμενον
1733 2758 1982 2837 ἐπέφρισ-

326 2878 409 2913 σιν
462 2856 540 2918 εἰς
592 2855 909 2928 ἀπόστασιν)
965 2854 1063 2919 τῆς
1124 2851 1221 2924 μὶν
1269 2849 1579 2924 προθέσεως
1630 2855 1832 2916 ταύτης
1876 2847 1980 2902 ἀπο

326 2945 575 3015 έστησαν,
632 2945 761 3005 τοὺς
815 2940 873 2998 δὲ
929 2938 1273 3012 ζαπλούτους
1338 2935 1632 3014 ἐπιλέγδην
1688 2935 1979 3006 ἐσύλησαν,

327 3033 477 3095 ὅπως
539 3035 574 3102 ἡ
644 3033 906 3101 Λατινικὴ
965 3029 1313 3105 γαληνιάσειε
1399 3027 1678 3102 βούπεινα.
1750 3026 1852 3082 Καὶ
1917 3027 1984 3080 τὰ

329 3123 538 3200 χρύσεα
589 3119 648 3176 δὲ
702 3126 800 3177 τοῦ
856 3119 1116 3195 μεγίστου
1182 3119 1286 3175 νεὼ
1338 3115 1543 3173 ἔπιπλα
1602 3114 1982 3192 βαρυτάλαντα

332 3210 481 3282 ὄντα,
513 3211 602 3268 καὶ
634 3212 689 3266 αἱ
738 3209 967 3285 λυχνίαι
1027 3208 1120 3264 σὺν
1180 3208 1367 3271 αὐτοῖς
1421 3208 1476 3262 αἱ
1535 3205 1795 3283 ἀργύρεαι
1828 3206 1990 3284 ἀφαι-

335 3302 599 3379 ρούμεναι
678 3300 771 3356 καὶ
860 3296 1292 3373 παραδιδόμεναι
1351 3297 1517 3371 πυρὶ,
1575 3296 1711 3370 πρὸς
1782 3297 1986 3370 βρῶσιν

334 3394 576 3467 ἀτεχνῶς
631 3383 988 3465 προϐέϐλητο
1040 3391 1159 3448 τοῖς
1215 3386 1360 3455 κυσὶ,
1416 3386 1507 3441 καὶ
1570 3387 1713 3458 μιξις
1771 3385 1838 3453 ἦν
1882 3388 1992 3440 τῶν

334 3481 577 3555 ἀμίκτων
608 3479 848 3541 ἀνόσιος.

405 3567 470 3629 δ’.
502 3567 684 3624 Ἀλλά
726 3567 818 3624 καὶ
865 3566 1074 3623 τούτων
1124 3564 1275 3620 οὕτω
1322 3563 1625 3637 γινομένων
1665 3563 1756 3617 καὶ
1786 3560 1993 3636 προδή-

334 3658 449 3722 λως
480 3657 868 3731 ἀνομουμένων
926 3651 1081 3711 οὐδέν
1138 3652 1468 3727 ἐπεραίνετο.
1519 3647 1859 3710 Ἠϐούλοντο
1889 3651 1990 3726 γὰρ

336 3750 390 3804 οἱ
419 3753 529 3803 τῶν
563 3745 871 3822 χρημάτων
932 3744 1344 3819 εἶσπράκτορες,
1400 3749 1503 3813 τῆς
1561 3746 1669 3797 τῶν
1703 3741 1992 3815 Ῥωμαίων

337 3839 588 3911 εὐηθείας
646 3840 1093 3915 κατατρυφῶντες
1150 3834 1238 3890 καὶ
1316 3839 1416 3903 τῆς
1473 3835 1580 3888 τῶν
1650 3830 1991 3907 κρατούντων

339 3928 698 4000 ἠλιθιότητος
762 3924 1208 3996 καταπαίζοντες,
1285 3923 1413 3985 τοὺς
1497 3923 1591 3996 μὲν
1648 3922 1743 3984 τὰς
1809 3920 1998 3994 τιμίας

340 4017 477 4081 ὕλας
534 4017 990 4095 ἀποφορτίζεσται
1048 4015 1176 4088 παρ’
1235 4012 1419 4075 αὐτοῖς
1470 4010 1600 4076 τοὺς
1639 4008 1697 4065 δὲ
1727 4012 1996 4085 παρεστά-

341 4129 427 4165 ναι
500 4108 972 4182 ἀχθοιροροῦντας,
1051 4100 1257 4164 ἄλλους
1339 4100 1621 4176 προσιέναι
1706 4120 1995 4175 χρυσαγω-

340 4199 492 4272 γοὺς,
523 4195 700 4256 Evicit;
757 4192 801 4248 δ’
849 4192 1260 4259 ἐνσκευάζεσθαι
1315 4190 1452 4264 πρὸς
1507 4191 1609 4259 τὴν
1668 4187 1866 4265 ἄφιξιν,
1909 4187 1998 4242 καὶ

342 4290 505 4340 τοῦτο
550 4282 773 4357 δρᾶσθαι
823 4279 914 4335 διὰ
961 4280 1181 4343 παντός.
1230 4280 1386 4334 Ὅθεν
1426 4283 1543 4341 τοῖς
1593 4278 1718 4353 περὶ
1766 4279 1866 4347 τὴν
1904 4298 2001 4350 με·

341 4370 647 4449 γαΛόπολιν
702 4368 1008 4449 τρυφηλοῖς
1086 4368 1318 4445 χωρίοις
1396 4368 1487 4423 καὶ
1544 4371 1664 4429 τοῖς
1715 4368 1885 4441 ἱεροῖς
1944 4365 1998 4421 ἐν

2079 1866 2356 1932 deterius,
2399 1869 2456 1922 et
2512 1871 2718 1923 contra
2777 1875 2957 1925 semel
3013 1869 3174 1941 ipsos
3225 1872 3456 1942 armati,
3509 1874 3738 1931 fortitu-

2080 1954 2236 2010 dinis
2267 1958 2323 2010 et
2376 1956 2695 2027 prudentiae
2747 1957 3053 2027 praesidem
3092 1975 3198 2015 nec
3233 1961 3380 2031 typis
3411 1977 3737 2035 expressam

2081 2045 2237 2116 apud
2269 2060 2333 2101 se
2381 2047 2529 2100 ferre
2561 2050 2894 2116 potuerunt.
2956 2048 3380 2120 Imperatorum
3413 2068 3543 2108 vero
3574 2069 3738 2111 sum-

2082 2149 2174 2188 ma
2231 2137 2287 2190 et
2341 2133 2510 2189 unica
2566 2136 2864 2206 occupatio
2936 2141 3059 2193 erat
3133 2141 3394 2210 pecuniae
3450 2141 3734 2214 collectio,

2084 2225 2236 2295 quod
2286 2223 2445 2281 nulla
2471 2230 2594 2281 erat
2621 2227 2940 2298 accipiendi
2991 2229 3223 2285 satietas
3266 2246 3280 2286 :
3314 2231 3413 2287 sed
3448 2240 3733 2303 quantum

2081 2314 2352 2371 donativa
2398 2316 2774 2386 augebantur,
2829 2322 3057 2373 tantum
3102 2319 3393 2376 crescebat
3453 2321 3581 2378 auri
3625 2339 3730 2379 cu-

2082 2405 2319 2477 piditas.
2353 2405 2670 2477 Cupiebant
2727 2409 2901 2463 etiam
2933 2425 2966 2463 a
3007 2408 3235 2465 civibus
3265 2409 3491 2482 exigere
3540 2412 3732 2468 tribu-

2082 2497 2230 2549 tum.
2289 2493 2395 2549 Sed
2454 2509 2587 2550 cum
2639 2511 2703 2553 ea
2765 2512 2858 2552 res
2914 2512 3030 2553 non
3084 2498 3346 2570 expedite
3403 2501 3739 2559 succederet

2086 2584 2246 2654 (nam
2288 2583 2539 2655 populus
2571 2583 2759 2640 invisa
2808 2586 3196 2658 postulatione
3240 2587 3524 2658 irritatus,
3554 2591 3741 2645 instar

2089 2673 2230 2728 vasti
2264 2674 2442 2728 maris
2474 2678 2642 2731 vento
2699 2675 3049 2748 conturbati,
3082 2676 3467 2735 defectionem
3511 2685 3741 2751 specta-

2090 2762 2228 2833 bat),
2260 2764 2477 2818 omisso
2514 2762 2615 2819 illo
2675 2766 2972 2836 preposito
3029 2783 3127 2823 eos
3157 2768 3254 2837 qui
3308 2768 3582 2825 ditissimi
3613 2786 3745 2826 esse

2091 2857 2423 2913 ferebantur
2501 2856 2844 2929 spoliarunt,
2921 2865 2985 2915 ut
3056 2861 3388 2916 Latinorum
3439 2861 3747 2933 cupiditati

2088 2946 2389 3001 immensae
2447 2946 2609 3002 ﬂeret
2684 2946 2843 3003 satis.
2904 2948 3180 3005 Praeterea
3258 2950 3498 3007 maximi
3548 2951 3746 3023 templi

2096 3050 2269 3090 aurea
2317 3036 2739 3107 suppellectilis
2821 3038 2961 3093 741
3056 3039 3368 3095 multorum
3456 3040 3744 3098 talentum

2099 3129 2156 3180 et
2202 3126 2456 3194 argentei
2515 3124 2708 3197 lychni
2766 3142 2878 3182 una
2924 3128 3149 3201 abrepti
3219 3128 3649 3198 conﬂabantur,
3691 3138 3748 3187 et

2100 3213 2269 3285 plane
2300 3214 2540 3271 canibus
2598 3216 3022 3288 objiciebantur
3051 3219 3226 3275 rebus
3279 3235 3394 3276 non
3428 3220 3743 3278 miscendis

2100 3304 2314 3360 nefarie
2344 3305 2683 3363 commistis.

2173 3564 2227 3618 4.
2279 3563 2479 3635 Neque
2506 3568 2702 3622 tamen
2756 3566 3079 3624 manifestis
3134 3567 3368 3640 injuriis
3415 3568 3544 3626 istis
3586 3569 3753 3641 quid-

2103 3668 2273 3724 quam
2308 3655 2780 3724 proﬂciebantur.
2813 3656 2956 3712 Nam
3007 3658 3265 3728 pecunias
3321 3662 3609 3716 exactores
3640 3659 3756 3716 Ro-

2104 3758 2408 3799 manorum
2440 3743 2799 3815 simplicitati
2850 3747 3196 3804 insultantes
3225 3752 3281 3805 et
3334 3749 3754 3821 imperatorum

2105 3831 2386 3890 vecordiae
2436 3832 2745 3890 illudentes
2774 3835 3154 3907 postulabant
3211 3844 3273 3893 ut
3322 3837 3419 3894 alii
3453 3839 3754 3895 materiam

2106 3924 2420 3995 pretiosam
2441 3924 2593 3993 apud
2628 3939 2691 3980 se
2720 3924 3100 3997 deponerent,
3129 3924 3229 3981 alii
3261 3941 3437 3984 onera
3461 3929 3758 3985 sustinen-

2108 4017 2194 4069 tes
2224 4015 2501 4079 astarent,
2537 4011 2634 4066 alii
2667 4012 2792 4068 auri
2842 4013 3021 4085 bajuli
3052 4015 3408 4086 accederent,
3459 4016 3558 4071 alii
3592 4033 3653 4074 se
3683 4018 3755 4073 ad

2109 4118 2403 4158 accessum
2437 4107 2727 4173 pararent,
2760 4103 2934 4173 idque
2965 4106 3331 4162 continenter
3361 4106 3546 4162 ﬁeret.
3601 4108 3758 4164 Unde

2109 4191 2363 4247 hostium
2413 4193 2589 4246 duces
2636 4192 2975 4249 suburbana
3007 4195 3220 4264 praedia
3269 4196 3673 4251 amoenissima
3700 4201 3759 4253 et

2109 4297 2298 4335 sacras
2331 4282 2481 4335 aedes
2508 4281 2870 4351 Propontidis
2909 4286 2966 4339 et
2996 4284 3478 4355 splendidissima
3506 4285 3757 4356 impera-

2109 4373 2298 4424 torum
2360 4370 2593 4441 palatia,
2629 4370 2724 4425 alii
2758 4371 2829 4428 ab
2870 4373 3001 4429 aliis
3056 4372 3336 4444 instigati,
3387 4376 3623 4445 direptis
3659 4391 3763 4448 per

347 4457 682 4538 Προποντίδι
741 4461 987 4534 τεμένεσι
1038 4463 1157 4519 τοῖς
1199 4478 1259 4512 τε
1307 4455 1721 4531 λαμπροτάτοις
1781 4453 1990 4510 οἱκοπέε

2114 4461 2262 4514 vices
2291 4458 2362 4515 iis
2419 4475 2540 4529 quae
2599 4460 2843 4528 inerant,
2878 4463 3241 4530 cremabant,
3277 4464 3419 4519 nulli
3471 4465 3763 4523 maritimo

344 4550 459 4615 δοις
491 4557 598 4607 τῶν
652 4548 921 4626 βασιλέων
977 4544 1263 4621 παράλλαξ
1324 4547 1377 4602 οἱ
1435 4545 1734 4622 στρατηγοὶ
1792 4543 2005 4624 ἐφιστά-

346 4663 521 4717 μενοι,
552 4641 643 4696 καὶ
694 4640 841 4714 παρὰ
902 4640 1125 4713 θάτερον
1181 4637 1371 4711 ἀτερος
1430 4634 1813 4708 ὁπλιζὸμενοι,
1843 4634 2005 4690 ἐσκύ-

346 4732 506 4790 λευόν
561 4751 621 4787 τε
674 4730 742 4786 τὰ
812 4728 1001 4784 ἐνόντα
1067 4727 1158 4783 καὶ
1233 4725 1369 4781 αὐτα
1424 4725 1556 4800 πυρὶ
1613 4721 1998 4799 παρεδίδοσαν,

346 4820 661 4904 σειδόμενοι
752 4816 986 4894 μηδενὸς
1062 4814 1335 4891 παραλίου
1413 4812 1864 4904 οίκοδομὴματος
1948 4815 2002 4868 οἱ

347 4898 446 4970 τοῦ
519 4909 696 4967 καλοῦ
799 4908 1103 4983 ἀνέραστοι,
1200 4903 1629 4984 κηρεσιφόρητοι
1702 4898 2001 4978 Βάρϐαροι.

351 5000 589 5058 Πλιῖστα
620 5000 679 5056 δὲ
716 4998 813 5055 κάν
868 5004 990 5060 ταῖς
1048 4995 1178 5070 ᾐόσι
1227 5001 1327 5064 τῆς
1381 4991 1597 5055 πόλεως
1648 4988 2002 5054 ἐπιπλέοντες

352 5092 614 5148 συνίστων
664 5088 935 5163 πόλεμον.
996 5086 1096 5141 Καὶ
1155 5085 1221 5153 ἦν
1275 5086 1310 5154 ἡ
1369 5082 1491 5153 νίκη
1542 5077 1845 5156 ἀμοιϐαδὸν
1879 5081 2001 5137 ἐπι-

360 5179 627 5251 μειδιῶσά
674 5200 807 5235 ποτε
862 5177 954 5233 καὶ
1001 5172 1297 5246 Ῥωμαίοις
1328 5173 1419 5228 καὶ
1462 5172 1538 5245 μὴ
1587 5176 1796 5236 τιθεῖσα
1824 5172 2000 5243 πάντη

354 5267 421 5318 τὰ
447 5272 553 5321 τῶν
594 5267 850 5323 ἐναντίων
883 5263 1240 5341 ἀπρόσμαχα,
1277 5260 1441 5316 ὁπότε
1485 5260 1577 5315 καὶ
1634 5259 1696 5314 τὸ
1747 5256 2002 5333 δημῶδες

351 5361 453 5424 τῆς
528 5356 744 5420 πόλεως
827 5355 1199 5430 ἀνδριζόμενοι
1283 5351 1546 5406 ἐνέκειντο
1621 5350 1713 5404 τὸν
1779 5348 2005 5424 βασιλέα

351 5442 671 5517 αἰτούμενοι
746 5444 1071 5523 συνάρασθαί
1154 5462 1303 5522 σφισι
1394 5440 1530 5515 μετά
1605 5438 2004 5515 στρατεύματος

348 5536 489 5591 κατά
534 5540 636 5605 τῆς
701 5539 808 5590 τῶν
890 5533 1180 5609 πολεμιων
1262 5531 1711 5606 ἀντιμαχήσεως,
1790 5535 2007 5594 πιστοῖς

350 5622 469 5681 οὖσι
526 5623 617 5680 καὶ
663 5625 1022 5699 πατριώταις,
1053 5622 1204 5701 εἷ’περ
1259 5623 1336 5697 μὴ
1386 5620 1601 5700 χείλεσι
1636 5620 1731 5693 μὶν
1764 5620 2010 5695 Ῥωμαί-

347 5737 470 5782 νυις
522 5713 890 5795 προστίθεται,
935 5717 1006 5791 τῇ
1056 5711 1114 5772 δὲ
1161 5711 1359 5790 καρδίᾳ
1406 5709 1660 5775 Λατίνοις
1687 5710 2004 5786 προσνένευ-

2112 4550 2355 4606 aediﬁcio
2391 4556 2715 4623 parcentes,
2749 4551 3017 4609 homines
3073 4553 3329 4620 Barbari,
3357 4555 3428 4610 ab
3459 4556 3615 4610 omni
3648 4554 3764 4611 ele-

2112 4640 2310 4713 gantia
2340 4639 2514 4696 alieni
2544 4644 2599 4697 et
2630 4641 2691 4696 in
2749 4643 3043 4714 pernicem
3086 4642 3389 4700 hominum
3422 4645 3563 4701 nati.
3598 4644 3766 4701 Multi

2111 4729 2287 4785 etiam
2336 4730 2557 4787 urbana
2626 4731 2817 4787 littora
2872 4731 3129 4804 legentes
3204 4748 3455 4804 pugnam
3509 4733 3763 4801 ciebant,

2110 4818 2344 4875 victoria
2374 4835 2491 4876 non
2547 4820 2694 4892 ipsis
2741 4825 3018 4892 perpetuo
3072 4821 3325 4892 addicta,
3385 4822 3486 4878 sed
3520 4822 3762 4879 alternis

2111 4905 2279 4962 etiam
2330 4904 2611 4961 Romanis
2642 4905 2953 4977 aliquando
2985 4906 3228 4963 favente.
3272 4907 3338 4962 Et
3367 4907 3625 4963 urbanus
3656 4924 3761 4978 po-

2112 4993 2306 5066 pulus,
2342 4995 2552 5051 ﬁducia
2582 5004 2836 5066 sumpta,
2878 4995 2949 5051 ab
2976 4995 3324 5067 imperatore
3354 4996 3670 5068 postulavit
3699 5000 3764 5053 ut

2113 5084 2347 5156 sibi,qui
2406 5085 2608 5142 ﬁdeles
2664 5085 2779 5156 ipsi
2828 5088 2885 5141 et
2940 5085 3244 5157 papulares
3300 5086 3485 5158 ipsius
3543 5093 3764 5155 essent,

2114 5188 2247 5228 cum
2281 5174 2531 5230 exercitu
2564 5174 2633 5228 ad
2657 5174 3046 5230 resistendum
3079 5174 3341 5231 hostibus
3367 5191 3535 5246 opem
3569 5175 3764 5245 ferret,

2114 5262 2230 5318 nisi
2279 5264 2420 5319 forte
2453 5262 2621 5318 labiis
2668 5264 2949 5319 duntaxat
2990 5263 3268 5320 Romanis
3301 5264 3539 5331 faveret,
3571 5264 3767 5321 animo

2115 5369 2248 5410 vero
2293 5355 2361 5409 ad
2396 5355 2633 5409 Latinos
2680 5354 3083 5439 propenderet.
3119 5354 3326 5411 Verum
3357 5355 3473 5411 illa;
3524 5354 3775 5426 postula-

2117 5443 2304 5498 tiones
2328 5448 2493 5499 erant
2523 5442 2719 5499 irritas.
2770 5442 2912 5499 Nam
2953 5447 3010 5499 et
3064 5442 3297 5501 Alexius
3325 5443 3396 5500 ab
3428 5446 3607 5501 armis
3637 5459 3780 5501 con-

2119 5536 2210 5588 tra
2261 5532 2491 5589 Latinos
2548 5532 2851 5589 sumendis
2910 5532 3282 5602 abhorrebat,
3343 5533 3522 5606 idque
3574 5534 3781 5591 inutile

2118 5637 2248 5680 esse
2303 5623 2589 5695 putabat;
2631 5628 2689 5681 et
2740 5624 2890 5681 742
2949 5627 3119 5696 pater
3174 5624 3302 5696 ejus
3360 5625 3418 5681 id
3474 5624 3782 5682 consilium

2119 5713 2317 5783 dabat,
2379 5712 2584 5772 inanes
2642 5712 2987 5786 promiscuae
3046 5715 3230 5772 turbae
3288 5711 3572 5775 clamores
3602 5712 3783 5786 negli-
