4074 6396
1655 391 1969 453 ΝΙΟΕΤΕ
2013 392 2449 456 ΟΗΟΝΙΑΤιΕ
3651 397 3778 461 914

356 393 476 456 M3

353 531 598 606 gaudes,
627 545 726 588 eos
757 544 888 586 vero
919 542 1162 602 quorum
1195 545 1305 602 ope
1334 529 1395 584 in
1431 527 1677 602 patriam
1707 529 1989 586 restituta:

2123 547 2237 586 κεν.
2272 533 2446 586 Ἦσαν
2505 526 2565 585 δέ
2626 531 2681 585 αἱ
2740 528 3065 608 ἐπαγγελίαι
3122 531 3258 606 πρὸς
3311 527 3481 604 μηδὲν
3510 530 3777 606 ἀνύσιμον

351 625 522 690 esset,
587 619 838 676 summis
892 619 1214 676 honoribus
1272 619 1610 674 afﬁciendos
1657 633 1804 674 esse.
1863 619 1989 674 Huic

2110 621 2427 690 προϊοῦσαι,
2457 620 2523 677 *Ο
2556 639 2617 675 τε
2666 619 2762 696 γὶρ
2823 618 3072 692 Ἀλέξιος
3129 619 3406 675 ὡπλίσθαι
3435 621 3572 678 κατὰ
3603 621 3774 678 Λατί-

354 710 653 766 sententiis
685 707 942 780 reliquiae
1002 725 1236 781 quoque
1273 707 1627 780 imperatorii
1683 709 1915 780 generis
1944 707 1989 763 it

2113 725 2220 760 νων
2252 708 2329 780 μή
2362 709 2634 788 πεφωκὼς
2677 706 2816 782 ᾢετο
2863 709 2956 766 καὶ
3009 709 3350 787 ἀσύμφορον,
3377 708 3469 766 καὶ
3518 711 3547 766 ὁ
3575 709 3776 767 τούτου

349 799 532 856 Alexii
569 797 807 871 aequalis
839 799 928 854 sui
958 798 1206 870 gratiam
1238 798 1724 856 asseutiebantur.
1757 797 2004 864 Quidam

353 889 526 945 etiam
559 887 783 944 Latinis
833 886 1144 942 familiares
1187 887 1320 944 iacti
1377 886 1668 959 colloquia
1697 888 1908 944 civium
1941 893 2006 942 ut

346 983 569 1036 veteres
638 993 820 1049 nugas
889 977 1366 1050 aspernabantur,
1452 977 1717 1034 Latinum
1788 977 2001 1034 bellum

351 1069 537 1142 magis
608 1068 1051 1124 reformidantes
1129 1083 1301 1140 quam
1357 1083 1663 1125 cervorum
1723 1069 2006 1126 exercitus

348 1160 674 1230 rugientem
723 1155 971 1214 leonem.
1003 1157 1169 1214 Solus
1217 1157 1479 1214 omnium
1530 1158 1719 1216 Ducas
1748 1158 2002 1225 Alexius,

349 1247 440 1303 cui
487 1247 559 1302 ob
593 1246 907 1317 conjuncta
955 1246 1264 1318 supercilia
1319 1252 1378 1303 et
1404 1249 1563 1305 velut
1594 1247 1780 1305 oculis
1815 1248 2006 1306 immi-

350 1337 549 1393 nentia
593 1335 861 1393 Murzufli
908 1344 1352 1407 cognomentum
1399 1337 1472 1392 ab
1519 1337 1837 1410 mqualibus
1883 1343 2005 1395 erat

347 1425 623 1492 inditum,
657 1425 820 1498 regni
861 1425 1182 1496 cupiditate
1211 1425 1483 1500 ﬂagrans,
1519 1433 1581 1484 ut
1610 1427 1823 1483 civium
1868 1444 2002 1501 gra-

350 1515 492 1571 tiam
559 1513 875 1587 colligeret,
927 1531 1058 1571 cum
1120 1515 1342 1572 Latinis
1385 1532 1641 1588 pugnare
1695 1532 1873 1573 ausus
1928 1517 1998 1572 ad

347 1604 706 1662 Perforatum
756 1619 957 1660 saxum
1013 1609 1070 1660 et
1099 1605 1442 1678 contiguum
1475 1605 1561 1660 illi
1619 1605 1898 1661 fornicem
1929 1604 2001 1661 il-

345 1693 528 1750 lustre
573 1695 803 1750 virtutis
861 1695 1146 1767 specimen
1213 1695 1410 1752 edidit.
1469 1695 1578 1750 Sed
1633 1693 1996 1766 pepularium

345 1782 562 1839 ducum
593 1781 749 1840 nullo
781 1783 1086 1854 adjutante
1110 1784 1270 1856 (nam
1300 1782 1360 1839 id
1383 1783 1692 1854 imperator
1721 1784 1996 1852 vetuerat)

2109 801 2288 872 πατὴρ
2392 799 2663 864 Ἰσαάκιος
2763 801 2954 878 εἰσῆγε
3025 799 3355 876 παραίφασιν
3447 808 3772 880 κενοφωνεῖν

2107 887 2237 950 τοὺς
2291 885 2352 944 ἐκ
2401 887 2638 965 τριόδων
2714 889 2827 963 ἐᾷν,
2909 891 3041 954 τοὺς
3100 888 3148 945 δ’
3204 890 3368 946 αὐτὸν
3427 891 3774 970 καταγαγόν-

2107 997 2203 1038 τας
2259 977 2336 1040 εἷς
2395 979 2495 1048 τήν
2524 977 2763 1057 πατρίδα
2815 987 2987 1054 τιμῆς
3028 983 3126 1050 τῆς
3182 979 3442 1036 ἀνωτάτω
3469 976 3775 1053 καταξιοῦν.

2109 1070 2238 1128 Ταῖς
2297 1063 2355 1123 δέ
2407 1069 2660 1146 γνώμαις
2715 1069 2942 1136 ταύταις
2987 1068 3430 1147 προσεπέῤῥεπον
3457 1071 3646 1127 καὶτὰ
3673 1075 3773 1126 τοῦ

2111 1155 2394 1234 βασιλείου
2477 1159 2664 1236 γένους
2752 1159 3258 1238 ἐγκαταλείμματα,
3343 1157 3538 1230 ἥλικες
3605 1158 3776 1230 ἣλικα

2106 1247 2393 1322 τέρποντες
2451 1249 2545 1305 τὸν
2602 1248 2870 1321 ’Δλέξιον.
2923 1255 3109 1308 Ἔνιοι
3160 1246 3217 1305 δὲ
3246 1247 3336 1303 καὶ
3366 1253 3486 1312 τοῖς
3517 1248 3771 1312 Λατίνοις

2107 1336 2184 1399 είς
2242 1338 2488 1414 ἑταίρους
2545 1341 2926 1416 ἀνακραθέντες
2999 1341 3076 1404 ὡς
3147 1339 3357 1403 ἐώλους
3416 1337 3614 1402 ὕθλους
3670 1340 3773 1404 τὰς

2104 1429 2214 1480 τῶν
2273 1425 2518 1482 πολιτῶν
2574 1427 2832 1500 ἐντεύξεις
2887 1426 3249 1506 παρέτρεχον,
3307 1429 3400 1482 τὸν
3439 1433 3547 1483 τῶν
3595 1429 3766 1483 Λατί-

2103 1536 2208 1570 νων
2239 1515 2594 1590 ἐκρεπόμενοι
2649 1515 2898 1588 πόλεμον
2949 1517 3026 1578 ὡς
3067 1514 3194 1572 οὐδὲ
3226 1515 3421 1570 λέοντα
3455 1516 3770 1590 βρυχητίαν

2103 1600 2321 1680 ἐλάφων
2355 1600 2744 1678 στρατόπεδον.
2795 1602 2979 1666 Μόνος
3036 1600 3082 1656 δ’
3134 1601 3195 1657 ἐκ
3249 1602 3464 1656 πάντων
3499 1603 3527 1657 ὁ
3559 1602 3767 1665 Δούκας

2105 1689 2374 1761 Ἀλέξιος,
2419 1692 2477 1755 δς
2536 1691 2597 1746 ἐκ
2646 1695 2743 1746 τοῦ
2801 1689 3163 1747 συνεσπάσθαι
3193 1691 3290 1753 τὰς
3323 1690 3491 1769 ὀφρῦς
3518 1691 3608 1744 καὶ
3642 1691 3763 1745 οἷον

2099 1787 2216 1845 τοῖς
2257 1782 2575 1858 ὀφθαλμοῖς
2627 1782 3027 1858 ἐπικρέμασθαι
3082 1783 3220 1858 πρὸς
3277 1787 3387 1837 τῶν
3442 1775 3762 1853 συνεφήϐων

347 1876 550 1949 captus
592 1877 768 1941 esset,
831 1874 982 1930 748
1057 1889 1204 1944 equo
1257 1871 1319 1928 in
1375 1887 1562 1944 genua
1619 1870 1887 1942 prolapso
1943 1878 1989 1928 el

2103 1869 2464 1946 ἐπωνόμαστο
2519 1869 2974 1948 Μούρτζουφλος,
3031 1869 3182 1939 πλὴν
3232 1871 3324 1924 καὶ
3393 1871 3552 1932 οὗτος
3607 1869 3768 1944 βασι-

350 1963 628 2018 omnibus
659 1979 840 2021 unum
862 1965 1067 2020 ducem
1089 1961 1558 2035 petentibus,nisi
1593 1977 1800 2017 manus
1827 1961 1998 2034 sagit-

344 2051 628 2108 tariorum
685 2069 821 2108 eum
853 2051 1224 2108 defendisset.
1277 2051 1524 2107 Proinde
1550 2049 1774 2122 plebeia
1804 2050 1998 2107 multi-

345 2141 501 2209 tudo,
557 2158 690 2198 cum
744 2141 1036 2198 neminem
1089 2139 1190 2212 qui
1249 2144 1450 2196 contra
1509 2141 1748 2198 Latinos
1827 2157 1995 2214 opem

343 2227 520 2286 ferret
551 2230 854 2299 inveniret,
912 2228 1252 2286 defectionis
1283 2229 1530 2287 consilia
1575 2230 1795 2302 agitare
1826 2232 1999 2301 ccepit

344 2323 400 2375 et
431 2321 710 2378 conviciis
764 2321 1149 2392 imperatores
1198 2319 1486 2392 insectari,
1547 2322 1998 2392 cogitationibus

342 2425 466 2480 quae
499 2410 596 2465 diu
629 2408 842 2466 animis
871 2409 1162 2466 latuerant
1190 2410 1648 2482 erumpentibus.
1701 2411 2000 2481 Agebatur

339 2503 466 2556 tum
499 2498 770 2556 vicesima
801 2497 1002 2570 quinta
1031 2499 1156 2556 dies
1183 2499 1402 2561 mensis
1431 2499 1715 2567 Januarii,
1747 2501 1998 2572 septima

343 2588 679 2656 indictione,
715 2605 869 2645 anno
897 2589 1058 2644 6712.
1088 2591 1387 2646 Concursu
1418 2593 1616 2646 autem
1649 2591 1904 2646 maximo
1935 2590 1994 2645 in

340 2694 621 2751 magnum
679 2680 962 2752 templum
1021 2679 1194 2746 facto,
1243 2680 1414 2735 etiam
1448 2683 1686 2737 senatus
1715 2684 1773 2736 et
1819 2679 1995 2736 colle-

338 2766 500 2840 gium
545 2768 890 2841 pontificum
941 2772 1000 2825 et
1049 2769 1577 2826 ecclesiasticorum
1617 2769 1900 2842 primores
1929 2785 1996 2824 eo

337 2870 678 2930 convenere,
695 2865 752 2916 et
791 2860 862 2916 de
891 2857 1237 2930 imperatore
1277 2859 1581 2930 deligendo
1613 2875 1729 2914 una
1775 2859 1994 2916 deliba-

346 2963 474 3003 rare
531 2953 669 3003 sunt
699 2949 904 3006 coacti.
949 2950 1094 3004 Cum
1154 2952 1347 3004 autem
1389 2946 1706 3003 sententias
1765 2963 1996 3019 rogare-

339 3049 490 3104 mur,
571 3035 736 3091 nullo
793 3035 968 3090 modo
1032 3041 1295 3092 auctores
1347 3051 1478 3090 esse
1534 3039 1868 3105 poteramus
1935 3039 1999 3090 ut

333 3122 784 3194 imperatoribus
834 3122 1032 3178 statim
1065 3123 1268 3192 ejectis
1301 3120 1472 3176 alium
1521 3127 1805 3187 crearent,
1837 3121 1994 3178 haud

339 3209 818 3282 ignari,quisquis
845 3211 1184 3280 designatus
1214 3217 1380 3274 esset,
1412 3224 1546 3264 eum
1589 3224 1724 3265 cum
1757 3213 1831 3264 ob
1854 3208 1992 3279 alia,

335 3306 460 3352 tum
489 3298 643 3368 quod
688 3297 1018 3352 Latinorum
1053 3299 1230 3352 duces
1286 3313 1492 3353 rursus
1541 3297 1803 3354 Alexium
1834 3313 1994 3354 sum-

333 3385 450 3441 mis
479 3383 706 3440 viribus
733 3384 1030 3440 defensuri
1063 3389 1284 3451 essent,
1319 3386 1663 3456 posteriores
1715 3387 1988 3444 laturum.

332 3476 406 3529 At
433 3471 622 3545 plebs,
655 3477 720 3529 ut
767 3472 1015 3546 simplex
1046 3481 1137 3530 est
1185 3484 1238 3530 et
1274 3475 1565 3532 mutabilis
1610 3481 1668 3531 et
1696 3477 1840 3533 nihil
1875 3479 1990 3534 nisi

333 3561 640 3619 libidinem
700 3563 760 3620 in
791 3563 1036 3622 consilio
1093 3565 1282 3633 habet,
1330 3582 1390 3622 se
1418 3565 1766 3638 Angelorum
1801 3567 1988 3638 impe-

335 3651 482 3710 rium
542 3652 762 3709 diutius
828 3651 1208 3710 toleraturam
1261 3655 1530 3728 negabat,
1594 3672 1776 3728 neque
1831 3657 1990 3728 prius

333 3743 719 3800 discessuram
754 3758 932 3816 quam
967 3743 1374 3816 imperatorem
1407 3760 1476 3800 ex
1504 3747 1793 3802 sententia
1822 3755 1991 3804 nacta

335 3842 503 3892 esset.
555 3835 744 3908 Igitur
773 3836 900 3908 ipsa
944 3853 1004 3893 re
1064 3839 1500 3896 contumaciam
1559 3839 1859 3896 hominum
1892 3856 1989 3897 ex-

334 3925 506 3996 perti,
541 3926 801 3982 fortunas
833 3931 1064 3982 nostras
1114 3927 1462 3985 miserantes
1494 3932 1552 3984 et
1579 3929 1799 3984 affatim
1835 3931 1990 3985 744

334 4015 724 4090 lacrymantes
755 4017 1140 4089 quiescimus,
1165 4018 1302 4092 quid
1339 4020 1590 4076 futurum
1625 4019 1986 4086 esset,multo

335 4113 468 4162 ante
521 4106 961 4179 prospicientes.
995 4107 1141 4164 Dum
1193 4113 1386 4164 autem
1439 4107 1524 4163 illi
1554 4109 1866 4182 diligenter
1895 4110 1981 4166 im-

334 4201 662 4269 peratorem
698 4203 970 4270 quaerunt
997 4202 1056 4254 et
1107 4197 1255 4256 alios
1285 4207 1453 4270 atque
1481 4199 1628 4255 alios
1653 4216 1722 4255 ex
1768 4200 1984 4257 nobili-

330 4285 440 4342 bus
474 4287 709 4344 familiis
736 4287 1064 4359 designant,
1100 4291 1332 4346 tandem
1357 4289 1428 4346 iis
1459 4289 1732 4346 omnibus
1764 4290 1988 4362 impro-

329 4375 500 4444 batis,
556 4375 810 4448 plebeios
889 4377 1268 4448 magistratus
1323 4383 1381 4434 et
1431 4379 1709 4450 quosdam
1799 4379 1984 4436 nostri

329 4464 552 4521 ordinis
631 4463 904 4522 manibus
983 4470 1303 4538 prehensos
1375 4469 1638 4539 accipere
1708 4485 1982 4526 coronam

327 4553 547 4610 strictis
593 4553 831 4610 ensibus
873 4553 1271 4610 bortabmtur.
1305 4561 1428 4612 Heu
1465 4555 1478 4612 l
1512 4557 1661 4612 heul
1696 4559 1833 4630 quid
1877 4557 1980 4619 illo

2103 1958 2268 2016 λείῶν
2317 1959 2408 2017 καὶ
2454 1961 2554 2031 τὴν
2597 1965 2706 2015 τῶν
2753 1957 2999 2016 πολιτῶν
3047 1957 3489 2034 ἐπιτεχνώμενος
3529 1957 3764 2029 εὔνοιαν,

2101 2051 2196 2106 τὸν
2253 2051 2389 2106 κατά
2443 2054 2552 2105 τῶν
2611 2048 2852 2105 Λατίνων
2907 2045 3205 2122 ἀπεθάρῥει
3253 2047 3526 2119 πόλεμον,
3565 2045 3764 2120 ἀρετῆς

2107 2141 2192 2212 [Ρ.
2229 2143 2358 2212 361]
2411 2159 2474 2194 τε
2529 2139 2604 2201 ὡς
2667 2137 2908 2212 μάλιστα
2964 2138 3298 2210 ποιούμενος
3355 2133 3574 2206 ἔνδειξιν
3643 2126 3775 2211 περὶ

2101 2227 2196 2284 τὸν
2246 2226 2547 2306 λεγόμενον
2609 2226 2897 2304 Τρυπητὸν
2957 2226 3110 2291 λίθον
3169 2226 3262 2281 καὶ
3318 2225 3417 2294 τὴν
3470 2223 3644 2281 ἐκεῖσε
3671 2246 3776 2280 πε-

2105 2319 2439 2394 ριαγομένην
2522 2314 2695 2393 ἁψῖδα
2787 2321 2904 2378 τοῖς
2999 2313 3288 2390 δυσμενέσι
3370 2312 3772 2386 συμπλέκεται.

2104 2404 2354 2478 Μηδενὸς
2413 2405 2472 2462 δὲ
2523 2411 2630 2463 τῶν
2690 2405 3054 2481 παρεστώτων
3110 2402 3410 2485 ὁμοφύλων
3450 2399 3770 2478 ἡγεμόνων,

2105 2493 2259 2566 δόξαν
2317 2497 2462 2552 οὕτω
2545 2493 2784 2570 βασιλεῖ,
2860 2493 3232 2570 ἐπαρήξαντος
3313 2497 3513 2568 μικροῦ
3589 2493 3769 2548 συνεί-

2105 2585 2290 2658 ληπτο
2350 2583 2436 2642 ἄν*
2503 2584 2535 2642 ὅ
2588 2607 2647 2641 τε
2700 2587 2802 2662 γὰρ
2857 2583 3032 2647 ἵππος
3089 2582 3180 2639 ἐπὶ
3237 2585 3368 2660 γόνυ
3431 2581 3674 2640 ὣκλασεν
3719 2585 3769 2658 ᾧ

2103 2675 2428 2748 ἐπεκάθητο,
2479 2676 2571 2732 καὶ
2627 2679 2771 2731 πᾶσα
2823 2677 2857 2744 ἡ
2915 2671 3170 2748 ξυμϐολη
3203 2673 3340 2749 πρὸς
3369 2669 3462 2728 ἕνα
3498 2673 3764 2749 ἀπεκρίθη

2103 2765 2484 2842 πολέμαρχον,
2543 2765 2590 2821 εί
2647 2767 2722 2835 πή
2781 2763 2997 2834 τοξότις
3055 2762 3276 2820 νεολαία
3318 2769 3420 2833 τῆς
3451 2762 3770 2824 πόλεωςτά

2105 2854 2298 2912 δυνατᾶ
2357 2859 2757 2930 παρατυχοῦσα
2844 2853 3110 2927 ἐπήμυνε.
3190 2851 3264 2910 Τὸ
3327 2852 3505 2908 τοίνυν
3567 2850 3774 2916 λεῶδες

2101 2949 2201 3014 τῆς
2257 2941 2474 3006 πόλεως
2537 2940 2742 3016 μηδένα
2793 2945 2895 3007 τῆς
2955 2941 3043 2997 ἐπὶ
3117 2939 3382 3002 Λατίνους
3445 2939 3768 3016 ξιφουλκίας

2101 3033 2506 3107 συναγωνιστὴν
2561 3030 2805 3106 εύρίσκον
2881 3030 2974 3085 καὶ
3032 3029 3326 3106 ξύμμαχον
3385 3029 3462 3092 εἰς
3521 3031 3770 3086 ἀποστα-

2101 3119 2218 3174 σίαν
2265 3118 2517 3174 οἰδαίνειν
2565 3117 2792 3194 ἤρξατο,
2849 3117 2942 3172 καὶ
3006 3119 3080 3180 ὡς
3131 3113 3302 3188 λέϐης
3334 3117 3395 3174 ἐκ
3423 3118 3596 3193 πυρὸς
3629 3120 3767 3176 κατά

2098 3214 2206 3265 τῶν
2265 3208 2607 3286 κρατούντων
2679 3208 2887 3282 ἀτμοὺς
2964 3208 3168 3264 ἀνιέναι
3246 3204 3457 3284 ὕϐρεων
3515 3209 3608 3266 καὶ
3660 3211 3762 3280 τὴν

2099 3297 2271 3355 πάλαι
2333 3297 2542 3373 ὕφαλόν
2608 3319 2667 3353 τε
2731 3303 2822 3354 καί
2917 3295 3196 3374 ἄγνωστον
3265 3299 3496 3372 γνώμην
3558 3296 3760 3368 ἐκζέειν

2099 3390 2234 3466 πρὸς
2265 3394 2402 3470 φῶς.
2433 3393 2571 3467 Ἥγε
2623 3391 2720 3462 μὲν
2752 3388 2846 3444 οῦν
2875 3388 3000 3444 τότε
3057 3389 3312 3462 πέμπτην
3367 3389 3459 3443 καὶ
3513 3389 3764 3458 εἲκοστὴν

2098 3481 2126 3536 ὁ
2157 3479 2488 3554 Ἰανουάριος
2546 3486 2648 3550 τῆς
2705 3475 2952 3548 ἑϐδόμης
3013 3475 3388 3540 ίνδικτιῶντος
3414 3481 3512 3532 τοῦ
3545 3477 3760 3548 ἑξακισ-

2096 3566 2388 3642 χιλιοστοῦ
2463 3569 2890 3624 ὶπτακοσιοστοῦ
2983 3561 3296 3621 δωδεκάτου
3370 3561 3546 3628 ἔτους·
3623 3587 3753 3621 συν-

2097 3656 2310 3736 δρομῆς
2369 3655 2416 3712 δ’
2471 3657 2556 3712 ’ὁτι
2615 3655 2884 3727 πλείστης
2935 3655 3014 3718 εἰς
3075 3656 3171 3711 τὸν
3227 3653 3397 3730 μέγαν
3454 3657 3754 3734 γινομένης

2092 3749 2223 3804 νεὼν
2283 3747 2616 3822 ἠναγκάζετο
2673 3747 2764 3801 καὶ
2821 3747 2856 3815 ἠ
2919 3742 3228 3820 σύγκλητος
3259 3743 3294 3814 ἢ
3328 3765 3388 3801 τε
3423 3751 3534 3800 τῶν
3559 3745 3759 3821 ἀρχιε-

2094 3835 2232 3911 ρέων
2265 3837 2536 3912 ὁμήγυρις
2593 3835 2686 3891 καὶ
2744 3835 2798 3890 οἱ
2853 3839 2949 3890 τοῦ
3010 3835 3262 3910 βήματος
3300 3832 3535 3912 λόγιμοι
3561 3833 3760 3891 συνελ-

2094 3931 2205 3991 θεῖν
2272 3925 2446 3981 ἐκεῖσε
2509 3925 2599 3980 καὶ
2676 3920 3163 3998 συνδιασκέψασθαί
3245 3944 3394 4001 σφισι
3461 3923 3588 3998 περὶ
3652 3929 3758 3981 τοῦ

2092 4012 2366 4089 ἄρξοντος.
2430 4014 2560 4088 Περὶ
2633 4013 2743 4068 τῶν
2815 4011 3187 4086 προκειμένων
3243 4013 3429 4068 τοίνυν
3487 4014 3552 4070 τὸ
3610 4035 3764 4090 παρ-

2095 4106 2378 4176 ιστάμενον
2446 4101 2614 4158 εἷπεῖν
2675 4100 3071 4177 λιπαρούμενοι
3131 4101 3192 4158 ἐκ
3252 4102 3347 4175 μὲν
3405 4105 3504 4158 τοῦ
3563 4101 3765 4159 αὐτίκα

2090 4191 2368 4258 ἐπιθέσθαι
2421 4197 2540 4256 τοῖς
2615 4191 2966 4266 βασιλεύουσι
3023 4191 3115 4246 καὶ
3173 4196 3513 4266 χειροτονεῖν
3570 4188 3762 4268 ἕτερον

2091 4283 2168 4346 εἷς
2225 4283 2404 4358 ἀρχὴν
2465 4279 2580 4336 οὐδ’
2637 4279 2785 4343 ὅλως
2839 4277 3242 4354 ἐδοκιμάζομεν
3307 4281 3598 4338 ὑποθέσθαι
3635 4287 3762 4346 τοῖς

2091 4377 2355 4428 συνιοῦσι·
2413 4369 2599 4433 καλῶς
2654 4369 2756 4446 γὰρ
2815 4365 3038 4444 ᾔδειμεν
3099 4370 3175 4432 ὡς
3228 4370 3290 4425 τὸ
3353 4375 3508 4444 μεῖον
3551 4371 3579 4426 ὁ
3608 4391 3759 4447 προ-

2091 4457 2322 4534 ϐληθεὶς
2353 4460 2636 4516 ἀποίσεται
2681 4463 2752 4534 τῇ
2803 4478 2861 4514 τε
2907 4457 3054 4533 ἂλλῃ
3105 4459 3198 4514 καὶ
3249 4458 3473 4516 ὅτιτῶν
3503 4461 3754 4519 Λατίνων

2091 4552 2146 4606 o't
2175 4551 2471 4626 στρατηγοὶ
2527 4547 2868 4626 ἀμφοτέραις
2926 4547 3017 4604 καὶ
3073 4547 3241 4605 πάλιν
3302 4549 3612 4622 ἀνθέξονται
3655 4555 3754 4606 τοῦ

309 4643 584 4715 periculo
615 4643 853 4716 gravius
881 4648 1050 4716 atque
1072 4645 1343 4700 acerbius
1373 4644 1400 4701 ?
1431 4646 1570 4718 quid
1594 4617 1754 4704 illius
1782 4617 1976 4704 conci-

2097 4617 2491 4714 'A)\sf‘iouqxai
2557 4617 2919 4715 περιέξονται.
2977 4639 3045 4696 Οἱ
3122 4637 3182 4694 δὲ
3255 4637 3382 4694 λαοὶ
3441 4617 3643 4718 χρῆμά
3697 4661 3754 4696 τι

323 4733 523 4790 liabuli
581 4732 846 4791 vecordia
901 4735 1232 4790 dementius
1284 4737 1542 4808 magisve
1592 4736 1898 4793 ridiculum
1948 4735 1976 4792 ?

326 4822 759 4896 Designationis
790 4839 854 4880 ea
873 4824 1022 4880 ratio
1039 4823 1383 4881 atterebatur
1407 4841 1420 4882 :
1447 4847 1476 4878 ‹‹
1495 4825 1730 4882 Vestem
1759 4825 1972 4882 habes:

323 4916 448 4968 esto
479 4920 676 4970 noster
705 4914 1037 4985 imperator.
1073 4935 1101 4965 »
1137 4913 1244 4970 Vix
1275 4915 1497 4971 tandem
1531 4917 1726 4972 triduo
1755 4915 1973 4988 elapso,

321 4999 747 5059 adolescentem
789 5005 1098 5074 quemdam
1160 5003 1456 5062 Nicolaum
1487 5005 1783 5062 Canaburn
1829 5004 1974 5062 invi-

321 5095 447 5145 tum
505 5089 915 5163 imperatorem
979 5092 1346 5166 inaugurant.
1407 5094 1538 5158 Quae
1597 5094 1696 5150 ubi
1745 5094 1976 5152 Alcxius

319 5178 540 5236 audivit
585 5181 744 5252 (nam
796 5181 1049 5238 lsaacius
1096 5185 1353 5240 animam
1404 5185 1630 5256 agebat,
1685 5184 1798 5240 illis
1843 5184 1974 5242 diu-

319 5267 476 5323 turni
510 5267 741 5340 imperii
785 5271 1264 5341 praedictionibus
1312 5273 1440 5346 ipso
1471 5278 1677 5330 eventu
1711 5275 1974 5332 refutatis

319 5360 375 5410 et
407 5371 520 5412 non
553 5356 723 5412 aliter
755 5372 927 5428 quam
981 5358 1429 5418 febricitantium
1489 5363 1719 5419 somnia
1766 5380 1976 5421 evane-

318 5445 658 5516 scentibus),
736 5447 1094 5504 Bonifacium
1174 5451 1570 5508 marcbionem
1655 5453 1898 5510 accersit
1957 5469 1973 5520 ;

317 5533 576 5606 initoque
623 5535 864 5592 consilio
891 5537 1111 5608 utrique
1141 5540 1328 5596 visum
1360 5549 1444 5596 est
1491 5542 1726 5598 Latinas
1769 5542 1972 5598 cohor-

315 5627 404 5680 tes
446 5625 503 5679 in
555 5623 840 5696 palatium
900 5627 1290 5684 admittendas
1342 5645 1486 5699 esse,
1521 5631 1732 5703 quibus
1785 5647 1973 5689 novus

315 5711 428 5772 iste
457 5712 792 5788 imperator,
851 5721 909 5773 et
936 5718 1190 5790 populus
1223 5717 1322 5790 qui
1352 5719 1518 5776 illum
1580 5721 1972 5794 designasset,

2089 4729 2238 4792 ὄντες
2292 4727 2489 4808 ἀφελὲς
2542 4730 2633 4784 καὶ
2693 4729 3034 4804 εύρίπιστον,
3093 4727 3186 4783 καὶ
3242 4727 3414 4786 πλέον
3453 4733 3553 4785 τοῦ
3586 4729 3753 4800 θελη-

2091 4819 2366 4894 ματαίνειν
2449 4817 2601 4874 οὐδὲν
2687 4817 3064 4890 ἐπιστάμενοι,
3127 4816 3302 4873 οὐκέτ’
3359 4816 3591 4898 ἔφασκον
3659 4819 3750 4874 ὑπ’

2085 4909 2364 4988 Ἀγγέλων
2421 4907 2714 4983 βούλεσθαι
2767 4905 3174 4982 βασιλεύεσθαι,
3224 4907 3318 4962 καὶ
3378 4909 3454 4972 ὡς
3503 4907 3599 4962 ούκ
3643 4905 3746 4960 ἃλο

2087 5001 2200 5064 λως
2232 5003 2260 5056 ὁ
2292 4997 2570 5075 σύλλογος
2623 4996 2826 5058 ἐκεῖνος
2879 4993 3292 5068 διαλυθήσεται,
3329 4996 3378 5052 εἷ’
3408 4998 3484 5068 μή
3523 5015 3602 5056 τις
3627 4996 3738 5048 τῶν

2085 5089 2427 5166 πραγμάτων
2513 5089 2878 5163 προστήσεται
2976 5087 3234 5162 θυμήρης
3312 5085 3511 5144 αὐτοῖς.
3571 5080 3740 5155 Πείρᾳ

2085 5179 2260 5236 τοίνυν
2287 5176 2504 5255 γνόντες
2559 5177 2623 5232 τὸ
2679 5181 2788 5232 τῶν
2848 5171 3060 5249 ἀνδρῶν
3093 5175 3418 5248 ἀμετάθετον
3450 5173 3740 5248 ἡσυχάζοο

2090 5290 2204 5344 μεν,
2239 5266 2462 5331 ἑαυτοὺς
2514 5263 2916 5335 ταλανίζοντες,
2973 5263 3066 5318 καὶ
3116 5262 3308 5320 πολλά
3349 5265 3457 5317 τῶν
3497 5263 3748 5335 παρειῶν

2083 5347 2473 5425 κατελείϐομεν
2529 5347 2754 5424 δάκρυα,
2812 5349 2875 5404 τὸ
2941 5345 3172 5422 μέλλον,
3226 5349 3302 5410 ὡς
3355 5346 3525 5414 εἰκὸς,
3585 5365 3756 5421 προο-

2087 5445 2347 5520 ρώμενοι.
2411 5441 2478 5498 Οἱ
2540 5437 2598 5495 δὶ
2658 5440 2752 5494 τὸν
2813 5436 3043 5513 ἄρξοντα
3110 5435 3396 5510 ἐπιμελῶς
3457 5432 3754 5512 ἀνεδίφων,

2083 5533 2173 5590 καὶ
2229 5537 2322 5588 νῦν
2386 5530 2478 5604 μὲν
2537 5527 2714 5596 τόνδε,
2773 5532 2862 5583 νῦν
2919 5523 2966 5582 δ’
3023 5525 3228 5582 ἐκεῖνον
3258 5524 3319 5582 ἐκ
3362 5532 3464 5596 τῆς
3499 5523 3754 5601 εὐγενοῦς

2084 5619 2350 5702 φυταλιᾶς
2427 5614 2855 5696 ηύτοσχεδιαζον
2945 5615 3340 5691 αὐτοκράτορα.
3419 5614 3598 5675 Τέλος
3653 5698 3666 5702 Δ
3703 5609 3754 5668 δ’

2082 5698 2439 5786 ἀπειρηκότες
2494 5713 2612 5772 τοῖς
2669 5707 2849 5778 ὅλοις,
2908 5705 3035 5769 τοὺς
3093 5704 3478 5782 ὀχλαρχικοὺς
3523 5702 3615 5760 καὶ
3647 5698 3749 5774 δη-
