4074 6400
329 371 448 438 947
1653 381 1960 444 ΝΙΟΕΤιΕ
2001 381 2418 444 ΟΗΟΝΙΛΤΕ
3629 394 3758 454 948

336 513 740 588 διασπαρέντων
804 514 960 578 εὐθὺς
997 517 1131 590 μετᾶ
1188 514 1288 582 τήν
1355 514 1673 591 ἀνάῤῥησιν.
1741 519 1832 589 Τῷ
1891 515 1948 572 δὲ
2010 515 2233 592 βασιλεῖ
2287 516 2517 592 Ἀλεξίῳ
2572 515 2654 582 δὶς
2725 520 2824 594 μὲν
2881 518 3201 598 προῦτεννεν
3253 524 3282 579 ὁ
3333 525 3539 590 Δούκας
3607 531 3757 598 ζωης

333 607 748 681 κατευνὰστριαν
807 607 1024 662 κυόλικα·
1087 605 1162 667 ὡς
1230 601 1277 658 δ’
1350 605 1417 674 ἦν
1487 606 1516 660 ὁ
1586 607 1776 680 μείραξ
1837 611 1932 661 τοῦ
1991 609 2283 686 φαρμάκου
2347 608 2754 686 νεανικώτερος,
2822 609 3130 675 ἂντιδότοις
3196 614 3490 688 χρώμενος
3557 614 3754 692 λάθρα,

336 693 407 751 δι’
431 695 678 772 ἀγχόνης
707 696 801 751 τὸν
831 703 932 764 τῆς
969 700 1114 764 ζωῆς
1166 691 1356 765 ἐκείνῳ
1386 777 1397 778 7
1426 693 1582 766 μίτον
1631 693 1897 768 ἐκτέμνει,
1947 697 1982 767 ἢ
2026 698 2117 751 καὶ
2169 698 2346 761 οὕτως
2397 697 2592 768 εἰπεῖν,
2653 698 2744 755 διὰ
2795 709 2986 772 στενῆς
3029 702 3123 758 καὶ
3167 702 3544 778 τεθλιμμένης
3587 691 3758 776 τῆσδε

334 785 558 858 πορείας
589 787 688 855 τὴν
720 786 908 862 ψυχὴν
965 782 1155 857 ἐκείνῳ
1213 777 1454 847 ἐκθλίϐει
1500 784 1592 838 καὶ
1639 787 1776 863 πρὸς
1834 786 1898 843 τὸ
1949 790 2051 842 τοῦ
2097 787 2236 861 ᾃδου
2293 787 2644 864 ἕκπυρηνίζει
2694 790 2960 869 πέταυρον
3025 777 3410 869 βασιλεύσαντι
3469 803 3645 870 μῆνας
3699 795 3758 868 ’ἐξ

334 877 428 931 σὺν
459 876 691 952 ἡμέραις
723 875 892 932 ὀκτώ.

341 1008 3745 1042 __________________________________

1026 1167 1620 1265 ΒΑΣΙΛΕΙΑ
1697 1169 2258 1267 ΑΛΕΞΙΟΥ
2337 1171 2587 1270 ΤΟΥ
2666 1173 3091 1272 ΔΟΥΚΑ

1606 1371 1732 1423 ΤΟΥ
1769 1369 1888 1425 ΚΑΙ
1923 1371 2498 1429 ΜΟΥΡΤΖΟΥΦΛΟΥ.

1345 1629 1918 1720 IMPERIUM
1973 1630 2352 1718 ALEXII
2409 1627 2751 1718 DUC/E

1611 1809 1991 1865 COGNOMEN
1995 1809 2082 1864 ΤΟ
2120 1807 2493 1864 MURZUFLI.

2015 1959 2088 1976 -

422 2094 572 2152 148
632 2097 682 2152 1.
744 2095 990 2166 Imperio
1044 2093 1186 2150 citra
1241 2093 1692 2150 controversiam
1771 2090 1992 2166 potitus

2175 2091 2262 2164 [P.
2295 2093 2420 2165 363]
2451 2093 2517 2149 α“.
2549 2093 2644 2154 Ὧς
2689 2090 2778 2148 οὗν
2825 2097 3074 2167 καθαρῶς
3125 2091 3202 2156 εἷς
3257 2093 3462 2150 Δοόκαν
3508 2097 3544 2166 ἡ
3597 2097 3762 2174 βασι..

348 2185 539 2241 Ducas
582 2185 926 2241 mutationes
984 2199 1176 2239 rerum
1225 2182 1598 2255 parturiebat,
1655 2186 1714 2238 et;
1759 2185 1996 2238 contur-

346 2275 486 2332 bare
533 2273 730 2330 omnia
781 2274 838 2330 in
871 2273 1069 2329 animo
1120 2271 1390 2338 habebat,
1447 2271 1624 2329 homo
1672 2271 1912 2328 callidus
1945 2279 1998 2326 et

343 2378 644 2436 arrogans,
703 2361 796 2433 qui
857 2361 1227 2433 prudentiam
1298 2363 1356 2417 in
1417 2360 1886 2416 dissimulatione
1943 2365 1999 2416 et

344 2451 712 2510 cunctatione
761 2451 1032 2524 ponebat,
1063 2467 1128 2506 ac
1164 2450 1449 2506 beneficia
1493 2450 1740 2506 subinde
1773 2452 1831 2504 in
1877 2449 1996 2504 Me~

343 2542 529 2600 teonis
581 2547 802 2598 etatem
861 2541 1186 2596 ditiorebat.
1251 2539 1508 2611 Negabat
1566 2540 1721 2594 enim
1775 2539 1996 2610 regium

345 2647 472 2689 esse
501 2631 698 2688 subito
739 2646 804 2686 ac
853 2637 1066 2687 temere
1097 2629 1409 2701 quidquam
1465 2630 1670 2696 facere,
1721 2628 1819 2683 sed
1868 2643 1996 2683 cum

343 2738 509 2778 mora
565 2728 620 2776 et
677 2720 1115 2777 deliberatione.
1179 2719 1261 2774 Ad
1323 2719 1425 2774 bas
1495 2719 1809 2775 sententias
1868 2733 1997 2773 cum

343 2815 546 2883 suapte
603 2817 806 2881 sponte
861 2824 1180 2882 prepeusus
1233 2809 1383 2864 749
1439 2817 1580 2874 erat,
1637 2807 1849 2880 quippe
1899 2807 1997 2878 qui

344 2915 408 2955 se
439 2897 582 2954 nihil
633 2899 778 2954 scitu
822 2897 1208 2955 necessarium
1259 2895 1548 2969 ignorare,
1582 2898 1677 2951 sed
1729 2896 2000 2950 omnibus

344 2989 517 3045 rebus
548 2987 816 3060 gerendis
864 2989 1137 3044 idoneum
1195 3001 1320 3040 esse
1372 2988 1756 3057 proﬁteretur,
1792 2990 1917 3039 tum
1967 3001 1998 3039 a

345 3077 657 3136 Pbilocalio
715 3090 914 3134 socero
965 3092 1068 3132 suo
1120 3073 1416 3128 umbratili
1488 3075 1754 3145 adjutore
1804 3074 1862 3126 in
1933 3090 1998 3127 ea

347 3165 619 3237 Opinione
649 3163 1119 3220 conﬁrmabatur.
1153 3161 1330 3224 Quem
1385 3177 1512 3216 cum
1547 3161 1715 3215 aliter
1744 3161 1803 3214 in
1839 3175 1999 3214 sum-

345 3270 441 3312 mo
471 3252 700 3309 consilii
731 3253 912 3321 gradu
959 3249 1242 3306 collocare
1276 3265 1392 3304 non
1441 3257 1651 3320 posset,
1687 3265 1791 3303 nos
1838 3248 2000 3304 nulla

347 3339 629 3412 probabili
657 3339 727 3394 de
758 3352 930 3395 causa
961 3339 1034 3393 ab
1083 3335 1275 3392 officio
1306 3335 1609 3406 logotbetae
1643 3340 1994 3392 secretorum

2107 2178 2233 2236 λεία
2283 2176 2732 2254 μετακεκύϐευτο,
2767 2182 2795 2236 ὁ
2847 2183 2942 2255 μὲν
2999 2180 3161 2239 ὣδινε
3207 2184 3544 2258 πραγμάτων
3597 2207 3764 2260 μετα-

2107 2263 2280 2334 ϐολὰς
2338 2271 2428 2325 καὶ
2479 2271 2542 2326 τὸ
2600 2277 2703 2326 πᾶν
2791 2271 3142 2343 ἀνακυγήοειν
3221 2271 3532 2344 ἐσκέπτετο,
3607 2295 3766 2354 σοφι-

2110 2361 2342 2433 σματίας
2369 2359 2443 2415 ὣν
2464 2361 2526 2416 τὸ
2548 2363 2682 2430 ἦθος
2713 2359 2804 2416 καὶ
2833 2362 2924 2416 τὸν
2951 2363 3156 2436 τρόπον
3202 2363 3584 2442 φρονηματίας
3631 2366 3769 2439 (52),

2107 2450 2197 2502 καὶ
2244 2468 2307 2504 το
2354 2450 2650 2525 κρυψίνουν
2703 2450 2966 2525 ἀγχίνουν
3027 2451 3303 2524 οἰόμενος,
3345 2451 3436 2506 καὶ
3497 2450 3582 2508 ἐπὶ
3637 2459 3771 2510 πᾶσι

2106 2538 2198 2592 τὸν
2266 2537 2552 2614 εὐεργέτην
2614 2538 2667 2600 ές
2727 2539 2854 2602 τοὺς
2913 2538 3202 2602 Μετέωνος
3281 2540 3482 2604 αἶ’ὦνας
3541 2539 3774 2598 ἀναδυό-

2111 2647 2270 2701 μενος
2308 2629 2421 2702 (53)
2481 2625 2540 2682 ἐκ
2582 2631 2679 2683 τοῦ
2733 2628 2809 2700 μή
2855 2627 3080 2704 κρίνειν,
3124 2629 3199 2690 ὡς
3249 2625 3424 2707 ἔλεγε,
3479 2629 3769 2706 βασιλικὸν

2109 2717 2172 2770 τὸ
2204 2715 2514 2788 αὐτόματον
2553 2716 2642 2771 καὶ
2695 2711 2984 2792 ἀνάκριϐον
3045 2716 3097 2773 ἐν
3144 2723 3265 2780 ταῖς
3311 2718 3558 2795 πράξεσι,
3599 2720 3662 2775 τὸ
3707 2717 3772 2776 δὲ

2110 2807 2572 2880 περιεσκεμμένον
2632 2807 2723 2860 καὶ
2768 2805 3012 2882 χρόνιον.
3067 2809 3210 2882 Πρὸς
3261 2804 3319 2862 δὲ
3361 2809 3459 2870 τὰς
3506 2807 3768 2872 τοιαύτας

2111 2891 2332 2969 γνώμας
2393 2893 2618 2965 ὡρμᾶτο
2709 2893 2806 2966 μὲν
2867 2892 2961 2949 καὶ
3027 2893 3273 2965 αὐτόθεν,
3343 2895 3496 2952 οὐδὲν
3554 2896 3766 2954 ἐκεῖνον

2109 2979 2402 3046 λεληθέναι
2431 2986 2540 3036 τῶν
2572 2981 2920 3050 καθηκόντων
2957 2982 3398 3060 ἰσχυριζόμενος,
3440 2986 3588 3042 ἀλλὰ
3627 2991 3766 3043 πᾶσι

2109 3065 2402 3142 πεφυκέναι
2461 3071 2799 3146 πράγμασιν·
2839 3070 2968 3150 εἶχε
3017 3069 3074 3127 δὲ
3123 3073 3214 3128 καὶ
3271 3077 3552 3151 συνερίθου
3607 3077 3766 3133 σκία-

2109 3177 2220 3229 σμα
2262 3153 2452 3237 ἰσχνὸν
2509 3157 2890 3234 παρεπόμενον
2923 3161 3014 3215 τὸν
3072 3159 3344 3233 κηδεστήν
3393 3164 3765 3240 Φιλοκᾶλιον,

2111 3245 2167 3299 ὃν
2227 3247 2340 3321 οὐχ
2395 3246 2591 3322 ἑτέρως
2642 3242 2786 3322 ἔχων
2844 3249 2931 3304 ἐπὶ
2987 3256 3086 3306 τοῦ
3145 3251 3314 3326 ἄκρου
3393 3261 3586 3324 στῆσαι
3660 3262 3764 3326 τῆς

2111 3334 2426 3410 συγκλήτου
2461 3337 2718 3412 βατῆρος,
2769 3341 2918 3412 ἡμᾶς
2973 3340 3066 3413 μὲν
3117 3340 3208 3396 ἀπ’
3241 3339 3505 3418 οὐδεμιᾶς
3551 3344 3766 3420 εὐσχή-

346 3429 606 3494 removit,
660 3443 906 3499 eumque
935 3427 993 3483 in
1033 3434 1297 3482 nostrum
1350 3425 1539 3482 locum
1591 3426 1908 3482 substituit.
1944 3427 1997 3482 Is

2117 3447 2282 3500 μονος
2311 3426 2630 3504 προφάσεως
2661 3432 2760 3482 τοῦ
2802 3433 2918 3491 τοῖς
2967 3430 3239 3506 σεκρέτοις
3283 3433 3370 3505 [Ρ.
3421 3436 3548 3508 364]
3597 3433 3769 3508 λογο-

344 3532 482 3572 vero
515 3515 600 3572 vir
639 3531 769 3572 cum
803 3533 838 3570 a
885 3516 976 3571 sui
1009 3513 1340 3586 cognitione
1393 3515 1784 3570 alienissimus
1823 3517 1994 3585 esset,

347 3607 485 3664 dum
518 3623 633 3678 prae
665 3605 849 3662 nimia
892 3604 1209 3662 ambitione
1240 3621 1306 3660 ea
1334 3621 1462 3675 quae
1511 3605 1844 3673 dignitatem
1879 3606 2004 3676 ejus

345 3697 698 3770 superabant
727 3713 857 3752 cum
893 3695 1148 3767 periculo
1180 3695 1416 3766 appetit,
1470 3710 1544 3750 ne
1575 3695 1854 3764 quosdam
1891 3693 2000 3748 ho-

349 3791 584 3845 noratos
627 3787 782 3842 viros
837 3801 1160 3842 assessores
1209 3785 1465 3850 haberet,
1519 3784 1629 3854 pati
1679 3785 1998 3857 podagram

349 3877 606 3944 simulat,
661 3877 829 3948 quasi
860 3893 975 3931 una
1007 3891 1136 3930 cum
1185 3875 1424 3943 pedibus
1473 3873 1770 3928 cerebrum
1829 3873 1998 3928 etiam

351 3965 662 4036 amisisset,
695 3969 752 4020 et
795 3965 958 4038 quasi
1005 3964 1247 4020 alienata
1299 3970 1484 4018 mente
1511 3965 1780 4018 decorum
1817 3962 2000 4031 negli-

348 4057 448 4130 git.
484 4055 762 4112 Caeterum
797 4060 984 4110 Ducas
1013 4054 1108 4110 hic
1139 4069 1270 4108 cum
1300 4057 1570 4124 suscepto
1603 4052 1844 4124 imperio
1876 4053 2000 4107 lbe-

348 4164 546 4204 sauros
577 4161 690 4202 non
724 4143 927 4216 plenos
977 4160 1084 4199 nec
1117 4141 1486 4214 semiplenos,
1521 4143 1615 4197 sed
1677 4141 1996 4196 admodum

346 4237 654 4293 exhaustos
703 4235 1026 4304 reperisset,
1063 4233 1310 4290 metebat
1348 4235 1441 4287 ubi
1499 4249 1612 4289 non
1648 4237 1888 4301 severat,
1945 4235 2002 4286 et

348 4325 655 4396 colligebat
686 4323 785 4378 ubi
834 4323 980 4378 nihil
1031 4327 1337 4394 sparserat.
1372 4324 1449 4376 Ae
1499 4323 1654 4394 gravi
1687 4323 2000 4392 quaestione

349 4416 410 4471 in
433 4431 530 4469 eos
562 4412 754 4469 habita
786 4413 885 4482 qui
917 4411 1021 4467 sub
1051 4412 1281 4481 Angelis
1311 4411 1562 4466 maxima
1595 4413 1836 4483 imperia
1868 4429 1996 4486 ges-

353 4507 546 4562 serant
573 4503 641 4558 ad
676 4501 958 4571 fastigium
982 4501 1564 4557 Sebastocraloricum
1600 4510 1651 4556 et
1676 4506 1994 4558 Caesareum

349 4593 549 4661 evecti,
584 4593 888 4665 pecuniam
943 4591 1078 4646 inde
1109 4589 1408 4646 collectam
1441 4591 1515 4647 ad
1549 4593 1700 4648 750
1734 4592 1997 4664 publicos

349 4702 488 4742 usus
535 4681 838 4739 referebat.
872 4681 1015 4738 Cum
1052 4687 1244 4735 autem
1293 4681 1538 4747 Latinis,
1573 4681 1821 4736 hostium
1854 4681 1993 4736 viri-

345 4775 454 4832 bus
497 4773 652 4830 male
698 4771 1018 4840 aestimatis,
1061 4771 1328 4826 resistere
1385 4779 1641 4843 cuperet,
1698 4786 1878 4841 eaque
1935 4786 1994 4825 re

346 4865 607 4920 omnium
660 4861 885 4936 primus
929 4865 1100 4925 esset,
1154 4875 1384 4916 murum
1423 4859 1774 4914 maritimum
1819 4859 1996 4916 trabi-

351 4953 456 5009 bu's
485 4952 745 5009 altiorem
798 4949 949 5019 fecit,
983 4957 1037 5006 et
1083 4958 1374 5006 terrestres
1422 4958 1617 5020 portas
1665 4948 1998 5005 tibicinibus

351 5041 548 5110 fulsit;
583 5046 639 5096 et
669 5039 992 5111 legionibus
1037 5057 1139 5094 suo
1187 5039 1476 5111 exemplo,
1511 5040 1644 5095 dum
1677 5040 1867 5109 gladio
1914 5056 2002 5095 ac-

352 5131 580 5186 cinctus
610 5133 668 5184 et
710 5129 953 5185 ferream
1006 5128 1221 5184 clavam
1269 5127 1542 5184 manibus
1598 5145 1819 5185 versare
1867 5144 2001 5185 con-

354 5213 612 5291 spicitur,
643 5217 713 5273 ad
745 5217 1134 5272 fortitudinem
1188 5217 1467 5284 excitatis,
1502 5219 1708 5289 partim
1743 5217 2002 5274 hostium

2103 4681 2192 4735 καὶ
2301 4681 2764 4756 μεσαρσιωθέντας
2865 4679 2943 4746 εἷς

2103 4771 2338 4839 καθῆκον
2399 4771 2487 4824 καὶ
2549 4770 2835 4845 Καίσαρσι,
2894 4771 2984 4826 καὶ
3049 4773 3185 4848 πρὸς
3251 4774 3348 4837 τὰς
3407 4775 3593 4840 κοινὰς
3647 4779 3754 4832 ἀπ-

2114 3518 2284 3570 θετεῖν
2347 3515 2748 3592 παραλέλυκεν,
2817 3517 3018 3574 ἐκεῖνον
3106 3517 3152 3574 δ’
3231 3517 3761 3597 ἀντιπροϐέϐληκεν.

2114 3602 2481 3680 Ἀμελέτητος
2535 3603 2581 3660 δ’
2639 3603 2712 3662 ὤν
2764 3607 2792 3662 ὁ
2832 3607 2971 3683 ἀνὴρ
3023 3606 3114 3663 ὅδε
3155 3613 3253 3664 τοῦ
3312 3611 3502 3666 ἑαυτὸν
3563 3609 3766 3668 εἰδέναι

2112 3695 2474 3766 παντάπασιν,
2511 3696 2614 3751 ὑπὸ
2664 3703 2764 3766 τῆς
2814 3698 2942 3772 ἄγαν
2989 3695 3309 3778 φιλοτιμίας
3356 3705 3466 3754 τῶν
3517 3701 3646 3776 ὑπὲρ
3697 3704 3764 3758 τὸ

2110 3793 2349 3856 καθῆκον
2382 3785 2666 3862 σφαλερῶς
2699 3786 3004 3866 ἐφιέμενος,
3035 3789 3097 3844 τὸ
3151 3791 3228 3860 μὴ
3280 3791 3572 3866 σύνθρονος
3621 3781 3763 3848 εἶναι

2108 3878 2214 3929 τῶν
2254 3874 2306 3929 ἐν
2355 3881 2546 3949 τιμαῖς
2604 3875 2769 3940 ἐνίοις
2817 3877 3106 3941 ὑπενόθευε
3146 3875 3426 3955 ποδάγραν
3475 3901 3766 3956 σχηματι-

2112 3965 2357 4037 ζόμενος,
2419 3967 2494 4028 ὡς
2551 3963 2702 4038 εἷ’περ
2777 3963 3078 4044 συνδιέρρεε
3155 3974 3278 4032 τοῖς
3360 3969 3610 4046 πτέρναις
3663 3973 3761 4028 ¹τεὸν

2109 4051 2434 4133 ἐγκέφαλον,
2491 4054 2774 4118 κάντεῦθεν
2832 4055 3222 4133 ἀλλοφρονέων
3267 4056 3562 4135 ὀλιγώρως
3640 4061 3766 4138 εἶχε

2107 4149 2206 4199 τοῦ
2239 4145 2564 4218 πρέποντος.
2609 4143 2786 4201 Ἀλλὰ
2824 4146 3064 4210 καὶτοὺς
3097 4146 3412 4222 βασιλείους
3455 4153 3768 4226 θησαυροὺς

2111 4233 2210 4288 οὐκ
2233 4233 2541 4309 ὶπιχειλεῖς
2593 4231 2708 4288 οὐδ’
2749 4232 3019 4306 ἡμιδεεῖς,
3072 4233 3202 4290 ἀλλ’
3248 4235 3300 4292 ἐν
3357 4243 3528 4312 στενῷ
3581 4242 3760 4312 πάντη

2111 4321 2567 4395 ἀπειλημμένους
2617 4323 2644 4376 ὁ
2696 4320 2856 4396 ἂρξας
2910 4323 3095 4379 οὗτοσῖ
3147 4325 3353 4390 Δούκας
3399 4327 3573 4403 εὑρὼν
3624 4330 3768 4405 θερί-

2109 4418 2216 4483 ζων
2245 4412 2310 4482 ἧν
2343 4412 2465 4468 ἔνθα
2507 4411 2603 4467 οὐκ
2659 4407 2872 4487 ἔσπειρε
2927 4412 3016 4468 καὶ
3069 4415 3316 4489 συνάγων
3375 4417 3495 4480 ὅθεν
3556 4417 3618 4473 οὗ
3679 4416 3766 4474 δι-

2108 4502 2447 4575 εσκόρπισεν,
2525 4501 2730 4556 έτάσεσι
2813 4501 3054 4579 βαρείαις
3139 4501 3358 4578 ὒπάγων
3447 4507 3575 4570 τοὺς
3663 4509 3765 4574 τὰς

2111 4589 2372 4666 μεγίστας
2405 4591 2495 4645 ὑπ’
2551 4589 2835 4666 ’Λγγέλων
2885 4592 3296 4667 ἀνεζωσμένους
3341 4597 3538 4668 πρώην
3585 4598 3761 4674 ἀρχὰς

3045 4683 3182 4758 ὕψος
3267 4678 3759 4762 σεϐαστοκράτορσι

2109 4865 2297 4914 εκτᾶτο
2357 4858 2545 4934 χρείας
2603 4858 2779 4914 ὁπόσα
2851 4857 3056 4924 ἐνθένδε
3131 4860 3388 4938 συνέλεγε
3463 4868 3747 4940 χρήματα.

2109 4947 2520 5024 Ἀπειροκᾶλως
2554 4945 2600 5002 δ’
2641 4945 2784 5024 ἔχων
2832 4956 2934 5019 τῆς
2979 4953 3086 5004 τῶν
3140 4951 3386 5006 Λατίνων
3439 4952 3748 5026 ἀντιμαχή-

2110 5057 2264 5106 σεως,
2314 5037 2450 5091 κατὰ
2517 5041 2676 5092 τοῦτο
2735 5037 2796 5094 τὸ
2861 5037 3024 5114 μέρος
3081 5039 3298 5095 πάντων
3348 5039 3629 5115 ἐπρώτευε·
3678 5039 3747 5094 τὰ

2109 5147 2167 5180 τε
2197 5127 2302 5202 γὰρ
2330 5125 2571 5202 παράλια
2627 5127 2788 5203 τείχη
2837 5129 2937 5196 τῆς
2985 5126 3202 5194 πόλεως
3259 5127 3345 5184 διὰ
3393 5125 3564 5182 δοκῶν
3612 5127 3750 5184 ἀνό-

2113 5218 2283 5288 ψωσε,
2317 5215 2408 5271 καὶ
2455 5217 2550 5279 τὰς
2608 5215 2870 5292 χερσαίας
2927 5214 3108 5282 πύλας
3165 5217 3566 5294 τειχισματίοις
3615 5215 3762 5275 διεί-

1721 5345 1888 5407 Hier.
1935 5342 2150 5406 Wolﬁi
2192 5351 2378 5406 notae.

568 5475 763 5555 _Aliud
795 5483 877 5555 est
900 5475 1318 5555 φρονηματίας,
1350 5477 1502 5535 aliud
1555 5479 1843 5555 φρόνιμος,
1894 5480 1990 5535 sed

353 5547 645 5604 barbaries
672 5547 1080 5620 vocabulorum
1110 5550 1226 5620 rvim
1257 5547 1607 5620 depravasse
1632 5547 1873 5607 videtur.

429 5622 540 5692 (53)
593 5618 705 5694 Καὶν
751 5616 841 5672 ἐπὶ
879 5619 1160 5694 ’πᾶσι-τὸν
1220 5616 1509 5694 εὐεργέτην
1565 5620 1620 5685 ἒς
1677 5622 1804 5684 τοὺς
1849 5629 1996 5676 Μετ-

356 5685 532 5757 ὶωνος
617 5688 814 5753 αἰῶνας
869 5685 1256 5764 ἀναδυόμενος.
1313 5685 1590 5766 'Deni‘qua
1681 5697 1990 5766 bene/acto-

2103 5497 2214 5534 rem
2245 5481 2474 5536 subinde
2501 5481 2564 5536 in
2593 5483 2854 5536 Meteonis
2909 5482 3114 5538 saecula

2100 5553 2298 5628 τέωνος
2326 5551 2542 5628 αἰῶνες.
2576 5553 2633 5628 si_
2658 5553 2952 5628 scriptura
2980 5569 3099 5608 non
3131 5551 3300 5619 fallit,
3329 5557 3585 5628 rvidetur
3615 5575 3754 5628 pro-

2101 5623 2367 5680 verbium
2397 5624 2638 5700 aliquod
2678 5625 2978 5680 recentius
2999 5641 3151 5694 esse,
3174 5627 3487 5700 utalioqui
3517 5623 3755 5687 Tithoni

2101 5703 2377 5754 senectus
2409 5697 2760 5753 celebratur.

3195 5479 3594 5541 'rocrastinans.
3646 5486 3700 5542 Μ
3706 5505 3760 5540 ε-
