4074 6402
372 391 492 458 949

1493 391 1832 456 ALEXIUS
1876 389 2128 455 DUOAS
2172 376 2677 455 MURZUF‘LUS.

3685 398 3806 461 950

377 526 542 607 ληφε,
618 526 710 583 καὶ
755 527 855 597 τὴν
919 525 1171 604 στρατιὰν
1231 525 1561 601 ἀνεζωπύρει
1590 530 1673 599 τῷ
1712 525 1829 581 καθ’
1869 523 2030 579 αὐτὸν

2147 524 2521 580 excursiones
2543 524 2829 596 reprimit,
2854 522 3065 596 partim
3091 541 3189 581 eos
3222 527 3322 597 qui
3376 526 3799 587 frumentatum

380 618 761 694 ὑποδείγματι.
796 620 884 672 Ἐν
916 616 1152 677 πολλοῖς
1212 614 1271 670 δὲ
1324 617 1414 671 καὶ
1470 616 1633 677 αὐτὸς
1682 614 1835 693 ξίφος
1874 614 2041 689 ἀγκυ-

382 709 684 782 λιζόμενος
711 706 802 763 καὶ
835 708 1114 782 χαλκήρει
1164 708 1369 781 κορύνῃ
1428 706 1527 775 τὴν
1583 711 1749 785 χεῖρα
1775 702 2043 760 καθοπλι-

382 800 615 871 ζόμενος
678 798 839 853 τοῦτο
938 797 1033 871 μὲν
1091 798 1187 860 τὰς
1234 800 1346 851 τῶν
1415 795 1670 851 ἐναντίων
1754 795 2036 849 ἀνέκοπτεν

381 885 675 961 ἐκδρομὰς,
760 883 925 942 τοῦτο
986 884 1044 941 δὲ
1095 892 1214 947 τοῖς
1284 883 1634 961 σποραδικῶς
1676 883 1905 955 ἐξιοῦσιν
1963 881 2040 943 εἷς

379 977 651 1052 πορισμὸν
686 976 873 1031 σιτίων
915 975 1273 1055 ἐφιστάμενος
1322 977 1388 1045 ἦν
1450 971 1888 1051 αὐτεπάγγελτος
1947 971 2038 1027 καὶ

379 1065 792 1142 αὖτενέργητος.
879 1064 1099 1138 Ἀμέλει
1177 1061 1266 1119 διὰ
1352 1069 1525 1120 ταῦτα
1595 1068 1712 1125 τοῖς
1780 1060 2040 1123 πολίταις

377 1157 675 1225 ἠσπάζετο,
708 1156 759 1211 εἶ’
786 1157 872 1211 καὶ
929 1154 1174 1216 ὕποπτος
1223 1155 1292 1223 ἦν
1353 1154 1424 1209 τὰ
1479 1151 1669 1208 πολλὰ
1722 1152 1812 1207 καὶ
1860 1151 2035 1224 ἀσύμ-

377 1241 541 1307 ϐατος
591 1250 709 1306 τοῖς
749 1243 799 1314 ἐξ
858 1242 1110 1318 α’ίματος·
1170 1243 1263 1297 ἅτε
1310 1241 1412 1318 γὰρ
1471 1241 1814 1319 ἐντραφέντες
1882 1238 2035 1295 οὗτοι

382 1333 611 1409 βλακείᾳ
685 1333 776 1388 καὶ
852 1332 1095 1406 μαλακίᾳ
1152 1329 1633 1407 συνανδρωθέντες,
1690 1330 2033 1406 ἀναγωγικήν

378 1423 677 1497 αὐστηρίαν
733 1423 823 1478 καὶ
883 1420 1090 1477 δίαιταν
1156 1422 1410 1499 σώφρονα
1465 1417 1899 1494 περιιστάμενοι,
1959 1420 2036 1482 ὼς

377 1514 446 1567 τα
490 1512 868 1585 κεκρατημένα
925 1512 1155 1584 σώματα
1233 1508 1624 1581 νοσοκόμησιν,
1684 1507 2033 1583 ἐτραχηλίων

378 1602 468 1656 καὶ
501 1600 925 1675 ἐσκληρύνοντο.
960 1601 1071 1667 Τὴν
1122 1603 1220 1655 τοῦ
1269 1599 1448 1653 Δούκα
1475 1598 1657 1652 τοίνυν
1692 1592 2035 1671 ἐμϐρίμησιν

377 1692 469 1747 καὶ
502 1690 796 1763 ἐπίπληξιν
827 1689 919 1760 (ἦν
977 1689 1080 1763 γὰρ
1127 1687 1218 1744 καὶ
1276 1687 1432 1767 φύσει
1482 1684 1677 1748 κοῖλος
1733 1686 1825 1741 καὶ
1866 1686 2035 1761 βαρὺς

379 1784 478 1849 τὴν
512 1782 693 1857 φωνὴν
726 1780 815 1834 καὶ
846 1780 938 1835 τὸν
973 1779 1226 1856 φάρυγγα
1254 1778 1566 1855 βραγχιῶν)
1624 1774 1724 1832 ὅσα
1759 1777 1851 1831 καὶ
1901 1780 2035 1850 γεῦ-

2152 614 2401 681 sparsim
2435 614 2670 670 exibant
2726 613 3117 685 persequitur.
3153 616 3285 680 Qua:
3326 633 3458 672 cum
3498 618 3648 674 ultro
3700 636 3798 677 ne-

2152 703 2310 758 mine
2339 704 2640 774 ﬂagitante
2685 704 2921 771 faceret,
2954 710 3018 758 ut
3047 703 3261 760 charus
3293 710 3416 760 erat
3445 707 3688 777 civibus,
3720 709 3802 765 ita

2151 792 2416 863 cognatis
2472 794 2597 848 suis
2632 793 2745 848 fere
2787 800 3092 863 suapectus
3123 798 3180 848 et
3231 794 3474 851 invisus.
3509 796 3615 859 Qui
3647 803 3712 851 ut
3739 797 3798 852 in

2150 884 2267 940 otio
2292 883 2487 937 nutriti
2522 886 2578 937 et
2608 883 2664 935 in
2699 881 2927 937 deliciis
2949 882 3152 951 adulti,
3182 899 3440 940 severam
3473 890 3529 941 et
3578 887 3803 942 modes-

2148 978 2268 1027 tam
2301 972 2436 1027 vitae
2468 972 2754 1027 rationem
2803 976 2867 1026 ut
2893 971 3160 1028 morbida
3190 988 3435 1045 corpora
3467 979 3800 1046 temperan-

2149 1062 2292 1118 tiam
2323 1068 2656 1119 aversantes
2688 1061 2759 1118 ab
2793 1077 2859 1117 eo
2904 1062 3318 1131 abhorrebant,
3350 1069 3408 1119 et
3457 1065 3584 1135 ejus
3624 1066 3797 1123 casti-

2147 1152 2440 1225 gationem
2469 1156 2526 1207 et
2556 1151 3010 1221 iucrepaticnem
3044 1152 3188 1222 (erat
3218 1152 3376 1208 enim
3425 1158 3633 1211 natura
3662 1172 3798 1213 voce

2146 1242 2331 1316 gravi,
2364 1258 2570 1313 aspera
2625 1245 2683 1297 et
2714 1240 2909 1312 rauca)
2941 1240 3289 1312 gravissime
3318 1247 3376 1297 et
3406 1243 3800 1315 iniquissimis

2149 1334 2363 1390 animis
2422 1332 2816 1404 patiebantur,
2849 1335 2906 1386 et
2947 1332 3074 1401 ejus
3124 1333 3363 1389 exitium
3416 1338 3481 1390 ut
3534 1335 3797 1392 divinum

2146 1422 2497 1478 beneﬁcium
2571 1421 2944 1493 exoptabant.
3023 1424 3166 1475 Cum
3226 1428 3412 1479 autem
3480 1423 3801 1497 imperator

2146 1515 2350 1567 contra
2377 1510 2733 1566 Balduinum
2791 1509 3077 1565 Flandriae
3106 1511 3402 1580 comitem,
3462 1515 3562 1584 qui
3616 1513 3797 1569 Philas

2145 1602 2275 1659 loca
2346 1602 2598 1657 ﬁnitima
2658 1601 3047 1673 populabatur
3105 1610 3159 1658 et
3235 1604 3452 1658 tributa
3509 1606 3797 1678 exigebat,

2147 1691 2352 1758 exiret,
2384 1696 2560 1762 atque
2592 1690 2654 1746 in
2684 1708 2750 1747 eo
2780 1691 2989 1746 itinere
3039 1696 3283 1763 uterque
3337 1692 3504 1749 alteri
3536 1696 3796 1751 occuris-

2146 1788 2298 1849 sent,
2353 1781 2628 1837 Romanis
2680 1780 3004 1852 perterritis
3033 1785 3093 1836 et
3149 1782 3374 1852 trepide
3436 1783 3796 1855 fugientibus

382 1893 462 1926 σιν
495 1867 813 1932 πολύποδος
847 1869 1005 1943 ὡμοῦ
1036 1865 1070 1937 ἤ
1105 1862 1413 1941 ἐλλεϐόρου
1439 1869 1706 1941 τράπεζαν
1744 1865 1852 1921 εἷ’τε
1921 1867 2028 1939 μὴν

2143 1875 2287 1931 ’161
2324 1871 2489 1928 solus
2544 1870 2860 1927 derelictus
2910 1886 3059 1942 pene
3091 1872 3360 1941 periisset
3391 1889 3405 1930 :
3457 1877 3514 1928 et
3543 1874 3795 1929 Genitri-

377 1961 629 2036 ταυρείου
660 1959 891 2033 αἳματος
920 1955 1167 2031 κέρασμα
1231 1957 1644 2032 ἐκτρεπόμενοι,
1685 1956 1786 2023 τὴν
1835 1956 2032 2011 τούτου

376 2051 752 2127 καταστροφὴν
803 2046 1140 2122 ἐπιστροφὴν
1209 2045 1384 2119 ᾢοντο
1442 2047 1651 2115 θεϊκήν.
1709 2046 1895 2101 Ἔνθεν
1945 2065 2030 2100 τοι

375 2139 464 2194 καὶ
495 2137 824 2196 Βαλδουίνου
851 2142 948 2192 τοῦ
979 2144 1079 2206 τῆς
1132 2135 1449 2212 Φλαντρίας
1497 2134 1746 2208 κόμητος
1787 2135 1855 2189 τὰ
1906 2134 2031 2205 περὶ

372 2229 466 2284 τὸν
508 2226 710 2284 Φιλίαν
737 2227 1011 2301 κείροντος
1048 2227 1212 2303 μέρη,
1268 2226 1512 2281 κάκεῖθεν
1573 2224 1775 2299 φόρους
1833 2221 2030 2278 συλλέ-

370 2339 580 2395 γοντος,
639 2313 799 2392 ἔξεισι
864 2319 982 2373 κατ’
1042 2316 1211 2371 αὐτοῦ
1273 2312 1545 2391 βασιλεύς.
1607 2315 1695 2377 Ὣς
1746 2309 1791 2367 δ’
1845 2314 1874 2367 ὁ
1936 2313 2030 2385 μὲν

371 2408 570 2474 ἀπιὼν,
611 2409 663 2462 οἱ
695 2405 741 2462 δ’
774 2407 834 2462 ἐκ
872 2411 969 2461 τοῦ
1015 2404 1289 2478 πολεμίου
1333 2405 1558 2483 στίφους
1616 2403 2032 2478 ἀναζευγνύντες

375 2497 650 2568 ἀλλήλοις
711 2497 1018 2569 συνέμιξαν,
1071 2496 1340 2568 Ῥωμαῖοι
1403 2496 1499 2566 μὶν
1556 2492 1663 2550 δέει
1709 2494 2029 2569 ξυνέχονται

372 2589 460 2641 καὶ
496 2586 750 2641 συντόνου
807 2592 981 2662 φυγῆς
1022 2580 1269 2660 ἔχονται,
1327 2582 1697 2661 περιλειφθεὶς
1748 2581 1806 2638 δὲ
1865 2582 2031 2655 μόνος

2142 1963 2228 2018 cis
2286 1961 2385 2016 Dei
2443 1960 2638 2031 imago
2714 1975 2892 2030 quam
2963 1959 3362 2016 Romanorum
3415 1961 3797 2032 imperatores

2142 2050 2281 2109 belli
2332 2048 2552 2107 sociam
2584 2049 2903 2115 asciscunt,
2931 2048 3002 2105 ab
3035 2048 3302 2106 hostibus
3335 2054 3503 2123 capta
3549 2055 3657 2107 est.
3690 2051 3799 2107 Ne-

2140 2155 2255 2213 que
2286 2139 2408 2196 haec
2434 2143 2662 2195 tantum
2689 2138 2889 2210 gravia
2920 2143 3106 2208 erant,
3140 2139 3239 2195 sed
3275 2146 3328 2194 et
3364 2139 3536 2211 longe
3567 2141 3797 2214 gravio-

2140 2246 2207 2286 ra
2234 2229 2614 2284 timebantur.
2650 2228 2796 2283 Nam
2823 2228 2880 2282 in
2917 2228 3243 2296 majoribus
3279 2229 3526 2284 navibus
3559 2232 3797 2285 horren-

2140 2320 2225 2375 das
2269 2335 2479 2373 rursus
2523 2316 2691 2373 scala:
2749 2316 3192 2373 fabricabantur
3222 2322 3279 2373 et
3326 2318 3521 2373 omnis
3564 2318 3795 2391 generis

2139 2407 2416 2464 machinae
2475 2406 2854 2479 parabantur,
2912 2406 3135 2461 vexillis
3192 2422 3445 2477 superne
3510 2406 3797 2463 volitanti-

2141 2497 2249 2552 bus
2283 2514 2297 2564 ;
2329 2500 2385 2552 st
2407 2495 2501 2560 iis,
2535 2494 2633 2567 qui
2668 2496 2967 2567 pugnandi
2999 2512 3177 2550 causa
3206 2511 3274 2550 ea
3312 2496 3791 2567 conscenderent,

2137 2602 2173 2642 a
2204 2584 2419 2641 Latinis
2451 2586 2703 2640 maxima
2735 2584 2970 2655 praemia
2992 2584 3488 2656 proponebantur.

374 2678 401 2731 ὁ
436 2674 690 2751 βασιλεὺς
720 2675 879 2736 αὐτός
898 2695 956 2729 τε
991 2677 1190 2748 μικροῦ
1210 2671 1601 2746 παραπώλετο,
1633 2675 1790 2742 καὶὴ
1847 2679 1949 2743 τῆς
1998 2674 2356 2748 Θεομήτορος
2406 2672 2587 2744 εἰκὼν,
2646 2673 2711 2741 ἣν
2773 2672 2824 2726 o't
2887 2671 3132 2747 βασιλεῖς
3184 2672 3478 2746 Ῥωμαίων
3506 2676 3792 2728 ποιοῦνται

373 2764 776 2840 συστράτηγον,
807 2768 924 2824 τοῖς
954 2761 1221 2823 ἐναντίοις
1254 2761 1517 2817 ἑάλωκεν.
1553 2764 1655 2818 Ἠν
1687 2757 1716 2815 δ
1750 2761 1813 2816 οὐ
1839 2762 2005 2834 μόνον
2032 2766 2202 2818 ταῦτα
2225 2760 2393 2828 δεινὰ,
2450 2761 2597 2817 ἀλλά
2649 2782 2709 2837 γε
2763 2761 2853 2816 καὶ
2883 2761 2949 2816 τὰ
2980 2759 3314 2835 ἐλπιζόμενα
3335 2760 3477 2817 πολὺ
3508 2760 3680 2838 χείρω
3701 2751 3791 2816 καἰ

369 2852 762 2929 χαλεπώτατα
798 2852 852 2907 ἐν
884 2853 989 2930 γὰρ
1020 2857 1140 2916 τοῖς
1164 2851 1374 2924 μείζοσι
1395 2855 1505 2906 τῶν
1532 2848 1748 2905 πλοίων
1779 2847 2075 2928 φρικώδεις
2132 2851 2300 2907 πάλιν
2368 2849 2635 2923 κλίμακες
2677 2849 3049 2906 ἐτεκταίνοντο
3105 2850 3196 2905 καὶ
3258 2851 3506 2925 μηχαναὶ
3536 2855 3789 2907 παντοῖαι

365 2947 850 3012 κατεσκευάζοντο,
884 2941 1119 3015 σημαῖαί
1149 2962 1210 2996 τε
1239 2939 1327 2996 ἐπὶ
1361 2941 1571 2996 τούτων
1604 2940 1916 3012 ἠνὲμωντο,
1945 2941 2032 2995 καὶ
2066 2946 2184 3003 τοῖς
2239 2940 2316 3004 είς
2375 2940 2539 3003 αὐτὰς
2605 2940 2841 2996 ἀνιοῦσιν
2872 2940 2961 2995 ἐπὶ
2986 2946 3065 3013 τῷ
3098 2941 3372 3016 μάχεσθαι
3410 2939 3610 3017 δωρεαὶ
3648 2941 3793 3017 παρὰ

364 3031 610 3089 Λατίνων
645 3032 1033 3106 προύτείνοντο
1070 3029 1340 3105 μέγισται.

437 3134 521 3205 [Ρ.
556 3131 787 3205 365]
821 3129 923 3187 Καὶ
990 3126 1160 3185 ταῦτα
1215 3129 1312 3203 μὲν
1365 3132 1473 3184 τῶν
1532 3125 1725 3184 δεινῶν
1773 3126 2027 3197 ἐκινεῖτο,

362 3222 430 3277 τὰ
463 3220 520 3275 δὲ
547 3219 877 3295 ἐγίνετη,τὰ
921 3217 970 3274 δ’
1025 3216 1292 3290 ἤμελλενο
1356 3218 1643 3294 ἡλόγηντο
1703 3216 1761 3273 δὲ
1829 3219 1921 3273 καὶ
1976 3218 2029 3272 οἳ

368 3311 493 3385 περὶ
579 3309 767 3387 φιλίας
855 3308 1018 3384 λόγοι
1111 3309 1203 3362 καί
1258 3309 1567 3363 παντάπασι
1619 3306 2026 3380 κατημέληντο.

373 3399 599 3455 Μᾶλλον
630 3398 688 3454 δὲ
713 3398 803 3454 καὶ
832 3397 1062 3459 τούτους
1091 3396 1327 3470 ¹ιιόνηροί
1381 3417 1520 3458 τινες
1552 3399 1821 3471 Τελχῖνες
1882 3394 2028 3451 πολ-

372 3488 531 3552 λάκις
554 3488 829 3562 ωνὲγεον.
887 3488 949 3544 Ὀ
994 3485 1100 3562 γὰρ
1168 3483 1294 3555 δοὺξ
1348 3483 1842 3558 ΒενετίαςἘρίκος
1894 3484 2025 3539 Δάν-

2208 3131 2262 3184 2.
2294 3130 2377 3185 Ita
2406 3129 2684 3201 periculis
2735 3131 2946 3202 partim
2993 3130 3375 3199 instantibus,
3424 3131 3637 3203 partim
3687 3148 3791 3187 ur-

2137 3220 2437 3290 gentibus,
2490 3219 2653 3274 nulla
2681 3235 2816 3291 spes
2879 3219 3292 3290 paciﬁcationis
3334 3225 3661 3293 supererat,
3695 3237 3793 3293 pa-

2139 3308 2432 3364 ctionibus
2463 3324 2566 3381 per
2610 3308 2839 3364 invidos
2884 3315 2943 3364 et
2972 3309 3287 3365 sceleratos
3344 3309 3629 3379 quosdam
3684 3310 3790 3366 ho-

2139 3399 2332 3455 mines
2358 3415 2509 3470 saepe
2537 3399 2819 3455 confusis.
2860 3398 3004 3456 Nam
3039 3398 3158 3454 dux
3190 3399 3553 3456 Venetiarum
3586 3400 3788 3457 Ericus

2138 3485 2442 3543 Dandulus
2473 3503 2602 3543 cum
2636 3489 2988 3560 imperatore
3025 3489 3097 3544 de
3128 3504 3265 3558 pace
3292 3493 3530 3545 acturus
3562 3489 3788 3547 triremi

372 3576 572 3640 δουλος
606 3574 878 3650 ὁμιλῆσαι
907 3575 1032 3649 περὶ
1074 3576 1323 3631 σπονδῶν
1355 3571 1621 3647 δλόμενος
1658 3571 1894 3647 βασιλεῖ,
1925 3579 2030 3642 νῆα

2143 3576 2300 3646 iuxta
2345 3576 2707 3632 Cosmidium
2766 3577 3049 3650 appellit:
3107 3578 3311 3633 eodem
3362 3584 3420 3633 et
3467 3579 3788 3651 imperator

370 3667 553 3722 εἰσιὼν
622 3667 846 3740 τριήρη,
933 3664 1058 3739 περὶ
1130 3667 1251 3725 ταῖς
1336 3663 1523 3717 ἂκταῖς
1590 3663 1853 3736 προσέχει
1927 3666 2027 3717 τοῦ

370 3752 698 3828 Κοσμιδίου.
729 3756 819 3819 Ὠς
876 3751 920 3809 δ’
955 3751 1187 3831 ἔφιππος
1238 3753 1409 3808 ἐκεῖσε
1466 3753 1555 3807 καὶ
1637 3750 1892 3828 βασιλεὺς
1921 3751 2025 3829 ἀφ-

373 3848 537 3914 ίκετο,
597 3844 904 3900 ἐκοινοῦντο
966 3844 1060 3917 μὶν
1145 3841 1423 3914 ἀλλήλοις
1478 3842 1545 3898 τὰ
1607 3842 1744 3917 πρὸς
1804 3841 2023 3916 εἰρήνην

369 3935 611 4012 ῥήματα,
666 3933 853 4008 μηδενὶ
904 3939 1015 3989 τῶν
1044 3932 1232 3990 ἄλλων
1277 3934 1377 4002 τήν
1438 3928 1678 4001 σπουδὴν
1730 3930 2028 4006 χαριζόμε.

363 4046 467 4084 νοι.
530 4024 625 4080 Καὶ
680 4028 818 4094 ἦσαν
874 4025 943 4078 τά
997 4023 1143 4095 παρὰ
1199 4027 1297 4077 τοῦ
1371 4020 1565 4084 δουκὸς
1624 4022 1877 4083 Βενετίας
1935 4022 2022 4075 καὶ

363 4120 474 4172 τῶν
530 4113 743 4169 λοιπῶν
801 4116 1118 4187 στρατηγῶν
1185 4110 1486 4183 αἰτούμενα
1542 4110 1776 4184 χρυσίου
1829 4111 2028 4180 πεντή-

365 4220 528 4259 κοντα
548 4203 877 4275 κεντηνάρια
935 4199 998 4253 ἐκ
1051 4203 1150 4254 τοῦ
1217 4199 1415 4254 αὐτίκα
1477 4197 1626 4269 μάλα
1665 4193 2024 4253 καταϐαλλό-

373 4310 526 4362 μενα,
586 4290 677 4344 καὶ
735 4287 1048 4361 συμφωνίαι
1105 4286 1245 4349 τινὲς
1275 4286 1359 4341 ἐπ’
1416 4287 1605 4348 αὐτοῖς
1634 4285 2025 4341 ἀποκνάίουσαι

373 4379 470 4452 μὲν
520 4379 612 4433 καὶ
672 4373 1103 4449 δυσπαρᾶδεκτοι
1152 4381 1270 4438 τοῖς
1328 4377 1651 4451 γευομένοις
1717 4374 2024 4451 ἐλευθερίας

367 4470 458 4523 καὶ
547 4467 798 4531 εἰωθόσιν
857 4464 1188 4532 ἐπιτάσσειν,
1275 4464 1375 4520 οὐκ
1457 4463 1854 4533 ἐπιτάσσεσθαι,
1935 4466 2025 4520 καὶ

367 4558 680 4614 Λακωνικαὶ
771 4558 980 4631 βαρεῖαι
1037 4554 1351 4630 κρινόμεναι
1451 4556 1723 4628 μάστιγες·
1812 4556 1903 4616 οἷς
1979 4553 2026 4608 δ’

365 4647 755 4724 αἰχμαλῶσίας
777 4646 1059 4721 πρόκειται
1088 4643 1338 4707 κίνδυνος
1376 4646 1464 4700 καὶ
1525 4642 1814 4719 πάνδημος
1868 4644 2025 4720 ἀνέρ-

367 4739 538 4814 ῥωγεν
566 4732 793 4811 ὄλεθρος
818 4737 882 4791 τὸ
916 4734 1009 4808 μέν
1041 4755 1093 4790 τι
1126 4735 1343 4811 πρώην,
1384 4735 1447 4789 τὸ
1507 4731 1565 4789 δὲ
1620 4735 1713 4790 καὶ
1747 4734 2026 4809 ὑπογυίως

366 4826 872 4901 ἀναστομούμενος,
934 4823 1152 4879 ἀνεκταὶ
1209 4824 1426 4886 πάντως
1491 4820 1635 4895 μηδὲ
1686 4822 2024 4878 παντάπασιν

2139 3679 2208 3735 eq
2219 3680 2291 3720 uo
2305 3664 2832 3723 advehiturJtebus
2854 3667 2983 3722 aliis
3014 3667 3291 3724 omnibus
3321 3667 3539 3723 relictis
3556 3669 3628 3724 de
3644 3684 3785 3739 pace

2132 3754 2310 3810 verba
2363 3754 2692 3811 conferunt.
2755 3760 2833 3811 Ac
2893 3773 2926 3810 a
2984 3758 3131 3812 duce
3184 3756 3559 3813 Venetiarum
3612 3762 3784 3814 caste-

2136 3843 2332 3917 risque
2385 3845 2749 3917 principibus
2807 3846 2933 3901 auri
2987 3847 3307 3903 centenarii
3355 3847 3784 3920 quinquaginta

2135 3935 2329 3989 statim
2377 3936 2725 3991 numerandi
2774 3936 3163 4007 postulantur,
3196 3938 3439 4008 adjectis
3496 3938 3783 3994 conditio-

2135 4025 2312 4080 nibus
2343 4024 2568 4097 aliquot
2597 4026 2932 4081 durissimis
2965 4035 3020 4081 et
3055 4026 3293 4082 minime
3323 4026 3679 4099 accipiendis
3707 4027 3781 4084 iis

2136 4115 2237 4187 qui
2264 4115 2550 4171 libertatis
2609 4114 2980 4171 dulcedinem
3039 4121 3181 4172 sunt
3236 4116 3459 4187 experti
3511 4116 3780 4188 etimpe—

2136 4220 2285 4269 rare,
2320 4220 2431 4259 non
2502 4219 2705 4274 parere
2753 4204 3107 4269 didicerunt,
3137 4208 3196 4259 et
3242 4204 3509 4261 Laconici
3567 4205 3780 4277 ﬂagelli

2136 4292 2511 4347 acerbitatem
2546 4293 2979 4362 superantibus.
3019 4294 3245 4358 Quibus
3266 4309 3398 4349 vero
3424 4293 3780 4366 captivitatis

2136 4380 2455 4452 periculum
2496 4381 2844 4437 imminebat
2872 4399 2941 4439 ac
2972 4381 3274 4455 publicum
3324 4383 3567 4440 exitium
3600 4388 3657 4441 et
3686 4386 3778 4440 in-

2135 4470 2413 4527 choatum
2444 4476 2500 4526 ct
2557 4477 2986 4543 exasperatum.
3039 4474 3190 4531 752
3241 4474 3413 4545 plane
3441 4473 3777 4531 tolerabiles

2137 4564 2304 4614 erant
2333 4575 2436 4616 nec
2467 4561 2734 4616 omnium
2777 4560 3157 4619 difficillimas.
3200 4563 3349 4619 Dum
3383 4582 3517 4621 vero
3548 4569 3621 4624 de
3651 4584 3791 4639 pace

2137 4649 2492 4718 disputat-1r,
2545 4650 2883 4706 Latinorum
2937 4657 3244 4723 equestres
3273 4656 3453 4727 copias
3483 4673 3551 4712 ex
3606 4673 3784 4729 supe-

2139 4739 2287 4794 riore
2319 4736 2442 4794 loco
2475 4737 2665 4795 subito
2696 4746 3074 4811 erumpentes
3128 4739 3275 4796 laxis
3306 4741 3553 4799 habenis
3601 4746 3788 4817 impe-

2134 4833 2388 4883 ratorem
2442 4832 2663 4897 petunt,
2717 4833 2782 4882 ut
2837 4829 2931 4883 vix
2983 4844 3130 4898 equo
3157 4845 3434 4887 converso
3465 4832 3788 4903 periculum

367 4917 772 4995 ἀχθεινόταται.
807 4917 896 4970 ’Ev
934 4914 980 4986 ᾧ
1011 4911 1069 4968 δὲ
1098 4914 1165 4967 τὰ
1221 4913 1357 4987 πρὸς
1388 4911 1611 4988 εἰρήνην
1669 4912 1744 4974 είς
1792 4909 2028 4981 διάλεξιν

2143 4917 2414 4988 effugeret
2476 4924 2534 4973 et
2590 4918 2867 4973 comitum
2926 4918 3055 4989 eius
3131 4918 3358 4989 aliquot
3416 4928 3785 4993 caperentur.

367 5005 709 5085 προῦκειντο,
795 5004 1017 5059 ἱππικαὶ
1095 5003 1379 5058 Λατινικαὶ
1433 5001 1690 5075 δυνάμεις
1759 5000 1811 5072 ἐξ
1862 5001 2023 5076 ὑπερ-

2143 5006 2279 5062 Nam
2312 5021 2613 5062 summum
2644 5023 2850 5062 eorum
2880 5022 3017 5075 erga
3055 5023 3164 5063 nos
3195 5008 3396 5064 odium
3427 5014 3486 5065 et
3534 5012 3785 5072 immen-

367 5099 554 5172 δεξίων
610 5096 807 5176 αἶ’φνης
864 5100 1108 5175 φανεῖσαι
1165 5095 1347 5165 ἡνίαις
1413 5093 1570 5157 ὅλαις
1654 5099 1733 5165 τῷ
1810 5092 2026 5168 βασιλεῖ

2143 5111 2268 5151 sum
2303 5102 2571 5151 nostrum
2622 5111 2753 5150 cum
2804 5093 2919 5151 illis
2972 5096 3283 5153 dissidium
3344 5098 3617 5157 obstabat
3671 5117 3784 5174 quo

366 5189 711 5257 ἐπιτίθενται,
807 5185 884 5249 ώς
981 5186 1145 5259 μόλις
1225 5183 1428 5240 ἐκεῖνον
1510 5184 1882 5259 παρερύσαντα
1929 5184 2019 5239 τὸν

2143 5183 2334 5241 minus
2363 5184 2639 5255 utrinque
2669 5184 2740 5239 de
2770 5184 2956 5255 sequis
2987 5186 3420 5244 conditionibus
3451 5190 3546 5263 agi
3565 5197 3781 5262 posset.

367 5274 535 5331 ἲππον
588 5276 892 5354 διεκφυγεῖν
976 5276 1067 5330 τὸν
1124 5271 1397 5345 κίνδυνον,
1472 5279 1581 5329 τῶν
1643 5271 1701 5329 δὲ
1749 5273 2019 5329 συνόντων

2143 5273 2348 5329 Exinde
2391 5274 2657 5328 maximae
2721 5272 2962 5329 hostiles
3004 5290 3199 5341 naves,
3235 5275 3296 5331 in
3324 5278 3537 5347 quibus
3566 5287 3785 5352 paratae

370 5368 902 5439 χειρωθῆναίτιναςο
956 5366 1019 5420 τὸ
1076 5364 1183 5439 γὰρ
1232 5363 1396 5438 ἄκρον
1455 5370 1555 5433 τῆς
1606 5362 1824 5419 ἐκείνων
1881 5361 2022 5438 πρὸς

2143 5371 2298 5421 arant
2327 5364 2500 5420 scalae
2552 5369 2874 5436 caeteraque
2930 5364 3328 5423 instrumenta
3383 5370 3453 5424 ad
3490 5387 3785 5445 Oppugna-

367 5456 514 5525 ἡμᾶς
543 5452 837 5529 ἀπεχθείας
864 5455 958 5509 καὶ
985 5454 1049 5509 τὸ
1082 5447 1430 5528 ὑπερϐάλλον
1487 5459 1591 5522 τῆς
1642 5452 1728 5508 ἐπ’
1780 5452 2019 5512 ἐκείνους

2143 5454 2350 5510 tionem
2384 5453 2733 5521 necessaria,
2792 5471 2825 5509 a
2882 5452 3183 5511 littoribus
3231 5458 3480 5513 reductae
3514 5464 3669 5517 recta
3708 5464 3779 5519 ad

369 5543 533 5614 ἡμῶν
562 5538 842 5615 διχονοίας
874 5540 1138 5616 οὐδεμίαν
1166 5540 1447 5616 ἑκατέροις
1484 5544 1787 5617 παρεισῆγε
1844 5542 2019 5616 ῥοπὴν

2143 5542 2347 5599 moenia
2378 5544 2685 5611 accedunt,
2713 5552 2765 5599 et
2794 5544 2972 5615 justis
3005 5544 3252 5600 invicem
3285 5546 3573 5605 distincte
3601 5550 3782 5608 inter-

369 5630 782 5708 φιλάνθρωπον.
814 5634 892 5687 Τὰ
920 5628 967 5687 δ’
1016 5631 1103 5688 ἐπὶ
1152 5632 1368 5693 τούτοις
1427 5630 1858 5688 ἀποσαλεύονται
1913 5637 2022 5687 τῶν

2143 5633 2298 5690 vallis
2327 5632 2385 5687 id
2418 5631 2677 5704 spatium
2708 5636 3017 5705 occupant,
3050 5635 3203 5706 quod
3240 5635 3311 5691 ad
3343 5636 3632 5711 Evergetm
3651 5657 3775 5697 mo-

366 5719 543 5798 ᾑόνων
581 5740 649 5778 τα
704 5719 928 5798 μέγιστα
981 5725 1090 5779 τῶν
1144 5719 1456 5779 ἀντιπάλων
1508 5725 1748 5798 σκαφῶν,
1804 5721 1889 5797 ἐφ’
1946 5723 2018 5779 ὧν

2143 5721 2385 5780 naslerio
2415 5721 2487 5778 ad
2551 5723 2840 5780 amussim
2890 5721 2963 5780 ad
2993 5722 3449 5784 Blanchernium
3489 5726 3775 5800 palatium
