4074 6404
316 385 432 448 981

1636 389 1945 451 ΝΙΟΕΤιΕ
1988 390 2416 454 ΟΗΟΝΙΑΤΔΕ

3619 407 3751 471 952

314 523 670 596 extenditur,
694 524 965 582 incendio
985 523 1312 582 desolatum
1337 531 1693 598 aspectuque
1726 528 1941 583 fcedum

2084 527 2139 580 αἱ
2179 525 2449 599 κλίμακες
2483 528 2762 605 εὐτρεπεῖς
2813 532 2903 590 καὶ
2961 535 3062 591 ὃσα
3096 540 3204 593 τῶν
3280 535 3524 615 ὀργάνων
3599 542 3740 613 πρὸξ»

313 618 438 683 Quo
465 616 590 674 viso
639 622 845 687 Ducas,
882 625 943 671 ut
992 618 1154 687 paria
1208 635 1339 673 cum
1398 618 1673 673 hostibus
1731 619 1964 685 faceret,

312 708 439 775 ipse
486 698 721 777 quoque
773 706 1155 777 imperatoria
1213 709 1465 762 tentoria
1522 709 1580 762 in
1634 707 1861 763 tumulo
1893 708 1967 763 ad

311 798 683 866 Pantepoptas
744 796 1160 851 monasterium
1212 796 1309 869 figi
1335 798 1554 867 jussit;
1588 797 1741 852 unde
1772 802 1827 852 et
1858 797 1962 851 ho-

310 885 485 938 stium
518 900 715 950 naves,
748 891 807 938 et
839 885 1121 957 quidquid
1149 894 1408 957 agerent,
1432 886 1690 958 conspici
1717 891 1960 958 poterat.

307 972 380 1029 Ut
429 986 625 1030 autem
680 991 836 1030 nona
920 974 1043 1030 dies
1086 975 1301 1045 Aprilis
1356 976 1570 1042 illuxit,
1645 978 1964 1032 indictione

306 1063 555 1135 septima
587 1064 726 1119 anni
778 1064 943 1131 6712,
989 1082 1163 1121 naves
1197 1066 1267 1120 ad
1296 1069 1511 1122 moenia
1554 1067 1916 1123 contendunt
1948 1084 1961 1132 ;

306 1156 365 1208 et
403 1154 644 1224 quidam
683 1154 937 1209 audaces
969 1154 1211 1222 milites,
1245 1155 1422 1211 scalis
1453 1157 1812 1227 conscensis,
1846 1157 1965 1213 tela

310 1242 460 1299 158
501 1242 694 1297 omnis
725 1243 957 1314 generis
1000 1244 1058 1299 in
1111 1261 1211 1300 eos
1234 1245 1583 1315 jaculantur
1611 1247 1712 1317 qui
1747 1249 1963 1304 moenia

304 1331 715 1389 defendebant.
760 1335 841 1389 Ac
871 1348 937 1388 eo
970 1337 1088 1388 toto
1120 1334 1213 1389 die
1247 1336 1459 1391 acriter
1490 1342 1812 1409 pugnatum
1848 1343 1959 1405 est,

299 1424 536 1480 victoria
572 1428 768 1481 tamen
800 1425 873 1480 ad
905 1425 1202 1482 Romanos
1258 1426 1613 1496 inclinante;
1648 1444 1785 1483 nam
1830 1444 1960 1485 sca-

300 1510 495 1584 ligeraa
554 1517 611 1568 et
642 1515 945 1583 equestres
998 1530 1173 1569 naves
1205 1531 1265 1569 re
1298 1514 1511 1570 infecta
1543 1520 1683 1570 sunt
1712 1516 1786 1570 ab
1817 1517 1961 1572 urbe

295 1601 564 1673 repulsas,
616 1601 1033 1663 et.tormentis
1092 1618 1303 1671 magna
1338 1603 1591 1658 hostium
1641 1603 1955 1659 multitudo

293 1690 594 1747 occubuit.
629 1688 923 1744 Postridie
951 1694 1011 1745 et
1059 1690 1325 1760 sequenti
1360 1691 1452 1745 die
1473 1690 1777 1746 Dominico
1801 1692 1957 1760 quie-

296 1782 511 1832 verunt
554 1777 773 1833 hostes.
827 1777 968 1833 Inde
998 1778 1217 1849 Aprilis
1265 1779 1632 1845 duodecima,
1694 1782 1955 1835 secunda

2072 619 2446 694 τειχομαχίαν
2478 623 2810 695 ἡτοίμασται
2854 625 2941 680 καὶ
3008 627 3082 688 ὡς
3146 625 3236 682 ἐπὶ
3295 633 3460 704 ζυγοῦ
3491 631 3744 687 κατατεί-

2072 726 2238 761 ναντα
2296 706 2386 763 ἐπὶ
2455 711 2555 779 τήν
2614 713 2751 787 πρὸς
2809 713 2876 769 τὰ
2931 714 3097 791 τείχη
3161 713 3550 790 μεταϐαίνουσι
3595 718 3744 776 πλά-

2073 815 2286 871 στιγγα,
2318 796 2411 851 καὶ
2451 794 2768 873 διειλήφασι
2805 803 2898 857 τὸν
2954 808 3175 879 χῶρον,
3227 804 3281 867 ἐς
3340 806 3404 861 τὸ
3470 807 3735 883 ἀποχρῶν

2073 881 2339 972 ἀλλήλων
2381 883 2721 961 διιστάμενα,
2753 890 2812 953 ὅς
2844 890 2903 945 ἐκ
2948 899 3049 962 τῆς
3081 898 3178 949 τοῦ
3232 895 3533 972 Εὐεργέτου
3567 881 3739 970 μονῆς

2073 970 2126 1034 ἐς
2150 973 2217 1027 τὰ
2247 974 2298 1028 ἐν
2344 973 2698 1051 Βλαχέρναις
2729 978 3007 1057 ἀνάκτορα
3056 970 3395 1058 γραμμικῶς
3446 984 3744 1060 ἐκμηκίζε-

2069 1079 2181 1133 ται,
2215 1062 2693 1141 ἐμπεπῦρισμένος
2733 1068 2807 1125 ὢν
2864 1071 2954 1126 καὶ
3013 1071 3414 1147 ὁινεσκαμμένος
3464 1076 3531 1131 τὰ
3580 1075 3735 1134 ’ἐνδον

2074 1150 2335 1209 οἰκόπεδα
2381 1155 2473 1210 καὶ
2548 1159 2749 1224 παντὸς
2810 1159 3157 1236 ἐψιλωμένος
3224 1161 3386 1234 ἡδέος
3445 1164 3738 1241 θεάματος.

2069 1244 2242 1314 Ὅπερ
2278 1240 2406 1300 ἰδὼν
2457 1248 2485 1301 ὁ
2519 1249 2750 1320 Δούκας,
2815 1249 2956 1324 δρῶν
3015 1254 3106 1308 καὶ
3166 1254 3326 1317 αὐτὸς
3382 1259 3497 1318 τοῖς
3566 1256 3736 1313 πολε-

2076 1330 2227 1404 μίοις
2256 1333 2528 1403 ἀντίθετα,
2567 1343 2668 1407 τήν
2740 1339 3016 1414 βασίλειον
3056 1342 3288 1399 αὐλαίαν
3339 1347 3735 1422 προσετετάχει

2071 1416 2389 1489 διαταθῆναι
2421 1426 2557 1478 κατὰ
2597 1427 2689 1481 τὸν
2765 1426 2818 1481 ἐν
2872 1432 2941 1501 τῇ
3012 1436 3154 1504 μονῇ
3187 1437 3284 1487 τοῦ
3340 1435 3732 1490 Παντεπόπτου

2066 1505 2340 1579 κολωνὸν,
2381 1509 2502 1573 ὅθεν
2534 1512 2670 1579 ἦσαν
2713 1515 2902 1586 ὁραταί
2964 1518 3058 1588 μὲν
3092 1520 3147 1572 αἱ
3195 1527 3322 1587 νῆες
3386 1522 3441 1576 αἱ
3490 1520 3729 1593 πολεμι-

2067 1597 2307 1667 στήριοι,
2340 1607 2621 1675 καταφανῆ
2654 1598 2711 1656 δὲ
2748 1602 2839 1656 καὶ
2908 1603 2974 1659 τά
3003 1608 3131 1681 παρ’
3163 1608 3343 1662 αὐτῶν
3384 1606 3437 1663 ἐν
3502 1608 3727 1674 ταύταις

2065 1679 2347 1756 δρώμενα.
2379 1686 2469 1747 Ὡς
2511 1683 2558 1741 δ’
2582 1688 2887 1765 ἐπέφωσκεν
2920 1695 2955 1761 ἡ
3012 1679 3171 1765 ἐνάτη
3231 1700 3330 1751 τοῦ
3390 1696 3728 1769 Ἀπριλλίου

2067 1773 2244 1861 μηνὸς
2282 1780 2387 1844 τῆς
2428 1772 2675 1850 ἑϐδόμης
2712 1777 3053 1844 ίνδικτιῶνος
3084 1789 3182 1838 τοῦ
3251 1783 3727 1861 ἐξακισχιλιοστοῦ

300 1865 394 1921 die
429 1871 603 1918 sexta;
667 1863 1053 1919 hebdomadis
1077 1866 1453 1936 jejuniorum,
1515 1884 1716 1923 rursus
1748 1868 1949 1923 urbem

2066 1859 2494 1918 ἓπτακοσιοστοῦ
2527 1861 2839 1922 δωδεκάτου
2907 1868 3081 1939 ἔτους,
3133 1872 3201 1926 τὰ
3262 1874 3356 1944 μὲν
3423 1859 3595 1928 πλοῖα
3633 1874 3727 1930 καὶ

299 1954 529 2023 petunt.
553 1958 635 2007 Ac
667 1968 759 2008 res
789 1958 991 2009 nostra
1032 1970 1218 2026 usque
1248 1955 1321 2011 ad
1353 1956 1655 2012 meridiem
1685 1958 1954 2029 superior

310 2040 440 2108 fuit,
469 2047 523 2095 et
576 2057 773 2113 pugna
804 2041 1052 2098 atrocior
1093 2059 1267 2115 quam
1328 2046 1752 2101 nudiustertius
1790 2063 1953 2101 com-

314 2128 514 2185 missa.
557 2131 665 2184 Sed
698 2146 830 2185 cum
882 2131 1150 2188 omnium
1183 2134 1414 2187 urbium
1451 2134 1702 2189 dominae
1732 2135 1955 2191 civitati

311 2218 608 2275 servitutis
631 2222 840 2291 jugum
866 2222 1238 2278 subeundum
1273 2228 1447 2290 esset,
1481 2228 1538 2279 et
1568 2225 1839 2280 maxillas
1862 2242 1956 2280 no-

309 2312 464 2364 stras
489 2309 650 2363 freno
672 2317 720 2363 et
738 2325 905 2365 camo
919 2311 1399 2384 constringendas
1416 2314 1746 2368 censuisset
1775 2315 1952 2381 Deus,

309 2398 463 2470 quod
493 2413 696 2454 omnes
727 2399 1253 2466 declinaveramus,
1289 2404 1558 2457 sacerdos
1583 2403 1760 2458 simul
1783 2411 1957 2477 etpo-

306 2485 506 2557 pulus,
539 2489 604 2541 ut
631 2502 814 2558 equus
846 2489 1084 2545 effrenis
1114 2495 1172 2545 et
1202 2495 1535 2557 contumax,
1562 2492 1678 2548 duo
1719 2495 1826 2548 viri
1859 2511 1954 2550 sa-

302 2573 425 2630 lute
448 2592 556 2632 sua
597 2577 841 2632 fortuna;
875 2579 1187 2649 permissa,
1220 2594 1287 2634 ex
1328 2579 1501 2636 scalis
1533 2599 1661 2653 quae
1695 2584 1956 2653 proxime

305 2662 563 2719 Patrium
587 2665 869 2721 adversus
899 2667 1302 2738 imperatorem
1336 2668 1395 2724 in
1429 2685 1601 2739 Opere
1630 2676 1813 2740 erant,
1839 2689 1958 2743 prae

301 2753 524 2809 cmteris
554 2756 729 2811 sociis
760 2756 819 2810 in
845 2757 1050 2811 turrim
1077 2757 1435 2813 desiliuntet
1454 2763 1780 2815 Romanum
1804 2778 1954 2834 pras-

300 2841 519 2897 sidium
554 2843 891 2899 deturbant.
927 2844 1147 2901 Deinde
1170 2846 1393 2917 agitata
1424 2864 1621 2916 manu,
1648 2850 1803 2921 quod
1835 2851 1957 2905 ala-

306 2930 532 2985 critatis
562 2936 621 2986 et
650 2931 881 2987 ﬁduciae
930 2933 1167 3005 signum
1215 2935 1368 2990 754
1417 2941 1595 3001 esset,
1644 2937 1954 3008 populares

304 3035 441 3074 suos
471 3020 841 3078 conﬁrmant.
894 3023 1101 3078 Eodem
1138 3038 1374 3093 quoque
1401 3029 1680 3096 tempore,
1713 3027 1953 3097 quidam

303 3124 481 3179 eques
530 3111 769 3167 nomine
794 3110 1019 3181 Petrus,
1045 3128 1148 3181 per
1178 3116 1407 3181 portam
1442 3113 1659 3169 ibidem
1694 3116 1953 3187 ingredi-

305 3198 423 3262 tur,
455 3194 556 3264 qui
588 3200 742 3251 totas
776 3193 1096 3265 phalanges
1145 3197 1348 3266 fugare
1380 3213 1551 3268 posse
1590 3205 1950 3270 censeretur,

304 3260 589 3355 gigantem
644 3260 1067 3355 propemodum
1098 3260 1359 3352 staturae,
1380 3260 1684 3343 cassidem
1730 3260 1953 3345 turritae
1984 3260 2028 3323 Ο

303 3371 471 3426 urbis
517 3370 704 3426 instar
732 3371 923 3442 capite
980 3376 1215 3445 gestans
1251 3389 1265 3439 ;
1297 3375 1471 3444 cujus
1513 3376 1689 3432 unius
1738 3378 1953 3451 equitis

301 3461 464 3514 torvo
512 3459 673 3515 vultu
739 3465 798 3514 et
879 3461 1185 3531 spectabili
1230 3464 1594 3533 proceritate,
1645 3467 1954 3538 stipatores

300 3546 676 3619 imperatorii,
737 3548 1006 3605 homines
1067 3550 1314 3621 nobiles,
1366 3558 1422 3609 et
1481 3555 1740 3626 reliquus
1796 3574 1953 3613 exer-

300 3636 454 3694 citus
508 3654 623 3693 non
682 3638 953 3706 toletaro,
995 3647 1337 3697 consuetam
1394 3642 1590 3715 fugam
1650 3649 1949 3719 egregium

297 3725 509 3783 salutis
567 3728 903 3799 praesidium
936 3729 1305 3800 ’judicarunt,
1335 3735 1503 3804 quasi
1555 3734 1614 3790 in
1650 3752 1825 3792 unum
1858 3739 1952 3794 de-

295 3831 568 3888 generem
620 3818 882 3873 animum
940 3819 1179 3874 conﬂati
1236 3825 1438 3875 essent
1467 3838 1670 3880 omnes
1703 3843 1716 3893 ;
1752 3843 1819 3881 ac
1859 3828 1951 3883 de-

292 3904 465 3960 sertis
497 3905 925 3963 munitionibus
948 3907 1107 3978 (nam
1143 3910 1200 3962 in
1225 3909 1396 3963 editis
1418 3910 1664 3968 tumulis
1695 3915 1942 3988 stabant)

295 3993 520 4050 milleni
580 3995 657 4050 ab
690 4012 805 4050 uno
836 3996 1209 4067 fugabantur,
1252 4002 1310 4053 et
1343 4014 1445 4068 per
1494 4017 1731 4058 auream
1782 4014 1949 4062 terre-

295 4086 475 4138 strem
510 4083 675 4139 urbis
708 4087 925 4154 portam
961 4085 1203 4154 egressi,
1237 4100 1303 4140 ac
1336 4102 1522 4156 nuper
1547 4094 1770 4146 structo
1812 4110 1948 4164 pro-

297 4172 627 4244 pugnaculo
651 4173 990 4245 diruto,quo
1012 4189 1307 4244 quemque
1331 4180 1520 4232 metus
1544 4177 1679 4233 tulit
1702 4181 1945 4252 (utinam

297 4275 430 4315 vero
470 4262 531 4315 in
562 4262 905 4317 barathrum
940 4267 997 4317 et
1026 4263 1486 4320 internecionem
1521 4266 1872 4327 incidissent
1907 4272 1946 4345 ι)

298 4350 629 4421 diﬂ'ugiunt.
662 4353 814 4407 Tum
846 4351 1062 4418 hostes,
1086 4353 1392 4409 resistente
1424 4360 1679 4427 nemine,
1722 4363 1943 4431 passim

297 4439 659 4512 discurrunt,
690 4451 741 4498 et
764 4442 986 4513 gladios
1019 4441 1079 4497 in
1111 4457 1344 4498 omnem
1376 4450 1604 4503 aetatem
1654 4456 1712 4505 et
1740 4468 1941 4509 sexum

296 4529 610 4601 stringunt,
644 4548 758 4587 non
818 4536 1161 4588 conservata
1209 4532 1352 4601 acie,
1412 4552 1525 4591 non
1579 4538 1806 4611 integra
1854 4559 1943 4599 co-

291 4617 474 4686 horte,
508 4621 608 4676 sed
659 4622 908 4692 sparsim
940 4623 1135 4679 diti'usi
1165 4625 1229 4677 ut
1272 4626 1396 4695 jam
1431 4627 1705 4683 omnibus
1737 4630 1936 4685 formi-

293 4707 510 4733 A..L:I.._
566 4709 800 4733 17----_:
833 4711 902 4733 ἐξ-
940 4728 1025 4733 ---Α
1098 4731 1107 4733 _
1140 4716 1155 4733 ι
1213 4716 1252 4733 Λ
1294 4718 1303 4727 ο
1393 4723 1402 4733 .
1554 4724 1562 4733 ι
1671 4720 1684 4733 ς
1783 4725 1791 4733 .
1849 4721 1860 4732 ο

2059 4617 2494 4733 ἴλας-φάλαγγας
2544 4617 2813 4713 κΛονῆσαι
2834 4617 2841 4619 ἡ
2863 4617 3179 4722 κρινόμενος
3207 4617 3565 4733 ἱκανώτατος,

292 4707 532 4765 debiles.
566 4709 802 4778 Vesperi
833 4711 906 4768 iis
934 4728 1058 4784 quae
1088 4716 1159 4770 ad
1211 4716 1505 4773 Orientem
1552 4720 1799 4775 tendunt
1845 4721 1936 4775 in-

288 4797 479 4853 censis
495 4801 674 4871 (quod
700 4799 1036 4858 incendium
1068 4805 1140 4859 ab
1172 4805 1457 4878 Evergetae
1483 4809 1838 4864 monasterio
1869 4826 1935 4865 ea

285 4901 413 4957 quae
458 4889 527 4942 ad
562 4905 716 4945 mare
763 4891 1052 4948 inclinant
1094 4912 1281 4967 usque
1339 4899 1484 4955 755
1520 4899 1588 4953 ad
1626 4899 1931 4969 Drungarii

282 4977 430 5031 aedes
473 4978 826 5054 absumpsit)
870 4984 1086 5038 reversi
1135 4986 1204 5039 ad
1248 4989 1607 5058 Pantepopta:
1645 4994 1933 5045 monaste-

282 5066 431 5119 rium
465 5074 651 5122 castra
682 5069 896 5138 locant,
956 5072 1329 5143 imperatoris
1386 5076 1635 5132 tentorio
1685 5079 1933 5149 spoliato

282 5159 340 5209 et
369 5154 714 5213 Blachernio
772 5160 982 5231 palatio
1014 5163 1161 5220 citra
1215 5167 1517 5238 negotium
1566 5168 1757 5238 primo
1817 5170 1930 5224 im-

2065 1950 2116 2002 οἱ
2148 1948 2433 2024 δρόμωνες
2484 1959 2601 2017 τοῖς
2656 1956 2862 2030 τείχεσι
2917 1960 3382 2032 προσπελάζουσι,
3435 1961 3728 2037 θαρσαλέοι

2061 2037 2118 2094 δὲ
2146 2062 2289 2104 τινες
2317 2045 2704 2119 πολεμήτορες
2740 2044 2988 2103 ἐπανίασι
3035 2050 3132 2112 τάς
3191 2050 3488 2125 κλίμακας,
3545 2054 3613 2108 τὰ
3669 2051 3728 2116 δὶ

2064 2128 2201 2201 βέλη
2262 2138 2494 2186 παντοῖα
2552 2136 2687 2189 κατά
2741 2140 2847 2191 τῶν
2910 2136 2963 2192 ἐν
3012 2144 3129 2201 τοῖς
3182 2141 3417 2217 πύργοις
3475 2142 3729 2219 ἠφίεντο.

2060 2216 2239 2288 Ὂλην
2274 2219 2370 2291 μὲν
2412 2221 2503 2275 οὖν
2539 2221 2750 2292 ἐκείνην
2783 2226 2886 2295 τὴν
2947 2229 3158 2302 ἡμέραν
3224 2216 3381 2304 μάχη
3432 2216 3735 2302 ἐνειστήκει

2063 2306 2372 2378 στονόεσσα,
2424 2310 2491 2379 ἦν
2540 2308 2597 2365 δέ
2653 2334 2773 2374 πως
2825 2314 2894 2369 τὰ
2951 2316 3243 2390 Ῥωμαίων
3289 2317 3727 2396 ἐπικρατέστερω

2063 2396 2118 2449 αἳ
2149 2416 2208 2451 τε
2262 2397 2365 2472 γὰρ
2434 2398 2842 2481 κλιμακοφόροι
2883 2411 3006 2474 νῆες
3053 2405 3145 2461 σὺν
3203 2413 3323 2470 τοῖς
3382 2410 3735 2487 ἱππαγωγοῖς

2065 2482 2345 2559 δρόμωσιν
2386 2487 2652 2563 ἄπρακτοι
2677 2497 2786 2547 τῶν
2842 2499 3045 2570 τειχῶν
3105 2496 3576 2571 ἀπεκρούσθησαν,
3641 2516 3741 2571 καὶ

2062 2575 2128 2629 τὰ
2192 2580 2300 2630 τῶν
2368 2576 2537 2641 λίθων
2600 2579 2659 2635 ἐκ
2704 2588 2805 2651 τῆς
2860 2583 3079 2647 πόλεως
3121 2586 3388 2664 ἀφετήρια
3444 2586 3742 2653 πλείστους

2063 2663 2225 2727 ὅσους
2256 2671 2364 2721 τῶν
2398 2667 2687 2744 πολεμίων
2742 2668 3073 2749 διέφθειραν.
3133 2663 3600 2752 ’Ᾱνοχευσάμενοι
3671 2677 3735 2736 δὲ

2063 2764 2115 2816 οῖ
2155 2762 2419 2837 πολέμιοι
2457 2769 2559 2837 τὴν
2601 2769 2953 2841 μετ’ἑκείνην
2987 2771 3196 2847 ἡμέραν
3249 2775 3336 2830 καὶ
3392 2779 3493 2846 τὴν
3530 2776 3720 2858 ἐφεξῆς

2061 2853 2436 2925 κυριώνυμον,
2495 2859 2567 2929 τῇ
2632 2860 2885 2932 ὑστεραῖᾳ
2941 2860 3107 2916 πάλιν
3187 2867 3256 2937 τῇ
3335 2864 3498 2921 πόλει
3553 2888 3725 2944 προσ-

2060 2939 2295 3030 πλεουσι
2327 2944 2416 2997 καὶ
2449 2951 2567 3006 ταῖς
2596 2944 2723 3019 ᾐόσι
2775 2948 3196 3024 προσίσχουσιν,
3257 2955 3343 3026 [Ρ.
3399 2957 3525 3030 366]
3598 2939 3726 3026 ἦτις

2059 3029 2127 3097 ἦν
2155 3026 2569 3120 δωδεκάτηῂμὲν
2588 3038 2683 3120 τοῦ
2740 3035 3074 3111 Ἀπριλλίου
3135 3042 3328 3113 μηνὸς,
3381 3026 3603 3120 δευτέρα
3670 3044 3729 3102 δὲ

2060 3123 2163 3207 τῆς
2197 3114 2360 3188 ἕκτης
2391 3115 2698 3193 ἑϐδομάδος
2759 3130 2868 3180 τῶν
2923 3133 3208 3198 νηστειῶν.
3265 3132 3416 3207 Μὲσῃ
3467 3114 3563 3207 μὲν
3633 3136 3727 3191 οὖν

2059 3206 2360 3296 ἧμέρᾳᾼκαὶ
2406 3210 2703 3286 κατίσχυον
2743 3214 2812 3267 τὰ
2868 3216 3130 3291 ἡμέτερα,
3191 3220 3282 3275 καὶ
3322 3223 3357 3291 ἡ
3396 3206 3564 3296 ἀκμή
3627 3229 3726 3280 τοῦ

2060 3298 2236 3389 κακοῦ·
2261 3294 2704 3389 ἰσχυροτέραΑτις
2734 3304 2800 3371 ἦν
2828 3303 2917 3358 καὶ
2959 3302 3256 3383 δριμυτέρα
3286 3317 3386 3380 τῆς
3432 3294 3723 3389 πρότριτα·

2059 3380 2247 3454 ἐπειδή
2312 3382 2370 3439 δὲ
2426 3383 2533 3441 ἔδει
2590 3386 2839 3445 δούλειον
2890 3394 3048 3467 ζυγὸν
3117 3380 3380 3453 ὓποδῦναι
3456 3380 3725 3469 τῆν’τῶν

2059 3468 2275 3524 πόλεων
2305 3470 2526 3527 ἀπασῶν
2560 3472 2857 3550 ἄρχουσαν,
2909 3478 2962 3534 ἐν
3021 3486 3189 3554 κημῷ
3243 3504 3302 3539 τε
3356 3486 3447 3540 καὶ
3506 3468 3727 3561 χαλινῷ

2056 3558 2152 3617 τὰς
2194 3561 2445 3635 σιαγόνας
2475 3563 2636 3634 ἡμῶν
2682 3563 2839 3642 ἄγξαι
2897 3568 3028 3630 Θεὸς
3087 3567 3423 3644 ἐδικαίωσεν,
3492 3575 3575 3630 ’ὁτι
3630 3576 3723 3632 καὶ

2057 3647 2254 3709 πάντες
2294 3648 2609 3723 ἐξέστημεν,
2642 3654 2816 3728 ἱερεὺς
2847 3657 2990 3728 ὁμοῦ
3050 3658 3139 3713 καὶ
3191 3659 3343 3732 λαὸς,
3404 3662 3481 3728 ὠς
3548 3662 3721 3728 ἵππος

2057 3739 2371 3812 θρασαύχην
2426 3761 2484 3794 τε
2548 3741 2639 3796 καὶ
2698 3740 3059 3823 δυσχάλινος,
3124 3750 3186 3803 ἐκ
3240 3754 3350 3806 τῶν
3425 3751 3718 3826 κλιμάκων

2063 3831 2211 3918 μιᾶς,
2273 3828 2396 3918 ἥτις
2438 3828 2678 3906 ἄγχιστα
2736 3834 2803 3903 ἦν
2858 3840 2966 3891 τῶν
3010 3839 3252 3913 Πετρίων
3293 3842 3384 3896 καὶ
3445 3843 3719 3918 βασιλέως

2059 3910 2232 3970 ἔναντι
2291 3915 2617 3989 διεπονεῖτο,
2686 3921 2872 3998 ἄνδρες
2930 3922 3026 3981 δύο
3083 3910 3455 4003 παραδόντες·
3493 3933 3720 3999 ἑαυτοὺς

2052 4017 2121 4087 τῇ
2166 4014 2311 4089 τύχῃ
2373 4021 2586 4091 πρῶτοι
2650 4024 2749 4074 τοῦ
2809 4021 3085 4097 ἑταιρικοῦ
3144 4025 3197 4088 ἐς
3253 4029 3345 4083 τὸν
3402 4032 3522 4084 κατ’
3585 4027 3713 4106 ὄψιν

2052 4103 2259 4178 πύργον
2296 4102 2679 4178 καταπηδῶσι,
2732 4110 2824 4164 καὶ
2864 4108 3184 4171 διασοῦοὖσι
3226 4116 3290 4172 τὸ
3348 4117 3522 4176 ἐκεῖσε
3576 4122 3717 4176 Ῥω-

2057 4191 2238 4265 μαίοις
2271 4191 2576 4273 φυλακικὸν
2619 4202 2999 4278 συμμαχικὸν,
3048 4202 3109 4258 ἐκ
3167 4203 3224 4261 δὲ
3273 4208 3470 4265 τούτου
3508 4206 3717 4267 διασεί-

2054 4302 2241 4372 σαντες
2271 4283 2563 4372 τὴνχεῖρα
2629 4283 2831 4343 ἀνωθεν
2884 4291 3005 4346 οἷον
3055 4288 3339 4366 σύμϐολον
3388 4305 3564 4372 χαρᾶς
3624 4302 3718 4358 καὶ

2053 4371 2284 4443 θάρσους
2312 4371 2439 4435 τοὺς
2493 4373 2728 4450 φυλέτας
2760 4376 3095 4454 ἐπὲρῤωσαν.
3151 4384 3238 4455 Ἐξ
3296 4371 3425 4441 ἴσου
3484 4386 3543 4444 δὲ
3594 4397 3716 4455 τοῖς

2049 4458 2126 4521 εἰς
2166 4460 2258 4515 τὸν
2302 4461 2507 4537 πύργον
2555 4461 2855 4538 ἀλαμένοις
2912 4470 3002 4523 καί
3060 4490 3143 4533 τις
3203 4470 3265 4527 ἐκ
3315 4481 3416 4544 τῆς
3475 4478 3715 4545 ἱππάδος

2052 4548 2255 4623 Πὲτρος
2286 4548 2530 4625 τοῦνομα
2589 4550 2678 4608 διὰ
2743 4562 2845 4625 τῆς
2898 4556 3082 4630 πύλης
3144 4559 3333 4618 εἷ’σεισι
3381 4572 3483 4636 τῆς
3517 4568 3710 4643 ἐκεῖσε,

3618 4661 3708 4717 καὶ

2043 4726 2140 4792 τὴν
2179 4723 2495 4800 ἀναδρομὴν
2523 4733 2619 4784 τοῦ
2652 4731 2909 4804 σώματος
2952 4735 3029 4799 ὡς
3084 4736 3245 4813 γίγας
3307 4749 3510 4816 μικροῦ
3548 4723 3705 4823 ’προ-

2043 4815 2369 4908 φαινόμενος
2452 4816 2790 4895 ἐννεόργυιος
2867 4826 3009 4897 (54),
3101 4828 3188 4882 καὶ
3265 4815 3429 4887 αὐτὸν
3502 4831 3559 4890 δὲ

2042 4903 2196 4958 κάσιν
2230 4908 2340 4977 (5.3)
2396 4911 2496 4972 τῆς
2550 4908 2793 4988 κεφαλῆς
2854 4909 3303 4991 διεσκευασμένον
3360 4916 3505 4998 ἔχων
3568 4903 3700 4980 κατὰ

2041 4992 2207 5049 πόλιν
2265 4995 2623 5070 πυργόεσσαν.
2680 4998 2823 5056 Οὐδὲ
2889 5003 3121 5079 κόρυθος
3204 4992 3692 5084 τοίνυν-μέτωπον

2042 5081 2158 5144 ἑνὸς
2245 5081 2439 5159 ἀνδρὸς
2500 5088 2795 5161 ἱππαστοῦ,
2865 5093 3321 5166 καταπληκτικοῦ
3391 5081 3461 5155 τὸ.
3530 5097 3692 5171 εἶδος,

2040 5172 2354 5244 ἀξιοθεάτου
2385 5175 2447 5229 τὸ
2483 5174 2709 5253 μέγεθος
2740 5180 2793 5233 οἱ
2842 5182 2967 5255 περί
3023 5184 3115 5240 τὸν
3152 5186 3375 5261 βασιλέα
3427 5193 3505 5260 τῷ
3555 5189 3696 5263 γὲνει

1620 5320 1813 5389 Hier.
1848 5323 2107 5394 Wolﬁi
2140 5331 2356 5398 notae.

353 5502 997 5587 (64)]Ἶίγαςένέοργυιος
1050 5511 1484 5587 Iugeribusque
1530 5533 1731 5574 novem
1762 5537 1924 5577 sum-

287 5579 394 5633 mis
425 5577 680 5632 distabat
710 5577 781 5631 ab
813 5577 950 5636 imo.

357 5648 466 5720 (55)
500 5645 606 5732 fieri.
661 5646 901 5732 αύτδηδὶ
946 5653 1045 5732 τὴν
1103 5654 1258 5732 κρίσιν
1299 5656 1496 5732 Talem
1546 5661 1774 5732 galeam
1819 5663 1922 5717 Ba-

284 5718 441 5777 siJete
488 5718 637 5791 vidi,
656 5721 929 5793 qualibus
966 5718 1106 5783 olim
1135 5726 1195 5785 in
1224 5718 1713 5792 concursionibus
1744 5748 1917 5806 eque-

2040 5524 2259 5617 stribus
2285 5527 2635 5617 Germanica
2663 5534 2944 5617 nobilitas
2965 5554 3077 5595 usa
3106 5548 3219 5617 est,
3239 5545 3391 5617 tanti
3414 5547 3702 5617 ponderis

2037 5597 2219 5651 armis
2259 5598 2678 5680 ci-rcumsepta,
2712 5611 2779 5664 ut
2808 5624 2969 5665 nunc
2988 5627 3022 5667 δ,
3051 5597 3391 5671 ωυιὶῖείνῖί

2032 5684 2202 5736 posse
2234 5670 2562 5732 videantur;
