4074 6442
339 425 456 489 953

1442 423 1774 487 ALEXIUS
1820 419 2077 486 DUCAS
2120 419 2634 484 MURZUFLUS.

3643 430 3760 490 984

336 562 602 636 ἐπίσημοι
661 565 752 619 καὶ
809 564 869 617 τὸ
923 559 1117 617 λοιπὸν
1189 561 1497 637 στράτευμα
1561 555 1800 614 κατιδεῖν
1856 556 1985 630 ἐνεγ-

2113 560 2246 627 pctu
2273 559 2462 626 capto.
2493 558 2562 610 At
2583 555 2895 625 imperator
2926 555 2982 610 in
3018 555 3165 612 alios
3197 559 3371 630 atque
3417 559 3560 616 alios
3592 561 3755 616 urbis

341 655 526 716 κόντες
586 655 784 728 ἀγαθὸν
841 656 938 707 τοῦ
998 653 1267 720 σώζεσθαι
1339 650 1622 726 φάρμακον
1677 649 1777 717 τὴν
1838 643 1998 701 ἐθάδα

342 743 520 820 φυγὴν
602 739 989 818 ὑπειλήφασιν,
1050 737 1234 810 ὥσπερ
1306 737 1380 800 εἰς
1444 737 1570 812 μίαν
1647 733 1995 799 ένεθισθέντες

343 831 432 886 xui
491 830 834 891 συντακέντες
904 829 1093 904 ἀγεννῆ
1177 829 1384 906 ψυχὴν,
1447 827 1563 881 ὅθεν
1649 825 1723 886 εἷς
1788 822 1995 879 δειλίαν

341 925 450 975 τῶν
485 921 870 996 ὀχυρωμάτων
902 919 1086 980 αὐτοῖς
1134 918 1460 990 τεθειμένων
1521 914 1631 986 (ἐπὶ
1689 916 1794 990 γὰρ
1825 911 1996 990 γηλό-

343 1030 460 1085 φων
493 1009 690 1083 ὀρθίων
717 1008 962 1081 ἳσταντο)
988 1009 1126 1062 κατά
1159 1004 1381 1082 χιλίους
1415 1006 1501 1083 ὑφ’
1533 1006 1649 1066 ένὸς
1680 1000 1994 1073 ἐδιώκοντο,

341 1098 432 1152 καὶ
460 1103 578 1161 ταῖς
609 1099 867 1172 χρυσέαις
921 1098 1206 1172 χερσαίαις
1263 1094 1464 1156 πύλαις
1519 1097 1628 1166 (56)
1685 1090 1998 1154 ἐπιστάντες

336 1193 437 1256 τῆς
495 1186 713 1250 πόλεως
763 1187 827 1242 τὸ
885 1184 1188 1260 νεόδμητον
1273 1183 1445 1239 ἐκεῖσε
1499 1183 1816 1238 κατασπῶσι
1890 1185 1997 1236 τῶν

336 1274 566 1330 πολλῶν
625 1276 1002 1353 ἐπιτείχισμα,
1060 1274 1147 1330 καὶ
1214 1273 1472 1349 τρέχουσί
1527 1294 1586 1328 τε
1641 1271 1730 1326 καὶ
1791 1268 1994 1325 διασκί-

335 1362 576 1432 δνανται,
606 1367 680 1428 ὡς
723 1362 920 1444 ὄφελόν
953 1385 1017 1439 γε
1061 1366 1160 1434 τήν
1217 1363 1272 1426 ἐς
1333 1363 1606 1438 βάραθρον
1665 1361 1753 1416 καὶ
1812 1360 1996 1414 πανώ-

2109 645 2452 716 angiportus
2484 646 2817 699 discurrens
2850 646 3121 700 studebat
3144 646 3242 702 ille
3272 649 3506 718 quidem
3539 655 3754 706 temere

2107 738 2478 790 aberrantem
2516 733 2800 806 populum
2833 733 3101 800 colligere
3160 743 3215 790 et
3253 739 3618 806 centuriare;
3653 742 3753 796 sed

2111 825 2146 877 ii
2183 840 2371 896 neque
2431 824 2670 878 monitis
2727 824 2858 894 ejus
2893 823 3296 896 movebantur,
3332 844 3434 883 nec
3484 828 3760 902 increpa-

2107 915 2295 968 tiones
2325 914 2610 968 curabant
2637 914 2872 967 turbine
2931 913 3358 984 desperationis
3394 934 3599 974 omnes
3657 937 3759 990 op-

2111 1004 2319 1077 pressi.
2357 1003 2420 1057 Et
2454 1011 2514 1057 ut
2545 1018 2612 1056 ea
2643 1019 2770 1073 qum
2805 1007 3031 1057 restant
3063 1005 3399 1074 adjungam,
3433 1007 3555 1064 dies
3586 1009 3757 1064 incli-

2110 1093 2287 1161 navit,
2323 1109 2430 1148 nox
2462 1093 2764 1162 processit,
2796 1101 2844 1147 et
2910 1092 3070 1147 urbis
3129 1092 3489 1151 habitatores
3548 1115 3752 1154 omnes

2105 1181 2531 1238 transferendis
2563 1190 2617 1237 et
2650 1183 3014 1242 defodiendis
3048 1190 3172 1246 suis
3234 1186 3444 1256 Opibus
3501 1204 3754 1258 occupa-

2110 1272 2342 1327 bantur.
2379 1271 2556 1326 Erant
2585 1271 2757 1328 etiam
2785 1275 2882 1344 qui
2915 1293 2981 1331 ex
3015 1279 3157 1333 urbe
3189 1277 3400 1332 vellent
3433 1278 3749 1343 discedere,

2110 1378 2222 1432 qua
2251 1362 2507 1432 quisque
2540 1369 2733 1429 posset
2765 1365 2991 1421 ratione
3023 1367 3276 1422 salutem
3311 1367 3631 1438 quaesituri.

338 1453 487 1509 λειαν
527 1451 898 1528 βαδιούμενοι.
934 1455 1000 1511 Oi
1032 1451 1090 1508 δὲ
1109 1450 1375 1526 πολέμιοι
1409 1449 1642 1524 μηδενὸς
1673 1449 1750 1510 είς
1782 1454 1976 1527 χεῖρας
1997 1447 2174 1512 ἰόντας
2205 1445 2476 1503 διαθέουσι
2509 1447 2801 1524 πολλαχῆ,
2822 1452 2911 1506 καὶ
2943 1453 3008 1508 τὸ.
3038 1455 3166 1533 ξίφη
3192 1459 3366 1509 σπῶσι
3398 1452 3756 1522 καθ’-ἡλικίας

335 1542 516 1612 πάσης
575 1542 664 1596 καὶ
722 1544 914 1617 γένους
978 1543 1198 1607 παντὸς,
1269 1540 1376 1614 ούχ
1427 1541 1508 1601 εἷς
1563 1537 1641 1593 ἐνὶ
1695 1536 2031 1611 συνημμένοι
2085 1536 2175 1591 καὶ
2224 1538 2360 1591 κατᾶ
2415 1537 2658 1606 σύνταξιν
2698 1537 2927 1604 πλείους
2965 1539 3356 1617 ἀλληλουχού·
3404 1563 3575 1614 μενοι,
3607 1540 3756 1596 ἀλλά

343 1628 736 1706 διακεχυμένοι
767 1628 1032 1704 σποράδες
1075 1630 1149 1692 ὡς
1184 1627 1293 1699 ἤδη
1328 1629 1472 1704 παρά
1523 1633 1684 1682 πᾶσιν
1745 1621 2173 1682 ἐπιωοϐώτατοι.
2239 1626 2502 1701 Ἐσπέρας
2535 1625 2591 1682 δὲ
2642 1626 2972 1702 παραδόντες
3005 1633 3134 1706 πυρὶ
3165 1633 3232 1686 τὰ
3269 1633 3405 1706 πρὸς
3434 1629 3508 1686 ἕω
3555 1631 3644 1685 καὶ
3675 1626 3754 1686 ἔτι

339 1719 528 1794 πρόσω
564 1719 756 1794 μικρὸν
787 1726 885 1788 τῆς
917 1722 1016 1774 τοῦ
1057 1718 1363 1793 Εὐεργέτου
1389 1723 1582 1790 μονῆς,
1616 1715 1645 1770 ὅ
1673 1716 1766 1770 καὶ
1805 1716 2210 1788 κατενεμήσατο
2240 1715 2308 1768 τα
2337 1717 2472 1789 πρὸς
2505 1715 2778 1780 θάλασσαν
2811 1717 3015 1782 ἐκεῖθεν
3045 1719 3305 1788 ἐπικλινῆ
3329 1721 3419 1775 καὶ
3454 1720 3621 1794 μέχρι
3644 1724 3752 1774 τῶν

346 1810 713 1885 Δρουγγαρίου
789 1808 1171 1884 καταλήγοντα
1231 1807 1369 1883 μέρη
1418 1813 1520 1876 τῆς
1574 1804 1814 1874 πόλεως,
1873 1803 2266 1860 ἐπαναλύουσιν
2322 1805 2498 1874 αὖθις,
2566 1806 2656 1860 καὶ
2716 1807 2838 1880 περὶ
2877 1809 2975 1876 τὴν
3035 1811 3204 1881 μονὴν
3235 1814 3332 1864 τοῦ
3364 1809 3749 1866 ΙΙαντεπόπτου

344 1901 676 1975 στρατήγιον
713 1896 1002 1974 βάλλουσι,
1035 1900 1134 1968 τήν
1170 1897 1447 1972 βασίλειον
1471 1895 1855 1956 ἐσκυλευκότες
1894 1896 2100 1964 σκηνὴν
2133 1894 2221 1948 καὶ
2271 1894 2448 1950 αὐτῶν
2477 1900 2583 1950 τῶν
2645 1894 2697 1950 ἐν
2731 1896 3074 1972 Βλαχέρναις
3119 1899 3357 1974 ἀρχείων
3387 1899 3750 1973 ἀπραγμόνως

333 2007 392 2042 τε
421 1989 510 2042 καὶ
542 1987 591 2058 ἐξ
620 1985 818 2065 ἐσρὸδου
856 1987 1272 2063 κεκρατηκότες.
1306 1989 1367 2044 Ὀ
1399 1985 1456 2041 δέ
1492 1984 1748 2062 βασιλεὺς
1777 1981 1910 2059 τῇδε
1933 1985 2150 2038 κάκεῖσε
2169 1988 2275 2039 τῶν
2307 1991 2408 2054 τῆς
2454 1983 2670 2047 πόλεως
2719 1989 2944 2062 περιιὼν
3010 1993 3298 2043 στενωπῶν
3358 1986 3628 2062 ἐπεχείρει
3659 1989 3755 2061 μὲν

337 2081 584 2147 συνιστᾷν
613 2077 703 2131 καὶ
746 2075 1051 2153 διακροτεῖν
1084 2077 1220 2150 πρὸς
1264 2075 1512 2145 σύνταξιν
1552 2075 1642 2129 τὸν
1679 2073 1796 2140 εἶ’κῆ
1824 2077 2224 2152 περιφοιτῶντα
2254 2069 2408 2127 λαόν·
2435 2073 2488 2128 οἱ
2516 2071 2564 2127 δ’
2595 2073 2704 2128 οὔτ’
2750 2073 3024 2131 ἐπείθοντό
3085 2076 3134 2129 oi
3169 2075 3595 2149 ἐπιρῥωννύοντι
3639 2075 3755 2130 οὔθ’

343 2169 618 2237 ὑπήκουον
651 2167 1066 2239 ἐπιπλήττοντι,
1101 2166 1228 2222 ἀλλ’
1251 2166 1614 2242 ἀπογνώσεως
1644 2169 1804 2220 πᾶσιν
1834 2163 1980 2238 αἰγὶς
2048 2163 2408 2219 έπεσέσειστο.
2464 2163 2566 2220 Καὶ
2617 2163 2710 2220 ’ἶνα
2764 2170 2843 2237 τῷ
2883 2164 3036 2240 λόγῳ
3085 2161 3408 2241 προϐϐἀσω
3436 2166 3498 2219 τὸ
3531 2165 3752 2232 λοιπὸν,

331 2256 582 2314 κέκλικεν
608 2262 642 2328 ἡ
676 2260 856 2334 ἡμέρα
877 2259 966 2314 καὶ
999 2262 1033 2329 ἡ
1066 2258 1157 2329 νὺξ
1189 2259 1504 2331 προῦκοπτε
1531 2257 1622 2312 καὶ
1665 2260 1773 2310 τῶν
1837 2255 1930 2327 μὲν
1992 2256 2074 2327 [Ρ.
2132 2256 2259 2327 367]
2316 2253 2641 2311 ἆστυπόλων
2692 2256 2919 2318 Γἕκαστος
2950 2257 3189 2313 ἐνεπόνει
3223 2262 3292 2331 τῇ
3329 2259 3606 2330 μεταθέσει
3661 2243 3758 2312 καΞ

334 2352 646 2423 καταχώσει
667 2353 774 2403 τῶν
800 2349 1019 2418 οὐσιῶν,
1043 2352 1176 2418 ἦσαν
1209 2345 1257 2403 δ’
1285 2351 1368 2412 οἷς
1397 2346 1649 2423 ᾑρέτιστο
1674 2346 1765 2400 xui
1797 2347 1832 2414 ἡ
1865 2343 1923 2398 ἐκ
1952 2350 2052 2413 τῆς
2083 2342 2300 2406 πόλεως
2334 2342 2586 2421 ἅπαρσις,
2617 2346 2707 2400 καὶ
2742 2347 2817 2408 ὡς
2848 2347 3094 2409 ἑκάστοις
3124 2346 3443 2421 προύχώρει
3485 2347 3749 2415 σώζεσθαι

334 2437 650 2511 ἠπείγοντο.

411 2526 474 2600 γ’.
511 2524 659 2582 Ἰδὼν
690 2525 1135 2588 τοίνυνὸΔούκας
1166 2526 1242 2590 ὡς
1273 2523 1424 2580 οὒδέν
1455 2523 1774 2602 ὠφελεῖ,καὶ
1803 2519 1985 2582 δεδιὼς

2177 2525 2230 2579 3.
2263 2524 2454 2581 Ducas
2488 2525 2661 2596 igitur
2710 2543 2840 2582 eum
2877 2543 2939 2582 se
2973 2527 3117 2583 nihil
3169 2528 3448 2599 proﬁcere
3503 2525 3748 2594 videret,

343 2615 456 2689 ἃμα
489 2617 564 2687 μῆ
600 2614 944 2692 συλληφθείη
981 2616 1072 2671 καὶ
1106 2616 1182 2678 ὡς
1211 2614 1344 2688 ὄψον
1399 2611 1435 2682 ἤ
1466 2614 1822 2688 ἓπιτράγημα
1875 2612 1998 2675 ταῖς

339 2706 560 2779 γνάθοις
616 2709 724 2759 τῶν
783 2704 1028 2759 Λατίνων
1079 2703 1447 2780 προκείσεται,
1507 2702 1724 2758 εἲσεισιν
1766 2701 1995 2776 ἀρχεῖον

337 2796 397 2850 τὸ
461 2795 735 2868 μέγιστον.
792 2796 899 2849 Καὶ
959 2792 1024 2863 δή
1084 2795 1186 2863 τῆν
1251 2792 1569 2870 βασίλισσαν
1644 2790 1994 2869 Εὐφροσύνην

334 2886 436 2953 τὴν
467 2889 568 2939 τοῦ
604 2884 872 2960 βασιλέως
903 2883 1151 2954 Ἀλεξίου
1211 2888 1441 2959 γυναῖκα
1493 2881 1584 2936 καὶ
1637 2881 1737 2950 τὴν
1797 2879 1998 2951 ταύτης

336 2974 600 3051 θυγατέρα
629 2972 894 3030 Εύδοκίαν
930 2969 1220 3047 λεμϐαδίῳ
1252 2973 1566 3046 ἐνθέμενος,
1599 2972 1666 3040 ἧς
1709 2975 1788 3044 τῷ
1831 2967 1994 3044 ἔρωτι

335 3061 785 3139 προκατείληπτο
815 3061 1248 3136 πολυομίλητος
1307 3061 1366 3117 ἐκ
1420 3062 1648 3134 πρώτης
1677 3058 1872 3134 τριχὸς
1903 3060 1995 3114 καὶ

337 3152 606 3229 ῥυηιρενῆς
637 3150 714 3213 είς
771 3149 956 3215 κοίτας
1017 3148 1364 3224 δεικνύμενος
1419 3148 1509 3204 καὶ
1557 3145 1652 3203 δύο
1683 3145 1994 3224 κουριδίους

334 3240 577 3319 ἀλόχους
636 3242 781 3314 παρά
839 3237 994 3310 δίκην
1071 3240 1560 3314 ἀποπεμψάμενος,
1617 3245 1720 3308 τῆς
1775 3235 1994 3299 πόλεως

329 3327 509 3401 ἔξεισι,
573 3328 898 3403 βασιλεύσας
966 3332 1139 3402 μῆνας
1200 3327 1295 3384 δύο
1352 3331 1443 3384 καὶ
1501 3325 1712 3402 ἡμέρας
1771 3321 1821 3400 ἕξ
1854 3327 1989 3401 πρὸς

332 3420 450 3476 ταῖς
482 3412 627 3474 δέκα,
660 3419 770 3473 Τοῦ
801 3413 859 3470 δὲ
918 3414 1193 3490 βασιλέως
1253 3415 1396 3470 οὕτω
1451 3414 1990 3487 μεταναστεύσαντος,

333 3508 556 3558 νεανιῶν
589 3505 818 3579 ξυνωρὶς
839 3503 1124 3580 νηφαλίων
1179 3524 1238 3558 τε
1291 3504 1382 3558 xui
1441 3502 1674 3579 ἀρίστων
1731 3505 1800 3575 τῇ
1853 3505 1991 3556 κατὰ

328 3593 579 3666 πόλεμον
613 3592 882 3664 δεξιότητι
931 3593 984 3664 (ὁ
1044 3591 1250 3654 Δούκας
1308 3593 1462 3648 οὗτοι
1509 3591 1600 3645 καὶ
1634 3591 1662 3644 ὁ
1694 3591 1985 3665 Λάσκαρις,

329 3682 536 3758 ἀμφοῖν
569 3680 614 3736 δ’
646 3685 680 3750 ἡ
714 3681 913 3751 κλῆσις
971 3681 1266 3755 ὁμώνυμος
1317 3685 1397 3753 τῷ
1453 3680 1687 3756 ἀρχηγῷ
1742 3686 1841 3748 τῆς
1896 3677 1990 3733 πί-

329 3791 497 3831 στεως
540 3771 779 3846 βασιλεῖ)
847 3771 922 3832 ὡς
981 3771 1106 3846 περῖ
1157 3771 1291 3841 νηὸς
1341 3769 1752 3849 χειμαζομένης
1799 3765 1986 3844 διαφέ-

329 3881 512 3935 ρονται
545 3867 644 3929 τῆς
675 3860 879 3937 ἀρχῆς,
911 3861 1090 3936 τύχης
1143 3855 1429 3935 βράϐευμα
1485 3859 1575 3914 καὶ
1624 3863 1798 3936 φορᾶς
1853 3857 1987 3912 ἀΑο-

324 3951 513 4027 γίστου
566 3949 838 4026 πέττευμα
885 3952 948 4006 τὸ
1009 3949 1260 4026 μέγιστον
1321 3952 1466 4024 ὁμοῦ
1515 3950 1606 4004 καὶ
1655 3948 1982 4023 περίπυστον

329 4048 528 4114 χρῆμα
564 4042 665 4108 τήν
720 4047 827 4096 τῶν
885 4040 1180 4114 Ῥωμαίων
1231 4039 1511 4115 βασιλείαν
1568 4041 1802 4115 ὁρῶντες
1848 4058 1984 4112 προ-

327 4130 599 4203 κείμενον.
662 4131 1020 4200 Εἰστήκιισαν
1078 4128 1171 4184 οὖν
1228 4130 1568 4205 ἀμφήριστοι
1646 4129 1736 4183 τὸν
1818 4125 1982 4203 μέγαν

329 4219 587 4280 εἰσιόντες
618 4220 770 4288 νεὼν,
803 4217 1194 4292 ἀμιλλώμενοί
1224 4239 1283 4274 τε
1341 4216 1616 4288 ἀλλήλοις
1665 4219 1752 4272 xui
1808 4236 1981 4290 παρα-

329 4301 692 4378 ϐαλλόμενοι,
732 4307 822 4362 καὶ
858 4305 1026 4380 μηδὲν
1055 4305 1223 4362 πλέον
1245 4307 1281 4375 ἤ
1309 4303 1533 4362 ἔλαττον
1563 4301 1808 4380 ἔχοντες,
1836 4304 1984 4360 ἀλλὰ

328 4399 428 4461 τῆς
463 4394 586 4466 ἴσης
619 4396 793 4471 ῥοπῆς
825 4397 1158 4469 ἀξιούμενοι,
1191 4395 1276 4450 ὅτι
1311 4395 1441 4469 μηδ’
1471 4399 1535 4466 ἦν
1579 4397 1606 4450 ὁ
1666 4394 1914 4472 ἐλέγχων
1943 4394 1978 4463 ἢ

325 4485 414 4539 xui
446 4483 736 4560 ἐπικρίνων
780 4487 1049 4560 ἑκάτερον.
1094 4488 1191 4542 Ἐκ
1247 4483 1304 4541 δὲ
1359 4483 1572 4560 κλήρου
1619 4484 1680 4539 τὸ
1711 4488 1981 4559 πρωτεῖον

325 4575 570 4651 εἰληφὼς
603 4576 630 4630 ὁ
663 4577 933 4651 Λάσκαρις
964 4575 1031 4630 τὰ
1063 4575 1157 4650 μὲν
1215 4582 1315 4646 τῆς
1361 4573 1638 4650 βασιλείας
1695 4573 1756 4629 ού
1809 4593 1982 4649 προσ-

331 4666 439 4720 ίετο
490 4661 767 4740 σύμϐολα,
827 4665 1074 4736 συνεξιὼν
1133 4663 1189 4721 δὲ
1238 4671 1317 4738 τῷ
1369 4665 1685 4741 πατριάρχῃ
1725 4665 1863 4720 κατὰ
1917 4665 1981 4719 τὸ

326 4754 530 4814 Μίλὶον
563 4755 662 4811 ούκ
708 4755 842 4811 ἀνίει
899 4760 1169 4830 παραινῶν
1227 4761 1344 4818 τοῖς
1402 4759 1642 4810 συνιοῦσι
1698 4755 1788 4810 καὶ
1845 4757 1979 4832 σφᾶς

327 4845 699 4901 ὑποθωπεύων
734 4847 809 4907 εἷς
843 4845 1234 4920 ἀντιμάχησιν.
1268 4843 1443 4903 Ἀλλᾶ
1472 4846 1562 4900 καὶ
1591 4843 1717 4907 τοὺς
1739 4845 1977 4906 σείοντας

320 4935 371 5007 ἐξ
403 4932 572 5009 ὤμων
601 4937 668 4990 τὰ
690 4936 880 5010 ἀρεῖκά
911 4931 1136 5007 σιδήρια
1156 4935 1209 4998 ἐς
1264 4935 1356 4990 τὸν
1407 4935 1766 5011 προκείμενον
1800 4935 1978 5011 ἀγῶνα

319 5027 551 5101 πέμπων
637 5025 936 5101 ἐπώτρυνε,
1029 5027 1106 5098 μή
1167 5032 1368 5102 χρῆναι
1427 5027 1605 5101 λέγων
1680 5026 1974 5098 Ῥωμαίων

321 5111 545 5172 ἔλαττον
569 5115 805 5178 ἐκείνους
835 5116 900 5170 τὸ
930 5113 1259 5172 διολωλέναι
1289 5113 1542 5186 δεδιέναι,
1575 5116 1623 5171 εἲ
1653 5118 1790 5192 πρὸς
1822 5117 1976 5193 γένος

323 5203 571 5278 ἕτεροντά
626 5207 917 5282 Ῥωμαίων
991 5203 1592 5281 ἀνακυμϐαλισθήσεται
1655 5209 1970 5284 πράγματα·

327 5292 450 5348 ούδὶ
513 5298 617 5371 γὰρ
662 5299 1129 5375 μισθοφρήσουσιν
1197 5297 1360 5354 εἰσέτι
1413 5295 1617 5374 ἀδρῶς,
1668 5295 1792 5354 οὐδὲ
1845 5299 1974 5374 γέρα

2108 2615 2399 2686 simulque
2455 2617 2686 2672 timeret
2736 2634 2806 2672 ne
2865 2626 3070 2689 captus
3131 2623 3400 2689 paratum
3445 2617 3752 2686 opsonium

2109 2703 2359 2759 maxillis
2391 2705 2729 2761 Latinorum
2763 2711 2935 2777 esset,
2983 2707 3306 2762 maximum
3342 2705 3622 2778 palatium
3655 2707 3753 2761 in-

2105 2792 2386 2864 greditur,
2435 2799 2492 2850 et
2549 2793 2931 2867 Euphrosyna
2976 2795 3332 2863 imperatoris
3381 2794 3567 2850 Alexii
3613 2811 3753 2850 con-

2097 2883 2236 2952 juge
2263 2890 2317 2938 et
2347 2885 2472 2954 ejus
2501 2884 2624 2939 ﬁlia
2655 2885 2924 2953 Eudocia,
2975 2885 3146 2956 cujus
3205 2900 3402 2941 amore
3450 2885 3755 2940 tenebatur

2104 2973 2244 3042 (erat
2271 2973 2425 3029 enim
2459 2973 2636 3029 homo
2666 2992 2697 3029 a
2728 2975 3025 3044 pubertate
3082 2975 3437 3031 libidinosus
3485 2980 3542 3031 et
3571 2973 3748 3044 salax,

2103 3067 2159 3117 et
2188 3062 2331 3120 duas
2355 3063 2701 3133 juvenculas
2751 3079 2950 3120 uxores
2999 3081 3097 3136 per
3142 3063 3415 3136 injuriam
3475 3064 3751 3134 repudia-

2103 3152 2230 3223 rat),
2265 3151 2457 3208 lembo
2497 3151 2812 3224 impositis,
2847 3153 2992 3209 urbe
3049 3154 3360 3226 egreditur,
3412 3169 3543 3208 cum
3599 3154 3745 3209 duos

2103 3256 2335 3296 menses
2392 3249 2447 3296 et
2498 3241 2648 3298 756
2681 3241 2806 3298 dies
2862 3241 3151 3298 sexdecim
3207 3242 3575 3313 imperasset.
3611 3242 3750 3298 Post

2101 3330 2228 3400 ejus
2251 3331 2571 3386 discessum
2612 3332 2724 3388 duo
2747 3332 2989 3401 juvenes
3026 3333 3444 3388 modestissimi
3503 3337 3560 3388 et
3588 3331 3750 3388 belli-

2100 3421 2412 3490 cosissimi,
2450 3422 2632 3478 Ducas
2671 3427 2729 3478 et
2762 3421 3049 3490 Lascaris,
3085 3429 3326 3495 uterque
3384 3423 3745 3494 Theodorus,

2099 3511 2170 3566 de
2199 3512 2439 3582 imperio
2492 3521 2764 3585 tanquam
2826 3515 2896 3571 de
2930 3531 3070 3570 nave
3130 3514 3567 3586 tempestatibus
3606 3531 3744 3571 con-

2097 3601 2355 3656 ﬂihtante
2414 3607 2656 3667 certant,
2713 3619 2838 3659 cum
2897 3604 3212 3660 maximam
3274 3609 3331 3659 et
3385 3603 3740 3661 celebratam

2096 3687 2257 3744 illam
2291 3705 2414 3745 rem
2446 3692 2765 3747 Romanum
2836 3693 3142 3765 imperium
3205 3694 3439 3750 fortunae
3489 3692 3741 3750 ludibrio

2095 3785 2150 3833 et
2206 3779 2407 3834 incerti
2460 3795 2626 3836 casus
2668 3783 2978 3838 temeritati
3037 3783 3401 3856 propositum
3459 3782 3736 3838 viderent.

2095 3868 2413 3924 Maximum
2447 3870 2621 3941 igitur
2651 3870 2932 3941 templum
2966 3873 3210 3942 ingressi
3258 3873 3410 3928 inter
3441 3889 3566 3928 sese
3597 3889 3742 3928 con-

2093 3958 2428 4029 tendebant,
2495 3976 2598 4015 nec
2655 3966 2776 4014 erat
2826 3962 2926 4030 qui
2974 3962 3031 4017 in
3093 3962 3522 4032 comparatione
3574 3960 3742 4018 alteri

2095 4050 2570 4120 praaponderaret,
2599 4049 2878 4106 ambobus
2934 4052 3091 4106 velut
3123 4052 3183 4108 in
3226 4051 3548 4122 zequilibrio
3596 4067 3736 4108 con-

2095 4138 2336 4194 stitutis.
2373 4138 2566 4209 Neque
2592 4139 2746 4195 enim
2780 4148 2898 4196 erat
2931 4141 3024 4210 qui
3057 4156 3362 4197 censuram
3425 4145 3524 4194 aut
3574 4140 3739 4211 judi-

2094 4226 2249 4282 cium
2299 4227 2536 4283 faceret.
2581 4228 2841 4285 Lascaris
2901 4237 3088 4286 tamen
3135 4247 3169 4284 a
3228 4229 3384 4285 clero
3445 4228 3735 4300 praelatus,

2091 4315 2420 4387 insignibus
2470 4316 2696 4386 imperii
2747 4318 3082 4390 repudiatis,
3118 4335 3248 4374 cum
3307 4319 3632 4389 patriarcha
3672 4319 3734 4374 in

2093 4405 2318 4460 Milium
2350 4421 2613 4474 egressus
2644 4408 3034 4464 conﬂuentem
3074 4407 3351 4479 papulum
3385 4408 3732 4464 blandiendo

2088 4502 2142 4549 et
2173 4495 2422 4562 rogando
2444 4495 2514 4550 ad
2548 4497 2930 4552 resistendum
2987 4498 3274 4554 cohortari
3336 4515 3449 4553 non
3485 4497 3730 4554 desiste-

2093 4584 2207 4652 bat,
2242 4588 2298 4640 et
2349 4584 2631 4642 satellites
2700 4588 2766 4642 ad
2826 4604 3076 4658 pugnam
3137 4587 3486 4644 concitabat.
3536 4589 3734 4658 Neque

2089 4675 2242 4731 enim
2271 4675 2506 4732 exitium
2534 4675 2726 4733 minus
2757 4678 2839 4734 eis
2866 4679 3189 4735 timendum
3215 4696 3344 4734 esse
3391 4695 3559 4748 quam
3620 4679 3732 4734 Ro-

2089 4765 2302 4832 manis,
2326 4765 2370 4819 si
2402 4765 2701 4835 imperium
2736 4769 2802 4822 ad
2835 4769 3002 4824 aliam
3064 4770 3352 4824 nationem
3403 4766 3730 4823 devolvere-

2087 4860 2225 4921 tur;
2286 4869 2474 4927 neque
2530 4856 2722 4926 ampla
2777 4857 3067 4928 stipendia
3123 4873 3307 4928 neque
3367 4856 3732 4926 imperatoris

2085 4946 2332 5016 stipendi
2365 4945 2642 5002 honorem
2701 4951 3050 5016 retenturos,
3084 4948 3184 5003 sed
3249 4947 3733 5002 rnercenariorum

2085 5036 2335 5091 militum
2383 5035 2509 5092 loco
2568 5036 2811 5092 futuros.
2845 5037 3061 5100 Quibus
3122 5035 3312 5092 verbis
3371 5052 3500 5090 cum
3565 5051 3732 5091 nece

2085 5126 2296 5195 populo
2325 5125 2626 5197 quisquam
2664 5134 3006 5193 moveretur,
3061 5143 3163 5182 nec
3223 5125 3569 5196 bipenniferi
3619 5125 3732 5182 nisi

2083 5213 2372 5284 stipendio
2404 5213 2690 5284 promisso
2721 5215 3001 5270 auxilium
3064 5217 3487 5284 promitterent,
3518 5231 3733 5287 urgens

2005 5283 2051 5347 D
2084 5283 2223 5356 illud
2256 5283 2578 5373 perieulum
2637 5301 2844 5359 callide
2885 5283 3286 5372 nunuinaturi,
3337 5303 3508 5360 etiam
3567 5283 3728 5360 cata-

1691 5459 1861 5521 Hier.
1895 5459 2108 5520 Wolfii
2138 5465 2324 5521 notae.

379 5581 492 5656 (A5_6)
548 5581 677 5638 Ταῖς
722 5577 990 5656 ’χρυσέαις
1048 5579 1330 5656 χερσαίαις
1376 5580 1960 5656 ’πύλαιςηῐλθειιηῐιιῐι

311 5653 551 5728 quidem
583 5650 741 5728 apud
765 5650 1288 5728 Ζοηοιζοώχρυσαῖ
1316 5653 1511 5728 πύλαι,
1546 5654 1650 5711 sed
1679 5650 1774 5711 hic
1804 5655 1964 5712 haud

310 5722 431 5783 s'cio
463 5740 539 5782 an
558 5723 620 5778 τὸ
652 5722 882 5796 χρυσέαι
907 5722 1187 5786 ιώιωάὸι.
1219 5729 1290 5786 Et
1326 5722 1502 5801 paulo
1533 5731 1668 5801 post
1714 5745 1824 5804 pro
1853 5730 1964 5782 τῶν

2078 5581 2304 5638 πολλῶν
2368 5583 2669 5656 legendum
2704 5585 2921 5641 videtur
2976 5583 3192 5654 πυλῶν,
3229 5603 3344 5643 non
3405 5587 3581 5658 vulgi,
3618 5589 3720 5646 sed

2077 5665 2251 5729 portas
2277 5658 2794 5727 propugnaculum.
