4074 6390
322 370 441 435 955

1645 378 1960 441 ΝΙΟΕΤιΕ
2001 375 2434 438 ΟΗΟΝΙΑΤΔΞ

3638 384 3762 451 958

331 510 589 583 phraote
667 512 815 569 151
852 513 1185 571 Latinorum
1270 516 1533 573 cohortes
1593 518 1981 589 apparerent,

2102 509 2425 585 περιώνυμα
2478 516 2581 580 τῆς
2664 506 2937 585 βασιλέων
3019 510 3271 593 φυλακῆς
3346 514 3758 594 ἀπολήψονται,

327 604 463 659 inde
492 603 745 659 discedit
773 610 833 660 et
866 606 993 675 fuga
1024 608 1270 663 salutem
1302 607 1529 680 quierit.

2085 598 2215 657 ἀλλ’
2238 597 2291 655 έν
2317 596 2443 674 αἴσῃ
2482 600 2658 675 Καρὸς
2690 601 3027 670 τετάξονται.
3085 604 3190 661 Καὶ
3242 607 3269 662 ὁ
3306 608 3401 679 μὲν
3433 608 3572 681 πρὸς
3625 610 3760 664 τού-

333 707 452 749 τοις
484 687 572 756 ἦν·
609 689 683 750 ὡς
723 686 770 744 δ’
802 689 926 745 οὕτε
953 695 1050 745 τοῦ
1074 690 1185 747 λεώ
1212 713 1298 755 τις
1318 693 1428 748 τῶν
1458 696 1652 770 φωνῶν
1693 688 2070 768 ἔπεστρέφετο,
2097 687 2186 741 γαὶ
2229 685 2360 741 αὐτὸ
2390 684 2446 742 δὲ
2501 687 2562 743 τὸ
2619 687 2993 765 πελεκυφόρον
3032 690 3121 746 ἐπὶ
3155 697 3335 766 μισθῷ
3364 695 3467 763 τήν
3500 694 3754 772 σύναρσιν

339 775 739 851 ἐπηγγέλλετο,
773 781 1043 855 ἐμπορίας
1073 782 1262 857 καιρὸν
1304 782 1561 845 ὑπούλως
1590 780 1680 838 καὶ
1718 779 2033 841 ὲπικλόπως
2088 778 2189 847 τὴν
2238 777 2418 850 ἆκμὴν
2476 782 2572 832 τοῦ
2611 774 2861 835 κινδύνου
2892 782 3199 855 τιθέμενον,
3229 781 3338 856 ἤδη
3386 782 3442 839 δὲ
3472 786 3559 841 καὶ
3581 788 3754 843 κατά-

332 885 562 943 φρακτοι
597 870 883 924 Λατινικαί
918 871 1319 949 προύφαίνοντο
1351 873 1651 950 φάλαγγες,
1684 872 1883 926 ἐκεῖθεν
1920 867 2232 943 μεθίσταται
2263 866 2354 921 καὶ
2385 868 2450 922 τὸ
2480 870 2719 938 σωθῆναι
2749 875 2896 950 φυγῇ
2929 868 3253 943 διατίθησιν.

398 968 450 1024 ll.
484 968 682 1025 Hostes
714 985 841 1027 vero
872 987 1007 1027 cum
1043 981 1248 1044 praeter
1301 973 1792 1047 exspectationem
1824 988 1985 1028 arma

326 1062 527 1114 contra
560 1059 704 1116 ferre
763 1062 1082 1130 nemiuem,
1120 1065 1413 1121 neminem
1474 1064 1741 1121 resistere
1783 1078 1981 1118 cerne-

325 1154 478 1215 rent,
512 1150 711 1206 omnia
741 1149 915 1222 plana
945 1160 999 1208 et
1031 1154 1320 1223 expedita,
1348 1154 1691 1227 angiportus
1735 1152 1982 1226 pervios,

325 1238 495 1292 trivia
516 1245 734 1309 aperta,
768 1257 803 1296 a
835 1241 985 1297 bello
1018 1243 1410 1309 securitatem,
1444 1242 1514 1299 ab
1574 1242 1840 1298 hostibus
1869 1242 1982 1298 uti-

327 1325 549 1382 litatem
584 1344 727 1400 esse,
765 1330 995 1387 fortuna
1023 1334 1272 1403 quadam
1318 1334 1565 1404 propitia
1596 1337 1655 1390 et
1683 1333 1978 1403 adjutrice,

324 1416 601 1473 omnibus
624 1434 759 1475 cum
783 1420 1050 1477 crucibus
1081 1425 1138 1476 et
1158 1423 1339 1478 sacris
1361 1422 1579 1478 Christi
1604 1420 1979 1493 imaginibus,

320 1510 381 1559 ut
431 1505 488 1559 in
520 1506 747 1577 pompis
804 1515 862 1563 et
920 1509 1329 1565 festivitatibus
1384 1509 1563 1566 moris
1616 1517 1724 1573 est,
1755 1508 1980 1563 obviam

329 1597 778 1667 prodeuntibus,
812 1597 959 1653 nihil
992 1616 1058 1655 eo
1088 1611 1399 1670 conspectu
1452 1598 1712 1655 habitum
1762 1598 1982 1653 animo-

327 1699 459 1739 rum
493 1686 894 1752 immutarunt,
920 1703 1101 1757 neque
1131 1689 1452 1744 arriserunt
1483 1686 1812 1760 paululum,
1875 1701 1980 1742 nec

324 1772 623 1843 insperato
655 1772 753 1828 illo
783 1776 1110 1844 spectaculo
1154 1776 1337 1831 tristis
1388 1781 1442 1833 et
1493 1776 1737 1832 furiosus
1779 1791 1979 1831 eorum

330 1861 588 1932 impetus
615 1862 910 1932 mitigatus
936 1872 1044 1930 est,
1076 1867 1392 1935 quominus
1451 1883 1566 1922 non
1597 1870 1819 1921 tantum
1870 1866 1983 1935 pri-

324 1958 586 2005 vatorum
620 1952 951 2022 pecuniam,
1001 1972 1030 2009 a
1083 1955 1370 2024 jumentis
1425 1954 1732 2027 auspicati,
1774 1956 1870 2010 sed
1924 1959 1984 2010 et

2164 963 2227 1022 δ’.
2288 967 2355 1025 Οἱ
2406 964 2465 1022 δὲ
2512 965 2775 1042 πολέμιοι
2838 969 3241 1048 μηδένα’παρὰ
3298 972 3453 1048 δόξαν
3515 979 3751 1054 ὁρῶντες

2092 1054 2463 1132 ἴθυραχοῦντα
2510 1057 2545 1127 ἢ
2589 1058 3045 1135 ἀντεγχειροῦντά
3101 1084 3248 1143 σφισι
3310 1067 3401 1121 καὶ
3454 1066 3757 1143 ὁπλιζόμε-

2091 1168 2203 1215 νον,
2236 1146 2364 1203 ἀλλ’
2398 1145 2561 1204 εὔοδα
2589 1149 2654 1204 τὰ
2696 1148 2748 1204 έν
2801 1150 2987 1223 ποσὶν,
3019 1149 3218 1208 εὔκολα
3273 1156 3340 1210 τὰ
3372 1155 3421 1211 ἐν
3455 1158 3638 1232 χερσὶ,
3692 1161 3760 1215 τὰ

2094 1238 2146 1292 έν
2169 1243 2471 1301 στενωποῖς
2512 1234 2837 1311 εύδιάϐατα,
2883 1241 2950 1297 τὰ
3005 1240 3058 1297 έν
3108 1241 3350 1318 τριόδοις
3409 1246 3759 1321 ἀπρόσκοπα,

2091 1324 2200 1379 ἀπὸ
2250 1323 2517 1398 πολέμων
2581 1324 2905 1403 ἀσφάλειαν,
2965 1329 3073 1384 ἀπὸ
3126 1330 3413 1406 πολεμίων
3464 1334 3759 1413 ὠφέλειαν,

2089 1413 2271 1490 τύχης
2302 1414 2449 1477 τινὲς
2474 1416 2826 1489 προαγούσης
2881 1415 3142 1489 εὐμενοῦς
3198 1421 3290 1474 καὶ
3341 1419 3763 1496 συλλαμϐανού-

2092 1523 2193 1572 σης
2278 1504 2483 1563 πάντας
2541 1502 2692 1571 σφίσι
2773 1512 3152 1576 προσυπαντᾷν
3236 1509 3373 1579 μετὰ
3446 1518 3751 1587 σταυρικῶν

2090 1588 2333 1663 σημείων
2377 1590 2466 1644 καὶ
2500 1594 2711 1645 σεπτῶν
2771 1590 3016 1648 ἐκτύπων
3062 1599 3319 1668 Χριστοῦ,
3353 1598 3428 1661 ὡς
3464 1598 3516 1651 ἐν
3575 1620 3753 1671 πανη-

2090 1678 2307 1755 γύρεσιν
2337 1676 2567 1734 εἷ’θισται
2620 1678 2709 1734 καὶ
2766 1686 3038 1753 πομπαῖς,
3079 1683 3141 1738 ού
3168 1685 3305 1760 πρὸς
3335 1687 3433 1755 τὴν
3467 1683 3590 1761 ὄψιν
3639 1694 3751 1744 τῶν

2091 1768 2386 1842 ὁρωμένων
2418 1769 2521 1837 τὴν
2551 1776 2652 1839 τῆς
2711 1773 2897 1844 ψυχῆς
2955 1780 3370 1851 μεταμορφοῦσι
3402 1778 3754 1847 κατάστασιν,

2091 1855 2218 1913 οὐδὲ
2273 1859 2441 1933 μέχρι
2504 1858 2743 1936 χειλέων
2797 1856 3197 1931 ἐπεμειδίασαν,
3258 1861 3386 1918 οὐδὲ
3442 1863 3751 1933 ἡᾶελπτος

2093 1946 2272 2017 έκείνη
2305 1944 2399 2002 θέα
2422 1946 2484 2002 τὸ
2515 1948 2738 2021 στυγνὸν
2764 1948 2855 2003 καὶ
2906 1950 2990 2022 [Ρ.
3049 1953 3175 2024 368]
3211 1950 3477 2024 μανιῶδες
3509 1954 3745 2028 ὅρμημα

334 2037 453 2094 Deo
480 2055 643 2096 sacra
674 2041 1044 2114 impudenter
1075 2045 1417 2116 diriperent,
1447 2045 1662 2102 strictis
1725 2044 1981 2113 ensibus,

2095 2035 2187 2091 καὶ
2214 2033 2443 2111 βλέμμα
2473 2034 2550 2097 εἷς
2583 2034 2766 2092 εῒκόνα
2813 2036 3157 2111 μετέχρωσεν
3213 2038 3566 2112 ἱλαρότητος,
3628 2040 3762 2099 ἀλλ’

332 2144 516 2201 equos
544 2133 615 2186 ad
645 2132 798 2187 tubae
858 2134 1112 2191 sonitum
1144 2135 1384 2191 excitari
1443 2135 1640 2192 solitos
1694 2135 1753 2190 in
1801 2135 1978 2191 armis

331 2228 618 2281 tenentes.
661 2221 811 2286 Quid
867 2239 1003 2279 vero
1055 2224 1263 2294 primo,
1324 2225 1460 2295 quid
1520 2226 1800 2291 secundo,
1851 2225 1985 2295 quid

331 2313 497 2369 tertio
533 2311 656 2369 loco
688 2314 931 2368 referam
966 2313 1131 2369 exiis
1162 2330 1289 2385 quae
1325 2314 1527 2369 nefarii
1582 2314 1674 2370 isti
1704 2314 1814 2369 viri
1859 2330 1983 2384 per-

334 2400 685 2475 petrarunt?
720 2402 835 2457 lleu
869 2402 1316 2473 ignominiosam
1377 2403 1801 2459 adorandarum
1837 2402 1982 2457 ima-

328 2493 526 2565 ginum
552 2491 1079 2547 conculcationem!
1115 2491 1222 2547 heu
1250 2491 1619 2562 reliquiarum
1651 2495 1983 2548 sanctorum

332 2593 651 2654 martyrum
686 2581 743 2636 in
773 2581 921 2637 fmda
979 2582 1102 2638 loca
1152 2582 1581 2653 abjectioneml
1630 2582 1794 2647 Quod
1854 2598 1986 2637 vero

333 2672 419 2726 vel
451 2673 649 2727 auditu
675 2672 1028 2727 horrendum
1078 2676 1183 2739 est,
1216 2673 1273 2728 id
1307 2677 1432 2728 tum
1484 2680 1604 2729 erat
1634 2687 1892 2738 cernere,
1926 2678 1985 2728 ut

337 2761 575 2815 divinus
603 2760 841 2831 sanguis
870 2768 924 2817 et
954 2777 1169 2831 corpus
1199 2760 1409 2818 Christi
1468 2761 1636 2817 humi
1669 2762 1987 2819 effundere-

328 2859 424 2906 tur
454 2854 511 2906 et
542 2850 904 2921 abjiceretur.
941 2849 1045 2915 Qui
1105 2851 1255 2907 758
1314 2857 1504 2908 autem
1565 2850 1841 2922 pretiosas
1890 2867 1983 2907 eo-

327 2956 456 2995 rum
519 2940 788 3010 capsulas
846 2940 1172 3012 rapiebant,
1230 2945 1567 2996 ornamenta
1615 2956 1738 3011 qua
1795 2941 1857 2995 in
1917 2940 1988 2995 iis

326 3029 774 3086 continebantur
803 3030 861 3084 in
893 3029 1086 3085 sinum
1119 3029 1528 3099 congerebant,
1572 3029 1727 3100 ipsas
1757 3028 1985 3084 contra-

325 3127 449 3175 ctas
478 3135 578 3190 pro
610 3118 822 3191 patinis
854 3123 910 3172 et
959 3115 1182 3188 poculis
1214 3118 1591 3189 usurpabant,
1638 3116 1985 3173 Antichristi

332 3223 737 3282 praecursores,
771 3213 826 3262 et
856 3206 1202 3262 nefariarum
1238 3206 1363 3277 ejus
1415 3207 1705 3261 actionum
1767 3222 1888 3276 quas
1921 3206 1980 3260 in

333 3296 765 3367 exspectatione
813 3299 953 3349 sunt
1009 3293 1272 3363 auSpices
1321 3304 1377 3351 et
1425 3294 1756 3365 praenuntii.
1808 3295 1987 3351 Plane

2100 2124 2465 2199 έπρονόμευον
2516 2122 2712 2193 ἀδεῶς,
2772 2126 2833 2181 ἐκ
2886 2131 2996 2182 τῶν
3032 2128 3338 2206 ὀχημάτων
3379 2132 3613 2205 πρώτως
3660 2133 3761 2209 ἀρ-

2099 2214 2343 2288 ξάμενοι,
2376 2215 2439 2269 οὐ
2468 2214 2535 2269 τὰ
2562 2219 2671 2270 τῶν
2699 2213 2927 2270 πολλῶν
2963 2215 3129 2288 μόνον
3156 2220 3444 2294 χρήματα,
3486 2220 3614 2277 ἀλλ’
3644 2219 3757 2294 ¹ἢδη

2099 2304 2289 2359 καὶτὰ
2324 2308 2404 2376 τῷ
2423 2309 2543 2376 Θεῷ
2588 2304 2932 2377 ἀνακείμενα,
2986 2307 3282 2383 ξιφηφόροι
3333 2310 3546 2374 πάντες,
3580 2313 3630 2366 οἱ
3698 2308 3760 2366 δὲ

2095 2393 2187 2448 καὶ
2222 2394 2642 2467 σκεπαστηρίοις
2671 2392 2870 2455 ’ὁπλοις
2917 2393 3046 2457 τοὺς
3099 2397 3235 2469 πρὸς
3274 2397 3551 2474 σάλπιγγα
3609 2399 3758 2475 ἐγει-

2098 2481 2602 2558 ρομένους’ίππους
2670 2484 2871 2540 ἑαυτῶν
2931 2487 3407 2561 περιφράττοντες.
3470 2489 3537 2547 Τί
3596 2487 3643 2545 δ’
3692 2490 3758 2548 ἄν

2094 2577 2335 2646 πρῶτον,
2368 2571 2422 2630 τί
2454 2570 2501 2627 δ’
2530 2570 2738 2637 ἔπειτα,
2782 2572 2835 2627 τί
2866 2570 2913 2627 δ’
2955 2574 3202 2630 ὑστάτιον
3261 2576 3618 2652 καταλέξαιμι
3646 2586 3757 2636 τῶν

2091 2665 2390 2732 τηνικαῦτα
2417 2660 2798 2735 τολμωμένων
2827 2663 2973 2736 παρὰ
3036 2664 3142 2718 τῶν
3195 2663 3554 2739 παλαμναίων
3609 2667 3756 2725 ἒκεί-

2094 2772 2200 2806 νων
2226 2748 2440 2828 ἀνδρῶν
2475 2771 2489 2820 ;
2530 2754 2598 2806 ’Ὠ
2656 2772 2749 2825 μοι
2788 2758 2889 2820 τῆς
2944 2751 3143 2825 ἀτίμου
3197 2759 3307 2809 τῶν
3361 2766 3753 2831 προσκυνητῶν

2097 2839 2320 2896 εἰκόνων
2379 2838 2783 2921 κατεδαφίσεως
2819 2844 2832 2898 l
2875 2836 2949 2896 ὥν
3006 2849 3107 2911 τῆς
3159 2849 3266 2899 τῶν
3329 2846 3598 2920 λειψάνων
3642 2854 3757 2905 τῶν

2097 2932 2229 3005 ὑπὲρ
2281 2932 2518 3006 Χριστοῦ
2567 2932 2857 2995 παθόντων
2936 2936 3053 2989 κατ’
3146 2933 3349 3009 ἐναγῶν
3427 2938 3759 3003 ἀκοντίσεως

2092 3021 2277 3076 τόπων
2314 3022 2325 3076 ι
2359 3020 2423 3074 τὸ
2455 3017 2514 3074 δὲ
2561 3019 2833 3097 φρικῶδες
2865 3022 2956 3077 καὶ
3015 3024 3371 3099 ἀκουόμενον,
3411 3027 3481 3096 ἦν
3512 3028 3640 3103 ὁρᾷν
3696 3029 3764 3085 τὸ

2095 3113 2238 3172 θεῖον
2278 3109 2423 3180 αἷμα
2451 3110 2544 3164 καὶ
2603 3114 2767 3183 σῶμα
2825 3114 3066 3187 Χριστοῦ
3117 3114 3257 3169 κατὰ
3321 3122 3429 3190 γῆς
3489 3120 3760 3192 γεόμενον

2092 3198 2185 3253 καὶ
2218 3197 2568 3274 ῥιπτόμενον.
2619 3199 2687 3256 Οἱ
2738 3198 2797 3255 δὲ
2862 3201 2933 3257 τὰ.
2979 3202 3232 3282 τιμαλφῆ
3296 3202 3493 3281 δοχεῖα
3547 3208 3759 3263 τούτων

2094 3286 2487 3363 διαρπάζοντες
2512 3288 2581 3343 τὰ
2616 3288 2709 3360 μὲν
2771 3287 3051 3365 διέθρανον
3109 3292 3200 3347 καὶ
3242 3292 3372 3357 τοὺς
3406 3293 3759 3372 ἐγκειμένους

326 3386 578 3458 profecto
626 3400 659 3438 a
703 3390 874 3456 gente
937 3383 1035 3438 illa
1091 3388 1237 3449 tum,
1291 3388 1352 3439 ut
1400 3392 1458 3439 et
1508 3382 1669 3451 olim,
1719 3383 1981 3441 Christus

2093 3379 2337 3451 κόσμους
2394 3377 2833 3451 ένεκολπίζοντο,
2865 3379 2933 3434 τὰ
2999 3377 3058 3435 δὲ
3108 3380 3186 3443 εἰς
3237 3382 3400 3438 σίτων
3470 3391 3607 3441 κανᾶ
3662 3387 3757 3443 καὶ

323 3472 631 3531 exuebatur
661 3477 718 3529 et
749 3471 1117 3543 illudebatur,
1150 3477 1208 3529 et
1234 3478 1424 3530 vestes
1467 3474 1594 3545 eius
1650 3476 1804 3531 sorte
1853 3474 1978 3530 die.

324 3563 760 3619 tri’buebantur:
796 3561 938 3618 illud
971 3569 1191 3618 tantum
1243 3563 1462 3631 aberat,
1495 3580 1568 3618 ne
1611 3562 1762 3620 latus
1816 3563 1982 3620 hasta

322 3654 597 3723 trajectus
662 3654 815 3709 rivos
872 3652 1052 3708 divini
1128 3652 1352 3709 cruoris
1418 3652 1580 3709 humi
1640 3653 1977 3712 eﬂ'undcret.

325 3743 567 3800 Violatio
598 3760 769 3816 porro
814 3743 1071 3823 maximi.
1112 3743 1313 3814 templi
1365 3760 1471 3799 nec
1524 3744 1760 3800 auribus
1798 3747 1981 3815 requis

321 3840 509 3905 potest
535 3834 739 3903 accipi.
772 3833 913 3889 Nam
943 3849 1109 3890 sacra
1142 3849 1345 3889 mensa
1376 3847 1448 3889 ex
1505 3833 1697 3889 omnis
1751 3834 1979 3901 generis

326 3923 590 3997 pretiosis
624 3923 877 3979 materiis
915 3922 1166 3978 conﬂata
1213 3922 1271 3977 in
1323 3921 1657 3978 excellentis
1717 3922 1979 3993 pulchri-

324 4014 539 4069 tudinis
569 4014 901 4070 varietatem
934 4012 1214 4068 omnibus
1251 4011 1525 4083 gentibus
1555 4012 1981 4068 admirabilem-

320 4103 380 4160 in
426 4104 609 4159 frusta
666 4110 749 4159 est
778 4104 1026 4159 dissecta
1082 4109 1135 4157 et
1182 4101 1339 4156 inter
1388 4100 1601 4156 milites
1646 4101 1977 4170 distributa,

321 4201 462 4250 utet
496 4208 699 4249 omnes
735 4196 930 4259 :sacras
960 4207 1099 4263 opes
1144 4199 1260 4245 tam
1321 4189 1619 4245 immensas
1652 4198 1708 4246 et
1762 4191 1981 4249 inﬁniti

284 4352 287 4355 _
319 4280 674 4354 splendoris.
706 4283 848 4338 Cum
882 4288 1072 4337 autem
1106 4283 1486 4337 sacrosancta
1509 4296 1649 4338 vasa
1679 4284 1737 4336 et
1787 4282 1981 4354 supel-

318 4372 539 4428 lectilis
594 4370 1012 4444 insuperabilis
1042 4369 1188 4425 artis
1218 4373 1277 4426 et
1324 4370 1521 4447 gratiis
1560 4386 1824 4443 rarasque
1864 4388 1982 4428 ma-

322 4461 498 4529 teriae,
533 4473 585 4516 et
633 4462 883 4533 probum
931 4465 1261 4531 argentum,
1293 4460 1446 4530 quod
1508 4460 1821 4518 tribunalis
1867 4462 1982 4518 cla-

321 4551 484 4607 thros
507 4557 561 4607 et
583 4540 889 4607 umbonem
918 4549 1060 4604 artis
1100 4547 1466 4604 admirabilis
1495 4557 1549 4605 et
1583 4550 1732 4607 759
1765 4559 1978 4622 portas,

323 4650 375 4697 et
414 4642 592 4697 multa
641 4639 756 4696 alia
786 4645 1125 4696 ornamenta
1174 4637 1488 4705 ambiebat,
1525 4655 1667 4696 auro
1716 4640 1978 4697 circum-

2090 3466 2249 3524 oi'vuw
2301 3469 2614 3543 κεράσματα
2658 3474 2778 3531 ταῖς
2838 3470 3041 3525 ἑαυτῶν
3096 3470 3389 3546 τραπέζαις
3446 3474 3749 3551 παρέφερον

2086 3562 2140 3615 οἱ
2167 3563 2265 3615 τοῦ
2318 3558 2703 3634 ’Δντιχρίστου
2745 3557 3059 3635 πρόδρομοι
3105 3561 3194 3616 καὶ
3251 3567 3364 3618 τῶν
3423 3563 3748 3641 προσδοκω-

2089 3651 2267 3724 μένων
2296 3644 2620 3705 πανασεόῶν
2678 3650 2922 3724 πράξεων
2982 3651 3192 3706 ἐκείνου
3238 3657 3593 3731 πρωτουργοὶ
3652 3658 3744 3713 καὶ

2084 3738 2448 3817 προάγγελοι.
2481 3742 2758 3815 Ἀτεχνῶς
2814 3740 2993 3796 τοίνυν
3058 3743 3161 3798 ὑπὸ
3219 3741 3380 3800 τοῦδε
3435 3750 3532 3802 τοῦ
3560 3747 3749 3822 γένους

2086 3833 2162 3892 ὡς
2211 3829 2384 3886 πάλαι
2441 3830 2577 3885 ποτε
2633 3830 2726 3885 καὶ
2778 3832 2906 3885 τότε
2963 3830 3352 3906 ἀπημφιάζετο
3395 3836 3627 3907 Χριστὸς
3656 3837 3747 3891 καὶ

2089 3916 2364 3995 ὑϐρίζετο,
2411 3919 2503 3973 καὶ
2564 3920 2828 3993 μερισμοὶ
2883 3917 2971 3974 καί
3012 3918 3213 3995 κλῆροι
3246 3926 3356 3978 τῶν
3403 3924 3570 3979 αὐτοῦ
3626 3927 3755 3998 ἱμα-

2083 4011 2218 4066 τίων
2254 4011 2517 4087 ἐγίνοντο,
2549 4009 2640 4064 καὶ
2674 4010 2844 4083 μόνον
2877 4011 2939 4065 οὐ
2973 4009 3383 4087 λογχευόμενος
3415 4016 3516 4084 τὴν
3572 4015 3747 4073 πλευ-

2088 4100 2182 4178 ρὰν
2231 4099 2525 4175 θεοῤῥύτου
2587 4097 2784 4173 ῥύακας
2834 4099 3073 4174 αἳματος
3129 4101 3207 4165 είς
3258 4110 3362 4179 γῆν
3428 4106 3518 4161 καὶ
3578 4105 3751 4163 πάλιν

2084 4189 2366 4261 ἀπέσταξε.
2415 4190 2490 4245 Τὰ
2568 4187 2614 4244 δ’
2655 4188 2745 4245 ἐπὶ
2793 4190 2899 4246 νεὼ
2964 4190 3062 4247 τοῦ
3123 4193 3385 4268 μεγίστου
3428 4190 3753 4269 ἠσεϐημένα

2087 4277 2213 4336 οὐδὲ
2290 4280 2480 4343 ἀκοαῖς
2538 4277 2670 4334 εἰσιν
2732 4276 3122 4354 εὐπαράδεκτα.
3209 4282 3271 4337 ’Π
3361 4284 3457 4357 μὶν
3539 4287 3751 4361 θυωρὸς

2084 4371 2346 4444 τράπεζα,
2376 4370 2439 4425 τὸ
2487 4368 2549 4424 έκ
2602 4372 2791 4424 πασῶν
2844 4368 3045 4442 τιμίων
3108 4367 3255 4427 ὑλῶν
3294 4374 3535 4447 σύνθεμα
3564 4397 3751 4433 συντε-

2082 4459 2367 4535 τηγμένων
2429 4459 2559 4533 πυρὶ
2618 4456 2710 4513 καί
2791 4465 3268 4537 περιχωρησασῶν
3333 4459 3613 4533 ἂλλήλαις
3672 4465 3753 4529 εἰς

2085 4550 2206 4611 ἑνὸς
2244 4546 2656 4623 ποικιλοχρόου
2692 4544 2939 4609 κάλλους
2997 4544 3336 4623 ὓπερϐολὴν,
3372 4550 3617 4622 ’ἐξαισίου
3672 4559 3754 4627 τῷ

2087 4637 2204 4694 ὅντι
2240 4639 2329 4692 καὶ
2372 4637 2701 4712 ἀειαγάστου
2758 4640 2888 4712 παρ’
2942 4631 3146 4701 ἔθνεσιν
3196 4638 3386 4711 astam,
3443 4661 3749 4717 κατετεμα-

319 4731 533 4800 fusum,
571 4748 670 4802 pro
723 4728 1014 4785 manubiis
1078 4727 1373 4783 efferenda
1429 4736 1647 4796 essent,
1709 4732 1853 4786 muli
1911 4741 1963 4787 et

321 4822 572 4842 2--_.__._a-
613 4818 772 4842 __II:_
805 4820 1040 4842 2..-l.__s-
1099 4832 1283 4842 --ρ-...ι
1319 4818 1384 4842 -,‹1
1418 4819 1616 4842 ΔΑ-...ὶέ
1661 4820 1821 4842 ..1..Δ.Δ
1870 4820 1922 4842 2-

2092 4727 2253 4803 χίσθη
2311 4727 2403 4783 καὶ
2461 4723 2777 4802 διεμερίσθη
2836 4731 2953 4788 τοῖς
3011 4724 3356 4799 σκυλευταῖς,
3416 4729 3603 4807 ὣσπερ
3653 4735 3751 4788 καὶ

2092 4817 2322 4842 _\-r-3__-
2358 4817 2492 4842 u_..-
2523 4816 2545 4842 ,ς
2580 4816 2725 4842 ς--λ-
2759 4816 2779 4842 ι
2831 4819 3088 4842 ___-.~__--
3128 4816 3184 4842 ,λ
3249 4815 3399 4842 -ηελ
3456 4840 3465 4842 -
3571 4821 3584 4839 κ
3688 4822 3703 4842 ς

313 4822 577 4893 iumenta
611 4818 774 4876 sellis
805 4820 1046 4874 instrata
1099 4832 1285 4888 usque
1316 4818 1385 4873 ad
1418 4819 1620 4891 templi
1659 4820 1830 4892 adyta
1870 4820 1961 4875 in-

324 4913 773 4976 roducebantur,
804 4924 1054 4981 quorum
1103 4908 1385 4963 nonnulla
1423 4925 1553 4965 cum
1602 4909 1675 4966 ob
1724 4910 1975 4981 splendi-

328 5001 466 5055 dum
498 5006 555 5055 et
610 5000 897 5055 lubricum
937 4999 1124 5054 solum
1168 4998 1410 5069 pedibus
1470 4998 1738 5055 insistere
1769 5003 1981 5073 nequi-

2079 4817 2323 4880 πλοῦτος
2354 4817 2493 4880 ἅπας
2520 4816 2548 4871 ὁ
2580 4816 2725 4890 ἱερὸς
2755 4816 2784 4871 ὁ
2830 4819 3089 4879 τοσοῦτος
3126 4816 3191 4873 τὸ
3247 4815 3468 4889 πλῆθος
3497 4821 3587 4875 καὶ
3641 4822 3748 4888 τήν

2091 4906 2324 4984 ἀγλαῒαν
2370 4906 2692 4981 ἀπέραντος.
2751 4912 2958 4977 Δεῆσαν
3043 4904 3092 4961 δ’
3171 4905 3563 4981 ἐκκομισθῆναι
3612 4909 3747 4972 καθά

2091 5019 2214 5054 τινα
2263 4996 2438 5053 σκῦλα
2488 4995 2558 5053 τὰ
2608 5002 2820 5072 παναγῆ
2883 4997 3045 5067 σκεύη
3103 4996 3195 5051 καὶ
3235 4993 3440 5053 ἔπιπλα
3493 4997 3557 5051 τὰ
3639 4998 3736 5063 τὴν

324 5095 472 5156 rent,
502 5089 770 5162 prolapsa
799 5088 1301 5157 confodiebantur,
1336 5092 1401 5143 ut
1454 5087 1640 5145 eﬁ‘uso
1692 5106 1897 5147 cruore
1926 5097 1981 5150 et

2094 5089 2257 5164 χάριν
2315 5086 2408 5142 καὶ
2465 5087 2565 5155 τήν
2595 5085 2797 5159 τέχνην
2826 5084 3022 5164 ἄμαχα
3059 5086 3148 5140 καὶ
3187 5086 3289 5155 τήν
3322 5085 3457 5155 ὕλην
3515 5084 3735 5155 σπάνια,

323 5186 574 5235 stercore
598 5192 826 5234 sacrum
863 5176 1258 5251 pavimentum
1308 5177 1735 5250 inquinaretur.
1770 5180 1896 5238 lmo
1929 5187 1981 5240 et

2092 5175 2240 5234 ἀλλὰ
2272 5174 2340 5245 δὴ
2371 5173 2462 5231 καὶ
2489 5173 2553 5230 τὸ
2583 5171 2814 5247 δόκιμον
2872 5174 3127 5250 ἀργύριον
3159 5176 3188 5230 δ
3235 5176 3324 5231 τὸν
3355 5177 3453 5229 τοῦ
3486 5174 3744 5248 βύματος

326 5267 667 5325 muliercula
718 5272 1002 5340 quadam,
1059 5272 1332 5340 cooperta
1382 5268 1659 5340 peccatis,
1712 5270 1980 5328 ministra

329 5357 649 5425 Furiarum,
672 5356 881 5412 ancilla
908 5357 1261 5425 dtentonum,
1312 5357 1776 5416 incantationum
1820 5367 1984 5417 etve-

2093 5266 2318 5344 θριγκὸν
2351 5263 2440 5320 καὶ
2472 5264 2566 5320 τὸν
2589 5265 2707 5319 οἷον
2732 5261 3003 5336 ἐκπλῆξαι
3060 5260 3293 5338 ἅμϐωνα
3349 5266 3464 5339 (5'7)
3515 5263 3606 5319 καὶ
3653 5264 3756 5330 τὰς

2093 5355 2273 5417 πύλας
2302 5355 2687 5429 περιήμπισχε
2713 5354 2803 5409 καὶ
2860 5352 2939 5417 είς
2970 5354 3342 5428 παμπόλλους
3391 5354 3598 5419 ἃλλους
3655 5356 3753 5413 κό-

1715 5486 1882 5548 Hier.
1918 5484 2128 5547 Wolﬁi
2160 5488 2348 5545 notas.

396 5619 511 5691 (57)
560 5608 815 5691 ’ᾼμϐων,
863 5612 1008 5691 παρὰ
1046 5612 1134 5691 τὸ.
1181 5610 1508 5691 ἀνοᾷαίνειν,
1575 5617 1688 5675 dici
1730 5619 1977 5688 videtur,

2088 5616 2320 5691 gradus,
2354 5617 2479 5691 sive
2505 5616 2747 5691 chorus,
2775 5619 2847 5691 u_t_
2869 5614 3472 5691 vulgoappell'antur,
3497 5620 3619 5676 sive
3653 5638 3758 5678 su-

324 5666 729 5763 aestusque
760 5666 954 5758 témpti
997 5666 1233 5758 editior,
1260 5666 1395 5744 at;
1413 5666 1980 5762 ’ὲιίεεᾶίυῶξῖἷιὲἑ
2088 5666 2296 5762 ἴ)ὲέἆὲ
2309 5666 2754 5758 ἐπιπίπτει
2782 5666 3241 5749 easEas-£0225“.
