4074 6460
374 404 495 470 957

1499 393 1840 461 ALEXIUS
1886 393 2147 459 DUOAS
2189 394 2702 459 MUBZUFLUS.

3680 397 3800 458 958

377 557 548 611 σμους
605 532 1012 608 περιετέτηκτο,
1071 535 1263 610 χρυσῷ
1343 531 1805 608 περιτρεχόμενος
1868 526 2029 599 ἃπας,

2147 529 2485 585 neficiorum
2510 527 2767 595 officina,
2800 528 3344 585 Christoinsultans
3377 532 3435 585 et
3467 528 3522 585 in
3550 528 3801 602 patriar-

376 626 605 701 ἠμίονοί
633 647 693 681 τι
748 624 838 680 καὶ
904 623 1174 701 ὓποξύγια
1228 619 1531 696 σεσαγμένοι
1566 617 1735 695 μέχρι
1766 623 1882 674 τῶν
1912 614 2046 672 ἀδύ-

371 738 480 773 των
542 716 823 789 εἰσήγοντο
862 713 960 770 τοῦ
1010 714 1136 779 νεὼ,
1174 713 1246 766 ὧν
1294 708 1410 767 ἐνια
1442 707 1852 780 διωλισθηκότα
1912 704 2040 781 μηδ’

379 802 469 860 ἐπὶ
515 802 697 860 ποδῶν
747 809 939 872 στῆναι
995 799 1267 875 δυνάμενα
1324 797 1413 855 διά
1462 800 1560 868 τήν
1612 802 1720 853 τῶν
1769 794 2039 852 ἐπιπέδων

378 892 547 957 λίθων
600 891 967 963 στιλπνότητα
1029 889 1333 969 μαχαίραις
1390 887 1833 958 ἐξεκεντήθησαν,
1864 885 1938 947 ὼς
1985 883 2046 938 ἐκ

371 990 473 1053 τῆς
504 987 612 1039 τῶν
646 979 910 1058 χολάδων
940 982 1150 1053 κόπρου
1200 980 1291 1034 καὶ
1325 981 1422 1034 τοῦ
1468 972 1841 1052 προχυθέντος
1870 974 2042 1047 αἳμα-

372 1094 466 1138 τος
518 1074 580 1128 τὸ
632 1075 773 1128 θεῖον
828 1069 1171 1145 μολυνθήναι
1231 1065 1485 1126 δάπεδον.
1518 1065 1698 1125 Ἀλλὰ
1737 1066 1828 1121 καὶ
1858 1085 2044 1142 γυναι-

379 1163 567 1240 κάριόν
612 1185 671 1219 τε
726 1158 1129 1237 σεσωρευμένον
1185 1159 1498 1235 ἁμαρτίαις,
1540 1156 1834 1233 Ἐριννύων
1881 1157 2043 1226 ζάκο-

378 1274 496 1331 ρον,
539 1250 817 1326 δαιμόνων
872 1249 1215 1326 πρόσπολον,
1277 1246 1532 1323 ἀρρήτων
1562 1267 1622 1303 τε
1651 1248 1919 1322 γοητειῶν
1951 1245 2042 1299 καὶ

377 1341 689 1418 ἐπιρῥήτων
778 1337 1004 1414 ἐπῳδῶν
1103 1337 1489 1415 ἐργαστήριον,
1574 1339 2041 1411 καταπρηνιᾶσαν

374 1428 634 1506 Χριστοῦ,
711 1427 801 1487 ἐπὶ
865 1433 963 1485 τοῦ
1058 1425 1351 1502 συνθρόνου
1421 1425 1613 1497 ἷζῆσαν
1679 1422 2044 1499 κεκλασμένον

378 1519 559 1599 ἀφῆκε
583 1518 775 1595 μέλος,
798 1520 885 1575 καὶ
915 1516 1195 1579 πολλάκις
1218 1513 1565 1592 περιδινηθὶν
1597 1515 1672 1576 εἰς
1706 1512 1940 1591 ὄρχησιν
1959 1511 2040 1569 τὼ

377 1610 514 1670 πόδε
536 1607 954 1686 παρενεσάλευε.
989 1606 1094 1664 Καὶ
1133 1605 1196 1661 ού
1226 1602 1395 1662 ταῦτα
1427 1606 1522 1679 μὲν
1550 1606 1813 1679 ἠνομεῖτο
1844 1602 2042 1672 οὕτως,

374 1699 525 1759 ἄλλα
566 1697 613 1755 δ’
663 1695 752 1770 οῦ,
799 1699 834 1770 ἢ
880 1696 1059 1753 ἐκεῖνα
1109 1696 1202 1770 μὲν
1255 1693 1344 1750 ἐπὶ
1394 1692 1586 1765 πλέον,
1620 1694 1695 1756 εἰς
1730 1692 1775 1749 δ’
1818 1687 2043 1749 ἔλαττον

374 1788 556 1866 ἕτερα,
581 1786 707 1845 ἀλλ’
730 1783 1083 1861 ὁμοθυμαδὸν
1112 1785 1289 1840 πάντα
1319 1783 1473 1859 παρά
1502 1784 1716 1839 πάντων
1739 1783 2045 1859 ἀνωσιουρ-

2151 619 2272 674 chm
2304 618 2451 674 solio
2484 619 2798 674 considens
2838 619 3091 675 fractum
3144 622 3439 675 canticum
3485 619 3718 685 cecinit,
3750 627 3804 675 et

2150 724 2304 780 saepe
2353 707 2409 762 in
2467 708 2668 763 orbem
2728 713 2915 763 rotata
2972 709 3223 764 saltavit.
3260 714 3455 780 Neque
3507 726 3641 765 vero
3682 708 3803 765 haec-

2152 797 2640 869 admittebantur,
2693 796 2806 851 alia
2857 814 2971 852 non
3026 799 3655 867 admittebantur;aut
3684 800 3804 854 hac

2151 887 2481 954 remissius,
2543 887 2644 941 illa
2684 887 3128 943 vehementius:
3191 892 3289 943 sed
3344 906 3461 944 uno
3509 905 3803 945 consensu

2149 977 2351 1034 omnia
2381 993 2617 1032 summa
2647 977 2867 1033 scelera
2897 984 2956 1032 et
2981 976 3211 1049 piacula
3240 980 3518 1035 omnibus
3549 997 3619 1036 ex
3639 996 3802 1050 equo

2153 1066 2353 1123 studio
2386 1072 2568 1123 erant.
2605 1074 2690 1121 An
2724 1083 2856 1123 vero
2884 1066 2965 1122 illi
3000 1069 3281 1124 matronis
3314 1068 3581 1126 honestis
3611 1074 3667 1126 et
3690 1088 3799 1125 nu-

2150 1156 2369 1214 bilibus
2413 1155 2622 1228 puellis
2655 1164 2756 1213 aut
2776 1156 2892 1212 Deo
2935 1157 3291 1214 consecratis
3341 1157 3669 1231 virginibus
3702 1178 3800 1233 pe-

2150 1246 2488 1321 percissent,
2551 1247 2651 1320 qui
2690 1249 2912 1303 tantam
2979 1248 3037 1302 in
3082 1246 3271 1318 ipsum
3326 1251 3508 1302 Deum
3578 1248 3799 1305 rabiem

2150 1335 2584 1394 exercuerunt?
2612 1336 2772 1392 Nihil
2802 1341 2999 1392 autem
3026 1340 3151 1392 erat
3174 1335 3479 1392 difficilius
3513 1340 3571 1392 et
3602 1353 3805 1407 opero-

2150 1426 2276 1483 sius
2331 1442 2506 1499 quam
2545 1425 2817 1497 precibus
2851 1423 3078 1481 mollire
3128 1430 3184 1481 et
3215 1424 3528 1481 benevolos
3560 1425 3804 1481 reddere

2153 1516 2439 1572 Barbaros
2472 1515 2614 1571 adeo
2632 1515 2968 1581 iracundos,
2999 1515 3143 1570 adeo
3170 1514 3349 1570 bilem
3375 1517 3712 1571 evomentes
3727 1516 3800 1570 ad

2152 1605 2396 1678 quodvis
2428 1604 2718 1672 ingratum
2763 1604 3029 1671 verbum,
3087 1608 3154 1658 ut
3194 1603 3342 1660 nihil
3387 1621 3501 1660 non
3542 1605 3798 1661 furorem

2151 1711 2355 1750 eorum
2412 1692 2825 1752 inﬂammaret.
2888 1694 3040 1749 760
3099 1694 3260 1758 Quod
3310 1695 3411 1765 qui
3456 1693 3800 1766 conabatur,

2154 1793 2221 1843 ut
2249 1803 2456 1844 amens
2489 1795 2540 1842 et
2574 1788 2747 1843 homo
2779 1785 2993 1859 linguas
3023 1786 3465 1858 intemperantis
3492 1786 3798 1844 derideba-

378 1886 530 1956 γεῖτο
579 1882 667 1953 [Ρ.
699 1879 829 1950 369]
872 1874 941 1931 τὰ
981 1876 1342 1948 παναθέμιτα.
1393 1870 1618 1967 Πάνυδ
1671 1870 1731 1927 ἂν
1758 1871 2032 1967 ἐφείσαντο

2152 1880 2270 1933 tur.
2302 1877 2465 1949 Saepe
2511 1877 2689 1932 etiam
2751 1877 2928 1949 pugio
2979 1875 3379 1948 stringebatur
3428 1877 3486 1933 in
3532 1893 3664 1933 eum
3699 1876 3801 1949 qui

375 1972 645 2046 γυναικῶν
678 1962 928 2022 εὐλαϐῶν
987 1964 1074 2020 καὶ
1135 1964 1338 2038 κορίων
1400 1958 1687 2038 ἐπίγάμων
1737 1960 1771 2031 ἢ
1821 1961 1930 2016 τῶν
1962 1965 2032 2034 τῷ

2151 1965 2457 2039 paululum
2492 1966 2895 2037 refragabatur
2922 1970 3024 2021 aut
3048 1965 3343 2038 postulata
3371 1983 3570 2022 eorum
3606 1967 3802 2024 detre-

380 2063 496 2131 Θεῷ
544 2056 911 2128 ἀνακειμένων
961 2052 1052 2110 καὶ
1098 2052 1443 2127 παρθενεύειν
1491 2050 1769 2126 ἐλομένων
1824 2051 1875 2105 οἱ
1906 2050 2043 2106 κατὰ

378 2151 486 2204 τῶν
530 2146 686 2202 θείων
746 2143 887 2199 οὕτω
945 2140 1330 2213 λυττήσαντες.
1393 2142 1515 2199 Ἐπὶ
1576 2145 1737 2196 πᾶσιν
1797 2136 2037 2216 ἐργῶδες

375 2243 440 2311 ἧν
473 2238 565 2295 καὶ
606 2234 959 2312 δυσμήχανον
993 2234 1055 2290 τὸ
1089 2234 1428 2307 μειλίξασθαι
1484 2231 1668 2295 λιταῖς
1715 2234 1751 2304 ἢ
1799 2229 2036 2287 ἐλεεινο-

376 2327 596 2406 λογίαις
638 2325 1006 2403 ὑπαγαρέσθαι
1068 2325 1322 2378 ὁπωσοῦν
1380 2321 1470 2378 καὶ
1511 2318 1694 2377 εὔνουν
1754 2319 1937 2385 θέσθαι
1975 2320 2038 2376 τὸ

379 2413 678 2494 βάρϐαρον,
722 2413 868 2469 οὕτω
916 2414 1012 2487 μὲν
1062 2410 1454 2486 εὐπαρόξυντον
1503 2407 1586 2482 ὅν,
1634 2408 1777 2466 οὕτω
1811 2407 1858 2465 δ’
1889 2408 2035 2485 ἐρευ-

376 2503 609 2582 ξέχολον
643 2497 882 2579 ἀκριϐῶς
914 2503 1049 2573 πρὸς
1099 2506 1270 2555 πᾶσαν
1333 2501 1503 2571 ἀκοήν
1533 2497 1820 2570 ἀθέλητον.
1856 2498 2041 2555 Πάντα

379 2593 423 2651 δ’
492 2593 732 2669 ἐκρίνετο
800 2595 976 2664 θυμοῦ
1047 2587 1458 2662 ὑπεκκαύματα,
1524 2586 1802 2646 καίἅνοιαν
1858 2586 2039 2665 ὠφλί-

378 2705 534 2739 σκανε
589 2681 679 2738 καὶ
737 2680 939 2756 γέλων.
999 2679 1103 2737 Καὶ
1158 2679 1232 2740 ὡς
1282 2679 1383 2747 τήν
1429 2677 1681 2752 γλῶτταν
1716 2676 2037 2752 ἀταμίευτος

377 2773 769 2842 ἐπεπλήττετο,
802 2768 854 2825 ἐν
893 2766 1132 2829 πολλοῖς
1165 2764 1222 2822 δέ
1260 2766 1351 2823 καὶ
1379 2767 1441 2822 τὸ
1473 2764 1853 2846 παραξιφίδιον
1888 2766 2037 2845 εἶχεν

372 2861 457 2918 ἐπ’
504 2861 663 2917 αὐτὸν
717 2861 1006 2932 σπώμενον
1039 2858 1067 2912 6
1108 2857 1198 2913 καὶ
1260 2858 1455 2932 μικρὸν
1507 2857 1774 2913 ἀντειπὼν
1818 2858 1854 2926 ἢ
1897 2856 2035 2930 πρὸς

374 2952 443 3007 τὰ
473 2953 696 3025 θυμήρη
757 2948 936 3024 σφίσιν
995 2944 1390 3021 ἀναδυόμενος.
1448 2949 1605 3005 ’Όθεν
1665 2947 1731 3016 ἦν
1763 2947 1838 3009 εἰς
1871 2946 2035 3001 πόνον

375 3042 554 3096 ἅπασα
606 3037 841 3118 κεφαλὴ,
900 3036 955 3092 ἐν
1014 3058 1312 3098 στενωποις
1371 3038 1559 3111 θρῆνοι
1616 3036 1708 3092 καὶ
1762 3035 1888 3092 οὐαὶ
1943 3035 2033 3091 καὶ

371 3129 670 3203 κλαυθμοὶ,
705 3127 757 3184 ἐν
788 3125 1029 3201 τριόδοις
1090 3124 1351 3202 ὀδυρμοὶ,
1379 3167 1384 3173 .
1411 3126 1464 3182 ἐν
1514 3132 1665 3188 ναοῖς
1697 3127 2030 3208 ὀλοφυρμοὶ,

366 3217 579 3295 ἀνδρῶν
612 3216 878 3293 οἰμωγαῖ,
935 3222 1203 3295 γυναικῶν
1265 3215 1552 3292 ὀλολυγαὶ,
1613 3216 1906 3290 ἐλκυσμοὶ,
1941 3217 2030 3271 ἀν-

365 3306 756 3385 δραποδισμοὶ,
816 3304 1157 3379 διασπασμοί
1212 3327 1272 3361 τε
1321 3308 1411 3362 καὶ
1475 3308 1701 3381 βιασμοὶ
1754 3308 2026 3382 σωμάτων

365 3402 612 3475 συναφῶν
668 3397 954 3472 πρότερον.
1017 3395 1079 3449 Ol
1136 3399 1216 3467 τῷ
1269 3394 1414 3470 γένει
1466 3396 1657 3469 σεμνοὶ
1688 3397 1899 3471 ἀτίμως
1930 3418 2028 3453 πε-

369 3486 694 3562 ριῄεσαν,οὶ
753 3489 834 3557 τῷ
891 3486 1039 3562 γήρᾳ
1092 3485 1310 3559 γεραροὶ
1371 3484 1580 3559 γοεροὶ,
1641 3486 1693 3539 οἱ
1767 3485 2026 3542 πλούσιοι

366 3576 631 3633 ἀνούσιοι.
692 3574 880 3636 Οὕτως
940 3574 995 3630 ἐν
1067 3572 1374 3643 πλατείαις,
1437 3573 1613 3636 οὕτως
1671 3573 1725 3629 ἐν
1780 3577 2027 3651 γωνίαις,

369 3664 546 3727 οὕτως
578 3664 630 3719 ἐν
662 3664 965 3738 τεμένεσιν,
1020 3664 1193 3726 οὕτως
1252 3662 1303 3718 ἐν
1362 3660 1738 3719 καταδύσεσιν·
1771 3661 1898 3719 οὐδὲ
1926 3665 2026 3740 γὰρ

370 3754 438 3823 ἦν
466 3775 549 3818 τις
579 3753 746 3818 τόπος
792 3754 1205 3829 ἀνεξερεύνητος
1252 3751 1287 3822 ἢ
1341 3751 1568 3808 ἀσυλίαν
1605 3758 1723 3816 τοῖς
1754 3774 2030 3830 προσρυο-

2148 2057 2367 2112 ctabat.
2418 2056 2616 2126 Itaque
2664 2071 2833 2111 nemo
2864 2054 3060 2111 luctus
3090 2059 3215 2110 erat
3260 2071 3487 2127 expers.
3537 2055 3599 2111 In
3644 2056 3803 2129 angi-

2148 2144 2354 2215 portis,
2386 2144 2446 2199 in
2479 2144 2688 2213 triviis,
2724 2144 2781 2200 in
2807 2144 3041 2217 templis
3073 2143 3339 2216 querelae,
3377 2142 3805 2209 ﬂetus,lamen-

2148 2235 2424 2303 tationes,
2478 2234 2773 2307 planctus,
2844 2235 3102 2291 virorum
3152 2234 3429 2308 gemitus,
3486 2233 3797 2291 mulierum

2147 2323 2423 2395 ejulatus,
2474 2322 2885 2389 lacerationes,
2940 2333 3166 2395 stupra,
3217 2324 3607 2395 captivitates,
3647 2340 3795 2380 con-

2142 2411 2661 2483 junctissimorum
2707 2410 3087 2468 divulsiones.
3128 2411 3362 2468 Nobiles
3385 2429 3517 2467 cum
3546 2412 3801 2484 ignomi-

2148 2502 2266 2569 nia,
2324 2501 2396 2556 ob
2446 2508 2741 2557 senectam
2794 2501 3154 2557 venerabiles
3211 2499 3544 2574 lacrymosi,
3595 2500 3802 2558 divites

2147 2591 2383 2664 spoliati
2444 2592 2614 2648 bonis
2666 2592 3083 2648 circumibant.
3142 2592 3234 2647 Sic
3265 2593 3324 2648 in
3370 2592 3604 2665 plateis,
3636 2593 3801 2650 sicin

2145 2681 2404 2752 angulis,
2437 2681 2522 2736 sic
2553 2681 2607 2736 in
2643 2681 2901 2753 templis,
2948 2680 3032 2737 sic
3064 2681 3121 2736 in
3165 2681 3464 2755 speluncis
3493 2682 3797 2754 agebatur.

2142 2772 2259 2827 Nec
2290 2771 2446 2827 enim
2475 2772 2629 2828 ullus
2651 2770 2815 2827 locus
2848 2772 3193 2828 inexcussus
3230 2772 3673 2845 relinquebatur
3699 2777 3801 2829 aut

2143 2860 2443 2932 supplices
2485 2860 2852 2916 defendebat.
2891 2860 3103 2917 Omnia
3155 2861 3372 2934 ubique
3405 2861 3577 2918 malis
3603 2863 3795 2918 omni-

2145 2950 2253 3007 bus
2318 2951 2531 3007 referta
2553 2956 2739 3018 erant,
2779 2953 2927 3007 Deus
2959 2951 3381 3019 immortalem,
3428 2957 3646 3025 quanta
3680 2954 3791 3008 ho-

2143 3040 2368 3097 minum
2392 3041 2630 3097 afﬂictio
2660 3040 2922 3114 lquantm
2945 3042 3229 3114 angustias
3258 3042 3270 3098 !
3299 3042 3566 3099 fremitus
3593 3044 3797 3111 maris,

2141 3129 2284 3187 solis
2332 3130 2686 3202 obscuratio,
2738 3137 2982 3187 cruenta
3035 3130 3190 3187 luna;
3243 3132 3441 3203 facies,
3487 3131 3795 3190 stellarum

2139 3221 2508 3288 exorbitatio,
2567 3220 2661 3276 ubi
2694 3223 2764 3291 ,"et
2820 3221 3115 3293 quomodo
3164 3221 3287 3277 haec
3325 3220 3475 3277 mala
3520 3238 3796 3292 praenun-

2141 3310 2413 3367 tiarunt?
2442 3311 2755 3367 Enimvero
2788 3312 3289 3369 abominationem
3324 3313 3702 3369 desolationis
3734 3315 3793 3370 in

2136 3398 2263 3457 loco
2311 3405 2514 3457 sancto
2563 3406 2718 3458 stare
2774 3401 3051 3470 vidimus,
3118 3402 3441 3459 meretricis
3493 3419 3798 3461 sermones

2138 3494 2390 3550 rotundo
2426 3510 2525 3549 ore
2566 3510 2668 3563 pro
2684 3494 2983 3561 ferentem,
3017 3498 3076 3550 et
3105 3498 3311 3551 cetera
3355 3495 3466 3551 etsi
3494 3512 3609 3551 non
3641 3496 3799 3567 peni-

2140 3586 2237 3637 tus
2272 3582 2416 3637 76]
2484 3582 2723 3650 similia,
2755 3588 2951 3639 tamen
3012 3583 3070 3638 in
3104 3584 3457 3639 contrarium
3513 3600 3796 3640 conversa

2140 3670 2214 3726 iis
2236 3687 2363 3743 quas
2388 3672 2543 3742 apud
2584 3671 2944 3729 Christianos
2979 3672 3225 3729 honesta
3253 3679 3312 3729 et
3360 3672 3626 3746 religioni
3653 3688 3795 3729 con—

2144 3764 2421 3816 sentanea
2452 3759 2817 3830 judicantur.

365 3846 551 3919 μένοις
582 3842 985 3920 παρεχόμενος,
1017 3841 1165 3899 ἀλλά
1194 3843 1365 3898 πάντα
1395 3847 1681 3918 πανταχοῦ
1719 3843 1932 3899 πάντων
1984 3850 2165 3901 κακῶν
2221 3839 2436 3920 ἔμπλεα
2494 3847 2583 3915 ἦν.
2626 3849 2831 3922 Χριστέ
2885 3847 3111 3923 βασιλεῦ
3140 3856 3242 3919 τῆς
3275 3847 3397 3904 τότε
3426 3846 3669 3925 θλίψεως
3700 3851 3793 3906 καὶ

362 3941 462 4005 τῆς
496 3940 741 4009 συνοχῆς
769 3938 878 3989 τῶν
916 3932 1216 4007 ἀνθρώπων
1246 3935 1258 3990 Ξ
1293 3933 1320 3988 6
1354 3928 1401 3987 δ’
1431 3933 1575 4009 ἦχος
1627 3933 1655 3988 6
1702 3934 2016 4005 θαλάττιος,
2067 3936 2095 3991 6
2147 3933 2207 3990 δέ
2250 3939 2347 3991 τοῦ
2394 3936 2561 4007 ἡλίου
2592 3938 2900 4011 σκοτασμὸς
2940 3937 3031 3993 καὶ
3060 3940 3095 4007 ἡ
3131 3939 3391 4016 ζόφωσις,
3423 3941 3458 4008 ἡ
3492 3936 3549 3994 δὲ
3577 3946 3678 4010 τῆς
3705 3961 3790 3996 σε-

368 4021 546 4095 λήνης
579 4023 655 4085 εἰς
688 4024 830 4096 αἷμα
863 4023 1233 4102 μεταστροφὴ,
1280 4023 1332 4077 οἳ
1363 4019 1421 4077 δὲ
1451 4027 1557 4078 τῶν
1590 4021 1828 4099 ἀστέρων
1860 4019 2088 4099 ἔξεδροι,
2123 4026 2233 4094 ὅπη
2266 4024 2356 4081 καὶ
2379 4025 2530 4089 ’ὁπως
2559 4026 2624 4082 οὐ
2649 4026 2715 4082 τὰ
2738 4025 3023 4083 τελευταῖα
3047 4024 3175 4083 τάδε
3204 4028 3340 4083 κατά
3369 4031 3786 4103 προεσήμηναν;

366 4114 554 4170 Καίτοι
587 4114 650 4169 τὸ
686 4112 971 4189 βδέλυγμα
1007 4119 1107 4181 τῆς
1138 4111 1474 4187 ἐρημώσεως
1504 4112 1831 4187 τεθεάκαμεν
1887 4113 2054 4176 ἑστὼς
2113 4112 2164 4171 ἐν
2213 4115 2371 4188 τόπῳ
2427 4115 2563 4191 ἁγίῳ
2602 4116 2693 4171 καὶ
2723 4117 2957 4193 πορνικά
2989 4116 3377 4194 προγγυλίζον
3413 4118 3664 4192 λογάρια,
3697 4120 3790 4173 καί

364 4202 547 4259 τάλλα
576 4203 674 4258 κάν
709 4206 786 4274 μὴ
820 4201 1040 4268 ἐπίπαν,
1072 4199 1202 4256 ἀλλ’
1234 4201 1293 4255 ἐκ
1320 4204 1418 4255 τοῦ
1450 4196 1607 4270 δῆθεν
1671 4197 1977 4274 μεταϐάντα
2032 4204 2168 4278 πρὸς
2213 4204 2278 4260 τὸ
2328 4204 2702 4286 ἀντίστροφον,
2733 4205 2831 4261 ὅσα
2878 4206 3024 4283 παρά
3051 4207 3470 4284 Χριστωνύμοις
3497 4209 3667 4283 σεμνὰ
3698 4210 3789 4264 καὶ

365 4293 457 4346 τὸν
484 4297 585 4358 τῆς
613 4289 843 4351 πίστεως
875 4287 1043 4364 λόγον
1071 4288 1489 4363 ἐξευγενίζοντα.

437 4378 679 4446 Τοιαῦθ’,
712 4377 786 4440 ὡς
835 4375 896 4432 ἐκ
943 4374 1176 4433 πολλῶν
1228 4376 1438 4453 βραχέα
1470 4373 1658 4432 δοῦναι
1688 4382 1757 4453 τῇ
1787 4378 2024 4454 ἱστορίᾳ,

2207 4382 2337 4438 Hec
2365 4399 2551 4455 pauca
2580 4385 2652 4439 de
2682 4385 2888 4442 multis
2930 4387 3397 4444 Occidentalium
3425 4388 3785 4445 exercituum

364 4469 416 4523 οἱ
449 4466 497 4537 ἐξ
528 4466 788 4541 Ἑσπέρας
847 4466 1068 4541 στρατοὶ
1122 4466 1259 4522 κατὰ
1313 4472 1417 4536 τῆς
1473 4469 1710 4542 Χριστοῦ
1748 4465 2025 4544 κληρονο-

2142 4471 2192 4526 in
2231 4472 2450 4528 Christi
2474 4475 2868 4531 hereditatem
2902 4477 3144 4547 scelera,
3178 4478 3281 4550 qui
3312 4494 3451 4550 erga
3482 4479 3778 4535 neminem

370 4557 495 4634 μίας
527 4559 1008 4631 παρηνομήκασιν,
1069 4555 1151 4612 ἐπ’
1211 4553 1391 4611 οὐδενὶ
1420 4561 1530 4612 τῶν
1563 4553 1710 4611 ὅλων
1741 4557 1805 4612 τὸ
1836 4555 2026 4635 φιλάν-

366 4651 583 4721 θρωπον
658 4642 1039 4720 ἐνδειξάμενοι,
1111 4642 1257 4701 ἄλλα
1320 4645 1523 4708 πάντας
1592 4646 2027 4717 ἀποξενώσαντες

366 4735 672 4814 χρημάτων
703 4735 794 4791 καὶ
835 4732 1153 4808 κτημάτων,
1205 4733 1526 4808 οἰκημάτων
1566 4756 1625 4791 τε
1663 4734 1749 4791 καὶ
1784 4734 2024 4810 ἐσθημά-

359 4849 489 4896 των,
566 4824 656 4880 καὶ
737 4821 971 4898 μηδενὸς
1041 4828 1150 4879 τῶν
1224 4825 1439 4881 πάντων
1521 4822 1841 4900 μεταδόντες
1913 4831 2025 4890 τοῖς

356 4911 569 4994 ἔχουσι,
617 4920 789 4971 ταῦτα
845 4916 873 4970 6
924 4913 1170 4990 χαλκοῦς
1211 4913 1419 4990 αόχὴν,
1465 4917 1501 4986 ἡ
1545 4913 1761 4985 ἀλαζὼν
1791 4916 1953 4995 φρὴν,
1985 4918 2021 4987 ἡ

359 5009 494 5083 ὀρθὴ
557 5005 817 5083 ὀφρὺς,ή
849 5002 933 5059 ἀεὶ
991 5004 1229 5078 ξυριῶσα
1284 5006 1373 5060 καὶ
1429 5004 1881 5078 νεανισκευομένη
1914 5027 2020 5061 παν

364 5096 501 5172 ρειά,
526 5098 560 5165 ἡ
589 5092 925 5172 φιλαίματος
966 5089 1131 5167 δεξιὰ,
1178 5094 1213 5160 ἡ
1264 5093 1579 5170 ἀκράχολος
1623 5093 1728 5170 ῥὶν,
1763 5095 1791 5150 6
1818 5094 2019 5169 μετέω-

367 5205 459 5257 ρος
527 5183 835 5263 ὀφθαλμὸς,
902 5184 937 5251 ἡ
1007 5180 1289 5253 ἄπληστος
1355 5183 1572 5260 γνάθος,
1649 5184 1683 5254 ἠ
1752 5180 2019 5263 ἄστοργος

365 5273 581 5345 γνώμη,
630 5276 665 5343 ἡ
717 5273 856 5347 τορὴ
915 5270 1004 5327 καὶ
1060 5270 1315 5347 τροχαλή
1372 5270 1541 5329 λαλιὰ
1594 5272 1686 5328 καὶ
1721 5274 1887 5348 μόνον
1920 5272 2020 5329 οὐκ

364 5357 743 5435 ἐπορχουμένη
803 5364 920 5422 τοῖς
976 5360 1213 5435 χείλεσι,
1271 5359 1576 5435 μᾶλλονδὲ
1622 5363 1674 5418 οἱ
1733 5365 1859 5438 παρ’
1891 5363 2019 5418 ἐαυ-

357 5452 474 5508 τοῖς
507 5445 867 5524 ἐπιστήμονες
923 5450 1012 5506 καὶ
1061 5450 1241 5528 σοφοὶ,
1290 5452 1342 5506 οἱ
1395 5449 1613 5528 εὔορκοι
1642 5454 1730 5509 καὶ
1765 5451 2015 5528 φιλαλή-

360 5550 473 5602 θεις
514 5536 606 5591 καὶ
654 5539 1020 5614 μισοπόνηροι
1076 5540 1169 5595 καὶ
1223 5544 1334 5596 τῶν
1402 5542 1644 5615 Γραικῶν
1675 5543 1838 5616 ἡμῶν
1870 5542 2016 5598 εὐσε-

359 5621 607 5701 ϐέστεροί
637 5645 694 5682 τε
737 5626 825 5681 καὶ
866 5624 1199 5704 δικαιότεροι
1252 5631 1342 5685 καὶ
1383 5635 1492 5687 τῶν
1550 5634 1796 5707 Χριστοῦ
1828 5629 2016 5688 διατα-

357 5714 585 5796 γμάτων
644 5713 884 5798 φύλακες
938 5714 1336 5798 ἀκριϐέστεροι,
1386 5721 1449 5779 τό
1489 5719 1547 5779 δέ
1593 5720 1786 5797 πλέον,
1820 5724 1871 5779 οἳ
1918 5726 2016 5781 τὸν

2134 4561 2503 4619 humanitate
2553 4564 2645 4621 usi
2699 4581 2901 4622 omnes
2969 4569 3238 4639 pecunia,
3292 4569 3786 4640 possessionibus.

2136 4651 2519 4720 vestimentis,
2550 4655 2662 4711 aris
2685 4658 2743 4711 et
2786 4654 2930 4712 locis
2968 4657 3316 4727 spoliarunt,
3349 4673 3454 4713 nec
3485 4674 3779 4730 possesso-

2136 4741 2300 4797 ribus
2333 4743 2656 4815 quidquam
2713 4744 3143 4817 impertierunt,
3192 4746 3400 4802 litteris
3447 4748 3784 4803 mandanda

2135 4846 2258 4886 esse
2305 4833 2526 4889 censui.
2595 4833 2858 4890 Heccine
2901 4834 3118 4889 collum
3203 4852 3441 4905 aereum,
3494 4836 3783 4908 superbus

2135 4921 2388 4989 animus,
2443 4930 2735 4979 arrectum
2813 4923 3222 4995 supercilium,
3269 4924 3602 4994 juvenililer
3659 4932 3787 4982 mea

2136 5010 2392 5078 maxilla,
2427 5011 2806 5083 sanguinaria
2854 5012 3074 5080 dextra,
3110 5013 3397 5070 iracundae
3440 5031 3632 5085 nares,
3664 5014 3784 5072 ela-

2132 5103 2230 5155 tus
2250 5099 2478 5167 oculus,
2528 5100 2918 5157 inhumanum
2951 5103 3279 5175 ingenium,
3327 5106 3579 5161 rotunda
3609 5109 3666 5161 et
3696 5105 3781 5160 in-

2132 5188 2309 5246 citata
2348 5189 2583 5262 loquela
2631 5207 2698 5247 ac
2731 5195 2957 5247 tantum
3009 5210 3128 5249 non
3177 5193 3403 5250 saltans
3456 5195 3515 5250 in
3552 5194 3727 5251 labiis
3756 5195 3784 5250 ‘2

2131 5270 2248 5335 imo
2269 5279 2485 5350 potius,
2517 5296 2617 5336 vos
2636 5282 2738 5353 qui
2763 5287 2955 5336 vestra
2974 5282 3248 5353 opinione
3266 5285 3440 5352 docti,
3462 5285 3781 5357 sapientes,

2131 5366 2353 5437 ﬁdeles,
2385 5384 2639 5439 veraces,
2687 5369 2868 5441 probi,
2909 5372 3080 5428 nobis
3125 5371 3342 5430 Graecis
3392 5372 3779 5441 religiosiores

2126 5457 2405 5530 iustiores
2458 5463 2514 5513 et
2565 5464 2979 5529 praeceptorum
3042 5462 3259 5518 Christi
3311 5461 3781 5520 observantiores

2129 5547 2270 5603 estis
2328 5546 2455 5619 (ego
2513 5563 2646 5605 vero
2678 5547 2799 5604 haec
2850 5566 3158 5620 nunquam
3202 5567 3303 5623 per
3351 5551 3672 5607 ludibrium
3717 5555 3776 5608 et

2123 5638 2323 5710 jocum
2356 5636 2601 5693 dixerim
2638 5654 2651 5694 :
2704 5655 2840 5695 nam
2873 5642 3027 5713 quod
3077 5640 3191 5697 luci
3233 5658 3365 5698 cum
3398 5642 3657 5699 tenebris
3689 5645 3780 5699 est

2127 5727 2612 5802 commercium?)
2667 5731 2724 5787 et
2773 5731 2925 5803 quod
2991 5731 3183 5804 majus
3241 5736 3350 5800 est,
3392 5731 3494 5804 qui
3539 5746 3773 5791 crucem
