4074 6444
294 410 413 476 989

1615 411 1922 474 ΝΙΟΕΤιΕ
1965 411 2385 476 ΟΗΟΝῙΔΤΕ

3588 413 3716 478 960

297 544 509 601 Christi
549 544 608 600 in
666 543 946 601 humeros
1006 543 1339 601 sustulistis
1371 559 1617 617 eamque
1666 546 1941 602 etdivina

2057 546 2284 620 σταυρὸν
2314 544 2396 602 ἐπ’
2423 543 2589 620 ὤμων
2645 543 2928 623 ἀράμενοι,
2969 544 3060 602 καὶ
3125 543 3399 610 πολλάκις
3428 545 3567 604 κατὰ
3591 544 3724 602 τού-

300 634 536 690 oracula
568 650 720 705 saepe
751 635 945 689 testati
995 635 1137 689 estis
1176 651 1277 689 vos
1320 635 1679 690 Christianas
1720 637 1950 706 provin-

298 725 419 779 cias
450 726 597 779 citra
620 725 970 796 sanguinem
998 724 1375 792 transituros,
1407 741 1509 779 nec
1541 726 1606 780 ad
1651 726 1949 782 dexteram

303 830 411 869 nec
436 815 503 868 ad
532 814 734 869 laevam
782 814 1166 883 declinantes,
1202 815 1303 869 sed
1357 820 1559 870 contra
1598 816 1950 872 Sarracenos

300 919 560 959 armasse
593 920 823 970 manus,
855 919 1177 974 eorumque
1209 905 1503 977 sanguine
1537 905 1688 963 702
1729 907 1947 961 tinctu-

302 1010 399 1049 ros
429 1009 557 1048 esse
587 992 831 1064 gladios,
863 994 962 1063 qui
996 994 1398 1067 Hierosolyma
1428 998 1827 1068 expugnastis,
1852 998 1951 1068 qui

299 1102 403 1141 vos
433 1083 858 1140 consuetudine
880 1090 937 1140 et
985 1082 1273 1155 colloquio
1324 1082 1636 1141 mulierum
1669 1092 1952 1156 tempera-

302 1179 467 1230 turos
536 1175 911 1246 promisistis,
978 1175 1237 1244 quandiu
1298 1190 1529 1229 crucem
1577 1175 1637 1230 in
1696 1176 1953 1233 humeris

304 1266 580 1336 tuleritis,
614 1271 680 1321 ut
709 1270 823 1321 Deo
873 1270 1242 1321 consecratos
1282 1266 1579 1321 viatores?
1626 1265 1953 1339 Nugatores

303 1372 403 1411 eos
435 1371 564 1411 esse
614 1355 784 1427 plane
815 1360 1044 1411 constat
1090 1354 1212 1426 qui,
1267 1356 1410 1410 dum
1462 1356 1724 1411 divinum
1761 1355 1954 1427 sepul-

302 1461 465 1500 crum
497 1444 818 1513 vindicant,
875 1446 1183 1500 manifeste
1228 1449 1431 1514 contra
1471 1446 1761 1501 Christum
1794 1445 1950 1501 insa-

305 1534 559 1601 nierunt,
609 1538 666 1589 et
714 1551 846 1589 cum
893 1550 1063 1590 cruce
1112 1548 1340 1590 crucem
1392 1534 1682 1590 violarunt
1738 1540 1795 1590 et
1849 1535 1951 1590 de-

305 1627 667 1693 struxerunt,
713 1639 887 1695 quam
926 1623 1183 1678 humeris
1231 1622 1594 1695 bajulabant,
1638 1624 1777 1677 dum
1819 1637 1948 1677 eam

303 1713 495 1783 exigui
527 1713 656 1767 auri
686 1718 742 1767 et
773 1714 997 1785 argenti
1043 1728 1223 1769 causa
1253 1720 1384 1768 ante
1423 1713 1597 1782 pedes
1629 1710 1944 1779 abjiciunt;

302 1810 355 1856 et
377 1800 519 1857 dum
546 1802 890 1873 margaritas
913 1801 1219 1874 colligunt,
1242 1800 1555 1872 pretiosam
1572 1799 1946 1869 margaritam

299 1891 594 1946 Christum
645 1892 1006 1962 abjecerunt,
1066 1891 1125 1944 in
1173 1887 1599 1944 sordidissimis
1639 1886 1844 1942 bestiis
1886 1903 1942 1942 re

2058 1886 2207 1961 ρίτας
2265 1884 2749 1960 ἐγκολπιζόμενοι,
2818 1885 2909 1940 τὸν

294 1979 666 2036 sanctissima
700 1980 987 2052 dispersa.
1040 1977 1163 2035 Non
1189 1976 1269 2029 ita
1300 1976 1562 2030 fecerunt
1594 1974 1943 2032 Ismaelitae:

298 2070 397 2124 sed
432 2069 739 2140 populares
772 2069 1015 2122 istorum
1059 2062 1520 2119 clementissime
1551 2072 1606 2119 et
1639 2063 1945 2120 humanis-

294 2157 442 2213 sime
467 2163 813 2222 tractarunt,
867 2153 1028 2225 potiti
1071 2153 1512 2224 Hierosolymis.
1564 2152 1763 2224 Neque
1788 2153 1943 2209 enim

292 2248 518 2305 Latinas
568 2255 862 2303 matronas
905 2242 1218 2313 violarunt,
1271 2259 1464 2315 neque
1503 2242 1717 2300 Christi
1743 2243 1944 2316 sepul-

294 2355 457 2395 crum
492 2335 873 2396 cadaveribus
926 2333 1348 2406 oppleverant;
1393 2348 1580 2405 neque
1613 2334 1943 2405 ingressum

290 2427 485 2484 vitalis
516 2425 728 2482 tumuli
766 2426 1113 2480 descensum
1146 2423 1217 2478 ad
1267 2424 1511 2492 inferos,
1544 2440 1734 2495 neque
1767 2422 1943 2479 vitam

295 2523 565 2585 mortem,
594 2531 783 2584 neque
823 2513 1309 2571 resurrectionem
1336 2513 1572 2569 ruinam
1603 2512 1942 2579 effecerunt,

294 2610 394 2665 sed
429 2607 635 2680 paucis
669 2606 863 2661 aureis
893 2606 953 2660 in
984 2604 1222 2677 singula
1251 2604 1444 2675 capita
1473 2600 1732 2660 contenti
1761 2602 1946 2657 omni-

293 2698 399 2754 bus
502 2698 749 2753 liberum
858 2694 1163 2750 arbitrium
1242 2692 1656 2765 permiserunt,
1740 2696 1946 2748 caetera

294 2786 671 2860 quantumvis
722 2784 907 2841 multa
966 2783 1404 2856 possessoribus
1460 2797 1814 2838 concessere.
1875 2785 1946 2837 Et

290 2875 398 2931 hoc
433 2876 605 2932 modo
634 2875 853 2932 Christi
887 2877 1325 2945 oppugnatores
1345 2885 1481 2926 cum
1523 2869 1743 2925 Latinis
1764 2868 1938 2925 aliam

293 2963 634 3037 religionem
698 2961 1112 3036 profitentibus
1170 2962 1451 3031 egerunt;
1511 2962 1569 3012 et
1624 2963 1688 3013 ut
1728 2972 1941 3028 magno

293 3054 490 3110 animo
536 3053 783 3125 dignum
818 3059 924 3119 esl,
976 3066 1080 3105 nec
1114 3049 1285 3113 ferro,
1322 3063 1424 3101 nec
1455 3045 1596 3117 igni,
1621 3061 1726 3101 nec
1771 3046 1945 3112 fame,

297 3143 449 3197 763
495 3157 599 3197 nec
649 3139 1071 3211 persecutione,
1126 3151 1233 3191 nec
1263 3134 1529 3189 nuditate
1583 3133 1644 3189 in
1678 3148 1776 3189 eos
1808 3140 1944 3188 sunt

2057 655 2155 690 του
2185 635 2273 691 καὶ
2307 640 2411 693 τῶν
2445 637 2601 692 θείων
2645 635 2853 715 λογίων
2900 635 3306 711 ἐπομοσάμενοι
3340 642 3422 713 [Ρ.
3459 638 3584 712 370]
3618 638 3720 700 τὰς

2063 726 2158 799 μὲν
2189 731 2296 781 τῶν
2331 728 2733 805 χριστωνόμων
2758 729 2945 803 χώρας
2978 727 3266 802 παρελθεῖν
3299 728 3590 801 ἀναιμωτὶ,
3628 729 3708 802 μή

2057 814 2481 890 προσνεύσαντες
2582 819 2837 892 ἀριστερά
2923 815 3050 891 μηδ’
3128 817 3469 879 ἐκκλίναντες
3544 814 3715 887 δεξιὰ,

2056 904 2192 959 κατὰ
2221 902 2277 960 δὲ
2310 906 2677 980 Σαρῥακηνῶν
2708 905 2931 962 ὁπλίσαι
2973 908 3069 969 τὰς
3115 912 3306 983 χεῖρας
3365 907 3452 962 καὶ
3486 906 3552 961 τὰ
3583 905 3713 984 ξίφη

2056 999 2424 1074 πορφυρῶσαι
2479 1001 2598 1057 τοῖς
2657 994 2878 1070 αἵμασιν
2935 995 2989 1051 o'i
3046 998 3145 1065 τήν
3206 994 3573 1071 Ἰερουσαλὴμ
3629 993 3717 1065 ἐξ·

2057 1085 2389 1159 ἐπόρθησαν,
2427 1082 2558 1158 μηδ’
2606 1084 2952 1162 ἀνδρίσασθαι
2994 1088 3227 1163 γυναιξὶν
3260 1087 3294 1157 ἦ
3327 1088 3446 1141 καθ’
3487 1084 3714 1159 ὁμιλίαν

2058 1173 2244 1235 αὐταῖς
2299 1174 2572 1241 συνελθεῖν
2631 1175 2711 1249 ἐφ’
2760 1177 2890 1232 ’ὀσον
2950 1176 3008 1232 ἂν
3078 1178 3273 1252 χρόνον
3331 1177 3422 1232 τὸν
3487 1174 3718 1249 σταυρὸν

2060 1261 2377 1338 ἐπωμάδιον
2433 1267 2693 1346 φέρωσιν,
2769 1268 2843 1329 ὡς
2924 1268 3240 1342 ἡγνισμένοι
3297 1271 3412 1339 Θεῷ
3466 1264 3556 1321 καὶ
3613 1266 3714 1334 τήν

2058 1355 2228 1409 αὐτοῦ
2295 1354 2519 1431 πορείαν
2580 1355 2958 1429 στελλόμενοι.
3014 1358 3219 1419 Ὄντως
3277 1355 3570 1431 λογοποιοὶ
3637 1353 3720 1424 ἐξ·

2057 1445 2383 1524 εφάνθησαν,
2434 1443 2521 1499 καὶ
2560 1449 2657 1498 τοῦ
2708 1446 2852 1509 θείου
2899 1445 3063 1521 τέφου
3123 1443 3380 1522 διφῶντες
3429 1441 3707 1513 ἐκδίκησιν

2056 1532 2194 1587 κατὰ
2224 1532 2459 1605 Χριστοῦ
2514 1529 2814 1605 προδήλως
2876 1530 3198 1600 ἐλόττησαν,
3258 1534 3347 1584 καὶ
3384 1532 3517 1601 μετὰ
3544 1550 3709 1583 σταυ-

2063 1624 2161 1695 ροῦ
2190 1620 2290 1686 τὴν
2338 1623 2436 1674 τοῦ
2483 1622 2715 1692 σταυροῦ
2768 1616 3064 1673 κατάλυσιν
3116 1620 3479 1691 ἠνομήκασιν,
3514 1616 3570 1672 δν
3600 1618 3712 1672 ἐπι-

2056 1709 2253 1762 νώτιον
2285 1701 2496 1782 ἔφερον,
2555 1711 2747 1761 τοῦτον
2806 1708 2914 1781 πρὸ
2970 1704 3153 1761 ποδῶν
3198 1708 3402 1770 τιθέναι
3455 1707 3530 1780 μή
3566 1707 3717 1782 φρίτ·

2055 1817 2237 1860 τοντες
2269 1794 2359 1850 διὰ
2404 1794 2630 1871 χρυσίον
2689 1794 2871 1871 βραχῦ
2918 1795 3007 1850 καὶ
3059 1794 3345 1872 ἀγγόριον.
3378 1795 3483 1851 Καὶ
3520 1814 3720 1869 μαργα-

2992 1881 3303 1956 πολύτιμον
3377 1881 3721 1959 μαργαρίτην

2056 1974 2291 2050 Χριστὸν
2347 1976 2669 2045 ἡθετήκασι,
2750 1978 2869 2035 τοῖς
2943 1970 3317 2048 ἐναγεστάτοις
3384 1977 3492 2026 τῶν
3559 1972 3716 2041 ζώων

2054 2065 2148 2119 τὸν
2180 2062 2584 2140 παναγέστατον
2619 2061 3046 2137 διασπείραντες.
3080 2063 3148 2120 Οἱ
3181 2059 3228 2115 δ’
3269 2060 3321 2132 ἐξ
3353 2060 3586 2133 ’[σμαὴλ
3618 2059 3730 2136 οὐχ

2058 2154 2255 2225 οὕτως,
2293 2154 2379 2208 ὅτι
2414 2155 2490 2226 μὴ
2522 2152 2612 2207 καὶ
2666 2154 2805 2207 πάνυ
2836 2150 3239 2231 φιλανθρώπως
3293 2153 3383 2205 καί
3434 2153 3735 2224 προσηνῶς

2055 2248 2173 2305 τοῖς
2206 2243 2266 2298 ἐκ
2296 2247 2393 2298 τοῦ
2447 2242 2639 2318 γένους
2698 2242 2876 2297 αὐτῶν
2933 2240 3417 2316 προσηνέχθησαν,
3449 2246 3551 2310 τῆς
3584 2240 3736 2295 Σιὼν

2055 2332 2504 2409 κατιοχᾍσαντες.
2562 2329 2703 2390 Οὔτε
2750 2331 2853 2407 γὰρ
2906 2330 3116 2406 γυναιξὶ
3170 2330 3448 2385 Λατινίσιν
3501 2329 3736 2405 ἐπεχρε-

2058 2423 2304 2495 μέτισαν,
2339 2421 2463 2477 οὗτε
2505 2422 2569 2476 τὸ
2614 2423 2860 2496 Χριστοῦ
2918 2422 3175 2494 κενήριον
3231 2416 3597 2494 πολυάνδριον
3629 2439 3738 2473 πε-

2056 2513 2262 2568 σόντων
2292 2506 2520 2582 ἔδειξαν,
2553 2507 2685 2566 οὐδὲ
2748 2507 2979 2574 κάθοδον
3038 2508 3091 2572 ἐς
3151 2507 3282 2581 ᾃδου
3325 2511 3426 2579 τήν
3457 2510 3593 2583 πρὸς
3624 2510 3728 2565 τὸν

2058 2602 2348 2678 ζωηφόρον
2409 2601 2578 2677 τάφον
2635 2595 2865 2667 εἴσοδον,
2927 2597 3054 2653 οὐδὲ
3110 2597 3331 2653 θάνατον
3390 2598 3490 2667 τήν
3542 2599 3718 2670 ζωὴν,

2055 2686 2181 2745 οὐδὲ
2234 2694 2440 2745 πτῶσιν
2498 2689 2597 2757 τὴν
2655 2687 2966 2759 ἀνάστασιν,
3028 2688 3337 2760 ἁπαξάπασι
3407 2684 3454 2741 δ’
3511 2684 3720 2749 ἀνέντες

2051 2781 2151 2849 τὴν
2188 2773 2370 2850 ἔξοδον
2430 2777 2711 2854 χρυσίνοις
2771 2779 2991 2853 ἀριθμῷ
3043 2779 3163 2833 κατ’
3223 2775 3393 2853 ἄνδρα
3454 2775 3710 2855 βραχέσιν

2053 2868 2325 2947 άφώριξον
2383 2868 2452 2923 τὰ
2510 2869 2776 2944 ζωάγρια,
2832 2867 2900 2922 τὰ
2952 2865 3121 2923 λοιπᾶ
3177 2872 3295 2929 τοῖς
3353 2865 3715 2939 κεκτημένοις

2053 2959 2335 3031 παρέντες,
2367 2954 2463 3011 κᾶν
2519 2959 2733 3031 ψάμμῳ
2789 2956 2924 3024 ἦσαν
2983 2973 3289 3031 παρομοια.
3341 2955 3447 3011 Καὶ
3477 2952 3713 3011 τοιῶσδε

2059 3047 2152 3120 μὶν
2183 3048 2246 3101 τὸ
2278 3046 2668 3121 Χριστομάχον
2696 3049 2813 3106 τοῖς
2862 3045 3223 3109 ἀλλοπίστοις
3256 3045 3507 3108 Λατίνοις
3538 3044 3711 3121 ἐχρή-

2055 3156 2208 3204 σατο,
2244 3136 2321 3208 μή
2353 3134 2521 3212 ξίφος,
2561 3136 2635 3208 μὴ
2669 3139 2798 3211 πῦρ,
2854 3135 2929 3208 μή
2989 3133 3179 3209 λιμὸν,
3215 3137 3290 3208 μὴ
3326 3133 3599 3213 διωγμὸν,
3635 3134 3714 3209 μὴ

257 3233 564 3305 'grassati,
599 3229 761 3285 nullo
794 3226 1057 3299 graviore
1091 3240 1264 3281 onere
1300 3216 1589 3294 imposito.
1622 3222 1940 3279 Nobiscum

2054 3224 2393 3298 γυμνότητα,
2459 3225 2536 3297 μὴ
2597 3224 3000 3298 συντρίμματα,
3074 3226 3147 3297 μή
3215 3224 3491 3298 πιέσματα
3559 3246 3723 3299 μεγα-

291 3325 484 3376 autem
535 3319 632 3375 isti
682 3315 902 3371 Christi
955 3318 1244 3381 amantes,
1295 3311 1558 3382 ejusdem
1615 3310 1939 3384 religionis,

288 3407 448 3466 nulla
514 3404 737 3476 injuria
794 3403 1069 3471 lacessiti,
1130 3401 1213 3457 sio
1270 3404 1516 3474 egerunt
1569 3405 1634 3457 ut
1693 3399 1943 3458 breviter

286 3510 706 3569 percurrimus.

361 3677 413 3732 5.
448 3674 491 3731 Ο
517 3672 672 3744 urbs,
699 3671 1101 3741 urbs,urbium
1131 3671 1397 3728 omnium
1415 3669 1597 3735 ocule,
1613 3685 1716 3743 per
1737 3670 1938 3726 orbem

288 3772 577 3822 terrarum
611 3763 878 3835 celebris,
938 3760 1344 3835 spectaculum
1393 3759 1940 3828 ultramundanum,

291 3855 679 3911 Ecclesiarum
711 3853 914 3921 Mater,
951 3853 1222 3924 princeps
1253 3849 1569 3923 religionis,
1608 3853 1776 3904 recta:
1806 3865 1938 3904 sen-

289 3946 478 4002 tentiae
511 3946 647 4015 dux,
679 3943 1029 4001 eruditionis
1069 3942 1336 4006 alumna,
1384 3939 1577 3996 omnis
1611 3937 1942 4010 pulchritu-

289 4037 445 4093 dinis
477 4034 880 4102 diversorium,
911 4037 1067 4091 itane
1116 4049 1183 4088 ex
1224 4046 1397 4087 manu
1432 4028 1665 4085 Domini
1698 4027 1939 4083 calicem

289 4126 500 4182 furoris
560 4123 801 4181 bibisti?
856 4123 1015 4178 itane
1046 4138 1181 4192 pars
1237 4119 1512 4176 exstitisti
1562 4118 1714 4189 ignis
1756 4117 1939 4173 multo

286 4215 737 4272 vehementioris
793 4230 860 4269 eo
904 4228 1017 4284 quo
1075 4211 1214 4267 olim
1278 4206 1610 4277 Pentapolis
1656 4206 1939 4263 divinitus

288 4304 721 4376 conﬂagravit?
760 4304 1063 4368 Quodnam
1087 4299 1194 4355 tibi
1223 4298 1481 4353 tribuam
1514 4295 1815 4367 elogium?
1844 4295 1938 4352 cui

289 4400 345 4449 t'e
376 4409 711 4465 comparem
737 4391 766 4445 ?
789 4409 861 4447 an
896 4388 1176 4462 populum
1207 4386 1575 4443 contritionis
1594 4390 1705 4440 tuas
1732 4384 1937 4455 ampli-

288 4485 525 4539 ficatum
586 4498 736 4549 esse,
794 4485 859 4536 ut
916 4482 1278 4549 lacrymosus
1352 4475 1637 4530 Jeremias
1685 4478 1936 4530 veterem

290 4572 527 4629 Sionem
557 4569 869 4642 deplorans
904 4566 1028 4623 ait?
1058 4566 1161 4631 Qui
1196 4563 1333 4619 mali
1372 4563 1523 4634 genii
1557 4563 1626 4618 ad
1668 4562 1930 4619 cribran-

285 4673 421 4728 dum
446 4667 886 4742 efﬂagitarunt?
935 4666 1037 4738 qui
1067 4665 1368 4732 alastores,
1417 4660 1600 4717 invidi
1635 4664 1693 4716 et
1723 4660 1933 4729 impla-

285 4762 503 4817 cabiles
537 4763 852 4825 daemones,
886 4752 1188 4813 ebrietatis
1221 4753 1279 4807 in
1312 4755 1367 4808 te
1401 4767 1513 4806 suae
1553 4750 1934 4818 intemperiae

288 4852 666 4909 eﬁuderunt?
713 4851 810 4921 qui
844 4847 1040 4904 infesti
1073 4850 1132 4900 et
1170 4844 1363 4899 insani
1405 4841 1561 4913 proci
1605 4841 1931 4896 thalamum

293 4942 398 4997 tibi
448 4959 562 4997 non
612 4940 1057 5004 concinnarunt,
1103 4950 1208 4990 nec
1242 4932 1420 4987 facem
1472 4929 1788 5002 nuptialem
1831 4928 1931 4985 sed

290 5031 571 5086 carbones
585 5029 848 5084 exitiales
874 5021 1312 5081 incenderunt?
1333 5024 1378 5076 Ο
1400 5020 1647 5075 fecunda
1661 5018 1935 5091 genitrix,

290 5121 462 5191 bysso
486 5125 543 5175 et
569 5133 826 5192 purpura
856 5111 1235 5186 imperatoria
1263 5110 1476 5166 amicta
1508 5109 1935 5180 pridem,modo

287 5209 517 5265 sordida
549 5213 605 5263 et
636 5206 919 5277 squalida,
956 5209 1014 5260 et
1045 5199 1336 5275 germanis
1379 5198 1583 5254 orbata
1613 5196 1813 5253 liberis
1847 5197 1860 5253 ι
1893 5201 1939 5253 Ο

288 5298 504 5369 pridem
538 5300 595 5351 in
620 5296 737 5351 atto
767 5293 911 5349 solio
959 5292 1261 5357 collocata,
1307 5287 1499 5360 longis
1531 5294 1590 5342 et
1628 5285 1780 5343 784
1801 5287 1937 5343 altis

289 5388 575 5443 incedens
607 5383 896 5458 passibus,
950 5385 1203 5454 augusto
1232 5378 1422 5443 vultu,
1472 5380 1690 5433 statura
1720 5376 1944 5451 magni-

296 5477 424 5544 ﬁca,
452 5492 608 5531 nunc
640 5472 879 5529 humilis
912 5476 970 5528 et
1000 5466 1314 5541 depressa!
1347 5469 1632 5523 Lacerataa
1662 5471 1799 5521 sunt
1829 5474 1938 5521 tua!

291 5561 551 5618 delicatae
584 5563 807 5626 vestes;
842 5556 1207 5630 elegantibus
1237 5558 1408 5624 atque
1440 5554 1770 5625 imperiosis
1802 5569 1938 5624 spo-

290 5652 434 5708 liata
461 5668 522 5708 es
553 5648 930 5705 redimiculis.
956 5643 1251 5701 Exstincta
1289 5645 1379 5696 est
1412 5643 1509 5697 lux
1548 5644 1935 5714 gratiosorum

292 5740 596 5799 oculorum
621 5781 634 5807 ,
678 5737 921 5795 anicula)
954 5732 1282 5793 caminarias
1334 5731 1552 5788 similis
1580 5747 1648 5788 ex
1685 5728 1940 5788 incendii

2054 3311 2322 3388 λοψύχως
2372 3311 2551 3392 σφίσιν
2608 3312 2915 3389 ἐπενεγκόν·
2980 3316 3116 3386 ἡμῖν
3159 3310 3206 3368 δ’
3262 3311 3486 3377 ἐκεινως
3544 3315 3607 3369 τὸ
3639 3335 3727 3393 φι-

2052 3400 2351 3477 λόχριστον
2410 3402 2501 3457 καὶ
2559 3399 2831 3476 ὁμόδοξον
2896 3405 3348 3477 προσενήνεκται,
3381 3403 3457 3467 ὡς
3510 3403 3722 3480 ἐπιτρέ-

2049 3512 2239 3568 χοντες
2305 3492 2547 3565 εἴπομεν,
2608 3489 2749 3565 μηδὲ
2840 3490 3159 3568 ἐπεγκαλῶ
3237 3490 3493 3567 ἀδίκημα
3560 3488 3719 3568 ἔχονο

2061 3602 2171 3647 τες.

2123 3672 2183 3728 e‘.
2213 3672 2283 3726 Ὦ
2323 3669 2514 3740 πόλις,
2555 3670 2723 3735 πόλις
2759 3668 2976 3726 πόλεων
3015 3675 3203 3726 πασῶν
3243 3673 3519 3747 ὀφθαλμὲ,
3554 3671 3724 3739 ἄκου-

2050 3784 2161 3837 σμα
2235 3761 2598 3837 παγκότμιον,
2675 3773 2850 3835 θεαμα
2930 3758 3319 3837 ὑπερκὸσμιον,
3397 3761 3715 3835 ἐκκλησιῶν

2046 3851 2314 3932 γαλουχὲ,
2343 3854 2579 3913 πίστεως
2624 3852 2863 3928 ἀρχηγὶ,
2915 3849 3232 3926 ὀρθοδοείας
3264 3850 3491 3929 ποδηγὶ,
3522 3854 3708 3928 λόγων

2054 3941 2300 4015 μέλημα,
2359 3939 2534 3996 καλοῦ
2582 3942 2782 4003 παντὸς
2841 3937 3203 4013 ἐνδιαίτημαί
3265 3940 3310 3996 ὢ
3343 3944 3376 4011 ἡ
3412 3940 3471 3998 ἐκ
3518 3944 3713 4019 χειρὸς

2051 4031 2251 4105 Κυρίου
2280 4030 2343 4086 τὸ
2372 4034 2470 4085 τοῦ
2502 4034 2679 4104 θυμοῦ
2727 4033 2925 4085 πιοῦσα
2972 4031 3265 4105 ποτήριον,
3298 4026 3343 4085 ὥ
3373 4033 3408 4101 ἡ
3441 4031 3710 4108 γενομένη

2053 4121 2224 4194 πυρὸς
2286 4119 2441 4194 μερὶς
2499 4118 2698 4192 πολλῷ
2755 4114 3192 4195 δραστικωτὲρου
3220 4125 3321 4175 τοῦ
3352 4117 3717 4177 καταιϐασίου

2047 4210 2219 4267 πάλαι
2252 4210 2425 4286 πυρὸς
2456 4209 2863 4277 πενταπόλεώς,
2920 4209 2973 4264 τί
3034 4213 3368 4286 μαρτυρήσω
3428 4230 3552 4281 σοι;
3611 4211 3718 4268 τίνι

2049 4301 2314 4375 ὁμοιώσω
2379 4318 2486 4369 cs;
2545 4300 2631 4355 ’ὁτι
2691 4298 3039 4375 ἐμεγαλύνθη
3099 4302 3365 4376 ποτήριον
3420 4298 3717 4376 συντριϐἧς

2048 4411 2167 4460 σου,
2217 4388 2481 4462 Ἱερεμίας
2539 4387 2700 4464 φησὶν
2753 4389 2780 4443 ὁ
2838 4385 3173 4465 φιλόδακρυς
3219 4392 3319 4459 τὴν
3360 4389 3534 4445 πάλαι
3568 4391 3714 4446 Σιὼν

2047 4477 2408 4552 κοπτόμενος.
2444 4478 2603 4540 Τίνες
2662 4478 2953 4533 κακοποιοὶ
3013 4475 3273 4551 δυνάμεις
3331 4478 3610 4553 ᾐτήσαντό
3652 4502 3712 4537 σε

2046 4569 2136 4623 καὶ
2168 4562 2365 4622 ἔλαϐον
2425 4567 2502 4629 είς
2559 4566 2836 4636 συνίασιν;
2894 4567 3040 4629 τίνες
3101 4566 3403 4642 ἀλάστορες
3453 4571 3709 4646 φθονεροὶ

2044 4657 2134 4712 καὶ
2202 4656 2517 4729 ἀμείλικτοι
2586 4654 2842 4731 δαίμονες
2933 4656 3122 4731 κῶμόν
3192 4679 3279 4713 σοι
3347 4657 3704 4731 ἐπεκώμασαν

2045 4745 2231 4822 ἄγριον
2290 4747 2325 4817 ἢ
2395 4751 2530 4822 γοῦν
2595 4747 2839 4821 ἀνάρσιοι
2905 4748 2996 4802 καὶ
3066 4745 3358 4821 μανιώδεις
3427 4748 3692 4826 Τελχῖνες

2045 4833 2291 4892 παστάδα
2351 4838 2446 4910 μὲν
2508 4839 2608 4892 οὐκ
2664 4834 2975 4909 ἐπλέξαντο,
3028 4834 3148 4891 οὐδ’
3203 4836 3415 4912 ἀνῆψάν
3455 4860 3541 4894 σοι
3571 4837 3704 4910 δᾷδα

2046 4927 2352 5003 γαμήλιον,
2410 4925 2836 5003 ἀφανιστηρίους
2900 4922 2949 4979 δ’
3014 4923 3304 4980 ἀνέκαυσαν
3389 4926 3693 5003 ἄνθρακαςς

2048 5013 2093 5069 ὢ
2125 5017 2158 5085 ἡ
2192 5014 2505 5090 πολύγονος
2532 5015 2622 5070 καὶ
2658 5015 2855 5089 βύσσον
2899 5014 2991 5069 καὶ
3021 5015 3303 5093 πορφύραν
3352 5014 3691 5089 ἠμφίεσμένη

2050 5107 2137 5178 [Ρ.
2175 5107 2298 5178 371]
2335 5103 2634 5179 βασιλειον,
2667 5105 2865 5177 πιναρὰ
2888 5101 2934 5158 δ’
2956 5102 3156 5176 ἀρτίως
3180 5104 3272 5159 καὶ
3301 5102 3582 5178 αὐχμηρά,
3604 5107 3695 5161 καὶ

2048 5193 2276 5251 πολλῶν
2326 5198 2509 5250 κακῶθ
2555 5192 2901 5269 κληροῦχος,
2950 5192 3042 5248 καὶ
3091 5192 3293 5249 τέκνων
3330 5196 3432 5248 τῶν
3461 5190 3701 5266 γνησίων

2051 5282 2369 5358 χατίζουσα.
2403 5282 2468 5335 Ὠ
2497 5283 2532 5351 ἡ
2564 5280 2756 5356 πρώην
2804 5279 3091 5355 ὑψίθρονος
3138 5281 3228 5335 καὶ
3283 5276 3495 5357 βιὸῶσα
3527 5280 3712 5354 μακρὰ

2047 5372 2139 5427 καὶ
2174 5369 2440 5445 μετέωρα,
2494 5370 2918 5447 μεγαλοπρεπὴς
2975 5370 3038 5424 τὸ
3091 5370 3256 5439 εἶδος,
3298 5366 3715 5445 ἀξιοπρεπέστέ-

2055 5482 2122 5538 ρα
2180 5461 2243 5515 τὸ
2297 5462 2553 5537 μέγεθος,
2612 5460 2722 5516 νυνὶ
2777 5458 2834 5516 δὲ
2886 5458 3301 5535 κατερῥαγμένη
3352 5460 3446 5515 καὶ
3496 5457 3714 5536 Suppu-

2050 5549 2223 5627 γμένη
2281 5550 2409 5614 τοὺς
2463 5546 2777 5626 χλίδῶντας
2836 5552 3073 5624 χιτῶνας
3127 5547 3217 5602 καὶ
3270 5548 3338 5601 τὰ
3394 5547 3589 5622 κομψὰ
3615 5547 3709 5601 καὶ

2049 5638 2254 5714 ἀρχικὰ
2297 5636 2598 5716 κρήδεμνα,
2649 5638 2739 5694 καὶ
2800 5633 2976 5710 ὄμμα,
3034 5632 3411 5708 ἆπεσϐεσμένη
3444 5638 3506 5691 τὸ
3539 5654 3710 5711 χαρο-

2048 5726 2293 5802 πόν,καί
2347 5726 2482 5805 γρηῒ
2536 5731 2765 5801 καμινοῖ
2816 5723 2917 5797 ’ίση
2980 5724 3039 5781 ἐκ
3092 5729 3189 5782 τοῦ
3241 5721 3709 5799 κατησϐολῶσθαι
