4074 6390
329 382 443 442 961

1435 377 1775 441 ALEXIUS
1819 374 2076 440 DUGAS
2123 376 2628 440 MURZUFLUS.

3627 381 3750 441 962

330 515 486 589 πυρὶ,
535 514 626 568 καὶ
676 512 853 591 ῥυτίσι
913 509 1189 588 χαλαραῖς
1237 511 1619 585 ηὗλακισμένη
1667 514 1767 582 τὴν
1823 509 1973 565 στιλ-

2097 511 2331 581 fuligine
2360 513 2628 569 exstitisti
2665 530 2680 582 ;
2714 513 3020 585 profundis
3052 513 3219 585 rugis
3249 512 3552 585 splendida
3587 516 3748 586 prius

328 606 466 673 πνήν
496 604 586 659 καὶ
616 605 854 679 τερπνὴν
887 601 1010 676 ὄψιν
1044 603 1328 677 πρότερον.
1363 603 1474 659 Ἐῶ
1519 604 1622 677 γὰρ
1655 598 1828 676 λέγειν
1857 598 1984 661 τοὺς

329 695 467 766 πρὸς
499 692 666 760 λύραν
697 692 1034 755 ἐκτείνοντας
1070 713 1130 748 τε
1154 691 1243 747 καὶ
1275 689 1587 766 ψάλλοντας
1616 691 1685 747 τὰ
1741 691 1808 746 σὰ
1859 688 1990 745 δυσ-

324 785 678 859 πραγήματα,
712 780 801 836 καὶ
832 780 1132 855 κωμῳδίαν
1190 780 1513 853 τιθεμένους
1568 781 1667 849 τὴν
1710 782 1809 851 σὴν
1865 799 1988 855 τρα.

325 871 530 950 γῳδίαν
561 872 614 929 ἐν
644 876 724 945 τῷ
750 874 843 928 τὸν
873 873 1024 927 οἶνον
1068 871 1411 947 προσίεσθαι,
1448 872 1540 927 καὶ
1609 870 1733 947 βίου
1788 870 1987 944 τέχνην

326 960 692 1036 ποιουμένους
719 963 817 1031 τὴν
850 958 1130 1040 γελοιώδη
1177 965 1283 1016 τῶν
1311 965 1493 1016 κακῶν
1553 980 1650 1015 σου
1687 959 1984 1037 ἀφήγησιν,

325 1051 452 1114 τοὺς
483 1049 890 1126 κονδυλισμοός
943 1073 1003 1107 τε
1058 1049 1150 1107 καὶ
1205 1050 1592 1127 πτερνισμοὺς,
1649 1044 1730 1105 ἔτι
1795 1046 1852 1104 δὲ
1889 1048 1984 1111 τὰς

325 1141 606 1216 ἀθετήρεις
666 1143 754 1196 καὶ
813 1141 882 1195 τὰ
949 1141 1174 1196 ὑπώπια
1232 1138 1264 1194 ἃ
1322 1159 1408 1194 σοι
1465 1136 1755 1211 καθ’ὥραν
1810 1142 1985 1194 πᾶσαν

323 1227 769 1307 προστρίϐονται.
830 1227 1277 1305 Παρεζηλωμένη
1339 1229 1520 1293 θεόθεν
1573 1226 1661 1283 ἐπὶ
1721 1229 1796 1301 μή
1857 1226 1985 1303 ἐχέ-

324 1340 514 1400 φροσιν
547 1317 769 1389 ἔθνεσιν,
818 1319 854 1388 ἢ
914 1316 1029 1374 οὐδ’
1077 1316 1279 1383 ἔθνεσιν
1338 1317 1561 1389 ἀληθῶς
1616 1316 1809 1388 εἰπεῖν,
1857 1315 1986 1373 ἀλλ’

325 1407 591 1484 ἂμυδροῖς
637 1409 728 1464 καὶ
786 1407 1142 1483 σποραδιγοῖς
1189 1407 1417 1483 γένεσιν,
1483 1408 1558 1462 ὧν
1605 1406 1672 1461 τὰ
1704 1406 1881 1463 πλείω
1938 1407 1985 1462 εἱ

328 1499 405 1572 μή
439 1499 752 1573 ἐγέννησας,
811 1496 941 1552 ἀλλ’
997 1498 1219 1571 ὕψωσάς
1286 1517 1342 1552 τε
1398 1496 1492 1551 καὶ
1550 1494 1767 1557 στέατος
1808 1499 1984 1569 πυροῦ

328 1585 664 1660 μετέδωκας,
722 1588 804 1648 τίς
861 1588 1024 1640 σώσει
1076 1603 1181 1654 σε;
1232 1586 1268 1654 ἢ
1326 1584 1411 1647 τίς
1457 1582 1820 1659 παρακαλέσει
1876 1604 1984 1655 σε;

323 1676 407 1738 τίς
439 1675 673 1751 φείσεται
721 1674 811 1731 ἐπὶ
840 1676 927 1730 σοί
960 1694 975 1745 ;
1005 1672 1042 1744 ἤ
1072 1674 1155 1736 τίς
1213 1673 1591 1750 σκυθρωπάσει
1631 1672 1720 1728 ἐπὶ
1752 1672 1838 1728 σοί
1871 1692 1886 1742 ;
1945 1673 1982 1743 ἢ

322 1764 404 1829 τίς
433 1763 813 1840 ἐπανακάμψει
841 1764 1119 1839 ἐρωτῆσαι
1170 1765 1238 1819 τὰ
1296 1764 1373 1825 εἷς
1402 1761 1627 1839 εἷ’ρήνην
1656 1782 1743 1818 σοι
1801 1763 1984 1838 (Ἱερε-

330 1853 458 1929 μίου
487 1853 578 1910 καί
618 1852 749 1909 τάδε
800 1858 897 1909 τοῦ
953 1852 1378 1929 πολυθρηνήτου
1428 1853 1496 1908 τὰ
1554 1851 1817 1928 ῥήματα),
1876 1850 1984 1907 εἴτε

329 1944 436 2019 μὴν
469 1945 568 2013 τὴν
600 1943 864 2020 προτέραν
923 1941 1125 2013 στολὴν
1185 1940 1463 1998 ἒπενδύσει
1497 1961 1553 1996 σε
1589 1959 1603 2011 ;
1669 1942 1803 1996 πότε
1862 1940 1982 1997 θεό-

326 2036 410 2090 θεν
476 2032 700 2108 ἐνωτίσῃ
757 2032 1080 2110 Ἐξεγείρου,
1164 2031 1423 2104 ἀνάστηθι
1505 2033 1541 2101 ἡ
1650 2034 1850 2085 πιοῦσα
1919 2031 1982 2085 τὸ

324 2124 590 2197 ποτήριον
623 2126 719 2178 τοῦ
746 2125 922 2195 θυμοῦ
955 2142 1062 2195 μου
1084 2121 1175 2176 καὶ
1224 2121 1286 2175 τὸ
1356 2116 1518 2175 κόνδυ
1568 2125 1668 2189 τῆς
1696 2121 1982 2180 πτώσεως.

321 2208 704 2282 Ἕνδυσαιτήν
752 2210 910 2288 ἰσχύν
969 2216 1089 2279 σὸυ,
1159 2206 1371 2266 ἔνδυσαι
1427 2211 1528 2279 τήν
1594 2206 1749 2282 δόξαν
1834 2226 1980 2277 σου;

322 2301 626 2372 Ἐκτίναξαι
656 2302 747 2356 τὸν
791 2305 925 2376 χοῦν
982 2301 1072 2357 καὶ
1130 2299 1412 2371 ἀνάστηθι.
1448 2296 1708 2355 ’Ἐκδυσαι
1769 2298 1861 2353 τὸν
1897 2295 1985 2353 δε·-

323 2391 458 2462 σμὸν
516 2394 614 2445 τοῦ
652 2388 946 2465 τραχήλου
1005 2409 1123 2444 σουο
1183 2387 1460 2444 πλατυνον
1516 2387 1608 2443 τὸν
1661 2388 1829 2444 τόπον
1882 2394 1982 2457 τῆς

324 2485 531 2548 σκηνῆς
565 2499 660 2534 σου
683 2478 773 2533 καὶ
805 2483 912 2533 τῶν
942 2476 1184 2534 αὐλαιῶν
1219 2498 1336 2536 σου.
1369 2478 1462 2547 Μὴ
1492 2473 1668 2555 φοϐοῦ
1714 2475 1799 2532 ὅτι
1852 2497 1980 2532 κατ-

323 2567 630 2647 ῃσχύνθης,
722 2565 865 2642 μηδὲ
929 2568 1217 2643 ,ἐντραπῇς
1302 2566 1387 2624 ὅτι
1474 2565 1818 2639 ώνειδίσθης,
1893 2569 1984 2623 καὶ

327 2657 631 2732 ἐκρότησαν
690 2657 781 2713 ἐπὶ
837 2658 920 2712 σοὶ
983 2663 1176 2731 χεῖρας
1222 2657 1418 2718 πάντες
1450 2658 1502 2712 οἱ
1532 2659 1984 2732 παραπορευόμε-

331 2766 417 2802 νοι
445 2743 593 2815 ὁδὸν,
626 2745 875 2821 ἐσόρισαν
934 2745 1024 2800 καὶ
1082 2745 1333 2816 ἐκίνησαν
1362 2744 1605 2825 κεφαλὰς
1636 2746 1839 2816 αὐτῶν,
1897 2747 1987 2801 καὶ

328 2834 505 2904 εἶπον,
531 2858 559 2887 ι(
591 2833 740 2905 Αὕτη
765 2833 908 2891 ἐστὶν
942 2838 977 2905 ἡ
1009 2834 1196 2907 πόλις,
1236 2837 1264 2891 ὁ
1300 2836 1555 2913 στέφανος
1582 2831 1744 2905 δόξης
1804 2835 1893 2890 καὶ
1949 2836 1986 2904 ἡ

327 2924 632 3001 εὐφροσύνη
663 2925 842 2994 πάσης
901 2932 1003 2994 τῆς
1050 2931 1172 3001 γῆς.
1230 2925 1333 2981 Καὶ
1391 2929 1510 2986 πῶς
1568 2924 1779 2980 ἐκάθισε
1835 2926 1989 3000 χήρα

325 3015 361 3083 ἠ
416 3011 848 3086 πεπληθυσμένη
912 3011 1081 3083 λαῶν,
1130 3013 1222 3068 καὶ
1279 3016 1315 3083 ἡ
1360 3012 1612 3088 ἄρχουσα
1663 3013 1717 3068 ἐν
1773 3014 1988 3088 χώραις

326 3100 588 3178 ἐγεννήθη
623 3102 699 3164 εἰς
732 3104 936 3180 φόρους
966 3120 979 3171 ;
1016 3102 1152 3158 Εἶπε
1180 3104 1285 3178 γὰρ
1345 3104 1373 3157 6
1431 3102 1562 3165 Θεός
1612 3123 1731 3171 σου,
1782 3101 1987 3177 Χρόνον

331 3192 524 3266 μικρὸν
551 3189 845 3246 κατέλιπόν
874 3211 954 3261 σε,
1004 3192 1094 3246 καὶ
1129 3192 1245 3267 μετ’
1294 3190 1481 3254 ἐλέους
1514 3190 1757 3267 μεγάλου
1789 3190 1988 3246 οἴκτει-

329 3282 481 3357 ρήσω
508 3301 585 3337 σε.
619 3283 706 3337 Ἐν
758 3282 916 3353 θυμῷ
976 3285 1159 3356 μικρῷ
1213 3280 1520 3357 ἀπέστρεψα
1578 3281 1643 3336 τὸ
1690 3280 1984 3357 πρόσωπόν

335 3388 462 3443 μου,
493 3370 584 3423 καὶ
612 3367 664 3424 ἐν
700 3367 840 3441 ἐλέῳ
868 3368 1074 3440 αἰωνίῳ
1107 3368 1321 3438 ἐλεήσω
1376 3390 1453 3425 σε.
1488 3392 1516 3422 »
1577 3370 1649 3425 Ἦ
1681 3374 1812 3445 γοῦν
1840 3369 1988 3441 ᾄσεις

330 3454 634 3520 Δαϐιδικῶς
665 3458 802 3533 πρὸς
836 3458 991 3527 Θεὸν,
1024 3482 1052 3510 ‹‹
1086 3457 1238 3513 Κατὰ
1264 3458 1328 3511 τὸ
1376 3456 1592 3527 πλῆθός
1622 3461 1732 3512 τῶν
1783 3456 1987 3513 ὀδυνῶν

336 3570 441 3625 μου
469 3549 521 3606 ἐν
548 3553 617 3623 τῇ
649 3546 842 3624 καρδίᾳ
876 3568 981 3622 μου
1038 3549 1094 3602 αἱ
1150 3545 1523 3622 παρακλήσεις
1578 3569 1674 3603 σου
1728 3545 1992 3623 εῦφραναν

330 3640 432 3708 τὴν
465 3640 651 3713 ψυχήν
686 3658 814 3710 μου.
855 3659 885 3688 ››
915 3638 1008 3700 Τίς
1035 3633 1380 3707 ἐπιστήσεται
1448 3657 1534 3691 σοι
1567 3638 1810 3707 Μωϋσῆς
1838 3657 1991 3692 καιν-

340 3728 559 3803 ουργὸς,
591 3726 626 3796 ἢ
696 3726 976 3802 ἐπανάγων
1034 3727 1399 3806 ἐποφθήσεται
1438 3721 1797 3803 Ζοροϐάϐελ;
1857 3728 1993 3783 πότε

340 3817 385 3873 δ’
450 3818 649 3874 ἐσεῖταί
705 3840 792 3874 σοι
848 3818 908 3873 ἐκ
935 3824 1044 3875 τῶν
1095 3822 1369 3895 τεσσάρων
1421 3820 1632 3893 ἀνέμων
1669 3824 1989 3895 συναγαγεῖν

336 3911 402 3965 τὰ
455 3910 615 3964 τέκνα
668 3930 786 3977 σου,
842 3908 893 3965 ἐν
951 3910 1039 3973 οἷς
1087 3905 1477 3984 διεσπάρημεν,
1538 3910 1596 3963 ὅν
1672 3905 1878 3985 τρόπον
1935 3910 1991 3964 αἱ

338 3997 652 4077 φιλότεκνοι
685 3996 897 4074 ὄρνιθες
942 3998 1048 4054 ὑπὸ
1095 3999 1193 4061 τὰς
1243 3999 1447 4055 ἑαυτῶν
1495 3998 1806 4074 ἀθροίζουσι
1864 3998 1992 4054 πτέ-

336 4107 503 4167 ρυγας
535 4090 601 4143 τὰ
630 4088 807 4144 οἰκεῖα
835 4087 1097 4156 νεόττια;
1156 4089 1246 4152 Ὡς
1300 4092 1390 4142 νῦν
1450 4108 1512 4163 γε
1572 4085 1687 4142 οὐδ’
1744 4087 1996 4151 ἐνωπίως

334 4198 420 4233 σοι
464 4175 891 4254 ἐποφθαλμῆσαι
947 4180 1200 4250 καθαρῶς
1284 4170 1513 4250 ἔχομεν,
1583 4173 1697 4230 οὐδ’
1751 4175 1992 4253 ἐμφῆναι

332 4269 651 4342 περιχαρῶς
700 4265 774 4325 ὡς
835 4264 1027 4338 μητρὶ,
1084 4264 1175 4318 καὶ
1250 4259 1491 4339 ἀκριϐῶς
1548 4263 1853 4319 ἐπισπεῖσαί
1908 4285 1993 4320 σοι

332 4351 561 4428 δάκρυον
611 4354 735 4408 ὅσον
789 4352 1074 4430 ὀφθαλμὸς
1165 4351 1422 4429 βούλεται
1479 4352 1515 4423 ἥ
1574 4350 1819 4423 δύναται,
1866 4352 1993 4408 ἀλλ’

330 4437 581 4505 εὐλαϐῶς
628 4442 704 4506 ὡς
760 4442 1015 4515 στρουθοί
1074 4461 1133 4496 σε
1188 4442 1626 4517 περιιπτάμενοι,
1686 4442 1759 4497 ὧν
1820 4441 1992 4497 συνεί-

330 4531 538 4601 ληπται
567 4531 601 4601 ἡ
626 4531 848 4609 τροφὸς,
882 4532 916 4600 ἡ
951 4527 1008 4585 δὲ
1039 4528 1208 4586 καλιᾶ
1237 4527 1631 4602 διεσκέδασται,
1674 4528 1907 4588 ἐλεεινόν
1939 4552 1993 4586 τι

2094 605 2154 656 et
2208 602 2398 657 suavis
2433 608 2529 658 tua
2562 603 2734 659 facies
2761 607 2847 659 est
2873 608 3055 659 arata.
3088 607 3284 675 Neque
3309 605 3430 675 jam
3465 604 3593 660 dico
3623 621 3748 662 esse

2096 690 2195 762 qui
2226 695 2356 748 tuas
2404 692 2596 747 clades
2627 693 2698 747 ad
2743 692 3023 749 citharam
3070 692 3392 761 cantillenl,
3426 693 3524 765 qui
3584 698 3746 749 tuam

2097 782 2435 850 tragoediam
2472 798 2572 851 pro
2605 782 2886 838 commdia
2924 781 3151 849 ludant,
3185 799 3300 854 quo
3331 782 3576 838 artiﬁcio
3611 784 3747 839 ridi-

2095 869 2236 926 culis
2293 870 2653 927 recitationis
2700 871 2987 927 malorum
3036 875 3268 927 tuorum
3327 881 3382 927 et
3451 871 3749 944 alaparum

2095 958 2346 1024 alantur,
2383 961 2483 1032 qui
2532 960 2730 1033 lapsus
2762 968 2819 1016 et
2852 960 3067 1017 vibices
3096 966 3154 1017 et
3182 960 3587 1032 contumelias,
3620 962 3747 1034 qui-

2096 1048 2201 1104 bus
2252 1048 2310 1117 in
2342 1048 2518 1106 horas
2565 1049 2834 1117 afﬁceris,
2878 1067 2984 1121 per
3004 1051 3208 1121 jocum
3252 1057 3745 1108 commemorent.

2094 1142 2203 1194 Per
2258 1138 2537 1196 invidiam
2569 1140 2844 1211 depressa
2897 1156 2960 1194 es
3019 1156 3053 1195 a
3100 1139 3329 1195 vecordi
3390 1141 3624 1212 populo,
3682 1157 3749 1197 ac

2095 1227 2290 1298 potius
2347 1229 2420 1285 ab
2469 1227 2697 1285 obscuri
2746 1236 2797 1284 et
2825 1227 3151 1299 vagabundi
3201 1227 3402 1300 populi
3449 1227 3748 1297 colluvie;

2096 1318 2266 1388 cujus
2297 1334 2569 1389 magnam
2602 1322 2824 1390 partem
2857 1317 2904 1373 si
2935 1334 3049 1373 non
3074 1317 3345 1388 genuisti,
3402 1321 3461 1373 at
3508 1317 3750 1373 evexisti

2094 1411 2151 1462 et
2181 1407 2624 1478 saginasti.Quis
2649 1412 2703 1462 te
2733 1405 2988 1463 servabit
3017 1407 3191 1477 ?quis
3220 1411 3274 1462 te
3305 1405 3701 1479 consolabitur
3723 1405 3751 1461 Ἰ

2094 1496 2225 1566 quis
2280 1495 2380 1551 tibi
2413 1503 2611 1567 parcet
2641 1495 2668 1549 ?
2699 1496 2823 1566 quis
2851 1495 3035 1551 vicem
3092 1498 3250 1550 tuam
3284 1493 3504 1550 dolebit
3560 1493 3588 1549 ?
3617 1496 3749 1567 quis

2094 1589 2433 1655 revertetur,
2467 1591 2533 1640 ut
2564 1586 2691 1658 paci
2719 1592 2828 1641 tum
2859 1585 3124 1641 consulat
3153 1586 3180 1640 ?
3210 1585 3381 1656 (Sunt
3407 1589 3465 1642 et
3503 1586 3626 1641 haec
3659 1586 3750 1642 la-

2094 1674 2636 1746 crymosiJeremias
2695 1674 2920 1746 verba.)
2950 1673 3087 1738 Quis
3143 1673 3321 1745 priori
3379 1673 3532 1730 stola
3560 1680 3614 1730 te
3652 1675 3749 1730 in-

2093 1764 2231 1820 duet
2259 1764 2287 1819 ?
2334 1764 2564 1835 quando
2622 1762 2899 1819 divinitus
2955 1764 3157 1819 audies
3200 1762 3498 1833 :Erigere,
3559 1779 3748 1836 surge,

2094 1869 2217 1925 quae
2249 1853 2493 1911 calicem
2530 1852 2740 1909 furoris
2761 1853 2878 1909 mei
2928 1852 3128 1908 bibisti
3158 1856 3216 1907 et
3264 1851 3536 1924 poculum
3568 1854 3746 1909 ruinae

2093 1942 2404 1999 exhausisti
2439 1962 2454 2012 ;
2489 1942 2667 1998 indue
2695 1943 2845 1998 vires
2872 1946 3020 2009 tuas,
3061 1942 3239 1998 indue
3271 1940 3517 2014 gloriam
3549 1947 3745 2011 tuam;

2093 2031 2282 2087 exuito
2331 2031 2628 2088 vinculum
2675 2030 2808 2087 colli
2868 2030 3017 2086 765
3070 2030 3154 2086 tui
3198 2031 3489 2098 ;extende
3554 2029 3747 2087 locum

2092 2121 2453 2177 tabernaculi
2500 2122 2585 2177 tui
2616 2126 2673 2176 et
2700 2120 2967 2177 vestibuli
3008 2120 3091 2176 tui
3128 2138 3142 2178 :
3175 2137 3247 2176 ne
3286 2121 3565 2177 movearis
3593 2121 3748 2193 quod

2093 2211 2307 2283 probro
2338 2210 2544 2266 aﬁ'ecta
2589 2227 2670 2279 es,
2703 2226 2892 2282 neque
2939 2210 3342 2266 verecunderis
3374 2211 3447 2266 ob
3480 2214 3751 2281 acceptas

2093 2299 2496 2368 contumelias,
2537 2304 2595 2356 et
2625 2300 2781 2372 quod
2838 2317 3038 2356 omnes
3074 2304 3487 2370 praetereuntes
3544 2315 3752 2356 manus

2094 2406 2264 2461 super
2314 2395 2370 2445 te
2418 2391 2871 2462 comploserunt,
2924 2388 3258 2455 sibilarunt,
3282 2397 3331 2446 et
3366 2388 3555 2462 capita
3585 2405 3755 2462 quas-

2095 2484 2318 2546 sarunt,
2360 2483 2415 2535 et
2445 2480 2718 2535 dixerunt
2749 2497 2763 2535 :
2807 2479 2938 2535 Haec
2989 2488 3077 2535 est
3107 2479 3264 2549 urbs,
3299 2494 3514 2535 corona
3552 2478 3748 2550 gloriae

2094 2575 2153 2628 et
2182 2569 2403 2626 deliciae
2433 2568 2589 2625 orbis
2625 2573 2905 2625 terrarum
2936 2569 2964 2624 ?
2994 2572 3112 2636 Quo
3153 2572 3341 2625 autem
3375 2573 3544 2640 pacto
3575 2568 3750 2624 vidua

2094 2659 2264 2728 sedit,
2310 2675 2431 2730 qua
2493 2658 2725 2732 populis
2785 2659 2996 2715 referta
3040 2658 3199 2714 fuit?
3231 2659 3522 2729 quomodo
3572 2657 3750 2713 tribu-

2097 2749 2241 2807 taria
2298 2750 2442 2805 facta
2491 2755 2599 2815 est,
2658 2765 2781 2820 quas
2831 2748 3149 2820 provinciis
3206 2740 3751 2819 imperavit?dixit

2095 2840 2252 2896 enim
2288 2844 2436 2896 Deus
2491 2842 2621 2895 tuus
2655 2854 2668 2894 :
2701 2839 2922 2910 Exiguo
2973 2842 3234 2908 tempore
3292 2842 3349 2893 te
3380 2837 3611 2908 reliqui,
3644 2835 3746 2893 sed

2098 2945 2312 3001 magna
2346 2937 2398 2983 te
2430 2927 2831 2983 misericordia
2876 2942 3214 2998 prosequar.
3258 2927 3321 2981 In
3355 2943 3523 2997 parva
3555 2925 3641 2982 ira
3674 2927 3749 2981 fa-

2097 3019 2246 3074 ciem
2278 3033 2469 3073 meam
2502 3016 2812 3083 averti,sed
2842 3024 3058 3071 aeterna
3098 3021 3154 3071 te
3184 3015 3491 3072 clementia
3522 3015 3744 3071 fovebo.

2096 3107 2385 3164 Nimirum
2431 3121 2564 3162 cum
2595 3105 2813 3162 Davide
2844 3105 3105 3162 cantabis
3139 3106 3250 3160 Deo
3283 3121 3296 3159 :
3344 3104 3453 3160 Pro
3484 3105 3749 3160 multitu-

2099 3197 2237 3265 dine
2263 3195 2522 3252 dolorum
2557 3195 2746 3251 cordis
2778 3194 2888 3250 mei
2936 3188 3358 3251 consolationes
3403 3198 3515 3249 tuae
3548 3209 3745 3250 meum

2099 3288 2357 3341 animum
2418 3283 2832 3341 exbilararunt.
2875 3283 3010 3348 Quis
3058 3283 3240 3340 Moses
3296 3299 3576 3340 novorum
3609 3284 3748 3341 ell‘e-

2096 3381 2219 3431 ctor
2248 3389 2485 3446 operum
2518 3373 2623 3430 tibi
2656 3372 3109 3445 patrocinabitur
3136 3372 3163 3428 ?
3193 3372 3323 3444 quis
3347 3373 3661 3430 Zorobabel
3691 3379 3747 3430 te

2096 3466 2334 3533 reducet
2361 3462 2389 3518 ’ἶ
2417 3463 2649 3536 quando
2679 3462 2893 3519 liberos
2940 3468 3071 3518 tuos
3099 3480 3131 3517 a
3174 3466 3420 3533 quatuor
3451 3462 3652 3530 ventis,
3684 3462 3745 3517 in

2098 3571 2241 3627 quos
2271 3554 2520 3626 dispersi
2560 3568 2784 3623 sumus,
2818 3551 3152 3623 recolligere
3198 3551 3417 3619 licebit,
3456 3553 3743 3626 quemad-

2096 3644 2228 3699 mod
2241 3658 2333 3698 um
2367 3643 2476 3715 piae
2490 3641 2719 3713 gallinae
2743 3639 2933 3713 pullos
2945 3642 3050 3696 sub
3064 3639 3183 3696 alas
3199 3656 3333 3697 suas
3345 3645 3699 3713 congregant
3718 3639 3747 3695 τ

2095 3731 2241 3787 Nam
2274 3746 2429 3787 nunc
2466 3730 2701 3802 quidem
2751 3745 2856 3786 nec
2888 3730 3104 3785 intueri
3140 3729 3281 3786 satis
3309 3735 3365 3786 te
3391 3730 3558 3787 nobis
3587 3729 3749 3799 licet,

2097 3826 2198 3878 aut
2227 3829 2490 3878 amanter
2519 3818 2793 3893 amplecti
2843 3824 2905 3875 ut
2936 3826 3199 3887 matrem,
3224 3825 3282 3875 et
3308 3819 3489 3876 libare
3520 3820 3626 3875 tibi
3656 3818 3746 3875 la-

2097 3928 2347 3983 crymas,
2380 3914 2629 3981 quantas
2666 3908 2866 3964 oculus
2914 3909 3070 3979 cupit
3116 3913 3215 3964 aut
3259 3913 3452 3981 potest
3496 3925 3508 3964 :
3544 3910 3644 3965 sed
3676 3907 3751 3963 ti.

2101 4001 2257 4057 mide
2313 4006 2377 4056 ut
2433 3997 2749 4072 passerculi
2817 4003 2875 4053 te
2930 3997 3433 4067 circumvolamus,
3502 4014 3749 4069 quorum

2099 4090 2298 4146 nutrix
2353 4090 2613 4161 abrepta,
2646 4087 2819 4145 nidus
2876 4088 3136 4159 direptus
3168 4093 3274 4157 est,
3335 4088 3752 4144 miserabiliter

2104 4179 2255 4235 766
2286 4183 2344 4234 et
2387 4178 2713 4250 lugubriter
2742 4176 3091 4249 pippientes.
3151 4177 3345 4250 Longe
3374 4196 3407 4232 a
3440 4176 3555 4232 tuis
3587 4176 3750 4233 lacu-

2101 4268 2343 4323 naribus
2404 4267 2610 4321 romoti
2685 4281 2905 4335 sumus,
2971 4266 3292 4322 esurientes
3351 4271 3408 4322 et
3459 4267 3758 4334 sitientes,

2100 4356 2367 4428 squalore
2397 4360 2455 4411 et
2484 4355 2673 4427 rigore
2703 4355 3027 4411 horrentes.
3061 4358 3107 4410 A
3164 4354 3446 4428 pediculis
3478 4373 3629 4428 saepe
3664 4372 3756 4412 re-

2100 4446 2313 4515 dimur,
2354 4445 2570 4501 animis
2616 4443 2831 4501 nostris
2880 4444 3214 4501 calamitate
3266 4444 3752 4517 liquescentibus.

2099 4535 2216 4591 Nec
2248 4535 2403 4591 viam
2449 4533 2780 4590 invenimus
2809 4535 2880 4590 ad
2915 4535 3120 4591 urbem
3159 4535 3219 4590 in
3250 4551 3362 4608 qua
3391 4535 3755 4603 habitemus,

327 4619 416 4675 καὶ
448 4616 656 4696 γοῶδες
684 4619 1101 4694 περιτρόζομεν,
1136 4621 1222 4693 [Ρ.
1263 4622 1393 4693 372]
1424 4619 1615 4695 πόρρω
1636 4641 1741 4675 που
1760 4624 1866 4676 τῶν
1881 4624 1986 4676 σῶν

2097 4626 2190 4682 sed
2230 4623 2423 4680 multis
2454 4624 2747 4680 erroribus
2778 4627 2841 4679 ut
2887 4624 3246 4695 vagabuudze
3277 4625 3539 4680 volucres
3570 4629 3628 4679 et
3659 4640 3755 4678 er-

329 4707 699 4785 φατνωμάτων
764 4706 1191 4780 ἐκτοπισθέντες,
1246 4712 1511 4770 πεινῶτες
1559 4709 1649 4764 καὶ
1699 4705 1988 4783 διψῶντες,

327 4799 651 4879 αὐχμῶντες
684 4798 778 4855 καὶ
810 4798 1097 4873 ῥιγῶντες,
1129 4800 1217 4854 καὶ
1249 4800 1385 4875 πρὸς
1418 4801 1653 4876 φθειρῶν
1716 4798 1990 4863 πολλάκις

324 4890 654 4966 κειρόμενοι,
713 4888 804 4943 καὶ
884 4889 984 4950 τὰς
1046 4888 1229 4963 ψυχὰς
1300 4887 1356 4944 ἐν
1413 4894 1604 4951 κακοῖς
1664 4890 1988 4962 τηκόμενοι,

327 4977 452 5036 ὁδόν
509 5002 567 5036 τε
632 4979 828 5053 μηκέτι
912 4977 1254 5040 κατοικεσίας
1343 4978 1686 5052 εὑρίσκοντες
1750 4980 1989 5048 πόλεως,

326 5067 473 5126 ἀλλὰ
501 5066 924 5142 πολύπλαγκτοι
956 5067 1261 5145 φερόμενοι
1293 5068 1367 5129 ὡς
1417 5063 1625 5143 ὄρνιθες
1657 5069 1708 5124 οἱ
1741 5062 1991 5124 ἀϐέϐαιοι

327 5158 416 5213 καὶ
444 5163 548 5214 τῶν
578 5157 814 5233 ἀστέρων
855 5157 908 5212 οἱ
965 5153 1262 5227 πλάνητες.
1296 5159 1366 5213 ’Ἡ
1424 5157 1514 5213 καὶ
1569 5156 1743 5220 οὕτως
1796 5158 1990 5229 εἰπεῖν,

330 5242 593 5316 ἑνούμεθεὶ
632 5269 718 5303 σοι
760 5245 1114 5322 διῃρημένως
1172 5246 1264 5301 καί
1295 5245 1724 5321 συμπλεκόμεθά
1781 5269 1865 5303 σοι
1906 5268 1992 5304 κε-

331 5334 713 5406 χωρισμένως,
766 5336 904 5393 κατᾶ
971 5334 1103 5398 τοὺς
1187 5337 1345 5411 ψυχῇ
1401 5336 1840 5410 συναπτομένους
1900 5335 1991 5393 καὶ

333 5423 705 5498 διισταμένους
769 5430 1006 5503 σώματι,
1038 5427 1129 5483 καὶ
1173 5429 1604 5503 προσπάσχομεν
1657 5429 1901 5505 ἀτεχνῶς
1963 5427 1994 5484 6'

330 5513 420 5573 καὶ
464 5509 578 5567 ἔνια
614 5517 722 5568 τῶν
754 5517 908 5584 ζώων
939 5517 1078 5591 πρὸς
1142 5517 1204 5572 τὰ
1253 5514 1657 5593 παγιδευόμενα
1724 5516 1784 5572 ἐκ
1845 5522 1991 5596 σφῶν

332 5601 437 5658 ὑπὸ
489 5603 763 5678 θηρευτῶν
817 5605 909 5659 καὶ
966 5605 1326 5683 ἐγκλειόμενα
1392 5602 1702 5683 διαφανέσιν
1759 5603 1996 5672 ὑελίνοις

329 5693 575 5774 ἄγγεσιν.
610 5692 825 5750 Ἐκεῖνά
881 5714 939 5749 τε
992 5696 1098 5775 γὰρ
1150 5700 1229 5751 τῶ
1295 5699 1393 5753 τοῦ
1452 5694 1675 5759 σκεύους
1707 5695 1996 5776 εἰλικρινεῖ

2099 4718 2293 4772 rantes
2341 4713 2520 4770 stellas
2563 4713 3031 4770 circumlerimur
3065 4730 3079 4780 ;
3112 4731 3179 4770 ac
3229 4714 3426 4785 potius
3458 4713 3634 4784 longo
3668 4712 3754 4768 in-

2098 4802 2338 4862 tervallo
2370 4821 2403 4859 a
2429 4808 2485 4859 to
2516 4803 2769 4875 sejuncti
2802 4808 2993 4860 tecum
3026 4802 3463 4874 conjungimur,
3495 4802 3756 4873 comple-

2098 4896 2312 4952 ctimur
2367 4898 2424 4951 te
2471 4893 2744 4967 separati,
2786 4898 2851 4949 ut
2901 4892 2942 4947 ii
2999 4894 3100 4964 qui
3162 4894 3376 4948 animis
3434 4892 3751 4964 cohaerent,

2100 4983 2309 5041 divulsi
2339 4982 2978 5056 corporibus.Dolemus
2999 4983 3182 5039 vicem
3208 4989 3458 5050 tuam,ut
3487 4983 3755 5054 quaedam

2100 5076 2447 5144 animantes,
2481 5089 2617 5129 cum
2648 5070 2874 5142 aliquas
2923 5071 3012 5126 sui
3043 5071 3274 5144 generis
3304 5089 3336 5126 a
3383 5071 3759 5126 venatoribus

2100 5169 2299 5236 captas
2356 5168 2413 5218 et
2458 5160 2766 5233 perspicuo
2822 5160 2972 5216 vitro
3032 5160 3287 5216 inclusas
3338 5160 3554 5226 vident,
3606 5177 3753 5231 quas

2100 5257 2295 5309 tamen
2340 5251 2621 5321 attingere
2648 5258 2702 5304 et
2750 5248 3030 5320 amplecti
3060 5254 3380 5320 nequeunt,
3431 5254 3487 5304 et
3535 5248 3758 5303 frustra

2103 5357 2234 5397 cum
2267 5338 2464 5394 dolore
2512 5337 2664 5392 circa
2718 5340 3096 5392 transennam
3150 5341 3476 5403 versantur,
3532 5341 3755 5392 mutato

2103 5435 2339 5502 aspectu
2375 5430 2437 5482 ut
2492 5425 2669 5497 priori
2717 5425 2918 5481 formzr
2969 5426 3263 5482 contrario
3321 5426 3758 5497 obstupefacta.

2101 5519 2320 5574 Eodem
2354 5517 2527 5571 modo
2555 5526 2612 5570 et
2634 5531 2740 5571 nos
2789 5515 3040 5585 adjicere
3068 5514 3272 5571 oculos
3304 5521 3361 5570 et
3391 5514 3634 5587 propius
3666 5529 3762 5569 ac-

2104 5609 2306 5665 cedere
2350 5618 2713 5679 possumus:
2765 5605 2864 5660 sed
2921 5605 3230 5661 convenire
3282 5609 3340 5660 te
3394 5604 3574 5660 libere
3603 5608 3662 5660 et
3704 5603 3767 5658 ﬁ-

2106 5699 2311 5755 denter
2336 5694 2631 5768 amplecti,
2655 5696 2719 5750 ut
2749 5694 3003 5766 pridem,
3034 5693 3194 5751 nullo
3226 5696 3396 5751 modo
3429 5707 3760 5767 possumus,
