4074 6408
315 409 439 472 963
1632 396 1938 471 NICETE
1979 408 2406 472 CBONIATIE
3627 413 3758 474 ses

316 541 625 599 barbarico
682 541 935 598 exercitu
969 544 1035 597 ut
1081 541 1270 598 solido
1323 558 1511 610 muro,
1545 545 1603 599 et
1653 542 1822 614 longe
1871 543 1925 599 ﬁl

2143 539 2181 595 ιὶ
2216 538 2467 614 στιλπνῷ
2494 541 2594 612 τὴν
2627 544 2724 597 τοῦ
2770 542 3038 615 συννόμου
3089 542 3236 612 ζώου
3277 541 3397 598 θέαν
3428 541 3752 619 ἐνοπτριζό-

315 632 496 687 miore
528 646 700 700 quam
732 631 937 685 vitrum
969 635 1074 697 est,
1107 629 1429 688 interclusi.

2144 651 2215 685 ;να
2245 631 2516 705 συμμῖξαι
2546 629 2637 685 καὶ
2696 629 2747 685 ἐν
2809 635 2930 706 χρῷ
2989 631 3235 708 γενέσθαι
3291 630 3442 695 ’ὀλως
3474 630 3753 706 ἀδυνατεῖ,

316 718 407 773 καὶ
463 716 551 773 διὰ
580 722 742 773 τοῦτο
794 720 970 791 μάτην
1025 718 1150 794 περὶ
1202 719 1265 774 τὸ
1317 719 1487 797 ἄγγος
1544 717 1929 794 ἀδημονοῦντα
1960 721 2267 799 στρέφεται,
2338 724 2417 792 τῷ
2456 720 2855 797 έξηλλαγμένῳ
2874 728 2974 791 τῆς
3008 721 3186 797 ὄψεως
3213 722 3289 783 ὡς
3320 722 3623 795 ἀπεναντίῳ
3651 729 3757 793 τῆς

320 808 518 883 πρώην
542 803 705 877 ἕξεως
738 804 1170 882 έκθαμϐοὖμενα·
1202 810 1291 863 καὶ
1319 811 1484 883 ἡμεῖς
1516 810 1597 865 ἐπ’
1625 808 1745 880 ἷ’σης
1774 831 1859 865 σοι
1890 812 1986 873 τὰς
2024 811 2121 883 μὶν
2151 806 2303 884 ὄψεις
2351 806 2725 884 προσϐάλλειν
2760 812 2851 866 καὶ
2882 813 3175 890 ὲγγύτερον
3206 810 3340 867 ἴέναι
3382 806 3609 887 ἔχομεν.
3651 815 3752 868 τοῦ

318 894 377 950 δὶ
408 897 771 972 περιχιδθῆ-ιαί
802 918 890 952 σοι
921 898 1161 973 γνησίων
1190 897 1280 953 καὶ
1319 898 1744 972 προπλακῆναι
1775 898 2093 976 θαρραλέως
2117 899 2191 961 ὡς
2224 898 2491 975 πρότερον
2523 901 2858 956 παντάπασιν
2890 900 3245 978 ἐστερήμεθα,
3278 900 3379 956 ὅσα
3406 900 3496 956 καὶ
3530 901 3750 975 σώματι

320 991 522 1063 στερεῷ
550 988 642 1041 καὶ
674 985 874 1060 πολλῷ
898 986 1281 1064 στεγανωτέρῳ
1317 987 1480 1044 ὑέλου
1510 994 1592 1062 τῷ
1627 985 1947 1065 βαρϐαρικῷ
1973 990 2311 1064 συντάγματι
2352 986 2741 1067 διειργόμενοι.

385 1080 440 1132 6.
487 1101 514 1129 ‹‹
573 1078 686 1134 Cur
714 1095 822 1136 nos
873 1081 1225 1150 percussisti,
1278 1080 1538 1150 Domine,
1600 1098 1707 1139 nec
1757 1086 1849 1138 est
1877 1081 1976 1153 qui

2156 1079 2221 1142 ς’.
2263 1082 2374 1137 Ἰνα
2429 1079 2483 1136 τί
2537 1078 2762 1144 ἔπαισας
2828 1083 2999 1155 ἡμᾶς,
3058 1080 3240 1156 Κύριε,
3298 1081 3390 1135 καὶ
3451 1081 3551 1134 οὐκ
3600 1075 3744 1134 ἔστιν

317 1168 618 1224 medeatur
646 1168 675 1223 εἰ
711 1169 1119 1239 Agnoscimus,
1174 1170 1438 1239 Domine,
1472 1179 1702 1241 peccata
1759 1180 1926 1227 nOSil't

2142 1173 2223 1223 ιῖν
2253 1168 2398 1233 ἳασις
2431 1188 2444 1238 ;
2478 1171 2790 1245 Ἔγνωμεν,
2848 1171 3027 1247 Κύριε,
3086 1171 3355 1245 ἁμαρτίας
3404 1170 3590 1243 ἡμῶν,
3626 1166 3751 1225 ἀδι-

311 1257 562 1328 injurias
614 1263 836 1329 patrum
888 1268 1236 1315 nostrorum.
1272 1260 1482 1316 Desiue
1519 1262 1663 1316 ’³67
1730 1277 1831 1333 per
1861 1277 1914 1316 m

2137 1259 2208 1323 ἷας
2240 1263 2490 1337 πατέρων
2520 1265 2702 1335 ἡμῶν.
2738 1262 2996 1319 Κόπασον
3033 1259 3124 1317 διὰ
3169 1266 3266 1317 τόῦ
3298 1260 3485 1325 ἐλέους
3515 1281 3631 1331 σου,
3669 1261 3746 1334 μὴ

313 1347 684 1404 εοτίοοτάἰςίιῐι
744 1353 929 1404 tuam.
993 1348 1073 1403 Ne
1124 1350 1295 1419 perde
1354 1349 1565 1405 solium
1596 1351 1813 1421 gloria.
1876 1351 1922 1406 0

2138 1347 2363 1425 τολέσῃς
2399 1351 2591 1426 θρόνον
2621 1350 2785 1423 δόξης
2826 1374 2942 1410 σου.
3000 1349 3297 1408 ῐιαίδευσον
3357 1353 3526 1424 ἡμᾶς,
3558 1349 3747 1435 Κύριε1

311 1435 517 1507 stigato
552 1454 677 1507 nos,
702 1438 967 1506 Domine,
988 1453 1060 1493 ne
1090 1456 1120 1492 a
1152 1445 1204 1492 te
1235 1439 1466 1494 deﬁciat
1493 1439 1693 1495 anima
1722 1443 1920 1495 nostra

2137 1458 2233 1499 τως
2267 1441 2344 1511 μὴ
2397 1439 2611 1514 ἀποστῇ
2643 1443 2679 1508 ἡ
2721 1441 2877 1514 ψυχὴ
2932 1442 3094 1513 ἡμῶν
3156 1439 3264 1495 ἀπὸ
3323 1444 3441 1511 σοῦ,
3492 1441 3644 1508 πλὴν
3693 1438 3746 1492 έν

315 1526 418 1582 sed
434 1525 801 1595 judicio,non
829 1528 1121 1591 furore,ne
1135 1527 1201 1580 ad
1222 1526 1568 1595 paucitatem
1588 1544 1695 1582 nos
1717 1527 1924 1597 redigat

2133 1528 2252 1584 rios:
2285 1532 2373 1585 καὶ
2408 1533 2485 1604 μή
2520 1531 2571 1585 ἐν
2602 1534 2781 1604 θυμῷ,
2834 1530 2927 1587 ’ίνα
2982 1534 3060 1605 μὴ
3112 1531 3441 1605 όλιγοστοὺς
3499 1534 3742 1600 ποιήσῃς

314 1615 561 1670 Etfunde
601 1615 851 1671 furorem
900 1618 1065 1669 tuum
1108 1629 1283 1684 snper
1331 1622 1529 1685 gentes
1576 1631 1705 1684 quas
1744 1620 1801 1671 te
1847 1632 1923 1671 no

2133 1622 2247 1679 ιᾶς.
2280 1618 2518 1693 Ἐκχεον
2548 1618 2641 1673 τὸν
2693 1620 2866 1692 θυμόν
2894 1640 2992 1674 σου
3025 1618 3113 1673 ἐπὶ
3163 1620 3230 1674 τὰ
3282 1620 3412 1689 ἔθνη
3441 1618 3507 1673 τὰ
3558 1618 3635 1690 μή
3668 1615 3742 1671 εἰ·

315 1710 656 1772 agnoscunt,
673 1708 730 1757 et
759 1718 931 1771 super
963 1702 1225 1756 nationes
1257 1716 1379 1772 quae
1408 1718 1614 1758 nomen
1648 1711 1814 1758 tuum
1848 1720 1921 1759 no

2141 1726 2207 1759 τα
2241 1726 2318 1775 σε,
2346 1706 2435 1761 καὶ
2467 1705 2556 1762 ἐπὶ
2601 1708 2787 1783 γενεάς
2818 1708 2873 1763 αἳ
2928 1708 2992 1762 τὸ
3051 1706 3228 1781 ὄνομά
3269 1729 3389 1774 σου,
3419 1706 3610 1781 Κύριε,
3645 1704 3746 1760 οὐκ

310 1790 607 1845 invocant.
647 1790 811 1845 Pater
839 1795 1035 1844 noster
1064 1794 1121 1843 tu
1163 1805 1242 1851 es,
1292 1793 1531 1847 Domine
1560 1809 1577 1844 :
1609 1808 1716 1847 nos
1747 1793 1919 1847 lutun

2140 1794 2497 1853 τεκαλέσαντο.
2579 1798 2764 1871 Πατὴρ
2824 1799 2987 1870 ἡμῶν
3050 1797 3112 1851 σὺ
3188 1798 3257 1866 εἴ,
3327 1796 3519 1869 Κύριε·
3580 1796 3749 1867 ἡμεῖς

309 1886 369 1935 tu
404 1880 616 1946 ﬁgulus
649 1888 1037 1949 noster;opus
1062 1896 1344 1934 manuum
1368 1885 1598 1936 tuarum
1624 1899 1730 1938 nos
1761 1900 1918 1938 omni

2137 1882 2281 1954 πλὸς,
2319 1885 2498 1940 καὶσὺ
2524 1887 2774 1956 πλάστης
2806 1888 2990 1959 ἡμῶν,
3024 1884 3182 1961 ἔργον
3224 1889 3329 1939 τῶν
3382 1888 3587 1959 χειρῶν
3649 1903 3746 1937 σου

306 1982 527 2031 sumus,
558 1970 791 2023 adverte
815 1970 1098 2035 oculos,et
1120 1968 1254 2024 vide
1286 1970 1492 2039 probra
1522 1976 1756 2027 nostra:
1791 1972 1915 2029 been

2136 1975 2281 2036 ὶντες
2311 1976 2501 2048 ἡμεῖς.
2536 1971 2895 2048 Ἐπίὸλεψον,
2952 1959 3063 2029 καί
3100 1959 3187 2029 ῗδε
3236 1974 3366 2035 τοὺς
3398 1969 3745 2045 ὀνειδισμοὺς

307 2058 462 2113 ditas
497 2060 700 2112 nostra
724 2056 797 2111 ad
828 2056 1187 2127 alienigenas
1206 2064 1297 2113 est
1324 2073 1549 2124 aversa,
1571 2059 1723 2116 edes
1753 2066 1916 2116 nostr

2131 2067 2260 2135 μῶν.
2320 2064 2384 2119 Ἦ
2425 2063 2774 2138 κληρονομία
2829 2065 2991 2137 ἡμῶν
3049 2063 3389 2142 μετεστράφη
3432 2061 3509 2124 εἰς
3562 2058 3740 2117 ἀλλο-

298 2147 380 2201 nd
414 2144 751 2217 peregrinos
800 2144 861 2199 Si
893 2149 956 2199 tu
989 2162 1095 2201 nos
1127 2146 1195 2200 ad
1233 2151 1287 2201 te
1319 2147 1695 2216 converteris,
1728 2163 1906 2203 conve

2133 2151 2286 2223 ιίους,
2329 2152 2381 2207 οἱ
2414 2150 2555 2208 οἴκοι
2589 2155 2750 2226 ἡμῶν
2805 2151 2883 2216 εῗς
2942 2151 3146 2226 ξένους.
3197 2153 3556 2226 Ἐπίστρεψον
3590 2152 3742 2223 ἡμᾶς

304 2240 502 2292 temur
536 2250 549 2301 ;
583 2241 854 2290 renovato
886 2233 1012 2290 dies
1071 2240 1326 2303 nostros,
1362 2240 1425 2289 ut
1457 2235 1597 2291 olim
1648 2237 1902 2292 fuerunt.

2143 2241 2215 2303 »ὸς
2247 2242 2326 2312 σὲ,
2357 2243 2448 2297 καὶ
2506 2241 3045 2319 ἐπιστραφησόμεθα.
3107 2241 3482 2300 Ἀνακαίνισον
3535 2238 3752 2316 ἡμέρας

306 2325 468 2396 ἡμῶν
493 2321 676 2384 καθὼς
707 2319 1032 2397 ἔμπροσθεν.
1064 2320 1351 2398 Χρηστέον
1384 2322 1487 2397 γὰρ
1524 2344 1619 2397 μοι
1651 2324 1953 2399 ἒπικαίρως
2006 2331 2097 2385 καὶ
2158 2331 2237 2411 ἐφ’
2289 2331 2507 2405 ὁμοίοις
2545 2337 2663 2395 τοῖς
2692 2334 2924 2404 συναντη
2937 2353 3064 2407 μασι
3092 2337 3208 2395 τοῖς
3241 2336 3537 2410 Γραφικοῖς
3568 2328 3755 2387 τοῖσδε

318 2415 581 2488 ῥήμασιν.

374 2504 668 2560 Utendum
702 2505 857 2559 enim
890 2504 1032 2559 mihi
1065 2507 1156 2559 est
1183 2520 1283 2574 per
1312 2507 1564 2575 tempus,
1596 2509 1657 2561 et
1687 2505 1745 2561 in
1781 2506 1966 2563 simili

2151 2510 2315 2568 Ἀλλ’
2343 2510 2453 2584 ἤδη
2493 2534 2587 2586 μοι
2618 2511 2709 2567 καὶ
2738 2513 2801 2567 τὸ
2832 2510 3009 2589 λέγειν
3040 2513 3176 2570 αὐτὸ
3235 2510 3610 2579 ἐπιλέλοιπεν,
3644 2509 3747 2566 ὅσα

302 2590 629 2647 calamitate
662 2591 752 2646 bis
809 2590 1125 2660 Scriptura:
1184 2607 1367 2647 sacrae
1422 2592 1665 2659 verbis;
1717 2593 1813 2648 sed
1840 2594 1906 2664 ja

2129 2601 2166 2656 ιιὶ
2202 2606 2361 2675 σῶμα
2395 2603 2637 2676 συμφυὲς
2670 2605 2826 2677 ψυχῇ
2859 2601 2949 2657 καὶ
2983 2599 3297 2675 ὁμόστολον
3327 2604 3395 2675 τῇ
3426 2605 3524 2657 τοῦ
3561 2599 3738 2674 λόγου

308 2683 494 2741 oratio
547 2698 639 2737 me
682 2681 881 2737 deficit
930 2698 1048 2736 una
1079 2686 1295 2751 tecum,
1327 2699 1360 2737 ο
1408 2683 1569 2749 urbs,
1621 2684 1814 2739 nutrix
1846 2683 1917 2741 elt

2139 2714 2166 2747 ιι
2208 2694 2396 2771 τροφῷ
2430 2691 2592 2749 πόλει
2638 2693 2900 2748 συναπιόν
2957 2714 3016 2749 τε
3070 2695 3158 2749 καὶ
3203 2693 3471 2749 συνθανόν.
3529 2696 3748 2767 Κωφοῖς

307 2772 1333 2846 quentiae,amissa,quemadmodum
1365 2790 1675 2846 compages
1708 2775 1971 2845 corporis
2079 2782 2258 2838 τοίνυν
2294 2780 2519 2859 δάκρυσι
2578 2783 2668 2839 χαὶ
2725 2788 3053 2859 στεναγμοῖς
3103 2782 3408 2854 ἀλαλήτοις
3462 2782 3531 2837 τὰ
3558 2779 3747 2837 πολλὰ

310 2864 505 2920 animo
534 2864 871 2919 discedente
902 2862 1265 2918 dissolvitur.
1290 2863 1383 2917 Est
1415 2863 1596 2934 igitur
1628 2863 1919 2935 magnitud

2136 2876 2187 2926 iw
2244 2873 2614 2945 θρηνημάτων
2698 2871 3055 2949 ἀφοσιωτέον,
3122 2871 3214 2927 καὶ
3271 2876 3368 2926 τοῦ
3434 2869 3745 2946 περαιτέρω

306 2954 501 3009 luctus
553 2953 737 3009 mutis
770 2952 1045 3024 lacrymis
1100 2957 1157 3007 et
1205 2952 1601 3007 ineifabilibus
1649 2953 1915 3024 gemitibt

2140 2959 2334 3015 ιεκτέον
2367 2967 2466 3029 τῆς
2500 2960 2741 3035 ἱστορίας
2773 2961 2988 3035 εἱρμοῦ,
3032 2961 3129 3023 Τίς
3183 2961 3287 3037 γὰρ
3345 2961 3626 3035 ἀνάσχοιτ’
3684 2958 3749 3015 ἄν

312 3039 740 3105 concludenda,
773 3043 830 3095 et
858 3038 1262 3107 abrumpenda
1301 3039 1426 3108 jam
1470 3040 1722 3094 historias
1767 3041 1921 3095 serie;

2139 3047 2167 3103 εἶ
2201 3056 2301 3121 γῆς
2342 3046 2812 3123 ἀλλοτριωθείσης
2864 3046 2973 3119 ἤδη
3034 3053 3132 3104 τοῦ
3188 3049 3356 3126 λὸγου
3404 3048 3494 3104 καὶ
3537 3045 3748 3125 βαρϐα-

316 3130 457 3194 Quis
488 3128 644 3185 enim
663 3132 960 3181 Musarum
990 3143 1159 3181 sacra
1180 3127 1547 3196 interrajam
1568 3143 1601 3181 a
1630 3127 1817 3183 Musis
1837 3127 1925 3183 alii

2139 3137 2353 3206 υθείσης
2382 3135 2571 3192 τέλεον
2637 3138 2705 3192 τά
2761 3143 2991 3193 Μουσῶν
3052 3135 3448 3194 ἐπιδείκνυσθαι
3502 3137 3748 3213 κρούμα-

313 3226 445 3273 nata
474 3222 534 3272 et
581 3215 846 3271 barbarie
895 3230 1169 3285 oppressa
1219 3230 1381 3282 aequo
1431 3216 1627 3270 animo
1661 3215 1918 3272 celebret

2138 3245 2146 3279 ι
2197 3244 2210 3293 ;
2273 3226 2376 3285 οὐκ
2431 3225 2491 3280 ἄν
2576 3226 2810 3301 ᾁσαίμην
2877 3228 2945 3283 τὰ
3019 3223 3311 3304 βαρϐάρων
3380 3226 3566 3295 αὐτὸς,
3626 3225 3747 3283 οὐδ’

320 3305 476 3361 absit
508 3311 568 3359 ut
600 3319 704 3370 ego
734 3319 822 3358 res
861 3311 1053 3372 gestas
1102 3302 1492 3357 Barbarorum
1524 3304 1845 3370 decentem,
1871 3322 1929 3360 at

2137 3313 2312 3387 τοίμην
2367 3318 2749 3391 παραπέμπων
2802 3322 2920 3380 τοῖς
2992 3302 3451 3390 ἔπειτα-πράξεις
3511 3316 3746 3391 πολεμι-

316 3410 381 3450 ea
422 3392 580 3448 bella
638 3391 928 3447 memoriae
987 3395 1352 3461 posterorum
1400 3393 1666 3463 prodam,
1726 3393 1925 3450 708i

2140 3424 2178 3465 ις
2199 3373 2387 3466 ένιαῒς
2567 3373 2792 3461 νιικῶσιν
2851 3373 3148 3477 Ἵέλληνες.
3201 3373 3285 3465 Εἴ.
3332 3373 3450 3482 ’ἐὰρί
3496 3408 3523 3463 ὁ
3584 3373 3749 3480 Kcin:

313 3480 527 3553 quibus
577 3497 694 3536 non
743 3480 985 3535 vincunt
1033 3480 1235 3536 Graeci.
1280 3481 1420 3539 Nam
1480 3481 1529 3537 si
1561 3483 1716 3538 Cous
1746 3483 1922 3556 Hippc

2135 3493 2446 3566 τποιιράτης
2540 3491 2783 3557 πολλοῖς
2897 3480 3419 3569 μεταπεμπὸμενοςν
3492 3497 3744 3571 χρήμασι

311 3578 499 3626 crates
531 3588 565 3626 a
594 3586 728 3642 rege
767 3571 1074 3625 Persarum
1108 3586 1319 3642 magna
1349 3572 1595 3643 pecunia
1625 3574 1920 3631 accersitu:

2134 3580 2213 3645 >ὸς
2242 3586 2339 3637 τοῦ
2369 3581 2493 3637 τότε
2549 3587 2770 3658 Περσῶν
2822 3582 3234 3660 βασιλεύοντος,
3283 3584 3358 3646 ὡς
3413 3582 3472 3639 ἅν
3528 3583 3619 3646 τὰς
3653 3567 3743 3638 ὑπ’

313 3665 377 3716 ut
408 3660 567 3716 illius
599 3661 772 3716 urbes
824 3660 1152 3730 pestilentia
1184 3659 1517 3718 laborantes
1548 3668 1801 3733 sanaret,
1843 3681 1922 3720 me

2141 3676 2282 3727 εῖνον
2316 3671 2668 3747 ἐπισκέψαιτο
2733 3671 2925 3736 πόλεις
2983 3679 3164 3737 κακῶς
3220 3676 3540 3751 πασχούσας
3579 3695 3748 3745 νοση-

311 3750 544 3825 gnificis
594 3750 711 3806 illis
759 3748 1276 3820 pollicitationibus
1336 3752 1656 3822 repudiatis
1703 3757 1920 3809 conten:

2137 3761 2199 3833 ιίᾳ
2227 3762 2504 3835 σώματος,
2531 3759 2648 3818 οὐδ’
2677 3762 2866 3839 ἄκροις
2886 3764 2987 3819 ὠσὶ
3019 3766 3113 3827 τὰς
3148 3748 3485 3841 ὑπερόγξιους
3508 3763 3746 3841 ὑποσχέ-

306 3839 425 3911 psit
452 3838 755 3904 barbaros,
791 3854 897 3892 cur
923 3853 1030 3909 ego
1078 3854 1199 3894 rem
1232 3839 1540 3910 optimam,
1573 3839 1880 3896 historiam
1907 3859 1915 3893 ι

2141 3871 2186 3912 ις
2218 3852 2443 3922 ἠνέξατο
2476 3849 2746 3925 δέξασθαι,
2805 3857 2891 3926 [Ρ.
2950 3856 3076 3927 373]
3106 3838 3282 3929 ἔρῥειν
3332 3838 3440 3910 Ἵκαὶ
3481 3838 3744 3929 οῗμώζειν

306 3927 766 3998 pulcherrimum
796 3927 1128 3982 Grecorum
1165 3927 1493 3996 inventum,
1546 3928 1722 3984 rebus
1751 3929 1915 3985 Barba

2130 3938 2200 4003 ιὺς
2234 3935 2546 4017 Βαρϐάρους
2575 3941 2749 4017 ἀφεὶς,
2782 3946 2901 4005 πῶς
2960 3941 3019 3997 ἄν
3067 3927 3184 4014 ε’ἰην
3220 3943 3326 4018 ἐγὼ
3355 3944 3417 3999 τὸ
3451 3927 3739 4019 βέλτιστον

306 4032 501 4072 rerum
526 4021 732 4073 contra
755 4019 984 4071 Graecos
1015 4018 1195 4087 gestis
1225 4017 1615 4073 condonarem
1655 4019 1677 4071 Ρ
1707 4018 1823 4074 imo
1852 4018 1915 4073 ill

2128 4033 2295 4103 βῆμα,
2354 4032 2453 4100 τὴν
2502 4033 2770 4106 ἱστορίαν,
2839 4031 2930 4087 καὶ
2989 4017 3287 4088 κάλλιστον
3340 4017 3556 4109 εὕρημα
3629 4038 3737 4089 τῶν

305 4111 371 4161 ut
400 4108 450 4162 is
477 4106 577 4178 qui
610 4105 871 4177 Ephesia:
896 4105 1091 4161 Diania
1111 4108 1392 4176 templum
1420 4106 1698 4176 incendit,
1730 4122 1914 4177 pereat

2138 4116 2360 4189 λλήνων
2400 4105 2761 4196 βαρϐαρικαῖς
2790 4122 2908 4185 καθ’
2961 4119 3252 4193 Ἑλλήνων
3294 4105 3517 4198 πράξεσι
3578 4141 3743 4197 χαρι-

304 4195 493 4268 ignoti
525 4200 582 4252 et
600 4195 867 4261 obscuri;
893 4210 997 4250 nec
1021 4194 1140 4249 ullo
1163 4197 1334 4250 verbo
1356 4195 1664 4265 quisquam
1696 4202 1913 4253 nostrur

2129 4207 2304 4281 ip.ch
2337 4228 2351 4278 ;
2385 4194 2514 4266 ἀλλ’
2544 4194 2698 4266 οὗτοι
2755 4211 2852 4283 μὲν
2884 4211 3021 4266 κατᾶ
3075 4212 3168 4267 τὸν
3227 4194 3614 4287 ἐμπρήσαντα-⁷
3646 4194 3738 4267 τὸν

302 4302 402 4343 eos
431 4287 722 4357 dignetur,
754 4288 937 4343 donec
954 4286 1248 4342 transierit
1279 4286 1558 4357 iniquitas
1589 4295 1642 4343 et
1668 4287 1823 4344 Deus
1848 4305 1911 4344 se

2163 4298 2378 4376 Ἐφέσῳ
2428 4298 2558 4354 ναὸν
2622 4306 2724 4369 τῆς
2785 4298 3115 4375 Ἀρτέμιδος
3164 4286 3504 4376 οἱχέσθωσαν
3558 4300 3739 4358 ἃϊστοί

303 4392 405 4434 vos
436 4394 575 4433 suos
606 4378 925 4432 clementer
957 4376 1293 4446 respexerit.
1315 4377 1438 4435 Non
1471 4379 1630 4433 enim
1662 4378 1817 4436 Deus
1847 4397 1912 4436 nc

2182 4387 2275 4442 καὶ
2333 4384 2585 4458 ἄπυστοι,
2645 4385 2786 4463 μηδὲ
2834 4392 3227 4465 προσρήματος
3256 4395 3388 4466 γοῦν
3433 4412 3578 4454 τινος
3645 4393 3739 4471 ὑφ’

299 4472 421 4523 ster
448 4466 499 4523 is
521 4475 602 4522 est
626 4468 725 4537 qui
750 4466 932 4522 nostri
954 4472 1229 4537 perpetuo
1261 4467 1769 4536 obliviscatur,aut
1797 4470 1908 4526 inii

2163 4479 2232 4531 ῶν
2318 4477 2652 4552 ἀξιούμενοι,
2702 4476 2809 4541 ἕως
2868 4479 2932 4534 οὗ
2962 4478 3227 4556 παρέλθοι
3272 4483 3306 4550 ἡ
3339 4480 3543 4554 ἀνομία
3600 4466 3772 4544 κάπὶ,

294 4573 403 4613 sua
435 4555 896 4612 misericordiam
932 4572 1045 4611 non
1103 4554 1547 4628 complectatur,
1581 4563 1683 4614 aut
1735 4560 1903 4616 benei

2124 4570 2187 4629 ιῖς
2229 4564 2453 4629 δούλοις
2492 4565 2661 4624 αἶ)τοῦ
2692 4569 2754 4623 τὸ
2791 4574 2944 4625 Θεῖον
2978 4554 3488 4645 παρακληθήσεται.
3518 4572 3601 4628 Οὐ
3631 4571 3733 4649 γὰρ

300 4645 557 4703 centiam
593 4661 828 4702 omnem
862 4646 923 4701 in
954 4650 1251 4716 posterum
1275 4645 1652 4719 deneget,sed
1673 4664 1807 4704 cum
1839 4666 1909 4722 pe

2125 4676 2237 4726 τιν,
2280 4655 2383 4711 οὐκ
2420 4654 2561 4712 ἔστιν
2602 4657 2630 4712 ὁ
2660 4658 2790 4722 Θεὸς
2814 4661 2975 4733 ἡμῶν
3006 4659 3082 4722 εἰς
3109 4657 3271 4723 τέλος
3303 4645 3734 4735 ἐπιληθόμεντος,

302 4738 469 4805 cutit,
503 4738 791 4805 medetur,
826 4752 961 4792 cum
992 4735 1291 4804 occidit;in
1321 4736 1503 4792 vitam
1536 4738 1802 4806 reducit;
1826 4754 1911 4796 cur

2126 4744 2368 4803 συνέχων
2391 4746 2444 4801 έν
2497 4752 2567 4822 τῇ
2600 4747 2741 4825 ὀργῇ
2792 4747 2959 4804 αὐτοῦ
3015 4748 3142 4812 τοὺς
3183 4749 3510 4825 οἶκτιρμοὺς
3540 4752 3732 4823 αὐτοῦ,

299 4829 555 4887 ferarum
611 4830 816 4886 dentes
874 4829 1164 4896 immittit,
1223 4828 1322 4900 qui
1383 4846 1517 4885 cum
1573 4829 1733 4885 rabie
1793 4836 1908 4887 terr

2119 4831 2216 4906 ηδὲ
2254 4838 2566 4910 προστιθεὶς
2619 4841 2715 4893 τοῦ
2778 4836 3069 4909 εὐδοκῆσαι
3108 4834 3209 4909 ἔτι,
3268 4837 3417 4896 ἀλλὰ
3472 4861 3728 4896 πατσσων

298 4918 583 4990 afﬂigant,
616 4923 676 4973 at
730 4917 968 4974 leonum
1000 4933 1231 4989 quoque
1262 4916 1528 4973 maxillas
1560 4917 1874 4991 confringit
1901 4939 1907 4972 ι

2114 4928 2213 4981 ἱται
2244 4926 2333 4982 καὶ
2368 4931 2611 4992 θανατῶν
2646 4926 2982 5003 ἐπιστρέφων
3034 4934 3318 5000 ζωοποιεῖ.
3350 4930 3448 4988 Ἀν
3505 4927 3723 4991 ὀδόντας

300 5012 474 5079 caput
504 5008 776 5064 draconis
804 5006 1135 5064 conterit.Si
1168 5010 1231 5062 ut
1256 5005 1553 5063 calamum
1585 5007 1907 5065 comminui

2108 5012 2274 5087 ηρίων
2331 5012 2679 5091 ἐπαποστελῇ
2752 5018 2886 5089 μετὰ
2933 5023 3032 5073 τοῦ
3089 5020 3267 5093 Θυμοῦ
3313 5018 3578 5094 συρόντων
3627 5014 3717 5075 ἐπὶ

303 5100 361 5153 at
391 5096 610 5152 bestias
648 5096 826 5153 etiam
858 5097 930 5153 ob
975 5095 1266 5152 calamum
1298 5095 1579 5167 increpat.
1612 5096 1668 5152 Si
1698 5097 1792 5154 isti
1823 5115 1912 5155 cui

2110 5105 2165 5178 ᾗς
2195 5109 2323 5180 γῆς,
2365 5101 2513 5159 ἀλλᾶ
2558 5104 2650 5160 καὶ
2694 5104 2791 5166 τὰς
2857 5104 3034 5179 μύλας
3084 5111 3193 5162 τῶν
3255 5106 3481 5163 λεόντων
3514 5100 3719 5173 συνθλᾷ

301 5185 466 5242 ribus
497 5190 555 5241 et
602 5185 771 5256 equis
801 5186 1015 5255 fidunt,
1045 5190 1106 5242 at
1137 5185 1197 5242 in
1228 5201 1374 5257 equo
1436 5192 1596 5243 certa
1648 5186 1809 5245 salus
1841 5204 1910 5246 no

2120 5191 2153 5246 ιῖ
2182 5192 2284 5260 τὴν
2343 5190 2592 5268 κεφαλὴν
2639 5189 2909 5268 συντρίϐει
2975 5199 3074 5250 τοῦ
3127 5193 3442 5270 δράκοντος.
3489 5194 3591 5250 Ἂν
3652 5193 3729 5256 ὡς

303 5281 411 5343 est,
440 5291 628 5348 neque
674 5275 830 5331 Deus
859 5277 968 5332 viri
1012 5277 1170 5331 tibiis
1219 5276 1557 5333 delectatur.
1584 5277 1641 5333 Si
1673 5282 1912 5353 populul

2128 5278 2314 5354 ιλαμον
2349 5278 2570 5354 διαθλᾷ,
2601 5283 2694 5338 καὶ
2738 5288 2858 5345 τοῖς
2916 5283 3134 5359 θηρίοις
3178 5291 3278 5342 τοῦ
3320 5285 3580 5359 καλάμου
3615 5282 3737 5340 έπι.

300 5381 477 5423 suum
522 5366 750 5421 duriter
794 5368 1005 5423 tractat
1034 5367 1205 5438 eique
1232 5366 1434 5425 vinum
1481 5370 1909 5441 compunctioni

2124 5374 2197 5444 μᾷ
2227 5371 2362 5446 (58).
2397 5372 2497 5429 "Av
2532 5372 2682 5429 οὗτοι
2732 5372 2784 5429 ἰν
2818 5374 3020 5450 ἅρμασι
3051 5375 3141 5430 καὶ
3178 5374 3337 5433 οὗτοι
3413 5374 3466 5432 έν
3498 5374 3724 5443 ἵπποις,

1694 5487 1863 5549 Hier.
1897 5487 2112 5551 Wolﬁi
2142 5495 2330 5552 notae.

560 5606 693 5691 _Kai_
733 5627 848 5669 τοις
887 5606 1139 5691 ¹θηρίοις
1212 5610 1320 5691 τοῢὲ
1368 5605 1651 5691 καλάμου.
1709 5606 1959 5691 ξπιτιιςιιᾷ2

2125 5613 2173 5687 gi
2201 5613 2265 5668 τὸ
2319 5612 2497 5690 ἓνεκα,
2544 5632 2725 5691 quem
2754 5635 2997 5678 sensum
3047 5619 3111 5677 in
3159 5619 3565 5678 convertenda
3597 5635 3734 5677 sum

297 5680 492 5740 Etiam
551 5681 755 5755 bestias
812 5680 1019 5755 calam}
1075 5683 1377 5755 tncrepat._
1408 5680 1660 5755 Possunt
1719 5680 1963 5755 intelligi
2072 5680 2329 5746 sécutus.

301 5770 529 5814 vermes
557 5770 591 5811 a
620 5752 838 5826 quibus
868 5749 1235 5811 creduntur.
1273 5752 1383 5810 Sed
1413 5749 1641 5813 videtur
1672 5749 1962 5814 subintel-
