4074 6408
299 401 417 462 965

1410 384 1747 449 ALEXIUS
1793 384 2049 448 DUGAS
2096 387 2605 451 MURZUFLUS.

3602 383 3724 445 966

301 534 446 590 ἀλλὰ
479 529 681 607 ψευδὴς
722 529 892 590 ἷ⁷ππος
922 527 996 589 εἷς
1032 525 1336 596 σωτηρίαν,
1385 519 1510 577 οὐδὲ
1565 520 1619 577 ἐν
1665 528 1784 585 ταῖς
1817 525 1952 595 κνή-

2091 524 2302 594 niscet,
2329 529 2389 580 at
2420 526 2567 581 169
2595 524 2854 581 vicissim
2876 540 3140 580 mensam
3166 523 3617 580 instruitcoram
3641 524 3727 580 eis

310 644 436 698 μαις
468 625 567 677 τοῦ
597 619 791 694 ἀνδρὸς
821 614 1052 673 εὐδοκεῖ.
1114 614 1178 671 Εἰ
1212 610 1442 668 δείκνυσι
1490 616 1571 683 τῷ
1625 612 1811 685 οἰκείῳ
1843 611 1963 686 λαῷ

305 712 523 787 σκληρᾶ
550 711 639 765 καὶ
681 710 828 764 οἶνοι
869 708 1088 779 κίρνησι
1119 702 1487 773 κατανύξεως,
1523 700 1649 758 ἀλλ’
1683 702 1963 777 ἒτοιμεὶζω

305 802 393 857 καὶ
432 802 697 876 τράπεζαν
732 797 783 869 ἐξ
834 796 1072 860 ἐναντίας
1134 800 1244 850 τῶν
1305 788 1634 864 Θλιὸὁντων,
1678 793 1768 847 καὶ
1825 812 1963 866 προ-

300 891 464 949 τείνει
515 893 779 963 ποτήριον
837 883 1249 963 φιλανθρωπίας
1298 881 1512 957 πλῆρες
1572 883 1663 937 καὶ
1693 881 1966 954 ἱλαρότη-

302 1002 394 1043 τος
433 982 521 1036 καὶ
569 979 830 1053 μεθύσκον
872 976 946 1037 ὡς
975 976 1289 1050 κράτιστον.
1346 973 1408 1029 Et
1465 971 1596 1036 τοὺς
1633 976 1967 1047 μαστιγοῦν-

305 1090 397 1131 τας
428 1069 487 1123 ἐκ
516 1066 763 1143 περάτων
815 1066 934 1140 ἄγει
999 1070 1099 1132 τῆς
1157 1069 1262 1137 γῆς
1322 1063 1410 1117 καὶ
1454 1065 1562 1116 τῶν
1624 1058 1676 1115 ἓν
1728 1059 1970 1133 θαλάσσῃ

311 1158 541 1232 μακρὰν,
594 1156 684 1210 καὶ
745 1152 836 1209 διὰ
928 1153 1217 1227 προφήτου
1304 1153 1407 1225 βοᾷ
1494 1147 1967 1227 μεγαλοκήρυκος,

312 1271 340 1300 ‹‹
368 1247 618 1323 Γίγαντες
676 1242 935 1319 ἔρχονται
993 1238 1287 1314 πληρῶσαι
1334 1238 1425 1294 τὸν
1463 1239 1632 1311 θυμόν
1680 1259 1807 1312 μου,
1841 1237 1970 1313 χαί-

312 1355 497 1409 ροντες
538 1330 653 1408 ἅμα
693 1332 782 1387 καὶ
840 1331 1118 1399 παίζοντες
1176 1327 1501 1405 ἡγιασμένοι
1547 1327 1672 1401 εἰσὶ,
1724 1327 1815 1383 καὶ
1855 1328 1969 1404 ’ἁγω

311 1424 531 1496 αὐτοὺς,
593 1447 620 1474 ι)
680 1420 826 1477 ἀλλᾶ
883 1421 973 1474 καὶ
1031 1418 1245 1480 τούτοις
1313 1416 1564 1473 ἐπιτείνει
1606 1414 1970 1495 σφοδροτέρας

310 1511 532 1587 πληγὰς
552 1512 642 1566 καὶ
672 1514 779 1565 τῶν
821 1514 1001 1564 κακῶν
1039 1507 1284 1581 μαστίζει
1322 1511 1440 1568 τοῖς
1504 1505 1739 1580 χείροσι,
1806 1506 1969 1580 χάριν

314 1593 473 1657 εἰδὼς
507 1592 769 1667 οὐδαμῶς
811 1589 1089 1663 οὐδεμίαν,
1132 1589 1177 1645 εί
1219 1596 1423 1664 χρῆται
1456 1588 1672 1649 τούτοις
1714 1588 1973 1663 ὀργάνοις

315 1684 391 1747 είς
430 1680 659 1758 ὄλεθρον
715 1681 933 1737 πόλεων
964 1680 1053 1735 καὶ
1121 1682 1308 1734 κακοῖς
1367 1676 1685 1751 ἐπιδημίοις
1717 1677 1809 1733 καὶ
1867 1675 1970 1749 δη-

317 1774 466 1849 μίοις
495 1773 793 1849 ἀνθρώπων
820 1770 1211 1842 ἀνελεήμοσιν,
1244 1767 1351 1824 εἴτε
1393 1770 1502 1841 μὴν
1571 1768 1647 1829 ὡς
1685 1766 1971 1838 νοσηλεῖαι

314 1863 403 1919 καὶ
425 1863 687 1942 φάρμακα
718 1859 1062 1934 συναίρονταί
1121 1860 1173 1913 οἱ
1220 1856 1273 1912 ἐν
1322 1854 1602 1942 πλείστοις
1643 1856 1719 1917 ὠς
1777 1860 1975 1932 ψυχῶν

313 1953 506 2027 ⁴ἰατρῷ,
550 1952 636 2013 οἷς
676 1951 767 2005 καὶ
799 1949 957 2027 φύσις
1013 1945 1196 2003 τοιάδε
1224 1968 1308 2009 τις
1358 1941 1529 2001 ἔνεστι
1565 1952 1681 2008 τοῖς
1751 1945 1973 2014 ἐπιστη-

311 2063 432 2097 σασι
472 2037 778 2117 πρόδηλος.
812 2036 1073 2114 Καχεξίαι
1135 2038 1230 2110 μὲν
1285 2037 1390 2113 γὰρ
1447 2034 1483 2105 ἤ
1542 2040 1638 2090 τοῦ
1668 2037 1975 2109 κάμνοντος

314 2130 753 2208 ἀναρῥωσθέντος
787 2129 1201 2204 ὲκμαρανθεῖσαι
1234 2130 1332 2183 τοῦ
1390 2124 1519 2203 δρᾷν
1561 2123 1757 2199 ἔληξαν
1795 2125 1831 2196 ’ἥ
1898 2130 1977 2199 τῷ

309 2222 578 2295 πάσχοντι
617 2217 1059 2275 συνδιόλλυνται.
1118 2218 1201 2274 Τὰ
1269 2213 1315 2271 δ’
1374 2215 1658 2272 ἀκεσίνοσα
1717 2217 1975 2294 φάρμακα

313 2311 376 2366 τὸ
424 2313 726 2387 καχεκτοῦν
795 2307 1094 2380 ὁτεδήποτε
1153 2307 1419 2379 ἱασάμενα
1467 2311 1585 2369 ταῖς
1645 2310 1753 2362 τῶν
1828 2304 1975 2361 ὑλῶν

312 2400 663 2477 ἀτιμοτέραις
721 2401 1080 2473 συμπρόεισιν
1136 2397 1522 2475 ἀχρεῖούμενα.
1588 2401 1803 2473 Χρῆναι
1860 2396 1979 2451 τοί-

318 2512 409 2545 νυν
440 2489 586 2564 φημὶ
614 2491 690 2562 μή
730 2485 948 2565 βιϐλίον
1000 2486 1333 2542 ἀποστασίου
1387 2488 1525 2561 πρὸς
1584 2492 1718 2542 Θεοῦ
1752 2484 1979 2561 δεδομέο

315 2600 404 2634 νον
433 2582 570 2651 ἡμῖν
606 2576 642 2649 ἤ
674 2582 802 2653 γοῦν
869 2575 976 2632 τῶν
1036 2575 1366 2652 ἀγριελαίων
1412 2570 1698 2650 βαρϐάρων
1736 2575 1979 2647 παντελῆ

316 2668 653 2744 ἑγκέντρισιν
685 2668 763 2729 εἱς
796 2668 894 2735 τὴν
936 2667 1055 2721 καθ’
1083 2667 1230 2737 ἡμᾶς
1270 2662 1627 2721 καλλιέλαιον
1662 2666 1729 2720 τὰ
1760 2663 1982 2722 ἐπιόντα

318 2758 526 2822 ο“ἶεσθαι
561 2755 731 2828 δεινὰ,
798 2754 944 2811 ἀλλὰ
1000 2752 1247 2810 παιδείαν
1321 2755 1541 2830 μικρὰν,
1575 2754 1767 2811 ὁποίαν
1800 2754 1983 2827 ἴσησιν

316 2848 535 2924 ἒπάγειν
595 2848 752 2915 Θεὸς,
820 2846 988 2907 ἀνιεὶς
1049 2848 1147 2899 τοῦ
1220 2842 1351 2919 ἄγαν
1424 2841 1552 2917 μηδ’
1611 2843 1852 2908 ἐνδιδοὺς
1918 2847 1984 2902 τὰ

315 2940 487 2993 πάντα
514 2942 633 2997 τοῖς
665 2940 1006 3008 πειρασταῖς,
1076 2932 1223 2989 ἀλλὰ
1280 2933 1369 2988 καὶ
1420 2937 1528 2989 τῶν
1567 2933 1987 3009 πειραζομὲνων

319 3025 371 3080 ἐν
406 3024 560 3099 μέρει
600 3022 943 3104 φειδόμενος,
977 3022 1069 3077 καὶ
1133 3022 1373 3095 μάλιστα
1441 3023 1486 3077 εἱ
1544 3021 1606 3077 τὸ
1670 3024 1764 3095 μὲν
1820 3020 1988 3099 δρῶν,

320 3115 484 3190 κόρον
517 3114 620 3170 οὐκ
652 3112 795 3176 είδὸς
841 3112 1248 3188 ἀνοσιουργίας,
1310 3111 1400 3166 καὶ
1460 3112 1627 3167 αὐτοῦ
1666 3112 1990 3188 κατεπαίρε-

321 3226 408 3261 ται
442 3202 513 3258 δι’
543 3199 795 3260 ἀσέϐειαν
828 3204 954 3274 παρ’
985 3202 1048 3257 οὗ
1077 3203 1177 3270 τήν
1223 3200 1385 3257 loli»:
1442 3198 1660 3281 εἰλήφει
1717 3207 1815 3257 τοῦ
1887 3225 1988 3278 μα-

2073 631 2103 668 a
2137 615 2357 686 quibus
2390 613 2696 685 afﬂigitur,
2730 618 2787 670 et
2818 613 3096 686 poculum
3158 613 3406 686 porrigit
3453 612 3735 669 humani-

2071 706 2191 763 tate
2219 708 2276 758 et
2306 703 2601 759 hilaritate
2633 703 2869 775 plenum
2902 707 2958 758 et
2988 704 3060 757 ob
3090 702 3207 758 vini
3242 703 3563 759 bonitatem
3607 704 3734 759 ine-

2074 792 2289 846 brians.
2324 793 2381 848 Si
2410 791 2797 864 ﬂagellatores
2830 793 2901 847 ab
2934 793 3209 847 extremis
3245 798 3409 848 terra:
3437 792 3733 863 marisque

2080 881 2299 937 finibus
2331 883 2589 950 adducit,
2624 886 2680 937 et
2730 898 2831 953 per
2866 882 3213 953 PrOphetam
3275 898 3551 953 magnum
3587 900 3734 954 pra:-

2074 986 2284 1026 conem
2313 970 2615 1028 clamitat:
2656 993 2683 1023 ‹‹
2722 972 3005 1043 Gigantes
3052 970 3318 1038 veniunt,
3348 976 3414 1026 ut
3468 971 3738 1041 ex;.~leant

2077 1058 2224 1115 iram
2256 1075 2469 1127 meam,
2503 1059 2679 1115 simul
2713 1064 2771 1115 et
2801 1059 3067 1115 lietantes
3095 1064 3151 1113 et
3184 1057 3453 1114 ludentes
3481 1076 3494 1126 ;
3537 1076 3737 1115 sacro-

2078 1149 2270 1203 sancti
2302 1154 2462 1215 sunt,
2487 1158 2539 1205 et
2573 1167 2606 1206 a
2640 1166 2733 1205 me
2763 1149 3170 1205 adducuntur:
3203 1167 3230 1200 ο
3290 1148 3449 1219 atqui
3512 1150 3743 1219 gravio-

2079 1238 2242 1293 ribus
2312 1238 2499 1310 plagis
2528 1240 2765 1295 eosdem
2799 1238 2978 1294 afﬁcit
3025 1244 3084 1294 et
3135 1232 3525 1293 deterioribus
3568 1236 3743 1293 malis

2080 1326 2493 1400 ﬂagellat;nec
2527 1328 2703 1385 ullam
2728 1330 2813 1385 eis
2843 1328 3090 1401 gratiam
3148 1327 3342 1395 habet,
3393 1327 3439 1382 si
3488 1344 3591 1399 pro
3649 1327 3745 1382 in-

2080 1416 2424 1473 strumentis
2480 1419 2551 1473 ad
2605 1418 2922 1491 perniciem
2970 1417 3206 1473 urbium
3268 1422 3326 1473 et
3373 1414 3745 1488 publicarum

2080 1505 2334 1562 cladium
2370 1511 2427 1561 et
2457 1523 2559 1578 pro
2597 1507 2937 1563 crudelibus
2993 1507 3308 1562 hominum
3361 1504 3745 1561 carnificibus

2080 1594 2166 1650 eis
2195 1595 2401 1657 utitur.
2434 1599 2580 1651 Nam
2639 1611 2739 1652 eos
2791 1600 2850 1651 ut
2885 1596 3119 1651 morbos
3179 1599 3237 1650 et
3290 1593 3744 1663 medicamenta,

2082 1685 2300 1756 quippe
2330 1684 2662 1740 animorum
2690 1686 2971 1752 medicus,
3008 1683 3285 1751 adhibet;
3349 1700 3601 1754 quorum
3636 1699 3747 1738 na-

2083 1781 2212 1827 tura
2241 1773 2444 1845 peritis
2478 1790 2591 1829 non
2626 1773 2825 1845 ignota
2854 1779 2981 1829 est:
3017 1782 3115 1828 aut
3164 1772 3321 1828 enim
3376 1773 3530 1828 mala
3572 1772 3745 1827 habi-

2083 1864 2226 1917 tudo
2278 1867 2494 1934 aegroto
2545 1867 2749 1920 sanato
2807 1863 2961 1919 vires
3016 1879 3153 1918 suas
3208 1861 3446 1931 amittit,
3480 1867 3579 1917 aut
3626 1878 3748 1917 una

2083 1968 2213 2007 cum
2266 1952 2367 2008 illo
2427 1952 2646 2008 interit.
2703 1952 3132 2011 Medicamenta
3178 1968 3315 2007 vero
3367 1952 3749 2023 quantumvis

2083 2041 2241 2097 acria
2272 2041 2516 2114 depulso
2550 2042 2755 2098 morbo
2788 2059 2904 2098 una
2961 2058 3089 2098 cum
3140 2058 3319 2114 prava
3349 2043 3596 2099 materia
3650 2057 3749 2097 ex-

2086 2131 2404 2202 pelluntur,
2433 2148 2538 2188 nec
2570 2132 2674 2188 ulli
2705 2138 2845 2189 sunt
2875 2133 3131 2204 amplius
3165 2131 3318 2186 usui.
3353 2131 3745 2196 Quamobrem

2084 2221 2317 2278 afﬁrmo
2357 2221 2472 2277 ista
2498 2220 2672 2288 mala,
2704 2221 2924 2292 quibus
2955 2219 3221 2293 oppressi
3254 2235 3483 2286 sumus,
3521 2236 3634 2274 non
3668 2218 3740 2275 li-

2086 2311 2303 2368 bellum
2336 2312 2877 2385 repudiidivinitus
2909 2313 3081 2369 nobis
3119 2313 3323 2368 datum
3379 2315 3481 2367 aut
3533 2310 3745 2367 barba—

2087 2401 2193 2459 rici
2232 2401 2468 2458 oleastri
2495 2400 2826 2458 absolutam
2859 2401 3196 2459 insitionem
3232 2401 3293 2457 in
3354 2406 3614 2458 nostram
3649 2398 3751 2457 oli-

2088 2507 2218 2548 vam
2251 2507 2379 2548 esse
2428 2492 2774 2563 judicanda,
2835 2494 2932 2549 sed
2969 2509 3206 2565 parvam
3268 2491 3740 2565 castigationem,

2090 2580 2322 2653 qualem
2380 2580 2532 2637 Deus
2590 2582 2869 2637 adhibere
2927 2582 3087 2638 novit
3139 2591 3364 2639 servato
3398 2583 3589 2648 modo,
3624 2599 3741 2638 non

2090 2670 2291 2727 omnia
2350 2671 2739 2726 tentatoribus
2794 2671 3111 2728 concedere
3141 2671 3245 2727 sed
3274 2671 3513 2727 tentatis
3565 2671 3743 2727 etiam

2094 2775 2331 2831 parcere
2363 2758 2595 2828 solitus,
2628 2759 2953 2832 praesertim
2988 2762 3038 2816 si
3067 2760 3119 2816 is
3177 2761 3275 2831 qui
3338 2761 3453 2834 agit
3514 2760 3746 2817 nullum

2099 2849 2340 2905 modum
2376 2850 2501 2905 suis
2534 2851 2687 2905 770
2718 2848 3035 2906 sceleribus
3086 2852 3314 2919 statuit,
3350 2851 3449 2907 sed
3504 2868 3605 2923 por
3636 2850 3752 2905 im-

2099 2939 2372 3010 pietatem
2407 2943 2609 2993 contra
2654 2956 2786 2995 eum
2838 2939 3035 3011 ipsum
3068 2940 3324 3013 insurgit
3353 2958 3387 2995 a
3417 2957 3533 3013 quo
3560 2939 3751 3011 ﬂagel-

2099 3025 2258 3082 landi
2301 3030 2647 3097 potestatem
2692 3028 2911 3099 accepit
2958 3030 3051 3098 (ut
3099 3028 3486 3084 Nahuzardan
3546 3029 3751 3099 prefe-

2099 3120 2229 3171 ctus
2276 3115 2590 3182 exercitus,
2619 3116 2719 3188 qui
2748 3117 2892 3172 urbe
2948 3117 3047 3171 Dei
3082 3116 3323 3172 incensa
3376 3133 3515 3174 vasa
3576 3116 3752 3171 mini-

2102 3204 2264 3261 sterii
2296 3204 2445 3261 sacri
2472 3205 2705 3278 rapuit;
2742 3208 2809 3261 ut
2848 3205 3176 3271 Balthasar,
3210 3206 3312 3277 qui
3345 3205 3416 3261 iis
3447 3207 3516 3261 ad
3551 3203 3753 3260 luxum

326 3297 570 3371 στιγοῦν,
601 3294 675 3355 ὡς
711 3293 807 3366 μὲν
870 3286 1258 3368 Ναϐουζαρδὰν
1314 3278 1714 3367 ἀρχιμάγειρος
1753 3294 1854 3362 τήν
1894 3298 1981 3349 τοῦ

2105 3296 2329 3351 abusus
2387 3300 2498 3366 est,
2533 3295 2635 3368 qui
2691 3294 2811 3351 aris
2861 3295 3054 3352 illusit
3119 3303 3176 3351 et
3233 3295 3431 3351 divina
3482 3295 3760 3367 mysteria

328 3388 461 3439 Θεοῦ
518 3382 680 3440 πόλιν
741 3380 1120 3455 παραπέμπων
1179 3380 1311 3454 πυρὶ
1369 3380 1461 3435 καὶ
1525 3380 1591 3435 τὰ
1642 3382 1997 3461 λειτουργικὰ

331 3471 493 3545 σκεύη
541 3470 921 3548 προνομεύων,
957 3470 1032 3525 ὡς
1093 3466 1150 3524 δὲ
1204 3467 1487 3542 Βαλτάσαρ
1518 3475 1733 3545 τρυφῶν
1800 3472 1851 3525 ἐν
1893 3474 1992 3527 αὐ-

328 3568 443 3625 τοῖς
486 3562 843 3636 θυσιαστήριά
870 3580 928 3614 τε
958 3553 1326 3633 καθυϐρίζων,
1371 3558 1438 3613 τὰ
1496 3555 1552 3612 δὲ
1618 3560 1734 3615 θεῖα
1786 3563 1999 3633 μυστή,

331 3672 421 3726 ρια
451 3651 878 3728 ἐξορχούμενος,
903 3650 965 3704 τὸ
1006 3646 1064 3703 δὲ
1094 3648 1306 3722 πάσχον
1360 3648 1551 3702 ἑαυτοῦ
1591 3648 1886 3725 γινόμενον
1940 3650 1996 3706 ἐν

334 3738 746 3815 πρωτολογίαις
807 3740 1111 3814 κατήγορον
1170 3738 1489 3811 παρήγορον
1583 3738 1676 3792 τὸν
1732 3739 1999 3795 παίσαντα

337 3830 466 3885 Θεὸν
506 3830 838 3904 θερμότερον
892 3825 1269 3898 ἐπικέκληται.
1326 3826 1536 3884 Οὐκοῦν
1592 3826 1998 3905 φιλανθρωπίαν

340 3918 739 3994 ἐκδεχομένους
772 3922 906 3974 Θεοῦ
933 3915 1051 3973 δεον
1081 3914 1230 3988 ᾅδειν
1268 3915 1402 3990 μετᾶ
1428 3910 1619 3990 Δαϐιδ,
1653 3941 1681 3970 ‹‹
1709 3920 1998 3991 Μνήσθητι

343 4011 529 4082 ἡμῶν,
566 4008 753 4081 Κύριε,
786 4006 838 4062 ἐν
871 4010 940 4081 τῇ
982 4004 1202 4076 εὐδοκία
1234 4010 1331 4061 τοῦ
1374 4003 1515 4061 λαοῦ
1566 4025 1682 4061 σου·
1717 4006 2002 4084 ἐπίσκεψαι

339 4100 487 4171 ἡμᾶς
515 4099 570 4153 ἐν
600 4103 682 4170 τῷ
716 4097 974 4172 σωτηρίῳ
1008 4117 1105 4151 σου
1136 4100 1233 4150 τοῦ
1273 4092 1409 4149 ἱδεῖν
1444 4094 1496 4150 ἓν
1558 4100 1626 4169 τῇ
1658 4098 2000 4173 χρηστότητι

338 4192 446 4243 τῶν
477 4187 745 4243 ἐκλεκτῶν
780 4207 898 4254 σου,
930 4189 1027 4240 τοῦ
1060 4185 1419 4263 εὐφρανθῆναι
1482 4183 1534 4238 ἒν
1592 4188 1661 4258 τῇ
1694 4188 1997 4264 εὐφροσύνῃ

338 4281 436 4331 τοῦ
467 4274 653 4339 ἔθνους
686 4295 805 4345 σου,
835 4278 933 4328 τοῦ
977 4274 1310 4328 ὲπαινεῖσθαι
1372 4272 1509 4345 μετὰ
1564 4278 1667 4341 τῆς
1723 4273 2000 4351 κληρονο-

348 4364 471 4437 μίας
506 4385 622 4434 σου,
658 4388 686 4416 ››
732 4363 789 4418 εὗ
821 4359 1033 4424 είδότας
1065 4361 1140 4423 ὡς
1196 4356 1407 4420 ἀσεϐῶν
1470 4361 1565 4433 μὲν
1614 4364 1648 4431 ἡ
1710 4363 1787 4425 είς
1841 4364 2001 4430 τέλος

2104 3385 2501 3457 contempsit),
2559 3384 2611 3442 is
2661 3401 2796 3442 vero
2875 3386 2973 3457 qui
3033 3385 3273 3458 patitur,
3316 3402 3379 3441 se
3444 3384 3639 3456 ipsum
3700 3383 3762 3439 in

2107 3474 2312 3546 primis
2362 3479 2602 3531 accusat
2653 3483 2705 3530 et
2754 3475 3063 3530 verberum
3115 3472 3369 3531 auctoris
3431 3473 3526 3529 Dei
3592 3489 3763 3544 opem

2106 3567 2165 3617 et
2200 3561 2661 3619 consolationem
2694 3564 3281 3636 ardenterimplorat.
3307 3564 3508 3635 Itaque
3529 3562 3629 3618 Dei
3664 3563 3765 3618 be-

2108 3651 2368 3723 nignitas
2404 3651 2571 3707 nobis
2593 3654 2989 3724 exspectanda
3020 3659 3133 3719 est,
3164 3663 3219 3708 et
3249 3670 3383 3709 cum
3418 3652 3633 3708 Davide
3664 3668 3761 3708 ca-

2109 3740 2409 3797 nendum:
2468 3741 2762 3796 Memento
2806 3742 3015 3811 nostri,
3048 3741 3316 3812 Domine,
3378 3742 3437 3797 in
3470 3741 3765 3813 approba-

2110 3829 2266 3886 tione
2297 3829 2494 3902 populi
2526 3834 2633 3887 tui.
2666 3831 2909 3888 Invisito
2942 3849 3048 3889 nos
3081 3836 3147 3888 ut
3205 3836 3485 3900 servator,
3520 3838 3581 3887 ut
3635 3848 3765 3901 pro-

2110 3922 2450 3994 speritatem
2481 3920 2800 3979 electorum
2832 3926 3069 3980 tuorum
3101 3924 3430 3989 videamus,
3462 3927 3529 3979 ut
3568 3921 3771 3977 latitia

2111 4012 2305 4084 gentis
2337 4015 2447 4068 tum
2485 4011 2767 4082 laetemur,
2801 4017 2865 4068 ut
2897 4029 3030 4070 cum
3102 4013 3441 4069 haereditate
3492 4016 3590 4067 tua
3642 4010 3770 4067 lau-

2114 4103 2342 4160 demur.
2376 4104 2577 4176 Neque
2636 4104 2794 4160 enim
2850 4104 3168 4162 obscurum
3223 4109 3312 4161 est
3363 4102 3580 4175 impios
3634 4101 3769 4158 dedi

2112 4193 2335 4266 ﬂagris,
2370 4211 2506 4250 cum
2562 4210 2762 4250 eorum
2821 4198 3016 4251 autem
3074 4194 3481 4267 castigatione,
3516 4209 3769 4265 quorum

2112 4298 2248 4353 spes
2280 4283 2341 4338 in
2364 4283 2612 4339 Domino
2634 4283 2750 4339 sita
2774 4287 2886 4353 est,
2920 4284 3383 4340 consolationem
3414 4291 3469 4339 et
3525 4283 3763 4339 restitu-

2112 4371 2334 4427 tionem
2369 4372 2427 4427 in
2460 4371 2754 4444 integrum
2786 4388 2913 4429 esse
2937 4374 3334 4444 conjunctam.

343 4451 640 4528 παράδυσις
669 4452 759 4509 καὶ
794 4451 1156 4529 μαστίγωσις,
1188 4454 1296 4506 τῶν
1330 4446 1376 4504 δ’
1407 4448 1728 4520 ἡλπικότων
1760 4453 1848 4509 ἐπὶ
1908 4458 2109 4534 Κυριον
2157 4463 2228 4532 τῇ
2300 4456 2520 4530 παιδείᾳ
2579 4457 2883 4536 σύνδρομος
2916 4462 2952 4530 ἡ
2982 4459 3332 4536 παράκλησίς
3368 4481 3425 4515 τε
3464 4459 3553 4516 καὶ
3632 4461 3770 4517 ὶπα-

343 4541 633 4615 νάκλησις.
