4074 6390
318 395 436 456 969

1760 379 1966 443 URBS
2008 377 2287 440 ΟᾹΡΤΑ.

3621 378 3743 441 970

316 526 444 584 ἀλλ’
485 523 601 580 οὐδ’
631 521 801 597 ᾠδαῖς
859 518 1086 595 ὀρνίθων
1142 515 1577 591 διυπνιζόμενον,
1636 515 1710 577 ὡς
1757 512 1850 567 καὶ
1907 511 1969 566 τὸ

2094 512 2551 581 cmnes,bellum
2577 529 2821 588 prorsus
2841 513 3111 586 ignorare
3153 514 3253 571 did
3343 513 3556 570 ssent?
3574 518 3745 570 caete-

315 617 444 673 ὅλον
485 612 751 672 καθεῦδον
783 609 962 683 ἡδέως
1002 609 1095 665 καὶ
1131 611 1207 682 μὴ
1232 606 1476 683 ἐγνωκός
1508 625 1642 661 ποτε
1674 600 1922 674 πόλεμον
1961 620 1975 673 ;

312 708 375 763 τὸ
408 704 464 761 δέ
519 726 580 781 γε
638 700 938 765 συντιθέναι
998 699 1289 770 ποιήματα
1343 696 1431 751 καὶ
1486 700 1593 750 τῶν
1646 690 1980 767 διαμαρτόν-

313 818 419 853 των
452 780 822 860 καθάπτεσθαι
869 792 934 860 ἦν
994 788 1090 862 μὲν
1148 788 1237 842 καὶ
1293 789 1391 842 τοῦ
1453 781 1748 861 μεγαλείου
1781 780 1977 837 Σόλω-

315 906 428 953 νος,
456 887 521 953 ἦν
556 880 598 937 δ’
642 881 718 943 ὡς
749 874 917 946 ἔοικε,
947 878 1039 933 καὶ
1070 880 1168 933 τοῦ
1221 874 1350 932 τότε
1402 870 1584 946 δήμου
1623 874 1732 926 τῶν
1804 869 1977 940 Ἀθη-

315 974 506 1043 ναίων,
537 966 821 1043 κνωμένου
850 968 914 1022 τὸ
956 964 1049 1029 οὖς
1107 969 1229 1029 ταῖς
1282 968 1391 1020 τῶν
1453 962 1791 1036 εἶσηγήσεων
1828 976 1978 1034 χρη-

319 1064 524 1137 σίμοις,
583 1058 766 1135 ἡρέμα
820 1078 879 1112 τε
938 1051 1319 1116 ὑπενδιδόντος
1372 1056 1493 1115 ταῖς
1578 1055 1687 1106 τῶν
1745 1049 1981 1123 ἀρίστων

316 1133 527 1229 ἀνδρῶν
553 1133 935 1225 παραιφάσεσι.
972 1144 1073 1202 Καὶ
1106 1141 1295 1204 ἄλλως
1356 1138 1416 1229 δὲ
1471 1144 1553 1212 τῷ
1582 1139 1719 1214 πρὸς
1770 1133 1980 1229 ὄνειδος

315 1224 461 1313 ᾅδειν
501 1224 780 1304 τιθασσοῖς
840 1235 1021 1309 λόγων
1074 1231 1308 1308 μέροψιν
1360 1225 1530 1287 ἔνεστί
1581 1248 1633 1283 τι
1690 1227 1782 1283 καὶ
1841 1224 1980 1302 γλυ-

313 1334 474 1401 κάζον
508 1331 599 1384 σὺν
631 1332 712 1400 τῷ
742 1325 995 1405 στύφοντι
1051 1321 1473 1401 ἐμφαινόμενον·
1535 1317 1625 1374 καὶ
1689 1319 1723 1387 ἠ
1761 1318 1979 1405 μνήμη¹

317 1419 415 1476 ὅσα
448 1417 514 1489 δὴ
547 1419 637 1474 καὶ
696 1402 871 1493 ῥιπὶς,
920 1412 985 1469 τὸ
1040 1412 1357 1486 παραμένον
1417 1409 1470 1464 ἐν
1535 1410 1713 1483 ζψυχῇ
1779 1405 1872 1461 καὶ
1903 1402 1981 1493 -ιέν

283 1487 652 1582 ’θαπτόμενον
696 1487 1032 1579 ’ἐμπύρευμα
1089 1500 1186 1556 τοῦ
1243 1498 1420 1555 καλοῦ
1473 1497 1610 1552 κατὰ
1675 1499 1850 1564 ζῶσαν
1900 1487 1981 1549 ἔτι

315 1598 500 1677 φλόγα
529 1596 698 1670 πυρὸς
726 1590 1141 1677 ἀναθάλπουσα,
1198 1590 1298 1658 τὴν
1333 1586 1415 1667 ἂρ’
1468 1585 1694 1677 ὁμοίοις
1736 1582 1983 1677 έσέπειτα

315 1670 638 1763 διαμαρτίαν
668 1682 1034 1764 φυλάττεσθαι
1096 1676 1428 1748 διανίστησι.
1480 1678 1615 1764 Τοῖς
1649 1670 1696 1728 δ’
1744 1671 1798 1764 ές
1830 1674 1982 1745 ἡμᾶς

313 1786 382 1851 ἧς
414 1761 844 1835 ὝΚωνσταντίνου
905 1770 1249 1846 οἰκήτορσιν,
1318 1766 1491 1823 εἶ’πεῖν
1576 1761 1633 1820 δὲ
1685 1763 1777 1819 καὶ
1834 1767 1983 1826 τοῖς.

314 1848 375 1924 εκ
401 1872 507 1923 τῶν
535 1865 727 1921 ἄλλων
760 1861 1115 1937 ὁρμωμένοις
1145 1860 1374 1934 χωρῶν,
1407 1857 1459 1911 cl
1504 1848 1735 1930 ἔλεγχοι
1772 1850 1977 1926 μώλω-

315 1979 411 2020 πες
443 1950 705 2032 ἀκριϐῶς.
737 1956 869 2015 Τοῖς
925 1948 981 2006 δὲ
1038 1947 1276 2012 πολλοῖς
1318 1944 1432 2003 οὐδ’
1484 1946 1596 2001 ὦτα
1645 1941 1974 2032 πεφύτευται

311 2028 617 2120 τετρημένα
669 2043 743 2105 εἰς
808 2044 960 2109 νοῦν,
1011 2034 1128 2093 οὐδ’
1192 2039 1228 2106 ή
1286 2032 1470 2113 Παφία
1524 2040 1625 2102 τῆς
1665 2028 1977 2120 ἐλευθερίας

317 2117 484 2193 ὁποία
509 2134 591 2196 τίς
619 2132 763 2189 ἐστιν
792 2128 846 2193 ἐς
893 2126 1052 2205 δεῦρο
1082 2123 1472 2197 κατείληπται,
1530 2122 1607 2185 ὡς
1664 2117 1791 2177 οὐδὲ
1846 2119 1983 2196 γλυ-

309 2227 478 2297 κύτης
538 2223 771 2299 μέλιτος
824 2225 944 2286 τοῖς
1035 2216 1267 2295 μηδέπω
1331 2212 1692 2294 γευσαμένοις
1764 2209 1986 2285 μέλιτος

314 2317 473 2385 ιΕπεὶ
511 2317 689 2371 τοίνυν
751 2311 1052 2388 ἀσύμφωνα
1106 2313 1226 2370 τοῖς
1284 2305 1541 2367 Σόλωνος
1597 2303 1665 2358 τὰ
1720 2302 1983 2388 ἡμέτερα,

315 2405 414 2484 ἄγε
439 2408 507 2461 τὰ
562 2405 659 2478 μὶν
687 2408 796 2458 τῶν
855 2386 1107 2475 ἐλέγχων
1176 2397 1497 2471 παρήσομεν
1555 2393 1870 2484 βούκεντρα,
1931 2386 1986 2453 ές

318 2479 469 2551 ούδὲν
503 2492 685 2568 ἕτερον
713 2487 1264 2566 προσληφθησόμενα
1292 2484 1378 2540 ὅτι
1413 2485 1490 2558 μὴ
1548 2487 1657 2539 τῶν
1708 2479 1983 2539 πλείστων

319 2583 699 2660 ἐτεροζύγησιν
759 2579 1040 2654 (εἰσὶγὰρ,
1076 2575 1210 2632 εῗσὶν
1245 2574 1299 2630 οἳ
1354 2574 1557 2649 χόρτον
1610 2571 1663 2627 έν
1718 2576 1836 2633 τοῖς
1892 2570 1982 2626 κέ-

320 2695 471 2748 ρασιν
505 2671 747 2747 ἔχουσι),
780 2669 881 2738 τήν
911 2665 960 2723 δ’
990 2666 1235 2740 ἱστορίας
1298 2665 1420 2719 καθ’
1479 2662 1672 2739 εἱρμὸν
1735 2661 1984 2734 ἑξόμεθα.

318 2768 422 2840 ’[Ρ.
457 2766 581 2838 377]
616 2760 683 2819 Εἴ
710 2761 813 2835 γὰρ
868 2757 966 2815 καὶ
1021 2757 1089 2812 τὰ
1150 2761 1259 2812 τῶν
1298 2749 1587 2830 βαρϐάρων
1645 2748 1791 2823 ᾅδειν
1831 2749 1986 2813 ἀπεις

319 2854 558 2926 πάμεθα,
620 2850 749 2906 ἀλλ’
822 2846 915 2905 οῦν
974 2849 1073 2902 τοῦ
1140 2842 1514 2919 δρασσομένου
1590 2840 1719 2904 τοὺς
1785 2840 1986 2918 σοφοὺς

323 2945 375 2998 ἐν
424 2947 492 3015 τῇ
561 2940 724 3015 σοφίᾳ
783 2938 960 2994 αὐτῶν
1045 2936 1098 2992 έν
1181 2933 1421 2996 πολλοῖς
1485 2932 1615 2995 τοὺς
1688 2929 1986 3005 ὑψαύχενα.

321 3031 636 3111 σιρήλαντος
676 3030 765 3084 καὶ
799 3028 868 3085 τὰ
914 3025 1188 3101 πρόσωπα
1241 3023 1420 3080 αὐτῶν
1451 3021 1676 3097 ἀτιμίας
1731 3019 1982 3091 πλήσαν-

316 3105 431 3191 τός,
491 3120 582 3176 καὶ
641 3114 983 3193 παραδόντος
1060 3115 1137 3178 εἷς
1232 3114 1460 3187 δλεθρον
1541 3105 1985 3188 βαρϐάρωτέροις

2082 618 2216 659 rum
2246 619 2452 660 versus
2481 619 2831 675 componere
2857 607 2914 660 et
2943 604 3088 660 vitia
3117 620 3378 677 carpere,
3410 617 3479 660 ea
3511 608 3743 675 tempe-

2082 694 2234 749 state
2266 709 2402 748 cum
2459 691 2692 749 Solonis
2747 700 2890 762 erat,
2950 693 3057 748 viri
3135 692 3550 762 illustrissimi,
3612 697 3740 748 tum

2084 781 2284 854 populi
2316 781 2716 851 Atheniensis,
2777 782 2949 854 cujus
2979 800 3151 839 aures
3211 782 3456 839 utilibus
3502 782 3744 840 monitis

2083 873 2484 945 capiebantur,
2518 874 2737 944 quique
2779 873 3136 945 optimorum
3176 874 3434 930 virorum
3482 873 3746 931 consiliis

2085 962 2371 1036 paulatim
2403 962 2835 1034 acquiescebat.
2896 963 3045 1019 Nam
3106 964 3433 1020 mansuetis
3493 964 3746 1034 ingeniis

2086 1052 2569 1125 reprehensiones
2593 1052 2726 1125 plus
2750 1053 2866 1109 fere
2905 1052 3224 1125 voluptatis
3270 1053 3524 1109 ati‘erunt
3567 1070 3746 1127 quam

2085 1141 2327 1209 doloris,
2355 1156 2674 1212 eorumque
2707 1142 2992 1198 memoria
3015 1141 3305 1198 scintillas
3336 1142 3664 1200 honestatis
3688 1144 3748 1199 in

2086 1231 2295 1287 animis
2324 1230 2484 1287 velut
2522 1230 2721 1303 ignem
2780 1231 2891 1287 sub
2948 1232 3243 1288 cineribus
3300 1231 3743 1291 delitescentem

2087 1322 2159 1378 ad
2188 1321 2448 1377 cavenda
2489 1319 2549 1376 in
2609 1323 2909 1392 posterum
2965 1321 3185 1379 similia
3239 1321 3453 1379 delicta
3513 1324 3744 1379 excitat.

2085 1410 2298 1467 Nostra
2329 1425 2463 1466 vero
2496 1412 2663 1466 etate
2691 1409 3017 1481 Cpolitanis
3049 1411 3277 1468 civibus
3325 1415 3383 1469 et
3415 1411 3749 1484 provincia-

2086 1498 2242 1555 libus
2296 1514 2531 1570 quoque
2577 1498 3005 1556 admonitiones
3063 1500 3236 1572 plane
3291 1501 3512 1557 vibices
3554 1506 3746 1568 erant,

2086 1603 2193 1644 nec
2221 1586 2433 1659 vulgus
2465 1604 2637 1645 aures
2667 1587 2920 1645 habebat
2964 1589 3039 1645 ad
3095 1594 3349 1646 mentem
3400 1591 3749 1662 perforatas,

2087 1693 2278 1748 neque
2325 1675 2619 1733 libertatis
2676 1676 2926 1733 dulcedo
2986 1683 3205 1747 quanta
3254 1684 3411 1735 esset
3459 1678 3746 1736 hactenus

2085 1764 2478 1835 intellexerat,
2511 1770 2577 1822 ut
2605 1770 2663 1823 et
2691 1766 2885 1823 mellis
2915 1767 3162 1825 dulcedo
3185 1768 3388 1840 ignota
3432 1768 3505 1825 iis
3536 1777 3621 1826 est
3645 1770 3750 1841 qui

2010 1882 2055 1945 Β
2085 1859 2142 1916 id
2171 1876 2289 1916 non
2321 1862 2660 1931 gustarunt.
2693 1860 2978 1926 Quoniam
3023 1861 3204 1935 igitur
3250 1865 3454 1919 nostra
3488 1869 3752 1935 tempora

2085 1948 2158 2005 ab
2197 1951 2366 2006 atate
2394 1947 2622 2005 Solonis
2653 1949 3009 2021 discrepant,
3039 1966 3144 2024 age
3167 1950 3404 2007 omissis
3427 1950 3746 2023 reprehen-

2085 2037 2319 2094 sionum
2343 2037 2620 2107 stimulis,
2679 2038 2780 2111 qui
2840 2038 2988 2094 nihil
3046 2039 3201 2096 aliud
3263 2040 3374 2097 nisi
3422 2041 3557 2096 odia
3592 2043 3746 2099 774

2090 2126 2508 2199 plerarumque
2537 2126 2835 2184 irritarent
2859 2131 3025 2199 (sunt
3053 2128 3379 2200 enim,sunt
3399 2130 3501 2202 qui
3525 2130 3746 2188 frenum

2089 2217 2150 2274 in
2177 2234 2359 2274 cornu
2391 2220 2641 2290 gerant),
2674 2217 2984 2275 historian)
3046 2219 3249 2275 ordine
3296 2236 3744 2293 prosequamur.

2088 2307 2218 2365 Etsi
2246 2308 2404 2363 enim
2463 2324 2570 2366 nos
2631 2323 2724 2365 res
2782 2326 2816 2365 ιι
2872 2309 3144 2366 Barbarie
3202 2318 3396 2383 gestas
3426 2311 3751 2383 scripturos

2093 2396 2457 2469 negavimus,
2492 2400 2690 2453 tamen
2722 2413 2857 2453 cum
2889 2398 2941 2454 is
2971 2397 3073 2469 qui
3141 2399 3477 2471 sapientum
3523 2400 3750 2473 sapien-

2092 2485 2236 2543 tiam
2269 2486 2601 2559 conl‘undit,
2633 2488 2921 2560 superbos
2952 2487 3082 2544 illos
3139 2486 3408 2544 homines
3456 2487 3519 2544 in
3558 2488 3750 2545 multa

2091 2575 2416 2632 infortunia
2473 2576 2807 2648 conjecerit,
2866 2592 3185 2649 eorumque
3243 2578 3385 2635 facie
3422 2578 3746 2652 ignominia

2094 2664 2338 2739 impleta
2366 2666 2808 2724 harbarioribus
2837 2669 3110 2742 gentibus
3144 2670 3473 2741 perdendos
3512 2670 3744 2741 objece-

2094 2756 2192 2826 rit,
2225 2755 2528 2829 repudiato
2587 2755 2822 2814 silentio
2875 2757 3169 2815 mirabilia
3225 2759 3327 2816 Dei
3384 2776 3558 2832 opera
3606 2763 3748 2817 sunt

2092 2846 2464 2916 celebranda,
2497 2845 2598 2919 qui
2629 2846 2711 2903 ait
2743 2863 2756 2903 :
2792 2869 2821 2899 «
2851 2851 2929 2905 Ut
2957 2847 3088 2905 vivo
3141 2850 3201 2907 in
3260 2852 3634 2923 perpetuum,
3664 2850 3748 2906 ita

2091 2936 2161 2990 de
2191 2934 2449 2992 inimicis
2507 2936 2654 2993 meis
2712 2953 2915 3009 poenas
2971 2955 3227 3006 sumam,
3283 2946 3339 2996 et
3386 2954 3486 2995 eos
3517 2939 3617 3011 qui
3651 2955 3745 2995 me

2091 3024 2344 3080 oderunt
2372 3024 2727 3098 exstirpabo.
2748 3047 2776 3076 ››
2804 3029 2866 3082 Et
2887 3025 3002 3085 alio
3061 3026 3187 3084 loco
3209 3027 3283 3083 ad
3323 3026 3746 3097 Abrahamum,

2092 3137 2118 3164 α
2154 3117 2395 3171 Gentem
2427 3131 2560 3171 vero
2591 3114 2685 3171 cui
2715 3116 2991 3187 serviant,
3023 3133 3129 3190 ego
3162 3117 3433 3175 ulciscar.
3468 3139 3497 3168 ››

318 3214 523 3270 ἑαυτῶν
550 3208 746 3280 ἔθνεσι,
776 3206 958 3285 χρεὼν
990 3203 1125 3282 μηδ’
1152 3207 1302 3277 ἡμᾶς
1330 3204 1428 3273 τὴν
1460 3203 1673 3271 σιωπήν
1705 3199 1783 3263 εἷς
1810 3199 1971 3265 τέλος
1990 3198 2230 3273 ἑλέσθαι,
2259 3204 2572 3278 χρήσασθαι
2603 3201 2660 3259 δὲ
2690 3208 2771 3277 τῷ
2800 3204 2956 3282 λόγῳ
2986 3205 3123 3281 πρὸς
3155 3205 3599 3283 ἀνθομολόγησιν
3631 3210 3740 3262 τῶν
3792 3256 3797 3259 ,

319 3299 618 3378 τεραστίων
652 3302 811 3367 Θεοῦ,
841 3301 940 3354 τοῦ
976 3321 998 3348 ι
1030 3300 1116 3351 Ζῶ
1146 3293 1254 3370 ἐγὼ
1288 3318 1318 3347 ››
1351 3292 1608 3368 λέγοντος
1645 3316 1666 3344 ι
1703 3292 1781 3353 εἲς
1821 3291 1914 3346 τὸν
1944 3288 2138 3361 αἰῶνα,
2168 3292 2259 3348 καὶ
2292 3291 2660 3350 ἀνταποδώσω
2686 3291 2842 3365 δίκην
2882 3300 3000 3359 τοῖς
3057 3294 3280 3371 ἐχθροῖς
3323 3317 3428 3371 μου
3484 3296 3574 3352 καὶ
3630 3301 3750 3359 τοῖς

331 3375 548 3467 μισοῦσί
595 3411 662 3463 με
692 3385 1093 3464 ἐξολόθρευσιν,
1129 3407 1161 3437 ››
1195 3385 1290 3439 καὶ
1315 3380 1381 3438 αὖ
1411 3381 1577 3438 πάλιν
1609 3380 1747 3455 πρὸς
1772 3375 2049 3454 Ἀϐραάμο
2083 3405 2113 3434 ‹‹
2143 3381 2221 3440 Τὸ
2249 3379 2307 3438 δὲ
2334 3379 2487 3447 ἔθνος
2519 3385 2564 3458 ᾧ
2595 3381 2972 3457 δουλεύσουσι,
3021 3387 3193 3461 κρινῶ
3223 3384 3352 3461 ἐγώ.
3392 3409 3423 3440 ››

392 3482 458 3558 β’.
492 3482 629 3555 Εἶχε
686 3478 778 3552 μὶν
821 3475 888 3547 δὴ
959 3474 1107 3530 οὕτω
1162 3476 1351 3538 ταῦτα,
1410 3471 1500 3526 καὶ
1531 3472 1568 3540 ἡ
1632 3468 1974 3558 Κωνσταντί.

2165 3476 2219 3529 2.
2244 3473 2514 3531 Cumillo
2545 3491 2743 3531 rerum
2802 3480 2959 3533 statu
3013 3475 3345 3534 clarissima
3401 3477 3545 3534 urbs
3587 3492 3749 3535 com-

318 3557 422 3627 voc
471 3567 832 3640 καλλίπολις,
872 3566 935 3622 τὸ
998 3563 1181 3620 κοινὸν
1242 3560 1492 3617 ἁπάντων
1550 3557 1873 3637 ἐντρύφημά
1926 3578 1986 3612 τε

317 3663 406 3719 καὶ
463 3660 786 3730 ’ἐξάκουστον
872 3652 1257 3730 περιλάλημα,
1340 3649 1629 3726 ᾑθάλωται
1703 3648 1837 3724 πυρὶ
1893 3644 1985 3702 καὶ

322 3752 652 3827 ἠμαύρωται
691 3747 839 3804 ἑάλω
880 3767 941 3803 τε
989 3744 1082 3802 καὶ
1146 3747 1245 3800 τοῦ
1300 3740 1549 3799 πλούτου
1604 3738 1804 3803 παντὸς
1833 3736 1989 3795 κεκέ-

322 3862 515 3907 νωται,
549 3838 676 3902 ὅσος
703 3859 764 3894 τε
793 3834 1062 3911 δημόσιος
1093 3835 1162 3906 ἦν
1192 3833 1282 3889 καὶ
1311 3838 1431 3896 τοῖς
1472 3831 1614 3905 λεῷς
1674 3829 1989 3904 ἐπῳκείωτο

324 3931 416 3988 καὶ
498 3929 623 3991 ὅσος
691 3931 807 4001 Θεῷ
872 3924 1203 4005 ἀφωσίωτο,
1260 3923 1411 4000 παρα
1486 3922 1657 3997 γενῶν
1726 3920 1991 3987 ἑσπερίων

329 4017 702 4095 σποραδικῶν,
763 4018 1020 4096 ἀφαυρῶν
1079 4017 1147 4071 τὰ
1222 4013 1458 4070 πλεῖστα
1512 4011 1605 4067 καὶ
1663 4011 1989 4084 ἀνωνύμων,

330 4110 407 4174 εἷς
436 4107 732 4184 λῃστρικὸν
777 4107 873 4182 μὲν
926 4100 1162 4161 ἔκπλουν
1216 4099 1714 4178 συγκροτηθέντων,
1773 4100 1992 4175 ὀργάνῳ

330 4198 389 4256 δὲ
417 4198 782 4273 χρησαμένων
838 4194 929 4249 καὶ
986 4193 1318 4268 προσωπείῳ
1373 4190 1672 4262 εὐτυπώτῳ
1711 4195 1813 4258 τῆς
1866 4198 1994 4251 καθι

328 4292 492 4360 ἡμῶν
520 4287 789 4356 κινήσεως
843 4287 924 4354 τῷ
979 4280 1316 4352 κρούσασθαι
1373 4276 1626 4353 πρύμναν
1685 4277 1761 4340 είς
1787 4275 1991 4351 ἃμυναν

333 4375 586 4448 Ἰσαακίῳ
615 4380 695 4448 τῷ
726 4374 777 4446 ἐξ
838 4368 1116 4447 Ἀγγέλων
1148 4369 1240 4424 καὶ
1310 4366 1367 4423 δν
1425 4364 1632 4429 ἐκεῖνος
1688 4363 1992 4445 ἐφύτευσεν,

330 4466 405 4529 ὡς
452 4467 526 4538 μὴ
560 4463 794 4541 ὣφελεν,
844 4460 929 4517 ἐπ’
984 4458 1236 4528 ἀπωλείᾳ
1287 4465 1389 4528 τῆς
1447 4454 1728 4532 πατρίδος,
1788 4456 1846 4511 δν
1905 4455 1995 4510 καὶ

330 4555 517 4612 καλῶν
574 4551 876 4609 κάλλιστον
941 4549 1034 4605 καί
1091 4567 1274 4627 σφισιν
1354 4545 1648 4621 ἐπέραστον
1704 4545 1996 4622 ἀγώγιμον

329 4641 677 4723 έπετέροντο·
710 4644 745 4713 ἡ
777 4641 885 4717 γὰρ
917 4639 1183 4710 ὑπτιότης
1240 4637 1332 4692 καὶ
1391 4635 1716 4709 οἰκουρότης
1762 4639 1870 4690 τῶν
1930 4634 1996 4689 τὰ

2095 3579 2304 3619 munes
2335 3564 2599 3620 omnium
2618 3565 2860 3633 deliciae,
2878 3567 3146 3622 omnium
3166 3564 3459 3638 celebrata
3479 3567 3749 3637 vocibus,

2092 3650 2368 3707 incendio
2398 3652 2734 3725 absumpta,
2764 3653 2973 3725 deleta,
3007 3660 3200 3728 capta,
3231 3655 3508 3713 omnibus
3536 3657 3747 3730 opibus

2095 3748 2213 3799 tam
2241 3740 2426 3798 sacris
2452 3758 2631 3814 quam
2665 3745 2945 3816 profanis,
3002 3747 3122 3803 sive
3175 3745 3424 3817 publicis
3464 3746 3584 3804 sive
3637 3746 3750 3820 pri-

2093 3832 2241 3889 vatis
2264 3831 2336 3888 ab
2366 3831 2830 3889 Occidentalium
2878 3836 3144 3907 gentium
3203 3834 3449 3893 colluvie
3497 3836 3749 3908 spoliata

2096 3926 2270 3993 esset,
2300 3940 2429 3992 quis
2460 3929 2669 3996 gentes
2727 3924 2980 3981 maxima
3033 3942 3103 3983 ex
3159 3931 3323 4000 parte
3378 3928 3640 3985 obscuras
3693 3936 3750 3986 et

2096 4011 2385 4083 ignobiles
2412 4026 2547 4067 cum
2573 4011 2999 4083 navigationem
3020 4014 3313 4072 latrocinii
3332 4033 3513 4073 causa
3562 4033 3754 4074 susce-

2099 4103 2345 4176 pissent,
2404 4117 2527 4159 sum
2578 4106 2781 4161 contra
2836 4119 2946 4161 nos
3022 4106 3371 4178 expeditioni
3428 4107 3753 4180 speciosam

2100 4207 2339 4248 causam
2372 4192 2766 4264 praetexebant
2796 4193 2978 4249 Isaaci
3033 4195 3237 4266 Angeli
3280 4196 3703 4254 restitutionem
3739 4214 3752 4264 ;

2099 4285 2158 4337 et
2187 4295 2363 4352 quem
2381 4280 2429 4336 is
2461 4280 2650 4336 filium
2674 4281 2826 4338 malo
2875 4282 2994 4339 fato
3047 4284 3194 4342 775
3250 4284 3311 4341 in
3344 4285 3541 4357 patrie
3562 4285 3755 4358 perni-

2102 4368 2248 4424 ciem
2280 4376 2595 4441 genuerat,
2628 4371 2901 4426 comitem
2936 4370 3402 4443 pulcherrimum
3429 4378 3487 4431 et
3517 4374 3758 4447 optatis-

2104 4458 2324 4516 simum
2354 4457 2740 4515 adducebant.
2774 4463 2921 4516 Nam
2956 4477 3156 4518 eorum
3190 4464 3505 4521 oscitantis
3525 4463 3759 4537 etigna-

2102 4547 2195 4605 via
2224 4547 2328 4621 qui
2358 4563 2554 4604 rerum
2587 4549 2980 4622 potiebantur,
3014 4552 3199 4609 effecit
3235 4558 3301 4609 ut
3356 4553 3614 4612 latrones
3659 4554 3763 4610 isti

2106 4637 2275 4694 nobis
2302 4637 2398 4705 jus
2428 4637 2689 4694 dicerent
2740 4644 2796 4695 et
2853 4655 3059 4712 pmnas
3117 4642 3462 4715 irrogarent.
3498 4643 3614 4701 Nec
3644 4643 3758 4698 illis

328 4720 621 4808 Ῥωμαίων
704 4728 1059 4806 χειριζόντων
1130 4726 1431 4803 πράγματα
1506 4720 1763 4787 δικαστὰς
1834 4725 1986 4796 ἡμῶι

2105 4725 2300 4783 clades
2325 4727 2489 4783 urbis
2512 4725 2632 4784 ullo
2663 4732 2931 4800 portento
2975 4730 3063 4786 vel
3113 4730 3333 4788 cmlesti
3364 4731 3453 4789 vel
3502 4733 3764 4790 terrestri

330 4827 422 4882 καὶ
473 4822 745 4885 κολαστὰς
798 4820 925 4880 τοὺς
998 4815 1198 4890 λῃστὰς
1285 4813 1683 4889 έπεισήνεγκεν.
1754 4812 1879 4869 Ἐπὶ
1939 4808 1986 4867 8i

2106 4817 2568 4890 praesigniﬁcatts
2599 4822 2758 4885 sunt,
2791 4818 2846 4875 id
2888 4821 3040 4889 quod
3095 4819 3234 4876 olim
3274 4819 3625 4894 plerumque
3677 4823 3756 4878 fa-

326 4919 448 4976 .τοῖς
478 4907 715 4987 συμϐᾶσι
744 4915 875 4966 πᾶτι
904 4912 974 4983 τῇ
1010 4903 1256 4982 βασιλίδι
1324 4900 1481 4959 οὐδὲν
1514 4905 1746 4977 σημεῖον
1802 4900 1995 4977 ὑψόθεν

333 5009 370 5078 ἢ
426 5004 518 5060 καὶ
565 5010 729 5082 γῆθεν
776 4998 1030 5078 ἐκφανθὲν
1076 4992 1365 5074 ἔγνωσται,
1398 4995 1564 5049 ὁποῖα
1618 4993 1752 5082 ἄττα
1806 4990 1997 5047 πολλᾶ

333 5102 449 5161 τοῖς
488 5080 750 5172 πρότερον
812 5089 1215 5166 ξυνηνέχθησαν
1275 5085 1562 5161 συμφορᾶς
1617 5080 1833 5159 ἀνδρῶν
1899 5085 1991 5139 καὶ

632 5182 920 5260 ἐπαγωγὰς
1028 5176 1431 5255 κηρεσιφόρους
1522 5172 1992 5246 ὑποσημαίνοντα.

337 5273 478 5328 Οὒτε
541 5275 644 5350 γὰρ
705 5269 895 5349 ψιάδες
948 5268 1242 5339 οὐρανόθεν
1300 5265 1542 5336 ὕσθησαν
1612 5262 1995 5338 αἱματόεσσαι,

336 5360 463 5416 οὔτε
492 5359 645 5435 θέρος
700 5359 921 5436 ἔναιμον
990 5355 1460 5435 παρεξήλλακται,
1521 5350 1647 5409 οὔτε
1702 5352 1848 5411 λίθοι
1890 5375 1995 5409 πυ-

339 5450 543 5527 ρόεντες
573 5449 624 5521 ἐξ
662 5450 874 5526 αἰθέρος
906 5450 1246 5526 ἠνέχθησαν,
1280 5443 1405 5502 οὔτε
1458 5464 1512 5500 τι
1555 5442 1741 5519 ἓτερον
1774 5443 1992 5519 ὶωράθη

334 5540 731 5614 καινουργηθὶν
797 5541 1069 5611 ὁπωσοῦν,
1128 5534 1258 5594 ἀλλ’
1351 5528 1553 5609 ἐμϐάδι
1640 5531 1838 5611 ἀψόφῳ
1904 5532 1995 5589 καὶ

338 5631 524 5708 χερσῖν
557 5629 883 5704 ἀκροτήτοις
922 5626 1208 5688 πολύπους
1247 5624 1338 5682 καὶ
1370 5623 1647 5700 πολύχειρ
1709 5625 1781 5696 τῇ
1834 5620 1997 5683 πόλει

335 5720 426 5778 καὶ
458 5722 592 5794 ἡμῖν
644 5721 681 5788 ἡ
741 5714 866 5788 δίκη
922 5715 1325 5774 ἰπεισπεσοῦσα
1380 5710 1727 5787 δυσπότμους
1783 5711 1838 5768 έν
1913 5713 1997 5770 ἀν-

662 5841 930 5906 ΡΑτιιοι.
978 5838 1088 5909 Gn.
1123 5836 1438 5909 CXXXIX.

335 5189 516 5240 κακῶν

2106 4912 2265 4963 ctum
2300 4910 2554 4973 est,cum
2577 4908 2765 4965 caedes
2791 4908 3121 4965 hominium
3153 4914 3210 4966 et
3240 4911 3468 4967 excidia
3523 4911 3760 4969 urbium

2106 4996 2518 5063 imminebant,
2553 5012 2743 5068 neque
2798 5002 3053 5055 cruentae
3112 5003 3287 5069 guttai
3345 4999 3488 5056 coelo
3533 5001 3766 5058 decide-

2107 5092 2266 5151 runt,
2301 5102 2489 5158 neque
2520 5085 2849 5158 sanguinea
2880 5088 3093 5143 messis
3151 5090 3397 5161 exstitit,
3429 5107 3534 5147 nec
3592 5091 3766 5164 igniti

2106 5173 2332 5247 lapides
2362 5192 2432 5231 ex
2462 5175 2674 5231 esthere
2704 5176 3068 5248 deciderunt,
3101 5194 3207 5234 nec
3237 5179 3565 5253 quidquam
3599 5181 3766 5238 deni-

2106 5280 2218 5339 que
2248 5265 2515 5321 inusitati
2545 5265 2782 5334 accidit,
2809 5266 2907 5323 sed
2964 5269 3143 5324 tacita
3186 5273 3245 5325 et
3301 5271 3620 5343 tranquilla
3648 5271 3772 5327 vin-

2104 5354 2260 5411 dicta
2290 5354 2495 5411 multis
2526 5356 2807 5412 manibus
2837 5360 2895 5413 et
2926 5358 3175 5430 pedibus
3198 5357 3280 5415 ita
3307 5377 3415 5417 nos
3453 5360 3770 5433 Oppressit,

2106 5449 2172 5502 ut
2199 5444 2409 5502 delicta
2439 5445 2618 5517 probe
2652 5444 2773 5503 ulta
2821 5447 3184 5505 miserrimos
3238 5450 3503 5506 omnium
3559 5456 3773 5506 morta-

2105 5532 2250 5590 lium
2283 5533 2560 5590 eﬁ'ccerit.
2619 5533 2699 5590 Eo
2755 5550 2927 5607 porro
2988 5537 3082 5592 die
3135 5552 3250 5608 quo
3291 5538 3432 5595 urbs
3463 5542 3632 5609 capta
3659 5543 3773 5616 est,

2107 5623 2465 5697 praedatores
2497 5639 2596 5681 cas
2655 5624 2804 5680 aedes
2830 5624 2892 5682 in
2923 5642 3071 5700 quas
3122 5627 3485 5685 diverterant
3531 5626 3773 5699 diripie-

2106 5715 2283 5785 bant;
2324 5718 2380 5772 et
2410 5717 2622 5788 praeter
2650 5730 2720 5773 ea
2748 5730 2877 5788 quae
2918 5715 3035 5788 ipsi
3082 5716 3468 5795 indagabant,
3499 5717 3775 5774 dominos

3450 5837 3519 5894 3|
