4074 6420
306 419 421 481 9⁵11

1618 412 1928 476 ΝΙΟΕΤᾹΕ
1968 412 2396 476 CHONIATE

3613 415 3731 477 972

306 554 376 609 de
405 526 991 617 occultisthesauris,
1025 549 1342 606 nonnullos
1406 566 1541 605 cum
1588 549 1949 617 verberibus,

2072 546 2309 622 θρώποις
2367 545 2674 623 εἰργάσατο,
2760 549 3005 625 τιμωρὸς
3084 548 3309 629 ὀφθεῖσα
3402 546 3728 629 φιλότιμος.

306 644 525 697 multos
574 642 805 698 blandis
856 641 1069 707 verbis,
1122 657 1328 696 omnes
1375 656 1510 696 cum
1561 640 1962 696 comminatio-

307 734 480 788 nibus
541 733 1051 803 percontabantur.
1115 731 1222 797 Qui
1272 746 1407 785 cum
1464 730 1578 786 alia
1629 747 1692 785 se
1750 730 1962 785 habere

307 823 651 891 faterentur,
713 820 827 874 alia
886 819 1230 882 indicarent,
1286 818 1398 874 alia
1461 818 1519 873 in
1581 825 1958 890 conspectum

307 911 584 966 afferrent
612 924 632 964 :
668 909 883 963 milites
917 908 1079 963 nulla
1107 924 1245 978 erga
1302 907 1567 979 hospites
1628 907 1959 975 clementia,

310 1001 472 1055 nulla
502 999 889 1069 benignitate,
948 1013 1053 1052 nec
1112 997 1383 1068 hospitiis
1442 1012 1547 1052 nec
1596 999 1748 1052 victu
1811 997 1960 1052 776

307 1088 817 1148 communicando,
856 1088 1191 1141 utebantur.
1224 1084 1435 1142 Omnia
1481 1087 1755 1154 superba,
1795 1084 1960 1140 inhu-

307 1196 504 1247 mana,
537 1177 821 1230 immania
855 1180 1041 1231 erant.
1102 1174 1335 1230 Domini
1392 1190 1491 1245 per
1542 1174 1959 1230 contumeliam

306 1268 531 1323 aedibus
554 1266 679 1320 suis
711 1264 1118 1335 ejiciebantur.
1181 1265 1406 1328 Quibus
1460 1266 1532 1319 de
1585 1266 1782 1319 causis
1824 1279 1960 1320 cum

303 1356 496 1412 visum
519 1361 674 1411 esset
699 1354 946 1409 ducibus
969 1354 1042 1409 iis
1081 1353 1184 1425 qui
1222 1352 1435 1408 vellent
1480 1351 1624 1408 urbe
1644 1354 1962 1409 excedendi

307 1449 655 1519 potestatem
689 1445 845 1509 dare,
874 1444 1032 1497 cives
1091 1444 1399 1499 turmatim
1454 1442 1718 1511 abibant,
1751 1442 1962 1513 pannis

308 1535 578 1600 involuti,
615 1533 798 1589 macie
829 1538 887 1588 et
915 1531 1139 1603 pallore
1196 1532 1465 1601 confecti,
1518 1532 1666 1589 facie
1711 1531 1962 1588 mortuis

306 1624 555 1693 similes,
589 1622 776 1678 oculis
808 1622 1098 1694 sanguine
1127 1622 1393 1691 suffusis,
1424 1621 1642 1694 quippe
1672 1622 1772 1692 qui
1821 1635 1961 1674 san-

305 1713 480 1785 guine
511 1714 704 1784 potius
724 1728 899 1784 quam
924 1712 1201 1781 laccymis
1231 1711 1452 1767 flerent.
1488 1711 1630 1767 Nam
1655 1710 1753 1765 alii
1786 1707 1962 1763 facul-

306 1810 499 1859 tatum
522 1804 817 1873 jacturam
850 1800 1229 1871 deplorabant
1258 1800 1410 1870 :alii,
1443 1817 1511 1856 ea
1533 1805 1596 1855 ut
1646 1816 1705 1855 re
1726 1798 1960 1856 levioris

306 1893 590 1949 momenti
624 1891 911 1963 neglecta,
944 1898 1043 1945 ant
1076 1890 1269 1946 filiola;
1314 1889 1536 1945 nubilis
1578 1894 1813 1961 raptum
1855 1892 1960 1942 aut
1987 1912 2035 1977 B
2065 1888 2298 1965 ἄπαρσιν
2323 1933 2335 1947 .

307 1986 616 2054 coniugem
650 1998 952 2049 amissam,
1004 1981 1103 2036 alii
1161 1981 1413 2052 denique
1466 1979 1625 2036 aliud
1665 1980 1724 2034 in
1756 1979 1959 2034 itinere

306 2074 603 2146 lugebant.

2069 636 2171 693 Καὶ
2197 636 2295 705 τήν
2332 635 2427 708 μὲν
2462 637 2670 710 ἡμέραν
2705 635 2919 708 ἐκείνην
2947 638 3063 693 καθ’
3124 636 3191 707 ἤν
3233 639 3268 708 ἡ
3324 638 3490 701 πόλις
3551 638 3730 694 ἑαλω-

2066 748 2174 797 κεν,
2208 728 2261 782 οἰ
2311 724 2603 783 σκυλευταὶ
2659 733 2779 790 ταῖς
2839 730 3045 804 ὁπῃοῦν
3103 728 3302 790 οἰκίαις
3361 729 3729 805 ἰναυλισάμε-

2071 838 2154 871 νοι
2200 817 2269 872 τά
2318 837 2378 871 τε
2433 813 2582 872 ἔνδον
2640 815 2942 893 διήρπαζον
3018 818 3109 873 καὶ
3165 818 3291 893 περῖ
3348 824 3455 874 τῶν
3509 820 3726 897 ἀφανῶν

2066 905 2194 967 τοὺς
2227 902 2493 971 δεσπότας
2540 907 2843 983 ἀνέκρινον,
2896 906 3118 982 πληγὰς
3165 905 3491 971 ἔντείνοντες
3544 909 3727 979 ἐνίοις,

2066 992 2305 1058 πολλοῖς
2368 993 2425 1051 δὲ
2481 994 2569 1050 καὶ
2658 1002 2948 1073 προσηνῶς
3035 998 3450 1072 συγγινόμενοι,
3504 1004 3622 1061 ταῖς
3681 997 3729 1053 δ’

2067 1083 2320 1147 ἀπειλαῖς
2353 1084 2442 1140 ἐπὶ
2500 1090 2630 1142 πᾶσι
2686 1089 2992 1166 χρώμενοι·
3052 1089 3128 1152 ὡς
3186 1085 3243 1144 δὲ
3296 1089 3363 1144 τὰ
3408 1089 3525 1162 ,μὶν
3576 1089 3728 1164 εἶχον

2066 1177 2134 1232 τὰ
2165 1175 2211 1231 δ’
2244 1177 2543 1256 ἐξέφαινον,
2600 1179 2669 1235 τὰ
2736 1181 2830 1253 μὲν
2892 1178 3199 1253 ὀφθαλμοῖς
3255 1180 3578 1255 προκείμενα
3632 1182 3723 1235 καὶ

2069 1267 2207 1340 πρὸς
2265 1272 2372 1323 τῶν
2434 1267 2677 1344 ἐχόντων
2735 1271 3141 1345 προσαγόμενα,
3198 1271 3264 1326 τὰ
3322 1267 3368 1325 δ’
3426 1270 3526 1324 ὑπὸ
3575 1275 3720 1349 σφῶν

2066 1356 2241 1412 αὐτῶν
2301 1354 2711 1435 ἀναδιφώμενα,
2764 1359 2852 1413 καὶ
2913 1357 3083 1436 φειδώ
3135 1381 3221 1424 τις
3298 1358 3398 1413 οὐκ
3450 1358 3516 1426 ἦν
3579 1359 3723 1432 παρὰ

2067 1446 2243 1522 σφίσιν
2278 1443 2404 1501 οὐδὲ
2439 1452 2548 1501 τῶν
2591 1447 2824 1502 ἐνόντων
2869 1445 3157 1520 μετάδοσις
3208 1450 3347 1521 πρὸς
3400 1448 3526 1510 τοὺς
3565 1442 3768 1525 ἔχον-⁴

2063 1556 2180 1605 τας,
2214 1533 2336 1589 οὔτε
2368 1536 2478 1607 μὴν
2534 1534 2860 1607 συμμέθεξις
2911 1535 3088 1598 ἑστίας
3146 1536 3183 1604 ἢ
3251 1538 3562 1602 ἑστιάσεως,
3599 1536 3729 1591 ἀλλ’

2067 1624 2335 1698 ὑπεροψία
2390 1624 2481 1678 καὶ
2549 1623 2741 1697 ἀμιξία
2824 1625 2914 1679 καὶ
2985 1627 3103 1697 μεθ’
3179 1621 3388 1700 ὕϐρεων
3449 1626 3720 1702 ἀπαγωγή

2063 1714 2153 1768 καὶ
2183 1712 2526 1786 ἀπόπεμψις,
2588 1710 2740 1782 ἔδοξε
2799 1710 2887 1767 διὰ
2935 1716 3107 1768 ταῦτα
3172 1719 3290 1776 τοῖς
3332 1719 3724 1789 στρατηγοῦσιν

2062 1800 2331 1856 ἀνεικέναι
2383 1806 2502 1863 τοῖς
2566 1800 2929 1876 βουλομένοις
2984 1805 3084 1871 τήν
3172 1800 3234 1857 ἐκ
3317 1810 3418 1872 τῆς
3505 1803 3725 1862 πόλεως

2444 1892 2591 1944 Κατά
2703 1890 3013 1964 συμμορίας
3116 1890 3294 1945 τοίνυν
3385 1891 3726 1967 ἀγειρόμενοι

2070 1979 2315 2053 ἐξῄεσαν,
2402 1977 2614 2053 ῥακίοις
2690 1977 3099 2053 ἐσπειραμένοι,
3186 1978 3422 2051 ἀπαστίᾳ
3503 1978 3729 2049 ἐκτετη-

2066 2068 2281 2144 γμένοι,
2310 2068 2401 2122 τὸν
2463 2072 2657 2142 χρῶτα
2692 2068 3005 2142 τραπέντες,
3063 2066 3355 2143 νεκρώδεις
3421 2068 3515 2131 τὰς
3574 2066 3726 2142 ὄψεις

306 2164 400 2218 καὶ
432 2163 664 2238 ὕφαιμοι
695 2158 820 2221 τοὺς
862 2158 1203 2235 ὀφθαλμοὺς,
1242 2162 1391 2234 [378]
1422 2159 1499 2221 ὡς
1537 2156 1705 2215 πλέον
1747 2158 1972 2229 α’ἰμασιν
2006 2157 2147 2231 ἢπερ
2171 2155 2397 2233 δάκρυσι
2425 2155 2729 2221 κλαίοντες.
2762 2158 2829 2214 Οἱ
2866 2158 2959 2230 μὲν
2990 2159 3094 2233 γὰρ
3125 2160 3342 2232 θρήνων
3368 2160 3464 2220 τὰς
3532 2158 3727 2222 οὐσίας

312 2252 468 2327 εἶχον
504 2252 779 2319 ὑπόθεσιν,
814 2249 865 2304 οἱ
907 2246 964 2304 δὲ
992 2250 1090 2318 τὴν
1121 2248 1328 2303 τούτων
1368 2244 1656 2318 ἀποϐολὴν
1691 2248 1765 2310 ὡς
1797 2245 1952 2304 οὔπω
1981 2241 2171 2302 θλίϐον
2215 2246 2268 2308 ές
2301 2247 2377 2317 μὴ
2410 2244 2575 2321 λόγον
2629 2247 2923 2317 τιθέμενοι,
2974 2244 3011 2315 ἤ
3053 2248 3253 2321 ὡραῖον
3302 2247 3482 2322 γάμου
3539 2248 3729 2323 κόριον

316 2341 675 2416 ὠλοφύροντο
706 2340 940 2416 ἀρπαγὲν
972 2338 1119 2414 παρά
1145 2359 1242 2394 του
1272 2338 1362 2393 καὶ
1422 2337 1770 2413 διακορηθὶν,
1825 2336 1861 2407 ἢ
1917 2335 2134 2417 ἀλόχου
2172 2335 2424 2414 στέρησιν
2464 2334 2840 2411 ἂπωδύροντο,
2900 2337 2991 2391 καὶ
3048 2335 3222 2399 ἄλλος
3291 2335 3433 2392 ἄλλο
3473 2357 3526 2392 τι
3565 2339 3733 2393 κακὸν

313 2432 584 2504 ἀνῴμωξε
621 2429 1012 2504 πορευόμενος.

380 2523 434 2577 3.
471 2520 543 2578 Ut
588 2528 784 2577 autem
845 2521 916 2576 de
974 2533 1067 2574 me
1123 2536 1358 2593 quoque
1416 2518 1639 2592 aliquid
1693 2519 1965 2583 referam,

311 2612 481 2667 multi
514 2627 583 2667 ex
614 2610 1004 2668 familiaribus
1033 2612 1133 2669 illo
1164 2612 1319 2667 tristi
1350 2615 1408 2667 et
1430 2626 1564 2667 vere
1613 2608 1845 2665 nefasto
1875 2608 1969 2663 die

306 2702 367 2756 in
403 2716 594 2757 meam
630 2700 873 2757 domum
941 2702 1265 2772 porticibus
1327 2701 1686 2773 impositam,
1733 2701 1970 2770 propter

309 2791 728 2846 obscuritatem
754 2790 915 2845 aditu
940 2792 1240 2848 difﬁcilem
1266 2793 1424 2863 (nam
1469 2788 1879 2861 pulcherrimas
1913 2792 1970 2841 et

313 2880 695 2952 amplissima;
726 2882 879 2936 aedes
902 2885 1114 2936 nostris
1166 2882 1226 2936 in
1277 2881 1598 2952 Spboracio
1629 2878 1757 2933 sitae
1785 2878 1970 2934 altero

309 2970 580 3026 incendio
604 2969 946 3041 perierant),
980 2970 1395 3036 conﬂuebant;
1442 2975 1499 3025 et
1521 2968 1740 3036 alioqui
1762 2983 1969 3038 oppor-

311 3065 493 3113 tunus
523 3069 644 3115 erat
683 3059 821 3112 inde
852 3062 911 3113 in
973 3060 1292 3113 maximum
1359 3056 1643 3127 templum
1696 3057 1840 3110 777
1876 3071 1969 3109 re-

312 3153 540 3218 ceptus,
571 3148 666 3200 cui
698 3147 886 3201 vicina
915 3151 1054 3201 erat.
1114 3147 1221 3201 Sed
1285 3146 1496 3199 milites
1555 3144 1697 3197 nihil
1750 3144 1970 3211 imper-

2145 2522 2213 2590 γ’.
2270 2516 2384 2572 *Ινα
2441 2512 2499 2570 δὲ
2553 2514 2644 2570 καὶ
2707 2513 2773 2569 τὰ
2828 2520 2944 2570 κατ’
2982 2513 3080 2589 ἐμὶ
3110 2515 3334 2584 συνείρω
3370 2520 3440 2591 τῇ
3498 2516 3738 2594 ἱστορίᾳ,

2075 2603 2284 2660 πολλοὶ
2315 2608 2423 2660 τῶν
2454 2606 2697 2675 συνήθων
2732 2603 2811 2668 εἰς
2883 2603 3089 2677 τούμὸν
3149 2602 3484 2681 συνέδραμον
3526 2606 3741 2680 οἲκημα

2077 2702 2177 2765 τῆς
2233 2700 2470 2769 στυγνῆς
2507 2692 2759 2763 ’ἐκείνης
2844 2693 2934 2747 καὶ
3005 2690 3332 2767 δυσωνύμου
3390 2693 3559 2757 ὅντως
3617 2695 3737 2751 ἑπι-

2077 2785 2360 2863 φαυσάσης
2425 2782 2656 2856 ἡμέρας,
2721 2782 3003 2838 ὑπόστωον
3087 2782 3250 2839 οὖσαν
3336 2784 3427 2839 καὶ
3481 2784 3735 2861 χαλεπὴν

2076 2870 2455 2947 προσπελάσαι
2504 2870 2595 2925 καὶ
2662 2869 2885 2946 ζοφώδη
2943 2873 3043 2940 τὴν
3101 2869 3336 2928 εἷ’σοδον·
3394 2874 3424 2928 ὁ
3462 2874 3566 2949 γὰρ
3597 2873 3742 2947 ἄμα-

2080 2980 2183 3036 χος
2211 2965 2293 3033 τῷ
2318 2958 2513 3015 κάλλει
2546 2960 2743 3032 καὶτῷ
2781 2963 2992 3034 μεγέθει
3053 2960 3312 3038 μέγιστος
3363 2962 3516 3025 οἶκος
3571 2966 3736 3038 ἡμῶν

2077 3049 2131 3103 ἐν
2170 3054 2287 3110 τοῖς
2338 3047 2664 3125 Σφωρακίου
2717 3045 3008 3122 ἱδρυμένος
3050 3049 3154 3105 ὑπὸ
3194 3056 3291 3106 τοῦ
3323 3049 3575 3128 δευτέρου
3629 3075 3738 3108 πυ-

2080 3136 2176 3209 ρὸς
2202 3136 2515 3208 ἠφάνισται.
2574 3136 2677 3190 Ἦν
2736 3133 2792 3191 δὲ
2838 3136 2929 3190 καὶ
2977 3135 3167 3199 ἄλλως
3217 3140 3473 3217 εὐμαρῶς
3533 3142 3732 3197 ἐκεῖθεν

310 3236 668 3306 vestigatum
727 3234 1186 3303 relinquebant;
1247 3249 1353 3287 nec
1401 3232 1565 3286 locus
1619 3230 1778 3284 ullus
1807 3245 1962 3285 sacer

2083 3223 2161 3285 εἰς
2190 3223 2284 3277 τὸν
2315 3224 2573 3297 μέγιστον
2633 3221 2871 3278 εἰσδῦναι
2927 3226 3074 3293 ναὸν,
3132 3224 3249 3283 ἐπεὶ
3305 3230 3393 3284 καὶ
3453 3234 3533 3302 τῷ
3569 3232 3738 3304 τεμέ-

313 3328 417 3377 aut
448 3324 565 3377 situ
599 3321 868 3375 munitus
891 3321 1186 3390 supplices
1210 3320 1576 3375 defendebat.
1606 3321 1965 3388 Quocunque

314 3426 673 3476 accurreres,
708 3409 780 3463 ab
810 3409 1082 3464 hostibus
1139 3409 1492 3475 abstractus,
1551 3425 1666 3479 quo
1698 3406 1814 3461 illis
1845 3412 1967 3462 erat

316 3498 595 3566 lubitum,
628 3498 1039 3554 abducebaris.
1067 3501 1223 3563 Quas
1244 3497 1490 3567 injurias
1513 3513 1646 3552 cum
1697 3512 1963 3551 cernere-

314 3604 469 3656 mus,
506 3593 571 3641 ut
599 3592 837 3659 tempus
870 3588 1109 3653 ferebat,
1142 3590 1319 3643 rebus
1352 3588 1567 3643 nostris
1607 3586 1964 3642 consuleba-

312 3695 465 3733 mus.
500 3679 635 3733 Erat
667 3677 808 3732 mihi
844 3675 1150 3733 familiaris
1180 3677 1423 3748 quidam
1474 3681 1651 3749 atque
1690 3675 1965 3732 domesti-

310 3784 412 3822 cus
444 3768 685 3823 natione
713 3766 994 3833 Venetus,
1053 3767 1154 3838 qui
1214 3767 1375 3822 domi
1433 3781 1572 3820 mea;
1621 3780 1754 3820 cum
1788 3778 1965 3819 uxore

309 3861 367 3912 et
390 3860 565 3913 rebus
589 3857 716 3912 suis
741 3856 956 3912 victum
981 3860 1300 3927 tutumque
1330 3860 1629 3927 receptum
1669 3853 1923 3909 habebat
1947 3869 1962 3920 ;

308 3950 360 4003 is
383 3964 449 4002 eo
481 3954 745 4018 tempore
782 3948 950 4002 nobis
983 3946 1147 4002 utilis
1180 3946 1304 4002 fuit.
1340 3945 1485 4001 Nam
1510 3944 1691 4001 armis
1726 3949 1785 4000 et
1814 3944 1965 3999 mili-

308 4038 422 4092 tari
463 4036 668 4093 habitu
714 4054 816 4107 pro
865 4037 1215 4093 mercatorio
1274 4036 1551 4106 sumptis,
1613 4035 1964 4104 praedatores

311 4126 657 4197 aliquandiu
716 4126 940 4181 fortiter
998 4125 1203 4180 aedium
1270 4126 1538 4195 ingressu
1596 4123 1840 4193 depulit,
1902 4139 1965 4178 se

310 4216 769 4272 commilitonem
806 4231 1026 4283 eorum,
1061 4220 1118 4269 et
1173 4214 1327 4269 ardes
1384 4229 1483 4269 eas
1532 4227 1966 4282 praeoccupasse

309 4304 620 4365 simulans,
653 4309 709 4359 et
743 4305 923 4373 patria
950 4305 1151 4375 lingua
1181 4318 1314 4357 cum
1346 4304 1431 4357 eis
1455 4319 1582 4373 quae
1644 4317 1730 4357 res
1760 4307 1966 4372 postu-

310 4390 471 4444 labat
530 4390 886 4459 colloquens.
949 4391 1091 4445 Cum
1145 4397 1338 4444 autem
1429 4389 1545 4443 illis
1624 4388 1964 4444 catervatim

307 4478 693 4541 irruentibus,
731 4477 968 4531 Francis
1001 4488 1344 4546 primarum,
1401 4481 1527 4548 qui,
1581 4484 1805 4533 caoteris
1858 4493 1963 4532 nec

302 4566 556 4634 ingeniis
588 4582 693 4620 nec
722 4567 1065 4635 corporibus
1099 4566 1343 4629 similes,
1381 4568 1435 4620 id
1479 4582 1660 4621 unum
1684 4582 1746 4620 se
1776 4567 1959 4621 vereri

295 4658 526 4729 jactant
550 4672 618 4711 ne
642 4656 853 4711 caelum
876 4664 1025 4725 ruat,
1042 4656 1311 4709 resistere
1336 4672 1447 4709 non
1508 4661 1721 4726 posset,
1755 4664 1958 4710 auctor

306 4746 473 4801 nobis
509 4746 615 4800 fuit
650 4746 781 4800 inde
806 4744 1166 4811 discedendi,
1201 4760 1272 4799 ne
1296 4745 1449 4814 capti
1491 4760 1524 4800 a
1556 4745 1822 4800 Barbarie
1853 4760 1958 4799 nos

301 4837 361 4892 in
398 4838 628 4892 vincula
655 4838 1106 4905 conjiceremur,
1160 4832 1435 4890 mulieres
1483 4850 1614 4890 vero
1647 4835 1717 4889 ad
1751 4839 1958 4904 stupra

303 4931 361 4980 et
394 4926 693 4981 libidinem
756 4933 1117 4991 raperentur.
1178 4926 1322 4977 Cum
1379 4929 1578 4978 autem
1642 4922 1827 4978 bonus
1861 4921 1959 4978 ille

308 5015 532 5085 pridem
592 5014 849 5070 famulus
903 5020 961 5070 et
1019 5014 1224 5080 cliens,
1284 5017 1407 5067 tum
1470 5030 1601 5069 vero
1642 5011 1873 5084 adjutor
1900 5017 1959 5068 et

306 5111 566 5172 tempore
608 5103 860 5158 maxime
893 5105 1221 5159 necessario
1248 5102 1399 5158 778
1451 5102 1722 5158 defensor
1760 5118 1867 5156 nos
1897 5101 1957 5157 in

307 5190 448 5244 alias
470 5192 648 5257 aedes,
682 5191 779 5244 ubi
806 5193 975 5247 nobis
998 5193 1122 5248 noti
1146 5193 1346 5247 Veneti
1379 5191 1747 5257 habitabant,
1782 5192 1960 5248 duce-

305 5285 410 5343 ret,
444 5280 609 5347 pauri
668 5280 839 5333 simul
891 5281 1213 5346 exibamus,
1249 5281 1348 5336 illo
1398 5281 1670 5336 manibus
1713 5297 1817 5336 nos
1848 5286 1962 5335 tra-

308 5368 477 5423 hente
507 5372 563 5422 et
596 5371 658 5421 ut
720 5369 975 5437 prmdam
1034 5385 1203 5426 suam
1267 5369 1606 5437 comitante,
1666 5369 1862 5425 tristes
1904 5376 1961 5425 et

303 5459 457 5510 male
483 5455 814 5510 vestiti.&:d
851 5455 949 5510 ubi
982 5457 1055 5510 ad
1083 5456 1244 5512 illam
1278 5456 1442 5512 urbis
1502 5461 1725 5529 partem
1778 5458 1962 5513 Fran-

300 5546 384 5598 cis
425 5544 782 5614 assignatam
821 5560 1025 5599 rursus
1066 5546 1460 5616 pervenimus,
1500 5547 1637 5602 inde
1696 5546 1959 5619 profugi-

304 5651 455 5699 mus,
488 5650 520 5686 a
552 5632 784 5689 famulis
814 5632 1032 5689 nostris
1058 5633 1351 5706 omnibus,
1382 5635 1513 5691 aliis
1565 5636 1679 5693 alio
1730 5637 1961 5709 disper-

299 5724 407 5793 sis,
438 5721 841 5780 inbumaniter
884 5722 1123 5791 deserti,
1165 5723 1364 5781 liberis
1414 5725 1652 5797 nostris,
1685 5726 1780 5798 qui
1817 5742 1962 5783 non-

2073 3332 2152 3365 νει
2212 3312 2501 3369 συνέκειτο.
2558 3310 2716 3369 Ἀλλ’
2770 3313 2837 3382 ἦν
2925 3314 3336 3390 ἀνεξερεύνητον
3404 3317 3557 3375 οὐδὲν
3615 3325 3735 3383 τοῖς

2073 3400 2489 3475 στρατεύμασιν,
2524 3399 2649 3457 οὐδὲ
2694 3402 2864 3465 τόπος
2921 3403 3122 3478 εὐαγής
3176 3408 3266 3461 καὶ
3322 3413 3392 3482 τῇ
3424 3410 3564 3465 θέσει
3594 3431 3738 3486 παρ-

2073 3488 2217 3566 έχων
2286 3490 2584 3569 ἀσφάλειαν
2656 3491 2833 3553 ἀσινὲς
2919 3491 3103 3569 ἐτήρει
3181 3495 3246 3550 τὸ
3304 3499 3731 3573 προσρυόμενον,

2071 3578 2196 3635 ἀλλ’
2230 3579 2339 3651 ὅπη
2397 3600 2482 3642 τις
2542 3579 2602 3635 ἄν
2655 3580 2746 3636 καὶ
2804 3581 3204 3658 προσέδραμεν,
3264 3586 3541 3644 ἀπεσπᾶτο
3594 3590 3728 3662 πρὸς

2069 3675 2178 3725 τῶν
2209 3669 2487 3726 εἰσιόντων
2520 3668 2633 3726 ἐκεῖ
2660 3671 2970 3745 πολεμίων,
3018 3674 3111 3729 καὶ
3163 3672 3290 3740 ἔνθα
3345 3678 3484 3751 πρὸς
3528 3677 3738 3754 βουλῆς

2071 3758 2299 3822 ἐκείνοις
2379 3760 2646 3835 ἀπήγετο.
2722 3762 2884 3819 Ταῦθ’
2970 3762 3209 3837 ὁρῶντες
3280 3767 3448 3839 ἡμεῖς
3505 3767 3740 3841 ἀνομοῦ-

2075 3870 2227 3923 μενα,
2258 3850 2336 3912 ὠς
2390 3852 2454 3905 ’ex
2513 3855 2620 3905 τῶν
2673 3850 2962 3926 παρόντων
3022 3852 3272 3932 ε’ἰχομεν,
3327 3856 3392 3912 τὸ
3450 3858 3737 3934 σύμφορον

2075 3939 2316 4011 μέτιμεν.
2358 3940 2456 3994 Ἦν
2487 3936 2583 3993 οὖν
2631 3938 2758 4013 έμοί
2810 3961 2894 4002 τις
2951 3944 3190 4014 συνήθης
3245 3965 3304 3999 τε
3334 3946 3424 4000 καὶ
3456 3946 3731 4011 συνέστιος

2070 4026 2129 4082 ἐκ
2192 4032 2289 4083 τοῦ
2343 4032 2451 4083 τῶν
2513 4027 2809 4085 Βενετίκων
2864 4029 3156 4104 προελθὼς
3214 4032 3433 4110 γένους,
3490 4035 3735 4111 κομιδῆς

2070 4117 2393 4190 ἀξιούμενος
2423 4117 2513 4173 καὶ
2554 4125 2655 4188 τῆς
2715 4120 2767 4181 ές
2824 4118 2886 4174 τὸ
2947 4126 3108 4194 σῶμα
3166 4121 3465 4201 ἀσφαλείας
3518 4126 3729 4200 κομιδῆ

2073 4206 2322 4281 μετέχων
2353 4212 2471 4269 τοῖς
2503 4205 2652 4262 οὖσιν
2712 4209 2828 4278 ἅμα
2880 4209 2972 4263 καὶ
3028 4211 3267 4285 γυναικί.
3327 4214 3504 4277 Οὗτος
3530 4218 3735 4290 χρήσι-

2074 4315 2175 4368 μος
2206 4298 2342 4369 ἡμῖν
2387 4296 2442 4351 έν
2504 4302 2623 4358 τοῖς
2673 4297 2798 4353 τότε
2860 4304 3074 4372 καιροῖς
3130 4301 3357 4374 γίνεται⁶
3416 4306 3736 4378 Θωρακισά-

2074 4406 2230 4458 μενος
2277 4387 2379 4461 γὰρ
2440 4384 2531 4441 καὶ
2588 4386 2680 4440 τὸν
2736 4379 2981 4459 ἔμπορον
3037 4387 3115 4451 εἰς
3174 4392 3518 4464 στρατιώτην
3580 4415 3741 4466 μετα-

2074 4475 2412 4548 μειψάμενος
2529 4474 2679 4548 μάλα
2793 4471 3072 4551 ἐμϐριθῶς
3179 4479 3516 4555 ἀπεκρούετο
3607 4485 3740 4547 τοὺς

2072 4561 2343 4623 εἰσιόντας
2404 4561 2572 4638 μέχρι
2626 4564 2779 4625 τινὸς
2835 4565 2899 4618 τὸ
2985 4564 3197 4640 οἳκημα
3257 4568 3574 4636 πυλευτὰς,
3642 4573 3737 4628 τὸν

2070 4647 2400 4720 συνοπλίτην
2458 4650 2685 4713 ἐκείνοις
2749 4652 3181 4728 ὑποκρινόμενος
3263 4657 3355 4712 καὶ
3408 4643 3741 4736 προειληφέ-

2064 4759 2152 4793 ναι
2229 4742 2329 4809 τὴν
2414 4739 2591 4795 οἰκίαν
2679 4738 3187 4817 σχηματιζόμενος,
3267 4742 3734 4824 συμϐαρϐαρίζων

2066 4829 2179 4901 ἅμα
2210 4829 2359 4905 σφίσι
2385 4829 2475 4883 καὶ
2501 4829 2571 4884 τὰ
2621 4829 2801 4885 εἰκότα
2833 4827 3248 4907 διαλεγόμενος.
3280 4836 3371 4900 Ὧς
3405 4835 3463 4893 δί
3517 4839 3568 4892 οἱ
3628 4839 3728 4910 μὲν

2065 4918 2202 4974 κατά
2254 4917 2472 4988 πλῆθος
2526 4918 2816 4996 εἰσέρῥεον,
2896 4922 2924 4976 ὁ
2983 4920 3031 4976 δ’
3113 4923 3359 4998 ἀντέχειν
3442 4924 3731 4998 ἀπείρηκε,

2067 5007 2156 5063 καὶ
2220 5007 2460 5080 μάλιστα
2516 5007 2644 5071 τοὺς
2705 5006 2766 5065 in
2819 5014 2930 5065 τῶν
3014 5013 3377 5089 Φραγκίσκων
3435 5013 3719 5079 εἰσιόντας,

2070 5098 2148 5170 μὴ
2179 5102 2296 5159 τοῖς
2326 5094 2523 5160 ἄλλοις
2553 5097 2710 5159 ὄντας
2749 5099 3168 5174 παραπλησίους
3222 5103 3312 5159 καὶ
3345 5103 3433 5159 τὰς
3493 5101 3724 5177 γνώμαις

2069 5186 2161 5242 καὶ
2202 5185 2268 5240 τὰ
2298 5186 2549 5259 σώματα,
2583 5186 2748 5259 μόνον
2780 5185 2839 5242 δὶ
2895 5190 2988 5245 τὸν
3038 5190 3266 5267 οὐρανὸν
3295 5188 3516 5247 δεδιέναι
3571 5211 3730 5264 κομ-

2068 5275 2343 5343 πάζοντας
2432 5276 2506 5344 μὴ
2594 5273 2679 5345 εἲη
2772 5276 2953 5355 σρίσιν
3029 5277 3322 5353 ἐπιπεσὼν,
3385 5285 3737 5355 μεταχωρεῖν

2076 5362 2277 5419 ἐκεῖθεν
2310 5364 2446 5435 ἡμῖν
2490 5362 2832 5436 ὑποτίθησιν,
2889 5368 2976 5423 ἳνα
3038 5370 3115 5441 μὴ
3173 5371 3312 5443 πρὸς
3343 5374 3462 5433 τοῖς
3520 5365 3740 5445 Βαρϐά-

2076 5475 2192 5529 ροις
2223 5451 2501 5530 γενόμενοι
2559 5453 2610 5510 έν
2672 5456 2768 5529 μὲν
2824 5453 3048 5530 δεσμοῖς
3107 5460 3160 5514 οἱ
3192 5457 3386 5535 ἄνδρες
3422 5463 3586 5534 ἡμεῖς
3644 5458 3741 5517 διὰ

2070 5546 2334 5620 ’χρήματα
2364 5540 2575 5617 εἷήμεν,
2607 5545 2662 5599 αἱ
2723 5543 2779 5602 δὲ
2836 5553 3087 5625 γυναῖκες
3145 5547 3200 5604 ἐν
3261 5545 3449 5625 ὕϐρεσι
3487 5551 3574 5605 καὶ
3609 5550 3736 5606 ἀσέ-

2075 5653 2230 5707 μνοις
2263 5632 2599 5710 ἀπαγωγαῖς.
2660 5636 2773 5691 Τοῦ
2833 5640 3082 5714 χρηστοῦ
3138 5636 3322 5692 τοίνυν
3376 5636 3583 5692 ἐκείνου
3639 5636 3735 5692 καὶ

2070 5722 2262 5799 πρώην
2307 5717 2616 5797 οἰκότριϐός
2668 5742 2727 5779 τε
2784 5725 2875 5781 καὶ
2924 5727 3263 5806 πρόσφυγος,
3317 5726 3444 5784 τότε
3501 5724 3548 5786 δ’
3603 5724 3734 5804 ἀγα-
