4074 6390
338 412 458 472 973

343 635 394 695 ἐς
463 631 643 703 ἄλλην
717 632 890 687 οἰκίαν
949 633 1330 711 ἡγησαμένου,
1364 637 1641 710 γνωστοὺς
1699 639 1836 710 ἡμῖν
1907 639 2007 693 Βε-

341 723 584 786 νετίκους
640 725 959 801 τρέφουσιν,
1034 727 1173 780 κατά
1235 727 1464 802 βραχεῖς
1547 725 1726 800 ἔξιμεν
1784 727 2005 794 ἐκεῖθεν,

346 817 418 875 ὡς
450 813 782 889 δορύκτητος
810 813 1002 884 ἐκείνῳ
1047 821 1280 886 κλῆρος,
1341 815 1402 871 ἐκ
1458 818 1650 892 χειρὸς
1719 815 2008 889 ἑλκόμενοι

349 910 608 982 κατηφεῖς
640 905 731 957 καὶ
801 901 1118 976 δυσείμονες
1173 906 1264 959 καὶ
1296 905 1440 962 οὕτω
1491 907 2006 983 παραπεμπόμενοι.

348 998 498 1054 Ἐπεὶ
560 995 604 1050 δ’
663 997 834 1051 ἐκεῖνο
899 996 962 1050 τὸ
1033 998 1198 1070 μέρος
1247 1005 1347 1067 τῆς
1405 994 1624 1062 πόλεως
1663 998 1740 1060 εἲς
1801 997 2006 1070 κλῆρον

345 1091 460 1147 τοῖς
511 1084 872 1160 Φραγκίσκοις
931 1083 1191 1160 ἐπέλαχε,
1256 1088 1578 1158 μετανάσται
1635 1086 1802 1142 πάλιν
1859 1085 2009 1160 γινό-

350 1178 505 1246 μεοα,
549 1175 640 1230 ’ὅτε
679 1173 904 1228 καὶτῶν
947 1173 1036 1227 ἐπὶ
1095 1181 1196 1243 τῆς
1257 1175 1543 1249 Θεραπείας
1603 1179 1765 1249 ἡμῶν
1826 1173 2015 1229 ἄλλων

346 1263 492 1338 ἃλλῃ
536 1262 938 1338 διασπαρέντων
995 1263 1088 1317 καὶ
1147 1265 1364 1319 πάντων
1421 1265 1803 1340 ἀπανθρώπως
1863 1267 2014 1337 ἡμᾶς

345 1353 682 1428 παρεικότων
749 1348 1038 1424 ἒπωμάδια
1123 1353 1305 1432 φερειν
1383 1356 1547 1427 ἡμεῖς
1625 1353 2015 1432 ἠναγκάσμεθα

347 1444 415 1496 τὰ
519 1443 688 1514 μήπω
770 1445 878 1494 τῶν
928 1437 1236 1514 παιδαρίων
1293 1443 1423 1497 ποσὶ
1487 1444 1770 1518 χρώμενα,
1839 1442 2015 1518 στέγει

351 1527 406 1584 δὲ
449 1530 549 1584 ὑπὸ
618 1529 801 1602 μέλην
831 1529 922 1583 καὶ
974 1529 1170 1606 ἄρρενα
1228 1529 1396 1586 παῖδα
1449 1531 1867 1605 ὑπομαστίδιον,
1923 1532 2012 1585 καὶ

349 1624 553 1693 χωρεῖν
594 1619 739 1673 οὓτω
798 1615 886 1672 διὰ
943 1618 1108 1689 μὲσου
1166 1624 1275 1674 τῶν
1334 1623 1561 1695 ἀγυιῶν.
1597 1620 1835 1697 Ἡμέρας
1894 1620 2014 1676 τοί-

349 1728 442 1760 νυν
482 1704 638 1760 πέντε
672 1707 806 1778 μετὰ
844 1707 944 1774 τήν
980 1706 1186 1762 ἅλωσιν
1241 1712 1310 1783 τῇ
1369 1708 1531 1765 πόλει
1590 1707 2014 1784 προσμείναντες

351 1797 659 1870 ἀπαίρομεν
691 1795 781 1850 καὶ
814 1799 1000 1869 ἡμεῖς.
1035 1798 1121 1871 [Ρ.
1185 1801 1310 1872 379]
1343 1801 1443 1854 Ἦν
1505 1797 1562 1854 δὲ
1610 1800 1737 1855 τότε
1797 1793 2016 1854 Σάϐϐα-

1753 415 1954 477 URBS
2000 414 2278 474 CAPTA.

340 547 434 599 θοῦ
494 545 822 620 συνεργάτου
880 543 976 599 κάν
1035 550 1154 607 τοῖς
1213 547 1452 623 καιρίοις
1540 548 2003 623 ὑπερασπίζοντος

2130 547 2262 602 dum
2312 547 2541 620 ingredi
2597 551 2881 620 poterant,

3656 429 3772 488 974

2964 551 3224 609 humeris
3305 555 3620 630 impositis.
3705 567 3777 620 Et

2118 635 2366 691 filiolum
2399 635 2712 692 lactentem
2773 639 2965 695 adhuc
3021 642 3126 696 sub
3159 643 3251 700 ala
3294 645 3444 703 ferre
3473 654 3531 704 et
3561 649 3640 707 ila
3671 669 3774 723 per

2119 726 2345 781 medios
2376 726 2532 781 vicos
2563 727 2830 783 incedere
2859 730 3041 785 coacti
3072 749 3299 790 sumus.
3334 739 3401 791 Et
3432 739 3555 795 dies
3597 743 3772 813 quin-

2124 832 2237 887 que
2277 821 2656 888 postcaptam
2679 818 2879 873 urbem
2924 824 3268 878 commorati
3299 831 3357 882 et
3404 827 3516 900 ipsi
3550 831 3773 889 disces-

2120 905 2310 960 simus
2334 905 2425 958 die
2458 905 2716 960 Sabbati.
2752 908 2911 972 Quod
2937 910 3134 965 divina
3178 914 3538 983 providentia
3569 925 3626 976 et
3658 940 3775 979 non

2123 993 2360 1049 fortuito
2391 1010 2528 1048 casu
2564 995 2777 1066 factum
2814 996 3061 1053 videtur.
3099 1002 3422 1060 Accedebat
3450 1012 3508 1062 et
3561 1009 3775 1080 hiems,

2121 1089 2176 1137 et
2209 1087 2410 1138 nostra
2443 1099 2588 1138 uxor
2617 1085 2804 1140 vicina
2856 1090 2978 1141 erat
3035 1091 3249 1159 partui,
3309 1097 3375 1148 ut
3432 1095 3529 1152 illa
3561 1099 3777 1158 Christi

2125 1171 2574 1243 praedictio,qua3
2600 1177 3100 1232 monetorandum
3145 1197 3274 1237 esse
3319 1199 3391 1238 ne
3414 1185 3551 1258 fuga
3575 1196 3779 1248 nostra

2124 1262 2182 1316 in
2215 1263 2466 1317 Sabbato
2489 1266 2547 1317 et
2569 1261 2759 1318 hieme
2784 1265 2902 1333 fiat,
2937 1269 2992 1321 et
3015 1272 3453 1341 praegnantibus
3485 1275 3543 1331 in
3569 1277 3777 1336 diebus

2123 1350 2239 1406 illis
2273 1351 2423 1407 male
2452 1352 2770 1417 ominatur,
2806 1370 2918 1408 non
2952 1372 3122 1412 secus
3155 1376 3221 1414 ac
3271 1361 3317 1416 si
3373 1368 3571 1421 nostra
3601 1384 3781 1425 causa

2125 1441 2280 1496 dicta
2308 1445 2483 1510 esset,
2517 1441 2737 1496 exitum
2769 1443 3104 1502 sortiretur.
3147 1447 3221 1503 Ut
3267 1465 3402 1506 vero
3443 1454 3777 1526 complures

2126 1530 2444 1584 familiares
2473 1534 2529 1584 et
2585 1534 2817 1601 cognati
2874 1532 3105 1603 aliaque
3173 1538 3346 1594 turba
3405 1543 3473 1596 ad
3509 1551 3778 1603 nostrum

2126 1623 2506 1691 conspectum
2539 1620 2964 1689 conﬂuxerant,
2998 1641 3114 1679 non
3147 1624 3316 1682 aliter
3371 1647 3550 1701 quam
3601 1639 3780 1694 cmtus

2127 1710 2504 1765 formicarum
2540 1725 2640 1779 per
2669 1710 2842 1766 trivia
2875 1714 3286 1784 pergebamus,
3337 1725 3781 1783 occurrentibus

2128 1798 2296 1854 nabis
2328 1799 2676 1854 exercitibus
2708 1817 2820 1854 non
2857 1808 3125 1859 accurate
3182 1811 3447 1877 armatis,
3487 1813 3636 1869 779
3677 1817 3778 1871 sed

353 1905 468 1954 τον,
501 1886 636 1939 κατᾶ
668 1885 811 1948 θείαν
865 1888 1027 1960 οἶμαι
1085 1885 1175 1941 καὶ
1237 1889 1312 1960 μὴ
1373 1889 1621 1963 τυχηράν
1680 1888 2012 1963 περίπτωσιν

2130 1888 2439 1960 praelongis
2469 1888 2712 1944 ensibus
2740 1889 2813 1944 ad
2845 1892 3026 1946 latera
3065 1909 3347 1965 equorum
3382 1903 3784 1973 suspensis,et

353 1973 390 2045 ἤ
425 1975 710 2050 συγκυρίαν
745 1976 947 2030 οὑτωσί
992 1997 1110 2031 πως
1167 1973 1378 2050 συμϐὰν
1447 1975 1674 2053 ἄλογον,
1733 1981 1821 2033 καὶ
1890 1998 2016 2052 χει-

361 2065 500 2136 μὼν,
532 2063 620 2119 ἐπὶ
653 2062 711 2118 δὲ
764 2065 854 2119 καὶ
907 2065 1047 2140 πρὸς
1102 2063 1291 2120 ὠδῖσιν
1347 2063 1424 2122 ἔτι
1459 2069 1619 2139 ἡμῶν
1672 2069 1707 2137 ἡ
1771 2067 2010 2142 σύζυγος

358 2157 494 2211 ὥστε
523 2156 614 2210 καὶ
644 2158 707 2211 τὸ
764 2162 862 2212 τοῦ
911 2162 1150 2232 Χριστοῦ
1217 2159 1609 2234 προαγόρευμα
1652 2159 1682 2215 8
1713 2182 1873 2238 φησιν
1924 2158 2016 2215 εὕ-

354 2248 539 2315 ξασθαι
577 2248 651 2319 μὴ
713 2247 958 2322 γενέσθαι
1010 2249 1112 2316 τὴν
1168 2249 1348 2324 φυγὴν
1406 2252 1566 2322 ἡμῶν
1628 2255 1908 2330 χειμῶνος
1977 2247 2014 2320 ἤ

354 2331 661 2401 Σαϐϐάτου,
694 2337 806 2404 καὶ,
839 2360 863 2390 ι
898 2338 1040 2394 Οὐαὶ
1095 2343 1214 2400 ταῖς
1272 2337 1325 2392 ἐν
1381 2340 1575 2414 γαστρὶ
1634 2340 1891 2415 ἐχούσαις
1960 2339 2012 2395 ἒν

357 2425 592 2486 ἐκείναις
621 2430 742 2486 ταῖς
781 2426 1036 2500 ἡμέραις,
1082 2451 1111 2480 ››
1171 2427 1246 2489 ὡς
1279 2426 1432 2502 εἴπερ
1494 2427 1578 2502 ἐφ’
1633 2431 1769 2502 ἡμῖν
1826 2429 2016 2504 προεί-

358 2535 515 2588 ρητο,
559 2516 728 2588 πέρας
760 2515 1000 2593 ἀτεχνῶς
1061 2517 1303 2596 εἴληφεν.
1335 2518 1423 2578 Ὠς
1465 2516 1511 2573 δ’
1558 2519 1732 2573 ἱκανοὶ
1764 2522 2013 2590 συνήθεις

356 2605 446 2657 καὶ
491 2608 768 2676 συγγενεῖς
817 2606 906 2659 καὶ
966 2602 1182 2675 πλῆθος
1240 2605 1423 2682 ἓτερον
1480 2609 1616 2663 κατᾶ
1673 2607 1794 2663 θέαν
1853 2612 2015 2682 ἡμῶν

361 2690 664 2767 συνδραμὸν
715 2699 814 2762 τῆς
873 2693 1096 2769 πορείας
1151 2695 1439 2770 εἰχόμεθα,
1499 2695 1581 2752 ἔπ’
1662 2695 1786 2768 ἴσης
1846 2700 2016 2775 ἆγορᾷ

371 2785 679 2856 μυρμήκων
782 2779 1007 2846 διιόντες
1082 2786 1178 2846 τὰς
1263 2785 1539 2862 τριόδους,
1614 2791 2011 2862 προσυπήντων

361 2875 496 2944 ἡμῖν
559 2873 610 2926 οἳ
669 2873 910 2943 στρατοὶ,
965 2872 1072 2953 οὐχ
1129 2873 1470 2949 ὠπλισμένοι
1521 2877 1656 2951 πρὸς
1712 2873 2013 2952 ἀκρίϐειαν,

362 2961 639 3036 μαχαίρας
697 2959 743 3016 δ’
784 2961 1074 3036 ἐπιμήκεις
1130 2965 1275 3039 παρᾶ
1329 2965 1564 3040 πλευρὸν
1622 2966 1858 3045 πλάγιον
1919 2973 2015 3023 τοῦ

353 3052 528 3106 ἳππου
614 3051 978 3125 ἐξηρτημένοι
1043 3054 1131 3109 καὶ
1219 3054 1573 3134 παραξιφίδια
1644 3063 1764 3119 ταῖς
1825 3059 2018 3127 ζώναις

355 3141 599 3214 ἐνιέμενα
659 3142 933 3218 φέροντες,
994 3143 1048 3197 οἱ
1109 3145 1204 3217 μὶν
1262 3148 1370 3198 τῶν
1454 3145 1670 3201 σκύλων
1724 3144 2015 3224 ἔμφορτοι,

354 3234 405 3287 οἱ
476 3230 534 3286 δὲ
587 3230 716 3292 τοὺς
799 3231 1095 3301 παριόντας
1152 3231 1552 3312 αἰχμαλώτους
1619 3235 2018 3312 ἐξιχνιάζοντες

354 3322 400 3377 εἰ
487 3319 748 3396 λαμπρὰν
807 3320 1006 3391 ἐσθῆτα
1065 3323 1394 3397 περίκεινται
1483 3323 1806 3402 διερῤωγότι
1863 3348 2018 3402 περι-

354 3407 730 3481 στελλομένην
790 3415 990 3485 χιτῶνι
1031 3411 1066 3480 ἣ
1123 3417 1255 3486 γοῦν
1318 3413 1580 3489 ἀργύριον
1641 3417 1730 3470 καὶ
1793 3417 2018 3495 χρυσίον

357 3504 436 3569 τῷ
493 3497 690 3571 κόλπῳ
741 3499 1114 3565 ἐνθάπτουσιν⁹
1176 3502 1228 3555 oi
1305 3499 1363 3556 δὲ
1417 3505 1506 3558 καὶ
1567 3510 1838 3579 γυναικῶν
1899 3512 2020 3568 ταῖς

357 3587 554 3644 κάλλει
615 3586 1001 3667 διαφερούσαις
1064 3592 1343 3664 πεπηγόσι
1405 3591 1691 3666 βλέμμασι
1753 3592 1894 3667 μηδὲ
1924 3597 2022 3669 ῥᾳ-

365 3676 499 3739 δίως
580 3676 998 3752 ἀποσπωμένοις
1075 3678 1468 3750 ἐνατενίζοντες
1534 3683 1609 3745 ὡς
1693 3683 2020 3757 ἁρπάσοντες

365 3767 559 3823 αὐτίκα
616 3767 706 3822 καί
765 3767 1107 3843 βιασόμενοι.
1171 3769 1296 3844 Περὶ
1374 3778 1493 3834 ταῖς
1573 3773 1782 3847 γυναιξί
1841 3773 2020 3829 τοίνυν

367 3861 532 3928 ἡμεῖς
566 3855 836 3921 δείσαντες
863 3859 960 3921 τὰς
994 3860 1090 3932 μὶν
1119 3860 1194 3921 ὡς
1256 3859 1306 3916 ἐν
1365 3867 1519 3933 σηκῷ
1567 3867 1649 3935 τῷ
1685 3863 1832 3937 μέσῳ
1861 3866 2022 3937 ἡμῶν

365 3947 790 4025 ἀπειλήφειμεν,
848 3955 966 4010 ταῖς
1043 3947 1100 4004 δῖε
1187 3951 1418 4006 νεάνισιν
1474 3950 1855 4028 ἐπεσκήψαμεν
1939 3951 2027 4009 ἔν-

362 4038 655 4111 τρίψασθαι
687 4037 856 4110 πηλῷ
897 4038 962 4094 τὰ
990 4040 1259 4113 πρόσωπα
1316 4041 1612 4118 ἀντίῤῥοπα
1667 4048 1774 4097 τῶν
1829 4045 2022 4120 πρώην

360 4125 706 4196 κομμώσεων
761 4126 852 4178 καὶ
909 4127 1001 4180 τὸν
1059 4131 1265 4200 πυρσὸν
1323 4130 1472 4184 οὕτω
1530 4126 1861 4185 κατασϐέσαι
1920 4137 2026 4187 τῶν

360 4217 624 4286 παρειῶν,
650 4211 743 4266 ’ίνα
788 4214 863 4284 μή
925 4214 1000 4276 ὡς
1055 4213 1110 4268 ἐν
1167 4217 1317 4270 νυκτὶ
1374 4218 1863 4294 φρυκτωρούμενον
1918 4225 2025 4294 πῦρ

359 4297 712 4370 προκαλῆται
746 4300 875 4361 τοὺς
906 4298 1130 4365 ὁδευτὰς
1162 4309 1353 4376 πρῶτα
1414 4306 1509 4378 μὶν
1572 4306 1782 4375 θεατὰς,
1843 4305 2027 4362 ἔπειτα

362 4381 407 4437 δ’
467 4383 712 4459 ἐραστὰς,
795 4386 855 4442 ἐκ
909 4386 965 4442 δὲ
1019 4390 1218 4446 τούτου
1276 4391 1367 4446 καὶ
1445 4393 1688 4468 βιαστᾶς,
1749 4395 2026 4459 ἀνεύθυνον

363 4475 604 4547 ὁρῶντας
657 4476 718 4530 τὸ
773 4473 911 4531 ἷ¹διον
963 4478 1202 4550 θέλημα,
1263 4479 1378 4553 ἃμα
1428 4481 1518 4536 καὶ
1569 4488 1761 4558 χεῖρας
1789 4482 2026 4546 ἱκέτιδας

363 4563 602 4637 α’ἰροντες
659 4566 735 4626 εἰς
820 4567 953 4622 Θεὸν
1009 4569 1101 4623 καὶ
1182 4571 1319 4642 μετὰ
1379 4575 1616 4652 συνοχῆς
1684 4571 1910 4648 καρδίας
1962 4575 2026 4629 τὸ

2129 1978 2412 2049 pugiones
2461 1976 2713 2050 cingulis
2773 1979 3024 2036 insertos
3081 1986 3486 2056 gestantibus;
3530 2007 3780 2062 quorum

2130 2067 2226 2123 alii
2257 2067 2554 2122 manubiis
2614 2068 2806 2124 onusti
2868 2079 3052 2137 erant,
3085 2073 3182 2128 alii
3237 2081 3652 2147 praetereuntes
3684 2102 3780 2140 ca-

2129 2158 2318 2228 ptivos
2336 2157 2804 2226 excutiebant,an
2834 2160 2942 2215 sub
2975 2161 3160 2218 lacsra
3183 2167 3384 2224 tunica
3409 2169 3779 2240 splendidam

2125 2251 2346 2302 vestem
2379 2246 2634 2303 celarent
2691 2253 2792 2304 aut
2849 2257 3160 2322 argentum
3222 2272 3502 2316 aurumve
3551 2262 3608 2317 in
3644 2265 3780 2321 sinu

2129 2337 2508 2392 occultarent.
2567 2337 2681 2393 Alii
2737 2339 3010 2397 mulieres
3072 2343 3258 2400 forma
3307 2355 3651 2418 praestantes
3699 2355 3778 2411 ita

2127 2427 2332 2482 dcfixis
2362 2425 2547 2481 oculis
2579 2428 2980 2498 intuebantur,
3015 2435 3178 2503 quasi
3214 2451 3347 2491 mox
3402 2455 3500 2495 eas
3542 2442 3610 2497 ad
3645 2448 3775 2499 stu-

2127 2533 2299 2588 prum
2333 2515 2555 2585 rapturi
2582 2521 2797 2572 essent.
2829 2518 2944 2574 Nos
3003 2521 3184 2591 igitur
3245 2524 3544 2597 mulieres,
3575 2547 3778 2590 earum

2127 2614 2423 2688 pudicitiae
2453 2619 2800 2682 metuentes,
2833 2617 2894 2673 in
2928 2621 3186 2676 medium
3245 2639 3452 2695 agmen
3495 2631 3776 2701 tanquam

2127 2704 2184 2758 in
2244 2701 2391 2758 ovile
2443 2703 2790 2774 recepimus,
2848 2707 3315 2768 adulescentulas
3396 2731 3529 2771 vero
3617 2735 3780 2777 cmno

2128 2792 2330 2848 faciem
2362 2791 2588 2847 illinere
2623 2797 2685 2847 ut
2714 2795 2938 2866 pridem
2991 2798 3158 2867 fucis,
3195 2805 3367 2874 atque
3398 2804 3478 2860 ita
3509 2808 3779 2866 ruborem

2127 2898 2410 2954 genarum
2440 2883 2809 2954 exstinguere
2831 2885 3138 2955 jussimus,
3171 2907 3243 2946 ne
3274 2891 3470 2949 formae
3507 2904 3780 2958 venustas

2129 2970 2438 3042 principio,
2471 2974 2536 3025 ut
2586 2971 2837 3028 viatores
2897 2979 3068 3030 noctu
3119 2978 3308 3035 elatus
3340 2983 3512 3052 ignis,
3546 2993 3772 3058 specta-

2131 3063 2306 3124 tores,
2339 3059 2549 3114 deinde
2581 3067 2892 3134 amatores,
2949 3071 3244 3136 postremo
3292 3076 3553 3144 raptores
3581 3077 3776 3133 allice-

2131 3155 2240 3218 ret,
2274 3165 2407 3205 cum
2441 3149 2553 3205 sibi
2583 3151 2757 3208 licere
2797 3154 3066 3211 viderent
3112 3160 3330 3215 omnia.
3373 3163 3612 3220 Interim
3647 3185 3784 3240 sup-

2059 3282 2101 3349 C
2133 3239 2450 3312 plicesipsi
2503 3256 2716 3349 manus
2766 3244 2836 3298 ad
2883 3243 3066 3301 Deum
3110 3249 3514 3321 tendebamus,
3548 3239 3784 3314 afﬂictis

2131 3330 2346 3385 animis
2377 3333 2608 3400 pectora
2642 3331 2987 3404 plangentes
3012 3340 3068 3391 et
3090 3337 3291 3396 oculos
3317 3340 3572 3413 rigantes
3605 3345 3786 3419 lacry-

2131 3421 2260 3486 mis,
2291 3421 2336 3475 si
2372 3437 2485 3492 quo
2519 3422 2691 3478 modo
2714 3426 3227 3485 omnesimmanes
3277 3431 3419 3488 istas
3456 3433 3609 3492 feras
3637 3437 3782 3494 salvi

2127 3513 2183 3564 et
2240 3507 2520 3564 inviolata
2578 3511 2864 3580 pudicitia
2913 3517 3316 3574 evaderemus.
3379 3525 3520 3578 Cum
3580 3533 3776 3582 autem

2128 3598 2298 3653 nobis
2322 3615 2420 3669 per
2451 3605 2700 3654 Auream
2737 3606 2962 3672 portam
3015 3609 3345 3664 exeundum
3398 3617 3571 3680 esset,
3607 3620 3672 3670 ut
3703 3617 3772 3672 ad

2129 3687 2328 3759 inclyti
2363 3689 2632 3760 martyris
2654 3689 2820 3746 Mocii
2854 3693 3034 3748 aedem
3097 3697 3387 3769 venimus,
3421 3701 3680 3760 insolens
3723 3711 3778 3762 et

2129 3777 2389 3831 nefarius
2414 3778 2648 3848 quidam
2671 3779 2957 3838 barbarus
2978 3784 3130 3840 780
3151 3787 3405 3858 puellam
3437 3791 3779 3865 formosam,

2127 3866 2343 3937 judicis
2371 3868 2678 3937 cujusdam
2707 3869 2908 3936 filiam,
2937 3888 2967 3927 e
2990 3875 3183 3931 medio
3207 3883 3473 3935 nostrum
3506 3886 3784 3954 tanquam

2131 3956 2306 4027 lupus
2337 3973 2546 4026 agnam
2587 3957 2825 4028 abripit.
2888 3961 3012 4023 Quo
3072 3965 3402 4023 miserrimo
3461 3975 3792 4042 spectaculo

2131 4049 2289 4100 totus
2320 4049 2503 4101 cmtus
2528 4052 2727 4102 noster
2750 4054 3160 4108 consternatus
3191 4055 3578 4128 exclamavit;
3624 4062 3790 4132 puel-

2135 4133 2201 4188 la
2231 4150 2366 4189 vero
2388 4139 2567 4204 pater,
2600 4135 2764 4191 senio
2794 4141 2849 4192 et
2883 4141 3084 4196 morbo
3115 4143 3391 4214 afﬂictus,
3422 4151 3549 4204 tum
3614 4153 3788 4208 etiam

2134 4223 2192 4278 in
2217 4239 2447 4278 ccenum
2474 4225 2780 4295 prolapsus
2808 4243 2873 4281 ac
2896 4233 3560 4308 contaminatus,jncens
3587 4243 3787 4298 crebro

2133 4327 2228 4366 me
2257 4316 2543 4382 tanquam
2586 4313 2868 4371 ficulnum
2924 4321 3262 4390 prasidium
3317 4327 3676 4398 intuebatur,
3733 4337 3791 4388 et

2135 4399 2478 4455 nominatim
2537 4403 2743 4458 orabat
2803 4413 2859 4460 ut
2918 4408 3028 4463 sibi
3094 4427 3194 4481 pro
3240 4413 3392 4470 virili
3431 4418 3497 4472 ad
3534 4420 3788 4490 puellam

2133 4491 2592 4559 recuperandam
2651 4494 2992 4564 adjumento
3045 4516 3262 4558 essem.
3335 4507 3538 4578 Itaque
3594 4511 3793 4568 statim

2135 4595 2455 4636 conversus
2485 4581 2728 4653 vestigia
2761 4588 3012 4656 raptoris
3062 4607 3403 4664 persequor,
3437 4614 3571 4652 cum
3618 4599 3802 4673 lacry-

361 4660 560 4722 στῆθος
590 4654 880 4718 τύπτοντες
938 4656 1032 4712 καὶ
1091 4655 1350 4734 δακρύοις
1402 4661 1468 4716 τὰ
1533 4659 1760 4734 ὄμματα
1813 4664 2018 4738 τέγγονι

2139 4669 2252 4724 mis
2283 4669 2398 4723 vim
2425 4671 2637 4725 factam
2671 4672 3063 4746 proclamans,
3098 4684 3154 4733 et
3206 4651 3574 4754 supplicibus
3621 4651 3796 4757 gesti-

355 4764 466 4812 τες,
526 4741 577 4798 εἷ’
656 4765 775 4807 πως
843 4746 1076 4810 ἅπαντες
1145 4748 1236 4804 καὶ
1320 4755 1489 4805 πᾶσαι
1573 4753 1700 4812 τοὺς
1765 4753 2029 4826 ώμηστᾶς

356 4831 590 4893 ἐκείνους
650 4835 817 4907 θῆρας
906 4837 1186 4910 σχοίημεν
1267 4835 1653 4910 ἀδιαλώϐητοι
1713 4839 2026 4912 παρελθεῖν.

354 4919 507 4978 Ἔδει
566 4920 624 4977 δὲ
685 4920 776 4977 διὰ
835 4931 934 4994 τῆς
979 4925 1246 5000 Χρυσείας
1306 4928 1492 4998 πύλης
1567 4931 1718 5003 ἡμᾶς
1773 4929 2027 5001 ἐξελθεῖν.

359 5019 446 5072 Ὠς
505 5009 561 5067 δὲ
592 5013 716 5085 περὶ
774 5013 867 5067 τὸν
925 5014 1058 5069 νεὼν
1121 5017 1330 5090 ¹ἣκομεν
1389 5017 1620 5074 Μωκίου
1677 5022 1774 5074 τοῦ
1831 5018 2027 5076 καλλι-

371 5103 672 5177 μάρτυρος,
734 5098 1000 5178 ὓϐριστής
1049 5105 1140 5160 καὶ
1196 5107 1415 5170 ἀνόσιος
1475 5103 1751 5184 βάρϐαρος
1811 5110 1886 5172 ὡς
1967 5110 2031 5166 ἂ-

367 5190 540 5259 μνάδα
595 5192 762 5256 λύκος
821 5194 882 5249 ἐκ
970 5195 1148 5268 μέσων
1219 5199 1383 5270 ἡμῶν
1467 5199 1770 5274 ἀφαρπάζει
1855 5203 2027 5274 κόρην

365 5277 741 5354 εύπλόκαμον,
797 5285 944 5346 τινὸς
1005 5290 1113 5340 τῶν
1169 5283 1258 5340 ἐπὶ
1318 5291 1398 5358 τῷ
1444 5284 1680 5359 δικάζειν
1713 5290 2028 5366 θυγάτριον.

360 5368 504 5438 Πρὸς
567 5373 665 5439 τήν
721 5375 1082 5448 οἰκτροτάτην
1141 5377 1326 5431 τοίνυν
1384 5381 1606 5448 ταυτηνί
1665 5378 1784 5434 θέαν
1843 5383 1878 5450 ἡ
1932 5383 2026 5453 μὲν

365 5453 586 5511 συνοδία
617 5465 762 5516 πᾶσι
794 5461 1208 5544 διαθροηθὲντες
1266 5462 1648 5540 ἐξεϐοήσαμεν,
1684 5469 1712 5524 δ
1762 5467 1819 5524 δὲ
1848 5472 2026 5544 πατὴρ

355 5549 457 5608 τῆς
498 5544 692 5611 παιδὸς
749 5555 895 5628 γήρᾳ
951 5555 1042 5609 καὶ
1101 5556 1247 5629 νόσῳ
1297 5556 1740 5636 τετρυχωμένος,
1799 5558 1921 5614 τότε
1974 5558 2030 5615 δὲ

356 5634 447 5724 καῖ
483 5635 712 5714 σφαλεές
766 5644 902 5696 κατᾶ
957 5642 1265 5716 πέλματος,
1321 5634 1731 5724 ὀλοφυρόμενος
1790 5648 1879 5703 καὶ
1951 5654 2030 5722 τῷ

353 5723 522 5798 πηλῷ
579 5728 892 5808 φυρόμενος
952 5729 1196 5810 δόχμιος
1250 5723 1453 5806 ἓκειτο,
1515 5736 1590 5800 ὡς
1669 5738 1746 5800 εἲς
1806 5739 2029 5812 συκίνην

2145 4757 2250 4812 bus
2283 4774 2447 4828 opem
2495 4764 2972 4830 praetereuntium
3015 4766 3268 4824 militum
3317 4771 3662 4845 implorans,
3694 4779 3795 4849 qui

2141 4847 2358 4921 linguas
2390 4853 2600 4906 nostrae
2635 4868 2750 4907 non
2783 4853 2954 4924 plane
2980 4858 3156 4913 rudes
3189 4865 3374 4932 erant,
3401 4847 3796 4935 quorumdam

2141 4937 2318 4993 etiam
2348 4938 2626 4995 manibus
2668 4941 3057 5012 prebensatis.
3115 4948 3186 5003 Et
3239 4950 3333 5006 vix
3390 4957 3673 5024 quosdam
3727 4961 3795 5015 ad

2144 5028 2698 5084 commiserationem
2733 5030 2815 5085 ita
2846 5031 2996 5099 ﬂexi,
3033 5039 3095 5090 ut
3147 5037 3546 5110 impudentem
3585 5050 3640 5100 et
3670 5048 3807 5104 libi-

2145 5117 2419 5171 dinosum
2454 5116 2617 5171 illum
2654 5118 2881 5173 hircum
2920 5121 3121 5178 ulcisci
3184 5130 3481 5199 cupientes
3533 5151 3566 5190 a
3611 5152 3702 5192 me
3735 5141 3806 5194 ad

2141 5207 2292 5260 sedes
2318 5205 2450 5259 illas
2499 5206 2982 5277 perducerentur.
3017 5215 3138 5279 Quo
3186 5233 3319 5272 cum
3356 5227 3590 5278 ventum
3625 5234 3804 5299 esset,

2141 5296 2500 5351 mulierosus
2522 5295 2621 5351 ille
2638 5297 2860 5367 virgine
2884 5301 3218 5362 introducta
3241 5308 3298 5363 in
3333 5311 3557 5369 foribus
3583 5295 3798 5389 stabat,

2141 5390 2208 5441 ut
2237 5385 2406 5457 siqui
2455 5389 2574 5441 vim
2639 5389 2845 5444 facturi
2905 5399 3119 5462 essent,
3179 5413 3278 5454 eos
3322 5401 3648 5474 repelleret.
3684 5385 3799 5479 Ego

2141 5491 2272 5530 vero
2305 5475 2489 5547 digito
2518 5491 2652 5531 eum
2685 5487 3226 5555 commonstrans,«
3253 5489 3387 5560 Iste,
3416 5514 3442 5540 »
3464 5475 3788 5567 inquam,mn

2138 5565 2266 5620 luce
2292 5569 2440 5620 teste
2459 5565 2711 5635 injurius
2734 5574 2937 5626 vestras
2963 5575 3283 5633 nobilitatis
3321 5581 3508 5638 edicta
3541 5565 3794 5644 eontem-

2140 5655 2272 5726 psit.
2304 5655 2447 5709 78l
2475 5653 2590 5710 Vos
2611 5657 2764 5712 enim
2791 5659 3074 5731 edixistis,
3111 5665 3180 5720 de
3230 5669 3554 5742 conjugatae
3588 5676 3794 5729 mulie-

2140 5744 2224 5801 ris
2247 5748 2347 5801 aut
2363 5742 2606 5820 virginis
2628 5750 2730 5802 aut
2750 5747 3028 5806 dedicatae
3079 5758 3194 5811 Deo
3243 5757 3448 5829 puellae
3484 5761 3569 5817 vel
3603 5762 3798 5837 impu-
