4074 6390
284 388 402 448 9³15

1578 385 1898 449 ΝΙΟΕΤιΕ
1936 387 2357 454 ΟΗΟΝΙΑΤᾸΞ

3596 402 3715 465 9Ἰϐ

285 520 415 576 dico
447 520 710 591 aspectu,
744 515 792 573 si
825 515 1011 573 caveri
1045 517 1250 589 possit,
1292 517 1602 591 quisquam
1654 521 1942 577 contami-

2055 520 2370 599 ἐπικουρίαν
2410 526 2631 605 ἀφορῶν
2680 529 2944 605 συχνάκις
3005 528 3129 605 ἐμὶ,
3185 530 3278 586 καὶ
3336 531 3473 608 πρὸς
3537 526 3719 608 ὄνομα

288 620 476 675 nclur,
538 616 593 662 et
642 607 1068 678 jusjurandum
1125 623 1193 662 ea
1249 608 1320 662 de
1379 624 1440 663 re
1497 608 1943 667 sanctissimum

288 700 551 756 dedistis.
587 705 653 754 At
685 698 817 761 iste,
862 703 1049 753 vestra
1105 698 1451 754 auctoritate
1493 704 1850 771 contempta,
1882 703 1944 758 in

283 796 593 859 conspectu
629 788 977 856 multorum,
1003 792 1066 842 ut
1097 786 1258 841 salax
1315 787 1543 858 asinus,
1579 789 1635 843 in
1685 791 1944 861 virgines

279 879 565 949 impetum
601 878 784 932 facere
844 894 960 931 non
1014 876 1318 931 dubitavit.
1377 876 1496 933 Vos
1530 877 1708 949 igitur
1736 880 1944 936 vestris

276 969 516 1040 legibus
547 974 604 1024 et
635 967 818 1021 armis
852 984 961 1022 nos
992 966 1309 1035 defendite,
1343 967 1621 1040 lacrymis
1671 969 1766 1024 his
1800 970 1940 1026 deli-

279 1058 408 1123 niti,
445 1074 595 1129 quas
618 1056 768 1111 Deus
792 1057 1049 1111 admittit
1070 1058 1268 1122 etiam,
1303 1062 1360 1112 et
1383 1064 1590 1113 natura
1617 1062 1941 1116 maximum

284 1153 501 1201 mutua:
527 1143 938 1199 misericordias
971 1142 1418 1200 incitamentum
1477 1144 1536 1200 in
1593 1145 1797 1203 oculos
1834 1164 1943 1204 n0-

283 1244 437 1292 stros
457 1234 757 1289 derivavit.
794 1234 1006 1297 Quodsi
1056 1238 1116 1289 et
1173 1251 1274 1290 vos
1300 1233 1512 1290 liberos
1557 1234 1808 1303 habetis,
1841 1255 1944 1310 per

282 1326 561 1396 conjuges
592 1330 648 1379 et
676 1323 1021 1379 charissima
1053 1324 1295 1396 pignora
1346 1326 1608 1381 obtestor
1661 1331 1724 1382 ut
1775 1327 1945 1384 nobis

282 1416 656 1486 supplicibus
693 1430 933 1469 manum
967 1415 1300 1485 porrigetis.
1335 1414 1608 1471 Obtestor
1658 1434 1759 1488 per
1797 1418 1943 1474 divi-

282 1520 425 1561 num
460 1505 796 1576 sepulcrum
830 1514 884 1560 et
921 1503 1136 1565 Christi
1163 1514 1475 1576 praecepta,
1507 1522 1630 1575 qua:
1675 1507 1929 1563 Christia

284 1611 392 1650 nos
424 1593 864 1664 omnesjubent
911 1607 981 1648 ea
1035 1592 1222 1648 facere
1286 1593 1650 1664 hominibus,
1683 1612 1813 1667 qua
1870 1596 1943 1651 ab

280 1682 494 1740 iisdem
527 1682 639 1739 sibi
674 1681 940 1754 praestari
980 1682 1243 1754 cupiant.
1272 1704 1300 1734 η
1348 1683 1452 1737 His
1480 1684 1671 1739 verbis
1696 1700 1766 1739 ex
1790 1688 1937 1740 tem-

280 1789 422 1847 pore
455 1788 602 1828 usus
659 1773 918 1827 virorum
977 1770 1213 1828 illorum
1276 1772 1508 1828 animos
1565 1771 1834 1843 excitavi,
1878 1776 1943 1828 ut

277 1862 535 1936 puellam
568 1861 719 1919 serio
767 1865 1114 1932 repeterent.
1172 1863 1244 1918 At
1297 1861 1394 1918 ille
1450 1861 1737 1935 principio
1767 1862 1942 1918 verba

280 1952 520 2009 illorum
555 1951 989 2018 contemnebat,
1021 1967 1219 2007 amore
1260 1959 1315 2009 et
1366 1949 1670 2007 iracundia
1711 1950 1944 2008 duobus

280 2042 728 2099 violentissimis
751 2040 1056 2097 alfectibus
1087 2043 1430 2112 occupatus.
1463 2041 1574 2097 Sed
1632 2056 1763 2097 cum
1810 2041 1943 2096 irati

283 2134 579 2190 instarent
609 2140 660 2187 et
692 2131 1077 2203 suspendium
1111 2131 1163 2186 ei
1195 2132 1617 2188 minitarentur
1635 2135 1697 2187 ut
1729 2132 1943 2201 injuria

283 2221 464 2279 simul
505 2226 562 2276 et
590 2220 910 2291 impudico,
935 2218 1187 2290 denique
1207 2218 1384 2274 verba
1408 2218 1509 2274 illa
1526 2235 1640 2274 non
1674 2233 1739 2274 ex
1770 2217 1944 2273 labiis

281 2312 387 2366 sed
420 2326 488 2365 ex
542 2311 773 2380 pectore
824 2322 1168 2377 promanare
1227 2312 1512 2373 cerneret,
1556 2306 1645 2360 vix
1701 2305 1941 2359 tandem

281 2400 462 2456 minis
484 2402 848 2471 expugnatus
873 2396 1127 2468 puellam
1156 2394 1305 2450 782
1329 2394 1779 2450 restituit.Pater
1811 2410 1942 2449 con-

278 2494 484 2561 spectu
509 2487 640 2542 filim
672 2486 1056 2550 exhilaratus,
1089 2492 1147 2539 et
1169 2483 1447 2557 lacrymis
1492 2484 1611 2540 Deo
1646 2484 1841 2540 libatis
1872 2484 1943 2538 oh

281 2579 466 2633 foedas
508 2576 640 2632 illas
674 2580 912 2648 nuptias
950 2573 1349 2647 propulsatas,
1402 2574 1593 2647 surgit
1636 2581 1691 2631 et
1735 2589 1943 2628 rursus

283 2668 591 2724 nobiscum
630 2665 1040 2737 proficiscitur.

2056 610 2318 686 δεόμενος
2367 616 2686 691 συνάρασθαί
2737 619 2790 673 οἳ
2846 619 2913 673 τὰ
2975 615 3175 674 δυνατὰ
3239 620 3378 696 πρὸς
3444 622 3545 691 τήν
3610 630 3713 693 τῆς

2052 701 2248 767 παιδὸς
2305 703 2598 763 ἀπόλυσιν.
2678 708 3064 785 Ἐπιστραφεὶς
3154 710 3244 765 ὸῦν
3300 709 3494 765 αὐτίκα
3541 712 3712 786 μάλα,

2053 792 2129 855 ὡς
2188 794 2360 871 εἶχον,
2410 797 2528 851 κατ’
2575 795 2734 872 ’ἰχνια
2791 801 2890 853 τοῦ
2952 796 3197 874 ἂρπαγος
3265 794 3502 870 ἔϐαινον,
3580 803 3716 875 μετὰ

2055 877 2303 955 δακρύων
2330 883 2429 951 τὴν
2467 883 2588 959 βίαν
2633 878 3033 957 ἐπιϐοώμενος,
3080 887 3171 940 καὶ
3231 889 3515 965 σχήμασιν
3586 887 3709 945 ἱλα·

2055 970 2238 1042 σίμοις
2289 971 2364 1033 είς
2433 972 2652 1048 ἀρωγὴν
2716 972 3100 1048 ἐπισπώμενος
3164 974 3293 1037 τοὺς
3377 978 3455 1050 μὴ
3535 978 3710 1051 πάντη

2053 1060 2280 1152 ἀμαθεῖς
2316 1066 2440 1150 τῑέςν
2467 1063 2750 1152 ἡμεξέμας
2793 1070 2981 1152 φωνῆς
3040 1062 3109 1152 ἐκ
3154 1068 3252 1152 τοῖ’)
3305 1065 3715 1152 στρατεύματος

2417 1130 2440 1150 ν

2052 1132 2365 1206 παριόντας,
2414 1132 2527 1188 ἔστι
2588 1132 2657 1189 δν
2692 1135 2766 1191 ὧν
2805 1132 3149 1214 ’καὶ-χειρὸς
3220 1132 3555 1211 ἁπτόμενος.
3603 1141 3708 1195 Καὶ

2061 1221 2226 1295 μόλις
2284 1221 2492 1300 ἲσχυσά
2537 1246 2684 1287 τινας
2718 1228 2805 1301 [Ρ.
2839 1228 2968 1301 580]
2995 1224 3167 1290 οὕτως
3200 1226 3252 1290 ἐς
3284 1229 3473 1283 οἶκτον
3502 1249 3705 1304 προκα-

2055 1310 2313 1378 λέσασθαι
2365 1311 2440 1376 ώς
2497 1314 2740 1387 μετιέναι
2796 1320 2978 1387 ζητεῖν
3025 1314 3228 1372 ἐκεῖνον
3259 1317 3351 1373 τὸν
3384 1316 3575 1387 ἀναιδῆ
3614 1317 3701 1373 καὶ

2053 1403 2407 1484 φιλόσαρκον.
2469 1406 2752 1479 ’Πγούμην
2823 1406 3006 1462 τοίνυν
3057 1408 3242 1479 αὐτὸς,
3324 1410 3376 1462 οἱ
3443 1406 3489 1463 δ’
3567 1408 3708 1481 ἐφεί-

2053 1513 2241 1549 ποντο.
2273 1498 2352 1547 Ὠι
2384 1490 2432 1547 δ’
2462 1493 2764 1566 ἐπέστημεν
2816 1491 2936 1548 ἔνθα
2993 1495 3021 1548 6
3074 1493 3370 1571 φιλογύνθς
3426 1495 3708 1567 κατέλυεν,

2054 1583 2082 1637 6
2115 1583 2211 1656 μὲν
2242 1583 2340 1651 τὴν
2373 1580 2542 1655 κόρην
2604 1581 2731 1636 εἷ’σω
2785 1580 3065 1656 ἐκπέμψας
3123 1584 3259 1657 πρὸς
3306 1588 3422 1644 τοῖς
3451 1584 3702 1639 πυλῶσιν

2052 1672 2312 1741 εἱστήκει,
2386 1669 2515 1731 τοὺς
2618 1669 3114 1744 ἀντιστησομένους
3199 1672 3700 1746 ἄποκρουοόμενος,

2051 1759 2159 1835 ἐγὼ
2182 1756 2240 1815 δὲ
2278 1759 2437 1815 αὐτὸν
2472 1756 2729 1833 δακτύλῳ
2755 1757 3041 1831 ὑποδείξας
3078 1784 3105 1816 α
3133 1761 3329 1829 Οὗτος,
3359 1783 3385 1816 ι
3423 1762 3598 1833 εἶπον,
3622 1786 3649 1813 ‹‹
3676 1763 3705 1816 6

2050 1849 2142 1905 ἐπὶ
2186 1850 2420 1925 μάρτυρι
2448 1853 2530 1921 τῷ
2560 1848 2702 1927 φωτὶ
2733 1845 2957 1919 ἀδικῶν,
2987 1850 3080 1905 καὶ
3108 1853 3216 1905 τῶν
3282 1850 3338 1905 εὗ
3404 1848 3708 1925 γεγονότων

1972 1907 2020 1974 Β
2056 1907 2207 2011 ὑμῶν
2263 1907 2757 2011 παριαϐλέπόμενος
2812 1939 2880 1994 τά
2943 1907 3275 2011 ἐντάλματα.
3350 1907 3529 2012 Ὑμεῖς
3616 1939 3711 2012 μὶν

2052 2028 2157 2104 γὰρ
2186 2027 2396 2104 γυναιξὶ
2432 2032 2551 2089 ταῖς
2607 2027 2711 2083 ὑπὸ
2768 2027 2927 2105 ζυγὸν
2975 2028 3067 2083 καὶ
3123 2032 3242 2090 ταῖς
3300 2026 3446 2090 ὅλως
3485 2026 3714 2103 ἀπειρά-

2050 2138 2169 2181 τοις
2225 2114 2441 2190 ἀνδρὸς,
2494 2117 2583 2172 καί
2645 2137 2710 2191 γε
2763 2111 2842 2172 ἔτι
2898 2122 3018 2181 ταῖς
3074 2116 3529 2192 ἀποθριξαμέναις
3575 2121 3712 2189 Θεῷ.

2057 2205 2198 2281 μηδέ
2228 2210 2496 2281 μοιγικοῦ
2553 2207 2720 2282 μέχρι
2784 2204 3128 2281 βλέμματος,
3197 2208 3244 2262 εί
3283 2205 3532 2279 δυνατὸν,
3594 2227 3713 2261 συν⁹

2054 2299 2229 2352 εΛθεῖν
2312 2295 2643 2365 ἐθεσπίσατε,
2729 2297 2819 2351 καὶ
2891 2297 3078 2371 ὅρκοις
3160 2297 3226 2352 τὰ
3307 2297 3431 2371 περὶ
3504 2295 3713 2351 τούτων

2052 2384 2350 2467 φρικώδεσι
2383 2383 2721 2464 διειλήφατε·
2758 2387 2786 2441 6
2819 2383 2877 2441 δὲ
2928 2385 3346 2466 ἀποφλαυρίσας
3398 2386 3494 2449 τὰς
3560 2387 3719 2459 ὑμῶν

2052 2476 2301 2547 ἐντολάς,
2359 2481 2478 2538 ταῖς
2563 2477 2907 2552 παρθενικαῖς
2989 2474 3076 2531 ἐπὶ
3165 2474 3400 2550 μάρτυσι
3482 2476 3721 2536 πολλοῖς

2053 2564 2249 2636 ὀνηδὸν
2305 2560 2753 2640 ἐπιϐριμώμενος
2809 2564 2939 2641 οὐχὶ
2992 2562 3153 2621 δέδιε.
3208 2568 3340 2627 Τοῖς
3400 2565 3577 2621 αὐτῶν
3628 2565 3718 2620 οὗν

2056 2658 2209 2732 ὑμῶν
2267 2658 2461 2732 νόμοις
2520 2656 2609 2714 καῖ
2663 2663 2782 2720 τοῖς
2850 2656 2902 2712 ἐν
2942 2658 3132 2737 χερσὶν
3184 2660 3319 2731 ἡμῖν
3380 2657 3711 2732 ἐπαμύνατε,

306 2755 678 2831 μαλαχθέντες
730 2753 947 2815 τούτοις
979 2757 1096 2816 τοῖς
1123 2749 1404 2830 δάκρυσιν,
1436 2748 1469 2806 ἃ
1498 2752 1589 2807 καὶ
1622 2752 1752 2814 Θεὸς
1801 2748 2085 2824 προσίεται
2136 2748 2225 2803 καὶ
2283 2751 2420 2822 ἡμῖν
2478 2749 2513 2817 ἡ
2582 2747 2739 2823 φύσις
2793 2746 2844 2808 ἐς
2889 2747 2983 2802 τὸν
3040 2747 3176 2823 πρὸς
3216 2746 3505 2819 ἀλλήλους
3535 2747 3712 2803 οἶκτον

292 2845 555 2920 βοήθημα
589 2844 842 2920 μέγιστον
909 2848 1025 2904 τοῖς
1094 2841 1405 2920 ὀφθαλμοῖς
1436 2839 1831 2920 ἐπωχέτευσεν.
1867 2840 1929 2896 Ei
1984 2835 2042 2893 δὲ
2099 2837 2187 2893 καῖ
2238 2835 2466 2911 πατέρες
2515 2834 2730 2891 παίδων
2774 2836 2953 2908 ὑμεῖς,
3013 2835 3102 2890 ναὶ
3160 2838 3300 2912 πρὸς
3346 2841 3454 2892 τῶν
3512 2836 3711 2893 συλλέ-

286 2954 464 3011 κτρων
510 2934 600 2989 καὶ
650 2938 758 2988 τῶν
810 2930 984 3007 φίλων
1038 2932 1165 3004 ὑμῖν
1220 2932 1420 2986 τέκνων
1479 2936 1596 2991 τοῖς
1657 2927 1858 2991 ἱκέταις
1892 2928 2044 3000 ὑμῶν
2085 2929 2250 3000 χεῖρα
2282 2922 2519 2997 ὀρέξατε,
2551 2924 2638 2978 ναὶ
2678 2924 2815 2998 πρὸς
2855 2924 2953 2979 τοῦ
2982 2923 3153 3002 τάφου
3204 2929 3303 2980 τοῦ
3361 2923 3715 3001 θεοδέγμονος

286 3030 510 3083 καὶτῶν
552 3026 798 3096 Χριστοῦ
856 3022 1264 3099 παραιφάσεων,
1330 3015 1387 3072 αἰῖ
1442 3023 1559 3078 τοῖς
1616 3017 1706 3071 ἀπ’
1764 3017 1934 3071 αὐτοῦ
1991 3012 2363 3087 καλουμένοις
2422 3015 2622 3075 κοινῶς
2678 3017 2839 3066 πᾶσιν
2897 3011 3242 3067 ὑποτιθέασιν
3302 3013 3478 3070 ἐκεῖνα
3534 3017 3715 3071 ποιεῖν

279 3121 397 3176 τοῖς
423 3112 734 3186 ἀνθρώποις
766 3108 797 3163 ἅ
833 3109 922 3163 καὶ
957 3108 1133 3187 σφίσιν
1170 3110 1257 3162 ὑπ’
1306 3107 1517 3162 ἐκείνων
1550 3105 1793 3180 γενέσθαι
1830 3101 2148 3177 βούλονται.
2185 3124 2213 3151 ››
2275 3099 2510 3161 Τούτοις
2577 3105 2697 3162 τοῖς
2753 3101 2999 3175 ῥήμασιν
3060 3102 3135 3164 ώς
3192 3102 3242 3173 ἐξ
3297 3101 3496 3181 ἐφόδου
3554 3125 3703 3181 χρη.

278 3185 604 3275 σάμενοςτὰ
631 3203 741 3252 τῶν
772 3194 977 3270 ἀνδρῶν
1003 3185 1229 3249 ἐκείνων
1260 3196 1586 3270 φρονήματα
1626 3190 1968 3259 διανέστησα.
2005 3190 2219 3247 Οὐκοῦν
2279 3186 2543 3243 ἐνέκειντο
2599 3190 2700 3259 τήν
2748 3185 2920 3265 κὸρην
2980 3190 3323 3263 αἰτούμενοι.
3383 3194 3445 3251 Ὀ
3499 3192 3557 3250 δὲ
3628 3196 3698 3250 τὰ

282 3274 378 3363 μὲν
434 3291 624 3361 πρῶτα
693 3283 994 3357 ὑπερεώρα,
1056 3278 1217 3357 ἔρωτι
1278 3283 1363 3336 καὶ
1426 3284 1583 3353 θυμῷ
1637 3299 2129 3351 τυραννικωτατοις
2198 3274 2319 3332 δυσὶ
2376 3278 2599 3332 πάθεσιν
2686 3275 3067 3354 ἒνισχόμενος’
3136 3279 3212 3343 ὠς
3269 3279 3325 3336 δὲ
3391 3282 3468 3345 εἰς
3528 3283 3702 3359 ὀργῆν

278 3380 696 3454 ἐπιφρίσσοντας
747 3375 893 3447 ἐώρα
924 3371 1050 3435 τοὺς
1107 3370 1303 3445 ἅνόρκς
1355 3372 1445 3426 καὶ
1495 3371 1875 3446 προτείνοντας
1930 3370 2118 3442 ἐκείνῳ
2182 3371 2283 3439 τὴν
2348 3367 2436 3424 ἐπὶ
2498 3369 2773 3432 σκόλοπος
2832 3370 3178 3446 ἀπαιώρησιν
3234 3373 3308 3436 ὦς
3368 3371 3539 3448 ἀδίκῳ
3595 3372 3710 3449 ἅμα

276 3469 364 3523 καὶ
399 3461 625 3533 ἀναιδεῖ,
656 3464 718 3517 τὸ
750 3459 793 3517 δ’
826 3463 958 3517 ὅλον
993 3461 1091 3516 οὐκ
1121 3461 1227 3517 ἀπὸ
1268 3460 1506 3540 χειλέων
1543 3460 1732 3535 μόνον,
1791 3458 1939 3516 ἀλλᾶ
1984 3458 2076 3514 καὶ
2133 3457 2358 3536 καρδίας
2397 3459 2496 3527 τὴν
2554 3455 2791 3529 διάλεξιν
2842 3458 3034 3534 ἐκείνῳ
3068 3462 3503 3536 πεποιημένους,
3563 3463 3702 3521 ἕνδί-

281 3554 419 3611 δωσί
449 3575 506 3609 τε
538 3553 701 3628 μόγις
733 3553 823 3607 καὶ
854 3553 952 3623 τὴν
988 3552 1159 3627 κόρην
1185 3549 1511 3606 ἀποδίδωσι.
1548 3550 1863 3625 Ιιεριχαρής
1892 3548 1986 3604 οὖν
2044 3549 2131 3604 ἐπὶ
2187 3552 2255 3623 τῇ
2316 3546 2411 3620 θέᾳ
2460 3555 2561 3619 τῆς
2631 3546 2826 3612 παιδὸς
2865 3551 3046 3627 φανεὶς
3107 3552 3135 3607 ὁ
3194 3554 3400 3629 πατὴρ,
3431 3555 3520 3609 καὶ
3558 3555 3707 3610 σπεί-

282 3667 376 3708 σας
418 3649 537 3717 θεῷ
566 3640 772 3719 δακρυα
811 3641 900 3697 ἐπὶ
965 3647 1083 3705 τοῖς
1142 3641 1541 3720 ἀστεφανώτοις
1598 3640 1821 3702 ἐκείνοις
1879 3638 1971 3695 καὶ
2037 3638 2388 3713 ἀνυμεναίοις
2448 3639 2849 3716 νυμφέύμασιν,
2906 3640 3139 3704 ἀναστὰς
3199 3643 3357 3707 αὗθις
3420 3645 3512 3699 σὺν
3568 3646 3703 3718 ¹ἡμῖν

279 3735 597 3812 ἐπορεύετο.

357 3830 412 3883 4.
448 3833 768 3897 Postquam
826 3824 971 3880 urbe
1027 3822 1411 3890 excessimus,
1452 3821 1549 3877 alii
1608 3821 1779 3877 aliter
1836 3823 1949 3878 Deo
1989 3831 2031 3897 α

285 3917 503 3989 gratias
535 3917 785 3989 agebant
816 3922 867 3970 et
902 3914 1168 3969 fortunas
1197 3928 1335 3968 suas
1367 3928 1500 3967 cum
1558 3911 1780 3981 ejulatu
1833 3908 1944 3964 mi-

283 4009 647 4062 serabantur.
710 4004 829 4076 Ego
885 4019 1019 4058 vero
1077 4007 1234 4057 recta
1291 4001 1351 4056 in
1392 4000 1599 4056 faciem
1634 4000 1941 4071 prolapsus

280 4100 509 4151 tantum
544 4110 661 4148 non
719 4109 855 4148 cum
921 4089 1216 4147 menibus
1274 4088 1742 4160 eXpostulabam,
1782 4087 1939 4157 quod

280 4186 404 4241 sola
437 4189 635 4241 essent
666 4184 895 4253 integra
927 4199 1031 4238 nec
1059 4182 1454 4254 lacrymarent
1502 4196 1608 4236 nec
1646 4179 1706 4234 in
1740 4184 1940 4235 tumu-

277 4275 396 4331 lum
433 4273 817 4337 corruissent,
851 4272 953 4327 sed
991 4271 1183 4327 adhuc
1214 4276 1405 4326 erecta
1435 4273 1674 4326 starent.
1714 4289 1743 4323 ιι
1790 4268 1937 4324 Nam

278 4367 325 4420 si
363 4364 653 4437 (inquam)
683 4380 751 4417 ea
808 4376 1053 4432 quorum
1110 4376 1290 4415 causa
1346 4360 1579 4414 condita
1621 4360 1786 4425 estis,
1812 4359 1937 4430 jam

278 4455 429 4509 ferro
458 4459 517 4508 et
547 4453 669 4523 igni
697 4452 934 4521 penitus
982 4448 1216 4505 sublata
1266 4450 1665 4513 conciderunt,
1702 4464 1806 4504 cur
1836 4464 1939 4504 vos

279 4543 472 4599 adhuc
491 4541 660 4598 statis
688 4543 903 4611 Pquem
932 4538 1176 4609 posthac
1204 4538 1415 4609 tegetis
1437 4546 1494 4593 et
1541 4537 1883 4594 custodietis
1912 4537 1938 4593 ?

281 4634 395 4690 nisi
428 4632 573 4687 forte
606 4629 881 4685 hostibus
907 4629 1148 4683 exitium
1206 4626 1528 4683 moliemini
1579 4628 1639 4682 in
1692 4627 1786 4683 die
1816 4627 1936 4694 irae,

281 4739 413 4779 cum
453 4722 733 4777 Dominus
765 4717 838 4772 ad
867 4734 966 4775 eos
997 4735 1031 4772 a
1064 4716 1273 4786 quibus
1304 4733 1409 4772 nos
1452 4716 1530 4773 ita
1576 4717 1804 4773 tractati
1840 4732 1935 4771 su-

284 4829 417 4868 mus
446 4809 799 4882 frangendos
823 4806 1228 4873 insurrexerit,
1261 4811 1319 4862 et
1342 4805 1716 4861 Occidentem
1767 4804 1936 4861 forsi-

280 4910 400 4967 tan,
437 4906 497 4955 ut
527 4898 708 4955 David
764 4897 1115 4952 vaticinatus
1166 4901 1277 4963 est,
1339 4893 1694 4952 conculcarit
1720 4894 1749 4949 ?
1788 4899 1847 4951 et
1875 4900 1934 4950 tu

280 4988 770 5061 quoque,rcgina
830 4986 1089 5052 urbium,
1153 4987 1292 5040 urbs
1354 4983 1747 5056 amplissima,
1799 4984 1938 5039 urbs

283 5079 478 5149 magni
514 5077 690 5149 regis,
721 5074 1167 5130 tabernaculum
1227 5073 1536 5141 Altissimi,
1570 5073 1825 5129 laudatio
1882 5077 1940 5129 et

278 5163 588 5218 celebratio
663 5161 1061 5217 ministrorum
1121 5161 1270 5232 ejus,
1330 5157 1548 5215 delicias
1610 5159 1934 5226 hospitum,

280 5253 676 5324 mperantium
715 5250 952 5306 urbium
1013 5248 1379 5321 imperatrix,
1413 5248 1712 5305 canticum
1755 5249 1932 5304 canti-

2135 3815 2202 3877 δ’.
2233 3818 2322 3879 Ὡς
2365 3814 2423 3871 δὲ
2460 3819 2561 3885 τῆς
2590 3816 2810 3882 πόλεως
2840 3818 3110 3892 ἐξῄειμεν,
3150 3817 3316 3876 ἄλλοι
3382 3822 3476 3895 μὲν
3524 3822 3713 3880 ἄλλω)

2054 3903 2558 3978 ἄνθωμολογοῦντο
2589 3910 2706 3977 Θεῷ
2735 3908 3070 3983 χαριστήρια
3112 3909 3202 3962 καὶ
3241 3910 3308 3964 τὰ
3365 3913 3481 3966 καθ’
3513 3912 3714 3975 αὐτοὺς

2050 3991 2430 4064 ἀνωλόλυζον,
2482 3992 2593 4069 ἐγὼ
2653 3991 2711 4048 δὲ
2769 3993 2929 4068 ῥίψας
2998 3994 3228 4067 ἐμαυτὸν
3285 3998 3360 4061 ὡς
3418 4000 3574 4075 εἶχον
3635 4004 3715 4068 εἰς

2048 4080 2319 4160 τοῦδαφος
2411 4083 2573 4157 μόνον
2633 4083 2737 4138 οὐκ
2792 4081 3228 4158 ἐμεμψιμοίρουν
3288 4092 3405 4150 τοῖς
3466 4089 3709 4165 τείχεσιν

2050 4173 2126 4237 ὡς
2184 4173 2375 4246 μόνοις
2422 4172 2650 4228 ἀπαθέσι
2716 4170 2857 4246 μηδέ
2914 4174 3218 4249 κατάγουσι
3273 4172 3501 4251 δάκρυα,
3563 4183 3707 4253 μήτε

2052 4265 2162 4335 μὴν
2194 4262 2273 4326 εἷς
2304 4265 2475 4337 χῶμα
2516 4260 2814 4335 κειμένοις,
2873 4260 3003 4318 ἀλλ’
3060 4262 3243 4339 ὀρθίαν
3302 4263 3465 4321 εἰσέτι
3525 4269 3712 4325 στάσιν

2047 4346 2290 4429 ἔχουσιν.
2327 4375 2356 4403 (ί
2388 4351 2456 4409 Εἰ
2494 4352 2596 4429 γάρ
2633 4352 2707 4406 ὧν
2764 4347 2924 4407 ’ἑνεκα
2981 4350 3263 4426 ἐκτίσθητε
3302 4378 3331 4406 ››
3364 4356 3537 4425 εἶπον,
3575 4383 3595 4409 ι
3633 4359 3710 4423 εἰς

2046 4442 2205 4506 τέλος
2238 4441 2346 4514 ἤδη
2379 4440 2646 4514 ἐξέλιπον,
2688 4444 2820 4518 πυρὶ
2876 4444 2966 4498 καὶ
3023 4444 3256 4519 πολέμῳ
3309 4448 3712 4525 ἠμαυρωμένα,

2046 4533 2099 4589 τί
2131 4534 2259 4607 ὑμῖν
2319 4528 2398 4587 ἔτι
2448 4533 2538 4587 καὶ
2596 4535 2676 4604 τῷ
2732 4532 2942 4588 ἐστάναι
2977 4556 2992 4602 ;
3024 4535 3113 4589 καὶ
3173 4535 3289 4590 τίνα
3344 4541 3715 4613 περιστελεῖτε

2047 4623 2138 4679 καὶ
2172 4621 2469 4702 φυλάξεσθε
2502 4622 2790 4696 μετέπειτα
2822 4643 2837 4693 ;
2869 4623 2915 4678 εί
2977 4627 3054 4699 μή
3112 4646 3174 4702 γε
3226 4633 3346 4692 τοῖς
3414 4630 3712 4705 πολεμίοις

2047 4713 2355 4768 ἀποτινεῖτε
2382 4712 2474 4766 τὸν
2518 4706 2745 4788 ὄλεθρον
2799 4714 2910 4788 (ιο)
2970 4712 3022 4768 ἐν
3082 4715 3265 4791 ἡμέρᾳ
3322 4719 3518 4795 ὀργῆς,
3581 4724 3707 4779 ὅταν

2048 4801 2248 4875 ἀναστῇ
2289 4799 2493 4875 Κύριος
2526 4803 2752 4875 θραῦσαι
2808 4800 2938 4876 τοὺς
2968 4804 3117 4875 ἡμᾶς
3159 4805 3304 4862 οὕτω
3335 4804 3707 4883 διαθεμένους,

2048 4886 2395 4963 ἐπιϐεϐηκὼς
2456 4890 2587 4953 ἴσως
2648 4890 2737 4947 ἐπὶ
2798 4888 3019 4966 δυσμῶν
3073 4897 3215 4952 κατὰ
3280 4899 3380 4967 τήν
3410 4894 3705 4969 Δαϐιδικὴν

2046 4980 2440 5056 προαγόρευσιν
2478 4997 2492 5048 ;
2525 4978 2627 5035 Καὶ
2656 4980 2719 5035 σὺ
2753 4976 2834 5054 δὲ,
2866 4980 2913 5036 ὦ
2968 4980 3157 5051 πόλις,
3217 4981 3369 5062 ἔφην,
3432 4983 3701 5059 βασίλεια,

2046 5063 2131 5131 [Ρ.
2163 5070 2289 5141 381]
2343 5065 2509 5130 πόλις
2539 5076 2837 5143 περιογῆς,
2896 5069 3061 5137 πόλις
3110 5077 3207 5130 τοῦ
3262 5072 3532 5148 βασιλέως
3597 5076 3696 5129 τοῦ

2051 5155 2318 5231 μεγάλου,
2399 5158 2669 5231 σκήνωμα
2731 5158 3005 5232 Ὑψίστου,
3066 5163 3261 5223 αἳνεσις
3315 5162 3407 5217 καὶ
3464 5160 3702 5237 ὕμνησις

2041 5252 2149 5302 τῶν
2210 5243 2378 5302 αἰ)τοῦ
2434 5248 2777 5325 θεραπόντων
2809 5249 2899 5306 καὶ
2971 5251 3276 5332 προσφιλὲς
3332 5250 3709 5330 ξενοδόχημα,

1682 5373 1852 5435 Hier.
1894 5373 2109 5436 Wolﬁi
2140 5379 2333 5436 notae.

351 5511 465 5583 (60)
506 5508 571 5584 Ei
604 5511 677 5581 μή
711 5528 776 5584 γε
820 5503 1281 5584 τοῖς-πολεμίοις
1330 5507 1635 5584 ἀποτινεῖτε
1677 5508 1770 5565 τὸν
1815 5503 1941 5566 ὅλε-

258 5578 427 5652 θεὸν.
464 5583 553 5649 Μή
589 5578 910 5654 γενὲιοῐὶιιε
940 5578 1071 5654 legi
1130 5578 1305 5651 uuam
1355 5580 1514 5651 μήτε,
1544 5586 1947 5654 vetustusco-

273 5646 386 5725 (ilex
418 5646 697 5725 declarat,
732 5656 904 5722 cujus
939 5646 1055 5706 haec
1085 5646 1265 5725 verba
1321 5646 1510 5725 sunt};
1550 5651 1615 5706 Ei
1650 5654 1727 5725 μὴ
1763 5651 1852 5708 διὰ
1880 5654 1944 5707 τὸ

269 5724 367 5780 ’ἕνα
405 5719 825 5783 ἀνταποδώσετέ
855 5726 972 5783 τοῖς
1004 5719 1303 5796 πολεμίοις
1336 5721 1429 5778 τὸν
1461 5719 1691 5797 ὄλεθρόν
1718 5719 1813 5781 καὶ
1843 5725 1941 5794 τὴν

2053 5502 2446 5587 αῖχμαλωσίαν
2476 5501 2528 5561 ἐν
2559 5507 2742 5587 ἡμέρᾳ
2770 5509 2960 5587 ᾷργῆς.
3011 5511 3178 5587 Unde
3235 5520 3479 5587 apparet
3529 5517 3705 5575 etiam

2054 5577 2521 5663 ρῐίὸἆποτενεῖτε,
2555 5577 2811 5663 quodat).
2847 5577 3114 5663 ᾇποτείνω
3167 5577 3473 5663 formatur.
3510 5589 3710 5663 legeti-

2054 5648 2351 5733 dumesse
2381 5648 2707 5733 ἀπριειγὲῖτι,
2741 5654 2814 5711 ab
2844 5653 3111 5732 ἀποτίνω,
3145 5660 3302 5733 quod
3364 5648 3520 5719 idem
3560 5648 3714 5721 ἴαιθι

2052 5722 2211 5798 quod
2238 5719 2685 5781 ἀνταποδιδόναι.
