4074 6422
373 398 492 457 977

1829 391 2031 454 URBS
2074 392 2355 455 CAP'I‘A.

3687 397 3807 457 978

375 533 465 588 καὶ
501 529 722 607 βασιλὶς
766 530 860 604 μὲν
924 533 1035 587 τῶν
1099 525 1419 605 βασιλίδων,
1474 527 1715 598 πόλεων,
1776 525 1922 599 ἄσμα
1980 524 2027 582 δὲ

2147 542 2371 597 eorum,
2399 524 2678 597 splendor
2705 525 3109 599 splendorum,
3142 531 3200 583 et
3229 528 3405 585 rebus
3460 529 3594 585 visu
3646 531 3802 588 188

379 622 640 695 ᾀσμάτων
694 621 785 676 xii
839 618 1168 695 λαμπρότης
1268 616 1703 694 λαμπροτήτων,
1767 616 1859 672 καὶ
1932 621 2040 672 τῶν

386 710 630 767 σπανίων
705 716 960 785 πανταχῆ
1038 707 1323 782 θεαμάτων
1402 707 1765 782 σπανιώτερον
1839 704 2039 781 ὅραμα,

383 802 469 862 τίς
501 801 529 855 ὀ
563 798 863 861 διασπάσας
900 801 1050 873 ἡμᾶς
1082 798 1190 853 ἀπὸ
1223 802 1321 853 σοῦ
1374 797 1452 860 ὡς
1506 796 1566 853 ἐκ
1611 794 1819 871 μητρὸς
1873 792 2044 867 φίλης

380 890 542 948 τέκνα
572 892 881 971 φιλούμενοι
908 914 922 963 ς
953 891 1097 953 τίνες
1129 890 1459 968 γενοίμεθας
1510 895 1609 945 ποῖ
1657 890 2038 963 τραποίμεθα;

381 983 542 1038 ποίαν
597 982 935 1058 παραψυχὴν
996 978 1248 1055 εὕροιμεν
1299 979 1523 1056 γυμνοὶ,
1583 979 1659 1041 ὡς
1717 977 1777 1033 ἐκ
1825 975 2043 1038 κοιλίας

384 1072 594 1147 μητρὸς
616 1076 725 1127 τῶν
760 1076 868 1126 σῶν
921 1070 1308 1132 ἐκσπασθέντες
1357 1067 1608 1137 κόλπων,
1655 1068 1743 1123 καὶ
1793 1067 2039 1145 φανέντες

376 1162 504 1235 παρ’
552 1154 728 1216 ἔθνεσι
781 1158 974 1236 κιθάρα
1029 1160 1120 1215 καὶ
1179 1156 1504 1236 θρύλΛημά,
1564 1153 1793 1234 ἀδελφοὶ
1848 1158 2041 1231 Σειρή-

377 1271 510 1321 νων,
586 1249 791 1325 ἐταῖροι
888 1249 1189 1325 στρουθῶν,
1288 1247 1381 1302 καὶ
1482 1247 1867 1320 ψωμιςόμενοι
1946 1245 2041 1318 μὶν

373 1338 630 1414 ἀνάγκας,
693 1338 843 1415 ὕδωρ
899 1335 956 1393 δὲ
1029 1336 1215 1416 χολῆς
1290 1336 1689 1409 ποτιζόμενοι;
1766 1336 1908 1391 Πότε
1982 1356 2040 1391 σε

373 1426 675 1501 θεασόμεθα
706 1428 818 1503 οὐχ
848 1427 923 1490 ὡς
952 1431 1044 1481 νῦν
1075 1423 1262 1481 πεδίον
1313 1426 1619 1505 ἀφανισμοῦ
1662 1425 1753 1481 καὶ
1804 1421 2040 1480 κοιλάδα

372 1515 738 1590 κλαυθμῶνος
788 1515 879 1571 καὶ
927 1516 1276 1588 πατουμένην
1330 1513 1435 1569 ὑπὸ
1485 1512 1886 1589 στρατοπέδων,
1932 1512 2037 1568 εἴτε

379 1608 490 1680 μήν
550 1605 980 1677 ἐξουθενημένην
1036 1606 1125 1659 καὶ
1182 1605 1527 1677 ἀπωσμένην.
1611 1603 1739 1659 ἀλλ’
1794 1603 2040 1678 ἐξαιρου-

378 1694 547 1769 μένην
577 1695 669 1750 καὶ
700 1693 1042 1767 σωζομένην,
1086 1693 1176 1748 καὶ
1224 1695 1710 1768 προσκυνουμένην
1763 1693 1873 1748 ὑπὸ
1925 1698 2034 1748 τῶν

374 1784 826 1842 ταπεινωσάντων
889 1805 947 1839 σε
1002 1783 1093 1839 καὶ
1142 1785 1556 1858 παροξυνάντων
1615 1804 1693 1852 σε,
1744 1782 1834 1838 καὶ
1891 1784 2038 1858 γάλα

2154 616 2301 672 raris
2318 615 2717 688 spectaculum
2747 616 2959 687 rarius,
2993 617 3127 688 quis
3172 635 3278 674 nos
3300 625 3404 674 ate
3431 619 3647 675 avulsit
3677 626 3742 677 ut
3771 639 3805 677 a

2152 723 2287 764 cara
2327 718 2513 763 matre
2570 724 2735 762 caros
2784 709 3044 763 liberos?
3099 708 3200 780 qui
3247 710 3513 765 erimus?
3546 727 3662 784 quo
3697 729 3803 767 nos

2150 802 2444 853 vertamus
2465 797 2493 852 ?
2524 813 2699 868 quam
2731 797 3191 854 consolationem
3250 799 3624 871 inveniemus,
3660 801 3803 857 nudi

2150 903 2185 943 a
2214 891 2317 944 tuo
2345 889 2474 944 sinu
2507 893 2574 944 ut
2605 905 2673 944 ex
2728 894 2890 945 utero
2949 888 3154 945 matris
3185 890 3425 946 avulsi?
3453 894 3688 962 quando
3747 895 3803 947 te

2149 977 2565 1049 spectabimus,
2597 994 2715 1034 non
2746 978 2921 1033 talem
2955 977 3147 1047 qualis
3194 996 3351 1034 nunc
3410 996 3493 1046 es,
3529 998 3802 1052 campum

2147 1067 2677 1137 vastitatis,vallem
2709 1067 2930 1134 luctus,
2976 1068 3370 1124 conculcatam
3425 1071 3497 1125 ab
3537 1072 3805 1127 exerciti-

2148 1155 2284 1225 bus,
2311 1157 2610 1213 redactam
2644 1158 2713 1212 ad
2736 1156 2986 1213 nihilum
3022 1166 3076 1214 et
3098 1157 3486 1230 proﬂigatam,
3511 1160 3613 1216 sed
3643 1160 3803 1217 exalo

2146 1248 2329 1301 tatam
2359 1249 2417 1301 et
2461 1245 2840 1315 incolumem,
2874 1250 2931 1301 et
2981 1245 3341 1302 adorandum
3375 1247 3447 1303 ab
3497 1249 3570 1304 iis
3614 1250 3714 1320 qui
3747 1254 3804 1304 te

2148 1337 2564 1410 depresserunt
2593 1342 2651 1394 et
2672 1337 3000 1406 irritarunt,
3035 1341 3091 1392 et
3113 1339 3267 1394 bona
3299 1338 3560 1411 gentium
3585 1357 3802 1411 sugen-

2149 1433 2348 1496 tem,et
2364 1427 2597 1482 divitias
2618 1443 2821 1499 regum
2846 1431 2910 1482 ut
2931 1432 3067 1482 ante
3106 1429 3504 1484 comedentem
3521 1429 3548 1483 ?
3565 1431 3802 1500 quando

2147 1518 2408 1584 tandem,
2439 1522 2503 1573 ut
2532 1518 2746 1573 ﬁculna
2769 1516 2906 1572 folia
2929 1521 2986 1572 et
3029 1516 3300 1588 pelliceas
3344 1519 3600 1585 tunicas,
3649 1520 3803 1576 lace-

2149 1622 2245 1662 ros
2270 1607 2414 1662 istos
2437 1624 2662 1677 pannos
2688 1622 2792 1662 nec
2841 1610 3031 1662 totum
3082 1622 3293 1678 corpus
3333 1608 3670 1679 obtegentes
3698 1608 3803 1663 ab-

2143 1700 2416 1774 jiciemus
2433 1698 2460 1753 ‘2
2483 1700 2699 1764 quibus
2721 1714 2829 1753 nos
2852 1697 3082 1753 barbari
3104 1702 3165 1751 ut
3187 1697 3451 1753 insidiosi
3472 1704 3796 1769 serpentes,

2149 1791 2303 1847 mala
2326 1788 2636 1858 conjuncta
2658 1792 2714 1841 et
2730 1788 2939 1841 infesta
2954 1787 3623 1859 ctrcumdederunt?age
3645 1805 3800 1854 vero,

376 1875 542 1930 ἐθνῶν
574 1873 921 1945 θηλάζουσαν
949 1876 1040 1929 καὶ
1097 1871 1337 1928 πλοῦτον
1397 1869 1666 1948 βασιλέων
1716 1872 1793 1935 ὡς
1840 1873 2027 1948 πρώην

2148 1881 2289 1935 urbs
2312 1877 2709 1945 sanctissima,
2744 1874 2969 1948 placato
2993 1875 3197 1937 Deum.
3233 1878 3527 1945 prmtende
3556 1876 3800 1948 templa,

374 1959 640 2033 ἔδουσανς
671 1963 804 2019 πότε
836 1961 894 2019 δὲ
933 1963 1021 2019 καὶ
1069 1964 1145 2026 ὡς
1194 1960 1379 2039 φύλλα
1436 1968 1605 2033 συκῆς
1649 1963 1742 2017 καὶ
1789 1966 2027 2038 χιτῶνας

2144 1972 2468 2041 martyrum
2528 1966 2826 2036 reliquias,
2879 1964 3041 2036 ipsas
3097 1966 3478 2036 calamitates,
3541 1966 3796 2023 cladium

375 2051 732 2129 δερματίνους
797 2050 1226 2128 ἀποϐαλούμεθα
1282 2053 1344 2108 τὸ
1417 2051 1572 2129 ῥικνὰ
1642 2056 1812 2108 ταῦτα
1890 2052 2028 2130 ῥάκη

372 2145 464 2201 καὶ
498 2141 640 2218 μηδὲ
685 2144 1032 2221 τοῦῑπαντὸς
1089 2144 1444 2218 ἐξικνούμενα
1482 2142 1757 2216 σώματος,
1807 2142 1841 2197 ά
1888 2145 2028 2217 ἡμῖν

370 2233 683 2309 περιέθεντο
739 2236 791 2290 οί
850 2229 1143 2291 ἐπίϐουλοι
1196 2233 1270 2297 ὠς
1348 2228 1498 2309 ὄφεις
1573 2231 1910 2313 ἀλλόφυλοι,
1962 2234 2032 2288 τὰ

369 2324 595 2379 σύνοικα
655 2325 792 2398 ἡμῖν
847 2325 984 2379 κατὰ
1038 2323 1130 2379 καὶ
1208 2319 1475 2380 ἐπίϐουλα
1552 2323 1643 2379 καὶ
1722 2320 2026 2397 βαρύζηλα,

369 2412 771 2486 ἐπενδυσόμεθα
828 2412 874 2470 δ’
942 2415 1099 2480 αὗθις
1145 2414 1276 2477 τοὺς
1335 2414 1385 2485 ἐξ
1447 2415 1585 2493 ὑφῆς
1635 2413 2029 2490 στιλπνοτέρας

372 2505 465 2559 καὶ
520 2502 833 2580 χλιδῶντας
890 2511 1154 2585 χιτῶνας,
1217 2503 1310 2569 οῦς
1367 2507 1561 2582 πρώην
1612 2504 2027 2581 περιεκείμεθα;

372 2590 530 2648 Ἀλλ’
560 2592 746 2649 ’ἰλασαν
790 2593 947 2661 Θεὸο,
977 2592 1255 2669 ἀγιωτᾶτη
1303 2597 1415 2648 τῶτ
1458 2591 1698 2648 πόλεων·
1742 2587 2030 2667 προϐαλοῦ

373 2684 495 2744 τεὺς
522 2683 678 2753 νεὼς,
716 2682 782 2737 τὰ
832 2686 941 2739 τῶν
1004 2683 1295 2759 μαρτύρων
1352 2680 1676 2756 λειπόμενα,
1732 2682 1831 2745 τὰς
1887 2703 2031 2755 συμ-

376 2774 546 2851 φορὰς
578 2771 769 2838 αὐτὰς,
811 2776 920 2828 τῶν
966 2772 1334 2848 πειρατηρίων
1391 2773 1454 2827 τὸ
1514 2773 1763 2847 μέγεθος,
1823 2771 1898 2827 ὧν
1953 2772 2031 2833 είς

378 2863 541 2935 κόρον
595 2863 957 2937 μετέσχηκας,
1017 2860 1273 2939 ἀνδράσιν
1332 2861 1568 2924 ἀνοσίοις
1620 2859 1902 2926 ἐκδοθεῖσα
1957 2862 2032 2923 εἷς

373 2951 643 3025 πύρωσιν.
720 2949 1074 3008 Ἐπικάλεσαι
1136 2953 1241 3027 γάρ
1321 2972 1410 3025 με,
1488 2952 1675 3030 φησὶν,
1752 2949 1803 3005 ἐν
1850 2951 2034 3026 ἡμέρᾳ

368 3040 609 3114 θλίψεώς
666 3060 785 3113 σου,
842 3041 935 3096 καὶ
988 3039 1281 3115 ἐξελοῦμαί
1321 3062 1401 3110 σε,
1472 3040 1561 3097 καὶ
1631 3037 1872 3110 δοξάσεις
1944 3060 2030 3113 με.

363 3131 505 3205 Ἀρα
533 3128 592 3185 δὲ
630 3133 930 3205 προσθήσω
960 3131 1049 3186 καὶ
1102 3130 1179 3192 εἲς
1222 3129 1282 3185 σέ
1328 3150 1463 3186 ποτε
1509 3125 1831 3205 ἐπιϐλέψαι,
1883 3151 2033 3203 παμ-

2144 2058 2610 2131 magnitudinem
2646 2057 2862 2125 quibus
2894 2072 2956 2111 es
2978 2073 3277 2127 oppressa,
3308 2056 3544 2113 nefariis
3562 2057 3700 2113 viris
3726 2059 3796 2114 ad

2140 2148 2574 2205 incendendum
2606 2146 2763 2201 data.
2784 2145 2963 2201 Jubet
2980 2146 3138 2200 enim
3165 2146 3421 2202 invocari
3445 2162 3507 2202 se
3538 2152 3800 2217 tempore

2141 2237 2508 2296 necessitatis
2535 2240 2687 2291 tuae:
2750 2251 2885 2291 nam
2945 2235 3066 2290 fore
3123 2238 3188 2290 ut
3219 2234 3343 2306 ipse
3375 2240 3430 2291 te
3471 2235 3702 2307 eripiat,
3736 2241 3796 2290 tu

2139 2344 2274 2386 vero
2297 2344 2430 2384 eum
2453 2326 2678 2382 Iaudes.
2696 2310 3020 2396 Numquid,
3044 2324 3329 2396 templum
3360 2325 3799 2396 amplissimum

2140 2415 2936 2486 etdivinissimum,unquam
2961 2414 3208 2486 posthac
3233 2420 3289 2471 te
3321 2413 3550 2485 videbo,
3584 2415 3795 2471 ccelum

2138 2513 2458 2576 terrenum,
2489 2505 2694 2563 solium
2749 2504 2901 2561 784
2922 2503 3115 2575 gloriae
3172 2504 3291 2573 Dei,
3324 2505 3635 2561 cherubice
3669 2522 3794 2562 cur-

2140 2615 2263 2664 rus,
2293 2597 2731 2652 ﬁrmamentum
2764 2592 3328 2660 alterum,fabricam
3372 2611 3653 2650 manuum
3689 2595 3794 2650 Dei

2140 2687 2522 2753 annuntians,
2555 2681 2950 2756 spectaculum
2986 2687 3041 2738 et
3069 2699 3217 2755 opus
3234 2682 3794 2755 singulareﬁrmum

2141 2776 2421 2833 universae
2452 2783 2618 2831 terrae
2647 2772 2871 2829 decus?
2929 2776 2987 2828 et
3043 2773 3181 2844 quis
3211 2778 3301 2827 est
3331 2774 3432 2844 qui
3464 2773 3795 2844 pollicetur,

2142 2865 2257 2920 nisi
2288 2864 2339 2919 is
2369 2863 2529 2919 solus
2560 2877 2634 2931 qu
2695 2860 2755 2914 in
2803 2868 3010 2929 suople
3070 2858 3357 2930 ευρριιοὶο
3418 2864 3696 2931 tentatus,
3725 2862 3800 2917 iis

2142 2950 2586 3023 quitantantur,
2639 2961 2983 3003 succurrere
3041 2944 3294 3001 didicit?
3323 2946 3419 3017 qui
3466 2947 3697 3019 inopem
3731 2963 3802 3004 ex

2146 3057 2322 3098 manu
2366 3039 2671 3095 fortiorum
2704 3041 2762 3094 et
2795 3052 3107 3110 pauperem
3131 3040 3187 3092 et
3210 3036 3547 3093 mendicum
3571 3054 3605 3093 a
3652 3054 3802 3110 prse-

2143 3129 2445 3187 datoribus
2473 3127 2665 3198 eripit,
2702 3126 2804 3199 qui
2836 3126 3035 3182 omnia
3089 3125 3229 3182 facit
3258 3142 3327 3182 ac
3362 3125 3615 3183 subinde
3644 3142 3804 3183 com-

370 3219 587 3295 μέγιστε
642 3220 731 3275 ναὶ
791 3220 880 3276 καὶ
955 3220 1216 3288 θειότατε,
1305 3218 1502 3296 οὖρανὲ
1565 3219 1795 3295 ἐπίγειε,
1856 3222 2015 3295 θρόνε

2139 3224 2318 3277 mutat
2348 3219 2408 3273 in
2442 3216 2678 3273 melius.

367 3307 532 3380 δόξης
586 3314 742 3380 Θεοῦ,
790 3305 1123 3385 Χερουϐικὸν
1175 3305 1393 3385 ὄχημα,
1454 3308 1734 3385 στερέωμα
1785 3308 2058 3386 δεύτερον,
2114 3305 2393 3385 ἀγγέλλον
2445 3305 2544 3374 τὴν
2595 3309 2704 3361 τῶν
2762 3308 2969 3381 χειρῶν
3026 3308 3161 3360 Θεοῦ
3210 3304 3459 3377 ποίησιν,
3494 3303 3670 3379 θέαμα
3702 3304 3794 3360 καὶ

368 3397 524 3475 ἔργον
573 3396 816 3455 ἐναδικὸν
862 3400 955 3455 καὶ
1002 3397 1216 3473 εὕριζον
1261 3399 1439 3471 πάσης
1494 3402 1594 3465 τῆς
1643 3401 1746 3475 γῆς
1794 3398 2157 3475 ἂγαλλίαμα;
2212 3397 2311 3453 Καὶ
2359 3394 2442 3460 τίς
2485 3395 2514 3450 ὁ
2563 3393 3057 3472 ἐπαγγαλλόμενος
3107 3394 3154 3450 εί
3203 3397 3280 3471 μὴ
3340 3394 3506 3468 μόνος
3554 3396 3582 3450 ὁ
3624 3394 3676 3450 ἐν
3708 3398 3793 3460 οἷς

368 3490 601 3545 πέπονθε
645 3490 955 3565 πειρασθείς
1009 3495 1129 3552 τοῖς
1175 3488 1594 3566 πειραζομένοις
1648 3490 1870 3565 βοηθεῖν
1923 3488 2303 3563 ἐπιστάμενος,
2353 3487 2444 3542 καὶ
2497 3486 2764 3560 ῥυόμενος
2816 3486 3043 3560 πτωχὸν
3098 3485 3158 3541 ἐκ
3206 3486 3397 3562 χειρὸς
3425 3483 3790 3562 στερῥοτέρων

368 3580 535 3635 αὐτοῦ
572 3578 663 3634 καὶ
692 3580 919 3654 πτωχὸν
941 3578 1032 3634 καὶ
1061 3579 1269 3649 πένητα
1318 3577 1427 3634 ἀπὸ
1455 3579 1562 3635 τῶν
1629 3576 2039 3654 διαρπαζόντων
2078 3578 2264 3648 αὐτὸν,
2321 3577 2413 3631 καὶ
2470 3579 2647 3631 ποιῶν
2677 3576 2852 3632 πάντα
2881 3575 2973 3632 καὶ
3006 3576 3415 3649 μετασκευάζων
3444 3575 3526 3630 ἀεὶ
3556 3576 3695 3652 πρὸς
3722 3577 3785 3631 τὸ

371 3667 587 3744 βέλτιον
616 3688 629 3738 ;
663 3693 693 3721 ››

437 3760 496 3829 ε’,
552 3760 711 3815 Ταῦτ’
780 3758 831 3830 ἐξ
900 3756 1237 3833 ὑπεράντλου
1300 3762 1420 3820 ταῖς
1487 3754 1763 3833 ἆχθηδόσι
1831 3760 2018 3833 ψυχῆς

361 3848 689 3911 κενώσαντες
727 3849 1094 3925 πορευόμενοι
1154 3847 1548 3924 ἐπορευόμεθα,
1590 3845 1875 3911 κλαίοντες
1929 3846 2019 3902 καὶ

363 3938 662 4014 βάλλοντες
718 3939 851 4004 τοὺς
904 3942 1140 4016 θρήνους
1195 3940 1272 4005 ὡς
1328 3940 1634 4017 σπέρματα.
1692 3938 1755 3998 Εἰ
1815 3937 1874 3995 δὲ
1927 3939 2020 3994 καὶ

361 4029 653 4106 ἐρχόμενοι
709 4031 936 4104 ἥξομεν,
993 4029 1240 4104 αἳροντες
1293 4030 1346 4086 ἐν
1416 4028 1745 4105 ἀγαλλιάσει
1807 4030 1876 4084 τὰ
1918 4031 2019 4098 τῆς

362 4117 680 4194 δεξιωτέρας
708 4118 1068 4182 ἀλλοιώσεως
1127 4117 1439 4196 δράγματα,
1489 4118 1666 4196 δῶρον
1692 4124 1856 4175 τοῦτο
1885 4123 2020 4175 Θεοῦ

362 4214 460 4264 τοῦ
488 4208 940 4283 παρακαλοῦντος
998 4209 1127 4270 τοὺς
1186 4206 1567 4287 ὀλιγοψύχους
1621 4207 1713 4263 καὶ
1745 4208 2018 4283 σωτηρίου

363 4293 733 4371 περιτιθέντος
785 4297 1004 4369 ἱματιον
1063 4297 1156 4352 καὶ
1211 4301 1425 4375 χιτῶνα
1480 4296 1820 4372 εὐφροσύνης
1867 4294 2018 4352 ἐνδύ-

365 4406 577 4450 σαντος.
612 4391 828 4463 Προῆγε
857 4383 915 4441 δὲ
966 4388 1129 4457 ἡμῶν
1160 4387 1190 4441 ὁ
1221 4385 1601 4460 οἶκουμενικὸς
1649 4386 2019 4462 ἄρχιποιμήν,

367 4478 443 4551 μὴ
477 4477 655 4552 πήραν
714 4474 914 4555 φέρων,
976 4476 1052 4548 μή
1107 4475 1313 4551 χρυσὸν
1366 4474 1454 4531 ἐπὶ
1496 4476 1597 4545 τὴν
1647 4473 1837 4555 ὀσφῦν,
1882 4473 2019 4550 ἄρα·

362 4560 493 4629 ϐδος
523 4565 611 4621 καῖ
645 4562 948 4627 ἆσάνδαλος
1015 4564 1107 4620 καὶ
1174 4566 1432 4641 χιτώνιον
1499 4562 1553 4620 ἒν
1616 4565 2014 4640 περικείμενος,

2197 3757 2252 3812 5.
2288 3760 2429 3826 Qum
2485 3773 2620 3814 eum
2678 3772 2746 3812 ex
2806 3756 3001 3813 animo
3051 3756 3355 3814 doloribus
3414 3758 3783 3814 redundante

2127 3848 2938 3912 elfudissemus,continenter
2976 3847 3212 3904 ibamus
3273 3847 3567 3919 plorantes
3610 3851 3669 3904 et
3700 3847 3785 3903 la-

2128 3955 2361 4011 crymas
2390 3943 2670 4011 tanquam
2705 3939 2935 3995 semina
2964 3942 3332 4011 spargentes.
3364 3937 3419 3993 Si
3458 3954 3594 3994 vero
3638 3938 3791 3993 redi-

2128 4029 2246 4085 turi
2278 4046 2488 4084 sumus
2512 4027 2901 4100 prosperioris
2925 4028 3270 4083 mutationis
3294 4027 3630 4094 manipulos
3662 4027 3788 4082 eol-

2126 4119 2354 4190 lecturi,
2388 4118 2489 4175 Dei
2522 4135 2737 4174 munus
2765 4118 2823 4173 id
2856 4119 2987 4187 erit,
3031 4119 3132 4191 qui
3184 4118 3592 4189 pusillanimes
3646 4134 3789 4172 con-

2129 4209 2350 4274 ﬁrmat,
2383 4210 2484 4280 qui
2507 4226 2609 4265 eos
2638 4208 2845 4264 salutis
2874 4212 3032 4267 veste
3062 4209 3261 4265 induit
3302 4217 3356 4264 et
3411 4208 3605 4263 tunica
3652 4207 3792 4263 lmti-

2125 4299 2218 4353 tim
2249 4299 2473 4356 amicit.
2534 4299 2931 4354 Antecedebat
2975 4302 3171 4354 autem
3224 4315 3333 4354 nos
3389 4297 3788 4353 mcumenicus

2126 4404 2391 4444 summus
2427 4392 2647 4458 pastor.
2682 4404 2796 4444 non
2831 4404 3027 4460 peram
3059 4389 3271 4451 ferens,
3296 4405 3412 4443 non
3473 4403 3682 4443 aurum
3725 4387 3785 4442 in

2123 4493 2289 4545 zona,
2322 4477 2461 4534 sine.
2498 4476 2728 4545 baculo,
2757 4479 2884 4534 sine
2911 4476 3139 4546 calceis,
3170 4494 3288 4534 una
3316 4476 3580 4533 tunicula
3613 4478 3783 4531 indu-

2125 4568 2243 4634 tus,
2301 4566 2529 4641 integer
2608 4567 2980 4642 evangelicus
3041 4570 3367 4639 apostolus,
3433 4572 3536 4622 aut
3587 4567 3782 4639 pelius

360 4656 580 4727 ἐντελής
609 4654 961 4735 εύαγγελικὸς
1014 4633 1345 4728 ἀπόστολος,
1403 4655 1441 4728 ἢ
1502 4633 1718 4731 μᾶλλον
1745 4633 1846 4711 τοῦ
1880 4633 2017 4732 Χριέ-

2139 4633 2341 4713 3hristi
2370 4633 2687 4729 exvemplar,
2722 4633 3016 4730 quatenus
3050 4633 3299 4729 paupere
3355 4633 3536 4712 asello
3582 4633 3780 4712 vectus

359 4751 488 4803 στοῦ
520 4746 834 4821 ἀντίμιμος,
888 4748 1005 4803 καθ’
1063 4746 1191 4803 ὅσον
1231 4745 1430 4823 εναρίῳ
1475 4749 1747 4823 πτωχικῷ
1777 4744 2014 4822 ἐποχούέ

363 4857 521 4910 μενος
593 4835 880 4910 μεθίστατο
934 4837 1035 4906 τῆς
1085 4836 1204 4899 νέας
1260 4836 1429 4906 Σιὼν,
1480 4835 1543 4891 ού
1587 4836 1680 4891 τὸν
1725 4833 1808 4890 ἐπ’
1841 4835 2014 4904 αὐτῆς

361 4923 647 5002 ἐσχεδίαζε
706 4921 998 5001 θρίαμϐον.
1051 4925 1194 4983 Τότε
1262 4921 1309 4979 δ’
1354 4922 1449 4980 οῦν
1495 4925 1665 5001 πέρας
1729 4931 1830 4995 τῆς
1886 4921 2015 4979 ὁδοῦ

358 5016 458 5085 τήν
528 5017 614 5091 [Ρ.
650 5017 777 5088 382]
843 5010 1164 5090 Σηλυϐρίαν
1231 5015 1344 5089 (61)
1412 5016 1577 5087 ἡμεῖς
1642 5013 1856 5088 θέμενοι
1918 5017 2018 5069 τοῦ

364 5102 566 5161 λοιποῦ
617 5104 715 5160 τοῦ
770 5103 985 5160 πλάνου
1036 5104 1383 5178 πεπαύμεθα,
1413 5098 1730 5180 ἀνύϐριστοι
1774 5103 2018 5177 πανοικὶ,

361 5196 426 5250 τὸ
476 5197 615 5274 μέγα
660 5199 759 5251 τοῦ
807 5194 942 5251 Θεοῦ
990 5193 1117 5269 περὶ
1170 5196 1320 5268 ἡμᾶς
1368 5192 1725 5272 φιλοτίμημα
1771 5192 1863 5250 καὶ
1905 5193 2018 5250 ἀεί-

369 5301 600 5356 μνηστον
636 5285 727 5341 καὶ
765 5282 976 5341 τέλειον
1037 5280 1296 5361 δώρημα,
1358 5280 1491 5358 μηδ’
1544 5278 1900 5360 άρθρέμϐολα
1929 5284 2018 5340 καὶ

2126 4764 2275 4804 nova
2293 4749 2463 4804 Sione
2484 4748 2962 4815 discedebat,non
2985 4754 3181 4804 autem
3207 4748 3581 4819 triumphans
3614 4747 3777 4803 illam

2123 4836 2582 4909 ingrediebatur.
2634 4844 2716 4894 Ae
2777 4843 2899 4894 tum
2956 4853 3064 4893 nos
3130 4836 3455 4910 Selybriam
3532 4835 3778 4909 proiecti

2126 4929 2398 4985 oberrare
2454 4928 2813 5000 destitimus,
2875 4931 2997 4983 tota
3054 4926 3278 4983 familiu
3325 4926 3625 4997 inviolata,
3651 4944 3776 4998 quis

2129 5033 2339 5090 magna
2362 5018 2460 5074 Dei
2486 5017 2805 5074 liberalitas
2828 5022 2918 5072 est
2939 5021 2996 5072 et
3016 5017 3373 5088 sempiterna
3409 5018 3780 5089 perfectaque

2131 5106 2556 5177 muniﬁcentia,
2594 5106 2743 5162 785
2774 5123 2890 5162 non
2923 5105 3126 5161 ferreis
3160 5107 3427 5175 manicis,
3463 5123 3580 5163 non
3626 5108 3780 5162 funi-

2131 5197 2244 5253 bus
2273 5197 2476 5263 vincti,
2507 5213 2627 5253 non
2660 5196 2872 5268 pugnis
2911 5195 3070 5267 cesi,
3130 5203 3197 5251 ut
3250 5195 3421 5251 multi
3465 5214 3534 5253 ex
3565 5199 3782 5254 nostris

2133 5287 2391 5359 pecuniae
2418 5285 2623 5343 dandaa
2645 5301 2824 5342 causa
2849 5304 2864 5355 ;
2889 5290 2947 5342 et
2994 5303 3028 5342 a
3070 5285 3195 5343 solo
3228 5286 3343 5343 Deo
3388 5287 3649 5357 enutriti,
3684 5288 3787 5360 qui

1742 5431 1913 5495 Hier.
1946 5431 2163 5493 Wolﬁi
2193 5437 2380 5494 nota.

438 5586 551 5665 (61)
582 5585 921 5664 Σηλυϐρίαν.
965 5582 1351 5665 Σηλυμϐρίαν.
1387 5590 1573 5648 Etiam
1606 5593 1758 5665 apud
1807 5591 2012 5648 Demo-

367 5663 636 5738 sthenem
667 5663 933 5738 nostrum
955 5665 1087 5738 haec
1112 5663 1223 5721 Vox
1248 5664 1583 5738 aliascum,
1615 5663 1762 5721 alias
1810 5666 1938 5722 sine
1971 5685 2012 5738 μ.

364 5736 663 5810 scribitur,
691 5740 758 5794 ut
780 5740 839 5795 et
868 5730 1118 5815 ἀρύμϐας
1147 5741 1206 5794 et
1246 5728 1506 5816 ἀρύϐϐας.
1537 5728 1698 5805 Quod
1748 5728 2010 5797 accidere

2121 5591 2373 5722 Sidetng
2397 5594 2632 5666 propter
2657 5592 2979 5650 litterarum
3009 5592 3117 5669 βοῑ
3146 5613 3186 5667 μ
3220 5598 3385 5653 notas
3413 5596 3626 5655 alicubi
3666 5615 3781 5656 non

2165 5681 2265 5722 issi
2335 5681 2350 5720 ι
2377 5681 2462 5722 es.

2165 5681 2462 5722 18311111168.
