4074 6466
234 387 349 447 979
1562 389 1881 452 ΝΙΟΕΤᾸΞ
1920 388 2344 452 ΟΗΟΝΙΑΤΕ
3538 390 3658 451 980

233 526 432 578 cibum
454 521 732 579 omnibus
762 527 1091 595 opportuno
1145 525 1404 594 tempore
1443 523 1885 594 curatetpullos

2022 518 2429 597 ιχοινοδέσμους
2490 520 2621 577 κάπὶ
2658 524 2767 577 τῶν
2821 520 3109 596 κροτάφων
3157 517 3533 595 ἀστραγάλους
3576 520 3655 582 ὡς

234 627 540 668 corvorum
571 628 630 668 se
657 612 993 668 invocantes
1038 611 1276 683 largiter
1299 611 1507 683 pascit,
1540 619 1599 668 et
1637 615 1894 684 agrestia

2022 608 2208 666 πολλοὶ
2263 611 2372 665 τῶν
2432 613 2550 675 καθ’
2609 612 2756 686 ἡμᾶς
2834 607 3118 682 δεξάμενοι
3196 606 3287 664 διὰ
3344 609 3651 684 χρημάτων

233 701 379 769 lilia,
404 719 534 773 quae
556 718 744 773 neque
786 705 924 756 nent
980 717 1166 772 neque
1217 702 1532 769 seminant,
1580 701 1892 775 splendide

2022 698 2284 771 ίπόδοσιν,
2342 699 2431 756 καὶ
2486 699 2621 775 πρὸς
2684 700 2851 773 μόνου
2898 704 3034 756 Θεοῦ
3076 698 3401 776 τρεφόμενοι
3432 702 3530 753 τοῦ
3555 700 3655 765 τήν

234 790 582 847 vestit.Nam
604 790 805 847 rustici
829 792 885 845 et
908 788 1116 860 plebeii
1140 779 1408 847 homines
1457 791 1624 847 nobis
1669 791 1890 864 Byzan-

1998 792 2206 869 τροφὴν
2257 790 2308 846 έν
2355 791 2604 869 εὐκαιρίᾳ
2650 797 2781 847 πᾶσι
2834 786 3197 866 βραϐεύοντος
3228 788 3478 852 καὶτοὺς
3508 810 3657 844 νεοσ-

233 880 376 936 tinis
408 879 598 952 magis
626 878 1009 945 insultabant,
1035 884 1091 933 et
1113 882 1503 938 mendicitatis
1521 899 1589 937 ac
1607 880 1891 939 nuditatis

2022 901 2128 944 ros;
2178 886 2285 936 τῶν
2352 884 2600 956 κοράκων
2648 882 2778 945 τοὺς
2827 879 3292 954 ἐπικαλουμένους
3345 878 3507 934 αὐτὸν
3543 876 3657 934 δει-

238 972 536 1027 miseriam
564 970 957 1042 aequalitatem
1006 981 1263 1031 amenter
1306 973 1711 1039 nominabant,
1751 972 1889 1027 vici-

238 1078 449 1117 norum
482 1060 655 1117 malis
688 1061 872 1117 nihilo
904 1063 1039 1119 facti
1071 1065 1491 1134 prudentiores.
1511 1062 1680 1119 Multi
1713 1063 1892 1118 etiam

238 1150 763 1221 hominesginjurii
823 1153 999 1208 Deum
1054 1153 1373 1209 laudabant
1430 1151 1676 1220 scilicet,
1735 1152 1891 1222 quod

241 1241 411 1297 ditati
442 1249 637 1296 essent
670 1241 1042 1312 p0pularium
1078 1244 1346 1313 pretiosis
1386 1242 1767 1299 facultatibus
1797 1240 1898 1298 vili

240 1331 429 1401 pretio
459 1329 798 1401 redemptis.
824 1331 1085 1389 Necdum
1116 1334 1273 1388 enim
1306 1333 1630 1390 taurivoros
1660 1332 1897 1388 Latinos

242 1418 300 1471 in
334 1417 488 1473 aedes
514 1435 653 1474 suas
672 1427 1031 1491 receperant,
1066 1438 1255 1494 neque
1288 1427 1521 1488 norant,
1562 1427 1627 1477 ut
1668 1438 1894 1478 merum

242 1505 442 1573 simul,
476 1508 975 1578 quemadmodum
1008 1515 1066 1566 et
1101 1511 1298 1580 bilem,
1339 1511 1676 1583 importune
1710 1511 1896 1567 eﬂ'un-

240 1596 466 1738 ltierent,
525 1600 582 1652 et
641 1597 935 1654 Romanos
992 1601 1247 1672 superbe
1291 1606 1350 1657 et
1379 1600 1760 1672 contemptim
1796 1599 1896 1656 ba-

283 1692 467 1738 erant.

283 1692 467 1740 erant.

2001 969 2284 1039 πνίζοντος
2312 970 2365 1032 ές
2396 971 2459 1026 τὸ
2490 968 2742 1048 ἄφθονον,
2771 963 2849 1027 ἔτι
2885 992 2947 1047 γε
2989 978 3096 1043 μὴν
3134 969 3203 1026 τὰ
3244 970 3387 1043 μήτε
3422 972 3658 1036 νήθοντα

2006 1061 2147 1132 μήτε
2211 1059 2500 1135 σπείροντα
2563 1060 2716 1137 κρίνα
2768 1064 2865 1117 τοῦ
2912 1062 3080 1137 ἀγροῦ
3136 1058 3448 1138 φιλοτίμως
3507 1056 3658 1113 ἐνδύ-

2004 1170 2179 1212 οντος.
2246 1151 2310 1205 Οἱ
2378 1148 2427 1205 δ’
2484 1151 2738 1226 ἀγροῖκοι
2801 1152 2890 1206 καὶ
2960 1149 3209 1226 ἀγελαῖοι
3261 1149 3657 1224 έπεκερτόμουν

2009 1237 2225 1313 μᾶλλον
2270 1244 2390 1302 τοῖς
2438 1239 2498 1296 ἐκ
2546 1239 2842 1310 Βυζαντίου
2889 1241 3046 1312 ἡμῖν,
3078 1239 3168 1295 καὶ
3199 1241 3300 1309 τὴν
3329 1238 3383 1294 έν
3412 1238 3655 1313 πτωχείᾳ

2005 1329 2095 1384 καὶ
2189 1330 2497 1404 γυμνότητι
2586 1329 2890 1405 κακουχίαν
2967 1327 3337 1385 ἰσοπολιτείαν
3414 1329 3655 1405 ἀφρόνως

2006 1419 2319 1494 ὠνόμαζον,
2368 1419 2430 1475 ού
2467 1425 2586 1482 τοῖς
2639 1424 2747 1474 τῶν
2796 1418 2968 1481 πέλας
3016 1425 3205 1481 κακοῖς
3244 1417 3661 1490 παιδεύόμενοι.

2009 1507 2221 1563 Πολλοὶ
2252 1507 2310 1563 δὶ
2336 1509 2424 1563 καὶ
2459 1507 2687 1580 ἀνομίαν
2735 1503 3240 1579 ὑπολαμϐάνοντες,
3273 1530 3302 1558 ‹‹
3338 1505 3659 1579 Εὐλογητὸς

2007 1597 2231 1672 Κύριος,
2264 1596 2348 1652 ὅτι
2370 1594 2849 1668 πεπλουτήκαμεν,
2881 1617 2911 1646 ››
2955 1592 3166 1669 ἔλεγον,
3199 1594 3390 1668 ὀλίγου
3420 1592 3516 1652 τὰς
3543 1596 3653 1644 τῶν

2010 1683 2369 1760 συμφυλετῶν
2417 1683 2606 1744 οὐσίας
2651 1680 3053 1755 ἀποδιδομένας
3078 1681 3402 1754 ὠνούμενοι.
3437 1680 3513 1737 Οὐ
3548 1682 3655 1752 γὰρ

241 1772 329 1827 πὼ
364 1771 650 1846 βουθοίνας
680 1773 1034 1848 εἶσῳκίσαντο
1069 1774 1379 1846 Λατίνουςκ
1403 1775 1493 1832 καὶ
1525 1774 1738 1832 εἲδοσαν
1787 1776 1937 1837 ὅπως
1990 1774 2086 1848 μὲν
2132 1774 2225 1829 τὸν
2281 1771 2512 1849 ἄκρατον
2545 1773 2686 1828 οἶνον
2720 1774 2860 1845 ὁμοῦ
2889 1772 2982 1826 καὶ
3014 1771 3317 1846 ζωρότερον
3348 1767 3532 1842 ὥσπερ
3563 1767 3660 1822 καὶ

241 1861 333 1915 τὸν
364 1861 538 1938 χόλον
566 1863 861 1939 ἀκέραστον
894 1864 1137 1941 χέουσιν,
1180 1865 1329 1928 ὅπως
1357 1865 1414 1921 δὲ
1442 1865 1733 1939 Ῥωμαίοις
1762 1863 1816 1921 έν
1849 1863 2193 1940 ὑπερηφανίᾳ
2221 1861 2313 1918 καὶ
2341 1859 2690 1933 έξουδενώσει
2726 1859 3152 1937 προσφέρονται.

316 1963 396 2012 Ac
430 1960 628 2012 noster
657 1963 865 2024 status,
898 1975 1223 2029 eorumque
1253 1959 1354 2030 qui
1384 1960 1649 2029 ejusdem
1691 1958 1896 2014 condi-
1928 1959 1978 2026 Β

252 2046 433 2102 tionis
461 2053 515 2101 et
546 2046 757 2102 litteris
810 2048 1022 2102 eruditi
1084 2053 1271 2118 erant,
1331 2049 1466 2104 talis
1509 2049 1635 2104 fuit.
1681 2047 1906 2119 Impro-

254 2135 367 2192 bus
400 2139 594 2192 autem
630 2139 769 2207 grex
799 2143 855 2192 et
883 2136 1347 2193 circumforanea
1379 2138 1542 2193 turba
1587 2136 1912 2192 ditescebat

255 2225 638 2296 profanandis
671 2226 862 2281 denuo
889 2228 1094 2292 sacris,
1127 2242 1254 2296 qua
1314 2226 1498 2282 Latini
1558 2225 1908 2291 vendebant,

255 2315 450 2386 iisque
475 2317 509 2370 7
526 2314 625 2370 86
650 2323 929 2385 tanquam
951 2316 1250 2370 communi
1272 2331 1462 2371 merce
1475 2314 1906 2385 cauponandis,

255 2405 425 2475 quasi
456 2421 587 2460 vero
619 2404 847 2476 direpta
900 2419 930 2459 e
986 2403 1222 2476 templis
1270 2405 1371 2461 Dei
1411 2420 1537 2461 esse
1569 2405 1902 2461 desiissent.

254 2494 468 2551 Hostes
491 2511 663 2567 porro
690 2495 847 2550 luxui
879 2498 938 2551 et
966 2493 1193 2550 deliciis
1224 2495 1531 2565 vacabant,
1556 2494 1630 2551 iis
1660 2511 1906 2567 praeser-

254 2585 363 2639 tim
397 2600 525 2655 qua:
575 2583 646 2640 ad
701 2582 1098 2641 Romanorum
1156 2584 1416 2641 derisum
1470 2588 1529 2641 et
1584 2582 1908 2642 ludibrium

257 2673 636 2745 pertinerent.
669 2671 813 2728 Nam
846 2674 1110 2730 vestibus
1137 2674 1239 2730 lati
1275 2673 1419 2732 clavi
1453 2691 1569 2730 non
1604 2674 1911 2730 necessita-

257 2764 466 2833 tisjsed
501 2765 658 2821 risus
685 2763 868 2833 gratia
918 2764 1109 2820 induti
1163 2782 1264 2837 per
1319 2763 1477 2821 vicos
1539 2764 1907 2832 incedebant,

256 2852 444 2909 lineas
475 2853 678 2911 mitras
707 2869 995 2924 equorum
1027 2856 1345 2911 verticibus
1406 2854 1821 2926 iniponebant;
1853 2858 1913 2909 et

258 2960 387 3015 quas
422 2943 478 2999 in
509 2942 775 2999 humeris
807 2942 1159 3012 dependent,
1194 2942 1358 2998 albas
1391 2944 1602 2999 fascias
1662 2941 1914 2999 maxillis

259 3033 583 3088 bestiarum
617 3031 962 3103 alligabunt,
993 3036 1170 3102 atque
1200 3031 1280 3085 ita
1312 3032 1533 3101 passim
1568 3032 1772 3086 urbem
1792 3047 1917 3101 per-

261 3121 629 3193 equitabant.
658 3119 773 3176 Alii
805 3119 1064 3175 calamos
1101 3119 1466 3189 scriptorios,
1498 3119 1920 3174 atramentaria

260 3218 317 3266 et
347 3209 576 3267 libellos
607 3208 932 3280 gestabant,
965 3224 1079 3278 qua
1111 3221 1171 3261 re
1198 3223 1304 3261 nos
1337 3211 1403 3261 ut
1462 3207 1686 3262 scribas
1739 3206 1920 3276 sugil-

2080 1954 2183 2012 Καὶ
2213 1954 2437 2010 τοιαῦτα
2488 1954 2585 2027 μὲν
2629 1952 2696 2007 τὰ
2740 1952 2982 2028 ἡμέτερα
3023 1950 3114 2006 καὶ
3160 1954 3269 2006 τῶν
3327 1946 3379 2004 οἵ
3422 1969 3671 2003 συνεκοι-

2010 2045 2218 2100 νώνουν
2296 2044 2589 2119 σχήματος
2662 2043 2755 2098 καὶ
2827 2045 2936 2097 τῶν
3012 2038 3258 2116 λογικῶν
3335 2038 3386 2094 ἐν
3465 2039 3669 2111 μεθέξει

2011 2131 2367 2191 παιδεύσεων.
2408 2134 2475 2191 Οἱ
2535 2130 2584 2188 δ’
2650 2131 2711 2188 έκ
2773 2138 2876 2201 τῆς
2941 2129 3159 2206 φαύλης
3219 2128 3529 2202 συμμορίας
3578 2128 3669 2182 καὶ

2013 2223 2268 2298 ἀγοραῖοι
2334 2222 2793 2298 ἐχρηματίζοντο,
2860 2221 2952 2276 καὶ
3017 2219 3184 2276 πάλιν
3226 2219 3294 2274 τὰ
3352 2220 3468 2273 θεῖα
3510 2212 3678 2292 βεϐη-

2014 2312 2238 2377 λοῦντες
2306 2313 2410 2368 ὑπὸ
2466 2313 2711 2368 Λατίνων
2765 2307 3140 2382 ἀποδιδόμενα
3201 2308 3290 2365 καὶ
3355 2308 3430 2369 ὡς
3481 2306 3671 2361 κοινὸν

2017 2401 2275 2478 ἀργύριον
2322 2399 2779 2474 ἐμπορευόμενοι,
2829 2399 2904 2461 ὡς
2963 2395 3115 2473 εἷ’περ
3170 2402 3277 2452 τῶν
3341 2399 3484 2451 ναῶν
3537 2395 3676 2473 ἀφῃ-

2014 2494 2227 2565 ρημένα
2291 2491 2383 2546 καὶ
2441 2490 2505 2545 τὸ
2558 2489 2691 2545 εἶναι
2738 2492 2873 2544 Θεοῦ
2923 2485 3290 2543 ἀπεϐάλοντο.
3344 2486 3423 2543 Τὸ
3493 2483 3550 2540 δέ
3613 2505 3677 2559 γε

2013 2579 2308 2636 ἀντίπαλον
2354 2579 2408 2635 έν
2457 2578 2762 2653 ἀσελγείαις
2808 2577 2879 2647 ἦν
2917 2578 3006 2632 καὶ
3055 2581 3309 2653 τρυφαῖς,
3340 2574 3672 2631 καὶτούτων

2014 2676 2135 2733 ταῖς
2184 2668 2441 2743 ἀσέμνοις
2494 2668 2758 2742 μάλιστα,
2805 2667 2897 2723 καὶ
2945 2671 3053 2723 τῶν
3103 2668 3427 2739 Ῥωμαϊκῶν
3470 2663 3522 2719 έν
3556 2685 3674 2718 γωο

2024 2757 2206 2833 μῳὸίᾳ
2243 2759 2403 2824 ἐθῶν,
2466 2761 2591 2817 Τῶν
2651 2757 2757 2834 γὰρ
2817 2754 3054 2829 ἱματίων
3113 2755 3179 2809 τά
3216 2754 3554 2827 πΛατύσημα
3598 2755 3675 2826 μὴ

2018 2849 2156 2904 κατά
2194 2847 2410 2923 χρείαν,
2469 2852 2608 2924 πρὸς
2682 2843 2741 2902 δὲ
2811 2844 2988 2921 γέλων
3059 2839 3529 2918 περιϐαλλόμενοι
3579 2844 3680 2905 τὰς

2019 2938 2207 3013 ἀγυιὰς
2272 2938 2587 3013 περιῄεσαν,
2655 2937 2747 2991 καὶ
2811 2937 2910 2998 τὰς
2974 2935 3354 2999 ὀθονοσγεπεῖς
3419 2954 3685 3009 περικρα-

2019 3028 2169 3088 νίους
2203 3024 2521 3100 καλύπτρας
2558 3030 2678 3087 ταῖς
2714 3029 2981 3100 κορυφαῖς
3017 3028 3125 3079 τῶν
3180 3024 3487 3098 ὀχημάτων
3527 3045 3683 3093 περιο

2020 3116 2254 3175 τιθέντες
2313 3114 2405 3169 καὶ
2469 3115 2536 3168 τὰ
2599 3112 2735 3168 κατά
2796 3111 2973 3167 νώτου
3052 3113 3329 3187 κεχυμένα
3390 3110 3685 3168 λευκόλινα

2020 3207 2141 3263 ταῖς
2183 3202 2425 3264 ἱππείαις
2488 3202 2704 3276 γένυσιν
2772 3201 2953 3256 αὐτῶν
3020 3200 3361 3277 περιδέοντες
3409 3201 3557 3277 ἄλλῃ
3592 3202 3684 3257 καὶ

259 3298 480 3355 labant.
515 3297 768 3352 Maxima
797 3311 932 3349 vero
964 3312 1099 3366 pars
1129 3293 1410 3350 mulieres
1443 3311 1478 3349 a
1507 3309 1569 3353 se
1615 3299 1909 3365 stupratas

2023 3288 2168 3364 ἄλλῃ
2205 3296 2305 3360 τῆς
2336 3288 2552 3352 πόλεως
2597 3288 2975 3360 έξιππάζοντο.
3026 3291 3094 3349 Ol.
3145 3289 3203 3346 δέ
3253 3291 3494 3369 γραφέας
3524 3289 3685 3346 δόναο

256 3384 451 3455 longis
482 3382 669 3456 peplis
699 3383 939 3437 indutas
969 3388 1029 3438 et
1075 3380 1301 3452 capillis
1352 3382 1412 3436 in
1466 3397 1651 3437 unum
1688 3382 1909 3438 nodum

260 3473 430 3529 tortis
459 3479 518 3529 et
547 3473 607 3528 in
637 3474 871 3543 tergum
899 3470 1132 3540 rejectis
1156 3470 1217 3526 in
1240 3471 1412 3544 equis
1440 3470 1746 3528 vehebant.
1780 3471 1910 3527 Mu-

259 3562 546 3619 liebribus
601 3578 735 3617 vero
788 3559 1039 3632 pileolis,
1071 3569 1127 3617 et
1185 3560 1649 3633 dependentibus
1700 3570 1912 3618 atem-

263 3653 503 3725 poribus
529 3650 741 3723 crispis
771 3656 828 3707 et
856 3649 1007 3707 albis
1037 3651 1318 3720 crinibus,
1355 3666 1536 3723 equos
1569 3668 1708 3708 suos
1739 3668 1915 3708 orna-

262 3745 421 3813 bant,
455 3758 520 3798 ac
576 3745 729 3798 totos
787 3740 914 3797 dies
965 3740 1450 3797 comessabantur
1500 3745 1559 3797 et
1613 3742 1915 3813 potabant,

264 3834 363 3891 alii
394 3832 656 3905 cupediis
687 3836 743 3887 et
780 3830 1031 3888 lautitiis
1089 3831 1321 3900 intenti,
1382 3829 1481 3886 alii
1539 3831 1730 3903 patrio
1787 3831 1917 3888 cibo

261 3929 589 3992 vescentes,
621 3937 751 3993 quas
770 3926 936 3976 erant
952 3925 1116 3993 terga
1139 3919 1497 3976 bubularum
1535 3921 1800 3976 carnium
1835 3919 1917 3976 le-

264 4014 499 4069 betibus
521 4011 804 4079 immissa,
828 4015 884 4067 et
905 4011 1172 4066 succidias
1195 4026 1329 4065 cum
1354 4010 1591 4065 fabacea
1615 4010 1801 4065 farina
1823 4009 1920 4065 eli-

262 4119 370 4167 xce,
402 4110 464 4157 ut
496 4106 553 4156 et
586 4100 729 4156 781
783 4099 1065 4155 intinctus
1122 4115 1188 4155 ex
1216 4098 1370 4154 alliis
1401 4099 1669 4171 etliquor
1690 4115 1759 4154 ex
1786 4098 1920 4154 aliis

266 4191 503 4249 acribus
540 4190 888 4246 humoribus
935 4189 1259 4246 confectus.
1318 4188 1456 4244 Post
1504 4188 1919 4245 manubiarum

266 4281 641 4354 partitionem
673 4296 841 4335 sacra
873 4279 1115 4335 minime
1145 4295 1180 4335 a
1211 4279 1450 4351 profano
1472 4279 1919 4352 distingueban-

268 4370 489 4436 tur,sed
519 4387 588 4424 ex
620 4385 784 4438 aequo
815 4368 1075 4439 corporis
1133 4369 1340 4424 usibus
1381 4372 1627 4438 utraque
1677 4368 1920 4423 adhibe-

268 4458 501 4525 bantur,
537 4457 664 4512 sine
695 4456 813 4511 ullo
870 4456 1145 4512 Numinis
1202 4462 1260 4513 et
1290 4456 1591 4529 religionis
1626 4462 1917 4530 respectu,

2020 3400 2115 3442 κας
2188 3379 2279 3435 καὶ
2342 3377 2537 3455 δοχεῖα
2587 3376 2821 3453 μέλανος
2869 3380 3123 3457 φέροντες
3149 3381 3345 3455 τόμοις
3375 3382 3474 3449 τὴν
3515 3387 3682 3456 χεῖρα

2021 3466 2290 3539 ἔδίδοσαν,
2343 3470 2419 3534 ὡς
2460 3469 2816 3546 γραμματέας
2864 3473 3015 3544 ἡμᾶς
3068 3472 3420 3540 τωθάζοντες.
3480 3472 3550 3530 Οἱ
3619 3469 3676 3526 δὲ

2023 3560 2249 3625 πλείους
2280 3563 2376 3625 τὰς
2421 3564 2515 3635 μὶν
2566 3563 2670 3618 ὑπὸ
2718 3567 2868 3640 αφῶν
2918 3563 3226 3639 βιασθείσας
3276 3563 3365 3619 ἐπὶ
3417 3569 3527 3619 τῶν
3577 3562 3675 3617 ’ἶπ-

2025 3671 2142 3706 πων
2192 3652 2431 3727 ἀνεῖχον,
2481 3650 2860 3714 τανυπέπλους
2909 3651 3062 3716 τινὰς
3124 3653 3215 3707 καὶ
3280 3652 3681 3723 ἀπηνηκώτους

2028 3745 2140 3818 (62)
2168 3742 2259 3799 καὶ
2288 3743 2384 3805 τὰς
2422 3741 2618 3819 τρίχας
2666 3741 3140 3817 συνεστραμμένας
3183 3742 3260 3806 εἷς
3303 3743 3550 3808 ὀπίσθιον
3591 3741 3685 3798 ἕνα

2025 3833 2312 3908 πλοχμὸν,
2375 3832 2439 3887 τὰ
2496 3829 2555 3887 δὲ
2608 3838 2888 3907 γυναικεῖα
2942 3832 3220 3906 τυμπάνια
3277 3834 3363 3888 καὶ
3445 3834 3515 3888 τὰ
3578 3838 3686 3888 τῶν

2029 3919 2209 3977 οὔλων
2270 3921 2360 3976 καὶ
2419 3919 2628 3976 λευκῶι
2704 3925 2917 3996 τριχῶν
2986 3922 3350 3997 ἐπικροτάφιά
3407 3922 3688 3994 καθέματα

2028 4016 2146 4075 τοῖς
2200 4010 2393 4073 ἳπποις
2450 4009 2843 4085 περιετίθεσαν.
2905 4010 3223 4083 Ἐκώμαζόν
3279 4032 3341 4067 τε
3392 4012 3690 4086 καί-ἠκρα-

2026 4099 2238 4170 τίζοντο
2276 4097 2639 4175 πανημέριοι,
2696 4099 2751 4155 οἱ
2809 4099 2904 4173 μὲν
2964 4099 3273 4175 βρωμάτων
3335 4099 3688 4177 μαγγανείαις

2028 4190 2438 4265 προσκείμενοι,
2479 4190 2531 4245 οἱ
2583 4187 2640 4244 δὲ
2684 4188 2775 4244 καὶ
2822 4191 2924 4259 τήν
2976 4189 3207 4263 πάτριαν
3257 4187 3468 4261 ἐδωδὴν
3514 4210 3685 4262 παρα-

2027 4282 2301 4353 τιθέμενοι
2335 4275 2685 4349 ἓπιδείπνιον,
2744 4277 2868 4347 ἣτις
2929 4279 2997 4349 ἦν
3052 4283 3218 4333 νῶτοι
3281 4278 3473 4353 βοείων
3514 4283 3687 4353 κρεῶν

2030 4366 2446 4445 διαχαλώμενοι
2509 4362 2708 4438 λέϐησι
2757 4367 2847 4423 καὶ
2918 4370 3060 4422 συῶν
3116 4369 3338 4446 τεμάχη
3407 4369 3689 4443 ταριχηρὰ

2027 4460 2261 4531 κυάμοις
2336 4458 2568 4528 ἀλητοῖς
2644 4457 3003 4531 συνεψόμενα,
3079 4454 3263 4529 ὥσπερ
3338 4458 3429 4513 καὶ
3507 4459 3568 4513 τὸ
3629 4457 3691 4513 ἐκ

271 4548 417 4604 adeo
450 4551 515 4601 ut
543 4545 756 4602 Christi
805 4549 863 4600 et
918 4550 1255 4600 sanctorum
1305 4545 1518 4602 divinis
1559 4546 1912 4620 imaginibus

2032 4543 2311 4617 σκορόδων
2342 4540 2684 4620 έπέμϐαμμά
2712 4566 2772 4601 τε
2799 4545 2889 4601 καὶ
2922 4545 3157 4618 σύνθεμα
3188 4545 3239 4617 ἐξ
3269 4544 3460 4601 ἄλλων
3489 4552 3691 4622 χυμῶν

270 4653 373 4709 pro
403 4634 566 4692 sellis
596 4638 653 4690 et
684 4632 959 4690 scabellie
991 4637 1313 4689 uterentur.

2029 4632 2438 4710 δριμυσσόντων
2484 4637 2584 4705 τὴν
2632 4633 2906 4706 αἴσθησιν.
2963 4634 3117 4692 Ἐπεὶ
3166 4633 3225 4689 δὲ
3274 4635 3366 4691 καὶ
3413 4636 3480 4691 τὰ
3521 4638 3695 4691 σκῦλα

271 4724 630 4799 διενείμαντο,
664 4720 763 4778 οὐκ
808 4722 874 4791 ἦν
925 4742 1008 4784 τις
1059 4721 1186 4794 παρ’
1237 4720 1465 4785 ἐκείνοις
1520 4720 1783 4794 διαστολή
1839 4722 2086 4780 ἐπίπλων
2141 4725 2233 4780 καὶ
2287 4728 2490 4780 σκευῶν
2546 4720 2801 4800 βεϐήλων
2840 4745 2900 4781 τε
2926 4724 3017 4781 καὶ
3054 4724 3250 4799 ἁγίων,
3290 4722 3421 4781 ἀλλ’
3453 4725 3537 4781 ἐπ’
3570 4727 3691 4796 ἴσης

270 4818 466 4874 ’ἅπασιν
495 4813 572 4878 εἷς
603 4814 698 4877 τὰς
730 4812 1046 4887 σωματικὰς
1085 4808 1275 4886 ’χρείας
1308 4808 1632 4887 ἐκέχρηντο,
1663 4816 1798 4868 Θεοῦ
1826 4813 1917 4868 καὶ
1944 4810 2169 4886 θέμιδος
2200 4816 2336 4870 κατά
2369 4811 2537 4888 μηδὲν
2570 4809 2965 4888 έμπαζόμενοι.
3000 4814 3083 4873 Τὰ
3113 4811 3172 4869 δὲ
3201 4818 3296 4870 τοῦ
3331 4816 3569 4890 Χριστοῦ
3599 4814 3688 4868 καὶ

267 4914 377 4964 τῶν
410 4909 577 4982 ἁγίων
608 4909 693 4981 [Ρ.
728 4908 855 4979 383]
888 4909 1001 4969 θεῖα
1033 4902 1334 4976 εἰκάσματα
1366 4901 1443 4966 εἰς
1473 4898 1634 4978 ἕδρας
1671 4903 1760 4958 καὶ
1792 4901 1974 4960 ποδῶν
2007 4903 2258 4980 θρανίδας
2294 4911 2568 4981 παρῆγον.

341 4999 720 5071 6.Postquam
742 4996 1072 5069 provincias
1093 4999 1150 5052 et
1172 4995 1348 5052 urbes
1378 4995 1578 5051 sortiri
1598 4999 1922 5067 cmperunt,

272 5087 627 5153 vecordiam,
659 5102 732 5141 ne
763 5086 1058 5142 insaniam
1091 5085 1304 5155 dicam,
1332 5085 1594 5141 virorum
1653 5084 1928 5155 superbia

275 5175 629 5233 tumentium
662 5173 1182 5246 incomparabilem
1214 5191 1331 5231 non
1381 5175 1508 5231 sine
1558 5190 1794 5231 summa
1825 5177 1927 5230 ad-

276 5265 587 5322 miratione
612 5279 898 5320 cerneres.
930 5266 1106 5329 Quasi
1137 5263 1294 5320 enim
1345 5265 1472 5336 jam
1525 5280 1693 5336 reges
1723 5281 1925 5335 regum

276 5352 464 5411 eﬂ‘ecti
495 5358 551 5411 et
580 5352 782 5409 orbem
812 5354 1100 5408 terrarum
1133 5353 1257 5409 suis
1289 5353 1562 5410 manibus
1619 5355 1927 5427 complexi,

278 5444 336 5500 in
356 5444 650 5501 Romanas
691 5440 1016 5513 provincias
1074 5442 1464 5514 descriptores
1520 5443 1830 5513 miserunt,
1864 5449 1930 5502 ut

2107 4995 2171 5058 ς’.
2203 4995 2294 5056 Ὠς
2325 4991 2384 5049 δὲ
2413 4993 2503 5049 καὶ
2528 4993 2776 5070 κλήρους
2823 4992 3175 5050 πόλεων”καὶ
3216 5000 3421 5070 χωρῶν
3452 4991 3675 5067 ἤρξαντο

2040 5082 2291 5153 βάλλειν,
2326 5084 2392 5154 ἦν
2427 5080 2630 5139 ἰδέσθαι
2679 5085 2770 5139 καὶ
2820 5083 3001 5148 θέσθαι
3053 5085 3136 5139 ὅτι
3189 5081 3281 5139 διὰ
3307 5082 3554 5139 πλείστου
3581 5083 3677 5133 τοῦ

2037 5174 2315 5245 θαύματος
2344 5169 2551 5248 ἀνδρῶν
2588 5178 2921 5253 τυφομανῶν
2957 5174 3034 5246 μὴ
3063 5169 3380 5246 ξυμϐλητήν
3412 5169 3685 5241 ἀπόνοιαν,

2037 5258 2136 5317 εἴτ’
2169 5259 2261 5316 οὖν
2306 5262 2603 5337 παράνοιαν
2665 5262 2836 5318 εἰπεῖν
2895 5261 3245 5339 οἰκειότερον.
3277 5267 3363 5324 Ὠς
3396 5259 3499 5340 γὰρ
3534 5260 3697 5335 βασι-

2037 5349 2179 5406 λέων
2205 5348 2314 5422 ἤδη
2352 5349 2600 5427 βασιλεῖς
2631 5353 2965 5415 καθεστῶτες
3011 5351 3102 5407 καὶ
3150 5352 3212 5407 τὸ
3242 5353 3524 5430 περὶγειον
3556 5351 3700 5406 ἅπαν

2035 5441 2086 5499 έν
2120 5440 2306 5519 χερσίν
2335 5441 2576 5523 ἔχοντες,
2623 5448 2742 5507 τοῖς
2799 5445 2894 5519 μὶν
2943 5444 3279 5520 Ῥωμαϊκοῖς
3309 5444 3702 5521 σχοινία-μασιν

1675 5573 1846 5636 Hier.
1879 5571 2090 5635 Wolﬁi
2124 5578 2318 5635 notis.

351 5708 461 5781 (62)
492 5701 940 5774 ’Δπηνηκώτους.
971 5701 1486 5773 Ἀπηνηνηκώτους.
1521 5708 1845 5780 Utrumque
1875 5723 1912 5782 p

2022 5723 2182 5767 eram
2207 5723 2337 5766 esse
2369 5706 2645 5780 arbitror,
2677 5709 2954 5767 neutrum
2983 5710 3143 5768 certe
3173 5707 3464 5784 intelligo.
