4074 6408
327 390 439 452 98!

1789 380 1991 444 URBS
2038 378 2317 443 GAPTA.

3647 379 3766 439 982

331 524 666 600 ἀπογραφεῖς
724 516 1042 587 ἐπέστησαν,
1100 516 1317 588 γνῶναι
1376 515 1643 589 πρότερον
1706 512 1804 576 τὰς
1871 513 1989 570 ἐπε-

2116 515 2326 573 annuis
2355 515 2640 572 reditibus
2661 514 2720 571 in
2753 514 2960 586 primis
2983 512 3482 587 cogaitis,deinde
3502 528 3602 569 eas
3635 529 3761 570 sor-

334 611 508 672 τείους
566 599 856 687 ἀποφορὰς
905 604 1176 673 θέλοντες,
1236 603 1331 659 εἶθ’
1400 600 1546 657 οὕτω
1603 603 1739 687 κατὰ
1783 599 1995 666 πάλους

339 701 474 756 αύτὰ
532 686 877 774 μερίσασθαι,
932 694 1028 756 τὰς
1108 691 1167 749 δὲ
1231 693 1358 768 παρ’
1415 690 1612 755 ἄλλοις
1676 686 1843 749 ἔθνεσι
1904 694 1995 748 καὶ

347 789 630 867 βασιλεῦσι
676 786 1054 861 καρπουμένας
1110 783 1289 859 ἀρχὰς
1346 783 1436 838 καὶ
1489 780 1733 853 ἐξουσίας
1790 781 1852 837 ἐκ
1900 785 1998 838 τοῦ

344 879 537 935 αὐτίκα
594 875 886 933 διείλοντο.
944 876 1017 931 ’Ἠ
1073 894 1131 930 τε
1188 873 1282 927 οὗν
1332 870 1386 926 ἐν
1443 870 1668 927 πόλεσιν
1723 868 1997 944 εὐδαίμων

341 970 434 1025 καὶ
491 968 628 1043 πρὸς
683 966 763 1037 τῷ
821 963 1010 1037 Νειλῳ
1077 957 1304 1036 κειμένη
1368 958 1752 1037 Ἀλεξάνδρεια
1804 964 1885 1033 τῷ
1942 981 2000 1016 τε

341 1058 534 1130 κλήρῳ
566 1056 813 1112 ὑπέκειτο
864 1053 955 1109 καὶ
1012 1047 1213 1122 Λιϐύη,
1245 1050 1336 1107 καὶ
1390 1046 1599 1122 Λιϐύης
1629 1051 1697 1106 τὰ
1727 1051 1780 1113 ἐς
1804 1051 2000 1124 Νομά-

341 1144 435 1208 δας
484 1146 577 1204 καὶ
622 1143 854 1220 Γάδειρα
899 1142 1315 1217 παρατείνοντα,
1366 1141 1575 1215 Πάρθοι
1629 1161 1691 1196 τε
1745 1138 1837 1195 καὶ
1863 1139 2003 1220 Πέρτ

341 1260 454 1311 σαι,
509 1237 599 1293 ἐπὶ
657 1235 716 1291 δὶ
772 1211 991 1307 Ἴϐηρες
1048 1230 1177 1303 ἔῷοι
1259 1211 1350 1287 καὶ
1436 1211 1698 1305 ’λσσυρία
1771 1237 1843 1305 γῆ
1909 1211 2001 1285 κειὶ

335 1335 606 1412 Ὑρκανοὶ,
662 1332 754 1388 καὶ
813 1331 912 1386 ὅσα
978 1331 1031 1385 οἱ
1088 1329 1223 1403 πρὸς
1297 1324 1371 1407 tlte
1431 1329 1678 1403 μέγιστοι
1758 1327 2001 1402 ποταμοὶ

337 1429 455 1487 τοῖς
486 1421 641 1478 ὕδασι
675 1418 1049 1498 διειλήφασιν.
1107 1415 1270 1474 Ἀλλ’
1325 1414 1451 1472 οὐδὲ
1505 1417 1573 1472 τὰ
1628 1418 1765 1492 πρὸς
1800 1416 2002 1493 βορῥᾶν

344 1514 629 1570 νενευκότα
685 1509 931 1582 κλίματα
988 1507 1141 1577 εἱάθη
1203 1506 1520 1581 ἀκλήρωτα,
1582 1505 1730 1563 ἀλλὰ
1780 1508 2002 1562 κάκεῖνα

346 1604 398 1660 e't
429 1601 584 1658 αὐτοὶ
618 1598 982 1672 διενείμαντο.
1022 1597 1129 1653 Καὶ
1182 1597 1211 1650 ὁ
1263 1596 1358 1669 μὶν
1400 1597 1474 1659 ὡς
1507 1596 1883 1675 ἱπποιρόφους
1910 1596 2002 1650 καὶ

345 1693 538 1773 φόροις
586 1685 927 1765 περιϐριθεῖς
976 1688 1037 1750 ἅς
1091 1683 1455 1762 ἐκληρώσατο
1506 1684 1697 1747 πόλεις
1746 1682 1816 1740 δι’
1846 1683 2005 1741 ἐπαί-

344 1803 441 1840 νου
496 1780 699 1837 ἐτίθετο
755 1777 847 1834 καὶ
901 1780 1001 1833 ταῦ
1048 1774 1264 1851 κλήρου
1321 1776 1510 1831 ἑαυτὸν
1567 1774 1915 1851 ἐμακάριζεν,
1974 1776 2002 1830 ὁ

2106 605 2211 662 tito
2242 605 2682 661 distribuerant.
2715 605 2975 660 Aliarum
3006 620 3140 662 vero
3179 603 3483 659 nationum
3542 602 3758 674 princi-

2108 702 2279 769 patus
2309 702 2366 751 et
2394 713 2575 769 regna
2606 702 2802 752 statim
2841 696 3185 750 diviserunt.
3236 698 3352 750 Sub
3396 700 3611 749 sortem
3662 712 3757 749 cev

2108 785 2252 842 cidit
2278 787 2449 842 beata
2484 786 2620 841 urbs
2652 786 2780 842 Nilo
2812 786 3085 854 adiacens
3139 784 3498 849 Alexandria,
3552 784 3755 854 Libya.

2108 890 2178 931 ea
2207 891 2335 947 quas
2368 891 2402 931 a
2433 875 2613 947 Libya
2636 891 2824 945 usque
2851 875 2923 928 ad
2956 873 3289 928 Numidiam
3318 880 3376 928 et
3406 873 3593 929 Gades
3627 889 3755 943 per-

2108 964 2318 1031 tinent,
2349 964 2492 1019 item
2553 963 2745 1019 Parthi
2809 969 2865 1018 et
2923 964 3134 1030 Persas,
3197 962 3511 1018 orientales
3543 962 3759 1028 Iberes,

2109 1054 2369 1125 Assyria,
2408 1053 2713 1126 Hyrcania,
2742 1056 2799 1107 et
2844 1069 2976 1124 quas
3027 1050 3101 1106 ad
3150 1050 3442 1106 Orientem
3487 1051 3762 1108 maximis

2114 1143 2264 1200 788
2294 1143 2644 1199 ﬂuminibus
2665 1142 3175 1198 disterminautur.
3207 1144 3285 1195 Ac
3316 1157 3385 1194 ne
3407 1142 3760 1212 septentrio-

2113 1232 2277 1289 nales
2332 1233 2573 1299 quidem
2631 1233 2898 1304 regiones
2956 1236 3096 1287 sunt
3155 1229 3476 1301 praateritas,
3527 1230 3627 1285 sed
3682 1246 3759 1286 eae

2111 1342 2342 1397 quoque
2381 1326 2584 1382 sortito
2644 1324 2994 1381 distributae.
3052 1322 3220 1379 Alius
3270 1338 3409 1378 suas
3464 1324 3639 1377 urbes
3699 1327 3763 1379 ut

2112 1431 2393 1487 magnum
2414 1414 2657 1488 vectigal
2678 1414 2998 1486 pendentes
3019 1417 3075 1469 et
3098 1412 3268 1483 equis
3309 1412 3536 1467 alendis
3597 1417 3764 1481 aptas

2110 1503 2410 1571 laudabat,
2444 1508 2501 1561 et
2532 1508 2748 1561 sortem
2778 1519 2948 1560 suam
2983 1501 3291 1558 extollebat
3315 1519 3328 1568 ;
3352 1502 3502 1557 alius
3540 1510 3599 1555 ut
3633 1499 3764 1555 aliis

2111 1602 2280 1658 bonis
2321 1601 2823 1659 ﬂorentesmirari
2853 1617 2952 1657 eas
2983 1617 3098 1657 non
3131 1600 3488 1669 desistebat;
3553 1598 3651 1654 alii
3692 1599 3764 1655 de

2112 1691 2417 1749 sortitione
2451 1691 2684 1749 urbium
2717 1691 3061 1747 rixabantur
3091 1710 3105 1759 ;
3135 1689 3233 1746 alii
3276 1690 3429 1746 inter
3474 1706 3537 1746 se
3588 1689 3764 1745 urbes

2112 1786 2171 1839 et
2198 1782 2346 1839 lines
2376 1782 2783 1854 permutabant
2819 1801 2833 1850 ;
2895 1781 2993 1837 alii
3054 1796 3405 1853 magnOpere
3445 1781 3765 1836 contende-

349 1871 405 1929 δὲ
436 1873 509 1934 ὡς
536 1869 797 1943 κομώσας
826 1865 1022 1928 ἄλλοις
1072 1866 1292 1941 ἀγαθοῖς
1331 1865 1621 1938 θαυμάζων
1651 1863 1749 1920 οὐκ
1779 1863 2005 1958 ἔληγεν.

2117 1872 2261 1928 bant
2282 1876 2343 1927 ut
2375 1873 2564 1928 lconio
2597 1870 2941 1943 potirentur,
2974 1875 3172 1942 portas
3203 1887 3337 1926 vero
3383 1870 3548 1926 urbis
3579 1874 3636 1926 et
3665 1887 3762 1926 ca-

345 1964 413 2022 Ot
444 1960 502 2016 δε
531 1961 622 2015 καὶ
652 1958 777 2032 περὶ
816 1956 1030 2028 κλήρου
1083 1954 1301 2011 πόλεων
1344 1954 1563 2029 ἤρισαν,
1595 1953 1686 2009 καὶ
1718 1951 2004 2009 ἀντέδοσαν

344 2051 542 2113 ἄλλοις
577 2048 755 2124 ’ἑτεροι
790 2046 881 2102 καὶ
939 2039 1238 2101 ἀντέλαϐον
1294 2042 1485 2107 πόλεις
1532 2043 1624 2099 καὶ
1673 2043 1815 2114 ὅρια.
1848 2045 2003 2105 Τινὶς

345 2142 523 2200 δὲκαὶ
558 2140 709 2217 μάλα
756 2137 911 2210 δόξαν
959 2136 1223 2195 ἀσπάσιον
1278 2137 1370 2193 τὸν
1429 2137 1654 2194 Ἰκόνιον
1688 2136 1764 2199 εἷς
1796 2136 2005 2211 κλῆρον

342 2230 624 2310 εἰληφέναι
677 2231 1042 2306 ἠγωνίσαντο.
1104 2228 1207 2285 Καὶ
1267 2225 1444 2289 πύλας
1493 2233 1593 2297 τῆς
1656 2225 1873 2289 πόλεως
1912 2227 2003 2282 καὶ

340 2323 586 2398 τέμαχος
641 2326 743 2389 τῆς
817 2316 1085 2387 ἁλύσεως,
1144 2314 1180 2387 ἤ
1240 2313 1552 2371 διαταθεῖσα
1627 2321 1845 2391 συνεῖχε
1908 2316 2001 2370 τὸν

342 2412 701 2483 ναύσταθμον,
748 2413 869 2469 τοῖς
920 2406 973 2462 ἐν
1026 2404 1197 2480 Συρίᾳ
1243 2406 1532 2483 ὁμογενέσι
1565 2406 1698 2479 μετὰ
1726 2403 2001 2462 πλείστων

348 2501 560 2558 πλοίων
612 2498 957 2573 πεπόμφασι,
1014 2497 1104 2552 καὶ
1167 2493 1434 2574 διαφῆκαν
1503 2493 1776 2571 ἀγγέλους
1833 2497 2006 2552 ἀπαν-

348 2595 493 2665 ταχῆ
528 2589 630 2657 τὴν
677 2592 779 2655 τῆς
826 2584 1045 2648 πόλεως
1091 2581 1558 2659 διατρανώσοντας
1606 2582 1832 2640 ἅλωσιν.
1868 2591 2004 2655 Δεῆ-

351 2698 443 2734 σαν
501 2674 561 2731 δὲ
615 2675 739 2749 καὶί
773 2672 1000 2750 βασιλέα
1074 2679 1397 2753 χρισθῆναι,
1454 2672 1530 2736 είς
1597 2672 1690 2729 τὸν
1755 2671 2004 2750 μέγιστον

347 2768 482 2823 νεὼν
531 2764 911 2841 παραγίνονται
957 2767 1066 2819 τῶν
1114 2759 1333 2819 ὀπαδῶν
1382 2767 1482 2818 τοῦ
1531 2765 1794 2839 Χριστοῦ·
1833 2762 2004 2819 ἐκεῖσε

349 2858 454 2933 γὰρ
505 2855 900 2931 συνερχόμενοι
947 2852 1072 2929 περὶ
1122 2856 1230 2909 τῶν
1277 2852 1557 2929 πρακτέων
1609 2852 1788 2932 σφίσιν
1845 2849 2006 2909 ἐϐου-

349 2948 606 3018 λεύοητο.
642 2945 837 3001 Καὶτά
891 2945 985 3018 μὲν
1032 2948 1224 3018 πρῶτα
1276 2944 1413 3000 κατᾶ
1457 2966 1512 3000 τι
1560 2942 1786 3020 πάτριον
1809 2941 2000 3018 ἔθιμον

341 3044 622 3114 κρατῆρας
676 3034 937 3110 τέσσαρας
1005 3030 1270 3109 στιχηδὸν
1334 3034 1649 3090 ἐσκέπτοννο
1708 3031 2002 3101 διαθέσθαι,

346 3129 420 3183 ὧν
473 3128 553 3189 εἷς
610 3126 711 3195 τὴν
770 3121 1104 3197 ἀναίμακτον
1163 3122 1347 3178 θυσίαν
1407 3122 1612 3199 στέγειν
1643 3120 1882 3195 ἤμελλε,
1913 3122 2003 3178 καὶ

348 3216 522 3280 οὕτως
580 3212 825 3271 ἐνδοῦναι
879 3219 996 3276 τοῖς
1052 3211 1357 3284 θυηπόλοις
1416 3212 1488 3284 ἐξ’
1544 3213 1741 3287 έκάστῄ
1809 3212 2003 3284 κλήσει

348 3311 457 3363 τῶν
517 3305 594 3367 εἷς
654 3303 832 3380 ἀρχὴν
885 3301 1236 3377 ἐπιλεγέντων
1296 3302 1466 3374 α’ἰρειν
1515 3299 1608 3358 ἕνα
1646 3307 1754 3359 τῶν
1788 3302 2004 3381 σκύφων

353 3394 444 3450 καὶ
475 3393 763 3469 προσάγειν
817 3392 1025 3454 αὐτοῖς’
1091 3391 1297 3454 ἐκεῖνος
1355 3390 1403 3446 δ’
1457 3392 1525 3461 ἦν
1576 3392 1603 3447 ὁ
1649 3396 1758 3447 τῶν
1800 3390 2012 3447 λοιπῶν

359 3483 434 3545 εἷς
472 3485 574 3553 τὴν
630 3482 812 3561 ἀρχὴν
871 3480 1403 3556 προκριθησόμενος,
1463 3481 1491 3535 ὁ
1550 3479 1638 3535 καί
1706 3478 1901 3559 λαχὼν
1948 3481 2012 3536 τὸ

356 3574 621 3649 ποτήριον
677 3573 740 3627 τὸ
795 3574 892 3626 τοῦ
951 3570 1097 3635 θείου
1154 3570 1407 3642 σώματος
1464 3570 1554 3624 καὶ
1620 3570 1857 3643 αἳματος
1913 3573 2011 3624 τοῦ

356 3665 602 3738 Χριστοῦ
664 3662 923 3736 μέτοχον.
989 3659 1152 3730 Δόξαν
1199 3656 1258 3715 δὲ
1307 3664 1389 3731 τῷ
1437 3660 1689 3723 Βενετίας
1730 3656 1882 3715 δουκὶ
1931 3663 2012 3732 τῷ

358 3749 647 3825 Δανὸούλῳ
703 3750 780 3814 εἷς
852 3753 1033 3827 ψῆφον
1107 3747 1457 3820 ἀπολυθῆναι
1515 3751 1614 3820 τήν
1675 3743 2012 3825 πρόϐλησιν,

354 3840 667 3917 ἐκλέγονται
697 3840 1023 3920 ψηφηφόροι
1066 3840 1223 3896 πέντε
1274 3840 1368 3915 μὲν
1420 3837 1481 3895 ἐκ
1524 3843 1626 3895 τοῦ
1673 3844 1783 3896 τῶν
1824 3845 2011 3914 Φραγ-

349 3933 551 3989 κίσκων
617 3932 711 3988 καὶ
785 3928 1137 4006 Λαμπάρδων
1197 3934 1405 4010 γένους,
1475 3933 1525 3988 e't
1592 3932 1717 4007 παρ’
1784 3930 2012 3994 ἐκείνοις

351 4022 584 4100 ἄριστοι,
636 4022 698 4079 ἐκ
746 4020 804 4078 δὲ
859 4027 965 4078 τῶν
1027 4024 1321 4080 Βενετίκων
1377 4021 1587 4097 ὁμοίως
1629 4019 1805 4099 ἕτεροι
1836 4023 2011 4080 πέντε.

351 4124 456 4181 Καὶ
512 4129 613 4193 τῆς
668 4127 780 4177 τῶν
839 4119 1111 4176 πλειόνων
1167 4124 1354 4200 ψήφου
1420 4122 1776 4197 κρατησάσης
1836 4122 1864 4176 ὁ
1911 4127 2012 4190 τῆς

349 4211 530 4288 ἀρχῆς
573 4205 728 4264 ἔπεσε
756 4207 970 4281 κλῆρος
1019 4210 1159 4280 πρὸς
1212 4206 1542 4265 Βαλδουΐνον
1575 4211 1667 4265 τὸν
1698 4215 1798 4279 τῆς
1831 4208 2015 4264 Φλάν-

350 4319 482 4373 τρας
547 4300 789 4373 κόμητα,
856 4296 1004 4367 πλὴν
1074 4297 1150 4361 ὡς
1214 4294 1380 4373 ᾔδετο
1465 4300 1610 4374 παρὰ
1675 4303 1828 4367 πᾶσι,
1876 4298 2013 4354 κατὰ

354 4387 518 4445 δόλον
548 4408 608 4444 τε
635 4388 727 4444 καὶ
767 4386 1039 4462 περίνοιαν
1092 4391 1191 4442 τοῦ
1248 4385 1443 4450 δουκὸς
1499 4389 1743 4451 Βενενίας
1774 4385 2013 4444 Δανδού-

362 4478 464 4535 λου
520 4478 705 4553 Πηρὸς
734 4479 839 4555 γὰρ
872 4475 946 4533 ὥν
998 4477 1156 4541 οὗτος
1203 4479 1300 4541 τὰς
1344 4475 1519 4554 ὄψεις,
1549 4477 1764 4533 καὶτοῦ
1795 4477 2010 4553 κλήρου

354 4566 491 4623 κατᾶ
554 4571 716 4623 τοῦτο
791 4572 901 4623 τῶν
964 4566 1234 4643 ἀρξόντων
1327 4565 1668 4648 διαγραφεὶς,
1735 4563 2010 4638 ἠϐούλετο

2119 1967 2269 2019 tense
2299 1967 2546 2035 partem,
2574 1978 2702 2033 qua;
2734 1962 2808 2017 ad
2839 1960 3065 2017 navalia
3092 1960 3447 2016 continenda
3497 1961 3768 2017 extende-

2117 2052 2313 2120 batur,
2372 2058 2497 2108 suis
2555 2053 2612 2106 in
2676 2051 2843 2124 Syria
2896 2050 3280 2123 popularibus
3329 2066 3462 2106 cum
3498 2051 3768 2122 plurimis

2120 2142 2369 2211 navigiis
2402 2142 2704 2208 miserunt,
2774 2141 2996 2213 passim
3055 2140 3319 2195 dimissis
3376 2141 3621 2207 nuntiis,
3668 2141 3767 2211 qui

2120 2237 2349 2303 captam
2383 2248 2513 2288 esse
2543 2233 2745 2287 urbem
2770 2231 3097 2303 vulgarent.
3120 2230 3252 2286 Jam
3286 2247 3420 2286 cum
3454 2232 3770 2300 imperator

2118 2322 2407 2378 creandos
2438 2325 2612 2386 esset,
2646 2322 2704 2377 in
2735 2323 2915 2376 eadem
2960 2321 3308 2376 Sanctorum
3355 2319 3767 2390 Apostolorum

2119 2411 2479 2468 deliberandi
2509 2427 2646 2485 ergo
2676 2426 2994 2468 convenere
3032 2431 3046 2478 ;
3106 2427 3171 2466 ac
3229 2410 3534 2482 principio,
3579 2410 3766 2481 patrie

2119 2502 2372 2573 quedam
2408 2501 2547 2568 ritu,
2577 2517 2680 2572 pro
2730 2516 2971 2556 numero
3021 2500 3467 2555 candidatorum
3517 2506 3768 2569 quatuor

2118 2589 2328 2645 calices
2351 2590 2556 2646 ordine
2587 2589 3292 2657 cellocareiustituerunt,
3327 2604 3576 2660 quorum
3609 2604 3765 2644 unus

2120 2681 2484 2736 incruentam
2517 2678 2813 2736 victimam
2854 2679 3199 2743 contineret.
3233 2678 3457 2735 caeteris
3512 2679 3712 2734 vacuis
3747 2696 3761 2747 ;

2118 2785 2333 2841 eosque
2362 2771 2592 2825 tradere
2621 2768 2867 2824 totidem
2897 2768 3314 2837 sacerdotibus,
3348 2772 3413 2823 ut
3459 2769 3528 2823 ad
3563 2769 3764 2839 cujus-

2119 2876 2234 2932 que
2265 2859 2416 2916 789
2451 2859 2734 2932 principis
2792 2875 3006 2915 nomen
3065 2875 3250 2915 unum
3284 2858 3556 2915 tollerent
3596 2862 3654 2914 et
3682 2857 3768 2913 eis

2119 2950 2442 3006 redderent.
2480 2949 2798 3021 Imperium
2819 2965 2955 3005 vero
2973 2965 3150 3021 penes
3177 2965 3308 3004 eum
3338 2950 3594 3004 futurum
3625 2951 3768 3018 erat,

2118 3039 2215 3111 qui
2242 3054 2374 3095 eum
2408 3039 2649 3095 calicem
2674 3039 3018 3110 accepisset,
3051 3039 3112 3093 in
3129 3054 3243 3110 quo
3266 3037 3524 3093 divinum
3558 3052 3770 3110 corpus

2118 3135 2177 3184 et
2206 3129 2450 3200 sanguis
2480 3130 2693 3186 Christi
2725 3133 2901 3185 esset.
2934 3128 3155 3185 Deinde
3212 3144 3346 3184 cum
3386 3130 3606 3184 Veneto
3636 3125 3769 3182 duci

2118 3219 2384 3275 Dandulo
2403 3218 2863 3291 designationem
2889 3217 3187 3290 suffragiis
3203 3217 3570 3273 committere
3581 3215 3768 3272 visum

2120 3312 2294 3374 esset,
2325 3325 2394 3364 ex
2425 3307 2662 3364 Francis
2685 3313 2745 3364 et
2776 3309 3176 3380 Longobardis
3216 3308 3478 3381 quinque
3520 3309 3770 3378 Optima-

2116 3398 2277 3454 tibus
2299 3403 2355 3453 et
2374 3415 2441 3454 ex
2466 3398 2707 3454 Venetis
2728 3397 2967 3453 totidem
2993 3397 3286 3454 indicibus
3311 3397 3495 3466 lectis,
3508 3397 3763 3470 plurium

2118 3487 2414 3559 suffragiis
2444 3486 2673 3560 imperii
2706 3503 2835 3543 sors
2879 3486 3165 3544 Balduino
3224 3486 3509 3542 Flandriaa
3565 3486 3768 3543 comiti

2116 3577 2344 3647 obtigit.
2377 3579 2593 3633 Verum
2629 3576 2847 3648 ubique
2872 3576 3096 3632 celebre
3127 3581 3218 3632 est
3246 3576 3378 3633 dolo
3420 3580 3478 3632 et
3529 3575 3768 3631 solertia

2117 3666 2368 3723 Danduli
2398 3667 2455 3722 id
2486 3682 2616 3723 esse
2646 3668 2887 3722 factum.
2947 3666 3055 3731 Qui
3110 3682 3248 3723 cum
3308 3665 3381 3720 ob
3439 3665 3762 3720 caecitatem

2118 3780 2363 3822 numero
2395 3765 2841 3822 candidatorum
2871 3764 3299 3832 excluderetur,
3333 3762 3647 3836 imperium
3681 3780 3773 3836 pe-

2118 3872 2223 3912 nes
2241 3872 2374 3911 eum
2403 3872 2531 3912 esse
2555 3855 2739 3912 voluit
2769 3856 2869 3927 qui
2901 3853 3273 3912 bilarioribus
3318 3860 3472 3911 esset
3507 3854 3770 3912 moribus

2117 3947 2176 3999 et
2208 3943 2441 4016 ingenio
2472 3942 2666 4000 minus
2696 3942 3033 4010 ambitioso,
3067 3959 3406 4015 quanquam
3447 3943 3501 3998 id
3535 3947 3770 4015 specta-

2117 4032 2197 4090 vit
2226 4033 2442 4106 potius,
2477 4038 2541 4088 ut
2567 4032 2825 4102 privatus
2856 4031 3230 4103 imperatoris
3279 4030 3565 4103 designati
3609 4030 3771 4102 prin-

2117 4122 2342 4192 cipatus
2377 4138 2550 4194 quam
2583 4121 3017 4177 remotissimus
3047 4126 3202 4177 esset
3231 4138 3263 4175 a
3293 4120 3513 4176 ditione
3535 4121 3775 4177 Veneto-

2120 4227 2273 4281 rum,
2307 4227 2379 4267 ne
2409 4211 2603 4282 siqua
2659 4210 3050 4266 controversia
3110 4226 3245 4266 cum
3298 4210 3402 4265 illo
3443 4210 3766 4281 incidisset,

2119 4299 2317 4371 plures
2347 4298 2544 4371 copias
2578 4299 2771 4355 subito
2828 4315 2896 4354 ex
2944 4315 3053 4355 suo
3110 4299 3405 4355 territorio
3447 4315 3765 4364 accersere,

2117 4393 2219 4445 aut
2238 4386 2487 4443 Venetos
2521 4389 2665 4444 lines
2695 4391 2998 4445 commode
3030 4390 3301 4444 invadere
3345 4394 3448 4444 aut
3486 4388 3769 4445 incursio-

2118 4477 2291 4534 nibus
2324 4494 2522 4534 vexare
2555 4483 2772 4548 posset.
2803 4478 2939 4542 Quaa
2970 4480 3165 4534 omnia
3219 4480 3277 4534 in
3327 4480 3598 4551 expedito
3640 4495 3768 4534 esse

2118 4567 2415 4624 Bonifacie
2503 4568 2822 4625 marcbioni
2882 4587 2949 4624 ex
3012 4569 3408 4641 Longobardia
3483 4570 3769 4641 originem

351 4656 617 4733 χειρίζειν
651 4657 751 4726 τήν
789 4655 1074 4732 βασιλείαν
1129 4656 1220 4711 τὸν
1280 4657 1344 4712 τὸ
1396 4644 1549 4726 ἦθός-
1576 4677 1635 4712 τε
1666 4654 2003 4729 ἷλαρώτατον

2117 4658 2374 4713 trahenti
2408 4664 2730 4731 norat,quaa
2754 4659 3051 4715 maritima
3093 4665 3269 4727 esset,
3306 4659 3461 4715 unde
3505 4658 3673 4714 facile
3704 4659 3762 4714 in

351 4748 444 4801 καὶ
507 4748 583 4819 μὴ
644 4746 707 4801 τὸ
765 4750 982 4823 φροκεῖν
1045 4748 1446 4822 ἀρχικώτερον,
1474 4748 1537 4802 τὸ
1586 4744 1634 4802 δ’
1687 4746 1741 4803 ἐν
1794 4747 2004 4821 μείζονι

353 4837 480 4912 παρ’
512 4835 697 4908 ἐκείνῳ
752 4833 967 4909 μᾶλλον
1027 4833 1263 4911 σπουδῇ,
1322 4836 1412 4892 καὶ
1467 4838 1568 4907 τὴν
1626 4833 1765 4892 ἰδίαν
1817 4837 2005 4916 χώραν

351 4926 734 5002 κΛηρούμενον
766 4928 850 5000 [Ρ.
883 4925 1012 4998 384]
1059 4928 1169 4980 τῶν
1215 4927 1313 4994 τῆς
1352 4923 1597 4989 Βενετίας
1626 4925 1767 5000 ὅρων
1801 4922 2007 4980 διιστα-·

360 5020 527 5091 μενην
557 5017 695 5073 κατᾶ
719 5015 889 5087 πολὺ,
927 5016 1025 5088 ὡς,
1071 5013 1119 5070 εἲ
1153 5036 1287 5072 ποτε
1317 5010 1699 5091 διχονοήσειαν
1730 5013 2008 5087 ἀλλήλοις

361 5105 620 5182 βασιλεὺς
650 5107 737 5161 καὶ
773 5104 1067 5176 Βενέτικοι,
1104 5104 1180 5178 μὴ
1213 5102 1296 5175 εἴη
1331 5103 1392 5159 ἐκ
1436 5104 1533 5160 rei)
1565 5103 1760 5181 σχεδὸν
1792 5105 2013 5181 βασιλεῖ

359 5194 615 5271 δυνάμεις
672 5196 899 5261 πλείους
956 5196 1231 5259 οἷκειακὰς
1289 5196 1732 5269 μεταπέμπεσθαι
1784 5196 1819 5266 ἢ
1878 5196 2008 5274 γοῦν

360 5284 611 5360 εὐμαρῶς
680 5287 900 5344 εἰσιέναι
989 5287 1055 5342 τὰ
1141 5286 1438 5343 Βενετίκων
1506 5284 1630 5361 ὅρια
1693 5286 1783 5341 καὶ
1859 5285 2011 5349 ταῦθ’

359 5371 582 5445 ὁπωσδὴ
649 5376 999 5457 κατατρέχειν
1056 5375 1144 5430 καὶ
1208 5374 1462 5448 σίνεσθαι,
1508 5370 1541 5430 ἃ
1587 5373 1653 5447 δὴ
1687 5378 1862 5432 πάντα
1887 5372 1987 5451 ᾖδε

358 5462 495 5538 πρὸς
531 5463 726 5542 ἰσχύος
762 5461 963 5543 ἔχοντα
1020 5462 1147 5540 δρᾷν
1186 5465 1278 5520 τὸν
1335 5465 1655 5542 Βονιφάτιον
1718 5464 2012 5541 μαρκέσιον

360 5549 421 5608 ἐκ
495 5551 853 5629 Λαμπαρδίας
908 5557 1008 5626 τὴν
1076 5555 1284 5629 γένεσιν
1360 5548 1577 5630 ἔχοντα’
1655 5552 2012 5631 Λαμπαρδίαν

364 5638 425 5698 δὲ
449 5641 715 5698 οἰκεῖσθαι
755 5644 1043 5718 παράλιον,
1102 5644 1192 5700 καὶ
1253 5641 1438 5720 ῥάδίας
1497 5643 1633 5700 εἶναι
1686 5645 1784 5709 τὰς
1814 5644 2013 5710 ἐκεῖθεν

360 5731 438 5798 εἷς
515 5733 618 5803 τὴν
690 5730 981 5808 Ῥωμαίων
1056 5732 1342 5809 ἐκπλοίας,
1443 5735 1533 5790 καὶ
1634 5734 1880 5790 Βενετίαν
1958 5732 2016 5792 δέ

2117 4748 2409 4804 Romanas
2433 4748 2759 4820 provincias
2783 4749 3153 4820 trajiceretur
3172 4752 3230 4804 et.
3251 4749 3323 4805 ob
3360 4748 3768 4820 propinquita-

2115 4841 2233 4894 tem
2269 4854 2494 4911 magnai
2527 4838 2719 4895 clades
2750 4839 2987 4895 Venetis
3018 4855 3249 4911 quoque
3277 4839 3582 4912 importari
3632 4855 3768 4910 pos-

2118 4933 2270 4985 sent.
2304 4928 2405 4985 His
2438 4928 2616 5000 igitur
2651 4930 2803 4986 790
2832 4929 3159 4985 rationibus
3189 4930 3338 4985 haud
3374 4947 3515 4985 sane
3559 4930 3770 4984 absur-

2120 5017 2211 5075 dis
2243 5018 2535 5091 impulsus
2567 5018 2894 5088 Dandulus,
2927 5024 2984 5074 et
3015 5019 3195 5074 multa
3225 5021 3401 5075 etiam
3432 5020 3768 5077 videntibus

2119 5109 2371 5165 obscura
2429 5108 2650 5164 lumine
2711 5108 2930 5180 ingenii
2990 5109 3349 5180 perspiciens
3404 5126 3593 5165 caecus
3649 5110 3766 5178 ille,

2119 5197 2483 5253 Benifaoium
2550 5196 2948 5255 marchionem
3010 5196 3245 5269 repulit,
3309 5198 3545 5269 praelato
3583 5198 3662 5253 illi
3698 5201 3770 5254 de

2123 5286 2472 5343 Francorum
2506 5291 2563 5343 et
2586 5287 2943 5343 Venetorum
2960 5286 3252 5343 sententia
3282 5287 3771 5360 Balduino,quem

2122 5392 2190 5432 ex
2219 5375 2597 5433 inferioribus
2617 5375 2818 5433 Galliis
2838 5381 3035 5434 ortum
3062 5376 3540 5448 esse,Galliarum
3571 5383 3770 5433 autem

2123 5470 2181 5522 et
2203 5465 2574 5522 Venetiarum
2608 5465 2822 5522 limites
2851 5470 3082 5523 tantum
3115 5466 3333 5521 distare
3383 5472 3550 5523 norat
3597 5484 3773 5539 quan-

2124 5560 2251 5611 tum
2287 5554 2534 5612 Venetiae
2558 5573 2592 5612 a
2613 5557 2894 5612 Romanis
2918 5556 3233 5629 provinciis
3264 5558 3771 5614 disterminentur.

2125 5647 2204 5702 Εο
2235 5647 2548 5703 accedebat
2606 5648 2760 5719 quod
2815 5645 3139 5703 Balduinus
3193 5653 3314 5702 toto
3384 5653 3614 5716 pectore
3687 5649 3772 5703 illi

2126 5735 2466 5796 studebatet
2494 5751 2630 5794 eum
2663 5740 2728 5795 ut
2762 5741 2988 5810 patrem
3039 5736 3282 5806 colebat,
3339 5753 3446 5795 nec
3494 5738 3773 5797 diuturno
