4074 6408
288 377 407 437 983

1612 379 1924 443 ΝΙΟΕΤᾸΞ
1961 378 2384 445 οΗΟΝῙΛΤιΕ

3585 383 3706 444 984

286 524 485 563 rerum
520 523 630 562 usu
662 506 921 580 pollebat
978 512 1044 565 ut
1103 510 1388 567 marchio.
1448 512 1722 567 Nondum
1778 513 1939 568 enim

2054 510 2399 589 ἆγχοροῦσαν
2474 510 2662 569 πολλὰ
2734 509 2795 569 ἂν
2851 513 2970 570 κατ’
3043 508 3318 570 εὐπέτειαν
3395 512 3708 576 Βενετίκοις

287 596 613 654 Balduinus
646 615 867 655 annum
899 599 1089 656 aetatis
1117 601 1489 673 trigesimum
1514 604 1834 659 secundum
1854 620 1947 658 ex-

286 680 580 757 cesserat;
615 692 671 744 et
698 688 919 761 alioqui
948 689 1038 744 vir
1066 694 1191 746 erat
1238 692 1372 763 pius
1426 695 1483 746 et
1513 692 1838 759 modestus,
1872 708 1944 748 ne

285 777 583 850 impudico
641 778 879 851 quidem
937 784 1177 850 aspectu
1275 780 1583 837 mulierem
1669 782 1941 850 intuitur,

286 868 548 940 quandiu
587 886 621 925 a
676 886 785 926 sua
843 870 1087 942 conjuge
1127 871 1412 929 abluerat.
1450 872 1693 929 Vrcabat
1724 872 1943 929 divinis

283 958 583 1026 laudibus,
618 960 1062 1015 necessitatibus
1120 960 1524 1019 conﬂictantes
1573 961 1938 1032 sublevabat,

285 1064 404 1103 suae
435 1047 741 1103 sententias
773 1048 1152 1106 adversantes
1183 1065 1349 1121 aequo
1383 1052 1582 1107 animo
1641 1052 1938 1109 audiebat.

282 1135 533 1209 thuod
563 1137 884 1192 maximum
939 1146 1049 1206 est,
1110 1138 1202 1195 bis
1260 1138 1525 1211 qualibet
1572 1139 1939 1198 hebdomade

279 1226 507 1299 vesperi
540 1227 882 1300 proclamari
910 1228 1158 1298 jubebat
1190 1246 1263 1285 ne
1291 1231 1423 1302 quis
1468 1232 1525 1286 in
1572 1248 1680 1288 suo
1721 1231 1938 1304 palatio

281 1315 542 1382 cubaret,
574 1315 672 1387 qui
702 1315 956 1372 alienam
989 1317 1294 1375 mulierem
1323 1320 1637 1393 attigisset.

2055 607 2377 681 κακουργεῖν
2451 602 2814 679 ἀποτρόπαια.
2890 605 3002 659 Ὑπ’
3078 601 3291 659 ἐννοιῶν
3362 601 3545 658 τοίνυν
3626 603 3701 675 μή

2051 691 2228 763 πάντη
2285 690 2587 769 ἀλογίστων
2644 691 3000 765 κεκινημένος
3054 693 3083 747 6
3141 688 3471 758 Δάνδουλος,
3519 690 3706 746 καὶτᾶ

2051 778 2291 843 πολλοῖς
2356 785 2465 837 τῶν
2519 782 2774 856 δρώντων
2833 779 3211 858 δυστεκμαρτα
3271 786 3393 844 ταῖς
3457 784 3557 836 τοῦ
3605 784 3703 835 νοῦ

2052 864 2486 943 καταλαμϐάνων
2543 870 2791 947 δράσεσιν
2848 873 2877 927 6
2927 872 3103 949 πηρὸς
3160 870 3365 935 ἐκεῖνος
3408 870 3505 933 τὰς
3537 869 3703 946 κόρας

2048 962 2147 1014 τοῦ
2212 958 2492 1032 σώματος,
2553 960 2969 1035 παρεκρούσατο
3041 961 3137 1035 μὶν
3210 960 3303 1015 τὸν
3380 961 3698 1037 Βονιφάτιον

2053 1048 2367 1123 μαρκὲσιον,
2426 1053 2537 1104 τῶν
2595 1046 2655 1105 δὶ
2711 1049 3009 1106 Βενετίκων
3063 1050 3152 1105 καὶ
3210 1053 3319 1105 τῶν
3351 1048 3702 1125 Φραγκίσκων

2050 1136 2126 1200 είς
2206 1137 2331 1210 μίαν
2404 1134 2827 1213 συνδραμόντων
2896 1140 3127 1217 γνώμην
3201 1138 3294 1194 τὸν
3368 1135 3699 1194 Βαλδουῖνον

2047 1227 2380 1300 ἀνθείλοντο,
2411 1226 2573 1292 εἰδὼς
2617 1228 2678 1284 ἐκ
2723 1234 2832 1285 τῶν
2881 1229 3028 1286 κάτω
3069 1228 3324 1285 Γαλλιῶν
3354 1228 3691 1303 ὁρμώμενον,

2051 1312 2304 1372 Γαλλιῶν
2364 1312 2423 1371 δὲ
2476 1315 2568 1371 καὶ
2626 1316 2874 1380 Βενετίας
2926 1316 2979 1380 ἐς
3036 1320 3300 1373 τοσοῦτον
3360 1315 3490 1376 τοὺς
3544 1315 3698 1388 ὃρους

278 1402 568 1481 ἀφεστάναι
618 1402 673 1465 ἐς
700 1402 825 1459 ὅσον
884 1404 1102 1462 Βενετία
1157 1406 1449 1481 Ῥωμαίων
1508 1408 1976 1485 ἀποσχοινίζεται,
2034 1404 2125 1461 καὶ
2183 1403 2300 1477 ἃμα
2351 1405 2406 1460 οἱ
2464 1403 2800 1461 Βαλδουῖνον
2830 1404 2937 1481 ὅλῃ
2970 1409 3124 1482 ψυχῇ
3155 1403 3578 1481 προσκεχηνότα
3608 1400 3701 1458 καὶ

279 1491 526 1564 ἀσμένως
594 1493 669 1556 ὡς
735 1492 900 1570 πατρὶ
967 1496 1437 1573 προσφερόμενον,
1507 1498 1648 1572 μήτε
1718 1500 1827 1571 μὴν
1905 1498 2010 1553 ὑπὸ
2075 1492 2310 1570 χρονίας
2384 1493 2691 1569 γυμνασίας
2756 1490 3035 1549 ἑντακέντα
3098 1493 3439 1568 πράγμασιν,
3508 1493 3704 1547 ὁποῖον

279 1584 552 1653 ἠπίστατο
616 1584 710 1640 τὸν
787 1584 1099 1660 μαρκέσιον·
1181 1586 1243 1642 ού
1309 1608 1413 1664 γῃρ
1487 1609 1576 1644 πω
1641 1586 1975 1649 Βαλδουῖνος
2039 1585 2329 1658 τριάκοντα
2379 1583 2471 1638 καὶ
2530 1580 2629 1637 δύο
2684 1576 2777 1652 ἔτη
2826 1581 3129 1658 γεγένηται,
3163 1583 3265 1638 Ἦν
3297 1578 3354 1636 δὲ
3386 1581 3477 1635 καὶ
3510 1579 3703 1641 ἄλλως

283 1675 312 1729 ὁ
371 1676 506 1751 ἀνὴρ
574 1676 734 1738 οὗτος
802 1668 1044 1746 εὐλαϐὴς
1111 1678 1178 1731 τά
1241 1678 1379 1752 πρὸς
1439 1678 1593 1749 Θεὸν,
1662 1677 1737 1740 ώς
1804 1674 2047 1750 ἐλέγετο,
2111 1672 2201 1728 καὶ
2258 1673 2359 1742 τήν
2418 1669 2626 1727 δίαιταν
2665 1670 2952 1747 ἐγκρατὴς,
2991 1671 3201 1746 γυναικὶ
3241 1667 3299 1726 δὶ
3342 1667 3486 1742 μηδὲ
3531 1667 3705 1743 μέχρι

286 1761 608 1837 βλέμματος
647 1765 1047 1841 προσεσχηκὼς
1107 1764 1189 1845 ἐφ’
1242 1764 1368 1822 ὅσον
1427 1767 1628 1843 χρόνον
1686 1772 1789 1835 τῆς
1846 1762 2049 1825 οἰκείας
2120 1766 2369 1838 γαμετῆς
2428 1760 2813 1835 ἀπεφοίτησεν.
2872 1758 3052 1817 Ἀλλὰ
3090 1759 3181 1815 καὶ
3221 1758 3298 1822 είς
3333 1760 3461 1819 τοὺς
3503 1757 3705 1831 ὕμνους

283 1850 554 1927 ἐσχόλαζε
590 1858 691 1909 τοῦ
730 1859 885 1923 Θεοῦ,
927 1855 1018 1909 καὶ
1056 1853 1183 1919 τοὺς
1222 1854 1276 1911 ἐν
1334 1856 1591 1932 ἀνάγκαις
1630 1850 1916 1930 ὲλυϐερνα,
1957 1853 2045 1908 καὶ
2108 1850 2323 1907 ἀκούειν
2381 1850 2510 1913 τοὺς
2546 1851 2684 1925 πρὸς
2725 1849 2887 1905 αὐτὸν
2929 1847 3313 1926 ἃντιλὲγοντας
3351 1845 3705 1920 κατεδὲχετο.

283 1942 360 1999 Τὸ
410 1939 468 1997 δὲ
519 1943 796 2020 μέγιστον,
853 1941 934 2006 δὶς
981 1944 1129 2020 εἶχεν
1189 1945 1419 2017 ἑκάστης
1457 1940 1768 2020 ἑϐδομάδος
1828 1943 1922 1998 τὸν
1973 1941 2203 2015 ἑσπέρας
2243 1934 2604 2014 ἒπεμϐοῶντα
2646 1937 2857 2013 μηδὲνκ
2893 1942 3003 1994 τῶν
3041 1936 3256 1993 οἰκείων
3286 1936 3526 2012 ἀρχείων
3560 1935 3710 1998 ἐντὸς

283 2031 695 2103 κατευνάζεσθαι
731 2035 806 2107 μή
837 2033 1063 2108 νομίμῳ
1095 2034 1312 2112 γυναικὶ
1341 2032 1739 2106 πλησιάζοντα.

359 2125 504 2181 791
548 2125 603 2178 7.
662 2126 986 2197 Imperator
1070 2126 1412 2199 designatus
1495 2126 1819 2183 Balduinus
1873 2124 2012 2198 inB

283 2220 478 2287 partes
507 2214 900 2271 occidentales
930 2215 1070 2284 abit,
1101 2231 1215 2272 non
1254 2220 1316 2271 ut
1356 2232 1455 2272 eas
1508 2216 1747 2288 subigat
1804 2218 1939 2287 (pu-

282 2306 447 2361 tabat
474 2305 633 2362 enim
664 2306 810 2362 nihil
843 2306 958 2363 sibi
1012 2322 1185 2378 posse
1244 2306 1551 2374 obsistere,
1583 2322 1653 2364 ac
1709 2312 1941 2362 tantum

283 2410 399 2451 non
427 2394 747 2451 insolenter
768 2399 943 2467 atque
966 2396 1371 2469 intempestive
1392 2396 1657 2468 jactabat
1688 2411 1703 2452 :
1760 2414 1785 2441 α
1816 2396 1940 2461 Quo

282 2501 412 2541 eam
446 2490 509 2541 ut
532 2489 746 2542 terram
795 2485 966 2542 hasta
1023 2489 1289 2557 quatiam
1321 2486 1395 2560 ‘2),
1454 2486 1557 2544 sed
1616 2491 1679 2541 ut
1720 2486 1942 2542 amicas

282 2574 612 2643 provincias
677 2591 991 2648 peragrans
1049 2576 1122 2631 ab
1190 2577 1474 2633 omnibus
1542 2581 1938 2633 Romanorum

280 2662 604 2735 imperator
631 2664 1008 2721 salutaretur.
1031 2667 1158 2729 Qua
1183 2666 1256 2723 de
1276 2682 1453 2722 causa
1475 2664 1698 2722 nullam
1728 2665 1939 2722 Roma-

281 2769 491 2809 norum
525 2754 647 2810 sive
678 2755 951 2813 militaris
983 2756 1105 2812 sive
1139 2756 1361 2829 politici
1390 2756 1613 2814 ordinis
1649 2755 1938 2812 rationem

280 2840 516 2913 habuit,
543 2844 644 2900 sed
666 2859 764 2902 eos
788 2860 993 2901 omnes
1018 2845 1370 2916 repudiavit,
1402 2845 1557 2917 quod
1582 2844 1739 2901 idem
1769 2850 1937 2901 caste-

281 2931 364 2988 ris
394 2948 630 3005 quoque
659 2934 981 2991 comitibus
1011 2938 1069 2991 et
1099 2934 1351 2991 ducibus
1376 2934 1666 2991 exercitus
1716 2934 1936 3004 proba-

280 3021 473 3077 batur.
490 3021 634 3079 Nam
656 3039 789 3079 cum
815 3024 1220 3079 fortitudinem
1248 3040 1283 3079 a
1310 3022 1577 3094 cognatis
1621 3022 1937 3077 virtutibus

278 3112 600 3183 sejunctam
634 3112 749 3169 sibi
780 3116 843 3167 ut
870 3116 925 3168 et
956 3111 1422 3168 naturainsitam
1446 3115 1504 3166 et
1551 3126 1663 3165 usu
1716 3111 1933 3165 contir-

277 3209 494 3257 matam
518 3200 902 3266 vindicarent,
938 3199 1131 3255 nullas
1168 3198 1317 3254 alias
1334 3204 1539 3270 gentes
1560 3198 1619 3253 in
1642 3212 1703 3252 re
1725 3196 1936 3253 bellica

279 3288 391 3343 sibi
421 3288 506 3343 vel
532 3289 777 3361 adjungi
799 3288 883 3343 vel
903 3287 1153 3344 conferri
1178 3285 1931 3359 patiebantur,etquianul-

276 3375 372 3431 lus
403 3375 821 3443 musis,nullus
834 3375 1044 3447 gratiis
1056 3376 1206 3447 apud
1223 3374 1369 3432 istos
1383 3374 1664 3431 Barbaros
1676 3373 1838 3431 locus
1851 3388 1936 3431 re-

2116 2122 2203 2194 [P.
2237 2120 2364 2193 386]
2431 2119 2493 2189 ζ’.
2562 2115 2894 2181 Βασιλεύσας
2951 2116 3128 2174 τοίνυν
3186 2118 3214 2173 6
3275 2113 3623 2178 Βαλδουῖνος
3654 2114 3711 2179 ἐς

2053 2209 2189 2285 μέρη
2224 2207 2385 2280 ἔξεισι
2415 2210 2486 2266 τὰ
2512 2208 2758 2284 ἑσπέρια,
2812 2210 2921 2284 οὐχ
2980 2209 3055 2272 ὡς
3108 2209 3247 2263 αὐτὰ
3293 2208 3708 2284 χειρωσόμενος

2048 2301 2245 2374 (πάντα
2289 2298 2395 2375 γάρ
2435 2300 2486 2354 οἱ
2543 2296 2801 2372 ἁλώσιμα
2857 2297 3019 2371 ᾤετο,
3079 2322 3108 2351 ιι
3144 2302 3225 2369 lli
3263 2302 3347 2352 Βῶ
3377 2296 3467 2351 καὶ
3496 2298 3710 2367 κινήσω

2043 2390 2140 2446 τάν
2196 2394 2293 2465 γᾶν
2354 2393 2435 2461 τῷ
2490 2385 2701 2463 δόρατι,
2738 2413 2766 2441 ››
2825 2392 3024 2463 μικροῦ
3080 2387 3383 2461 κομπάζων
3430 2388 3522 2442 καὶ
3581 2385 3704 2443 λίαν

2045 2478 2350 2555 ἀγερώχως
2410 2479 2544 2554 ὑπὲρ
2597 2475 2899 2548 Εὐκλείδην
2956 2481 3074 2551 (63)
3133 2476 3535 2556 φθεγγόμενος)
3579 2476 3707 2534 ἀλλ’

2045 2569 2122 2632 ὡς
2149 2565 2238 2624 διὰ
2269 2566 2469 2647 φιλίων
2537 2568 2741 2643 χώρων
2800 2565 3270 2642 παρελευσόμενος
3317 2567 3409 2622 καὶ
3443 2566 3705 2642 βασιλεὺς

2044 2658 2329 2731 Ῥωμαίων
2371 2656 2945 2732 ἀναγορευθησόμενος
2999 2656 3137 2731 πρὸς
3193 2657 3416 2727 παντὸς,
3449 2657 3512 2711 οὗ
3543 2657 3706 2731 χάριν

2045 2745 2175 2804 οὐδὲ
2231 2744 2472 2820 κομιδῆς
2523 2748 2742 2803 οἱασοῦν
2798 2747 3127 2817 κατηξιώκει
3177 2747 3330 2810 τινὰς
3388 2750 3498 2801 τῶν
3562 2749 3702 2800 Ῥω-

2047 2837 2224 2910 μαίων
2275 2836 2336 2893 ὲκ
2380 2840 2476 2892 τοῦ
2528 2840 2924 2911 στρατιωτικοῦ
2978 2857 3039 2892 τε
3091 2838 3181 2892 καὶ
3253 2834 3553 2892 πολιτικοῦ
3584 2857 3703 2891 «uv-

2041 2928 2343 3001 τάγματος,
2404 2924 2530 2981 ἀλλ’
2597 2926 2977 2996 ἁπαξάπαντας
3032 2924 3414 2999 ἀπεπέμψατο.
3518 2929 3704 2983 Τοῦτο

2042 3012 2101 3069 δὲ
2150 3015 2243 3070 καὶ
2293 3019 2414 3076 τοῖς
2470 3013 2666 3075 ἄλλοις
2720 3018 2819 3069 τοῦ
2876 3019 3272 3088 στρατιωτικοῦ
3329 3016 3571 3090 ἡγεμόσι
3614 3018 3703 3069 καὶ

2040 3100 2249 3175 κόμησι
2308 3100 2553 3157 δέδοκτο·
2619 3104 2718 3169 τὴν
2776 3102 2882 3176 γὰρ
2937 3100 3159 3177 ἀνδρίαν
3230 3109 3339 3159 τῶν
3419 3104 3700 3178 συννόμων

2041 3192 2248 3267 ἀρετῶν
2308 3191 2680 3269 ἀφορίζοντες,
2731 3191 2821 3247 καὶ
2871 3192 3074 3264 ταύτην
3128 3194 3343 3257 ἑαυτοῖς
3376 3193 3696 3257 οἷκειοῦντες

2040 3280 2120 3342 ὡς
2176 3281 2424 3356 συγγενὲς
2484 3281 2574 3337 καὶ
2634 3281 2931 3360 σύντροφον
2987 3280 3350 3358 ἐπιτήδευμα,
3413 3283 3567 3340 οὐδὲν
3591 3288 3693 3339 τῶν

2040 3367 2230 3425 ἄλλων
2291 3369 2457 3426 ἐθνῶν
2516 3370 2593 3434 είς
2662 3372 2856 3446 Ἀρεος
2922 3366 3057 3450 ἔργα
3130 3369 3700 3448 παρασυμϐεϐλῆσθαί

274 3462 674 3534 linquebatur,
718 3464 1079 3521 immanibus
1096 3467 1299 3537 utique
1318 3463 1813 3533 erantiugeniiset
1847 3462 1931 3520 bi-

2049 3480 2226 3527 σφισιν
2258 3459 2571 3539 ἠνείχοντο.
2605 3458 2766 3517 Ἀλλ’
2796 3457 2923 3517 οὐδὲ
2969 3481 3054 3525 τις
3096 3467 3205 3517 τῶν
3237 3462 3496 3538 Χαρίτων
3526 3464 3561 3531 ἢ
3597 3467 3705 3518 τῶν

278 3551 392 3607 lem
426 3551 650 3609 ratione
672 3554 1093 3626 promptiorem
1118 3553 1435 3611 habebant.
1459 3554 1571 3611 Sed
1590 3553 1931 3624 Balduinus,

282 3638 551 3695 Thraciis
582 3640 834 3697 urbibus
859 3641 1499 3715 peragratis,0restiadi
1536 3640 1935 3714 Didymoticho

280 3735 338 3787 et
367 3730 759 3804 Philippopoli
792 3733 1062 3804 praesidia
1091 3733 1398 3805 imposuit.
1459 3732 1565 3789 Ubi
1612 3732 1933 3789 Xanthiam

280 3821 567 3893 pervenit,
596 3823 981 3896 provinciales
1005 3824 1438 3881 Sennacheribo
1487 3823 1741 3894 quodam
1791 3824 1937 3880 duce

280 3910 533 3967 insidias
573 3910 737 3969 illius
793 3913 1074 3970 exercitui
1130 3912 1528 3979 collocarunt;
1562 3912 1661 3984 qui
1713 3927 1844 3968 eum
1875 3928 1939 3967 se

281 4004 588 4080 paulisper
655 4002 1072 4073 ostendissent,
1100 4019 1307 4059 rursus
1355 4001 1726 4072 abdiderunt,
1786 3999 1937 4057 ἴθ’

285 4096 480 4153 timidi
512 4110 580 4151 eo
611 4095 827 4151 reversi
886 4093 1041 4148 unde
1094 4092 1317 4148 feroces
1366 4090 1729 4163 prodierant.
1762 4090 1843 4145 Ex
1872 4106 1940 4146 eo

280 4186 428 4240 citra
461 4199 721 4255 pugnam
752 4198 981 4247 versus,
1030 4179 1508 4237 Thessalonicam
1565 4179 1940 4250 metropolim

283 4273 449 4345 abiit,
486 4272 781 4327 Bonifacio
813 4270 1151 4327 marchione
1177 4270 1515 4340 comitante,
1547 4267 1649 4342 qui
1698 4268 1942 4325 Mariam

280 4362 645 4418 Pannoniam
680 4375 879 4416 secum
904 4359 1174 4427 ducebat,
1204 4359 1426 4415 Isaacio
1458 4356 1680 4430 Angelo
1714 4356 1939 4428 pridem

282 4449 665 4521 nuptam,sed
701 4452 834 4520 post
862 4446 1023 4503 illius
1056 4446 1280 4503 obitum
1336 4451 1394 4503 et
1450 4446 1654 4503 urbem
1715 4456 1943 4518 captam

281 4538 545 4613 legitimo
568 4537 683 4593 sibi
711 4535 1083 4593 matrimonio
1103 4536 1678 4606 junctam.Ca3terum
1704 4552 1839 4591 cum
1870 4535 1946 4592 ad

283 4627 711 4702 Mosynopolim
741 4629 983 4683 ventum
1016 4629 1193 4694 esset,
1228 4628 1285 4682 et
1344 4642 1412 4682 ex
1471 4625 1744 4698 plurimis
1779 4627 1946 4682 audi-

283 4722 462 4777 visset
491 4733 799 4791 nunquam
825 4716 886 4772 in
907 4715 1107 4772 animo
1130 4714 1412 4772 habuisse
1451 4714 1803 4771 Balduinum
1835 4711 1946 4771 sibi

2046 3550 2281 3606 Μουσῶν
2337 3551 2485 3625 παρᾶ
2539 3554 2657 3612 τοῖς
2716 3544 3014 3626 βαρϐάροις
3067 3550 3283 3614 τούτοις
3350 3550 3696 3625 ἐπεξενίζετο·

2041 3639 2129 3694 καὶ
2164 3639 2311 3715 παρᾶ
2337 3643 2523 3709 τοῦτο,
2555 3640 2734 3713 οἶμαι,
2776 3643 2876 3711 τήν
2917 3639 3075 3716 φύσιν
3134 3641 3270 3711 ἦσαν
3311 3642 3582 3717 ἀνήμεροι
3611 3641 3703 3696 καὶ

2040 3729 2137 3784 τὸν
2196 3728 2373 3804 χόλον
2433 3730 2583 3805 εἶχον
2637 3733 2735 3784 τοῦ
2793 3728 2966 3804 λόγου
3023 3730 3421 3806 προτρέχοντα·
3456 3731 3694 3787 Διελθὼν

2043 3817 2220 3873 τοίνυν
2272 3818 2370 3881 τὰς
2427 3818 2689 3893 Θρᾳκῲας
2762 3817 2956 3882 πόλεις
3032 3820 3060 3874 6
3139 3818 3475 3883 Βαλδουῖνος
3503 3824 3574 3896 τῇ
3613 3821 3706 3893 μὲν

2045 3905 2348 3982 Ὀρεστιάδι
2386 3909 2625 3986 φρουράν
2659 3906 3028 3983 ἐγκατέλεξεν,
3074 3908 3282 3982 ὁμοίως
3330 3907 3387 3965 δὲ
3436 3910 3525 3964 καὶ
3573 3911 3710 3966 κατὰ

2042 3997 2107 4053 τὸ
2146 3992 2548 4076 Διδυμότοιχον
2601 3997 2693 4052 καὶ
2748 3998 2850 4067 τήν
2911 3995 2973 4052 ἐκ
3028 3998 3316 4054 Φιλίππου
3381 4000 3710 4074 παρώνυμον

2045 4084 2209 4140 πόλιν
2239 4082 2581 4160 διεπράξατο.
2632 4087 2721 4151 Ὠς
2769 4083 2816 4142 δ’
2866 4086 2943 4142 εἷς
2989 4085 3256 4153 Ξάνοειαν
3296 4086 3473 4155 ἵκετο,
3525 4089 3705 4163 Λόχον

2050 4174 2102 4230 οἱ
2160 4172 2332 4230 ἐκεῖσε
2386 4174 2811 4239 ὑποκαθίσαντες
2870 4178 3184 4253 Σενάχερίμ
3247 4199 3396 4241 τινος
3467 4178 3701 4254 ἐξηγου-

2053 4264 2217 4339 μὲνου
2276 4268 2356 4338 τῷ
2413 4269 2775 4339 στρατεῦματι
2833 4265 3009 4342 λάθρα
3066 4266 3336 4323 ἐπέθεντο·
3405 4268 3604 4345 μικρὸν
3644 4265 3705 4323 δέ

2049 4375 2101 4411 τι
2130 4355 2377 4434 φανέντες
2422 4355 2823 4431 ἀπεκρύψαντο,
2881 4354 3191 4419 ἐπανιόντες
3242 4353 3555 4433 δείλανδροι
3586 4356 3705 4423 ὅθεν

2051 4442 2269 4518 ἰξῂεσαν
2314 4441 2723 4520 θρασυκάρδιοι.
2773 4444 2835 4502 Ὀ
2880 4442 2937 4500 δὲ
2983 4444 3192 4521 ἀμαχεὶ
3241 4444 3303 4501 ἐκ
3347 4444 3509 4502 τοῦδε
3538 4447 3710 4522 προῦ-

2050 4533 2225 4607 χώρει
2263 4532 2401 4608 πρὸς
2456 4533 2558 4602 τήν
2616 4531 3052 4589 Θεσσαλονικέων
3117 4535 3487 4609 μητρόπολιν.
3519 4536 3708 4614 Ἐφεί-

2050 4642 2183 4678 πετο
2236 4620 2296 4678 δὲ
2338 4623 2391 4677 οὶ
2431 4624 2459 4679 6
2508 4624 2833 4702 Βονιεράτιος
2885 4621 3198 4701 μαρκέσιος,
3244 4628 3344 4696 τήν
3379 4626 3440 4682 ἐκ
3469 4627 3712 4683 Παιόνων

2052 4713 2260 4790 Μαρίαν
2316 4713 2671 4790 ἐπαγόμενος.
2726 4715 2979 4789 Ἰσαακίῳ
3035 4717 3128 4791 μὲν
3178 4722 3258 4791 τῷ
3316 4717 3370 4790 ἐξ
3424 4718 3706 4797 Ἀγγὲλων

282 4810 501 4885 inclyta
531 4806 973 4879 Thessalonica,
1034 4809 1101 4862 ut
1158 4804 1543 4876 convenisset,
1589 4804 1813 4870 cedere,
1844 4804 1941 4860 sed

2054 4804 2415 4880 ἁρμοσθεῖσαν
2446 4805 2731 4882 πρότερον,
2768 4806 2901 4878 μετὰ
2950 4803 3009 4862 δὲ
3056 4809 3156 4878 τήν
3207 4807 3413 4866 ἐκείνου
3453 4806 3706 4867 ἐκϐίωσιν

284 4917 352 4957 ea
381 4867 451 4955 due
473 4916 651 4956 causa
708 4898 765 4955 id
822 4896 937 4953 iter
995 4894 1333 4968 suscepisse
1362 4898 1423 4951 et
1464 4893 1712 4951 celerius
1741 4894 1844 4961 ire,
1879 4900 1941 4950 ut

2051 4892 2143 4949 καὶ
2198 4895 2300 4965 τήν
2350 4901 2451 4965 τῆς
2506 4892 2726 4959 πόλεως
2784 4894 2990 4952 ἅλωσιν
3059 4901 3502 4955 συνευνασθεῖσαν
3560 4899 3703 4969 αὐτῷ

284 4990 491 5045 urbem
550 4989 714 5046 illam
773 4990 1105 5059 occuparet,
1166 4985 1343 5058 longo
1428 4992 1688 5054 tempore
1761 4983 1939 5039 veluti

284 5079 567 5135 attonitus
652 5077 837 5134 stetit.
896 5076 1116 5133 Deinde
1175 5092 1290 5148 pra
1344 5073 1527 5131 animi
1592 5073 1939 5146 aegritudine

284 5166 567 5224 convertit
622 5167 776 5224 iter:
837 5164 1190 5222 Balduinum
1271 5163 1628 5221 fallaciorem
1698 5162 1937 5232 Graecis,

284 5258 596 5331 perﬁdum,
655 5257 862 5324 levem,
933 5260 1154 5313 tessera
1236 5252 1673 5311 mutabiliorem
1752 5258 1937 5324 vocat,

2048 4983 2185 5039 κατά
2208 4982 2434 5057 νόμους.
2487 4984 2638 5041 Ἐπεὶ
2700 4982 2757 5040 δὶ
2821 4987 2851 5040 6
2907 4986 3003 5060 μὲν
3062 4985 3392 5052 Βαλδουῖνος
3422 4986 3694 5056 αύλίζοιτο

2047 5072 2186 5128 κατᾶ
2276 5073 2377 5143 τὴν
2455 5071 2867 5146 Μοσυνόπολιν,
2945 5076 2973 5129 6
3050 5073 3108 5132 δὲ
3193 5079 3478 5151 μαρκέσιος
3550 5075 3696 5149 παρᾶ

2050 5162 2331 5219 πλείστων
2375 5160 2520 5237 μηδέ
2577 5184 2711 5220 ποτε
2741 5164 3034 5240 προθέσθαι
3066 5166 3159 5222 τὸν
3179 5164 3501 5224 Βαλδουῖνον
3536 5165 3698 5221 ὑπεκ-

2050 5251 2240 5323 στῆναί
2301 5252 2353 5308 οἱ
2403 5258 2509 5324 τῆς
2565 5251 2811 5330 λογίμης
2863 5252 3287 5330 Θεσσαλονίκης,
3343 5256 3584 5333 καθάπερ
3635 5253 3707 5324 δὴ

1686 5380 1854 5443 Hier.
1891 5380 2108 5443 Wolﬁi
2135 5387 2326 5442 notae.

361 5533 587 5610 (63)]Γὸ
621 5532 751 5610 cui?
795 5530 1119 5610 Εὐκλείδην.
1152 5533 1348 5610 ϐαδιετί
1397 5533 1637 5610 codices
1676 5549 1790 5610 non
1842 5532 1945 5610 ha-

292 5604 577 5666 beht.Nec
600 5604 742 5676 mihi
766 5612 898 5676 nota
920 5612 1014 5676 est
1028 5606 1269 5662 historia
1290 5608 1361 5662 de
1397 5605 1656 5662 Euclidis
1696 5604 1947 5676 alicujus

293 5680 630 5738 insolentia.
662 5674 975 5751 Εὐκλείδου
995 5674 1266 5751 ἄρχοντος
1299 5678 1366 5734 fit
1387 5679 1609 5751 _mentio
1640 5678 1804 5751 apud
1831 5674 1945 5751 De.

294 5751 686 5817 mosthenem,
719 5751 790 5808 de
847 5748 1264 5824 legibusante
1317 5749 1405 5807 vel
1472 5754 1608 5823 post
1646 5748 1942 5807 Euclidem

2057 5532 2263 5612 irritis.
2297 5533 2586 5612 Fortassis
2616 5534 2723 5612 hoc
2750 5535 2878 5612 vult
2925 5533 2990 5612 τὸ
3052 5535 3182 5611 ὑπὲρ
3225 5534 3531 5610 Εὐκλείδην
3566 5556 3712 5612 pre-

2058 5611 2308 5671 mature,
2341 5608 2772 5679 intempestive,
2804 5607 3127 5666 insolenter
3153 5607 3519 5667 'encomium
3567 5607 3715 5669 'cum

2057 5684 2428 5760 canere-ante
2456 5678 2785 5760 victoriam,
2816 5685 2883 5739 ut
2939 5681 3013 5739 ad
3068 5682 3411 5760 προθεσμίαν
3463 5687 3570 5740 τῶν
3618 5703 3722 5740 κυ-

2058 5746 2190 5828 ρίων
2216 5749 2403 5826 νόμων
2435 5750 2682 5811 alludat.
