4074 6444
364 405 482 466 985

1812 403 2021 466 URBS
2063 404 2342 467 CAPTA.

3670 402 3794 466 986

365 537 452 591 καὶ
508 533 776 602 συνέθετο,
815 532 963 589 ἀλλὰ
1010 531 1149 588 κατὰ
1193 537 1359 589 τοῦτο
1410 535 1660 609 προϊέναι
1705 534 1797 589 καὶ
1828 535 2019 589 συντόι·

2138 537 2607 610 Didymotichum
2664 541 2931 611 occupat,
2982 554 3166 611 ecquo
3247 537 3525 594 omnibus
3603 538 3795 595 modis

372 647 468 682 νου
500 623 720 704 ἔχεσθαι
752 631 852 694 τῆς
900 624 1125 697 πορείας
1173 623 1249 685 ὡς
1295 624 1394 693 τήν
1444 622 1609 678 πόλιν
1662 624 1843 679 εἰσιὼν
1878 621 2029 678 ῗδιώ-

370 735 546 783 σαιτο,
579 712 710 776 αὖος
742 714 809 784 ἦν
840 714 922 787 ἐφ’
952 713 1162 781 ἱκανὸν,
1212 711 1393 787 ὣσπερ
1428 712 1531 767 ὑπὸ
1578 718 1841 789 κεραυνοῦ
1886 712 2031 788 βλη-

369 804 499 869 θείς.
578 804 786 861 Οὐκοῦν
867 803 956 858 ὑπ’
1030 802 1262 876 ἀθυμίας
1350 802 1536 879 φανεὶς
1633 803 2029 878 κατακώχιμος

367 896 692 968 παλίμπους
753 894 992 969 φέρεται.
1053 896 1298 968 Γραικῶν
1354 891 1770 967 ἀπατηλότερον
1821 893 1910 948 καὶ
1966 894 2030 948 τὸ

367 985 508 1054 ἦθος
542 978 845 1057 παμὸώδη
907 983 997 1038 καὶ
1057 980 1288 1039 ἄπιστον
1345 982 1438 1038 καὶ
1495 977 1854 1057 παλίμϐολον
1897 982 2030 1058 ὑπὲρ

368 1073 628 1148 ὄστρακον
701 1074 789 1127 καὶ
867 1070 1037 1128 κύϐον
1111 1073 1203 1127 τὸν
1297 1069 1629 1128 Βαλδουϊνον
1708 1069 2026 1130 ἀποκαλῶν.

366 1159 590 1234 Ἀμέλει
646 1184 733 1219 τοι
790 1162 881 1218 καὶ
946 1156 1277 1217 καταλαϐὼν
1332 1162 1396 1217 τὸ
1463 1159 1869 1237 Διδυμότοιχον
1939 1151 2030 1216 καὶ

361 1260 634 1324 παντοίως
683 1260 815 1316 αὐτὸ
873 1259 1304 1336 κρατυνάμενος,
1365 1260 1455 1317 ἐπὶ
1522 1259 1581 1315 δὲ
1639 1260 1734 1323 τὰς
1795 1261 2028 1336 Θρᾳκίας

361 1350 553 1412 πόλεις
628 1350 938 1405 ἀναστατῶν
1014 1350 1162 1419 πλὴν
1228 1356 1333 1420 τῆς
1395 1347 1738 1426 Ὁρεστιάδος
1801 1350 2028 1423 (ταύτην

364 1441 469 1516 γὰρ
502 1441 945 1515 ἀντιπαρήρχετο
997 1438 1253 1496 πλεῖστον
1306 1440 1431 1494 ὅσον
1470 1439 1534 1493 τὸ
1584 1439 1645 1495 ἐκ
1689 1437 2027 1495 Βαλδουίνου

367 1530 655 1604 στέγουσαν
728 1530 1082 1604 ὁπλομάχον)
1136 1531 1338 1606 φόρους
1408 1530 1693 1585 συνέταττε
1740 1530 1833 1584 καὶ
1881 1531 2027 1588 Ῥω-

368 1621 565 1693 μαίους
596 1622 927 1693 συνήγειρεν,
990 1622 1078 1693 [Ρ.
1112 1622 1238 1692 387]
1291 1617 1344 1674 εἷ’
1396 1641 1449 1674 τι
1512 1618 1784 1696 φρικῶδες
1815 1621 2025 1695 ἀνθρώ-

364 1730 490 1771 ποις
523 1709 614 1763 καὶ
676 1704 949 1764 θειότατον
1011 1704 1189 1782 ὄνομα
1239 1709 1416 1788 φέρων
1475 1707 1564 1763 διὰ
1616 1709 1895 1785 γλώττης,
1935 1713 2025 1766 καὶ

371 1798 780 1875 μαρτυρόμενος
826 1796 1151 1853 ἀπείπασθαι
1222 1799 1317 1873 μὲν
1372 1799 1468 1860 τὰς
1534 1800 1653 1872 μεθ’
1721 1798 2022 1878 ὁμοφύλων

368 1885 603 1950 σπονδὰς
634 1888 725 1942 καὶ
779 1890 880 1958 τὴν
934 1887 1198 1963 πρότερον
1259 1888 1587 1961 σύμπνοιαν,
1641 1888 1935 1961 Ῥωμαίοις
1969 1888 2025 1944 δὲ
2056 1914 2102 1981 Β

367 1981 765 2054 προσχωρῆσαι
834 1977 1126 2052 λαμπρῶς.
1178 1980 1357 2035 Ταῦτα
1408 1975 1581 2053 λέγων
1646 1979 1734 2033 καὶ
1796 1975 2019 2052 διομνύ-

369 2089 527 2140 μενος
576 2068 1119 2147 προσεμηχανήσατό
1173 2089 1226 2123 τι
1283 2068 1374 2122 καὶ
1431 2064 1614 2142 ἕτερον
1691 2072 1883 2123 ποιοῦν
1960 2070 2027 2124 τὰ

363 2157 586 2231 ῥήματα
628 2158 1017 2232 εὐπαράδεκτα·
1074 2158 1167 2213 τὸν
1221 2158 1324 2233 γάρ
1380 2157 1732 2231 πρωτότοκον
1779 2158 1898 2212 υἱέα
1925 2165 2025 2227 τῆς

363 2246 754 2320 συζευχθείσης
823 2247 971 2319 αύτῷ
1047 2246 1258 2321 Μαρίας
1336 2247 1556 2317 (κλῆσις
1630 2244 1833 2302 τουτωί
1908 2255 2028 2304 Μα-

359 2337 561 2410 νουήλ)
639 2336 868 2411 βασιλέα
930 2335 1224 2410 Ῥωμαίων
1300 2336 1683 2413 ἀνηγορεύκει,
1763 2337 2026 2400 ὑπεκστὰς

364 2425 553 2498 ἐκείνῳ
606 2426 698 2481 καὶ
755 2428 1045 2500 σχήματος
1098 2427 1187 2481 καὶ
1250 2425 1521 2499 ὀνόματος
1580 2426 1671 2481 καὶ
1713 2426 1778 2482 τὸ
1812 2447 2027 2500 προσω·

364 2521 517 2569 πεῖον
549 2519 717 2570 τοῦτο
774 2516 866 2569 καὶ
922 2516 1232 2590 πρόσχημα
1281 2522 1420 2572 κατά
1479 2515 1640 2594 στίφη
1698 2514 1832 2578 τοὺς
1887 2516 2028 2572 Ῥω-

369 2606 563 2678 μαίους
595 2605 824 2680 ἆγήοχε.
860 2607 963 2661 Καὶ
995 2606 1266 2668 τοιούτοις
1318 2607 1412 2677 μὲν
1466 2604 1709 2661 ἐνεπόλει
1755 2604 2031 2684 σοφίσμα-

365 2716 446 2750 σιν
480 2696 509 2750 ὁ
545 2695 859 2769 μαρκέσιος,
896 2697 972 2767 μή
1028 2697 1165 2770 πρὸς
1209 2694 1471 2767 ἀλήθειαν
1501 2696 1652 2759 ὅλως
1694 2693 2027 2770 δρωμένοις,

365 2794 440 2857 ὡς
470 2795 536 2848 τὰ
571 2796 861 2867 μετέπειτα
918 2796 1285 2872 καθυπέφηνεο
1316 2799 1415 2851 τοῦ
1470 2794 1529 2851 δέ
1588 2815 1651 2869 γε
1682 2791 2028 2851 Βαλδουίνου

368 2887 433 2957 τῇ
496 2883 864 2958 Θεσσαλονίκῃ
936 2883 1247 2958 ἐγγίσαντος
1316 2886 1445 2945 ἅοας
1505 2883 1827 2959 ἐξερρύησαν
1861 2884 2026 2952 λεὼς,

364 2973 454 3026 καὶ
491 2974 607 3044 μετ’
639 2972 892 3044 εὐσήμων
925 2975 1072 3048 βοῶν
1121 2979 1256 3051 σφᾶς
1323 2994 1382 3030 τε
1436 2975 1638 3037 αὐτοὺς
1669 2973 1760 3029 καὶ
1790 2974 1890 3042 τὴν
1921 2974 2025 3028 πό-

363 3060 449 3117 λιν
512 3066 837 3137 περιχαρῶς
900 3060 1225 3120 ἐνδιδόασιν.
1294 3063 1588 3120 Ἱκέτευσαν
1663 3065 1846 3137 μέντοι
1899 3064 2028 3136 μήτ’

362 3151 528 3206 αὐτὸν
587 3149 925 3207 Βαλδουῖνον
987 3146 1244 3221 ἐπιϐῆναι
1301 3159 1401 3222 τῆς
1457 3151 1700 3223 πόλεως,
1760 3156 1900 3226 μήτε
1929 3152 2031 3221 τήν

361 3239 493 3295 ε’ἶσω
545 3241 608 3295 τὸ
671 3261 978 3315 στρατευμα
1032 3249 1391 3317 συγχωρῆσαι
1446 3242 1757 3317 παρελθεῖν·
1794 3240 2026 3298 δεδιέναι

362 3330 466 3406 γὰρ
539 3331 615 3404 μὴ
691 3330 759 3386 τὰ
823 3330 1031 3385 ἐκείνου
1098 3332 1651 3408 παραγκωνισάμενον
1715 3331 2026 3406 ἐντάλματα

365 3421 466 3487 τὴν
525 3418 687 3475 πόλιν
747 3419 1111 3487 σκυλεύσειεν,
1146 3424 1233 3476 οἷα
1270 3419 1401 3496 μηδ’
1436 3423 1523 3500 ὑφ’
1551 3419 1647 3478 ἕνα
1696 3424 2024 3497 ταττόμενον

365 3509 631 3582 ἡγεμόνα,
687 3507 815 3566 ἀλλ’
872 3509 932 3565 ἐκ
988 3508 1222 3565 πολλῶν
1284 3510 1657 3587 ἀγηγερμένον
1699 3512 2026 3589 φυλαρχιῶν

363 3598 453 3653 κάὶ
487 3598 766 3662 πλείστοις
826 3601 1185 3674 ὑποκείμενον
1242 3599 1527 3676 ἄρχουσιν.
1581 3603 1644 3658 Ὁ
1692 3601 2023 3666 Βαλδουῖνος

360 3689 541 3743 τοίνυν
572 3694 738 3745 τοῦτο
800 3690 896 3764 μὲν
953 3695 1075 3755 ταῖς
1124 3694 1233 3745 τῶν
1292 3692 1560 3762 αἰτήσεως
1604 3690 1858 3767 εὐλόγοις
1892 3695 2024 3748 καθ-

362 3779 651 3855 υπαχθεῖς,
680 3784 843 3835 τοῦτο
900 3776 959 3835 δὲ
1013 3777 1326 3855 βάλλουσαν
1377 3777 1523 3856 ἔχων
1582 3781 1657 3854 μὴ
1712 3780 1888 3859 ἀγαθὰ
1937 3779 2021 3837 δι-

362 3864 557 3923 δοῦσαν
591 3870 946 3939 φαντάζεσθαι
999 3871 1100 3939 τήν
1165 3868 1460 3945 μαρκεσίου
1532 3874 1644 3944 μετ’
1680 3870 1853 3947 ὀργῆς
1884 3872 2022 3928 ὑπο-

358 3958 631 4032 χὼρήσιν,
663 3957 715 4013 ἐν
744 3957 982 4021 πολλοῖς
1031 3957 1088 4015 δὲ
1139 3961 1230 4014 καὶ
1278 3965 1570 4017 κεντοῦντα
1614 3962 1718 4030 τήν
1749 3960 1921 4032 ἀκοὴν
1953 3964 2023 4018 τὰ

358 4046 448 4102 ὑπ’
505 4048 713 4103 ἐκείνου
762 4050 1044 4125 γινόμενα,
1094 4056 1213 4112 τοῖς
1263 4051 1715 4108 Θεσσαλονικεῦσι
1744 4052 2020 4130 προσέσχε

353 4140 443 4192 καί
500 4138 735 4213 γράμμα
790 4138 970 4216 σφίσιν
1047 4138 1456 4218 ἐρυθρόγραφον
1515 4139 1826 4217 ἐνεχείρισε,
1888 4147 2018 4198 πᾶσι

352 4232 469 4288 τοῖς
523 4226 734 4299 ἐθίμοις
793 4230 862 4299 τῇ
948 4226 1110 4281 πόλει
1177 4228 1242 4282 τὸ
1320 4223 1558 4301 ἔμπεδον
1617 4231 2012 4308 χαριζόμενον.

352 4320 579 4392 Ἀμέλει
637 4322 727 4377 καὶ
804 4323 939 4398 πρὸς
1007 4323 1219 4399 ἡμέρας
1312 4324 1733 4400 ἐναυλισάμενος
1802 4326 2014 4399 ἔξωθεν,

353 4411 442 4465 καὶ
521 4410 948 4492 φιλοφρονηθεὶς
1010 4413 1078 4469 τὰ
1142 4414 1345 4484 εἰκότα,
1405 4417 1678 4472 ἐπάνεισιν
1742 4417 1894 4480 αὖθις
1937 4419 2012 4481 εἰς

351 4502 414 4555 τὸ
480 4502 791 4573 Βυζάντιον⁶
857 4501 966 4573 ἤδη
1037 4504 1137 4580 γὰρ
1201 4505 1294 4560 καὶ
1363 4503 1617 4583 ἀγγελίαν
1680 4509 1829 4562 τοῦτ’
1880 4506 2012 4562 αὐτὸ

354 4588 791 4661 ἐπισκῆπτουσαν
871 4588 1160 4666 δεξάμενος
1235 4592 1302 4662 ἦν
1398 4596 1535 4671 πρὸς
1634 4599 1736 4651 τοῦ
1813 4592 2009 4658 δουκὸς

2136 630 2369 685 ﬁrmato
2402 630 2681 685 Thracias
2714 630 2889 686 urbes
2918 632 3139 696 evertit,
3173 628 3475 685 Orestiade
3532 635 3790 702 excepta,

2137 734 2315 787 quam
2349 718 2602 774 maximo
2636 720 2903 791 praesidio
2936 736 2969 775 a
3000 719 3284 774 Balduino
3320 719 3609 774 ﬁrmatam
3646 735 3793 789 prae-

2136 807 2314 863 teriit.
2352 808 2673 880 Vectigalia
2738 810 2989 875 ordinat,
3035 809 3327 865 Romanas
3380 808 3618 879 colligit,
3654 826 3789 863 san—

2137 897 2398 952 ctissimo
2423 898 2809 969 jurejurando
2844 899 3000 966 dato,
3033 903 3093 954 et
3123 897 3225 953 Dei
3287 913 3500 952 nomen
3546 898 3795 953 subinde

2137 989 2386 1042 testatus
2429 1004 2491 1042 se
2548 986 2917 1059 popularium
2972 1003 3214 1042 suorum
3276 988 3552 1042 societate
3592 986 3794 1042 relicta

2136 1092 2379 1148 prorsus
2409 1078 2476 1132 ad
2513 1078 2803 1133 Romanos
2842 1078 3145 1132 defecisse.
3176 1076 3799 1145 Preeterdejerationes

2137 1164 2283 1221 istas
2314 1166 2476 1221 aliud
2504 1168 2682 1222 etiam
2719 1166 3116 1232 machinatus,
3149 1170 3214 1221 ut
3239 1165 3431 1220 verbis
3485 1165 3633 1220 793
3668 1165 3795 1221 suis

2137 1255 2313 1310 ﬁdem
2346 1255 3122 1328 astrueret,primogenitum
3154 1255 3424 1326 conjugis
3454 1272 3569 1310 suae
3601 1254 3790 1310 Marias

2135 1344 2322 1399 {ilium
2357 1344 2686 1401 Manuelem
2717 1345 3117 1401 Romanorum
3170 1343 3583 1415 imperatorem
3616 1344 3788 1414 dixit,

2134 1430 2304 1503 eique
2334 1438 2389 1487 et
2411 1431 2610 1488 habitu
2670 1437 2728 1499 et
2777 1433 2948 1488 titulo
3006 1430 3201 1488 cessit.
3264 1431 3386 1496 Quo
3453 1435 3787 1486 commenta

2135 1520 2429 1578 Romanos
2450 1521 2787 1577 catervatim
2817 1521 2892 1577 ad
2922 1539 2981 1577 se
3007 1521 3263 1593 pellexit,
3289 1522 3552 1593 quamvis
3574 1536 3640 1576 ea
3671 1537 3786 1576 non

2135 1627 2376 1681 prorsus
2407 1627 2475 1667 ex
2506 1613 2703 1667 animo
2738 1611 2972 1680 faceret,
3006 1621 3065 1665 ut
3095 1616 3231 1683 post
3285 1616 3528 1666 eventus
3569 1609 3787 1666 docuit.

2132 1700 2276 1756 Cum
2303 1704 2498 1757 autem
2530 1700 2854 1757 Balduinus
2888 1718 2999 1756 non
3035 1699 3234 1773 procul
3285 1717 3316 1755 a
3366 1698 3790 1757 Thessalonica

2134 1793 2386 1858 abesset,
2420 1793 2614 1849 omnis
2648 1798 2902 1865 populus
2957 1792 3009 1847 ei
3065 1790 3340 1860 occurrit,
3372 1797 3429 1847 et
3459 1789 3615 1847 clara
3645 1806 3786 1847 voce

2132 1883 2335 1938 urbem
2369 1887 2575 1937 etsese
2604 1881 3142 1938 hilariterdedidit:
3207 1886 3404 1936 tamen
3462 1880 3650 1936 oravit
3708 1896 3783 1937 ne

2129 1972 2215 2027 vel
2250 1972 2374 2043 ipse
2431 1973 2634 2028 urbem
2695 1972 2941 2027 intraret
2997 1970 3084 2027 vel
3151 1971 3468 2027 exercitum
3552 1969 3779 2039 ingredi

2129 2064 2441 2132 pateretur,
2503 2077 2600 2131 qui
2662 2077 2794 2115 cum
2856 2077 2972 2116 non
3031 2060 3134 2115 uni
3183 2058 3319 2115 duci
3367 2068 3589 2130 pareret
3623 2064 3680 2115 et
3714 2076 3783 2116 ex

2128 2149 2303 2205 Variis
2333 2150 2609 2222 gentibus
2641 2154 2959 2216 constaret,
2994 2148 3173 2206 vereri
3198 2165 3260 2204 se
3294 2165 3365 2203 ne
3396 2148 3556 2205 illius
3590 2148 3788 2205 edicto

2130 2251 2327 2317 spreto
2360 2245 2573 2303 milites
2600 2248 2803 2302 urbem
2839 2247 3181 2319 spoliarent.
3216 2247 3404 2310 Quare
3460 2244 3787 2301 Balduinus

2133 2336 2345 2407 partim
2379 2337 2651 2408 aequitate
2684 2336 3098 2407 postulationis
3126 2337 3436 2402 adductus,
3470 2334 3684 2407 partim
3716 2350 3786 2391 ex

2132 2426 2268 2481 irati
2322 2425 2674 2481 marchionis
2734 2427 3003 2483 discessu
3064 2426 3210 2481 nihil
3271 2426 3407 2482 boni
3463 2441 3787 2498 augurans,

2133 2516 2346 2587 partim
2374 2516 2446 2572 ob
2480 2516 2627 2572 facta
2660 2517 2842 2582 illius,
2868 2533 2995 2589 qua:
3029 2516 3186 2573 fama
3211 2516 3512 2582 aﬂ‘erebat,
3556 2516 3788 2582 anxius,

2133 2605 2765 2662 Thessalonicensibus
2814 2607 3043 2679 annuit,
3096 2611 3154 2663 et
3209 2606 3520 2663 rubricatis
3577 2606 3791 2662 litteris

2132 2697 2334 2753 omnia
2391 2697 2552 2752 urbis
2609 2696 2883 2752 instituta
2938 2706 2993 2753 et
3052 2697 3513 2753 consuetudines
3581 2697 3789 2753 contir-

2134 2784 2316 2842 mavit
2345 2805 2360 2855 ;
2394 2792 2451 2842 et
2478 2785 2703 2857 aliquot
2734 2788 2944 2843 diebus
2972 2792 3135 2844 extra
3194 2787 3408 2843 mmnia
3445 2786 3788 2856 honorifice,

2134 2882 2200 2930 ut
2232 2876 2692 2941 decuit,habitus
2714 2877 3055 2947 Byzantium
3114 2877 3441 2933 revertitur.
3474 2879 3602 2932 .lam
3630 2876 3786 2932 enim

2134 2967 2312 3022 etiam
2351 2965 2722 3022 Venetiarum
2781 2968 2949 3023 ducis
3007 2966 3287 3032 Danduli,
3317 2974 3371 3023 et
3407 2967 3656 3022 aliorum
3688 2983 3790 3023 co—

2120 3055 2348 3110 'mitum
2405 3054 2504 3128 qui
2564 3056 2623 3110 in
2694 3056 2838 3111 urbe
2896 3061 3363 3129 permanserant,
3400 3057 3554 3111 794
3585 3056 3792 3111 litteris

2136 3145 2537 3203 revocabatur.
2593 3145 2881 3202 Balduino
2939 3163 3169 3202 reverso
3239 3145 3501 3201 marchio
3556 3161 3794 3217 quoque

2142 3250 2246 3308 per
2274 3235 2568 3291 Iot'redum
2601 3237 2918 3307 quemdam
2954 3252 3181 3307 magnas
3235 3235 3603 3291 auctoritatis
3634 3237 3789 3306 apud

2140 3325 2373 3381 Latinas
2450 3325 2647 3397 copias
2705 3326 2917 3393 virum,
2977 3341 3152 3397 quem
3211 3324 3297 3379 illi
3356 3326 3794 3396 mariscalcum,

2138 3415 2317 3472 Graeci
2351 3420 2863 3488 prostostratorem
2891 3419 3119 3486 vocant,
3151 3419 3458 3472 revocatur
3488 3434 3504 3484 ;
3567 3420 3625 3471 et
3675 3416 3792 3472 ﬁde

2135 3502 2509 3577 impunitatis
2542 3510 2784 3577 accepta
2812 3505 2871 3560 in
2905 3504 3108 3561 urbem
3141 3504 3439 3576 profectus
3488 3522 3555 3561 ac
3585 3521 3792 3562 recon-

2136 3601 2335 3658 ciliata
2356 3600 2629 3657 Balduini
2657 3603 2865 3674 gratia,
2885 3601 3290 3675 Didymoticho
3325 3602 3480 3658 cedit
3509 3606 3567 3658 et
3605 3601 3790 3657 Thes-

2135 3692 2459 3749 salonicam
2490 3694 2832 3762 descendit;
2864 3693 2961 3749 ubi
2990 3693 3062 3749 ab
3093 3692 3370 3749 omnibus
3428 3692 3568 3748 citra
3618 3693 3792 3748 dimi-

2133 3781 2420 3838 cationem
2442 3788 2757 3854 susceptus
2788 3782 2991 3838 urbem
3018 3782 3365 3854 ingreditur,
3398 3782 3456 3837 in
3483 3783 3790 3853 praesentia

2129 3870 2382 3944 tempori
2403 3872 2915 3944 serviens,ingenii
2940 3872 3165 3927 malitia
3208 3877 3267 3928 et
3307 3872 3501 3928 animo
3537 3870 3788 3943 bilingui

2130 3961 2523 4018 dissimulato.
2544 3961 2740 4032 Neque
2758 3967 2953 4016 tamen
2974 3964 3195 4016 diutius
3233 3960 3567 4017 institutum
3594 3970 3788 4018 tenere

2130 4052 2322 4122 potuit
2351 4069 2367 4120 ;
2395 4050 2497 4107 sed
2534 4057 2597 4106 ut
2628 4050 2941 4106 mustelam
2986 4052 3189 4106 sebum
3238 4051 3518 4122 prodidit,
3548 4049 3631 4105 ita
3660 4050 3788 4122 ipse

2127 4139 2704 4208 Thessalonicenes,
2738 4140 2989 4212 cognitis
3019 4157 3217 4196 eorum
3252 4140 3490 4212 opibus,
3541 4139 3790 4211 pecunia

2128 4228 2417 4286 multavit.
2453 4231 2671 4285 Deinde
2705 4228 3130 4299 pulcherrimas
3189 4229 3345 4284 ardes
3377 4229 3633 4284 dominis
3663 4244 3785 4285 ere-

2126 4323 2258 4390 ptas
2289 4318 2592 4390 equitibus
2625 4319 2750 4375 suis
2782 4318 3122 4375 incolendas
3172 4318 3452 4388 tradidit;
3486 4318 3787 4390 Mariaque

2125 4408 2375 4480 conjuge
2407 4412 2465 4463 et
2487 4414 2649 4480 parte
2679 4409 2974 4465 exercitus
3006 4409 3089 4475 ibi
3116 4408 3338 4477 relicta,
3380 4409 3627 4465 urbibus
3658 4424 3780 4478 qua

2124 4497 2313 4553 Serris
2365 4503 2422 4553 et
2480 4497 2761 4554 Berrhaeae
2814 4498 3079 4555 ﬁnitimae
3146 4508 3285 4555 sunt
3341 4505 3398 4555 et
3455 4500 3526 4555 ad
3561 4500 3781 4570 Tempe

2119 4586 2536 4643 Thessalonica
2558 4590 2873 4658 pertinent,
2908 4593 3111 4659 praeter
3149 4589 3486 4661 opinionem
3534 4591 3781 4660 potitus,

353 4683 604 4746 Βενετίας
684 4681 1001 4740 Δανδούλου
1074 4685 1165 4740 καὶ
1232 4684 1353 4741 ὅσοι
1424 4688 1532 4743 τῶν
1600 4690 1862 4761 κομήτών
1935 4693 2005 4764 τῇ

2129 4694 2350 4750 semper
2371 4694 2439 4735 ea
2455 4694 2581 4749 quas
2610 4683 2837 4734 teneret
2887 4679 3097 4750 exigua
3135 4684 3322 4746 ratus,
3353 4686 3410 4734 et
3438 4679 3512 4735 ob
3562 4682 3779 4734 Roma-

351 4772 931 4829 Κωνσταντινουπόλει
1005 4774 1330 4849 παρέμενον.
1407 4776 1496 4840 Ὠς
1580 4775 1818 4847 ἐπανῆκε
1889 4777 2011 4832 τοί-

348 4885 440 4918 νυν
480 4864 508 4918 ὁ
548 4859 909 4936 Βαλδουῖνος,
981 4866 1373 4939 μετάπεμπτος
1414 4866 1624 4942 γίνεται
1700 4866 1791 4923 καί
1871 4887 2006 4943 μαρ-

348 4956 549 5026 κέσιος,
619 4954 795 5036 Ἰοφρέ
858 4975 1008 5019 τινος
1085 4952 1558 5029 έπιδεδημηκότος
1631 4956 1801 5031 αὐτῷ,
1873 4963 2008 5035 μέγα

348 5049 494 5124 παρὰ
567 5052 685 5110 τοῖς
764 5050 872 5102 τῶν
940 5045 1184 5102 Λατίνων
1263 5045 1562 5124 δυναμένου
1640 5050 2007 5126 στρατεύμασι

348 5136 775 5213 (μαρισκάλκος
826 5137 892 5206 ἦν
942 5135 1189 5209 τάξίωμα
1237 5137 1265 5192 ὁ
1314 5137 1476 5214 ἀνὴρ,
1540 5137 1707 5211 δηλοῖ
1785 5138 1841 5195 δὲ
1891 5142 2009 5220 καθ’

347 5224 624 5296 ’Έλληνας
691 5228 725 5295 ἡ
794 5226 948 5304 φωνή
1015 5224 1106 5279 τὸν
1175 5227 1682 5303 πρωτοστράτορα),
1744 5233 1836 5283 καί
1900 5230 2006 5284 πί-

353 5330 492 5374 στεις
557 5312 744 5377 δόντος
804 5314 878 5377 ὡς
939 5310 1091 5369 οὐδέν
1153 5334 1205 5369 τι
1280 5317 1719 5391 παραγενόμενος
1764 5317 2005 5374 πείσεται

348 5398 533 5472 ἀηδές.
607 5404 943 5469 Ἀπαντύσας
1015 5403 1106 5459 καὶ
1198 5409 1278 5477 τῷ
1353 5403 1670 5482 Βαλδουίνῳ
1780 5410 2000 5465 σπεισά-

351 5511 511 5565 μενος
584 5493 872 5571 ἀφίσταται
951 5495 1045 5568 μὲν
1133 5499 1230 5550 τοῦ
1307 5492 1738 5574 Διδυμοτοίχου,
1814 5496 1869 5563 ἒς
1947 5496 2005 5555 δὲ

348 5580 749 5653 Θεσσαλονίκην
814 5585 1046 5656 κάτεισι,
1114 5584 1201 5640 καὶ
1289 5586 1435 5661 παρὰ
1509 5585 1721 5643 πάντῶν
1794 5587 2001 5664 ἀμαχεὶ

334 5668 759 5749 ,παρεισδεχθεὶς
811 5675 911 5746 τὴν
966 5673 1130 5732 πόλιν
1192 5673 1402 5747 ε’ἰσεισι,
1462 5677 1553 5733 τὸν
1607 5679 1795 5755 καιρὸν
1839 5677 1890 5734 ἒν
1925 5683 2004 5753 τῷ

342 5762 535 5825 αὐτίκα
586 5759 900 5831 καθυποδὺς
948 5764 1041 5821 καὶ
1090 5765 1155 5822 τὸ
1212 5769 1311 5822 τοῦ
1356 5765 1564 5845 τρόπου
1614 5765 1878 5833 σκαιῶὃᾶ
1942 5789 2003 5827 τε

2127 4784 2336 4825 norum
2370 4767 2808 4840 simplicitatem
2870 4768 3119 4825 ulterius
3183 4769 3451 4841 progredi
3510 4769 3780 4841 cupiens,

2121 4866 2297 4923 etiam
2331 4865 2622 4923 Larissam
2657 4866 2930 4923 invadere
2959 4871 3019 4922 et
3050 4882 3150 4936 per
3188 4866 3467 4921 Graeciam
3523 4867 3779 4922 transitu

2116 4956 2270 5012 facto
2310 4955 2780 5029 Peloponnesum
2816 4972 3102 5028 occupare
3127 4956 3781 5028 statuit.Sequebantur

2117 5061 2251 5101 eum
2284 5045 2533 5102 Romani
2565 5062 2802 5119 quoque
2833 5045 3128 5115 nonnulli,
3157 5046 3303 5103 795
3358 5045 3514 5118 iique
3551 5046 3778 5104 nobiles

2117 5136 2177 5192 in
2212 5136 2440 5208 primis,
2472 5137 2574 5209 qui
2607 5137 2937 5209 provincias
2989 5138 3293 5194 allicerent
3346 5146 3402 5194 et
3456 5137 3582 5194 vias
3613 5154 3773 5194 com-

2117 5226 2445 5297 planarent.
2480 5228 2704 5281 Fraude
2761 5225 2996 5298 quidem
3052 5230 3110 5282 et
3168 5225 3301 5282 dolo
3341 5226 3537 5283 Mariae
3564 5226 3777 5298 primo-

2117 5315 2313 5386 genito
2342 5313 2462 5370 ﬁlio
2493 5314 2672 5386 (hunc
2704 5315 2860 5370 enim
2891 5314 3096 5371 habitu
3129 5315 3510 5389 imperatorio
3549 5320 3608 5371 et
3636 5331 3771 5372 cum

2117 5410 2324 5467 faustis
2347 5409 2874 5468 acclamationibus
2895 5411 3002 5468 ded
3013 5416 3308 5485 uctum,ut
3319 5413 3485 5485 prius
3499 5413 3776 5485 Thraces,

2114 5497 2197 5554 ita
2227 5501 2355 5556 tum
2389 5501 2735 5558 Macedones
2764 5506 2822 5558 et
2851 5501 3117 5558 Thessali
3145 5508 3202 5559 et
3231 5502 3465 5559 Graeciaa
3512 5503 3774 5559 ﬁnitimis

2114 5592 2310 5661 partes
2349 5589 2561 5661 cupide
2613 5591 3018 5664 accipiebant),
3070 5606 3131 5647 re
3160 5608 3295 5648 vera
3343 5592 3563 5649 Latinis
3611 5594 3765 5650 viam

2113 5680 2541 5748 monstrabant,
2572 5685 2627 5737 et
2660 5681 2802 5755 quid
2863 5681 3156 5754 agendum
3213 5686 3369 5740 esset
3420 5683 3766 5756 praescribe-

2111 5768 2277 5845 bant,
2334 5770 2536 5846 patrita
2594 5771 2941 5845 proditores.
2998 5773 3087 5834 Ita
3141 5772 3406 5831 marebio
3487 5771 3767 5851 gentibus
