4074 6460
267 390 388 451 987

1586 391 1909 455 NICETIE
1950 390 2372 457 ΟΗΟΝΙΑΤΑΞ

3568 406 3691 466 988

268 524 538 581 maximis
571 528 627 579 et
658 525 908 582 urbibus
939 525 1373 598 potentissimis
1427 524 1601 599 longe
1651 527 1923 598 pluribus

2053 528 2128 581 ιαὶ
2168 523 2595 603 στρεϐλόχειλον
2654 530 3110 609 ἐπικρυψάμενος.
3188 533 3342 605 Πλήν
3418 535 3521 590 οὐκ
3592 534 3687 593 ἐπὶ

272 631 451 687 quam
487 631 588 686 pro
622 630 866 671 numero
924 616 1222 685 cupiarum
1286 616 1436 686 ejus,
1497 615 1549 670 si
1599 616 1834 673 urbium
1876 621 1935 673 et

275 704 535 759 virorum
603 722 915 760 numerum
986 708 1376 777 comparetur,
1454 705 1598 760 citra
1676 722 1929 778 pugnam

279 794 664 865 patiebantur.
727 796 1046 851 Baldziinus
1104 811 1335 867 quoque
1392 796 1736 868 Byzantium
1796 812 1927 852 cum

276 884 552 951 venisset,
585 900 691 939 nec
721 884 846 955 ipse
876 884 1266 940 desidendum
1297 884 1410 939 sibi
1442 901 1570 940 esse
1609 890 1710 940 aut
1750 902 1927 941 suum

273 975 589 1028 exercitum
624 974 681 1028 in
711 974 827 1028 otio
859 974 1301 1044 continendum,
1333 975 1437 1029 sed
1478 975 1537 1029 in
1587 976 1777 1031 Asiam
1809 980 1927 1031 tra-

263 1062 596 1134 jiciendum
665 1068 722 1119 et
776 1064 952 1119 urbes
1010 1062 1144 1119 illas
1200 1066 1622 1136 Oppugnandas
1678 1065 1926 1135 censuit,

268 1156 601 1207 Latinorum
677 1152 1079 1223 potissimum,
1138 1152 1240 1223 qui
1301 1151 1660 1226 Hellesponti
1721 1155 1925 1210 urbem

271 1245 455 1313 Pegas
486 1242 768 1308 incolunt,
803 1248 860 1299 et
909 1244 1294 1314 Trojanorum
1356 1243 1765 1299 Armeniorum
1817 1245 1928 1299 im-

275 1330 470 1401 pulsu,
504 1332 607 1403 qui
635 1348 770 1387 eum
803 1337 861 1388 et
899 1342 1130 1388 caeteros
1162 1331 1404 1388 comites
1448 1338 1512 1388 ut
1560 1333 1635 1388 ad
1672 1333 1930 1390 Orienta-

276 1418 360 1477 les
393 1426 565 1478 urbes
596 1429 876 1495 tanquam
936 1427 1198 1494 paratam
1250 1424 1502 1494 praedam
1555 1427 1926 1495 occupandas

272 1512 743 1583 proficisceretur
771 1513 1017 1568 incitare
1049 1529 1350 1584 nunquam
1383 1513 1767 1570 desistebent.

2040 615 2184 670 πολὺ
2223 622 2343 678 τοῖς
2382 614 2733 693 δεδογμένοις
2773 621 3053 696 ἐμμείνας,
3095 627 3163 699 τῇ
3217 622 3273 680 δὲ
3320 624 3469 699 γαλῇ
3515 646 3691 697 παρο-

2043 707 2299 777 μοιωθεὲς
2363 704 2430 776 ἤν
2498 705 2750 787 διήλεγξε
2813 712 2876 766 τὸ
2951 712 3108 788 στέαρ
3174 713 3556 789 παρεισπεσὸν,
3637 715 3689 778 ἐς

2039 797 2306 868 χρήματα
2362 796 2490 859 τοὺς
2559 798 2971 863 Θεσσαλονικεῖς
3041 801 3368 875 ἐζημίωσεν,
3438 801 3691 865 εὐθαλεῖς

2035 883 2131 945 τὰς
2166 883 2417 957 ὑπάρξεις
2458 886 2591 940 εἶναι
2655 889 2859 960 μαθών.
2922 891 3052 947 Εἶτα
3108 892 3197 946 καὶ
3244 891 3341 955 τὰς
3373 897 3481 948 τῶν
3513 893 3688 967 οἰχή-

2038 995 2172 1031 σεων
2221 975 2518 1040 καλλίστας
2569 978 2628 1034 ἐκ
2671 985 2781 1034 τῶν
2832 980 3072 1056 ἐχόντων
3119 981 3453 1060 ἀφελόμενος
3482 989 3601 1046 τοῖς
3630 982 3690 1040 ἐκ

2037 1073 2138 1135 τῆς
2199 1064 2438 1130 ἱππάδος
2497 1067 2685 1142 ἐκείνῳ
2745 1067 3065 1127 διαδέδωκεν
3120 1072 3196 1135 είς
3245 1072 3538 1144 ὲνείκησιν,
3593 1076 3689 1131 Ἐκ

2039 1151 2096 1210 δὲ
2148 1155 2345 1211 τούτου
2400 1159 2501 1228 τὴν
2558 1157 2889 1236 σύλλεκτρον
2946 1161 3158 1237 Μαρίαν
3208 1162 3299 1218 καὶ
3342 1169 3533 1240 μοῖραν
3585 1169 3687 1232 τῆς

2038 1251 2289 1318 στρατιᾶς
2346 1245 2518 1302 ἐκεῖσε
2573 1247 2895 1305 καταλιπὼν
2952 1246 3141 1322 ἔξεισιν
3210 1252 3390 1323 αὐτὸς,
3445 1253 3533 1308 καὶ
3586 1252 3684 1313 τὰς

2036 1333 2229 1398 πόλεις
2263 1338 2519 1411 μέτεισιν,
2567 1336 2686 1394 ὅσαι
2734 1360 2794 1394 τε
2838 1341 2963 1415 περὶ
3012 1340 3218 1419 Σέῤῥας
3264 1343 3688 1409 καθυπτιάζουσι

2037 1425 2125 1480 καὶ
2174 1431 2291 1488 τοῖς
2333 1423 2482 1501 ὅροις
2536 1430 2637 1492 τῆς
2696 1427 2954 1502 Βεῤῥοίας
3012 1433 3418 1506 προσήνωνται,
3453 1429 3542 1486 καὶ
3571 1429 3693 1483 ὅσαι

2035 1516 2172 1590 πρὸς
2225 1516 2291 1571 τὰ
2342 1519 2425 1589 [Ρ.
2462 1519 2587 1590 388]
2647 1517 2841 1587 Τέμπη
2895 1524 3003 1574 τῶν
3087 1520 3370 1575 Θετταλῶν
3431 1516 3691 1595 παρατεί-

267 1617 438 1656 νουσι.
502 1602 791 1673 Κρατήσας
849 1598 940 1654 οὖν
997 1598 1230 1655 τουτωνὶ
1288 1600 1435 1675 παρὰ
1491 1597 1649 1670 δόξαν
1708 1595 1849 1679 ἔγνω
1905 1604 1996 1658 καὶ
2052 1604 2327 1679 Λαρίσσης
2387 1604 2553 1674 αὐτῆς
2613 1602 2870 1675 ἐπιϐῆναι
2924 1608 3014 1662 καὶ
3071 1606 3143 1662 δι’
3200 1607 3471 1671 Ἑλλάδος
3503 1605 3695 1662 ἐλάσαι

270 1688 360 1742 καὶ
422 1692 797 1765 χειρώσασθαι
838 1693 939 1760 τήν
988 1695 1085 1746 τοῦ
1140 1688 1415 1761 Πέλοπος,
1460 1691 1662 1767 κρίνων
1711 1692 1800 1749 dei
1839 1693 1907 1749 τὰ
1954 1692 2264 1766 εἰλημμένα
2318 1696 2487 1770 μικρὰ
2533 1696 2620 1750 καὶ
2668 1701 2788 1758 τοῖς
2832 1695 3136 1773 ἔμπροσθεν
3193 1694 3507 1772 προϐαίνειν
3556 1696 3698 1771 ἐρῶν

271 1775 363 1832 διὰ
413 1781 513 1848 τήν
571 1784 678 1835 τῶν
734 1780 1024 1854 Ῥωμαίων
1086 1777 1360 1857 ἀφέλειαν.
1421 1780 1746 1838 Συνείποντο
1804 1779 1861 1836 δέ
1921 1783 1974 1837 οἱ
2031 1783 2121 1838 καὶ
2171 1780 2277 1838 τῶν
2332 1783 2619 1857 Ῥωμαίων
2655 1786 2818 1855 τινες,
2866 1787 2957 1841 καὶ
3014 1787 3253 1859 μάλιστα
3301 1791 3409 1842 τῶν
3439 1784 3498 1841 εὖ
3534 1804 3701 1860 γεγο-

271 1868 467 1941 νότων,
500 1871 834 1934 παλεύοντες
891 1872 986 1934 τὰς
1037 1873 1225 1947 χώρας
1281 1872 1377 1927 κεὶ
1435 1874 1531 1935 τὰς
1587 1869 1812 1948 τρίϐους
1870 1870 2305 1947 διομαλίζοντες,
2353 1875 2443 1929 καὶ
2501 1877 2596 1949 μὲν
2645 1875 2860 1947 ἀπάτην
2910 1876 3001 1931 καὶ
3051 1874 3217 1932 δόλον
3245 1881 3325 1950 τῷ
3355 1874 3702 1952 πρωτοτόκῳ

271 1966 375 2029 τῆς
424 1960 637 2035 Μαρίας
705 1963 805 2033 οὶῷ
870 1963 1113 2035 (τοῦτον
1179 1964 1284 2039 γάρ
1338 1961 1640 2038 βασιλικῶς
1702 1960 2034 2035 ἐσταλμένον
2068 1964 2157 2019 καὶ
2193 1965 2309 2036 μετ’
2368 1966 2634 2038 εὐφήμων
2667 1970 2859 2043 φωνῶν
2891 1966 3382 2041 προπεμπόμενον,
3427 1963 3610 2038 ὥσπερ
3653 1963 3705 2017 οἱ

275 2053 477 2123 Θρᾷκες
536 2050 823 2125 πρότερον,
875 2050 1018 2107 οὕτω
1070 2052 1161 2105 καὶ
1223 2047 1524 2112 Μακεδόνες
1581 2050 1707 2107 τότε
1781 2052 1871 2106 καὶ
1957 2053 2243 2123 Θετταλοὶ,
2323 2053 2414 2108 καὶ
2474 2051 2572 2109 ὅσα
2628 2053 2683 2118 ἐς
2738 2052 2978 2110 Ἑλλάδα
3033 2057 3391 2126 καθήκουσιν,
3449 2052 3701 2127 ἂσμένως

274 2136 748 2217 έδέχοντο),πρὸς
777 2139 959 2211 ἀληθῆ
1022 2141 1214 2216 πρᾶξιν
1285 2139 1564 2215 μαρκεσίῳ
1631 2142 1721 2196 καὶ
1788 2143 2041 2206 Λατίνοις
2110 2140 2436 2217 προοδευταὶ
2499 2144 2589 2198 καὶ
2654 2148 2761 2198 τῶν
2823 2145 3107 2220 πρακτέων
3145 2143 3437 2222 εἰσηγηταὶ
3477 2143 3701 2206 καὶτῆς

270 2228 538 2304 πατρίδος
587 2230 913 2305 προαγωγοὶ
970 2229 1277 2305 γινόμενοι.
1340 2230 1439 2285 Καὶ
1498 2232 1792 2307 μαρκέσιος
1848 2233 1941 2306 μὲν
1984 2232 2150 2288 ἐθνῶν
2196 2230 2340 2287 οὕτω
2392 2233 2665 2308 μεγίστων
2711 2234 2801 2288 καὶ
2852 2232 3067 2290 πόλεων
3096 2235 3402 2307 κρατίστων
3434 2232 3700 2307 ἐγκρατῆς

272 2317 481 2394 ἀμαχεὶ
528 2317 874 2391 διεδείκνυτο,
909 2320 998 2375 καὶ
1048 2319 1251 2392 πολλῷ
1290 2318 1561 2376 πλειόνων
1619 2325 1717 2377 τοῦ
1774 2323 1902 2393 παρ’
1962 2319 2152 2395 ἐκείνῳ
2210 2323 2633 2397 στρατεύματος,
2693 2322 2739 2378 εί
2791 2322 2956 2379 πόλιν
3002 2323 3093 2379 καὶ
3146 2321 3314 2399 ἄιδρα
3362 2327 3442 2395 τῷ
3478 2322 3701 2398 ἀριθμῷ

270 2428 355 2470 τις
402 2403 732 2465 ὑπέϐαλλεν*
786 2410 814 2464 6
865 2407 921 2464 δέ
968 2430 1030 2485 γε
1081 2406 1420 2472 Βαλδουῖνος
1477 2409 1554 2473 εἷς
1606 2410 1669 2465 τὸ
1726 2411 2017 2479 Βυζάντιον
2068 2409 2395 2490 ἀφικόμενος
2442 2408 2580 2487 ἔγνω
2628 2409 2758 2485 μηδ’
2806 2412 2967 2474 αὐτὸς
3015 2415 3200 2488 ἡσυχῆ
3251 2413 3523 2481 καθῆσθαι
3565 2407 3699 2485 μηδ’

274 2497 570 2574 ἀπόμαχον
622 2499 742 2574 εἰκῇ
795 2500 897 2568 τήν
945 2499 1051 2555 ὑπὸ
1099 2500 1150 2554 οἱ
1198 2500 1534 2577 τεταγμένην
1583 2499 1855 2576 οἰκουρεῖν
1898 2500 2173 2575 στρατιὰν,
2231 2499 2360 2556 ἀλλ’
2410 2500 2462 2563 ἐς
2511 2500 2700 2558 Ἀσίαν
2754 2502 2955 2572 ταύτην
2990 2496 3303 2557 διαϐιϐάσαι
3332 2501 3553 2557 καὶτῶν
3585 2499 3700 2556 ἐκεῖ

275 2587 627 2662 πειράσασθαι
694 2587 932 2656 πόλεων,
1001 2588 1348 2664 ἐξερεθισθεὶς
1417 2589 1492 2652 είς
1556 2586 1684 2645 τόδε
1748 2590 1812 2645 τὸ
1878 2610 2037 2667 εργον
2097 2590 2236 2664 πρὸς
2282 2611 2341 2645 τε
2395 2594 2504 2646 τῶν
2562 2590 3032 2661 Ἑλλησποντίων,
3074 2590 3340 2663 Λατίνων,
3373 2589 3705 2660 ῶνὴπόλις

280 2680 461 2753 Πηγαὶ
526 2678 967 2753 κατωνόμασται,
1035 2680 1123 2734 καὶ
1193 2684 1302 2735 τῶν
1356 2681 1617 2755 Τρωϊκῶν
1676 2680 2002 2755 Ἀρμενίων.
2063 2681 2214 2735 οὗτοι
2274 2680 2376 2757 γὰρ
2419 2678 2550 2735 οὒδὶ
2591 2681 2772 2756 βραχύ
2809 2702 2861 2736 τι
2900 2685 3028 2757 γοῦν
3070 2683 3383 2755 καθυφῆκαν
3422 2681 3515 2735 τὸν
3555 2678 3710 2737 Βαλ-

278 2764 490 2823 δουῖνον
525 2766 822 2843 ἐνάγοντες,
851 2769 943 2825 καὶ
971 2769 1098 2832 τοὺς
1132 2768 1339 2833 ἄλλους
1370 2770 1620 2845 κόμητας
1651 2768 2040 2845 ἐξερεθίζοντες
2094 2769 2168 2832 ὡς
2222 2769 2297 2832 εἷς
2345 2770 2705 2846 προκείμενον
2746 2767 2974 2846 ἕρμαιον
3006 2765 3256 2841 διαϐῆναι
3281 2771 3383 2840 τήν
3412 2773 3523 2825 τῶν
3556 2769 3708 2842 ἑῴων

279 2855 497 2914 πόλεων
527 2858 806 2933 χείρωσιν.

353 2948 504 3004 796
532 2950 566 3003 8
603 2951 783 3022 Igitur
829 2950 1063 3007 Octobri
1121 2966 1324 3008 mense
1387 2952 1621 3007 Erricus
1667 2950 1939 3007 Balduini

2122 2955 2191 3019 η’.
2238 2949 2367 3022 Περὶ
2423 2956 2569 3022 μῆνα
2607 2949 2784 3004 τοίνυν
2832 2950 2923 3004 τὸν
2974 2947 3298 3027 φυλλοχόον
3330 2950 3441 3022 (64)
3472 2953 3573 3018 τῆς
3604 2948 3708 3002 πό-

280 3038 462 3094 frater
508 3042 567 3095 et
620 3040 823 3096 Petrus
882 3039 1177 3109 Plancius,
1238 3040 1332 3094 vir
1416 3039 1649 3095 heroico
1714 3039 1942 3103 robore,

286 3127 557 3199 Gallipoli
591 3128 648 3182 in
689 3129 984 3184 Orientem
1018 3128 1347 3199 trajiciunt.
1380 3130 1457 3182 Ac
1508 3127 1745 3181 Erricus
1793 3126 1949 3181 auxi-

282 3217 536 3274 liaribus
569 3218 981 3273 Armeniorum
1028 3218 1212 3288 copiis
1258 3216 1446 3287 Trojze
1489 3219 1718 3280 auctus,
1771 3215 1948 3269 urbes

278 3324 419 3379 quae
460 3306 776 3377 imperium
810 3305 1164 3361 recusabant
1211 3306 1364 3360 male
1406 3304 1691 3359 tractabat
1728 3307 1785 3358 et
1814 3318 1946 3358 vas-

289 3396 506 3463 stabat,
537 3400 595 3450 et
624 3395 809 3450 victor
836 3411 938 3465 per
952 3394 1063 3450 Idas
1087 3395 1302 3450 montis
1327 3393 1628 3464 angustias
1652 3392 1951 3463 Adramyt-

287 3484 439 3538 tium
475 3499 662 3554 usque
693 3484 997 3555 processit.
1056 3487 1224 3540 Petro
1273 3487 1464 3538 autem
1519 3479 1752 3537 Plancio
1783 3479 1947 3549 Pegis

287 3572 608 3643 Lopadium
644 3572 1034 3642 proficiscenti
1069 3572 1414 3628 Theodorus
1471 3571 1737 3627 Lascaris
1794 3571 1950 3626 circa

284 3662 697 3718 Pazxnaninum
722 3678 857 3718 cum
884 3662 1158 3718 maximis
1175 3661 1459 3719 Romanis
1482 3660 1661 3731 cepiis
1675 3660 1945 3716 occurrit.

286 3752 425 3817 Quae
454 3768 588 3808 cum
623 3751 966 3809 Latinorum
998 3768 1381 3825 congressum
1429 3768 1545 3807 non
1586 3754 1833 3806 ferentes
1864 3749 1947 3804 fu-

287 3857 369 3913 gae
403 3858 464 3899 se
495 3841 897 3911 mandassent,
931 3841 1051 3909 ille,
1078 3842 1220 3913 quia
1268 3856 1441 3897 nemo
1489 3844 1616 3896 erat
1671 3841 1771 3911 qui
1803 3838 1949 3894 resi-

289 3935 491 4000 steret,
521 3932 623 3987 sed
654 3933 726 3988 ab
785 3932 1062 3988 omnibus
1119 3947 1254 3986 cum
1319 3929 1592 3985 crucibus
1649 3932 1708 3983 et
1763 3926 1949 3983 sacris

288 4022 618 4095 Evangeliis
648 4024 1112 4094 suscipiebatur,
1146 4020 1471 4094 Lopadium
1498 4019 1621 4075 abit
1644 4023 1704 4074 et
1724 4016 1949 4089 suppli-

287 4112 456 4168 cibus
490 4114 697 4185 parcit.
733 4113 1013 4169 Eamdem
1045 4111 1417 4168 clementiam
1470 4114 1689 4166 caeteris
1722 4122 1951 4180 quoque

284 4202 462 4258 urbes
521 4219 653 4274 quae
711 4203 887 4259 armis
967 4202 1387 4258 abstinuerunt
1459 4204 1600 4256 sunt
1678 4203 1949 4270 expertas,

2054 3034 2197 3098 λεως
2225 3033 2414 3106 ἔξεισιν
2448 3037 2650 3111 Ἐῥρἧς
2679 3038 2707 3092 ὁ
2736 3041 2833 3093 τοῦ
2885 3034 3222 3093 Βαλδουίνου
3262 3035 3591 3113 κασίγνητος
3617 3035 3709 3092 καὶ

2054 3124 2258 3199 Πέτρος
2317 3126 2344 3178 ὁ
2412 3125 2472 3180 ἐκ
2525 3124 2808 3195 Πλάντζης
2868 3126 3219 3200 ὁρμώμενος,
3279 3127 3417 3201 ἀνὴρ
3462 3126 3705 3201 ἡρωϊκὸς

2052 3214 2152 3281 τήν
2184 3212 2369 3288 ἰσχὺν,
2436 3214 2528 3268 καὶ
2585 3215 2719 3289 πρὸς
2757 3221 2825 3283 τῆ
2881 3214 3115 3290 παράλῳ
3166 3213 3513 3272 Καλλιπόλει
3556 3216 3702 3290 γενό-

2058 3321 2211 3374 μενοι
2290 3299 2344 3365 ἐς
2400 3299 2475 3358 ἓω
2550 3299 3003 3373 διαπλωίζονται.
3091 3303 3199 3361 Καὶ
3260 3305 3287 3358 ὁ
3348 3305 3443 3380 μὲν
3510 3301 3700 3378 Ἑβέῆς

2056 3390 2329 3464 συμμίξας
2395 3390 2446 3446 ἐν
2522 3394 2712 3467 Τρωΐᾳ
2774 3398 2891 3455 τοῖς
2962 3394 3299 3466 ’Δρμενίοις,
3367 3396 3457 3448 καῖ
3536 3391 3706 3467 μαχί-

2057 3477 2152 3542 δας
2252 3480 2377 3545 ἷ¹λας
2480 3481 2679 3538 ἐκεῖθεν
2784 3480 3230 3556 ἐπαμησάμενος,
3343 3477 3515 3556 ἔκειρε
3614 3481 3709 3542 τὰς

2055 3568 2255 3633 πόλαις
2285 3571 2375 3626 καὶ
2416 3568 2634 3637 διετίθει
2673 3576 2879 3640 κακῶς,
2935 3570 3057 3626 ὅσαι
3111 3573 3186 3645 μή
3241 3571 3431 3643 ἐκείνῳ
3463 3564 3709 3625 συνέϐαι-

2055 3680 2170 3730 νον,
2212 3663 2484 3736 κρατήσας
2543 3658 2600 3717 δὲ
2655 3662 2744 3716 xui
2804 3667 2904 3729 τῆς
2957 3657 3107 3731 ’Ἰδης
3157 3665 3254 3714 τοῦ
3313 3658 3474 3733 ὄρους
3502 3658 3593 3714 καὶ
3626 3656 3715 3712 διὰ

2055 3754 2164 3803 τῶν
2221 3748 2423 3820 ταύτης
2480 3754 2680 3806 στενῶν
2724 3747 3013 3825 παρελθὶκν
3073 3748 3150 3811 εἷς
3200 3749 3262 3804 τὸ
3313 3747 3712 3825 Ἀτραμύττιον

2055 3840 2508 3913 προκεχώριφιιεν⁹
2552 3840 2580 3893 6
2636 3835 2683 3893 δ’
2742 3837 2801 3893 ἐκ
2856 3836 3141 3907 Πλάντζης
3204 3843 3405 3915 Πετρος
3462 3834 3595 3911 ἄρας
3652 3835 3713 3891 ἐκ

2055 3930 2152 3981 τοῦ
2182 3932 2289 3981 τῶν
2320 3933 2517 4002 Πηγῶν
2547 3926 2892 4002 πολίσματος
2918 3936 3018 3996 τήν
3050 3925 3104 3989 ἐς
3138 3928 3201 3982 τὸ
3242 3923 3516 3981 Λοπάδιον
3542 3924 3712 3997 στέλ-

2060 4014 2231 4073 λεται.
2273 4017 2559 4087 Ἀπήντων
2629 4015 2686 4073 δὲ
2752 4019 2901 4090 αὐτῷ
2963 4017 3098 4090 μετὰ
3150 4015 3423 4072 πλείστων
3459 4016 3710 4088 Ῥωμαϊ-

2056 4110 2168 4160 κῶν
2237 4103 2517 4179 δυνάμεων
2583 4106 2707 4183 περὶ
2771 4105 2835 4161 τὸ
2902 4104 3203 4181 λεγόμενον
3272 4103 3601 4179 Ποιμανινὸν
3658 4104 3712 4159 οἱ

2057 4195 2181 4271 περὶ
2210 4194 2302 4251 τὸν
2336 4196 2602 4272 Λάσκαριν
2660 4191 2961 4272 Θεόδωρον.
3031 4197 3097 4253 Οἱ
3152 4193 3211 4250 δὲ
3260 4196 3360 4264 τὴν
3390 4199 3509 4249 κατ’
3536 4193 3712 4251 αὐτῶν

288 4292 561 4363 quamvis
592 4293 831 4348 difﬁcile
861 4293 939 4348 sit
967 4293 1234 4347 Latinum
1265 4306 1405 4347 voce
1429 4307 1461 4345 a
1484 4288 1701 4346 Graecis
1722 4288 1943 4344 dissen-

2060 4279 2308 4358 ἐμϐολὴν
2338 4286 2445 4340 τῶν
2498 4285 2741 4341 Λατίνων
2789 4283 2889 4340 οὐκ
2940 4283 3269 4360 ἐνεγκόντες,
3300 4284 3378 4383 οἱ..
3401 4283 3494 4357 μὶν
3528 4282 3580 4345 ἐς
3616 4305 3718 4361 φυ-

290 4381 560 4448 tieutem,
592 4397 767 4437 avaro
820 4380 1076 4453 ingenio,
1134 4380 1301 4437 oculo
1360 4378 1709 4451 impudenti,
1753 4385 1948 4432 ventre

294 4468 640 4539 insatiabili,
674 4470 869 4526 animo
900 4470 1182 4527 iracundo
1213 4474 1270 4524 et
1299 4471 1525 4537 acerbo,
1586 4483 1766 4524 manu
1828 4483 1952 4538 per-

289 4563 467 4630 petuo
501 4574 700 4615 ensem
731 4559 1035 4630 quaerenti,
1067 4558 1252 4614 lenire
1297 4557 1617 4630 obsequiis.
1668 4556 1950 4612 Caeterum

291 4648 715 4705 Prusaensium
778 4665 1014 4721 quoque
1070 4646 1393 4720 periculum
1466 4645 1679 4723 facturi
1735 4646 1949 4701 Latini,

295 4739 396 4810 qui
428 4746 761 4798 commeatu
789 4742 860 4797 ad
875 4740 1221 4796 diuturnam
1251 4736 1619 4794 obsidionem
1651 4736 1949 4792 ferendam

297 4834 616 4901 praeparato
645 4829 878 4903 locique
908 4831 1028 4887 situ
1087 4829 1218 4885 freti
1275 4831 1435 4897 (nam
1495 4829 1682 4882 Prusa
1722 4822 1950 4879 tumulo

301 4920 446 4975 797
483 4921 764 4993 imposita
791 4927 881 4978 est
908 4930 961 4976 et
992 4920 1178 4975 firmis
1210 4916 1571 4974 circumdata
1614 4914 1950 4984 manibus),

298 5013 356 5064 et
386 5025 449 5065 se
478 5011 966 5084 inexpugnabiles
991 5026 1121 5067 esse
1152 5009 1282 5078 rati,
1336 5024 1452 5063 non
1509 5004 1812 5062 cedebant.
1846 5003 1950 5060 Lo-

300 5100 473 5168 padio
505 5101 707 5157 relicto
738 5118 864 5158 eam
901 5102 1101 5157 urbem
1141 5101 1311 5171 juxta
1368 5096 1606 5165 muania,
1637 5110 1752 5165 qua
1785 5111 1953 5150 mons

297 5187 581 5260 Olympus
612 5190 922 5261 paululum
956 5190 1027 5245 ab
1060 5206 1127 5246 ea
1158 5185 1475 5244 reﬂectitur
1505 5188 1561 5240 et
1591 5200 1837 5241 saxosus
1868 5189 1955 5238 tu-

298 5277 495 5335 mulus
548 5279 650 5349 qui
711 5294 838 5338 eam
899 5279 1086 5335 ambit
1141 5276 1615 5348 interrumpitur,
1659 5271 1954 5343 obsident,

2058 4373 2158 4447 γὴν
2219 4373 2441 4446 ὁρῶσιν,
2499 4376 2527 4430 6
2586 4372 2642 4430 δὲ
2700 4373 2900 4449 Πέτρος
2960 4372 3013 4436 ἐς
3070 4373 3134 4428 τὸ
3191 4369 3468 4428 Λοπάδιον
3510 4373 3713 4441 ἄπεισι,

2064 4460 2275 4536 μηδένα
2331 4461 2476 4540 ἔχων
2538 4466 2628 4520 τὸν
2689 4462 2767 4525 εἷς
2826 4469 3022 4543 χεῖρας
3081 4463 3254 4533 ἰόντα,
3287 4460 3415 4518 ἀλλ’
3447 4461 3712 4537 εὐρίσκων

2060 4554 2264 4615 πάντας
2299 4554 2435 4625 μετά
2481 4557 2782 4629 σταυρικῶν
2831 4553 3077 4627 σημείων
3125 4551 3215 4607 xui
3264 4555 3374 4606 τῶν
3420 4549 3576 4607 θείων
3620 4549 3718 4607 λο-

2060 4642 2194 4718 γίων
2264 4638 2639 4716 δεξιουμένους
2703 4643 2888 4712 αὐτὸν,
2957 4642 3015 4696 οἳ
3077 4641 3168 4697 καὶ
3236 4645 3420 4697 κακῶν
3489 4640 3717 4706 ἀπαθεῖς

2062 4727 2352 4803 διέμειναν.
2421 4734 2592 4787 Τοῦτο
2660 4728 2717 4786 δὲ
2780 4731 2871 4786 καὶ
2958 4735 3076 4792 ταῖς
3152 4728 3376 4792 λοιπαῖς
3444 4723 3721 4786 συνέϐαινε

2062 4819 2305 4890 πόλεσιν,
2339 4821 2461 4875 ’ὀσαι
2495 4823 2570 4893 μή
2630 4825 2833 4896 χωρεῖν
2903 4818 2993 4874 διὰ
3053 4820 3241 4894 μάχης
3297 4824 3416 4882 τοῖς
3470 4818 3716 4881 Λατίνοις

2064 4909 2408 4986 ἐγνώκεισαν,
2449 4910 2495 4965 εί
2547 4912 2635 4966 καὶ
2687 4909 2928 4983 πονηρὸν
3005 4915 3204 4986 χρῆμα
3269 4908 3348 4973 εἷς
3428 4908 3707 4983 θεραπείαν

2064 5006 2313 5068 Λατῖνος,
2345 5000 2499 5079 φωνῆ
2533 4999 2860 5078 ἀσύμφωνος
2906 4997 3169 5070 Ἕλλησι,
3198 4998 3395 5074 γνώμη
3437 4994 3704 5077 φιλοχρή-

2068 5112 2259 5164 ματος,
2296 5088 2585 5167 όφθαλμὸς
2639 5086 3122 5165 ἀπαιδαγώγητος,
3162 5091 3371 5163 γαστὴρ
3401 5085 3703 5160 ἀκόρεστας,

2067 5178 2294 5257 ὀργίλος
2324 5179 2412 5234 xui
2448 5175 2667 5254 δριμεῖα
2696 5179 2875 5253 ψυχή,
2925 5177 3017 5232 καὶ
3075 5176 3201 5255 χεῖρ
3237 5175 3442 5256 διφῶσα
3467 5173 3528 5227 τὸ
3559 5172 3713 5245 ξίφὸς

2068 5266 2159 5325 διὰ
2218 5267 2439 5331 παντός.
2497 5273 2690 5345 Πεῖραν
2748 5265 2805 5323 δὲ
2869 5266 2960 5322 καὶ
3015 5270 3122 5323 τῶν
3182 5287 3234 5322 εν
3296 5267 3365 5341 τῇ
3418 5260 3578 5320 πόλει
3642 5265 3719 5337 τῇ

1647 5401 1840 5471 Hier.
1874 5397 2130 5470 Wolfii
2167 5401 2384 5469 notae.

367 5550 477 5628 (ὀί)
503 5547 638 5628 Περὶ
682 5556 827 5628 μῆνα
858 5545 1201 5628 φυλλοχόοι.
1236 5544 1522 5628 Φιλοχόον
1569 5548 1738 5628 ambo
1789 5545 1949 5603 codi-

295 5635 392 5675 ces
426 5615 657 5674 habent.
683 5615 801 5680 ‘Sed
836 5615 1105 5679 vetustus
1138 5615 1476 5691 Ὀκτώϐριὸν
1538 5618 1746 5691 po_nit,_
1772 5633 1947 5691 quem

293 5696 533 5770 εθᾳιιιιιε
567 5705 722 5770 811m,
752 5697 863 5770 etsi
917 5709 1099 5764 supra
1148 5690 1307 5747 idem
1361 5686 1457 5744 τὸν
1479 5686 1811 5770 ξρῦλλοχόοῦ
1841 5690 1950 5760 (sic

290 5762 448 5821 enim
507 5760 891 5825 scribendum
950 5760 1085 5823 est:
1135 5778 1273 5821 nam
1356 5777 1393 5818 ιι
1475 5760 1793 5818 fundendis
1842 5775 1948 5818 seu

2059 5540 2452 5613 defluentibus
2483 5542 2760 5599 arborum
2793 5540 2948 5599 foliis
3007 5556 3221 5597 nomen
3274 5537 3476 5613 habet)
3534 5538 3725 5611 Νοέμ·

2059 5609 2213 5687 ϐριον
2246 5615 2678 5687 interpretatur.
2736 5614 2942 5671 Utrum
3003 5614 3233 5687 rectius
3282 5609 3546 5687 sil,_non
3597 5609 3733 5687 pro-

2059 5683 2265 5743 nuntio
2296 5703 2310 5743 :
2346 5683 2484 5743 nam
2541 5686 2641 5745 alii
2692 5687 3097 5754 maturiorem,
3130 5683 3237 5741 alii
3297 5683 3575 5742 seriorem
3605 5683 3736 5740 hie-

2060 5774 2218 5817 mem
2250 5757 2502 5819 habent.
