4074 6412
300 423 426 486 989

1748 424 1798 485 U
1812 421 1950 481 BBS
1994 418 2275 479 CAPTA.

3613 418 3733 479 990

313 552 532 629 ΙΙροῦσῃ
592 549 781 609 λαϐεῖν
840 555 893 609 οἱ
952 554 1036 628 [Ρ.
1090 555 1215 628 389]
1274 558 1495 609 Λατῖνοι
1560 553 1809 614 θέλοντες
1873 552 1964 606 καὶ

2084 549 2448 621 postulantes
2498 551 2562 602 ut
2620 547 2763 602 urbe
2821 548 3194 618 recipiantur.
3248 552 3333 606 lta
3390 550 3548 606 enim
3610 567 3739 623 quas

310 649 515 718 γνῶναι
572 645 709 720 πρὸς
769 644 854 704 οἷς
898 642 1053 712 εἰσιν,
1111 642 1227 698 ἐπεὶ
1288 639 1431 717 μηδὲ
1488 642 1786 719 προσεῖχόν
1822 662 1972 719 σφισι

316 738 616 808 Προυσαῖοι
671 736 808 807 (65),
869 730 1016 787 ἀλλά
1075 738 1196 787 σῖτα
1252 733 1714 807 παρεσκευακότες
1773 729 1966 807 διαρκῆ

312 823 449 895 πρὸς
507 821 837 897 πολιορκίαν
899 823 1129 901 χρονίαν
1185 823 1276 877 καὶ
1333 826 1402 898 τῇ
1461 823 1599 878 θέσει
1655 825 1755 878 τοῦ
1801 822 1972 876 τόπου

311 911 655 976 πιστεύοντες
714 913 790 985 μὴ
852 910 914 966 ἄν
976 932 1110 967 ποτε
1178 910 1271 986 βίᾳ
1335 912 1567 982 ἁλῶναι,
1615 910 1699 966 δτι
1747 911 1835 965 καὶ
1883 907 1974 966 ἐπὶ

311 1000 566 1079 γηλόφου
625 1001 853 1072 ᾤκισται
897 1006 1115 1074 [Ιροῦσα
1169 1000 1260 1055 καὶ
1309 1007 1499 1078 τεῖχος
1550 1000 1755 1076 ὀχυρὸν
1818 1019 1976 1073 περι-

313 1087 601 1161 ϐέϐληται,
652 1091 874 1167 ἄραντες
927 1090 986 1146 ἐκ
1031 1088 1309 1146 Λοπαδίου
1339 1095 1408 1165 τῇ
1447 1091 1663 1166 Προύσῃ
1695 1090 1973 1165 προσίασι,

311 1180 401 1235 καὶ
436 1182 498 1236 τὸ
535 1175 912 1256 μεσημϐρινὸν
956 1185 1149 1254 τεῖχος
1197 1177 1567 1257 διειληφότες,
1615 1180 1750 1244 καθὸ
1782 1179 1845 1234 τὸ
1884 1178 1976 1251 μὲν

312 1266 440 1343 θρος
471 1272 498 1324 6
528 1268 821 1342 Ὄλυμπος
874 1269 1157 1344 ἀναχωρεῖ
1202 1290 1255 1324 τι
1309 1268 1493 1347 βραχὺ
1542 1275 1645 1338 τῆς
1672 1268 1911 1336 πόλεως,
1947 1267 1975 1321 6

314 1355 372 1412 δὲ
423 1354 708 1432 πετρώδης
761 1358 930 1436 λόφος
981 1360 1009 1413 ὁ
1051 1361 1149 1427 τὴν
1196 1359 1360 1414 πόλιν
1409 1353 1800 1431 διαλαμϐάνων
1845 1367 1972 1429 μεθ-

315 1445 458 1516 ίησιν
490 1447 660 1501 ἐκεῖσε
689 1448 789 1515 τήν
840 1445 979 1517 ὃλην
1033 1451 1131 1503 τοῦ
1181 1448 1372 1521 χώρου
1405 1444 1683 1517 διάζωσιν,
1716 1444 1975 1501 ἐνέκειντο

310 1533 438 1595 τοὺς
491 1531 640 1589 ἔνδον
699 1535 1021 1606 αἰτούμενοι
1066 1540 1134 1609 τῇ
1191 1535 1353 1592 πόλει
1430 1541 1564 1615 σφᾶς
1620 1534 1972 1608 εἰσδέξασθαι,

312 1623 388 1685 ὡς
455 1624 600 1678 οὓτω
657 1628 764 1678 τῶν
844 1625 981 1699 πρὸς
1049 1623 1260 1699 βουλῆς
1326 1624 1763 1699 ἐπιτευξόμενοι,
1842 1623 1974 1699 ὅπερ

309 1713 518 1788 ἀνάγκη
586 1712 662 1784 μὴ
717 1712 891 1787 εὑρεῖν
943 1713 1189 1791 ὓστερον,
1221 1715 1382 1784 ἡνίκα
1429 1715 1528 1782 τήν
1579 1714 1672 1787 μὲν
1704 1713 1869 1769 πόλιν
1900 1715 1974 1777 ὡς

311 1801 388 1863 εἰς
450 1799 710 1875 χείρωσιν
770 1802 931 1857 αότοὶ
984 1801 1354 1878 περιέλθοιεν,
1413 1802 1478 1857 τὰ
1536 1800 1595 1857 δὲ
1644 1803 1807 1877 τείχη
1856 1807 1976 1866 ταῖς

311 1888 600 1944 ἐλεπόλεσι
674 1889 986 1947 τύπτοιντο.
1063 1888 1245 1962 Μηδὲν
1305 1889 1361 1946 δὲ
1418 1889 1763 1971 φρονούντων
1838 1891 1973 1966 πρὸς
2009 1928 2051 1993 Β

311 1983 480 2034 ταῦτα
526 1976 809 2052 ἐνδόσιμον
857 1985 965 2035 τῶν
1011 1980 1182 2049 ἐντὸς,
1236 1980 1393 2036 ἐνίων
1443 1979 1501 2035 δὲ
1546 1981 1633 2035 καὶ
1670 1979 1971 2056 θαῤῥησάν-

311 2088 420 2122 των
472 2070 571 2138 τὴν
622 2066 808 2142 ἔξοδον
857 2069 945 2123 καὶ
990 2068 1244 2132 πολλοὺς
1291 2073 1402 2125 τῶν
1454 2070 1741 2142 ἐπισήμων
1778 2067 1975 2145 βαλόν-

310 2177 417 2212 των
475 2157 657 2233 βέλεσι
707 2159 796 2214 καὶ
844 2154 1290 2231 καταϐαλόντων,
1324 2158 1535 2228 αὐτίκα,
1570 2160 1644 2221 ὡς
1685 2156 1794 2234 οὺχ
1822 2159 1971 2232 αἳρε-

311 2246 430 2301 τέον
480 2244 654 2303 ἐδόκει
712 2249 775 2303 τὸ
827 2255 1038 2324 τεῖχος,
1095 2250 1185 2304 καὶ
1242 2248 1482 2322 μάλιστα
1510 2253 1628 2310 τοῖς
1677 2246 1729 2319 ἐξ
1776 2245 1971 2326 ἐφόδου

311 2331 780 2412 προσϐάλλουσιν,
824 2338 1022 2394 ἐκεῖθεν
1076 2339 1449 2412 μεθίστανται.
1483 2338 1551 2396 Οἰ
1583 2335 1641 2392 δὲ
1673 2343 1972 2412 Προυσαῖοι

311 2427 450 2501 πρὸς
507 2427 607 2495 τήν
649 2431 757 2481 τῶν
817 2427 1057 2483 Λατίνων
1118 2427 1347 2502 ἄπαρσιν
1408 2421 1491 2483 ἔτι
1552 2424 1769 2499 μᾶλλον
1824 2427 1976 2496 πλη-

313 2514 529 2577 σθέντες
585 2517 939 2591 φρονήματος
996 2517 1133 2571 κατὰ
1184 2515 1413 2578 πλείους
1471 2515 1769 2573 ἐπέκειντο.
1813 2516 1894 2573 Τὰ
1927 2513 1972 2569 δ’

313 2603 450 2658 αὐτὰ
499 2598 670 2678 ἔδρων
714 2605 803 2658 καὶ
854 2603 908 2658 οἳ
955 2610 1062 2660 τῶν
1117 2602 1440 2679 ὑπερδεξίων
1477 2600 1763 2676 ἐλάϐοντο,
1797 2602 1869 2660 δι’
1899 2604 1974 2659 ὧν

313 2694 375 2748 τὸ
402 2690 672 2766 πολέμιον
721 2691 851 2752 ἵετο.
904 2693 981 2751 Οὐ
1038 2695 1265 2770 βραχεῖς
1301 2692 1359 2749 δὲ
1386 2696 1473 2750 καὶ
1504 2695 1832 2757 ἀποστάντες
1866 2701 1973 2749 Λα-

312 2785 470 2840 τίνων
498 2781 590 2839 ἷ’σα
626 2790 743 2846 τοῖς
779 2786 854 2857 μή
890 2783 1202 2859 δεξαμένοις
1258 2787 1520 2849 Λατίνους
1560 2786 1696 2841 κατὰ
1726 2787 1968 2841 Λατίνων

314 2873 653 2944 ὡπλίσαντο,
709 2874 798 2928 γαὶ
850 2873 1100 2936 πολλοὺς
1156 2875 1338 2930 αὐτῶν
1410 2876 1748 2932 ἀπέκτειναν.
1801 2879 1973 2932 Ἦσαν

315 2962 374 3019 δὲ
419 2964 508 3019 καὶ
569 2962 711 3019 οὕτω
767 2965 832 3018 τὰ
888 2969 1138 3021 Λατίνων
1195 2965 1350 3028 αὖθις
1408 2965 1849 3043 ἐπικρατέστερα,
1881 2966 1972 3022 καὶ

314 3055 516 3133 σφαγαὶ
573 3048 892 3129 προῦϐησαν
953 3053 1151 3134 συχναὶ
1199 3055 1289 3110 καὶ
1347 3054 1496 3125 ἄλλη
1558 3056 1676 3130 μὲν,
1728 3055 1874 3111 ἄλλά
1904 3054 1971 3126 δὴ

313 3143 402 3198 καὶ
450 3143 589 3198 κατά
637 3143 700 3197 τὸ
759 3142 1012 3216 πόλισμα
1061 3146 1161 3214 τὴν
1235 3146 1582 3218 Καισάρειαν.
1642 3145 1718 3201 Τὰ
1773 3143 1864 3200 ἲσα
1918 3142 1975 3201 δὶ

313 3233 529 3294 τούτοις
595 3232 687 3286 καὶ
753 3233 781 3287 ὁ
840 3230 1222 3311 Φιλαδελφεὺς
1288 3232 1572 3309 Θεόδωρος
1636 3236 1971 3310 προθέμενος

314 3321 702 3397 διαπράξασθαι
756 3319 847 3378 διὰ
892 3299 1313 3402 μάχηςιχωρεῖ
1363 3329 1442 3396 τῷ
1478 3299 1839 3400 ”Ερῥῇ’περὶ
1905 3323 1968 3380 τὸ
2009 3299 2052 3368 c

314 3411 707 3486 Ἀτραμόττιον
759 3407 1114 3488 διατρίϐοντι.
1186 3410 1409 3486 Ἀμέλει
1458 3414 1550 3468 καὶ
1606 3415 1682 3488 μὴ
1733 3413 1970 3489 προσδό-

314 3520 478 3573 κιμος
506 3499 673 3555 ἐπιὼν
700 3506 780 3574 τῷ
813 3500 968 3576 ἀνδρὶ
999 3501 1065 3555 τὰ
1109 3502 1204 3574 μὲν
1255 3507 1447 3576 πρῶτα
1477 3504 1613 3578 πρὸς
1643 3504 1705 3558 τὸ
1735 3502 1969 3574 πλῆθος,

314 3589 345 3644 6'
401 3589 655 3666 ἐπήγετο,
713 3591 1018 3661 ἀποκνῆσαι
1107 3594 1302 3647 τοῦτον
1387 3591 1705 3663 πεποίηκεν·
1776 3593 1854 3655 ὡς
1914 3590 1972 3648 δὲ

316 3676 747 3735 διακινδυνευτέα
796 3685 877 3753 τῷ
1161 3677 1356 3754 ἐδόκει,
1391 3683 1426 3751 ἡ
1460 3681 1629 3743 ἱππάς
1678 3680 1756 3745 είς
1799 3682 1974 3757 παρά-

312 3770 458 3841 ταξιν
521 3760 849 3833 διατίθεται(
897 3770 959 3827 Ἡ
1020 3768 1078 3826 δὲ
1135 3770 1269 3845 ὀρθὰ
1314 3770 1381 3826 τὰ
1421 3769 1623 3848 δόρατα
1651 3771 1970 3827 ἀνατείνασα

311 3858 411 3926 τὴν
465 3858 571 3914 ἀπὸ
623 3864 731 3915 τῶν
791 3859 1080 3934 Ῥωμαίων
1136 3859 1450 3938 ἐγχείρησιν
1508 3861 1780 3938 ἐπέμενεν.
1812 3862 1968 3920 Ἐπεὶ

314 3942 373 3999 δὲ
430 3944 688 4022 ῥᾳθύμως
750 3947 899 4023 εἶχον
941 3950 1214 4022 Ῥωμαῖοι
1275 3950 1413 4026 πρὸς
1470 3951 1572 4020 τήν
1628 3956 1730 4021 τῆς
1779 3949 1968 4026 μάχης

310 4035 754 4113 πρωτούργησιν,
801 4037 936 4092 κατὰ
987 4040 1082 4111 μὲν
1141 4035 1407 4113 δράκοντα
1446 4039 1746 4115 φλογωπὸν
1777 4041 1966 4104 ὁλκοῖς

313 4122 674 4198 λορδούμενοι
751 4126 1165 4200 στρατευμάτων
1256 4128 1347 4182 καὶ
1422 4126 1638 4194 φολίσιν
1716 4128 1968 4209 ἐπιφρίσ-

2079 639 2262 693 velint
2312 637 2781 709 impetraturos:
2842 639 2933 693 sin
2994 640 3196 695 urbem
3269 656 3613 712 oppugnare
3688 649 3741 696 et

2083 730 2290 785 arietes
2315 746 2545 784 murum
2574 732 2871 798 percutere
2892 731 3192 801 coeperint,
3226 730 3400 787 aliam
3450 733 3736 788 rationem

2085 820 2223 873 fore.
2267 818 2382 873 Sed
2412 835 2545 872 cum
2579 820 2732 872 cives
2766 834 2875 873 non
2912 820 3083 874 modo
3116 836 3148 874 a
3174 820 3469 876 deditione
3519 821 3731 876 abhor-

2083 912 2297 973 rerent,
2330 909 2430 962 sed
2493 907 2729 977 quidam
2792 907 2963 962 etiam
3022 907 3085 962 in
3143 910 3327 963 aciem
3378 910 3572 980 egredi
3605 909 3741 965 ausi

2085 997 2306 1052 multos
2338 996 2562 1051 nobiles
2595 997 2829 1067 sagittis
2885 998 3359 1068 prostravissent,
3415 999 3613 1054 statim
3674 1004 3740 1053 ut

2085 1103 2198 1142 non
2232 1085 2555 1157 expugnari
2613 1101 2785 1155 posse
2845 1086 3122 1151 munitio,
3179 1087 3370 1157 primo
3412 1089 3739 1159 praesertim

2085 1173 2332 1245 impetu,
2364 1174 2694 1242 videbatur,
2753 1174 2889 1230 inde
2922 1175 3219 1231 recedunt.
3245 1176 3462 1230 Prusaei
3511 1193 3643 1232 vero
3669 1178 3741 1232 ad

2085 1263 2340 1319 hostium
2376 1262 2703 1318 discessum
2734 1262 2924 1318 auctis
2955 1263 3532 1334 animis,majoribus
3554 1265 3743 1335 copiis

2089 1357 2316 1411 Latinos
2349 1372 2381 1410 a
2409 1359 2571 1419 tergo
2602 1356 2910 1426 urgebant.
2943 1356 3101 1410 Idem
3165 1362 3221 1410 et
3277 1355 3373 1409 alii
3423 1355 3738 1422 faciebant,

2087 1444 2382 1500 montanis
2421 1443 2746 1514 occupatis,
2780 1456 2880 1514 per
2919 1460 3046 1515 qua:
3107 1443 3376 1499 hostibus
3434 1449 3743 1498 transeun-

2054 1536 2225 1591 dum
2255 1538 2605 1605 erat.Neque
2638 1534 2806 1607 pauci
2842 1535 2991 1591 798
3024 1552 3059 1591 α
3107 1535 3321 1591 Latinis
3371 1537 3736 1605 defecerunt,

2084 1630 2141 1680 et
2171 1639 2268 1679 eos
2296 1639 2462 1694 aeque
2493 1634 2910 1695 oppugnarunt
2968 1640 3033 1679 ac
3089 1624 3127 1678 ii
3169 1624 3267 1691 qui
3298 1641 3397 1680 eos
3430 1641 3544 1680 non
3579 1640 3739 1680 rece-

2086 1718 2309 1784 perant,
2343 1717 2400 1768 et
2430 1714 2651 1768 multos
2691 1713 3050 1769 occiderunt.
3110 1714 3493 1769 Nihilominus
3537 1720 3738 1769 tamen

2085 1801 2261 1855 etiam
2320 1800 2404 1856 sic
2488 1816 2582 1856 res
2644 1801 2848 1857 Latina
2900 1801 3167 1874 superior
3244 1804 3373 1872 fuit,
3432 1804 3739 1874 caedesque

2086 1890 2283 1946 multae
2313 1906 2440 1945 cum
2479 1890 2617 1946 alibi
2650 1896 2775 1946 tum
2810 1892 2880 1946 ad
2943 1893 3146 1948 urbem
3188 1893 3507 1949 Caesaream
3567 1894 3733 1949 factae

2081 1984 2391 2036 sunt.Nam
2425 1983 2667 2035 Romani
2699 1979 2940 2051 quidam
3001 1980 3299 2053 signifero,
3345 1983 3443 2053 qui
3496 1982 3732 2038 Latino-

2079 2086 2211 2124 rum
2247 2069 2563 2125 exercitum
2598 2070 2993 2137 antecedebat,
3053 2071 3269 2136 occiso,
3312 2071 3640 2143 vexilloqus
3670 2072 3730 2129 in

2081 2158 2305 2215 tumulo
2336 2158 2638 2224 collocato,
2693 2158 2960 2215 cohortes
3011 2176 3139 2231 quae
3196 2161 3593 2231 sequebantur
3633 2161 3733 2216 illo

2080 2253 2392 2319 conspecto
2423 2250 2488 2302 ad
2524 2265 2586 2302 se
2620 2248 3002 2319 pellexerunt,
3026 2266 3060 2303 a
3099 2250 3317 2320 quibus
3374 2249 3473 2303 ubi
3526 2251 3734 2306 Roma-

2080 2354 2188 2394 nos
2219 2354 2349 2393 esse
2382 2342 2808 2409 cognoverunt,
2840 2338 3117 2394 facillime
3146 2355 3212 2394 ac
3255 2338 3557 2395 celerrime
3598 2358 3737 2412 pro-

2080 2427 2262 2499 ﬂigati
2319 2444 2384 2482 ac
2426 2414 2588 2483 male
2645 2427 2881 2483 multati
2936 2433 3096 2484 sunt.
3175 2429 3337 2484 Idem
3397 2430 3735 2486 institutum

2079 2518 2421 2573 Theodorus
2452 2517 2985 2590 Philadelphiensis
3017 2518 3300 2588 imitatos,
3341 2519 3540 2575 Errico
3581 2520 3738 2577 circa

2078 2607 2506 2680 Adramyttium
2540 2609 2737 2680 agenti
2778 2625 2943 2664 arma
2979 2608 3174 2678 infert,
3222 2625 3289 2665 ac
3340 2609 3732 2680 inexspectato

2080 2702 2433 2769 superventu
2466 2702 2524 2754 et
2556 2697 2929 2754 multitudine
2978 2698 3265 2770 principio
3311 2706 3586 2754 terrorem
3639 2700 3733 2754 ἰο-

2079 2788 2247 2844 cutit.
2273 2789 2382 2843 Sed
2419 2804 2549 2843 cum
2586 2789 2781 2844 Errico
2840 2788 3042 2844 Martis
3099 2788 3226 2845 alea
3272 2789 3547 2845 tentanda
3580 2791 3734 2846 vide-

2079 2883 2262 2945 retur,
2297 2879 2562 2948 equitum
2597 2878 2778 2933 aciem
2831 2878 3073 2934 instruit
3103 2898 3117 2947 ;
3152 2880 3253 2951 qui
3312 2879 3499 2934 hastis
3556 2880 3617 2935 in
3649 2879 3734 2935 al-

2079 2971 2204 3023 tum
2233 2967 2405 3023 elatis
2436 2967 2844 3024 Romanorum
2871 2984 3253 3040 congressum
3299 2970 3735 3041 exspectabant.

2079 3056 2185 3120 Qui
2224 3073 2354 3112 cum
2388 3073 2421 3110 a
2452 3055 2792 3113 lacessendo
2822 3056 3226 3123 abhorrerent,
3261 3063 3319 3112 et
3346 3060 3534 3113 instar
3565 3058 3736 3113 flam-

2082 3145 2322 3201 mivomi
2353 3146 2642 3218 serpentis
2702 3146 3064 3201 anfractibus
3122 3146 3425 3218 sepiarum
3487 3164 3612 3202 sese
3643 3146 3737 3203 ﬂe-

2083 3241 2325 3302 cterent,
2358 3239 2415 3290 et
2445 3236 2712 3306 squamis
2728 3251 3028 3291 armorum
3080 3236 3402 3304 horrerent,
3435 3241 3492 3290 et
3517 3237 3733 3291 utrius-

2083 3339 2199 3396 que
2231 3340 2410 3381 cornu
2469 3323 2857 3395 explicatione
2909 3324 3068 3380 velut
3124 3324 3375 3382 hitatum
3409 3327 3731 3397 quemdam

2082 3430 2199 3487 pm
2229 3430 2291 3470 se
2322 3415 2559 3482 ferrent,
2592 3422 2645 3468 et
2684 3414 2833 3469 799
2865 3418 3059 3470 tamen
3091 3416 3332 3487 segnius
3364 3422 3540 3486 atque
3567 3415 3731 3487 igna-

2080 3504 2213 3560 vius
2244 3506 2609 3571 invaderent,
2645 3505 2837 3560 Latini
2870 3504 3047 3561 veluti
3101 3505 3267 3577 signo
3326 3508 3463 3561 dato
3496 3507 3736 3562 directis

2082 3594 2269 3649 hastis
2293 3598 2352 3649 et
2370 3594 2622 3650 clamore
2647 3597 2718 3650 de
2740 3610 2900 3650 more
2929 3595 3180 3661 sublato,
3205 3598 3332 3667 ipso
3376 3595 3573 3651 Errico
3604 3603 3761 3652 ante.

2081 3684 2226 3741 alios
2253 3691 2593 3758 erumpente
2616 3688 2673 3740 et
2699 3702 2804 3757 per
2824 3685 3069 3741 mediam
3096 3685 3354 3741 hostium
3380 3685 3562 3742 aciem
3588 3701 3736 3757 equo

2080 3777 2811 3846 perrumpente,Romanos
2842 3774 3154 3845 dissipant,
3175 3782 3227 3830 et
3250 3775 3608 3846 fugientibus
3640 3776 3733 3830 in-

2078 3880 2147 3920 cu
2160 3865 2427 3920 mbentss
2453 3865 2736 3936 plurimos
2757 3863 3050 3920 occidunt.
3073 3864 3214 3920 Nam
3236 3864 3478 3921 Romani
3502 3864 3730 3935 equites

2078 3956 2149 4011 ad
2175 3955 2427 4026 primam
2445 3955 2785 4010 Latinorum
2802 3954 3249 4026 impressionem
3265 3963 3313 4010 el
3330 3954 3632 4010 hastarum
3651 3953 3734 4009 di-

2078 4046 2395 4101 rectionem
2413 4044 2720 4101 concitatis
2740 4044 2910 4115 equis
2928 4044 3217 4117 fugientes
3260 4046 3556 4117 pedestres
3583 4045 3739 4099 ordi-

2080 4150 2186 4189 nes
2209 4134 2480 4190 hostihus
2510 4133 2891 4190 trucidandos
2914 4133 3270 4206 reliquerant
3289 4139 3344 4189 et
3375 4133 3736 4206 spoliandos.

321 4233 507 4273 σοντες
583 4211 773 4267 ὅπλων
848 4212 938 4267 καὶ
1015 4214 1090 4276 ὡς
1167 4214 1245 4277 εἰς
1322 4216 1513 4290 χάσμα
1588 4213 1994 4293 διανοιγόμενοι
2070 4221 2343 4293 στόματος
2395 4226 2521 4282 ταῖς
2579 4218 2845 4294 ἑκατέρων
2899 4224 3008 4275 τῶν
3081 4224 3321 4295 κεράτων
3395 4221 3741 4291 ἀναπτύξεσιο

312 4303 450 4373 πρὸς
482 4300 539 4355 δὲ
576 4302 671 4364 τὰς
704 4300 986 4366 ἐπελάσεις
1024 4304 1361 4377 ἀτονώτερον
1412 4300 1635 4385 ἔχοντες
1675 4307 1765 4363 καὶ
1803 4308 2155 4384 νωθέστερον,
2210 4311 2286 4373 ὡς
2343 4312 2433 4387 ἀφ’
2489 4312 2607 4374 ἐνὸς
2647 4314 2993 4387 συνθήματος
3035 4313 3185 4368 οὗτοι
3251 4312 3319 4368 τὰ
3376 4314 3536 4384 ξυστὰ
3573 4314 3739 4368 ἀπευ-

315 4387 570 4452 θύναντες
599 4391 691 4445 καὶ
739 4390 878 4446 κατὰ
921 4390 986 4446 τὸ
1040 4391 1269 4461 σύνηθες
1325 4394 1710 4465 ἀλαλάξαντες,
1760 4396 1926 4452 αὐτοῦ
1984 4395 2050 4469 δὴ
2101 4402 2198 4453 τοῦ
2259 4397 2426 4476 Ἐῤῥῆ
2474 4404 2584 4454 τῶν
2626 4398 2813 4455 ἄλλων
2847 4403 3285 4478 προεκθορόντος
3312 4403 3405 4457 καὶ
3437 4401 3526 4458 διὰ
3560 4402 3734 4476 μέσων

312 4482 419 4532 τῶν
451 4479 653 4549 τάξεων
682 4480 774 4536 τὸν
802 4478 975 4536 ’ίππον
1028 4479 1342 4553 ἐλάσαντος,
1375 4480 1785 4555 διασκεδάζουσι
1836 4486 2169 4560 Ῥωμαίους,
2224 4487 2315 4542 καὶ
2375 4488 2554 4566 σφίσιν
2612 4487 2947 4562 ἐπικείμενοι
2980 4490 3240 4569 φεύγουσι
3271 4492 3434 4569 φόνου
3464 4493 3739 4568 πάρεργον

312 4569 604 4631 πΛείστους
635 4564 836 4639 ἔθεντο,
878 4574 968 4626 οἵα
997 4577 1105 4627 τῶν
1135 4572 1346 4628 ἱππέων
1379 4576 1461 4648 [Ρ.
1493 4576 1618 4648 390]
1650 4574 1942 4650 Ῥωμαίων
1973 4576 2067 4633 καὶ
2097 4577 2233 4654 πρὸς
2264 4580 2365 4648 τήν
2396 4578 2618 4654 πρώτην
2652 4572 2932 4652 ἔμπτωσιν
2962 4585 3070 4636 τῶν
3105 4581 3348 4637 Λατίνων
3379 4583 3468 4637 καὶ
3498 4578 3597 4652 τήν
3629 4588 3735 4637 τῶν

313 4654 558 4731 δοράτων
588 4656 878 4733 ἀγκώνισι)
912 4659 1068 4725 ὅλοις
1100 4660 1456 4738 ἀποδράντων
1491 4664 1743 4739 ῥυτῆρσι,
1772 4666 1865 4722 καὶ
1895 4666 1991 4730 τὰς
2022 4666 2250 4736 πεζικὰς
2295 4667 2471 4741 τάξεις
2517 4670 2855 4744 παρεικότων
2888 4668 2964 4732 εἷς
2991 4671 3230 4745 κεράϊσιν
3261 4677 3379 4732 τοῖς
3408 4672 3737 4746 ἀντιμάχοις

310 4746 403 4802 καὶ
434 4749 747 4821 προνομήν.

384 4837 482 4891 Καὶ
557 4834 691 4911 τῇδε
769 4838 864 4911 μὲν
919 4839 987 4893 τά
1042 4841 1161 4895 κατ’
1216 4840 1399 4899 Ἀσίαν
1457 4842 1700 4919 ἐφέρετο·
1777 4846 1845 4900 τὰ
1919 4842 1971 4902 δὲ

2153 4852 2274 4906 Ηοο
2307 4848 2459 4906 Asia:
2485 4852 2666 4919 statu,
2726 4851 2987 4908 marchlo
3046 4868 3147 4924 per
3201 4850 3480 4908 Thessala
3519 4852 3740 4924 Tempe

311 4926 555 4982 Θετταλά
598 4926 793 5000 Τέμπη
844 4927 1211 5003 ἐκπεριελθὼν
1267 4932 1560 5007 μαρκέσιος
1617 4933 1705 5011 ὑφ’
1735 4932 1973 5010 ἡγεμόσι

308 5015 604 5090 Ῥωμαίοις
635 5019 732 5091 ἦγε
772 5014 862 5072 διὰ
916 5020 1134 5093 ταχέων
1184 5019 1236 5074 ἐν
1294 5026 1414 5084 τοῖς
1474 5023 1550 5095 μή
1609 5021 1841 5097 ὀριαίοις
1872 5025 1970 5095 τήν

312 5102 560 5179 δύναμιν,
594 5104 735 5162 ὥστε
762 5107 853 5162 καὶ
911 5105 1074 5163 ἔλαθε
1126 5110 1195 5164 τὰ
1250 5108 1440 5166 πεδινὰ
1478 5117 1587 5167 τῶν
1622 5114 1971 5188 Λαρισσαίων

310 5196 561 5274 κατέχων
627 5197 755 5260 τοὺς
820 5203 939 5261 ταῖς
1007 5197 1195 5275 ἄκραις
1281 5199 1589 5278 ἐφεστῶτας
1657 5203 1971 5277 Ῥωμαίους

313 5281 403 5335 καὶ
445 5285 539 5346 τὰς
593 5281 902 5360 ὑπερϐολὰς
948 5292 1253 5363 τηροῦντας
1304 5288 1610 5363 ἐπιμελῶς,
1642 5291 1698 5346 αἳ
1748 5293 1840 5347 τὸν
1873 5293 1968 5366 μὶν

313 5368 548 5438 Πηνειὸν
607 5377 853 5450 ποταμὸν
908 5375 963 5440 ἐς
1016 5377 1080 5433 τὸ
1141 5378 1472 5436 στενώτατον
1512 5381 1684 5454 πάντη
1718 5382 1974 5460 ξυνάγου-

2086 4937 2365 4996 Romanis
2393 4939 2736 4996 ductoribus
2766 4956 3043 5012 egressus
3072 4942 3270 5013 copias
3317 4941 3376 4996 in
3434 4940 3581 4996 locis
3621 4957 3735 4996 non

2084 5028 2380 5084 montanis
2413 5029 2557 5084 adeo
2588 5029 2857 5086 celeriter
2885 5030 3071 5100 duxit,
3105 5041 3164 5085 ut
3194 5031 3250 5085 in
3285 5029 3526 5086 Larissae
3575 5047 3737 5085 cam-

2084 5117 2300 5190 pestria
2326 5118 2653 5189 perveniret
2702 5119 2923 5191 ignaris
2980 5120 3260 5176 Romanis
3293 5120 3395 5192 qui
3444 5122 3737 5177 montium

2084 5207 2395 5263 cacumina
2424 5207 2714 5264 accuratis
2744 5208 3004 5264 excubiis
3035 5212 3307 5265 tenebant
3333 5228 3347 5278 ;
3382 5213 3600 5282 quibus
3630 5214 3741 5266 Pe-

2083 5312 2229 5352 neus
2288 5295 2503 5353 ﬂuvius
2562 5297 2780 5370 ubique
2837 5300 2896 5354 in
2953 5300 3443 5370 angustissimum
3504 5301 3737 5357 alveum

2083 5390 2323 5443 coactus
2349 5385 2411 5442 in
2449 5402 2693 5458 magnos
2753 5387 2970 5444 ﬂuctus
3027 5388 3338 5461 attollitur,
3371 5390 3517 5463 ripis
3575 5406 3740 5447 reso-

1718 5530 1888 5593 Hier.
1923 5530 2138 5594 Wolﬁi
2167 5538 2357 5596 notas.

383 5646 496 5731 (6b)
528 5650 848 5735 llpouca‘im.
882 5654 1179 5729 Προυσαεῖς
1210 5658 1269 5713 et
1297 5652 1631 5729 Προυσηνοὶ,
1656 5655 1711 5711 οἱ
1738 5652 1792 5712 ἐν
1824 5657 1894 5731 τῇ
1924 5661 1969 5711 Π

2081 5675 2164 5731 σῃ.
2195 5656 2346 5716 Aliis
2378 5659 2558 5732 atque
2597 5657 2732 5717 aliis
2781 5658 2844 5717 in
2905 5660 3052 5720 locis
3111 5662 3199 5721 ha
3231 5663 3611 5724 formationes
3641 5664 3738 5723 in-

305 5724 647 5781 veniuntur.
