4074 6422
337 372 445 434 991

1652 373 1957 437 ΝΙΟΕΤιΕ
2002 375 2430 439 ΟΗΟΝΙΛΤᾸΞ

3645 389 3774 449 992

331 504 614 562 nantibus
645 521 660 574 ;
692 509 751 562 et
782 520 984 575 unum,
1018 523 1273 580 eumque
1313 512 1634 579 angustum
1690 508 1986 563 tramitem

2103 528 2206 579 σιν,
2240 510 2315 570 ὡς
2344 509 2433 564 καὶ
2490 509 2788 586 καχλάζειν
2841 511 2892 568 ἓν
2951 513 3192 577 πολλοῖς
3240 512 3330 571 ἐπὶ
3397 510 3539 595 μέγα
3564 517 3629 574 τὸ
3660 517 3763 594 ῥό-

333 599 393 650 et
423 596 673 652 transitu
698 595 856 651 haud
884 596 1111 652 facilem
1136 596 1431 668 aperiunt,
1464 601 1529 652 ut
1575 596 1669 652 vix
1727 597 1997 668 quaterni

338 684 556 741 milites
582 703 692 755 pne
729 686 976 757 rupibus
997 694 1055 741 et
1076 686 1431 743 torrentibus
1455 687 1684 758 possint
1707 687 1994 742 incedere.

338 773 899 847 Larissadigressus
935 775 1180 833 ulterius
1236 776 1534 847 pergebat,
1569 776 1802 831 nemine
1852 776 1996 831 resi-

338 870 490 922 stere
520 868 798 935 audente,
856 869 1041 941 donec
1095 883 1225 924 sero
1279 885 1345 923 ac
1370 869 1463 923 vix
1510 869 1744 924 tandem
1778 874 1996 923 Scurus

335 955 447 1011 Leo
478 957 636 1013 circa
673 956 1094 1029 Thermopylas
1154 957 1311 1015 800
1368 957 1617 1014 insidias
1667 957 1720 1013 ei
1763 958 1994 1014 struxit.

330 1046 439 1100 Sed
474 1046 635 1101 nullo
668 1046 800 1101 forti
833 1046 989 1101 edito
1020 1047 1304 1115 facinore,
1363 1048 1434 1103 ad
1495 1047 1688 1103 solum
1747 1063 1995 1119 conspe-

331 1140 491 1190 ctum
525 1135 872 1191 Latinorum
906 1135 1174 1207 equitum
1206 1136 1449 1193 territus
1501 1135 1992 1193 Acrocorinthum

331 1224 617 1295 confugit.
646 1223 868 1280 Scurus
930 1224 1024 1280 hic
1082 1223 1334 1298 Nauplio
1375 1230 1539 1282 ortus
1570 1224 1910 1297 aliquandiu
1941 1224 1994 1281 vi

333 1313 522 1384 magis
568 1329 747 1385 quam
800 1313 1102 1369 voluntate
1157 1314 1535 1387 popularium
1597 1315 1992 1387 principatum

330 1402 522 1458 tenuit
555 1420 587 1457 a
619 1408 782 1475 patre
829 1409 1197 1477 susceptum,
1259 1406 1331 1459 ad
1386 1404 1557 1476 cujus
1612 1404 1993 1460 imitationem

332 1508 449 1547 non
492 1492 618 1548 sine
650 1493 940 1565 sanguine
970 1492 1302 1564 imperavit.
1362 1495 1468 1550 Sed
1528 1494 1875 1550 confusione
1906 1510 1993 1550 re-

330 1596 461 1636 rum
491 1586 721 1651 auctus,
755 1586 813 1637 et
842 1582 1202 1639 turbulentis
1224 1584 1590 1655 temporibus
1616 1588 1679 1639 ut
1709 1587 1995 1641 torrentes

331 1670 625 1727 imbribus
659 1676 717 1728 et
749 1672 1089 1728 turbinibus
1121 1673 1291 1728 undae
1342 1674 1714 1739 tumefactus,
1747 1689 1777 1728 e
1819 1689 1994 1744 parvo

332 1775 587 1831 magnus
618 1761 863 1818 erstitit.
896 1768 1086 1833 Argos
1124 1761 1277 1832 dolo,
1311 1761 1653 1817 Corinthum
1685 1760 1992 1819 latrocinio

331 1849 485 1921 cepit
506 1864 520 1905 :
538 1850 928 1918 etgrassando
940 1852 1194 1908 subinde
1206 1867 1549 1923 progressus
1563 1852 1720 1922 ipsas
1733 1850 1991 1908 Athenas

332 1953 467 1994 cum
503 1938 724 1995 bellicis
757 1940 1006 1997 navibus
1036 1944 1094 1997 et
1124 1941 1375 1998 exercitu
1410 1959 1510 2013 per
1541 1941 1826 1998 Isthmum
1878 1946 1988 1997 tra-

332 2026 508 2083 ducto
543 2036 630 2084 est
653 2030 916 2097 adortus,
950 2046 1019 2086 ea
1065 2045 1169 2103 spe
1190 2047 1255 2086 se
1277 2031 1429 2087 arcis
1452 2030 1618 2087 facile
1641 2031 1984 2103 potiturum,

331 2122 433 2173 aut
463 2117 756 2174 machinis
815 2118 1088 2176 adductis
1145 2119 1380 2176 imbelle
1428 2119 1766 2193 praesidium
1818 2118 1988 2175 facile

331 2209 693 2267 territurum.
724 2211 1004 2268 Ceterum
1038 2227 1108 2268 ea
1138 2212 1401 2285 agitabat
1454 2213 1651 2269 animo
1681 2214 1739 2269 et
1770 2210 1988 2268 frustra

326 2299 669 2369 conabatur,
702 2318 830 2372 quae
863 2302 936 2357 ad
969 2301 1190 2357 exitum
1225 2302 1461 2374 perduci
1521 2318 1637 2357 non
1697 2306 1984 2373 poterant.

326 2388 475 2446 Nam
499 2390 867 2449 Athenarum
891 2409 1165 2449 summus
1183 2392 1639 2465 pastorMicbael
1657 2392 1987 2464 Cboniates,

329 2479 510 2535 frater
541 2496 709 2537 meus
741 2480 933 2553 (meus
964 2483 1207 2555 inquam
1237 2499 1249 2538 :
1275 2500 1412 2539 nam
1443 2482 1602 2538 laudi
1644 2482 1787 2536 mihi
1836 2481 1987 2538 duco

328 2569 738 2640 cognationem
771 2572 924 2643 ejus,
954 2577 1013 2628 et
1040 2574 1089 2628 ei
1122 2587 1216 2628 me
1252 2571 1537 2643 sanguine
1585 2571 1987 2644 propinquum

328 2673 458 2715 esse
490 2661 734 2730 gaudeo,
768 2660 904 2717 licet
935 2679 967 2717 a
1003 2662 1214 2718 virtute
1272 2666 1329 2717 et
1359 2661 1694 2734 eloquentia
1736 2662 1865 2732 ejus
1899 2677 1986 2716 re-

331 2749 741 2820 motissimus),
797 2769 930 2807 cum
992 2752 1081 2807 sui
1144 2751 1403 2808 muneris
1459 2768 1589 2808 esse
1641 2746 1990 2819 intelligeret

333 2838 577 2894 consilio
608 2846 666 2895 et
693 2840 971 2912 precibus
1035 2858 1160 2897 rem
1218 2841 1513 2912 publicam
1551 2841 1781 2911 juvare,
1822 2841 1990 2897 Scuri

333 2928 544 2983 castris
576 2929 745 2998 visis,
776 2929 870 3000 pie
900 2947 1034 2986 cum
1067 2948 1133 2985 eo
1165 2946 1336 3002 agere
1367 2929 1643 2997 instituit,
1676 2946 1751 2985 an
1800 2929 1990 2984 homi-

334 3033 493 3077 nem.
528 3020 850 3089 praesertim
884 3036 997 3075 non
1031 3019 1176 3075 801
1236 3021 1501 3090 ignotum
1552 3019 1654 3074 sed
1686 3035 1836 3091 saepe
1869 3018 1990 3075 col—

332 3103 898 3170 locutum,amovere
919 3114 1137 3179 posset.
1174 3109 1375 3179 Itaque
1423 3123 1490 3163 ex
1519 3108 1661 3163 urbe
1706 3115 1986 3180 tanquam

332 3195 636 3265 superiore
667 3196 792 3252 loco
856 3196 1208 3253 monitorum
1272 3196 1512 3269 sagiltas
1553 3197 1894 3267 ejaculatur,
1927 3201 1985 3252 et

2104 607 2220 660 θιον
2295 598 2386 652 καὶ
2456 599 2554 662 τὰς
2629 596 2799 675 ὄχθας
2872 606 2941 677 τῇ
3017 607 3127 659 τῶν
3186 604 3406 661 κτύπων
3464 606 3771 682 ἀνιπὲμψει

2103 691 2456 760 συνεπηχεῖν,
2514 687 2636 763 περῖ
2695 685 2752 744 δὲ
2806 690 2902 752 τὰς
2954 696 3064 748 τῶν
3126 693 3273 769 ὀρῶν
3305 689 3599 759 ὑποϐάσεις
3635 696 3765 771 μίαν

2100 773 2339 848 ἀτραπὸν
2397 778 2804 854 παρανοίγουσι,
2877 784 3316 859 συνεπτυγμένην
3389 784 3481 840 καὶ
3554 786 3765 857 ταύτην

2099 864 2187 918 καὶ
2218 862 2471 939 χαλεπὴν
2503 872 2620 930 τοῖς
2672 865 2979 942 βαδίζουσι,
3029 870 3172 927 ὣστε
3223 894 3300 943 πη
3356 870 3489 946 μηδ’
3520 873 3608 930 ἐπὶ
3638 897 3767 931 τεσ-

2099 953 2279 1027 σάρων
2351 953 2595 1012 ἀσπίδων
2669 960 2780 1031 (66)
2856 959 3025 1029 αὐτὴν
3128 961 3579 1037 ἀναπτύσσεσθαι,
3656 966 3763 1023 ὑπὸ

2098 1048 2310 1117 πετρῶν
2381 1042 2654 1101 λισσάδων
2714 1046 2804 1102 καὶ
2862 1051 3141 1123 ποταμίου
3245 1050 3515 1127 ῥεύματος
3582 1054 3635 1118 ἒς
3696 1056 3761 1112 τὸ

2100 1134 2278 1205 πάντη
2326 1141 2607 1192 συνιοῦσαν
2656 1138 3003 1214 στενόπορον.
3058 1143 3157 1198 ’Κκ
3203 1139 3263 1197 δὲ
3306 1145 3583 1220 Λαρίσσης
3622 1147 3750 1221 ἄρας

2099 1223 2423 1302 προύχώρει
2472 1231 2589 1288 τοῖς
2637 1222 2960 1303 ἔμπροσθεν,
2998 1228 3232 1304 μηδενὸς
3267 1233 3345 1296 εἰς
3390 1240 3577 1310 χεῖρας
3605 1235 3748 1306 αύτῷ

2097 1312 2378 1385 προσιέναι
2427 1311 2642 1388 θαῤῥεῖν
2696 1313 2944 1392 ἔχοντος.
3001 1321 3131 1393 Ὀψὲ
3186 1318 3243 1376 δὲ
3293 1323 3382 1377 καὶ
3438 1320 3602 1396 μόλις
3630 1321 3754 1396 περὶ

2096 1397 2191 1460 τὰς
2238 1399 2599 1473 Θερμοπύλας
2642 1400 2814 1479 λόχον
2862 1406 2891 1460 ὁ
2945 1407 3189 1483 Σγουρὸς
3220 1409 3370 1464 Λέων
3403 1409 3758 1479 ὑποκαθίσας,

2102 1486 2272 1562 μηδὲν
2333 1488 2478 1545 δέτι
2537 1494 2627 1547 καὶ
2682 1490 2880 1568 δράσας
2937 1502 3200 1572 γενναῖον,
3261 1497 3406 1553 ἀλλά
3464 1498 3555 1554 καὶ
3613 1498 3755 1573 πρὸς

2103 1574 2272 1651 μόνην
2299 1579 2399 1647 τὴν
2458 1585 2568 1635 τῶν
2627 1581 2837 1639 ἱππέων
2892 1585 3130 1641 Λατίνων
3161 1582 3284 1659 ὄψιν
3325 1585 3754 1664 ἀλλοφρονῆσας

2098 1668 2274 1745 φυγὰς
2328 1668 2531 1735 ἐκεῖθεν
2592 1670 2645 1735 ἐς
2701 1673 2792 1728 τὸν
2854 1675 3260 1749 Ἀκροκόρινθον
3325 1674 3529 1750 ᾤχετο.
3577 1676 3635 1729 Ὁ
3697 1672 3726 1729 δ

2096 1758 2341 1832 Σγουρὸς
2375 1759 2536 1826 οὗτος
2585 1760 2646 1817 ἐκ
2697 1767 2797 1817 τοῦ
2851 1764 3134 1819 Ναυπλίου
3164 1766 3522 1841 γεγενημένος
3557 1763 3765 1839 χρόνον

2102 1847 2198 1921 μὲν
2228 1868 2349 1905 τινα
2376 1854 2486 1905 τῶν
2518 1848 2579 1906 ἐκ
2619 1856 2719 1908 τοῦ
2765 1854 2951 1927 γένους
3004 1854 3095 1930 βίᾳ
3152 1854 3364 1926 μᾶλλον
3395 1850 3539 1928 ἤπερ
3568 1854 3766 1908 πειθοῖ

2094 1936 2383 2012 κατίσχυε,
2425 1939 2679 2015 πατρῷόν
2724 1962 2779 1996 τι
2830 1944 3026 2017 μέτρον
3076 1939 3407 2018 ἀναπληρῶν
3454 1940 3545 1997 καὶ
3577 1940 3759 2016 χειρί-

2098 2030 2185 2095 ζον
2232 2026 2341 2103 οὐχ
2396 2028 2644 2102 αἱμάτων
2703 2032 2997 2103 καθαρεῦον
3038 2029 3441 2105 κληρούχημα·
3478 2031 3560 2084 ἀεὶ
3591 2028 3649 2084 δὲ
3677 2033 3763 2102 τῷ

2093 2120 2203 2171 τῶν
2257 2118 2592 2192 πραγμάτων
2647 2118 2927 2193 ἀνωμάλῳ
2985 2118 3266 2185 ἐπιδιδοὺς
3321 2120 3411 2176 καὶ
3464 2124 3581 2182 τοῖς
3637 2140 3764 2175 στα-

2098 2203 2318 2261 σιώδεσι
2347 2212 2559 2284 καιροῖς
2592 2205 2963 2282 οίόαινόμενος
3016 2210 3185 2283 μὲγας
3227 2207 3287 2264 ἐκ
3341 2213 3543 2284 μικροῦ
3572 2209 3767 2284 πρόει-

2098 2316 2203 2365 σιν,
2251 2296 2325 2359 ὡς
2372 2298 2424 2351 οἱ
2472 2296 2769 2376 χείμαῤῥοι
2816 2304 2938 2361 τοῖς
2987 2292 3221 2374 ὄμϐροις
3266 2299 3354 2354 καὶ
3401 2303 3521 2360 τοῖς
3556 2298 3765 2373 βιαίοις

2094 2385 2161 2440 τὰ
2218 2384 2433 2460 κύματα
2488 2387 2779 2462 πνεύμασι.
2857 2389 2936 2445 Τὸ
3020 2389 3127 2463 γὰρ
3188 2383 3494 2444 ἱππόϐοτον
3562 2389 3770 2464 ²Ἀργος

2100 2475 2480 2546 ὑπονοοεύσας,
2511 2476 2600 2531 καὶ
2632 2475 2721 2532 ἐπὶ
2750 2474 2892 2550 τῶδε
2935 2479 3035 2547 τὴν
3088 2477 3349 2554 Κόρινθον
3381 2476 3757 2551 ληϊσάμενος,

2095 2565 2186 2621 καὶ
2227 2566 2451 2641 πρωϊὼν
2511 2565 2594 2621 ἀεὶ
2640 2571 2757 2629 τοῖς
2817 2568 3209 2641 λῃστεύμασιν,
3284 2569 3400 2622 εἶτα
3475 2567 3566 2623 καὶ
3639 2573 3766 2630 ταῖς

2096 2655 2356 2726 ’Δθήναις
2423 2657 2615 2718 αὐταῖς
2669 2657 2980 2731 προσήραξε
3043 2657 3178 2731 μετᾶ
3231 2655 3557 2730 πολεμικῶν
3614 2661 3764 2726 νηῶν

2096 2744 2187 2800 καὶ
2243 2744 2335 2799 τὸν
2396 2746 2612 2819 Ἰσθμὸν
2699 2743 3012 2808 διελθόντος
3080 2746 3505 2822 στρατεύματος,
3576 2744 3764 2801 ἔλπίσι

2100 2832 2449 2909 θαλπόμενος
2499 2835 2575 2900 ὡς
2626 2833 2878 2911 εὐμαρῶς
2932 2837 3194 2912 κρατήσει
3239 2841 3339 2905 τῆς
3378 2833 3764 2910 ἀκροπόλεως,

2098 2921 2136 2994 ἤ
2166 2928 2297 2998 γοῦν
2332 2923 2618 2987 ἑλεπόλεις
2650 2924 2947 2996 ἐπιστήσας
2998 2925 3074 2989 ὡς
3119 2923 3400 2998 ἀπόλεμον
3444 2926 3670 2999 θροήσει
3700 2925 3766 2980 τὸ

2094 3009 2249 3069 ’ὲνδον
2335 3013 2791 3090 ἀπομαχόμενον.
2860 3019 2960 3070 Ἦν
3029 3011 3077 3069 δ’
3143 3013 3546 3087 ἀναπεμπάζων
3606 3008 3765 3093 φρεσῖ

2095 3102 2186 3156 καὶ
2225 3100 2449 3164 είκαίως
2518 3101 2902 3176 διανοούμενος
2952 3104 3021 3158 τὰ
3089 3104 3165 3176 μὴ
3227 3102 3392 3177 πέρας
3426 3102 3573 3166 ὅλως
3605 3100 3762 3175 δεξό-

2100 3212 2247 3264 μενα.
2305 3193 2366 3248 Ὀ
2422 3192 2523 3268 γὰρ
2566 3192 2916 3268 ἀρχιποιμήν
2979 3194 3225 3264 Ἀθηνῶν
3282 3192 3517 3269 Μιχαὴλ
3565 3194 3751 3248 ὁΧω-

329 3284 609 3355 pastorali
642 3285 825 3341 funda
849 3285 1050 3343 divina
1069 3287 1245 3342 verba
1261 3266 1425 3358 jacit.
1454 3266 1783 3359 Aliquando
1805 3289 1983 3342 etiam

2099 3279 2282 3351 νιάίτης
2340 3266 2687 3355 (κασίγνητος
2754 3283 2914 3347 οὗτος
2970 3281 3123 3355 ἐμὸς,
3186 3282 3276 3339 καὶ
3345 3266 3502 3357 ἐμὸς·
3558 3280 3751 3358 ἐγκαλ-

333 3373 744 3445 spiritualibus
805 3376 984 3431 minis
1036 3382 1318 3449 tanquam
1378 3376 1662 3433 arietibus
1722 3380 1988 3434 animum

338 3462 503 3519 illius
530 3468 790 3521 sternere
820 3465 1098 3523 instituit.
1136 3465 1261 3524 Non
1291 3467 1447 3523 enim
1480 3468 1685 3525 decere
1721 3484 1854 3524 eum
1888 3465 1990 3538 qui

344 3551 711 3610 Christianus
734 3555 814 3612 sit
834 3560 891 3611 et
913 3556 1063 3612 inter
1082 3556 1374 3613 Romanos
1396 3573 1607 3614 nomen
1635 3574 1810 3614 suum
1854 3574 1990 3629 pro.

342 3641 598 3710 fitentur,
635 3642 931 3700 Romanos
961 3643 1112 3700 bello
1146 3649 1359 3718 petere,
1393 3646 1506 3703 nisi
1545 3647 1692 3702 forte
1739 3644 1884 3702 solis
1916 3645 1994 3700 la-

342 3730 456 3789 biis
488 3734 885 3790 Christianum
928 3740 1085 3807 agat,
1120 3740 1181 3791 ut
1229 3741 1286 3791 et
1334 3739 1490 3792 veste
1516 3741 1573 3790 et
1601 3735 1806 3808 lingua
1835 3736 1991 3792 dun-

340 3825 498 3878 taxat
531 3822 886 3890 Romanum,
919 3826 1093 3881 corde
1123 3842 1256 3882 vero
1320 3843 1354 3882 a
1403 3823 1750 3882 Christianis
1793 3825 1871 3880 sit
1901 3840 1992 3880 re-

346 3911 734 3971 motissimus.
793 3914 978 3978 Quam
1036 3931 1173 3971 vero
1220 3930 1462 3971 causam
1529 3914 1743 3969 habeat
1804 3930 1994 3986 oppu-

343 4001 565 4072 ευδοάὶ
597 4003 858 4059 Athenas
880 4002 908 4058 ?
930 4019 1064 4059 nam
1105 4003 1329 4075 Argivis
1362 4004 1436 4059 ob
1461 4001 1823 4057 vicinitatem
1857 4017 1990 4072 pos-

343 4095 434 4146 set
490 4091 731 4150 forsitan
791 4092 1011 4165 aliquid
1070 4091 1305 4149 crimini
1362 4092 1524 4161 dare,
1583 4107 1699 4163 quo
1752 4090 1986 4147 illorum

342 4182 695 4253 expugnatio
715 4189 1046 4252 excusetur,
1074 4182 1575 4255 quemadmodum
1600 4186 1659 4238 et
1673 4180 1989 4238 Corinthiis

342 4285 530 4341 nuper
558 4271 979 4344 archiepiscopi
1036 4288 1240 4329 eorum
1271 4271 1782 4329 crebras’insidias
1831 4272 1991 4343 obje-

341 4360 504 4427 cerit,
537 4359 692 4416 unde
716 4364 1046 4419 Romanum
1078 4361 1396 4419 exercitum
1448 4361 1767 4435 Nauplium
1795 4378 1993 4417 accur-

340 4464 466 4504 rere
496 4454 555 4504 et
585 4466 761 4506 naves
784 4450 1028 4508 hostiles
1064 4450 1360 4524 appellere
1407 4451 1642 4508 viderit.
1672 4451 1989 4508 Athenien-

340 4556 436 4597 ses
463 4556 594 4596 vero
617 4550 670 4596 et
700 4540 1152 4614 ipsum,utlocis
1182 4541 1415 4611 distent,
1448 4543 1526 4597 ita
1550 4541 1699 4598 nihil
1738 4541 1989 4598 invicem

2098 3368 2414 3443 λωπίζομαι
2472 3372 2576 3447 γὰρ
2630 3374 2700 3445 τῇ
2787 3372 3170 3448 ὁμογνιότητι,
3227 3373 3315 3427 καὶ
3387 3371 3569 3451 χαίρω
3630 3370 3754 3434 καθ’

2095 3461 2235 3533 αἷμα
2290 3464 2367 3531 τῷ
2413 3457 2568 3535 ἀνδρὶ
2634 3462 3065 3535 συναπτόμενος,
3119 3462 3164 3516 εἰ
3247 3462 3339 3516 καὶ
3392 3468 3495 3532 τῆς
3550 3460 3751 3535 ἀρετῆς

2095 3550 2183 3606 καἲ
2242 3555 2340 3606 τοῦ
2398 3549 2567 3626 λόγου
2618 3551 2753 3607 κατᾶ
2811 3549 3100 3627 διάμετρον
3150 3549 3520 3626 ἐκδιίσταμαι)
3575 3551 3639 3606 τὸ
3672 3549 3755 3605 οἷ-

2096 3646 2242 3696 κεῖον
2275 3640 2450 3715 λάχος
2510 3642 2652 3715 ὁρῶν
2702 3643 2818 3714 (67)
2865 3646 2975 3697 τῶν
3008 3641 3173 3697 αὐτοῦ
3201 3639 3416 3718 βουλῶν
3444 3642 3535 3697 καὶ
3567 3642 3755 3717 εὐχῶν

2097 3730 2443 3805 ἐξεχόμενον,
2503 3730 2616 3786 ἐπεὶ
2664 3726 3093 3803 Δπαρευϐαλόντα
3150 3731 3399 3788 θεάσαιτο
3441 3732 3536 3788 τὸν
3571 3739 3758 3808 Σγου-

2100 3821 2213 3895 ρὸν,
2248 3818 2385 3895 ἔγνω
2421 3819 2660 3893 μετιέναι
2715 3824 2912 3876 τοῦτον
2971 3821 3268 3899 θεοφιλῶς,
3300 3820 3353 3879 εἶ’
3404 3844 3523 3883 πως
3552 3820 3760 3889 ἒκεῖθεν

2097 3908 2403 3978 ἀποστῆσαι
2436 3905 2743 3982 δυνήσεται,
2809 3907 2939 3983 μηδ’
3001 3909 3192 3975 ἄλλως
3233 3913 3519 3984 ἀσυνήθως
3555 3908 3764 3988 ἔχοντα

2096 3997 2233 4072 πρὸς
2282 3996 2465 4064 αὐτὸν,
2510 3995 2564 4059 ἐς
2610 3995 2669 4053 δὲ
2716 3997 2922 4076 λόγους
2978 3998 3293 4071 ἐληλυθότα
3322 4001 3616 4064 πολλάκις.
3649 4003 3761 4060 Καὶ

2098 4084 2164 4159 δὴ
2199 4087 2273 4151 ὡς
2331 4086 2382 4161 ἒξ
2444 4084 2767 4163 ὑπερδεξῖων
2825 4095 2924 4159 τῆς
2991 4085 3209 4155 πόλεως
3260 4088 3463 4163 τοξεύει
3504 4087 3761 4167 παραινέ-

2096 4199 2232 4233 σεων
2281 4177 2543 4254 βέλεμνα,
2591 4178 2681 4234 καὶ
2721 4182 2789 4253 τῇ
2828 4183 3165 4254 ποιμαντικῇ
3218 4178 3484 4259 σφενδόνῃ
3517 4177 3756 4256 ἀκροϐο-

2097 4267 2304 4339 λίζεται
2345 4265 2580 4344 διαφιεὶς
2622 4267 2899 4334 θεόπλοκα
2948 4269 3188 4347 ῥήματα.
3221 4271 3376 4326 Ἐστι
3416 4267 3462 4325 δ’
3513 4270 3623 4342 ὅπη
3664 4272 3759 4327 καὶ

2098 4361 2172 4423 ὡς
2239 4359 2289 4430 ἐξ
2358 4357 2641 4417 ἐλεπόλειν
2685 4364 2793 4415 τῶν
2861 4365 3138 4435 πατρικῶν
3205 4359 3448 4417 ἀπειλῶν
3504 4368 3759 4435 πειρᾶται

2095 4446 2397 4502 κατασείειν
2428 4446 2490 4502 τὸ
2524 4445 2732 4503 ἐκείνου
2781 4448 3058 4527 φρόνημα,
3130 4449 3207 4519 μὴ
3268 4445 3377 4504 δεῖν
3440 4447 3621 4525 λὲγων
3649 4447 3761 4504 ἀπὸ

2098 4534 2339 4611 Χριστοῦ
2376 4536 2717 4609 καλούμενον
2774 4536 2865 4592 καὶ
2921 4537 3224 4611 Ῥωμαίοις
3272 4539 3761 4613 συνεξεταζόμενον

340 4628 559 4687 habere
589 4631 830 4704 negotii,
863 4635 919 4687 et
970 4630 1042 4686 ab
1098 4629 1261 4686 omni
1317 4629 1692 4688 amulatione
1735 4637 1990 4687 remotos

2101 4623 2191 4681 διὰ
2225 4626 2411 4702 μάχης
2466 4627 2760 4700 Ῥωμαίοις
2819 4633 3048 4704 χωρεῖν,
3105 4629 3152 4683 εἰ
3212 4631 3288 4702 μὴ
3330 4634 3621 4686 πιστοῦται
3655 4629 3758 4702 μό-

338 4739 487 4779 esse.
518 4723 663 4780 Cum
695 4723 858 4778 urbis
890 4738 1062 4794 porro
1087 4722 1388 4779 sacerdote
1435 4721 1583 4777 nihil
1632 4723 1988 4778 intercedere

339 4813 456 4871 nisi
487 4814 584 4887 pia
612 4823 666 4871 et
699 4813 1032 4887 spiritualia
1087 4813 1458 4880 commercia,
1493 4811 1772 4883 quoniam
1831 4810 1988 4866 hunc

336 4901 464 4974 ipse
493 4908 717 4975 patrem
750 4908 808 4960 et
835 4908 1127 4976 pastorem
1159 4900 1454 4974 appellare
1484 4916 1783 4972 nunquam
1827 4915 1991 4956 recu-

340 4991 506 5057 sarit,
537 4998 596 5049 et
625 4992 912 5050 suavitate
942 4990 1227 5049 orationis
1284 4991 1412 5062 ejus
1470 4990 1656 5062 magis
1701 4989 1992 5046 afﬁciatur

341 5096 521 5151 quam
552 5082 744 5140 mellis
774 5082 1101 5149 dulcedine,
1131 5097 1312 5152 eaque
1341 5096 1577 5153 semper
1623 5079 1736 5136 frui
1767 5080 1988 5154 cupiat,

339 5171 435 5230 hic
452 5188 585 5231 vero
609 5173 804 5247 ipsum
826 5173 887 5231 in
917 5173 1312 5247 spiritualium
1336 5172 1654 5230 liberorum
1681 5188 1987 5230 numerum

2094 4738 2212 4780 νοις
2271 4722 2361 4793 [Ρ.
2394 4721 2521 4792 391]
2581 4718 2795 4794 χείλεσι
2849 4721 2912 4775 τὸ
2971 4721 3391 4795 Χριστώνυμον,
3449 4721 3525 4783 ὡς
3570 4721 3754 4788 ἐσθῆτι

2096 4807 2188 4862 καὶ
2219 4806 2440 4884 γλώττῃ
2486 4809 2579 4863 τὸν
2627 4805 2927 4880 Ῥωμαίοις
2982 4809 3296 4884 ὁμόφωνον,
3347 4814 3416 4884 τῇ
3459 4806 3518 4865 δὲ
3559 4806 3758 4885 καρδία

2098 4900 2290 4978 πόρῥω
2355 4898 2628 4970 πλάζοιτο
2693 4905 2801 4956 τῶν
2859 4883 3212 4974 καλουμένων
3250 4900 3358 4957 ἀπὸ
3394 4883 3652 4976 Χριστοῦ.
3686 4883 3758 4957 Τί

2101 4989 2158 5048 δὲ
2230 4990 2322 5046 καὶ
2396 4987 2543 5066 ἔχων
2621 4990 2933 5061 Ἀθηναίοις
2987 4988 3305 5067 ἓπεγκαλεῖν
3380 4995 3447 5065 τῇ
3525 4992 3741 5061 ’Δττικῇ

2100 5081 2526 5155 ἐπεστράτευσε;
2578 5086 2695 5144 τοῖς
2751 5081 2845 5154 μὲν
2899 5079 3002 5156 γὰρ
3030 5080 3264 5157 γείτοσιν
3296 5078 3554 5155 Ἀργείοις
3591 5078 3740 5152 εἶχεν

2101 5170 2163 5229 ἄν
2192 5192 2246 5226 τι
2275 5170 2367 5226 καὶ
2406 5169 2618 5245 ἐπάγειν
2679 5169 2753 5233 ὡς
2812 5170 3041 5245 ὁμόροις
3099 5169 3344 5246 αἰτίαμα,
3373 5170 3561 5223 ποιοῦν
3590 5166 3754 5224 ἀνεύ-

1710 5291 1880 5354 Hier.
1925 5290 2143 5353 Wolfii
2185 5297 2376 5353 notae.

411 5431 524 5501 (66)
553 5429 677 5512 Ἐπὶ
735 5427 1019 5512 τεσσάρων.
1065 5423 1326 5512 ἀσπίδων.
1357 5425 1513 5512 ,Ἐπὶ
1575 5428 1702 5512 μιξς
1761 5421 1990 5512 ἀσπίδος

411 5446 677 5501 (eorum
735 5446 1005 5503 τεσσαρων
1065 5446 1326 5484 ασπιοων.
1389 5446 1513 5484 ἰςπι
1575 5446 1702 5553 Eia:
1761 5446 1990 5487 ασπιοος

340 5500 781 5585 παραταξάμενοι
813 5503 1313 5585 apudlsocra‘te‘m
1355 5499 1412 5555 in
1460 5506 1571 5582 ᾼνο
1622 5499 1814 5585 idamo
1846 5497 1990 5570 legi-

339 5568 457 5652 tur.
490 5568 655 5636 Quod
690 5575 785 5629 vix
813 5568 1090 5652 credibile
1118 5572 1377 5652 videtur,
1402 5571 1587 5627 aciem
1627 5568 1990 5652 inmlongiim

336 5650 642 5705 extensum
674 5660 781 5702 nec
810 5661 923 5703 uno
954 5644 1075 5703 viro
1105 5644 1546 5719 profundiorem
1580 5641 1782 5699 multis
1813 5641 1991 5699 milli-

335 5719 449 5780 bus
478 5713 793 5776 restitisse.

381 5733 449 5775 ΠΒ
478 5728 793 5776 ΓΘΒῑΙῐΙΒΒΘο

2174 5425 2287 5497 (67)
2315 5423 2399 5500 Τὸ
2458 5421 2894 5500 οἰκεῖονμλάχος
2920 5425 3117 5500 -ὁρῶω
3161 5426 3449 5497 Converti,
3508 5444 3634 5484 cum
3675 5428 3769 5484 sui

2101 5497 2351 5553 muneri:
2381 5512 2492 5553 esse
2522 5497 2873 5567 intelligeret.
2906 5497 3123 5574 Quodsi
3182 5502 3277 5556 cui
3337 5500 3636 5574 displicet,
3658 5518 3764 5574 re-

2102 5574 2281 5639 ponat
2307 5584 2432 5624 cum
2459 5585 2623 5642 suam
2651 5586 2887 5642 gregem,
2921 5569 3010 5625 vel
3041 5571 3195 5628 cives
3224 5588 3391 5642 suos,
3422 5569 3461 5629 ἁ
3506 5569 3774 5631 concilii:

2100 5644 2152 5698 et
2177 5642 2433 5716 precibus
2460 5640 2580 5699 suis
2601 5641 2848 5717 pendere
2873 5642 3102 5702 videret.
