4074 6418
307 375 425 439 993

1758 365 1962 428 URBS
2005 365 2290 428 CAPTA.

3612 367 3734 430 νει

302 510 463 566 θυνον
495 502 721 575 ὁπωσδὴ
770 506 872 575 τὴν
926 500 1145 558 ἐκείνων
1194 497 1577 576 καταδρομὴν,
1628 500 1703 562 ὡς
1762 501 1963 573 Κορινο

2084 498 2358 556 retulerit.
2389 501 2474 557 Ac
2491 501 2646 558 802
2695 501 3039 574 hujusmodi
3087 502 3269 560 armis
3300 519 3445 561 usus
3480 505 3729 564 Michael

306 598 450 665 θίοις
509 600 794 673 προσῆψεν
852 591 1090 671 ἔναγχος
1139 590 1396 669 ἔγκλημα
1427 593 1522 653 τὰς
1577 595 1674 647 τοῦ
1711 588 1967 665 ἀρχιποί-

311 710 475 764 μενος
536 687 807 763 Κορίνθου
888 686 1002 740 κατ⁹
1090 683 1259 738 αὐτοῦ
1314 679 1588 743 πολλάκις
1645 675 1967 748 ἐπιϐουλὰς,

305 779 501 835 ὁπόθεν
526 778 615 833 καὶ
648 777 710 831 τὸ
768 772 1053 830 Ναύπλιον
1112 772 1365 848 στρατιὰν
1423 771 1713 844 Ῥωμαίων
1743 766 1967 844 ἐπιδρα-

309 877 514 945 μοῦσαν
538 871 744 944 ἑώρακε
774 868 862 922 καὶ
917 873 1051 936 νῆας
1098 865 1159 928 ’ἐς
1193 863 1322 919 αὐτὸ
1358 861 1805 924 καταπλευσάσας
1864 882 1964 916 πο-

310 957 568 1032 λεμικάς.
630 958 914 1025 Ἀθηναῖοι
980 952 1038 1009 δὲ
1091 954 1183 1008 καὶ
1251 951 1435 1023 αὐτὸς,
1494 950 1674 1026 ὣσπερ
1730 953 1972 1011 τοπικῶς

307 1046 692 1126 ἀφεστήκασιν,
749 1042 895 1099 οὕτω
970 1043 1061 1097 καὶ
1118 1045 1218 1098 τοῦ
1302 1034 1450 1115 ἔχειν
1514 1040 1810 1114 πράγματα
1884 1038 1971 1094 καί

310 1138 427 1192 κατ’
479 1133 748 1206 ἀλλήλων
833 1138 1036 1209 χωρεῖν
1127 1130 1457 1210 φιλονείκως
1529 1129 1789 1186 πλεῖστον
1849 1128 1973 1183 ὅσον

309 1223 663 1304 διείργονται.
696 1225 775 1279 Τά
804 1221 860 1278 δὲ
891 1223 1031 1299 πρὸς
1069 1222 1160 1277 τὸν
1194 1220 1340 1297 ἱερέα
1395 1226 1496 1289 τῆς
1561 1217 1778 1280 πόλεως
1821 1215 1973 1274 οὐδὲν

307 1317 391 1372 ὅτι
427 1319 504 1390 μὴ
558 1316 628 1370 τά
684 1314 859 1370 πάντα
920 1313 1154 1389 θεοφιλῆ
1206 1313 1297 1366 καὶ
1354 1310 1716 1383 πνευματικὰ,
1775 1308 1891 1386 ε’ἰγε
1944 1310 1972 1364 6

311 1406 407 1479 μὲν
474 1400 682 1476 πατέρα
762 1402 852 1456 καὶ
937 1403 1172 1474 ποιμένα
1227 1403 1419 1454 τοῦτον
1499 1399 1787 1471 ὀνομάζειν
1849 1395 1975 1453 οὐδὲ

309 1515 443 1549 ποτε
474 1495 814 1563 ἀπηνήνατο,
848 1491 937 1546 καὶ
966 1490 1034 1545 τὰ
1062 1496 1163 1559 τῆς
1195 1488 1360 1544 αὐτοῦ
1408 1489 1664 1564 γλώττης
1730 1488 1974 1562 ῥήματα,

315 1583 414 1636 ὅσα
470 1582 561 1637 καὶ
628 1581 804 1655 γλυκὺ
867 1578 1169 1654 μελίκηρον
1236 1577 1494 1653 βλίττειν,
1579 1576 1813 1649 ὠρεκτία
1888 1574 1976 1633 διὰ

312 1672 517 1733 παντὸς
551 1668 861 1745 δρέπεσθαι,
894 1669 922 1723 6
954 1666 1012 1723 δὲ
1044 1668 1196 1722 παισὶ
1255 1672 1373 1729 τοῖς
1436 1667 1574 1721 κατὰ
1631 1670 1847 1740 πνεῦμα
1882 1667 1975 1721 τὸν

311 1761 558 1836 Σγουρὸν
637 1757 912 1836 ἐνέγραφε.
973 1758 1074 1813 Καὶ
1134 1753 1376 1811 τοιοῖσδε
1451 1755 1743 1831 χρώμενος
1779 1755 1977 1819 ὅπλοις

315 1851 514 1907 ἐκεῖθεν
572 1853 873 1925 παρῃτεῖτο
901 1847 994 1902 τὸν
1054 1843 1224 1921 ἄνδρα
1283 1852 1646 1921 μεταχωρεῖν,
1681 1846 1743 1903 Ὀ
1802 1843 1860 1900 δὲ
1912 1848 1975 1901 τὸ

315 1939 576 1997 δύνασθαι
674 1939 950 2014 βιάζεσθαι
1050 1938 1321 2016 πρόφασιν
1417 1934 1788 2010 ἀπαραίτητον
1886 1937 1974 1992 καὶ

316 2026 774 2105 ἂπαρακάλυπτον
805 2023 1291 2103 προϐαλλόμενος,
1346 2024 1438 2080 καὶ
1493 2027 1584 2079 τὸν
1630 2025 1820 2101 καιρὸν
1858 2025 1980 2080 ἐνά-

316 2142 429 2198 γων
467 2120 595 2195 ὁρᾷν
627 2118 789 2173 παντὶ
845 2118 906 2172 τὸ
960 2116 1100 2193 πρὸς
1162 2115 1358 2195 ἰσχύος
1407 2113 1535 2191 δρᾷν
1595 2111 1982 2171 ὑποϐάλλοντα

316 2207 393 2269 ὡς
426 2207 514 2261 οἷα
544 2213 646 2276 τῆς
703 2210 810 2261 τῶν
866 2202 1084 2260 πόλεων
1132 2207 1318 2259 πασῶν
1378 2199 1679 2278 κορωνίδος
1735 2202 1802 2258 τὰ
1869 2206 1977 2258 τῶν

312 2296 458 2354 ὅλων
505 2295 832 2372 πασχούσης
890 2294 1161 2370 χείριστα,
1191 2291 1276 2349 ’ἐτι
1332 2290 1389 2347 δὲ
1452 2291 1544 2346 καί
1597 2312 1719 2347 τινα
1770 2293 1976 2348 νεανίαν

314 2383 603 2456 ἐκδοθῆναί
649 2386 700 2440 οἱ
737 2385 874 2459 πρὸς
910 2384 1139 2449 θάνατον
1200 2380 1377 2445 πολὺς
1429 2381 1662 2437 ἐνέκειτο
1711 2381 1977 2456 ἐκζητῶν,

311 2476 369 2531 ’ὸν
409 2474 584 2537 ἄλλος
620 2474 715 2548 μὶν
758 2473 848 2529 καὶ
911 2474 987 2546 μὴ
1057 2470 1403 2546 αἶτησαμένῳ
1459 2471 1595 2545 μετά
1623 2472 1981 2550 περιχαρείας

313 2561 630 2639 προῦδωκεν
685 2562 772 2633 ἄν,
837 2563 1053 2637 σπέρμα
1108 2559 1293 2618 ἄδικον
1346 2560 1440 2616 καὶ
1509 2560 1713 2635 ἄνομον
1780 2562 1980 2638 κρίνων

316 2655 391 2717 ὡς
422 2651 662 2718 πολλοῖς
727 2653 1012 2729 παραίτιον
1060 2649 1362 2723 ἀπωλείας,
1394 2652 1485 2706 καὶ
1525 2656 1629 2706 πᾶν
1657 2650 1688 2706 ὅ
1716 2673 1768 2707 τι
1801 2653 1980 2728 χείρι-

319 2766 443 2801 στον
502 2744 640 2800 κατὰ
695 2750 797 2813 τῆς
856 2744 1048 2798 ἐαυτοῦ
1104 2739 1369 2819 πατρίδος
1423 2749 1524 2812 τῆς
1566 2745 1831 2811 Ἀττικῆς
1887 2741 1978 2796 καὶ

318 2836 467 2911 χειρὶ
498 2834 588 2890 καὶ
625 2835 818 2911 γνώμῃ
881 2831 1331 2909 διαπραξάμενον·
1366 2833 1395 2887 6
1455 2828 1513 2887 δὲ
1571 2831 1663 2886 τὸν
1724 2830 1979 2907 λαμπρὸν

321 2922 561 2995 διώκτην
593 2930 692 2992 τῆς
747 2922 1070 2999 ἐνεγκούσης
1126 2921 1218 2977 καὶ
1274 2927 1374 2990 τῆς
1437 2922 1575 2976 κατὰ
1622 2925 1837 2995 πνεῦμα
1890 2942 1976 2976 τι-

320 3018 491 3085 θηνοῦ
522 3013 852 3084 Ἐκκλησίας
905 3007 1166 3088 ὑϐριστὴν
1213 3011 1305 3067 καὶ
1364 3006 1678 3084 ἐπίϐουλον,
1728 3012 1819 3066 καὶ
1878 3013 1978 3081 τήν

317 3111 483 3179 χεῖρα
522 3106 642 3159 κατ’
689 3102 855 3158 αὐτοῦ
913 3100 1187 3165 ποΛλάκις
1228 3100 1551 3171 ὁπλίσαντα,
1604 3106 1723 3164 τοῖς
1778 3099 1978 3180 φιλου-

320 3195 505 3270 μένοις
578 3194 947 3270 εύαγγελικῶς
1030 3192 1321 3270 ἐγγράφων
1387 3192 1478 3249 καὶ
1544 3190 1816 3269 περιέπων
1896 3193 1971 3254 ὡς

2074 590 2423 661 precabatur
2476 596 2544 647 ut
2610 592 2745 647 inde
2798 593 3113 649 recederet.
3169 599 3387 651 Scurus
3446 612 3578 652 vero
3610 613 3726 653 non

2074 679 2522 737 dissimulanter
2550 682 2912 752 praetendens
2941 698 3004 738 se
3036 683 3153 738 vim
3213 700 3382 756 posse
3432 686 3639 755 facere,
3672 692 3728 742 et

2076 780 2335 842 tempora
2368 774 2581 829 intueri
2606 775 2848 843 jubens,
2880 791 3009 849 quae
3040 791 3142 846 pro
3173 778 3399 832 viribus
3438 793 3731 850 quemque

2075 876 2244 932 agere
2277 868 2602 931 monerent,
2662 879 2797 919 cum
2856 864 3121 921 omnium
3182 867 3415 922 urbium
3463 870 3733 940 princeps

2076 953 2467 1007 afﬂictissima
2496 956 2672 1021 esset,
2723 953 2975 1024 denique
3034 953 3370 1023 postulabat
3400 962 3464 1010 ut
3493 956 3732 1027 quidam

2078 1042 2417 1096 adolescens
2435 1042 2505 1095 ad
2532 1057 2729 1097 necem
2750 1042 2860 1097 sibi
2885 1042 3209 1100 dederetur.
3241 1044 3420 1107 Quem
3447 1046 3553 1100 etsi
3583 1047 3736 1102 alius

2076 1129 2290 1201 aliquis
2310 1130 2484 1186 etiam
2519 1148 2633 1186 non
2685 1132 2901 1204 petenti
2959 1131 3341 1188 libentissime
3386 1134 3731 1202 dedidisset,

2080 1224 2145 1275 ut
2176 1236 2374 1275 semen
2408 1221 2677 1293 iniquum
2728 1229 2776 1277 et
2842 1221 3048 1278 multis
3100 1229 3400 1278 auctorem
3436 1223 3728 1293 interitus,

2080 1310 2336 1381 pessima
2360 1326 2604 1382 quaque
2634 1314 2693 1366 et
2724 1326 2899 1366 manu
2922 1317 2979 1367 et
2999 1311 3244 1367 consilio
3263 1316 3464 1367 contra
3486 1313 3734 1384 patriam

2080 1396 2401 1451 machinari
2433 1395 2695 1465 solitum,
2728 1395 2827 1452 ille
2876 1400 3138 1467 apertum
3198 1397 3401 1469 patria
3454 1415 3738 1469 persecu-

2081 1490 2263 1541 torem
2296 1490 2354 1541 et
2392 1485 2719 1558 spiritualis
2763 1487 3012 1543 nutricis
3071 1487 3338 1545 Ecclesiae
3394 1488 3736 1545 violatorem

2080 1582 2135 1630 et
2165 1576 2594 1641 insidiatorem,
2625 1580 2797 1648 cujus
2822 1577 3101 1634 violentos
3147 1584 3393 1634 conatus
3433 1579 3650 1651 saepius
3683 1584 3740 1636 et

2082 1666 2207 1736 ipse
2238 1670 2511 1738 expertus
2542 1670 2686 1735 erat,
2721 1668 2779 1721 in
2808 1682 3007 1723 eorum
3063 1684 3308 1724 numero
3338 1667 3546 1724 habuit
3588 1685 3737 1741 quos

2081 1755 2414 1827 evangelica
2444 1756 2735 1828 diligeret,
2768 1756 3150 1829 neglectaque
3180 1758 3359 1813 Scuro
3407 1758 3735 1830 supplicem

2010 1882 2056 1948 Β
2085 1846 2364 1904 defendit.
2399 1847 2511 1904 Sed
2536 1864 2668 1904 cum
2698 1847 2920 1905 leonem
2945 1848 3111 1905 illum
3170 1849 3529 1922 sapientibus
3576 1850 3739 1908 hisce

2091 1935 2334 1992 monitis
2365 1935 2591 2007 placare
2622 1954 2738 1993 non
2772 1942 2990 2010 posset,
3021 1939 3242 2012 aspidis
3298 1940 3356 1995 in
3401 1956 3622 1996 morem
3657 1940 3741 1995 ul-

2087 2030 2176 2081 tro
2191 2042 2365 2083 aures
2385 2026 2759 2083 obturantem
2783 2035 2836 2082 et
2858 2028 3051 2085 omnis
3075 2028 3305 2101 generis
3320 2029 3433 2085 tela
3451 2029 3508 2083 in
3544 2046 3735 2087 arcem

2090 2115 2511 2187 conjicientem,
2567 2122 2729 2172 orato
2788 2117 2903 2173 Deo
2937 2123 3000 2173 ut
3025 2118 3082 2173 in
3120 2118 3404 2174 nefarium
3437 2117 3739 2175 hominem

2089 2208 2147 2260 et
2168 2203 2648 2260 subnascentium
2682 2204 2975 2261 malorum
3009 2211 3307 2262 auctorem
3358 2205 3584 2262 cladem
3616 2223 3740 2262 om-

2091 2309 2222 2348 nem
2255 2299 2635 2363 converteret,
2697 2293 3005 2350 machinas
3062 2303 3119 2350 et
3166 2295 3294 2368 ipse
3354 2294 3414 2349 in
3450 2296 3742 2352 moenibus

2089 2383 2370 2454 disponit,
2404 2383 2738 2455 ibidemque
2768 2383 3103 2456 sagittarios
3134 2388 3192 2438 et
3213 2385 3541 2441 funditores
3563 2386 3742 2441 collo-

2090 2482 2198 2528 cat.
2232 2473 2377 2529 Nam
2410 2474 2546 2544 quid
2604 2473 2701 2530 ille
2750 2474 2819 2528 ad
2876 2475 3306 2546 pr0pu|sandos
3363 2475 3563 2532 hostes
3620 2492 3738 2531 non

2089 2563 2396 2630 effecisset,
2431 2565 2518 2617 vir
2535 2562 2695 2619 omni
2719 2564 2983 2619 doctrina
2999 2564 3153 2619 803
3193 2580 3491 2621 sacrarum
3518 2574 3571 2621 et
3605 2582 3740 2637 pro-

2090 2652 2357 2707 fanarum
2385 2652 2709 2709 litterarum
2746 2653 3068 2725 perpolitus
3100 2655 3743 2726 summaquefacundia

2088 2742 2367 2798 ornatus?
2380 2742 2481 2814 qui
2495 2742 2546 2798 si
2562 2741 3202 2815 voluisset,ignipluere
3219 2761 3287 2799 su
3298 2746 3671 2815 pertemerari
3680 2763 3742 2802 os

2088 2835 2189 2886 aut
2211 2832 2526 2887 crabrones
2550 2832 2609 2887 in
2632 2833 2947 2888 exercitum
2978 2833 3293 2889 immittere
3320 2833 3613 2906 potuisset
3644 2838 3746 2891 aut

2088 2920 2308 2992 aliquid
2333 2920 2484 2977 alius
2511 2922 2596 2977 eis
2645 2921 3033 2993 perniciosum
3068 2922 3353 2978 divinitus
3400 2922 3737 2996 impetrare.

2087 3010 3191 3082 NequeenimcunctatusessetDeus,si
3213 3013 3740 3069 manusillesustu-

2087 3100 2252 3156 lisset
2273 3106 2376 3156 aut
2398 3101 2551 3155 labia
2572 3103 2641 3157 ad
2658 3102 3084 3157 invocationem
3101 3102 3362 3158 numinis
3389 3103 3739 3174 aperuisset.

2083 3191 2192 3246 Sed
2212 3209 2244 3245 a
2263 3191 2364 3246 tali
2394 3190 2479 3246 vel
2504 3191 2875 3263 cogitatione,
2905 3191 3122 3248 nedum
3145 3192 3315 3259 facto,
3340 3208 3474 3247 eum
3500 3192 3741 3248 abduxit

311 3251 623 3364 'i'cpdacp'uya,
857 3251 1557 3358 27.0096.v“1:a‘zps61é1rsto.
1616 3251 1706 3346 ιΩς
1766 3279 1813 3337 δ’
1873 3282 1973 3337 οὐκ

2085 3283 2171 3338 eis
2192 3282 2290 3353 qui
2306 3282 2453 3337 ﬁlios
2469 3281 2708 3337 tonitrui
2727 3282 3394 3354 compescuit,neignem
3415 3283 3559 3338 coelo
3575 3284 3740 3339 elice-

314 3375 436 3450 εἶχε
481 3373 573 3429 καὶ
626 3373 828 3428 πείθειν
910 3377 1030 3436 ταῖς
1087 3377 1281 3453 σοφαῖς
1343 3372 1566 3435 ταύταις
1608 3371 1973 3445 ὑποθημοσύ-

2084 3378 2373 3440 rent,cum
2392 3371 2640 3428 diceret:
2660 3394 2689 3423 ‹‹
2708 3378 2790 3427 An
2807 3372 3043 3429 nescitis
3061 3375 3233 3444 cujus
3250 3373 3494 3445 spiritus
3525 3374 3742 3430 sitis?»

315 3484 435 3525 ναις
459 3462 663 3519 ἐκεῖνον
692 3464 785 3519 τὸν
827 3462 1201 3538 θηριώνυμον,
1239 3458 1454 3536 μᾶλλον
1508 3462 1602 3535 μὶν
1661 3462 1754 3517 οὗν
1806 3459 1899 3516 καὶ
1950 3461 2065 3516 κατ’
2117 3456 2318 3515 ἀσπίδα
2355 3461 2703 3538 κωφεύουσαν
2750 3459 2926 3516 ἑκοντὶ
2955 3460 3020 3516 τὰ
3063 3462 3176 3517 ὦτα
3206 3461 3342 3537 πρὸς
3371 3462 3569 3526 ταύτας
3598 3463 3744 3536 ἑώρα

315 3552 518 3629 βύοντα
571 3553 660 3607 καὶ
722 3549 860 3627 βέλη
894 3548 1213 3607 παντοδαπᾶ
1267 3556 1384 3612 τοῖς
1445 3550 1536 3605 ἐπὶ
1600 3556 1702 3619 τῆς
1750 3547 2110 3626 ἀκροπόλεως
2141 3549 2383 3627 ἀφιέντα,
2423 3551 2563 3607 κατὰ
2599 3555 2696 3606 τοῦ
2725 3550 2949 3606 ἀνοσίου
2979 3550 3064 3606 καὶ
3099 3550 3278 3606 αἰτίου
3307 3556 3415 3607 τῶν
3450 3551 3738 3629 φυομένων

312 3646 493 3699 κακῶν
536 3642 673 3697 ἅπαν
714 3640 1091 3716 ἀποτρόπαιον
1119 3639 1411 3715 τραπέσθαι
1438 3639 1567 3695 Θεὸν
1596 3638 1929 3713 ἱλασάμενος
1959 3640 2095 3714 (68),
2125 3644 2234 3695 τῶν
2266 3644 2468 3719 τειχῶν
2502 3637 2705 3696 ἃνωθεν
2733 3641 2982 3705 κάκεῖνος
3010 3641 3288 3711 ἀνθίστησι
3333 3642 3735 3716 μηχανήματα,

314 3734 551 3795 καὶτοῖς
579 3732 789 3811 τείχεσι
820 3730 1069 3811 ἐφίστησι
1102 3732 1165 3787 τὸ
1199 3728 1427 3806 βάλλειν
1488 3729 1547 3785 ἐκ
1597 3729 1787 3808 χειρὸς
1842 3725 2157 3802 δυνάμενον.
2216 3729 2314 3784 Καὶ
2343 3732 2396 3784 τί
2435 3729 2539 3804 γὰρ
2572 3731 2671 3785 οὐκ
2700 3728 2761 3786 ἄν
2790 3729 3153 3807 διαπεπράχει
3181 3734 3291 3786 τῶν
3321 3729 3604 3805 πολεμίων
3663 3730 3740 3794 εἰς

317 3819 660 3895 ἀποσόϐησιν
692 3824 828 3898 ἀνὴρ
857 3823 1006 3892 ἥκων
1065 3818 1154 3877 διὰ
1207 3821 1387 3891 πάσης
1439 3820 1627 3901 σοφίας
1684 3820 1775 3875 καὶ
1814 3817 2074 3875 παντοίαν
2137 3819 2371 3893 μάθησιν
2400 3819 2634 3895 λογικὴν
2667 3821 2744 3885 ὡς
2791 3819 3055 3896 οὐδεμίαν
3083 3820 3266 3896 ἓτερος
3300 3819 3493 3890 ἐπιὼν,
3527 3820 3648 3875 ὅσαι
3678 3841 3737 3875 τε

322 3918 541 3988 θυραῖαι
569 3913 657 3967 καὶ
681 3911 802 3967 ὅσαι
834 3914 1096 3987 ἡμέτεραι
1134 3930 1147 3981 ;
1186 3910 1249 3966 Ei
1281 3908 1327 3966 δ’
1357 3905 1657 3982 ἠϐούλετο,
1687 3910 1833 3989 εἶχεν
1865 3908 1927 3965 ἄν
1963 3908 2055 3965 καὶ
2086 3915 2193 3984 πῦρ
2227 3909 2370 3965 ὕσειν
2409 3908 2491 3964 ἐπ’
2530 3909 2868 3976 ἀτασθάλους
2926 3909 2963 3982 ἤ
3022 3918 3232 3989 σφῆκας
3291 3910 3572 3988 ἐπαφεῖναι
3655 3915 3736 3983 τῶ

321 4000 699 4078 στρατοπέδῳ,
733 4001 843 4057 εἷ’τε
881 4021 933 4056 τι
964 4000 1148 4077 ἓτερον
1181 4000 1411 4064 ἐκείνοις
1445 3998 1700 4077 ὀλέθριον
1736 3999 2058 4070 αἰτήσασθαι
2090 3998 2269 4064 θεόθεν
2302 4000 2393 4058 καὶ
2421 4000 2710 4075 λήψεσθαι·
2745 3999 2868 4057 οὐδὲ
2899 4001 3004 4077 γὰρ
3036 4000 3096 4055 ἅν
3129 4002 3192 4056 τὸ
3225 4005 3379 4056 Θεῖον
3429 3995 3742 4074 ἐϐράδυνεν,

308 4091 354 4147 εἱ
386 4098 570 4168 χεῖρες
606 4092 898 4164 ὑψώθησαν
943 4090 1144 4145 ἐκεῖναι
1173 4088 1211 4159 ἤ
1236 4089 1402 4164 χείλη
1440 4086 1745 4164 διήρθησαν
1773 4088 1951 4144 ἐκεῖνα
1990 4090 2127 4163 πρὸς
2152 4094 2288 4144 Θεοῦ
2317 4088 2630 4161 ἐπίκλησιν.
2690 4092 2899 4168 Ἀπῆγε
2930 4087 2975 4145 δ’
3034 4088 3195 4145 αὐτὸν
3252 4093 3350 4144 τοῦ
3408 4088 3656 4144 τοιοῦτόν
3685 4111 3738 4146 τι

308 4179 455 4243 ὅλως
489 4177 776 4247 διανοῆσαί
804 4198 864 4232 τε
893 4178 983 4232 καὶ
1016 4176 1409 4252 διαπράξασθαι
1440 4178 1469 4233 6
1493 4177 1622 4240 τοὺς
1655 4176 1807 4241 υἱοὺς
1838 4184 1941 4247 τῆς
1975 4179 2214 4255 βροντῆς
2244 4177 2491 4254 ἐπισχὼν
2524 4182 2622 4236 τοῦ
2653 4183 2761 4254 πῦρ
2814 4180 3015 4254 ὑψόθεν
3047 4182 3133 4254 [Ρ.
3167 4181 3295 4253 392]
3325 4184 3660 4256 κατενεγκεῖν
3695 4177 3745 4233 ἐν

305 4272 386 4338 τῷ
429 4268 625 4336 εἰπεῖν,
661 4289 690 4318 ‹‹
719 4267 837 4323 Οὐκ
868 4263 1050 4320 ο“ἒδατε
1078 4265 1246 4320 ποίου
1276 4265 1396 4320 ἐστὶ
1425 4266 1758 4339 πνεύματος.
1794 4287 1824 4318 ››

376 4356 440 4411 θ’.
498 4355 638 4429 Πρὸς
699 4353 790 4410 οὖν
845 4358 1094 4410 τοιοῦτον
1151 4354 1484 4433 ἀντίμαχον,
1518 4354 1663 4410 οὕτω
1691 4354 1789 4429 μὲν
1832 4352 1973 4430 ἴδριν

2150 4358 2205 4412 9.
2240 4359 2460 4415 Scarus
2493 4364 2710 4426 autem,
2732 4361 3041 4433 desperata
3091 4360 3356 4426 victoria,
3420 4360 3741 4420 adversarii

306 4450 414 4501 τῶν
445 4448 737 4513 τακτικῶν,
770 4444 914 4500 οὕτω
955 4442 1013 4500 δὲ
1039 4445 1132 4500 τὸν
1166 4443 1331 4521 λόγον
1360 4445 1563 4516 πολὺν,
1596 4446 1742 4501 οὕτω
1794 4442 1853 4500 δὲ
1877 4447 1976 4514 τήν

308 4535 505 4607 ἀρετὴν
535 4531 950 4610 ἀπαράμιλλον,
1000 4535 1029 4589 6
1067 4533 1369 4596 ἀντίπαλος
1403 4535 1648 4609 Σγουρὸς
1707 4535 1976 4605 ἀπειπὼν,

309 4624 401 4678 καὶ
447 4621 608 4698 γνοὺς
667 4623 742 4686 ὡς
803 4621 922 4694 εἰκῆ
981 4629 1103 4686 ταῖς
1158 4628 1259 4698 τῇς
1338 4623 1696 4699 ἀκροπόλεως
1756 4623 1976 4701 ῥαχίαις

313 4709 735 4786 διακυρίττεται,
795 4712 889 4767 τὸν
950 4712 1120 4786 θυμὸν
1204 4711 1470 4788 ἐκριπίζει
1524 4712 1664 4768 κατά
1714 4715 1814 4783 τῆς
1871 4713 1974 4768 πό-

310 4801 453 4866 λεως
480 4803 548 4871 ἧς
580 4799 680 4856 οὐκ
734 4798 869 4876 ἔσχε
930 4801 1301 4876 χειρώσασθαι
1345 4804 1447 4872 τήν
1477 4800 1808 4877 ἀκρόπολιν,
1883 4803 1973 4858 καὶ

311 4889 377 4960 δὴ
409 4896 528 4953 τοῖς
561 4888 872 4953 οἰκοπέδοις
905 4890 1082 4961 ἐνίησι
1116 4894 1246 4966 πῦρ,
1313 4892 1401 4946 καὶ
1471 4892 1804 4966 προνομεύει
1859 4897 1971 4948 τῶν

308 4982 464 5052 ζώων
515 4982 580 5035 τὰ
635 4979 714 5042 εἷς
776 4976 1012 5053 ζεύγλην
1072 4978 1160 5033 καὶ
1232 4976 1442 5035 δίαιταν
1503 4978 1806 5051 ἐπιτήδεια.
1864 4982 1972 5039 Καὶ

312 5072 425 5144 μεθ’
456 5068 667 5146 ἡμέρας
723 5069 920 5124 ἐκεῖθεν
988 5068 1293 5131 ἀπαναστὰς
1358 5074 1478 5132 ταῖς
1534 5065 1744 5142 Θήϐαις
1801 5091 1976 5148 προσ-

310 5154 513 5216 ϐάλλοι
564 5164 686 5222 ταῖς
729 5158 1087 5222 ἑπταπύλοις.
1121 5160 1224 5216 Καὶ
1284 5160 1480 5223 ταύτας
1533 5161 1608 5223 ὡς
1673 5159 1725 5232 ἐξ
1774 5158 1972 5239 ἐφόδου

314 5250 799 5323 παραστησάμενος
867 5248 1119 5304 ἐπιτείνει
1175 5251 1314 5325 πρὸς
1363 5250 1431 5305 τὰ
1468 5251 1660 5325 πρόσω
1713 5252 1777 5306 τὸ
1835 5247 1976 5326 πρό-

314 5335 507 5406 θυμον.
558 5338 768 5395 Οὐκοῦν
827 5337 1194 5417 Θερμοπύλας
1254 5337 1411 5395 διιὼν
1469 5341 1559 5394 καὶ
1641 5341 1743 5410 τήν
1800 5338 1972 5413 Οἴτην

317 5421 691 5500 ὑπερκαταϐάς
748 5428 827 5492 εἷς
881 5429 1153 5506 Λάρισσαν
1218 5423 1403 5504 ἔξεισι,
1459 5429 1553 5486 καί
1617 5434 1697 5504 τῷ
1758 5431 1976 5508 βασιλεῖ

2090 4446 2230 4502 aciei
2261 4449 2625 4505 instruenda;
2658 4459 2774 4506 tam
2809 4451 3005 4523 periti,
3055 4457 3174 4507 tam
3231 4452 3459 4516 diserti,
3491 4455 3611 4507 tam
3652 4450 3745 4506 in-

2089 4537 2471 4607 comparabili
2504 4539 2716 4596 virtute
2748 4540 2996 4612 praediti,
3024 4546 3080 4596 et
3111 4541 3280 4596 irrita
3309 4542 3748 4613 oppugnatione

2086 4626 2319 4696 rUpium
2349 4628 2502 4683 arcis
2555 4629 2870 4696 intellecta,
2932 4630 3078 4685 iram
3133 4647 3299 4686 suam
3359 4636 3564 4686 contra
3616 4647 3744 4686 eam

2085 4717 2290 4771 urbem
2322 4718 2666 4774 exstimulat
2704 4720 2874 4790 cujus
2904 4736 3094 4775 arcem
3128 4736 3461 4791 expugnare
3496 4736 3608 4775 non
3643 4737 3745 4791 po-

2086 4810 2254 4871 terat,
2280 4806 2449 4863 villas
2476 4798 2757 4878 incendit,
2782 4826 2985 4883 greges
3017 4817 3401 4880 armentaque
3456 4809 3633 4879 rapit.
3675 4815 3747 4866 Et

2086 4901 2218 4966 post
2248 4895 2373 4953 dies
2403 4896 2628 4969 aliquot
2687 4898 2877 4954 soluta
2933 4898 3239 4955 obsidione
3293 4899 3523 4954 Thebas
3555 4914 3744 4971 oppu-

2082 4990 2223 5056 gnat
2256 5003 2269 5053 ;
2300 4986 2512 5057 quibus
2545 4987 2736 5060 primo
2768 4988 2991 5060 impetu
3047 4990 3256 5061 captis,
3289 4988 3555 5061 ulterius
3612 5005 3746 5045 con-

2084 5074 2292 5139 tendit,
2315 5092 2383 5131 ac
2413 5075 2824 5149 Thermopylis
2856 5079 3150 5149 superatis
3208 5094 3312 5151 per
3341 5078 3545 5135 OEtam
3580 5095 3741 5135 mon-

2083 5167 2199 5220 tem
2235 5165 2641 5221 descendendo
2675 5166 2916 5223 Larissae
2949 5182 3082 5223 cum
3143 5167 3344 5225 Alexio
3396 5169 3748 5240 imperatore

2086 5270 2148 5311 se
2179 5255 2501 5326 conjungit.
2536 5256 2591 5312 Is
2622 5256 2778 5313 enim
2810 5274 2845 5313 a
2870 5257 3431 5331 septentrionalibus
3460 5257 3743 5316 lateribus

2086 5341 2324 5401 avulsus
2353 5349 2410 5399 et
2433 5344 2573 5400 urbe
2595 5345 2964 5417 imperatrice
2994 5362 3279 5404 excussus
3316 5348 3377 5405 in
3402 5347 3744 5405 Thessalica

2084 5433 2241 5492 804
2271 5435 2489 5510 Tempe
2545 5442 2905 5511 pervenerat.
2962 5444 3050 5497 Ac
3107 5439 3290 5497 filiam
3346 5439 3512 5498 illius
3541 5438 3740 5497 Eudo-

1713 5549 1884 5612 Hier.
1919 5550 2133 5613 Wolﬁi
2165 5558 2356 5616 notis.

309 5752 420 5804 etc.

386 5671 502 5746 (68)
531 5672 896 5732 Constructio
927 5675 1273 5749 hujusmodi
1307 5679 1435 5734 est:
1466 5672 1821 5751 Ἱλασάμενος
1850 5676 1943 5734 τὸν

2084 5698 2142 5750 ιν,
2183 5677 2321 5734 ἀπαν
2378 5677 2749 5759 ἀποτρόπαιον
2800 5681 3102 5759 τραπέσθαι
3141 5682 3282 5743 κατὰ
3334 5687 3434 5740 τοῦ
3491 5681 3740 5752 ἀνοσίου,
