4074 6434
321 371 442 434 995

1633 365 1940 428 NICETIE
1979 366 2185 429 CHON
2196 371 2409 434 ΙΑΤΛΕ

3625 379 3749 441 996

317 505 468 562 ciam
503 519 739 562 uxorem
768 500 948 568 ducit,
982 516 1110 574 quis
1142 497 1305 572 prius
1336 498 1634 572 Stephano
1681 497 1970 555 Triballo-

2087 499 2320 576 Ἀλεξίῳ
2359 504 2663 582 συγγίνεται
2717 505 2897 580 (οὗτος
2951 504 3056 582 γὰρ
3113 509 3220 561 τῶν
3283 508 3396 582 169)
3439 513 3538 564 τοῦ
3572 509 3752 586 βορῥᾷ

319 612 452 651 rum
484 595 614 650 duci
646 597 852 665 nupta,
886 593 957 646 ab
989 605 1174 662 eoque
1204 590 1510 661 repudiata
1539 593 1597 644 et
1635 588 1980 661 Byzantium

318 702 570 747 reversa.
603 691 732 756 post
791 688 1028 752 captam
1087 681 1289 736 urbem
1349 684 1404 734 et
1462 679 1746 734 desertam
1783 677 1980 732 Alexio

326 774 500 830 Ducaa
531 777 911 844 cognomento
941 769 1244 835 Murzuﬂo,
1277 769 1374 839 qui
1412 769 1742 824 Romanum
1792 767 1976 836 impe-

324 862 476 918 rium
512 873 838 932 postremus
872 859 1086 914 invasit
1120 863 1418 928 nupserat.
1479 857 1589 912 Sed
1651 871 1722 910 ne
1754 857 1806 911 is
1855 855 1976 928 qui.

321 953 454 1006 dem
489 951 651 1005 illam
681 951 748 1003 ad
784 954 1144 1004 senectutem
1179 963 1362 1018 usque
1419 946 1630 1000 tenuit.
1691 944 1836 1000 Nam
1872 945 1982 1000 Eu-

320 1041 500 1096 decies
525 1046 687 1109 pater
717 1039 970 1104 Alexius,
1003 1037 1156 1092 haud
1218 1035 1340 1091 scio
1396 1051 1513 1106 qua
1562 1051 1623 1089 re
1663 1033 1974 1104 impulsus,

319 1129 453 1188 dolo
483 1146 615 1185 eum
650 1127 1138 1196 comprehensum
1193 1123 1516 1180 luminibus
1569 1123 1817 1190 orbavit,
1846 1139 1975 1179 erro

321 1219 496 1274 errori
535 1216 972 1281 infestissimus,
995 1219 1052 1271 et
1098 1213 1342 1284 imperio
1367 1215 1628 1283 dejectus
1663 1213 1838 1268 simili
1877 1229 1976 1268 ca-

320 1307 584 1364 lamitate
614 1306 943 1362 conﬂictato
1002 1304 1472 1360 inimicissimus.
1532 1302 1730 1374 Neque
1788 1303 1974 1357 multo

320 1407 453 1469 post
483 1395 920 1452 exczscationem
955 1411 990 1450 a
1021 1393 1246 1448 Latinis
1275 1391 1734 1464 comprehensus
1781 1391 1974 1448 Ducas

321 1485 660 1558 Byzantium
698 1482 1015 1544 reducitur.
1047 1491 1106 1538 et
1133 1483 1207 1537 ob
1246 1483 1553 1537 dominum
1610 1489 1664 1536 et
1721 1481 1973 1552 impera-

317 1581 501 1630 torem
539 1591 708 1630 suum
742 1572 1230 1644 comprehensum
1263 1575 1324 1626 et
1353 1570 1561 1642 laqueo
1609 1575 1878 1626 enectum
1912 1573 1972 1626 in

313 1665 613 1734 judicium
674 1663 988 1728 adductus,
1049 1677 1153 1733 pro
1232 1660 1324 1717 sui
1382 1659 1722 1716 defensione
1777 1659 1974 1716 attulit

320 1753 485 1810 illum
522 1754 721 1824 patriae
756 1751 1109 1823 proditorem
1169 1751 1460 1808 exstitisse
1519 1755 1578 1806 et
1621 1751 1831 1822 dignas
1863 1767 1972 1806 suo

317 1841 536 1940 scelere
567 1842 799 1940 dedisse
820 1857 1042 1940 pruinas.
1075 1838 1274 1911 Neque
1332 1856 1617 1940 senunum
1649 1839 1972 1940 iii-fecisse,
2006 1875 2052 1940 Β

319 1933 422 1987 sed
455 1937 513 1987 et
543 1930 807 2002 reliquos
840 1929 1000 1985 illius
1030 1935 1328 2001 cognatos.
1383 1929 1596 1986 Verum
1645 1930 1753 1996 illi,
1785 1935 1974 2001 spreta

317 2023 447 2092 ejus
477 2023 761 2090 oratione,
795 2024 850 2076 et
883 2019 954 2074 iis
985 2036 1116 2090 quae
1145 2020 1467 2092 adjungere
1507 2021 1781 2092 cupiebat
1813 2019 1979 2092 plane

321 2109 669 2180 repudiatis,
703 2110 910 2180 capitis
946 2109 1246 2164 hominem
1297 2114 1710 2176 condemnant,
1745 2127 1891 2166 novo
1923 2115 1980 2166 et

321 2201 752 2256 violentissimo
783 2199 1058 2270 supplicii
1092 2214 1321 2268 genere.
1353 2198 1499 2254 Nam
1530 2199 1588 2254 in
1621 2199 1976 2256 altissimam

322 2288 684 2354 columnam,
717 2305 844 2359 qua
876 2287 934 2341 in
963 2287 1156 2343 Tauro
1188 2289 1681 2360 stat,perductum
1710 2288 1978 2360 praecipi-

321 2379 632 2435 tant.805
660 2378 714 2434 Is
743 2392 876 2432 vero
899 2377 1242 2448 aliquandiu
1265 2375 1324 2432 in
1375 2379 1548 2448 pedes
1591 2377 1974 2446 descendens,

321 2468 622 2524 deindein
655 2471 834 2539 caput
865 2467 1178 2521 subversus
1217 2471 1274 2521 et
1317 2465 1482 2522 humi
1541 2466 1749 2523 allisus
1803 2468 1974 2524 mise-

323 2559 1084 2616 rabiliterinteriit.Scurus
1102 2564 1291 2615 autem
1306 2560 1482 2613 ducta
1519 2557 1794 2624 Eudocia,
1827 2573 1978 2612 mar-

321 2647 532 2703 chiuns
564 2647 622 2702 in
645 2647 926 2704 Graeciam
960 2647 1304 2712 transitura,
1338 2651 1404 2702 ut
1436 2645 1609 2718 paulo
1641 2650 1776 2702 ante
1835 2646 1974 2714 dixi,

319 2739 844 2812 ThermOpylarum
878 2739 1179 2812 angustias
1235 2745 1294 2795 et
1349 2737 1532 2794 altum
1591 2743 1848 2794 montem
1891 2736 1977 2794 eis

324 2827 760 2894 imminentem,
793 2835 1118 2902 caeteraque
1147 2827 1274 2884 loca
1301 2845 1428 2900 quae
1459 2828 1691 2885 Graeciaa
1749 2826 1974 2884 aditum

325 2916 752 2987 intercludant,
785 2927 1052 2974 accurate
1080 2917 1471 2974 custodiebat.
1504 2916 1716 2972 Verum
1767 2915 1976 2970 nihilo-

325 3009 522 3062 minus
555 3007 652 3062 ille
683 3009 756 3063 iis
787 3007 929 3063 locis
961 3007 1237 3063 facillime
1269 3007 1485 3078 potitus
1507 3009 1593 3060 est
1643 3004 1715 3060 ob
1752 3009 1979 3059 nostro-

322 3111 454 3151 rum
487 3095 782 3167 ignaviam
815 3113 879 3151 ac
941 3096 1258 3166 degeneres
1315 3095 1694 3164 abjectosque
1722 3092 1976 3158 animos,

318 3184 572 3240 subinde
602 3184 957 3254 potentiores
994 3181 1184 3238 colere
1213 3181 1533 3236 volentium
1561 3198 1575 3250 ;
1627 3181 1804 3252 idque
1833 3196 1966 3235 cum

317 3289 432 3330 non
461 3289 738 3344 magnum
764 3273 1082 3327 adduceret
1099 3272 1420 3326 exercitum
1445 3285 1550 3326 nec
1571 3270 1724 3325 inter
1747 3285 1807 3324 se
1829 3284 1966 3323 con-

319 3361 694 3426 sentientem,
726 3361 823 3414 sed
851 3358 1148 3430 plerisque
1169 3359 1224 3412 in
1252 3358 1444 3426 rebus,
1476 3357 1695 3430 quippe
1716 3372 1784 3412 ex
1815 3355 1969 3412 mul-

316 3452 397 3506 tis
430 3447 677 3504 urbibus
707 3447 1039 3512 collectum.
1071 3447 1482 3504 dissidentem.
1517 3448 1587 3503 Et
1615 3463 1745 3503 cum
1779 3447 1969 3519 ipsam

319 3537 597 3595 Boeotiam
657 3538 980 3608 invaderet,
1067 3543 1187 3593 tam
1249 3537 1459 3609 cupide
1516 3540 1822 3609 susceptus
1881 3541 1972 3593 est

315 3646 492 3702 quam
521 3627 830 3700 quisquam
855 3627 956 3699 qui
987 3644 1055 3684 ex
1089 3627 1408 3700 longinqua
1426 3627 1779 3683 etdiuturna
1808 3643 1969 3698 pere-

316 3719 646 3790 grinatione
699 3717 941 3773 domum
1003 3719 1328 3773 revertitur.
1393 3715 1741 3789 Progressus
1792 3715 1970 3771 etiam

311 3808 505 3863 Attica
538 3809 770 3880 potitur,
795 3811 852 3862 et
876 3806 992 3862 arci
1017 3807 1355 3877 praesidium
1389 3805 1656 3878 imponit.
1688 3805 1829 3861 Cum
1861 3822 1967 3860 au-

315 3901 435 3952 tem
473 3897 626 3952 idem
661 3895 1160 3968 archiepiscopus,
1193 3900 1258 3951 ut
1315 3895 1542 3966 pridem
1585 3897 1856 3962 Scurum,
1889 3895 1971 3949 ita

312 3997 366 4042 et
427 3996 564 4042 tunc
623 3986 1021 4043 marchionem
1090 3985 1434 4058 propulsare
1492 3989 1710 4056 posset,
1774 3988 1970 4039 tamen

316 4082 548 4148 tempus
607 4093 640 4132 a
697 4075 1024 4130 resistendo
1083 4074 1338 4129 alienum
1379 4089 1509 4129 esse
1538 4079 1724 4140 ratus,
1755 4073 1970 4145 quippe

318 4167 458 4221 urbe
490 4165 860 4233 imperatrice
883 4170 1210 4234 expugnata
1266 4172 1320 4219 et
1379 4167 1500 4218 tam
1549 4162 1968 4231 Orientalibus,

321 4271 494 4325 quam
523 4251 1000 4310 Occidentalibus
1033 4251 1348 4322 provinciis
1380 4251 1594 4306 Latinis
1624 4250 1805 4307 hastae
1840 4266 1967 4306 um-

314 4345 479 4398 bram
508 4341 924 4409 subeuntibus,
955 4345 1108 4396 citra
1149 4340 1585 4396 dimicationem
1645 4339 1970 4396 munitione

310 4433 798 4488 cedit.Postremo
822 4430 980 4486 808
1015 4430 1231 4485 Eubma
1287 4446 1542 4502 quoque,
1601 4429 1825 4486 omissa
1874 4432 1970 4488 de-

314 4521 596 4586 fensione,
633 4519 932 4590 supplices
963 4519 1032 4574 ad
1069 4519 1466 4574 marchionem
1501 4533 1712 4575 manus
1760 4521 1967 4591 tendit,

2089 589 2342 668 πλευρῶν
2384 594 2703 670 καταωρεῖς
2755 597 2846 651 καὶ
2889 601 2990 664 τῆς
3053 595 3109 652 ἐν
3167 595 3396 651 πόλεσιν
3454 597 3747 678 ἀρχούσης

2088 681 2484 760 ἐκσφαιρισθεὶς
2548 691 2666 748 τοῖς
2721 685 3011 747 Θετταλοῖς
3085 680 3366 760 παρέϐαλε
3422 687 3748 761 Τέμπεσιν),

2088 768 2268 828 ἰπὶδὶ
2313 774 2407 829 καὶ
2469 777 2570 840 τῆς
2627 773 2830 830 ἐκείνου
2873 775 3137 851 θυγατρὸς
3192 771 3466 838 Εύδοκίας
3526 775 3752 848 εὐνέτης

2086 859 2311 935 γίνεται.
2345 861 2495 933 Αὕτη
2539 860 2598 918 δί
2638 865 2894 940 Στεφάνῳ
2951 865 3279 936 συναφθεῖσα
3334 863 3599 940 πρότερον
3667 864 3751 937 τῷ

2087 948 2428 1024 ἀρχηγοῢντι
2485 955 2592 1006 τῶν
2641 946 2978 1025 Τριϐαλλῶν
3043 951 3192 1026 παρὰ
3252 953 3346 1026 μὲν
3399 951 3608 1008 ἐκείνου
3647 953 3748 1026 ἐμ.

2086 1031 2292 1111 ϐριθῶς
2342 1037 2751 1112 ἀποπέμπεται,
2801 1041 2864 1094 τὸ
2913 1037 2973 1096 δὲ
3033 1042 3328 1110 Βυζάντιον
3382 1041 3748 1120 κατειληφυῖα

2086 1125 2163 1190 είς
2209 1135 2440 1202 γυναῖκα
2497 1129 2679 1204 ἃγεται
2739 1131 2966 1205 ὓστερον
3031 1131 3169 1202 μετὰ
3220 1133 3318 1202 τὴν
3382 1127 3588 1188 ἅλωσιν
3643 1137 3744 1198 τῆς

2084 1215 2304 1280 πόλεως
2344 1220 2434 1273 καὶ
2463 1221 2563 1290 τὴν
2592 1218 2652 1275 ἐκ
2706 1222 2908 1291 ταύτης
2966 1220 3335 1291 ἀπονόστησιν
3387 1220 3614 1296 Ἀλεξίῳ
3660 1226 3736 1294 τῷ

2084 1307 2284 1379 Δούκᾳ,
2317 1307 2376 1370 ὅς
2405 1306 2792 1381 ἐπωνομάζετο
2852 1308 3290 1390 Μούρτζουφλος
3349 1312 3441 1367 καὶ
3497 1313 3566 1367 τὰ
3611 1318 3744 1380 σκῆ-

2082 1415 2226 1469 πτρα
2253 1400 2363 1453 τῶν
2399 1397 2691 1470 Ῥωμαίων
2724 1397 2946 1462 λοῖσθος
3003 1397 3396 1475 ἐνεχειρίσατο.
3447 1400 3602 1472 Πλὴν
3631 1396 3748 1454 οὐδ⁹

2083 1485 2246 1548 οὗτος
2277 1487 2306 1540 ὁ
2337 1487 2544 1548 Δούκας
2573 1485 2677 1549 ἕως
2705 1489 2896 1562 γήρως
2937 1490 3029 1544 καί
3067 1483 3357 1559 πρεσϐείου
3405 1493 3474 1562 τῇ
3507 1485 3750 1559 Εὐδοκίᾳ

2083 1576 2414 1648 συνῴκησεν·
2451 1577 2480 1630 ὁ
2536 1577 2638 1652 γὰρ
2677 1577 2882 1647 ταύτης
2931 1579 3110 1650 πατὴρ
3171 1577 3434 1647 ’Δλέειος,
3466 1576 3571 1632 οὐκ
3625 1574 3743 1630 οἶδ’

2083 1666 2113 1720 δ
2177 1687 2232 1722 τι
2288 1665 2495 1737 παθὼν,
2564 1665 2658 1721 σὺν
2713 1663 2863 1738 δόλῳ
2909 1667 3000 1722 τὸν
3053 1663 3218 1740 ἄνδρα
3292 1663 3585 1741 συνείληφε
3641 1665 3738 1719 καὶ

2081 1759 2266 1816 κακῶς
2296 1753 2351 1816 ἐς
2379 1755 2476 1818 τὰς
2529 1756 2697 1829 κόρας
2773 1753 2998 1824 διέθετο,
3028 1752 3244 1824 πλάνης
3275 1751 3527 1824 πλάνητα
3560 1757 3738 1826 μισῶν

2082 1839 2289 1916 κομιδῆ
2347 1844 2439 1899 καὶ
2475 1843 2650 1921 φυγὰς
2683 1842 2967 1920 βασιλείας
3015 1849 3095 1917 τῷ
3151 1843 3482 1900 ἀπο-πεσόντι
3535 1841 3744 1910 ταύτης

2084 1933 2534 2007 ἂντικαθήμενος.
2581 1935 2712 1990 Μετ’
2771 1933 2832 1988 ού
2886 1933 3060 1990 πολὺν
3109 1931 3168 1990 δὲ
3221 1952 3342 1988 τινα
3379 1932 3584 2006 χρόνον
3639 1936 3744 1999 τῆς

2082 2023 2387 2098 πηρώσεως
2426 2022 2504 2085 εἰς
2537 2028 2728 2102 χεῖρας
2757 2021 3012 2094 ἐμπεσὼν
3039 2029 3149 2077 τῶν
3183 2022 3431 2078 Λατίνων
3473 2021 3502 2076 ὁ
3535 2019 3744 2082 Δούκας

2084 2111 2160 2175 είς
2181 2113 2244 2167 τὸ
2305 2113 2594 2180 Βυζάντιον
2641 2111 3050 2183 ἀνακομίζεται,
3083 2110 3174 2164 καὶ
3209 2111 3314 2166 ὑπὸ
3365 2107 3524 2180 δίκην
3555 2107 3747 2184 ἀχθεὶς

2083 2201 2158 2264 ὡς
2197 2200 2290 2255 τὸν
2351 2199 2542 2255 ἑαυτοῦ
2605 2200 2791 2273 κύριον
2845 2205 2937 2252 καί
2999 2196 3228 2274 βασιλέα
3265 2197 3614 2270 συνειληφὼς
3654 2196 3749 2251 καὶ

2080 2291 2179 2344 τοῦ
2248 2290 2343 2362 ζῇν
2403 2285 2673 2362 ἐξαγαγὼν
2733 2283 2802 2342 δι’
2869 2285 3118 2362 ἀγχόνης
3202 2285 3589 2360 ἀπελογήσατο
3647 2285 3748 2352 μὲν

2081 2377 2284 2433 ἐκεῖνον
2339 2373 2615 2452 προδότην
2665 2382 2764 2444 τῆς
2819 2372 3080 2450 πατρίδος
3137 2375 3368 2455 ὀφθῆναι
3429 2373 3521 2430 καὶ
3583 2374 3750 2448 ἀξίως

2079 2467 2148 2523 τὰ
2175 2465 2361 2522 εἴκότα
2389 2467 2600 2535 παθεῖν,
2639 2467 2714 2538 μή
2752 2463 2906 2539 μόνῳ
2937 2461 2996 2520 δέ
3025 2465 3078 2518 οἱ
3105 2469 3274 2520 ταῦτα
3313 2462 3748 2540 διαπραχθῆναι,

2081 2555 2231 2614 ἀλλᾶ
2258 2555 2350 2611 καὶ
2378 2559 2497 2618 τοῖς
2547 2551 2771 2622 ἄλλοις,
2802 2553 2924 2609 ’ὁσοι
2982 2555 3101 2610 κατ’
3133 2553 3410 2609 οίκείωσιν
3467 2555 3558 2608 καὶ
3590 2552 3748 2629 γένος

2082 2645 2276 2720 ὶκείνῳ
2316 2647 2680 2716 συνήπτοντο.
2712 2645 2778 2701 Οἱ
2811 2639 2870 2698 δὶ
2913 2644 2989 2717 μὴ
3041 2643 3416 2719 προσσχόντες
3467 2643 3556 2706 οἷς
3588 2641 3750 2718 εἴρη-

2081 2757 2192 2806 κεν,
2226 2735 2351 2791 οὕτε
2381 2735 2491 2808 μὴν
2521 2735 2607 2797 οἷς
2639 2729 2718 2790 ἔτι
2741 2727 2929 2788 ὤδινεν
2961 2731 3132 2789 εἰπεῖν
3167 2733 3264 2794 τὰς
3295 2731 3461 2794 ἀκοὰς
3522 2733 3735 2787 ὁποσον

2083 2829 2175 2884 οὖν
2235 2823 2596 2904 ὒποσχόντες,
2677 2822 3147 2898 καταψηφίζονται
3213 2822 3440 2878 θάνατον
3505 2825 3604 2877 τοῦ
3661 2822 3750 2876 ἂν·

2085 2913 2211 2991 δρὸς
2241 2915 2604 2990 καινότροπόν
2625 2936 2686 2970 τε
2715 2913 2804 2970 καὶ
2837 2913 3174 2989 βιαιότατον.
3235 2911 3330 2974 Εἷς
3384 2911 3489 2988 γὰρ
3543 2911 3634 2967 τὸν
3689 2912 3744 2967 ἐν

2081 3010 2160 3077 τῷ
2200 3005 2403 3080 Ταύρῳ
2463 3003 2746 3077 ἱστάμενον
2797 3002 3018 3076 ὒψιτενῆ
3078 3000 3239 3056 κίονα
3292 3005 3484 3058 τοῦτον
3535 3001 3747 3078 ἀνενεγ-

2083 3095 2266 3156 κόντες
2319 3091 2616 3168 βάλλουσιν
2677 3089 2878 3155 ἐκεῖθεν
2935 3091 3106 3145 κάτω’
3177 3089 3205 3145 ὀ
3275 3087 3324 3146 δ’
3403 3090 3490 3146 ἐπὶ
3568 3087 3743 3154 πόδας

2088 3183 2258 3257 μέχρι
2295 3183 2445 3243 τινὸς
2501 3181 2726 3253 κατιὼν,
2769 3179 2884 3236 εἶτα
2952 3179 3274 3254 ἀνατραπεὶς
3314 3180 3601 3258 κατωκάρα
3645 3180 3737 3235 καὶ

2089 3273 2224 3347 μετά
2257 3269 2436 3348 βραχὺ
2465 3267 2826 3345 καταρραγεὶς
2885 3267 3126 3349 δόχμιος
3191 3267 3468 3347 διέρρηξεν
3521 3270 3731 3344 οίκτρόο

2077 3379 2212 3414 τατα
2264 3359 2364 3426 τήν
2423 3359 2632 3433 ψυχήν.
2693 3361 2776 3432 Τῇ
2843 3361 2968 3432 γοῦν
3053 3355 3292 3430 Εύδοκέᾳ
3348 3358 3626 3436 συναφθεὶς
3705 3356 3735 3412 δ

2082 3449 2328 3525 Σγουρὸς
2413 3453 2510 3504 τοῦ
2572 3449 2866 3524 μαρκεσίου
2946 3453 3016 3524 τῇ
3072 3447 3304 3507 Ἑλλάδι
3363 3449 3742 3525 προσάγοντος

2079 3538 2266 3607 αὐτὸς,
2297 3538 2371 3600 ὡς
2406 3543 2588 3613 μικρῷ
2619 3537 2850 3613 πρόσθεν
2905 3537 3168 3614 εἲρήκειν,
3224 3539 3288 3594 τὸ
3352 3539 3406 3594 ἐν
3439 3537 3740 3615 Θερμοπύ-

2081 3629 2204 3692 λαις
2257 3626 2437 3700 ἐτήρει
2494 3628 2721 3703 τεναγος
2761 3627 2851 3682 καὶ
2899 3629 2964 3684 τὸ
3013 3625 3444 3703 ἐπικρεμάμενον
3515 3627 3742 3690 ταύταις

2079 3718 2256 3773 σκιόεν
2309 3713 2438 3790 ὅρος
2491 3717 2584 3772 καὶ
2644 3711 3024 3789 ὑψικόρυμϐον
3061 3717 3150 3772 καὶ
3185 3713 3348 3774 ἀλλ’
3403 3717 3580 3772 ὁπόσα
3636 3718 3740 3785 τὴν

2077 3803 2326 3864 Ἐλλάδα
2349 3801 2721 3878 δυσπρόσοδον
2749 3805 2982 3875 τίθησιν.
3020 3803 3194 3863 Ἀλλὰ
3249 3805 3341 3861 καὶ
3401 3805 3547 3862 οὕτω
3602 3807 3746 3862 κατὰ

2079 3901 2252 3952 πᾶσαν
2283 3894 2576 3968 εὐμάρειαν
2617 3895 2668 3949 οἱ
2725 3893 2900 3949 ἐκεῖσε
2957 3899 3038 3967 τῷ
3092 3895 3374 3968 μαρκεσίῳ
3433 3894 3741 3950 ὑπέκυπτον

2077 3985 2295 4060 ἀγεννεῖ
2377 3983 2471 4038 καὶ
2553 3978 3026 4056 καταϐεϐλημὲνῳ
3095 3986 3181 4058 [Ρ.
3241 3986 3368 4058 393]
3423 3982 3742 4060 φρονήματι

2075 4073 2168 4129 καὶ
2225 4077 2573 4148 προσχωρεῖν
2631 4070 2716 4126 ἀεί
2769 4091 2888 4135 πως
2945 4071 3210 4147 ἐγνωκότι
3264 4077 3382 4134 τοῖς
3437 4072 3743 4148 κρείττοσι,

2077 4163 2167 4219 καὶ
2233 4165 2403 4218 ταῦτα
2449 4163 2552 4236 μὴ’
2591 4162 2846 4237 στρατιὰν
2910 4160 3096 4238 ἄγοντι
3167 4162 3535 4237 μυριάριθμον
3598 4160 3744 4236 μηδὲ

2079 4247 2482 4326 συμϐαίνουσαν
2561 4255 2681 4312 ταῖς
2736 4252 3006 4327 γνώμαις,
3079 4250 3207 4307 ἀλλ’
3283 4251 3612 4330 ἀσύμφωνον
3687 4253 3740 4308 ἐν

2077 4341 2361 4402 πλείστοις
2401 4340 2475 4403 ὡς
2502 4338 2562 4395 ἐκ
2591 4337 2809 4395 πόλεων
2851 4339 3161 4414 ἡλισμένην
3215 4337 3470 4397 πολλῶν.
3506 4337 3742 4404 Ἐλάσας

2078 4427 2137 4485 δὶ
2163 4428 2295 4484 κάπὶ
2327 4429 2428 4499 τὴν
2492 4426 2764 4486 Βοιωτίαν
2815 4427 3008 4497 αὐτὴν,
3049 4428 3124 4490 ὡς
3156 4423 3282 4482 ούδὲ
3343 4448 3428 4492 τις
3453 4429 3744 4498 ἐπανήκων

2077 4515 2264 4574 οἷ’καδε
2303 4517 2542 4596 χρόνιοςς
2581 4516 2687 4572 ὑπὸ
2715 4520 2824 4571 τῶν
2880 4513 3170 4589 Καδμείων
3226 4515 3478 4589 ἀσμένως
3508 4515 3738 4593 προσδέ-

308 4617 367 4666 et
395 4609 674 4666 exercitui
715 4608 926 4680 Euripo
984 4607 1344 4662 concitatiori
1409 4613 1644 4678 pontem
1702 4611 1962 4666 subster-

2080 4626 2252 4683 χεται.
2291 4607 2506 4682 Προϊὼν
2539 4602 2596 4660 δὶ
2625 4609 2817 4680 κρατεῖ
2871 4605 2962 4662 καὶ
3020 4612 3120 4675 τῆς
3192 4607 3470 4676 Ἀττικῆς,
3503 4607 3595 4662 κιὶ
3669 4611 3738 4681 τῇ

309 4701 392 4758 nit
427 4702 591 4768 ;etin
618 4700 746 4772 ipso
763 4700 906 4754 freto
930 4695 1235 4753 castellum
1260 4697 1631 4765 mditicatum,
1665 4699 1724 4754 in
1783 4716 1968 4773 eoque

313 4791 614 4846 sedentem
645 4787 964 4844 exercitum
989 4785 1194 4856 cernit,
1219 4802 1253 4841 a
1281 4801 1396 4858 quo
1446 4787 1766 4842 mutabiles
1808 4787 1970 4843 insu-

315 4880 526 4936 larium
561 4877 746 4936 animi
771 4884 830 4934 et
861 4877 1075 4934 callida
1104 4876 1351 4932 consilia
1379 4894 1412 4931 a
1441 4877 1766 4934 defectione
1803 4894 1963 4935 coer-

310 4975 604 5025 cerentur.
638 4968 754 5024 Sed
786 4968 922 5038 quid
959 4981 1150 5022 meam
1181 4967 1501 5022 orationem
1537 4966 1771 5021 barbari
1802 4979 1965 5024 ante-

310 5065 536 5114 vertunl
573 5064 630 5114 et
662 5059 914 5113 historiae
947 5072 1186 5113 cursum
1221 5059 1526 5126 occupant,
1560 5071 1664 5110 nec
1719 5057 1792 5112 ab
1845 5057 1965 5114 ullo

307 5149 642 5203 adversario
675 5147 1010 5202 detinentur
1039 5144 1068 5199 ‘2
1099 5161 1232 5200 nam
1298 5143 1442 5212 haec,
1485 5151 1549 5198 ut
1596 5144 1811 5202 Thebis
1840 5163 1968 5218 spo-

310 5235 470 5292 liatis
497 5242 554 5291 et
583 5235 833 5291 Athenis
863 5235 1160 5308 occupatis
1192 5235 1249 5290 in
1278 5234 1551 5290 Euboeam
1603 5237 1963 5306 transierint,

310 5325 506 5382 adhuc
539 5329 762 5380 refert:
821 5325 904 5380 illi
958 5341 1114 5393 vero,
1168 5341 1282 5380 non
1337 5331 1399 5380 ut
1453 5325 1700 5397 pedites,
1740 5329 1842 5383 sed
1901 5332 1966 5384 ut

311 5414 479 5470 aerias
521 5413 806 5482 volucres,
863 5415 971 5470 alis
1028 5431 1204 5487 supra
1265 5414 1566 5470 historiam
1627 5418 1831 5487 evecti,
1891 5417 1964 5474 ad

2079 4700 2376 4777 ἀκροπόλει
2435 4701 2673 4779 φρουρὰν
2739 4699 3140 4779 ἐγκαθίστησιν.
3201 4701 3340 4776 Εἶχε
3425 4699 3482 4757 δὲ
3521 4702 3550 4757 ὁ
3602 4721 3740 4776 προ-

2078 4788 2310 4867 εδρεύων
2338 4791 2628 4865 ἱερατικῶς
2664 4795 2769 4859 τῆς
2825 4789 3068 4856 πόλεως,
3117 4785 3299 4864 ὥσπερ
3333 4790 3568 4864 Σγουρὸν
3601 4791 3736 4861 πρό-

2075 4900 2254 4957 τερον,
2332 4877 2476 4935 οὕτω
2543 4878 2636 4934 καὶ
2711 4880 2835 4934 τότε
2896 4879 3194 4954 μαρκὲσιον
3280 4878 3731 4954 ἀποπέμψασθαι·

2079 4971 2156 5044 μή
2191 4969 2328 5026 εἶναι
2359 4967 2418 5024 δὶ
2477 4965 2792 5042 δοκιμάζων
2824 4967 3014 5044 καιρὸν
3075 4967 3458 5037 ἀντιστάσεως,
3481 4969 3572 5022 οἷα
3625 4972 3724 5032 τῆς

2071 5063 2181 5116 τῶν
2211 5057 2358 5115 ’ὀλων
2397 5055 2678 5131 βασιλίδος
2747 5055 3012 5127 ἁλούσης,
3079 5063 3180 5126 τῆς
3237 5054 3286 5110 δ’
3333 5055 3576 5128 ἑσπερίου
3629 5051 3720 5105 καὶ

2076 5149 2212 5223 ἑῴας
2243 5147 2345 5203 ὑπὸ
2375 5145 2686 5218 Ῥωμαίους
2729 5143 2944 5218 λήξεως
2994 5146 3096 5214 τήν
3131 5146 3282 5202 σκιὰν
3313 5141 3568 5212 ὁπιούσης
3622 5145 3724 5196 τοῦ

2077 5239 2315 5294 Λατινοῦ
2381 5231 2612 5308 δόρατος
2649 5279 2663 5303 ,
2728 5233 3001 5308 ἀναιμωτὶ
3067 5239 3166 5290 τοῦ
3223 5233 3490 5311 ἒρύματος
3567 5231 3734 5302 ὑπεξ-

2078 5327 2304 5382 ίσταται.
2338 5325 2464 5381 Ἐπὶ
2505 5329 2636 5380 πᾶσι
2693 5321 2739 5378 δ’
2795 5322 2911 5380 οὐδ’
2967 5319 3177 5380 Εὔϐοια
3239 5329 3482 5400 γενναῖον
3541 5321 3735 5400 βλὲπει

2071 5437 2124 5471 τι
2181 5413 2273 5471 καὶ
2331 5412 2642 5488 ὶλεύθερον,
2696 5412 2842 5472 ἀλλὰ
2895 5413 2987 5470 καὶ
3043 5413 3180 5487 αὕτη
3219 5420 3384 5492 χεῖρα
3438 5412 3737 5488 προτείνει,

1701 5517 1870 5578 Hier.
1908 5517 2122 5580 Wolﬁi
2156 5523 2348 5576 notis.

381 5615 712 5746 (67%0Etoc
769 5621 872 5696 γὰρ
923 5623 1030 5675 τῶν
1078 5621 1176 5674 τοῦ
1221 5617 1392 5694 βορῤἇ
1439 5617 1692 5695 πλευρῶν
1734 5641 1964 5678 κατασυ-

381 5689 442 5746 Ec.
529 5705 604 5745 on
635 5691 778 5746 satis
811 5709 1090 5746 asseuuor
1123 5693 1256 5746 uuid
1308 5691 1420 5746 sibi
1469 5694 1631 5746 velit.
1677 5695 1964 5746 Vetusius

305 5689 442 5761 ρείς.
475 5689 604 5746 Non
635 5689 793 5750 satis
811 5689 1090 5766 a'ssequor
1123 5689 1256 5764 quid
1292 5689 1420 5750 sibi
1469 5689 1631 5751 velit.
1677 5695 1964 5754 Vetustus

2074 5623 2251 5697 codex
2283 5627 2340 5678 et
2372 5621 2466 5678 hic
2499 5622 2746 5679 mutilus
2777 5627 2886 5693 est,
2919 5626 2984 5678 ut
3013 5629 3068 5678 et
3097 5623 3260 5696 alibi,
3293 5623 3393 5679 ubi
3439 5625 3568 5697 ejus
3599 5625 3741 5682 sub-

2073 5696 2225 5753 sidio
2255 5709 2537 5769 perquam
2571 5711 2721 5769 opus
2749 5699 2858 5751 est.
