4074 6382
286 368 403 428 99⁸1

1735 359 1938 421 URBS
1985 357 2264 421 CAPTA.

3595 354 3716 417 998'

285 505 376 557 καί
419 503 517 555 τοῦ
572 496 940 574 παλιρῥοθίου
990 497 1247 570 πορθμοῦ
1311 492 1614 572 ταχύτερον
1664 490 1944 567 μεθαρμό-

2079 491 2643 557 lsthmumtsndunt,
2666 491 2998 563 Oppositum
3049 490 3125 547 ibi
3182 493 3511 546 Romanum
3555 505 3719 545 exer-

290 598 457 663 ζεται,
507 590 597 644 καὶ
668 588 1072 661 ὑποστρώννυσι
1130 587 1229 654 τήν
1273 580 1564 659 διαϐάθραν
1624 581 1948 660 εὐροωτέρῳ

286 685 384 736 τοῦ
415 681 663 755 Εύρίπου
693 676 1081 753 στρατεύματι,
1111 678 1202 731 καὶ
1271 674 1534 753 φρούριον
1567 675 1671 748 ὁρᾷ
1708 671 1951 747 δομηθέν

291 770 373 826 ἐπ’
404 771 551 843 αὐτῷ
582 791 647 847 γε
692 766 757 838 δὴ
800 772 879 838 τῷ
937 768 1174 840 πορθμῷ
1223 765 1315 818 καὶ
1373 764 1623 838 στρατιὰν
1667 762 1952 832 ίζάνουσαν

291 856 502 913 ἔνδοθεν
534 857 670 931 πρὸς
700 855 764 910 τὸ
795 853 1061 930 ἀναῤῥουν
1124 847 1622 908 ἀναστοιϐάσουσαν
1684 849 1953 923 δήπουθεν

290 946 358 1001 τὰ
386 949 493 1000 τῶν
538 939 789 1001 Εὐϐοέων
847 941 1195 1019 ἀγχίστροφα
1252 935 1544 996 διαϐούλια
1594 939 1685 994 καὶ
1735 940 1798 996 τὸ
1853 945 1954 1009 τῆς

294 1034 524 1110 γνώμης
555 1027 910 1106 παλίμϐολον
944 1030 1375 1105 ἐπισχήσουσαν.
1437 1028 1617 1085 Ἀλλά
1672 1028 1755 1091 τίς
1817 1050 1956 1103 προ-

296 1122 475 1201 φθάνει
510 1143 615 1195 μου
644 1126 753 1175 τῶν
787 1120 972 1195 λόγων
1001 1120 1065 1174 τὸ
1119 1113 1418 1195 βάρϐαρον,
1458 1118 1549 1173 καὶ
1602 1122 1700 1173 τοῦ
1756 1121 1957 1192 πτεροῦ

293 1214 392 1280 τῆς
423 1210 666 1284 ἱστορίας
697 1209 1159 1284 ταχυπετέστερον
1218 1207 1459 1283 φέρεται,
1518 1207 1607 1262 καὶ
1676 1203 1805 1261 οὐδὲ.
1860 1228 1954 1261 ποι

296 1301 371 1363 ὡς
410 1300 650 1369 ἀντίξουν
717 1295 995 1372 έπέχεται.
1052 1297 1114 1353 Ἡ
1178 1297 1270 1370 μὲν
1323 1297 1424 1373 γὰρ
1480 1292 1558 1351 ἔτι
1615 1300 1954 1371 προνομεῦον

296 1388 427 1444 αὐτὸ
478 1388 574 1450 τὰς
630 1381 814 1457 Θήϐας
876 1386 964 1441 καὶ
1029 1386 1387 1460 χειρούμενον
1463 1386 1714 1456 Ἀθήνας,
1754 1391 1856 1455 τῆς
1914 1382 1959 1440 δ’

297 1471 539 1539 Εὐϐοίας
568 1470 847 1530 ἐπιϐαῖνον
882 1472 1121 1545 διέξεισι·
1154 1475 1216 1529 τὸ
1278 1472 1356 1543 δὲ,
1385 1473 1460 1537 ὡς
1514 1475 1590 1546 μὴ
1644 1474 1959 1549 πεζαίτερον

297 1567 380 1636 ὃν,
413 1562 558 1620 ἀλλά
596 1566 801 1634 πτηνὸν
844 1564 933 1616 καὶ
990 1562 1195 1636 ἀέριον,
1252 1562 1522 1633 ὑπερπτάν
1564 1564 1665 1632 τὴν
1715 1564 1957 1640 ἱστορίαν

296 1660 474 1735 χωρεῖ
512 1654 648 1727 πρὸς
680 1653 918 1725 Ἰσθμὸν,
948 1656 1251 1729 τροποῦται
1282 1652 1345 1707 τὸ
1392 1653 1500 1725 πρὸ
1532 1653 1757 1727 Ἰσθμοῦ
1790 1673 1956 1729 προσ·
2003 1701 2007 1705 .

298 1744 514 1820 εδρεῧον
545 1740 879 1815 Ῥωμαϊκὸν,
947 1738 1192 1816 πρόεισιν
1261 1743 1338 1803 εἰς
1368 1740 1534 1797 πόλιν
1573 1743 1710 1817 πρὸς
1758 1744 1960 1817 Ἰσθμῷ

297 1833 550 1906 κειμένην
591 1832 682 1887 καὶ
713 1832 885 1886 πάλαι
950 1832 1165 1906 ἂφνειὸν
1223 1833 1322 1901 τὴν
1378 1831 1655 1907 Κόρινθον,
1700 1832 1957 1906 μεθίστα-

300 1945 386 1978 ται
448 1923 587 1998 πρὸς
641 1924 860 1997 Ἄργος,
916 1922 1338 1993 περιπαπταίνει
1390 1922 1516 1984 τοὺς
1572 1923 1855 1995 Λάκωνας,
1911 1923 1963 1985 ἐς

303 2009 530 2087 Ἀχαίαν
584 2007 727 2067 ἔνθεν
804 2007 1171 2086 προσϐάλλει,
1230 2010 1293 2067 ἐκ
1346 2011 1507 2067 τοῦδε
1566 2014 1665 2083 τήν
1702 2013 1961 2084 Μεθώνην

309 2098 634 2178 μετέρχεται
664 2100 754 2155 καὶ
807 2101 955 2176 ὁρμᾷ
1013 2101 1149 2176 πρὸς
1178 2099 1357 2155 Πύλον
1428 2102 1527 2169 τὴν
1584 2098 1815 2174 πατρίδα
1861 2101 1966 2159 Νέ-

310 2212 522 2265 στορος,
566 2191 724 2264 οἶμαι
760 2189 806 2245 δ’
866 2190 940 2253 ὡς
989 2187 1238 2266 Ἀλφειῷ
1284 2188 1503 2245 ἐπιστὰν
1555 2190 1812 2268 ἀφύσεται
1867 2196 1964 2246 τοῦ

306 2281 524 2358 ῥείθρου
557 2282 644 2334 καὶ
674 2278 953 2347 λούσεται,
983 2278 1074 2334 καὶ
1147 2281 1369 2352 μνήμην
1426 2278 1659 2354 λήψεται
1726 2280 1964 2337 παλαιοῦ

305 2370 589 2447 χαρίεντος
633 2367 1002 2444 διηγήματος,
1044 2368 1134 2423 καὶ
1205 2369 1375 2443 μαθὸν
1430 2369 1521 2424 τὸν
1581 2373 1827 2444 ποταμὸν
1887 2376 1967 2445 τῷ

302 2467 406 2530 τῆς
446 2460 779 2534 Ἀρεθούσης
815 2460 1197 2535 ὑγραινόμενον
1257 2455 1443 2535 ἔρωτι,
1506 2460 1801 2532 Σικελικῆς
1858 2484 1967 2532 πη-

307 2556 410 2625 γῆς
459 2551 551 2604 καὶ
590 2546 786 2611 παῖδας
837 2548 1062 2605 Ἰταλῶν
1119 2550 1478 2622 ποτιζούσης,
1539 2548 1688 2627 δέδια
1733 2554 1808 2626 μὴ
1875 2553 1967 2607 καὶ

312 2638 443 2694 αὐτὸ
490 2640 815 2709 τυραννῆσαν
869 2640 931 2693 τὸ
997 2636 1144 2713 ὕδωρ
1201 2638 1394 2715 γράψει
1463 2641 1583 2694 καθ’
1640 2641 1816 2716 ὑγρῶν
1876 2641 1968 2697 καὶ

315 2725 385 2782 δι’
416 2725 671 2806 Ἀλφειοῦ
720 2732 838 2791 τοῖς
885 2725 944 2782 ἐκ
999 2732 1096 2783 τοῦ
1152 2725 1342 2804 γένους
1403 2729 1574 2784 ἐκεῖσε
1620 2727 1970 2808 διασαφησειε

306 2818 372 2873 τά
420 2819 540 2882 καθ’
596 2815 883 2887 Ἑλλήνων
941 2814 1415 2894 ἀνδραγαθήματα.
1470 2818 1654 2891 ’Λλλ’,
1687 2819 1972 2892 ὧἛλλην

305 2908 518 2981 ποταμὲ
549 2904 787 2985 Ἀλφειὶ,
822 2905 996 2981 ῥεῦμα
1028 2906 1148 2985 ῥέον
1205 2904 1275 2962 δι’
1330 2907 1518 2981 ἃλμης
1577 2910 1838 2983 πότιμον,
1888 2914 1973 2984 ξε-

306 2996 454 3066 νίζον
486 2992 759 3067 ὁίκουσμα,
819 2993 1144 3071 ἐμπύρευμα
1199 2989 1422 3071 ἔρωτος,
1487 2998 1562 3071 μὴ
1624 2994 1693 3066 δὴ
1723 2998 1790 3053 τὰ
1845 2997 1975 3056 Ἑλ..

308 3084 472 3155 λήνια
524 3081 958 3160 δυσπραγήματα
1041 3090 1160 3148 τοῖς
1243 3087 1298 3140 ’ev
1362 3083 1592 3158 Σικελίᾳ
1665 3082 1973 3163 Βαρϐάροις

309 3172 749 3249 διατρανώσειας,
786 3171 917 3246 μηδ’
971 3168 1208 3230 ἔκπυστα
1266 3177 1414 3246 θείης
1472 3174 1572 3231 ὅσα
1628 3178 1679 3231 οἱ
1737 3175 1795 3232 ἐκ
1828 3182 1973 3255 σφῶν

1992 1880 2041 1946 Β

2063 583 2243 636 citum
2279 580 2612 652 proﬂigant,
2647 581 2849 637 urbem
2882 580 2940 635 in
3002 581 3225 637 Isthmo
3258 580 3432 636 sitam
3468 578 3719 651 locuple-

2061 675 2178 725 tem
2213 672 2350 726 olim
2383 670 2720 725 Corinthum
2769 672 3012 725 intrant.
3072 670 3237 726 Unde
3293 672 3475 739 Argos
3532 674 3721 725 transs

2063 766 2242 826 eunt;
2276 760 2583 816 Laconiam
2646 761 2945 832 pervagati
3000 759 3290 830 impetum
3350 759 3407 813 in
3440 759 3718 814 Achaiam

2064 850 2307 906 faciunt.
2342 851 2480 905 Inde
2515 850 2843 905 Methoncm
2876 854 3085 920 petunt
3115 869 3130 918 ;
3164 852 3232 905 ad
3269 848 3474 917 Pylum
3517 848 3722 904 Nesto-

2068 940 2147 994 ris
2170 940 2418 1011 patriam
2452 938 2834 994 contendunt.
2861 939 2952 993 Ad
2978 938 3266 1009 Alpheum
3296 939 3474 992 etiam
3528 954 3723 993 acces-

2068 1047 2239 1085 suros
2272 1030 2545 1097 arbitror,
2606 1045 2676 1083 ex
2737 1044 2923 1100 eoque
2979 1033 3144 1098 potos
3193 1035 3245 1081 et
3292 1026 3438 1082 lotos
3471 1034 3726 1083 veterem

2062 1119 2389 1190 jucundam
2425 1117 2681 1173 fabulam
2717 1118 3299 1181 audituros,tluvium
3326 1129 3458 1170 eum
3485 1116 3726 1173 Arethe-

2069 1226 2143 1265 se:
2168 1208 2350 1264 fontis
2370 1207 2572 1275 Siculi,
2604 1222 2779 1278 quem
2804 1206 3084 1261 ltalorum
3110 1205 3216 1259 ﬁlii
3264 1204 3497 1260 bibunt.
3530 1223 3728 1262 amore

2066 1297 2483 1368 liquescentem
2508 1296 2691 1353 vereri
2713 1312 2781 1350 no
2802 1312 2922 1351 suae
2957 1312 3025 1366 aq
3039 1312 3120 1348 ure
3164 1310 3478 1350 successus
3499 1293 3728 1350 Latino-

2068 1403 2201 1443 rum
2233 1391 2290 1441 et
2321 1402 2413 1442 res
2471 1401 2621 1457 quas
2680 1388 2886 1439 contra
2935 1383 3165 1439 Graecos
3197 1382 3489 1454 gesserint
3520 1382 3725 1438 inscri~

2068 1482 2198 1548 ptas
2228 1475 2302 1530 ad
2333 1475 2644 1546 populares
2671 1489 2873 1528 eorum
2890 1472 3145 1544 perferre
3188 1476 3455 1543 cogatur.
3485 1470 3727 1542 Verum,

2068 1581 2101 1621 ο
2123 1564 2318 1620 Graece
2341 1563 2515 1619 ﬂuvie
2536 1561 2779 1632 Alphea,
2799 1560 2952 1616 latex
2973 1576 3077 1632 par
3100 1559 3459 1630 salsuginem
3482 1575 3730 1616 manans

2071 1653 2366 1723 potabilis,
2398 1670 2491 1708 res
2518 1651 2665 1707 807
2693 1651 2902 1706 auditu
2931 1649 3102 1719 mira,
3135 1648 3353 1706 amoris
3373 1649 3730 1718 incendium,

2074 1760 2211 1799 cave
2227 1747 2556 1799 Graecorum
2579 1740 2944 1797 calamitates
2973 1738 3184 1795 Siculis
3232 1738 3501 1795 barbaris
3549 1740 3733 1811 expli-

2068 1839 2297 1904 ees,aut
2326 1847 2751 1888 commemores
2779 1834 3028 1899 quantas
3052 1845 3143 1885 res
3173 1828 3484 1900 populares
3529 1844 3732 1885 ecrum

2073 1930 2274 1979 contra
2300 1922 2529 1978 Graecos
2553 1921 2866 1993 gesserint,
2909 1934 2980 1974 ne
3030 1918 3252 1974 chorea
3303 1919 3618 1983 ducantur,
3661 1935 3734 1975 ne

2075 2028 2305 2085 paeanes
2329 2016 2739 2076 cantentur,ns
2763 2008 2962 2082 plures
2979 2008 3173 2064 hostes
3188 2007 3736 2079 appellant,Paulis-

2076 2119 2179 2174 per
2193 2106 2484 2174 exspecta.
2509 2100 2702 2156 Multae
2726 2104 2863 2155 sunt
2885 2098 3017 2154 belli
3050 2099 3203 2153 vices
3232 2117 3247 2166 ;
3292 2105 3525 2152 tesseris
3549 2103 3737 2153 instar

2076 2194 2393 2250 volvuntur
2426 2208 2516 2248 res
2542 2189 3076 2246 mortalium.Nunc
3106 2188 3222 2256 his,
3265 2186 3555 2243 nuncillis
3589 2188 3739 2243 favet

2077 2283 2316 2338 victoria
2346 2300 2361 2350 ;
2402 2297 2472 2337 ne
2495 2280 2825 2335 Alexandro
2859 2277 3099 2350 quidem
3146 2278 3341 2332 ferunt
3381 2271 3584 2343 omnia
3609 2290 3740 2331 suc-

2077 2373 2327 2430 cessisse
2357 2388 2427 2427 sx
2458 2370 2774 2437 sententia,
2842 2385 2948 2426 nec
3001 2368 3245 2424 Cesaris
3288 2368 3523 2424 fortuna
3551 2368 3740 2424 caruit

2077 2461 2527 2519 oti‘ensionibus.
2565 2464 2675 2516 Per
2715 2460 2907 2531 ipsam
2940 2459 3292 2514 Arethusam
3351 2463 3407 2514 te
3455 2457 3737 2526 obtestor,

2081 2569 2179 2625 per
2200 2552 2517 2608 amicitiam
2552 2567 2587 2606 a
2619 2550 2908 2606 salsedine
2931 2550 3231 2617 inlectam,
3265 2564 3368 2620 per
3386 2547 3738 2605 amatorium

2078 2643 2333 2699 laticem.
2365 2641 2474 2698 Sed
2506 2645 2570 2696 ut
2604 2644 2677 2696 ad
2705 2639 3048 2695 institutum
3097 2639 3354 2707 redeam,
3397 2643 3615 2695 Scurus
3647 2638 3741 2694 his

2080 2733 2348 2789 cladibus
2380 2732 2620 2796 fractus,
2648 2745 2784 2786 cum
2815 2732 2999 2802 Argos
3036 2735 3094 2785 et
3126 2728 3381 2784 ﬁnitima
3402 2730 3618 2801 oppida
3645 2745 3739 2785 oc-

2081 2832 2291 2891 cupata
2348 2837 2478 2878 esse
2535 2824 2822 2888 cerneret,
2880 2821 2939 2874 in
2972 2817 3387 2875 Acrocorintho
3420 2824 3484 2873 ut
3516 2818 3744 2874 hirsuta

2084 2914 2270 2969 bestia
2293 2915 2350 2968 in
2391 2919 2561 2971 antro
2599 2918 2703 2970 aut
2743 2921 2802 2968 ut
2834 2912 3011 2968 draco
3043 2913 3102 2967 in
3134 2912 3413 2983 spelunca
3443 2929 3505 2968 se
3535 2912 3694 2968 abdit
3727 2930 3743 2983 ;

2083 3020 2211 3073 quas
2234 3002 2446 3059 veteris
2466 3002 2732 3058 Corinthi
2792 3018 2897 3057 arx
2917 3007 3026 3068 est,
3060 3002 3119 3057 in
3174 3001 3357 3057 arduo
3382 3005 3576 3056 monts
3608 3003 3744 3069 sita,

2086 3092 2203 3147 fere
2235 3092 2731 3164 inexpugnabilis.
2764 3092 2950 3156 Quare
2979 3091 3236 3146 marchio
3285 3090 3421 3147 inde
3447 3089 3741 3163 repulsus,

2086 3197 2220 3236 cum
2243 3181 2559 3253 Nauplium
2593 3197 2828 3254 quoque
2852 3181 3006 3237 haud
3032 3178 3199 3236 facile
3220 3180 3547 3253 expugnari
3572 3198 3742 3253 posse

308 3262 815 3339 ἐπιστρατεύσαντες
874 3261 1115 3335 Ἕλλησι
1187 3267 1304 3319 καθ’
1382 3263 1673 3336 Ἑλλήνων
1764 3266 1965 3343 ἐμεγα-

2082 3278 2347 3328 cerneret
2376 3270 2449 3326 ob
2481 3270 2861 3327 castellorum
2896 3268 3306 3338 munitionem,
3362 3277 3416 3324 et
3469 3271 3741 3326 defenso-

306 3353 755 3427 λούργησαν,ἳνα
788 3354 864 3427 μὴ
911 3353 1075 3428 χοροὶ
1137 3359 1305 3409 στῶσι
1362 3354 1452 3409 καὶ
1507 3359 1731 3419 παιᾶνες
1766 3356 1970 3427 ᾁσθῶσι

308 3443 397 3498 καὶ
428 3441 652 3503 πλείους
690 3443 995 3517 κατάρωσιν
1058 3444 1110 3498 οἱ
1171 3440 1442 3523 διάφοροι.
1508 3445 1692 3519 Βραχύ
1740 3467 1794 3501 τι
1852 3446 1972 3501 ἐπί-

312 3550 511 3605 μεινον·
569 3528 1034 3607 ἀλλοπρόσαλλος
1092 3534 1126 3602 ἡ
1204 3534 1383 3607 μάχη,
1445 3535 1708 3589 πεττευτᾶ
1761 3535 1829 3590 τὰ
1879 3534 1972 3589 ἀν-

2081 3376 2210 3415 rum
2232 3359 2650 3427 constantiam,
2675 3357 3038 3414 obsidionem
3066 3358 3373 3429 utriusque
3395 3358 3506 3414 loci
3529 3359 3744 3414 ducere

2080 3448 2340 3504 instituit
2382 3453 2488 3516 ;et
2547 3465 2617 3503 ex
2676 3450 2920 3503 adverso
2980 3446 3385 3503 Acrocorinthi
3443 3449 3746 3504 castellum

2082 3538 2349 3604 aediﬁcat,
2383 3538 2505 3592 hua
2536 3538 2788 3592 maxime
2821 3536 3153 3608 Oppugnari
3218 3552 3387 3606 posse
3415 3536 3744 3608 videbatur,

311 3621 579 3696 θρώπινα,
610 3621 700 3675 καί
728 3620 851 3692 νίκη
913 3617 1263 3695 ἐπαμείϐεται
1320 3620 1533 3697 ἄνδρας.
1592 3620 1722 3680 Οὐδ’
1778 3621 2122 3700 Ἀλεξάνδρῳ
2161 3624 2288 3701 φασὶ
2354 3624 2420 3678 τὰ
2476 3620 2564 3678 έπὶ
2630 3628 2791 3679 πᾶσιν
2829 3623 3178 3699 ἀπρόσκοπα,
3224 3620 3338 3677 οὐδ’
3394 3620 3747 3684 ἀδιάπτωτος

322 3712 404 3783 [Ρ.
441 3712 567 3783 394]
600 3712 634 3779 ἡ
666 3711 812 3785 τύχη
841 3709 1091 3786 παράπαν
1123 3715 1221 3766 τοῦ
1252 3710 1540 3787 Καίσαρος.
1584 3712 1684 3767 Ναὶ
1715 3713 1851 3789 πρὸς
1882 3714 2052 3784 αὐτῆς
2081 3715 2179 3782 τῆς
2209 3711 2537 3788 Ἀρεθούσης
2566 3716 2673 3767 τῶν
2733 3711 3017 3787 ἀνεπάφων
3051 3711 3238 3785 ἃλμης
3289 3708 3603 3788 φιλοτήτων
3646 3711 3737 3766 καὶ

310 3803 411 3855 τοῦ
442 3795 767 3871 έρωτὸεντος
796 3800 1059 3872 νάματος.
1086 3799 1243 3858 Ἀλλ’
1276 3802 1404 3859 εἶεν,
1437 3802 1498 3860 Ὁ
1540 3798 1599 3857 δὶ
1635 3800 1701 3872 δὴ
1730 3803 1971 3880 Σγουρὸς
2006 3802 2094 3858 ἐπὶ
2124 3804 2341 3867 τούτοις
2369 3802 2696 3877 ἠπορηκὼς,
2727 3802 2818 3857 καὶ
2847 3803 2910 3857 τὸ
2940 3804 3149 3878 ’Ἄργος
3180 3803 3322 3876 ὁρῶν
3353 3800 3622 3875 ἐχόμενον
3647 3802 3740 3856 καὶ

314 3889 412 3951 τὰς
453 3886 792 3957 περιοικίδας
823 3890 1017 3954 ⁴πόλεις
1051 3889 1492 3966 συνελημμένας,
1526 3893 1601 3956 ὡς
1635 3892 1687 3955 ἐς
1728 3894 1917 3970 ἄντρον
1961 3891 2156 3957 λάσιος
2200 3894 2304 3969 θὴρ
2344 3892 2380 3963 ἢ
2416 3892 2490 3955 ὡς
2520 3887 2644 3970 ὄφις
2672 3893 2944 3964 ἑρπυστὴς
2977 3890 3053 3953 εἷς
3088 3891 3244 3966 χειὰν
3271 3895 3624 3965 συσπειρᾶται
3654 3890 3745 3944 τὸν

310 3980 759 4055 Ἀκροκόρινθον·
796 3982 823 4035 6
851 3977 908 4036 δέ
935 3981 1074 4036 ἐστιν
1116 3984 1151 4052 ἡ
1182 3990 1283 4052 τῆς
1309 3980 1482 4038 πᾶλαι
1514 3982 1730 4046 πόλεως
1755 3983 2022 4058 Κορίνθου
2053 3980 2382 4058 ἀκρόπολις,
2417 3982 2496 4036 ἐπ’
2528 3983 2788 4044 ἀνάντους
2820 3980 2980 4057 ὅρους
3023 3980 3248 4054 κειμένη
3292 3980 3380 4035 καὶ
3416 3977 3737 4042 δυσάλωτος

315 4073 435 4131 τοῖς
466 4064 938 4144 προσϐάλλουσιν.
969 4074 1396 4146 Ἀποκρουσθεῖς
1427 4073 1609 4128 τοίνυν
1640 4077 1738 4128 τοῦ
1779 4074 2203 4149 Ἀκροκορίνθου
2238 4070 2553 4149 μαρκέσιος,
2583 4070 2729 4127 ἀλλά
2762 4068 2903 4144 μηδὲ
2932 4072 3032 4140 τήν
3064 4069 3141 4132 εἷς
3189 4070 3251 4124 τὸ
3304 4068 3588 4129 Ναύπλιον
3621 4070 3737 4124 πά-

311 4155 473 4234 ροδον
508 4155 698 4232 ῥᾳδίαν
727 4159 996 4231 θεώμενος
1030 4157 1118 4215 διὰ
1146 4162 1246 4229 τήν
1287 4167 1394 4216 τῶν
1426 4161 1710 4236 ἐρυμάτων
1743 4161 2052 4238 ἐχυρότητα
2082 4162 2172 4217 καὶ
2202 4164 2301 4231 τὴν
2332 4166 2442 4216 τᾶν
2473 4159 2923 4236 ἀπομαχομένων
2954 4158 3317 4234 ἱσχυρότητα,
3348 4153 3739 4237 χρονοτριϐεῖν

311 4248 396 4321 ἐφ’
428 4246 704 4321 ἑκατέροις
737 4248 1083 4322 προτίθησιν,
1115 4249 1167 4312 ἐς
1198 4248 1255 4305 δὲ
1285 4252 1378 4306 τὸν
1424 4252 1846 4328 Ἀκροκόρινθον
1887 4252 1976 4308 καὶ
2007 4252 2268 4330 φρούριον
2299 4251 2574 4306 ἀντίθετον
2607 4250 2911 4323 ἀνίστησιν,
3012 4250 3254 4323 μάλιστα
3293 4251 3321 4304 6
3371 4253 3559 4324 χῶρος
3615 4247 3738 4303 ἐπί-

314 4353 497 4409 μαχος
528 4336 896 4412 κατεφαίνετο.

389 4424 438 4479 ι’.
514 4424 617 4481 Ἦν
674 4423 734 4480 ἄν
795 4424 888 4480 οὖν
940 4431 1051 4483 τῶν
1107 4429 1402 4501 Ῥωμαίων
1483 4431 1710 4487 Ἀσιανά
1764 4451 1824 4488 τε
1877 4431 1969 4487 καὶ

310 4513 534 4587 ἑσπέρια
563 4513 687 4589 ’ὀρια
719 4513 861 4588 μηδὲ
887 4517 1100 4573 τελείου
1137 4511 1291 4582 ἔτους
1353 4519 1797 4595 παριππευκότος
1849 4526 1969 4582 τοῖς

310 4607 623 4668 Αατινικοῖς
673 4604 979 4680 ἀπαξάπασι
1037 4610 1215 4684 γένεσι
1299 4607 1694 4685 δουλοπρεπῶς
1772 4610 1967 4667 ὑποκύ-

309 4696 488 4769 ψαντα
521 4690 648 4764 (ἤδη
681 4695 786 4771 γάρ
818 4698 909 4752 καὶ
948 4698 976 4752 6
1018 4698 1094 4760 εἰς
1127 4691 1357 4774 βασιλέα
1416 4700 1663 4777 χρισθεὶς
1697 4697 1971 4758 Βαλδουῖ-

308 4801 402 4843 νος
441 4783 578 4837 κατά
630 4783 858 4846 Νικαίας
919 4787 1010 4841 καὶ
1062 4787 1315 4863 Προύσὴς
1367 4789 1430 4844 τὸ
1490 4786 1620 4865 δόρυ
1664 4786 1977 4867 διαγκοινή-

312 4875 507 4927 σασθαι
534 4872 845 4947 προύθετο),
877 4873 924 4930 εἰ
958 4877 1035 4949 μή
1075 4898 1136 4951 γε
1175 4878 1204 4932 6
1262 4877 1466 4953 βουλὰς
1509 4878 1714 4944 ἀθετῶν
1750 4879 1976 4954 Κύριος,

310 4962 402 5017 καὶ
501 4958 903 5035 διασκορπίζων
994 4959 1114 5036 ἔθνη
1220 4967 1288 5022 τὰ
1370 4967 1498 5030 τοὺς
1559 4967 1842 5043 πολέμους
1897 4968 1978 5029 θέ,

312 5051 504 5119 λοντα,
567 5047 834 5107 ὑπέλαϐεν
889 5054 1037 5127 ἡμᾶς
1097 5055 1172 5117 εἷς
1256 5054 1415 5119 τέλος
1470 5055 1857 5121 ἐκλείποντας.
1916 5059 1978 5116 Ὁ

314 5140 420 5215 γὰρ
463 5138 530 5210 δὴ
563 5142 732 5220 φυγὰς
780 5141 1035 5218 βασιλεὺς
1067 5145 1144 5209 είς
1174 5145 1296 5219 ὄψιν
1355 5151 1436 5219 τῷ
1495 5147 1772 5223 μαρκεσίῳ
1802 5146 1976 5213 ἐλθὼν

319 5227 483 5300 ἃρτου
544 5237 816 5309 μετρητοῢ
864 5235 954 5289 καί
1014 5236 1256 5308 κοτύλης
1329 5237 1670 5312 κεράσματος
1726 5240 1794 5293 τά
1877 5245 1979 5308 τῆς

323 5315 600 5391 βασιλείας
642 5322 1069 5381 ἀπαλλάττεται
1100 5321 1375 5400 σύμϐολα,
1406 5327 1493 5382 καὶ
1556 5327 1631 5389 εἷς
1662 5331 1849 5402 χῶρον
1908 5331 1977 5401 τῇ

316 5404 491 5493 τύχῃ
535 5411 854 5487 φερώνυμον
915 5413 1215 5490 (Ἃλμυρὸς
1281 5417 1309 5471 6
1367 5420 1555 5492 χῶρος
1602 5415 1979 5493 κικλήσκεται)

318 5493 417 5557 τὶς
478 5492 755 5572 διατριϐὰς
810 5502 1049 5560 τελέσων
1119 5504 1451 5579 ἐκπέμπεται
1511 5505 1604 5561 σὺν
1660 5506 1980 5587 Εὐφροσᾶνῃ

314 5587 388 5657 τῇ
433 5584 762 5658 ὁμευνέτιδι.
794 5594 861 5648 Οἱ
925 5598 1003 5666 τῷ
1036 5595 1258 5670 βασιλεῖ
1312 5594 1494 5650 τοίνυν
1552 5584 1980 5672 συναποδράντες

316 5671 597 5750 Ῥωμαῖοι
638 5678 795 5751 (ἦσαν
830 5677 887 5736 δὲ
932 5687 1143 5740 τούτων
1202 5685 1256 5741 oi
1312 5685 1540 5748 πλείους
1599 5671 1865 5760 ἐπίσημοι
1916 5689 1980 5744 τὸ

312 5765 473 5840 γένος
503 5767 589 5823 καὶ
623 5767 722 5824 οὐκ
754 5765 936 5842 ἄδοξοι
968 5774 1033 5829 τὰ
1063 5774 1198 5850 πρὸς
1256 5774 1528 5851 πόλεμον,
1560 5774 1652 5830 καὶ
1717 5774 1983 5853 πατρίδας

2151 4433 2304 4489 808
2343 4433 2424 4487 18.
2460 4435 2547 4488 Ita
2600 4432 2997 4489 Romanorum
3053 4431 3254 4487 Asiani
3304 4436 3360 4487 et
3409 4430 3744 4487 Occidenta-

2080 4521 2162 4577 les
2197 4523 2343 4578 tines
2371 4538 2598 4588 omnes,
2631 4522 2891 4577 nondum
2920 4523 3147 4593 integro
3190 4537 3342 4576 anno
3390 4522 3614 4593 elapso,
3646 4525 3748 4575 La-

2084 4613 2343 4667 tinarum
2377 4612 2641 4684 gentium
2671 4612 2856 4667 armis
2905 4610 3192 4666 serviliter
3251 4610 3570 4665 cessissent
3601 4608 3743 4680 (jam

2084 4701 2240 4757 enim
2264 4702 2606 4773 designatus
2630 4700 2949 4772 imperator
2967 4698 3479 4755 Balduinusetiam
3496 4698 3746 4753 Nicaeam

2086 4795 2145 4846 et
2183 4790 2427 4846 Prusam
2459 4805 2794 4860 oppugnare
2851 4789 3228 4857 instituerat),
3265 4788 3376 4842 nisi
3436 4786 3746 4856 Dominus,

2089 4880 2188 4952 qui
2215 4879 2461 4943 consilia
2519 4879 2685 4934 irrita
2742 4879 2877 4935 facit
2933 4883 2992 4932 et
3020 4886 3220 4947 gentes
3253 4877 3386 4932 belli
3447 4878 3745 4932 studiosus

2088 4969 2359 5042 dissipat,
2390 4969 2576 5025 nostri
2607 4969 3009 5031 defensionem
3034 4967 3158 5036 jam
3192 4984 3433 5039 prorsus
3470 4966 3745 5022 deﬁcien-

2088 5060 2232 5115 tium
2259 5059 2793 5130 suscepisset.Nam
2828 5058 3111 5131 profugus
3134 5058 3453 5129 imperator
3483 5058 3557 5115 ad
3589 5075 3747 5114 mar-

2088 5147 2357 5204 chionem
2383 5149 2677 5219 profectus
2709 5147 2876 5220 panis
2915 5155 2969 5202 et
3026 5147 3146 5203 vini
3189 5148 3465 5203 demenso
3514 5148 3746 5219 imperii

2089 5236 2344 5309 insignia
2371 5242 2718 5303 commutat,
2775 5252 2909 5292 cum
2971 5236 3357 5307 Euphrosyna
3407 5239 3654 5309 conjuge
3686 5239 3745 5292 in

2087 5327 2286 5383 locum
2314 5328 2552 5382 nomine
2586 5326 2927 5399 Halmyrum
2959 5325 3092 5395 (hoc
3138 5332 3226 5382 est
3281 5325 3749 5399 salsuginosum)

2092 5418 2332 5472 fortuna:
2389 5433 2510 5472 sua;
2569 5416 3017 5488 respondentem
3103 5415 3433 5471 habitatum
3505 5415 3746 5471 missus.

2091 5508 2332 5565 Romani
2363 5515 2557 5566 autem
2617 5508 2716 5581 qui
2774 5525 2904 5564 cum
2969 5508 3747 5580 imperatore-aufugerunt,

2090 5615 2340 5670 quorum
2391 5598 2655 5671 plerique
2705 5598 2949 5661 nobiles,
3009 5597 3160 5653 bello
3231 5615 3347 5654 non
3407 5597 3641 5653 obscuri
3690 5601 3751 5652 et

2091 5690 2360 5747 Thraciis
2393 5690 2636 5746 urbibus
2667 5689 2781 5745 orti
2814 5694 3143 5761 erant,cum
3167 5688 3510 5745 marchione
3543 5689 3751 5758 degere

2090 5782 2259 5854 eique
2292 5797 2395 5856 pro
2423 5779 2574 5838 virili
2623 5796 2859 5858 operam
2914 5794 3127 5839 navare
3178 5778 3509 5838 voluerunt.
3558 5777 3644 5835 Ab
3680 5791 3749 5835 eo
