4074 6406
339 331 460 402 999

1631 329 1937 391 NIClaTAS
1991 330 2424 396 CllONlATM

3615 345 3777 407 1000

338 480 472 523 vero
494 465 725 522 dimissi
745 466 1019 538 (negabat
1038 464 1195 522 enim
1214 464 1329 522 sibi
1379 465 1662 522 Romanis
1705 465 1977 522 militibu:

2104 465 2202 532 τὰς
2229 467 2282 524 ἐν
2311 469 2492 546 Θρᾴκῃ
2537 469 2730 536 πόλεις
2760 473 3085 549 αὐχοῦντες)
3116 471 3316 545 ἢθελὸν
3384 481 3620 532 συνεῖναι
3673 478 3774 534 καὶ

339 571 466 612 esse
481 558 674 626 Opus).
697 555 894 611 eadem
919 555 991 610 dc
1016 572 1076 610 re
1099 555 1141 610 Β
1159 555 1384 610 ιΙᾶυὶηο
1402 555 1739 625 imperatori
1765 553 1993 626 suppli-

339 652 570 702 carunt.
605 645 684 700 [bi
717 662 950 717 quoque
979 645 1266 714 repulsam
1297 660 1430 699 cum
1462 644 1757 709 tulissent,
1793 645 1862 700 ad
1892 643 1994 700 Jo-

2105 556 2259 614 οὗτοι
2290 564 2370 632 τῷ
2403 563 2680 636 μαρκεσίῳ
2728 565 2819 618 καὶ
2868 563 2934 619 τὰ
2993 561 3194 619 δυνατᾶ
3253 564 3566 641 ὑπουργεῖνο
3631 568 3660 622 6
3700 565 3728 624 δ

2107 649 2183 720 μή
2245 649 2438 728 χρείαν
2503 650 2742 730 φάμενος
2828 647 2975 728 ἔχειν
3035 654 3326 728 Ῥωμαίων
3414 662 3769 731 στρατιωτῶν

339 753 553 793 annem
583 753 644 790 se
675 739 1000 804 conferunt,
1030 735 1133 806 qui
1162 735 1222 789 in
1255 739 1454 790 monte
1483 735 1682 790 Haemo
1729 739 1903 789 natus
1933 739 1977 788 e1

2103 733 2276 800 οὕτως
2333 739 2528 802 αὐτοὺς
2585 740 2970 818 ἀπεπέμψατο.
3029 747 3115 816 Τῷ
3203 741 3425 818 βασιλεῖ
3483 744 3530 799 δ’
3579 743 3772 802 ἔπειτα.

336 827 620 882 educatus
663 824 778 879 fere
833 839 1070 879 omnem
1128 823 1450 879 Romanam
1511 824 1814 893 ditionem,
1875 839 1977 894 qua

2103 833 2419 912 Βαλδουίνῳ
2475 841 2598 916 περὶ
2657 845 2756 896 τοῦ
2821 839 3227 918 προσδεχθῆναί
3285 844 3338 898 οἱ
3416 846 3767 918 προτείνουσι

337 916 711 972 Occidentem
769 917 1012 986 spectat,
1073 912 1239 969 bellis
1288 914 1553 970 vastabat
1619 917 1680 971 et
1736 913 1989 986 dclebat,

337 1005 626 1077 Scythicis
650 1003 1089 1060 incursionibus
1110 1005 1434 1065 desolabat.
1466 1010 1524 1059 et
1549 1005 1861 1077 multiplici
1895 1022 1988 1062 ve-

335 1099 564 1152 xatione
594 1095 958 1150 conterebat.
994 1095 1048 1149 ls
1079 1094 1218 1166 quia
1277 1095 1430 1150 809
1467 1096 1805 1151 Latinorum
1839 1096 1990 1151 fero-

338 1186 489 1241 ciam
524 1187 857 1257 suspectam
885 1182 1473 1254 babebateorumque
1496 1184 1724 1240 hastam
1742 1183 1989 1238 utilem-

338 1289 526 1330 mearn
561 1273 917 1344 rompbaaam
954 1272 1392 1338 rol'ormidubat,
1427 1271 1678 1327 libenter
1719 1289 1818 1327 eos
1851 1289 1984 1328 sus-

335 1365 505 1436 cepit.
538 1364 662 1428 Qua
687 1363 756 1417 de
773 1378 1094 1417 causacum
1114 1361 1416 1432 legatosde
1445 1360 1702 1416 amicitia
1733 1361 1988 1418 ineunda

331 1454 402 1510 ad
438 1453 670 1508 Latinos
702 1451 984 1517 misisset,
1047 1467 1147 1522 per
1201 1450 1419 1506 litteras
1475 1467 1610 1506 cum
1659 1450 1742 1506 eis
1773 1468 1884 1507 non
1922 1457 1986 1506 ut

333 1561 433 1601 rex
463 1561 596 1600 cum
628 1541 856 1607 amicis,
891 1542 992 1598 sed
1050 1547 1114 1596 ut
1165 1557 1368 1596 servus
1413 1557 1547 1596 cum
1588 1539 1842 1597 dominis
1873 1539 1987 1596 col-

329 1633 864 1705 loquijubebatur:
917 1630 1136 1702 alioqui
1186 1647 1249 1686 se
1309 1647 1473 1687 arma
1519 1629 1604 1685 illi
1636 1629 1899 1686 illaturos
1927 1635 1986 1686 et

330 1722 575 1796 Mysiam
608 1720 775 1777 facile
805 1723 1152 1790 vastaturos,
1180 1736 1358 1792 quam
1389 1725 1594 1776 contra
1632 1718 1892 1775 officium
1926 1722 1984 1776 et

330 1830 432 1888 per
452 1811 799 1869 seditionem
832 1812 1042 1883 spretis
1076 1811 1357 1867 Romanis
1415 1814 1782 1882 occupasset,
1815 1825 1982 1865 eum-

333 1919 446 1976 que
485 1903 554 1957 ad
600 1901 904 1973 pristinam
965 1900 1255 1957 fortunam
1313 1900 1674 1957 redacturos.
1733 1899 1982 1956 Proinde

331 1992 626 2048 Romanus
649 1992 717 2046 ad
738 2007 799 2046 se
827 1991 1106 2063 profugos
1129 1990 1388 2045 Joannes
1409 1989 1468 2044 in
1503 1990 1746 2060 patriam
1777 2005 1982 2061 quem-

327 2099 439 2156 que
457 2096 620 2138 suam
639 2081 1001 2150 abirejubet,
1034 2090 1092 2136 et
1111 2078 1339 2136 callidis
1375 2077 1852 2151 aggressionibus
1875 2082 1980 2136 La-

326 2173 470 2230 tinis
503 2187 707 2229 nocere
743 2175 1032 2243 quantum
1066 2169 1518 2242 possint.donec
1567 2169 1693 2240 ipse
1732 2169 1983 2226 fortunis

325 2263 561 2319 illorum
587 2261 882 2317 consulat.
917 2260 1100 2330 Igitur
1127 2259 1202 2314 ad
1222 2275 1326 2316 sua
1349 2275 1562 2316 reversi
1597 2259 1978 2315 Macedonum

325 2357 381 2408 et
409 2352 700 2408 Thracum
734 2351 935 2416 urbes,
967 2349 1199 2406 Blacbis
1253 2351 1679 2420 adjutantibue,
1715 2349 1785 2404 ad
1818 2350 1979 2404 defe-

327 2442 579 2498 ctionem
615 2438 945 2511 impellunt.
980 2437 1146 2495 Unde
1176 2437 1414 2510 plurimi
1448 2437 1815 2507 Latinorum,
1846 2439 1974 2510 qui-

323 2528 437 2586 bus
454 2546 532 2586 eae
553 2531 727 2585 urbes
749 2527 1491 2600 obvenerant.jugu|antur,
1509 2527 1604 2582 alii
1637 2529 1976 2600 Byzantium

324 2625 584 2676 extorres
599 2619 867 2674 redeunt.
901 2618 1260 2674 Occiduntur
1283 2624 1340 2673 et
1388 2619 1427 2672 ii
1459 2619 1556 2690 qui
1587 2618 1978 2690 Didymotichi

320 2716 525 2768 erant:
555 2718 608 2766 et
641 2711 740 2782 qui
773 2709 1136 2766 Orestiadem
1165 2709 1459 2780 tenebant,
1523 2709 1857 2781 ejiciunlur.
1919 2710 1978 2765 Id

319 2800 550 2857 facinus
570 2800 856 2856 Orientem
883 2801 1227 2856 Latinorum
1251 2799 1404 2856 bello
1457 2805 1660 2871 praeter
1689 2803 1984 2870 exspecta-

320 2891 538 2946 tionem
569 2889 800 2960 liberat,
841 2891 912 2944 ad
965 2888 1334 2945 Occidentem
1373 2888 1788 2955 redeuntium;
1821 2887 1980 2944 810

320 2988 372 3036 et
395 2995 494 3036 eos
522 2979 700 3035 etiam
735 2978 832 3049 qui
859 2977 1138 3034 Graeciam
1189 2983 1248 3033 et
1302 2977 1764 3048 Peloponnesum
1807 2991 1979 3031 occu-

329 3073 556 3142 parant,
589 3083 855 3139 repressa
878 3067 1157 3139 superbia
1180 3065 1350 3137 paulo
1404 3065 1789 3122 modestiores
1819 3064 1978 3119 facit.

329 3162 395 3218 Et
425 3165 584 3217 utea
615 3175 743 3230 quae
801 3157 938 3212 hinc
991 3156 1326 3212 acciderunt
1376 3157 1580 3211 ordine
1630 3157 1972 3218 referamus,

2099 921 2305 997 δέησιν.
2380 935 2454 991 Ως
2503 927 2550 984 δ’
2579 930 2738 1000 ἦσαν,
2780 931 2809 987 ὃ
2843 953 2994 1011 φασι,
3053 931 3142 987 καὶ
3200 932 3368 988 πάλιν
3402 953 3562 1002 κενην
3597 933 3761 1008 ᾅδον-

2095 1037 2206 1086 τες,
2237 1021 2316 1090 τῷ
2340 1019 2566 1094 Ἰωάννῃ
2599 1021 2928 1096 προσῄεσαν,
2987 1021 3046 1084 ’ὸς
3102 1023 3326 1097 τραφεὶς
3369 1022 3423 1078 ἐν
3471 1029 3552 1096 τῷ
3607 1025 3766 1102 Αῗμφ

2095 1105 2188 1160 καὶ
2217 1107 2493 1182 γεννηθεὶς
2537 1115 2737 1183 μικροῦ
2767 1116 2939 1166 πᾶσαν
2999 1113 3104 1167 ὑπὸ
3141 1112 3460 1186 Ῥωμαίους
3509 1113 3756 1192 ἑσπέριον

2097 1203 2440 1280 ἐπικράτειαν
2496 1203 2765 1282 διέφθειρε
2829 1207 2918 1264 καὶ
3001 1210 3232 1280 ἠφάνισε
3285 1211 3562 1289 πολέμοις
3618 1215 3747 1271 ἀπο-

2098 1292 2334 1368 λικμῶν,
2391 1298 2682 1358 Σκυθικαῖς
2736 1294 2951 1374 ἐφόδοις
3002 1297 3280 1374 ἐξερημῶν
3329 1303 3421 1358 καὶ
3481 1303 3754 1379 πολυτρό-

2094 1403 2221 1446 ποις
2270 1379 2535 1459 ἐκτρίϐων
2595 1388 2916 1444 κακώσεσιν.
2985 1389 3048 1446 Ὀ
3095 1386 3154 1444 δέ
3204 1391 3432 1456 τούτους
3510 1393 3760 1467 ἀσμένως

2093 1470 2477 1550 προσδέχεται·
2505 1477 2570 1544 ἦν
2607 1477 2707 1552 γὰρ
2746 1477 2808 1532 τὸ
2853 1478 3099 1533 Λατίνων
3155 1479 3440 1563 ἀγέρωχον
3495 1485 3756 1562 φρόνημα

2097 1563 2450 1640 ὑφορώμενος
2514 1565 2604 1619 καὶ
2671 1566 2771 1634 τήν
2831 1567 3040 1623 τοῦτων
3083 1567 3298 1646 λόγχην
3347 1573 3421 1634 ὡς
3475 1572 3749 1650 φλογίνην

2094 1660 2368 1738 ῥομφαίαν
2465 1658 2942 1738 ὒποϐλεπόμενος,
3003 1666 3123 1722 ἐπεὶ
3204 1668 3290 1724 καῖ
3349 1669 3470 1745 περὶ
3554 1669 3746 1744 φιλίας

2095 1747 2312 1814 στείλας
2344 1747 2567 1819 πρέσϐει
2616 1753 2724 1828 οὐχ
2783 1755 2858 1817 ὡς
2919 1754 3178 1830 βασιλεὺς
3235 1757 3438 1838 φίλοις,
3487 1758 3612 1814 ἀλλ’
3671 1759 3756 1821 ὡς

2011 1844 2060 1911 Β
2093 1839 2368 1915 ὑπηρέτης
2403 1837 2688 1904 δεσπόταις
2721 1842 3216 1922 προσδιαλέγεσθαι
3249 1837 3450 1924 σφίσιν
3515 1849 3566 1902 ἐν
3624 1851 3752 1907 τοῖς

2089 1929 2226 2006 πρὸς
2253 1929 2454 1993 αὐτοὺς
2484 1930 2799 1988 ἐπετάττετο
2844 1935 3188 2011 γράμμασιν,
3258 1935 3296 2006 ἤ
3360 1939 3469 2012 μὴν
3518 1933 3756 1992 ἀπεκδέ-

2090 2024 2282 2096 χεσθαι
2313 2027 2448 2101 σφᾶς
2499 2027 2622 2081 κατ’
2675 2025 2842 2080 αὑτοῦ
2895 2026 2962 2080 τὰ
3023 2025 3170 2082 ὃπλα
3237 2029 3603 2104 βαστάζοντας
3655 2027 3754 2082 καὶ

2085 2121 2366 2193 κείροντας
2405 2128 2521 2176 κατ’
2573 2121 2846 2178 εὐπέτειαν
2894 2125 2996 2194 τὴν
3051 2124 3286 2198 Μυσίαν,
3346 2126 3414 2196 ἢν
3480 2128 3556 2200 μὴ
3625 2123 3750 2180 δέον

2085 2215 2390 2285 καρποῦται
2457 2215 2575 2274 τοῖς
2625 2211 2836 2284 κυρίοις
2897 2212 3198 2285 Ῥωμαίοις
3264 2214 3583 2284 ἐπαναστᾶς,
3651 2215 3756 2272 κᾶ-

2085 2305 2263 2356 κεῖνον
2291 2299 2370 2360 είς
2417 2301 2518 2370 τήν
2573 2299 2840 2377 προτέραν
2896 2301 3072 2377 τύχην
3134 2301 3558 2367 ἐπαναλόοντας.
3619 2312 3755 2361 Δια-

2086 2389 2242 2468 φίησι
2272 2389 2448 2444 τοίνυν
2482 2389 2556 2452 εἷς
2615 2393 2710 2452 τὰς
2761 2389 3025 2465 πατρίδας
3085 2391 3353 2448 ἐπανιέναι
3406 2395 3536 2456 τοὺς
3605 2393 3754 2467 ἐπη-

2088 2477 2256 2544 λυδας
2311 2479 2458 2551 αὐτῷ
2487 2479 2796 2554 Ῥωμαίους
2839 2482 2867 2536 6
2931 2481 3211 2552 Ἰωάννης,
3252 2482 3341 2537 καὶ
3387 2479 3515 2556 δρᾷν
3573 2485 3605 2538 6'
3657 2483 3758 2539 δύο

2083 2591 2269 2626 νανται
2299 2570 2462 2626 κακὸν
2493 2569 2621 2633 τοὺς
2655 2570 2914 2634 Λατίνους
2977 2573 3092 2645 μετ’
3151 2569 3454 2645 εὐμεθόδων
3499 2576 3584 2648 [Ρ.
3619 2577 3756 2650 393]

2080 2673 2188 2725 τῶν
2218 2667 2608 2745 ἐγχειρήσεων,
2647 2665 2752 2733 ἕως
2803 2671 2870 2726 τὰ
2923 2671 3040 2726 κατ’
3071 2670 3266 2734 αὐτοὺς
3324 2670 3411 2726 ἐπὶ
3468 2673 3530 2728 τὸ
3560 2678 3750 2748 κρεῖτ-

2082 2780 2174 2814 τον
2205 2758 2408 2822 ἐκεῖνος
2442 2755 2707 2824 διάθοιτο.
2743 2760 3104 2829 Ἐπανηκότες
3164 2760 3259 2815 οὖν
3317 2757 3370 2823 ἐς
3399 2761 3466 2817 τὰ
3514 2764 3749 2840 σφέτερα

2082 2848 2177 2911 τὰς
2207 2853 2318 2904 τῶν
2369 2853 2592 2924 Θρᾳκῶν
2632 2847 2723 2904 καὶ
2762 2847 3088 2906 Μακεδόνων
3145 2848 3338 2912 πόλεις
3396 2847 3752 2928 διαφιστῶσι,

2086 2939 2494 3013 συναιρομένων
2553 2937 2722 3018 σφίσι·
2758 2943 2866 2994 τῶν
2921 2938 3183 3016 Βλάχων.
3273 2939 3530 2996 Πλεῖστοι
3607 2947 3745 3017 γοῦν

2085 3025 2324 3083 ἐντεῦθεν
2351 3030 2460 3082 τῶν
2515 3027 2610 3089 τὰς
2637 3026 2832 3092 πόλεις
2896 3025 3333 3104 διανειμαμένων
3393 3031 3638 3095 Λατίνους
3692 3031 3750 3096 ἐς

2084 3126 2217 3181 αὐτὸ
2249 3129 2570 3198 ζημιοῦνται
2603 3124 2665 3179 τὸ
2700 3128 2818 3198 ζῇν,
2873 3126 2924 3180 οἱ
2965 3113 3022 3182 δὲ
3077 3126 3312 3206 φυγάδες
3375 3129 3426 3194 ἐς
3457 3131 3748 3202 Βυζάντιον

608 3211 1173 3317 duivAdrianOpolim
1203 3249 1261 3301 et
1312 3243 1780 3317 Dtdymoticbum
1813 3211 1976 3299 tene;

2087 3213 2461 3284 ἐπανήκουσιν.
2497 3211 2672 3270 Ἀλλὰ
2709 3215 2797 3268 καὶ
2859 3215 2911 3270 οἱ
2969 3215 3024 3270 ἐν
3084 3213 3476 3296 Διδυμοτοίχφ
3533 3217 3738 3292 διαχει-

325 3341 482 3402 bnnt,
518 3353 632 3393 non
659 3337 853 3407 parvis
875 3334 1220 3390 Blachorum
1244 3333 1376 3389 freti
1403 3333 1636 3388 auxiliis
1660 3332 1740 3388 ibi
1774 3348 1980 3388 mane-

324 3429 484 3484 bant.
517 3427 772 3483 Joannes
787 3442 945 3492 vero,
975 3426 1075 3496 qui
1103 3442 1238 3481 suas
1262 3423 1462 3496 copias
1521 3429 1578 3480 et
1607 3424 1820 3479 auxilia
1847 3427 1980 3496 Scy'

325 3519 558 3576 tharum
593 3533 740 3590 pene
769 3516 996 3587 majora
1025 3531 1271 3572 numero
1331 3516 1680 3583 adducebat,
1737 3531 1976 3587 operam

325 3607 499 3664 dabat
522 3613 585 3663 ut
605 3605 832 3662 Latinos
859 3605 1080 3662 lateret.
1107 3603 1182 3661 Ut
1203 3610 1398 3661 autem
1438 3613 1666 3661 motum
1689 3605 1976 3661 Romano-

323 3714 446 3752 rum
478 3695 797 3752 Balduiuus
859 3699 918 3752 et
975 3693 1184 3766 reliqui
1244 3700 1363 3750 tres
1417 3695 1594 3751 duces
1623 3695 1977 3751 audiverunt

317 3789 481 3857 (nam
514 3801 707 3842 comes
735 3785 914 3842 sancti
967 3785 1131 3842 Pauli
1189 3785 1503 3840 defunctus
1561 3783 1621 3839 in
1665 3784 1976 3856 Manganio

321 3876 676 3934 monasterio
693 3881 749 3932 et
769 3874 1066 3932 Solemnis
1087 3877 1361 3947 Augustar
1386 3873 1748 3930 monimento
1773 3873 1972 3945 sepul-

321 3971 418 4022 tus
439 3971 604 4033 erat),
638 3965 838 4022 statim
895 3965 1210 4020 exercitum
1271 3961 1512 4018 mittunt
1558 3967 1760 4018 contra
1797 3963 1971 4019 urbes

319 4071 452 4127 qum
483 4056 834 4110 defecerant.
867 4055 945 4110 Ac
977 4051 1145 4124 Byzia
1173 4051 1410 4124 quidem
1470 4059 1528 4108 et
1568 4050 1817 4107 Zurulus
1850 4058 1972 4108 sta-

317 4145 426 4201 tim
451 4145 562 4201 sub
596 4145 810 4216 jugum
853 4143 1172 4199 redierunt.
1233 4139 1662 4213 ArcadiOpolim
1718 4156 1854 4198 vero
1889 4140 1972 4198 lo-

318 4233 651 4306 cupletibus
674 4239 731 4288 et
752 4231 1056 4288 nobilibus
1073 4230 1297 4286 civibus
1317 4246 1560 4286 vacuam
1589 4229 1698 4286 soli
1724 4229 1970 4286 Romani

318 4330 492 4379 noctu
523 4322 802 4394 ingressi,
858 4321 1070 4392 quibus
1129 4321 1269 4376 urbs
1299 4336 1368 4375 ea
1422 4322 1606 4392 patria
1642 4324 1786 4388 erat,
1819 4325 1973 4377 tene-

315 4411 483 4478 bant,
513 4411 752 4467 auxiliis
781 4411 954 4466 etiam
987 4411 1058 4464 ad
1089 4424 1218 4464 eam
1264 4411 1540 4465 tuendam
1597 4409 1868 4466 adductis
1915 4413 1972 4466 et

2087 3303 2348 3380 ρίζονται,
2391 3303 2482 3358 καὶ
2543 3303 2594 3358 οἱ
2653 3302 2702 3358 ἐν
2765 3302 3073 3376 Ὀρεστιάδι
3110 3308 3436 3379 μετανάσται
3479 3307 3737 3384 γίνονται.

2086 3393 2184 3448 Καὶ
2213 3397 2377 3449 τοῦτο
2406 3393 2469 3448 τὸ
2511 3387 2669 3468 ἔργον
2730 3391 3011 3469 ἐλευθεροῖ
3065 3395 3160 3469 μὶν
3212 3398 3314 3466 τήν
3372 3395 3448 3453 ’έω
3504 3396 3746 3454 Λατίνων

2083 3484 2229 3558 παρὰ
2304 3488 2476 3538 πᾶσαν
2538 3481 2784 3555 δόκησιν,
2866 3484 3247 3558 ἐπανηκόντων
3319 3485 3398 3552 εἲς
3480 3487 3571 3543 τὸν
3630 3487 3751 3542 καθ’

2081 3582 2343 3659 Ἑσπέραν
2391 3581 2663 3658 πόλεμον,
2722 3581 2972 3660 ἐκκρούει
3035 3581 3090 3639 δὲ
3138 3589 3236 3640 τοῦ
3293 3583 3422 3662 ἄγαν
3464 3587 3556 3642 καὶ
3608 3587 3752 3661 πρὸς

2087 3673 2268 3752 βραχὺ
2337 3673 2732 3751 μετριόφρονας
2789 3673 2972 3743 τίθησι
3028 3675 3156 3738 τοὺς
3211 3675 3582 3750 κατασχόντας
3647 3679 3752 3748 τήν

2079 3759 2323 3820 ,Ελλάδα
2351 3763 2444 3817 καὶ
2502 3761 2758 3824 Πέλοπος
2807 3758 3020 3842 ἔδαφος.
3088 3762 3185 3818 Καὶ
3241 3761 3335 3819 ⁸ίνα
3374 3766 3494 3820 καθ’
3553 3764 3750 3838 εἱρμὸν

2080 3857 2160 3926 τῷ
2191 3850 2370 3930 λέγειν
2425 3850 2656 3926 δοίημεν
2716 3847 2890 3908 ὁπόσα
2947 3851 3156 3910 ἐνθένδε
3209 3849 3544 3928 ξυμϐέϐηκε,
3603 3857 3747 3912 Ῥω·

2086 3954 2239 4023 μαῖοι
2295 3950 2392 4024 μὲν
2449 3950 2549 4020 τήν
2607 3947 2660 4020 ἐξ
2723 3947 3011 4025 Ἀδριανοῦ
3061 3952 3162 4020 τήν
3201 3949 3402 4021 κλῆσιν
3460 3951 3748 4028 λαχοῦσαν

2080 4038 2172 4092 καί
2247 4057 2310 4114 γε
2382 4037 2446 4094 τὸ
2501 4035 2906 4117 Διδυμότοιχον
2973 4043 3300 4115 κρατοῦντες
3359 4043 3500 4096 κατὰ
3554 4042 3748 4117 χώραν

2081 4125 2295 4201 ἔμενον,
2337 4127 2400 4182 οὐ
2453 4128 2652 4203 μικρὰν
2694 4127 2803 4183 ἀπὸ
2831 4132 2936 4184 τῶν
2976 4126 3214 4204 Βλάχων
3274 4129 3522 4206 σόναρσιν
3578 4129 3748 4212 ἔχον-

2076 4237 2188 4280 τες·
2229 4219 2258 4274 6
2299 4215 2357 4272 δὲ
2393 4238 2455 4294 γε
2486 4217 2743 4290 Ἰωάννης
2772 4219 2868 4280 τὰς
2929 4218 3136 4282 οἰκείας
3184 4220 3359 4291 τάξεις
3415 4223 3508 4276 καὶ
3562 4221 3626 4277 τὸ
3685 4220 3749 4278 ἐκ

2080 4311 2305 4371 Σκυθῶν
2348 4307 2636 4378 ἐπίκουρον
2670 4307 3028 4383 ἐπαγόμενος,
3091 4305 3220 4383 μηδ’
3278 4309 3500 4383 ἀριθμῷ
3549 4308 3749 4390 σχεδὸν

2081 4405 2411 4476 ὁποπῖπτον,
2444 4405 2736 4478 λεληθέναι
2766 4406 2834 4462 τὰ
2885 4405 3075 4464 πολλὰ
3101 4405 3230 4469 τοὺς
3279 4407 3541 4472 Λατίνους
3579 4408 3746 4474 ἐτίθει

313 4501 374 4557 in
410 4501 626 4558 mmnia
647 4499 1002 4556 distributis.
1027 4501 1172 4556 Cum
1197 4498 1532 4568 diluxisset,
1566 4499 1714 4556 811
1754 4500 1966 4566 Latini,

2085 4496 2168 4552 διὰ
2199 4495 2465 4567 σπουδῆς.
2497 4503 2582 4560 Ὦς
2637 4495 2688 4554 δ’
2726 4499 2844 4574 εἶχε
2900 4499 2999 4566 τήν
3056 4503 3165 4554 τῶν
3215 4499 3505 4573 Ῥωμαίων
3561 4499 3750 4556 ἐνωτι-

317 4595 610 4650 Romanos
634 4606 740 4647 nec
761 4589 946 4646 aciem
974 4587 1280 4645 militarem
1304 4587 1518 4644 habere
1566 4604 1671 4645 nec
1695 4587 1811 4645 ulla
1843 4588 1970 4646 bel-

2085 4586 2307 4658 σάμενος
2337 4585 2694 4642 ἐπανάστασιν
2727 4588 2757 4642 6'
2813 4607 2874 4643 τε
2931 4585 3193 4663 βασιλεὺς
3251 4587 3593 4653 Βαλδουῖνος
3649 4591 3744 4646 καὶ

315 4681 425 4739 lica
445 4681 758 4753 disciplina
777 4678 884 4749 uti,
901 4683 1079 4750 atque
1105 4677 1247 4733 adeo
1267 4694 1371 4732 nec
1393 4679 1536 4733 satis
1553 4683 1811 4734 armatos
1837 4695 1968 4734 esse

313 4771 738 4846 conspicati,ad
761 4783 1014 4842 pugnam
1045 4783 1104 4824 se
1135 4771 1441 4840 pararunt,
1459 4767 1688 4839 longius
1719 4767 1966 4839 digressi

312 4880 346 4920 a
389 4863 702 4920 moenibus.
759 4861 900 4916 Eam
961 4857 1290 4914 Latinorum
1334 4857 1660 4912 cautionem
1722 4856 1967 4914 Romani

312 4952 612 5008 timiditati
643 4951 996 5014 tribuentes,
1055 4946 1238 5019 portis
1293 4945 1462 5002 etfusi
1519 4949 1576 5000 et
1619 4951 1838 5002 temere
1878 4949 1965 5003 in-

312 5039 482 5108 vecti,
517 5039 690 5112 paulo
721 5045 853 5112 post
901 5039 962 5094 in
1012 5037 1211 5110 fugam
1278 5038 1610 5090 vertuntur.
1641 5035 1720 5090 Ac
1750 5051 1816 5091 eo
1875 5037 1969 5093 die

309 5129 648 5187 miserabile
698 5133 756 5184 et
807 5134 970 5184 atrox
1025 5123 1425 5200 spectaculum
1483 5124 1698 5180 editur.
1734 5124 1968 5184 Nemini

310 5219 602 5293 parcitur,
631 5218 938 5273 caeduntur
967 5233 1195 5285 omnes,
1260 5213 1537 5285 insepulti
1582 5214 1966 5286 abjiciuntur,

309 5309 603 5382 sanguine
627 5307 952 5380 pinguescit
967 5306 1202 5364 humus.
1229 5303 1362 5362 Haec
1412 5319 1720 5377 precursor
1747 5309 1967 5366 exerci-

2077 4677 2112 4745 ἡ
2143 4680 2253 4731 τῶν
2286 4675 2473 4732 ἄλλων
2506 4677 2775 4753 ἀρχηγῶν
2803 4679 3020 4752 τριττὺς
3055 4679 3107 4752 (ὁ
3150 4678 3254 4755 γὰρ
3309 4675 3377 4748 δὴ
3407 4681 3594 4754 κόμης
3643 4683 3742 4735 τοῦ

2077 4765 2232 4842 ἁγίου
2291 4764 2512 4822 Παύλου
2603 4767 2921 4842 ἀπεγεγόνει
3011 4768 3246 4841 θανάτῳ,
3315 4769 3407 4823 καὶ
3482 4770 3738 4834 τέθαπται

2076 4863 2212 4918 κατᾶ
2242 4863 2345 4932 τὴν
2379 4865 2554 4937 μονὴν
2603 4867 2712 4918 τῶν
2771 4863 3072 4940 Μαγγάνων
3131 4861 3184 4918 ἐν
3224 4885 3308 4938 τῳ
3335 4872 3440 4935 τῆς
3471 4861 3734 4929 σεϐαστῆς

2075 4959 2175 5022 τῆς
2200 4951 2554 5027 Σκληραίνης
2612 4955 2906 5026 μνήματι),
2953 4951 3016 5009 ἐκ
3075 4953 3170 5028 μὶν
3228 4959 3328 5010 τοῦ
3357 4953 3545 5010 αὐτίκα
3573 4951 3723 5006 στέλ·

2078 5041 2231 5098 λεται
2290 5043 2516 5115 στρατιὰ
2561 5044 2658 5106 τὰς
2703 5041 2897 5106 πόλεις
2953 5042 3386 5118 μετελευσομένη
3443 5042 3535 5103 τὰς
3591 5039 3722 5094 ἀπο-

2079 5132 2296 5194 στάσας.
2339 5130 2510 5202 Βιζόη
2547 5131 2642 5208 μὲν
2695 5133 2784 5188 οἷν
2819 5131 2908 5187 καὶ
2952 5131 3305 5209 Τζουρουλὸς
3351 5127 3724 5200 ἐπανήλθοσαν

2076 5221 2166 5277 καὶ
2200 5221 2276 5284 ὡς
2321 5221 2516 5295 πρώην
2572 5222 2894 5278 ὖπέκυπτον·
2944 5224 3044 5294 τήν
3106 5221 3164 5278 δὶ
3203 5222 3548 5280 πολισθεῖσαν
3601 5221 3735 5294 Ἀρ·

2076 5310 2250 5387 καδίῳ
2303 5313 2418 5388 (³10)
2476 5317 2803 5378 κενωθεῖσαν
2865 5313 3020 5391 εὖρον
3081 5319 3180 5372 τοῦ
3253 5314 3307 5371 ἐν
3359 5311 3586 5386 πλούτῳ
3646 5311 3738 5366 καὶ

1705 5409 1874 5472 Hier.
1909 5413 2127 5477 Wolﬁi
2157 5422 2346 5478 notas.

384 5515 501 5588 (70)
531 5513 642 5580 Τὴν
700 5509 760 5570 δὲ
814 5511 1166 5588 πολισθεῖσαν
1224 5509 1660 5588 ’ΛρκαδίῳρΕχ
1717 5515 1810 5588 his
1839 5534 1964 5576 ver-

307 5587 401 5644 bis
435 5602 551 5658 non
583 5589 726 5658 satis
756 5587 1106 5658 intelligitur
1137 5595 1332 5642 utrum
1368 5587 1558 5642 Latini
1612 5603 1685 5642 an
1720 5587 1964 5648 Romani

306 5656 742 5727 Arcadiopolim
799 5656 1116 5719 tenuerint.
1145 5658 1421 5716 Vetustas
1451 5658 1630 5717 codex
1676 5659 1766 5734 (Β)
1795 5662 1964 5735 μόνον

2077 5517 2137 5597 δὲ
2162 5552 2230 5565 --
2260 5521 2550 5597 φυλάττειν
2583 5521 2735 5581 αὐτό.
2767 5525 2912 5582 Hinc
2942 5529 3184 5596 apparet
3233 5523 3674 5597 Arcadiopolim
3709 5537 3744 5575 a

2076 5594 2352 5671 Romanis
2379 5599 2562 5671 fuisse
2583 5594 3112 5671 occupatam,eum
3148 5597 3316 5654 alteri
3375 5595 3741 5653 contrarium

2075 5667 2268 5726 dicere
2298 5669 2627 5728 videantur.
