4074 6404
238 381 389 443 1001
1680 373 1881 438 URBS
1925 374 1961 436 ί]

2070 376 2200 437 ’TA.
3524 373 3679 434 1002

241 510 370 586 δόξῃ
432 510 565 570 λεώ.
623 508 837 574 Νυκτὸς
889 506 935 564 δ’
989 507 1319 582 ἐπιθεμένων
1372 508 1523 584 σφίσι
1574 507 1889 579 Ῥωμαίων,
1922 513 1961 578 Α

2074 527 2101 565 s
2133 509 2289 567 fecit.
2324 511 2439 567 Nec
2474 510 2628 566 enim
2688 508 2936 565 ulterius
2994 507 3264 580 progredi
3322 522 3501 564 ausus
3574 510 3685 579 est,

239 603 326 663 οἷς
358 603 392 672 ἠ
420 599 585 663 πόλις
618 598 718 669 ἣδε
762 598 958 672 πατρὶς
1007 596 1098 653 καὶ
1151 597 1206 652 οἳ
1253 594 1655 666 συνεληλύθασι
1686 595 1901 657 τούτοις

2070 615 2141 654 ιω
2172 600 2418 657 Romani
2449 603 2507 656 et
2562 598 2760 655 Blaehi
2817 614 2950 654 cum
3005 597 3287 671 Scythicis
3350 596 3690 657 cohortibus

240 690 550 765 ἐπίκουροι,
605 694 826 763 πρῶτον
871 689 967 761 μὲν
1019 687 1303 763 ἡσύχασαν
1358 686 1409 742 ἐν
1451 684 1646 748 ὅπλοις
1677 685 1905 760 γενόμε-

2072 689 2418 759 rcumirent,
2450 688 2640 745 caeteri
2686 703 2819 744 vero
2873 685 3306 756 Adrianopolim
3380 700 3687 741 concurre-

242 801 328 834 νοι
381 778 472 833 καὶ
531 778 669 852 πρὸς
724 776 961 853 φρουρὰν
1012 777 1080 832 τὰ
1134 775 1298 850 τείχη
1332 772 1621 830 διείλοντο·
1659 775 1908 850 ὑποφαυ-

2070 784 2148 836 int
2179 787 2462 853 tanquam
2495 780 2555 837 in
2586 784 2811 836 certum
2873 777 3125 851 asylum.
3161 777 3489 849 Imperator
3544 792 3679 831 vero

250 866 419 937 σάσης
473 864 531 921 δὲ
581 873 680 934 τῆς
736 864 811 920 ’ὲω
862 865 1174 936 Ῥωμαίους
1241 863 1713 937 κατασκεψάμενοι
1769 863 1909 935 μήτε

2070 870 2344 926 tildUanB
2376 886 2578 926 mense
2610 868 2814 924 Martio
2844 866 3164 938 egreditur,
3195 869 3254 921 et
3302 866 3451 921 Pleze
3479 879 3679 921 comes

249 955 541 1030 παραταξει
595 955 735 1027 μήτε
777 953 885 1026 μὴν
950 950 1204 1025 μεθόδοις
1257 949 1582 1027 χρωμένους
1614 970 1912 1025 στρατηγι-

2070 957 2314 1026 oloicus,
2349 966 2402 1015 et
2434 962 2562 1031 post
2585 974 2684 1014 eos
2715 956 2921 1012 Ericus
2950 955 3281 1023 Dandulus,
3303 954 3681 1010 Venetiarum

248 1049 394 1112 καῖς,
453 1041 579 1097 ἀλλ’
648 1038 761 1096 οὐδ’
820 1040 874 1104 ἐς
929 1036 1209 1117 ἀκρίϐειαν
1270 1039 1670 1113 ὡπλισμένους,
1730 1059 1914 1095 συντε-

2070 1065 2164 1115 ux,
2197 1064 2332 1103 cum
2363 1048 2490 1103 suis
2521 1047 2772 1118 quisque
2802 1043 3154 1116 legionibus.
3210 1045 3279 1096 Et
3321 1041 3475 1098 vallo
3520 1047 3683 1099 extra

247 1134 524 1209 ταγμένην
578 1133 681 1200 τήν
742 1130 973 1204 δύναμιν
1032 1132 1108 1193 ὡς
1164 1131 1220 1193 ές
1283 1129 1470 1205 μάχην
1504 1128 1709 1206 ἐξάγειν
1742 1129 1914 1205 ἐγνώ-

2070 1136 2367 1207 ilijaclum
2401 1136 2473 1191 ad
2528 1132 2969 1203 Adrianopolim
3029 1130 3422 1201 communito,
3471 1131 3681 1202 postri-

251 1243 431 1279 κεσαν.
486 1222 577 1285 Ὧς
633 1219 681 1277 δ’
731 1220 994 1292 ἀπήντων
1061 1221 1175 1294 (71)
1233 1218 1417 1283 αὐτοῖς
1474 1220 1744 1293 Ῥωμαῖοι
1780 1218 1918 1291 μετὰ

2071 1226 2123 1281 ie
2144 1226 2342 1298 copias
2359 1227 2430 1281 ad
2464 1223 2677 1280 muenia
2696 1222 2998 1279 adducunt
3014 1227 3075 1279 et
3096 1220 3401 1276 machinas
3432 1220 3687 1291 erigunt.

251 1312 485 1386 θάρσους
542 1314 664 1372 τοῖς
722 1310 967 1384 τείχεσιν
1037 1307 1496 1384 ἐπεγχρίπτοντες
1560 1307 1758 1383 (ᾤοντο
1814 1307 1918 1383 γὰρ

2070 1314 2281 1372 irbanis
2313 1318 2510 1371 autem
2541 1318 2779 1370 strenue
2809 1327 2872 1368 se
2896 1309 3353 1367 defendentihus
3398 1325 3503 1380 per
3530 1309 3687 1364 812

258 1397 466 1456 δειλίαν
549 1399 647 1467 τὴν
731 1402 839 1454 τῶν
902 1396 1143 1453 Λατίνων
1211 1396 1552 1476 ἀσφάλειαν),
1631 1394 1920 1476 διεκχέον-

2074 1404 2158 1462 ies
2186 1403 2517 1476 complures
2540 1418 2657 1459 nou
2688 1401 2847 1457 aliud
2879 1399 3262 1472 proficiebant
3293 1398 3405 1454 nisi
3447 1405 3510 1453 ut
3557 1397 3691 1453 telis

255 1510 349 1544 ται
406 1492 514 1543 τῶν
568 1485 760 1543 πυλῶν
819 1488 911 1542 καὶ
970 1508 1118 1564 σφισι
1160 1486 1592 1560 συμπλέκονται,
1649 1487 1741 1542 καὶ
1782 1488 1921 1561 πρὸς

2070 1497 2093 1548 t
2130 1496 2396 1564 peterent
2423 1499 2479 1548 et
2509 1495 2863 1562 peterentur.
2895 1492 3097 1560 Itaque
3144 1486 3358 1557 vineis,
3420 1484 3694 1541 multitu-

270 1577 467 1651 μικρὸν
535 1576 891 1653 ἀντισχόντες
955 1577 1230 1648 Ῥωμαῖοι
1293 1595 1609 1649 τρεπονται,
1674 1575 1764 1630 καὶ
1837 1574 1927 1650 γί-

2079 1581 2172 1637 ine
2202 1596 2512 1653 operarum
2569 1579 2698 1635 freti
2757 1577 3123 1648 longissime
3156 1575 3326 1643 actis,
3381 1577 3699 1646 egestaque

265 1686 410 1721 νεται
475 1671 576 1735 τῆς
636 1664 849 1740 ἡμέρας
919 1662 1129 1734 ἐκείνης
1195 1663 1431 1719 ἐλεεινὸν
1500 1663 1590 1719 καὶ
1658 1662 1929 1720 οἴκτιστον

2070 1669 2187 1727 lam
2206 1678 2358 1726 terra
2371 1674 2429 1726 et
2440 1668 2703 1726 cavernis
2715 1668 2898 1724 aridis
2916 1665 3095 1738 lignis
3109 1663 3383 1733 sut‘fultis,
3409 1664 3695 1720 manium

266 1755 463 1828 θέαμα·
504 1750 739 1826 μηδενὸς
768 1752 871 1829 γὰρ
916 1747 1174 1816 λαϐόντες
1216 1753 1268 1808 οἱ
1300 1758 1527 1809 Λατῖνοι
1565 1750 1758 1829 φειδὼ,
1792 1754 1930 1809 κατὰ

2070 1759 2425 1816 undamenta
2453 1757 2724 1815 hostibus
2756 1772 2869 1812 non
2903 1753 3514 1812 animadvertentibus
3536 1751 3699 1808 labe-

268 1843 328 1943 δξ
381 1842 596 1900 πάντων
652 1847 733 1915 τῷ
788 1842 924 1920 ξίφει
987 1845 1353 1918 χρησάμενοι,
1415 1845 1515 1912 τήν
1569 1850 1673 1919 γῆν
1717 1842 1932 1901 ἐπίαναν

2070 1853 2260 1906 actare
2289 1850 2666 1906 studuerunt.
2699 1848 2811 1903 Sed
2843 1850 2900 1903 et
2949 1844 3200 1901 Romani
3247 1849 3453 1901 contra
3491 1860 3561 1900 ea
3591 1859 3698 1915 pa-

269 1931 490 2007 αἵμασι,
543 1934 633 1988 καὶ
693 1935 802 1987 τῶν
866 1931 1138 1987 πεσόντων
1196 1930 1378 1994 οὐδεὶς
1437 1932 1586 1995 ὁσίας
1636 1935 1931 2008 τετύχηκε.

2070 1939 2411 2010 ἀὺοιιῑξίιιιω
2444 1937 2577 1993 urbi
2607 1940 2807 1993 essent
2836 1934 3143 1990 salutaria.
3175 1933 3292 1989 Nec
3338 1932 3543 1989 multis
3572 1932 3700 1988 die-

274 2022 447 2082 Ταυτὶ
504 2023 597 2096 μὲν
653 2022 747 2077 οὖν
796 2023 832 2093 ἡ
881 2022 1205 2098 προεξιοῦσα
1259 2019 1482 2098 δέδρακε
1530 2024 1775 2098 στρατιά·
1810 2022 1936 2078 οὐδὲ

2070 2044 2158 2083 ius
2191 2031 2324 2097 post
2376 2025 2635 2082 Joannes
2684 2028 2909 2095 partem
2963 2021 3223 2095 Scythici
3279 2021 3706 2077 exercitusim-

274 2116 375 2191 γὰρ
432 2114 736 2189 περαιτέρω
809 2119 1014 2190 χωρεῖν
1085 2111 1412 2190 τεθάῤῥηκε,
1473 2115 1765 2189 Ῥωμαίων
1838 2116 1932 2189 μὲν

2050 2120 2256 2189 petum
2288 2114 2474 2171 facere
2503 2115 2562 2169 in
2596 2112 2851 2186 pecudes
2866 2117 2924 2168 et
2940 2128 3124 2183 equos
3146 2110 3205 2166 in
3231 2109 3492 2166 herbidis
3517 2108 3705 2181 pratis

274 2202 366 2258 καὶ
400 2203 635 2278 Βλάχων
694 2203 828 2277 μετὰ
891 2203 1087 2278 μοίρας
1143 2204 1414 2272 Σκυθικῆς
1453 2203 1797 2279 περιιόντων,
1827 2207 1934 2259 τῶν

2074 2207 2213 2260 uxta
2246 2203 2587 2259 Latinorum
2616 2206 2803 2259 castra
2836 2205 3139 2272 pascentes
3162 2199 3353 2270 jubet,
3389 2202 3455 2254 ut
3494 2213 3563 2254 ea
3616 2214 3711 2253 ra-

282 2290 330 2347 δ’
361 2290 548 2348 ἄλλων
581 2297 688 2364 (72)
721 2291 773 2354 ἐς
818 2293 918 2362 τήν
969 2289 1260 2365 Ἀδριανοῦ
1309 2290 1723 2367 συνδραμόντων
1753 2293 1826 2355 ὡς
1861 2293 1936 2357 εἷς

281 2386 455 2451 σῶζον
499 2382 891 2456 κρησφύγετον.
948 2381 1101 2437 Κατὰ
1150 2378 1208 2436 δὲ
1258 2403 1321 2456 γε
1373 2388 1516 2456 μῆνα
1557 2384 1648 2438 τὸν
1696 2384 1939 2457 Μάρτιον

286 2465 479 2543 ἔξεισιν
535 2471 563 2524 6
608 2468 863 2545 βασιλεὺς
914 2467 1244 2532 Βακδουῖνος
1294 2471 1383 2525 καὶ
1442 2472 1472 2526 6
1535 2471 1714 2543 Πλέης
1756 2472 1938 2545 κόμης

294 2553 581 2631 Δολόϊκος,
645 2555 735 2613 ἐπὶ
794 2556 842 2613 δ’
897 2560 1085 2620 αὐτοῖς
1144 2560 1172 2613 6
1231 2556 1361 2631 δοὺξ
1418 2559 1665 2623 Βενετίας
1720 2561 1939 2636 Ἐρίκος

294 2643 622 2715 Δάνδουλος,
665 2646 801 2719 μετὰ
844 2651 953 2701 τῶν
1005 2647 1217 2703 οἶκείων
1261 2647 1487 2711 ἕκαστος
1517 2650 1739 2720 τάξεων.
1772 2649 1942 2724 Ἀμέ-

294 2738 378 2794 λει
425 2735 516 2791 καὶ
564 2733 956 2814 κατειληφότες
1008 2738 1107 2808 τὴν
1161 2734 1468 2811 ’Δδριανοῦ,
1528 2740 1617 2793 καὶ
1682 2737 1943 2813 βαλόντες

293 2825 465 2882 ἐκεῖσέ
521 2845 597 2895 πη
656 2827 984 2901 στρατήγιον
1045 2828 1134 2899 [Ρ.
1182 2830 1306 2901 396]
1366 2826 1420 2889 ἐς
1477 2828 1602 2883 ’ὀσον
1675 2830 1752 2902 μὴ
1813 2830 1942 2884 εἶναι

297 2914 492 2989 βέλους
550 2913 720 2985 ἐντὸς,
757 2918 827 2989 τῇ
889 2913 1143 2990 ὑστεραίᾳ
1210 2917 1307 2979 τὰς
1359 2913 1616 2990 δυνᾶμεις
1663 2925 1946 2995 προσῆγον

290 3009 371 3077 τῷ
428 3003 602 3079 τείχει
659 3004 749 3059 καὶ
802 3002 969 3060 ’ίστων
1027 3006 1122 3067 τὰς
1186 3006 1465 3081 μηχανάς.
1523 3008 1645 3063 Τῶν
1703 3005 1749 3062 δ’
1796 3007 1948 3070 ἐντὸς

292 3092 651 3168 ἀμυνομένων
697 3093 1008 3169 εὐρώστως,
1063 3091 1216 3150 οὐδέν
1265 3117 1317 3152 τι
1368 3095 1538 3151 πλέον
1590 3095 1671 3172 ἐφ’
1710 3097 1946 3173 ἡμέραις

294 3181 572 3259 ἐπέραινον
631 3181 848 3238 πλείοσι
902 3187 1000 3238 τοῦ
1060 3182 1361 3259 βάλλεσθαι
1430 3185 1519 3240 καὶ
1582 3184 1807 3261 βάλλειν
1860 3184 1949 3242 διὰ

2049 2295 2209 2350 tione
2239 2293 2500 2349 hostium
2543 2291 2791 2348 consilia
2846 2294 2904 2346 et
2961 2287 3273 2345 militarem
3335 2286 3709 2361 disciplinam

2052 2382 2396 2453 exploraret.
2434 2381 2499 2436 Hi
2527 2397 2666 2437 vero
2726 2380 2797 2435 ad
2851 2379 3106 2451 primum
3166 2377 3519 2447 Scytharum
3571 2392 3713 2432 con-

2052 2476 2321 2546 spectum
2354 2470 2575 2527 furioso
2634 2470 2890 2541 quodam
2945 2468 3152 2524 ardore
3194 2466 3491 2532 concitati,
3521 2464 3712 2521 hastis

2052 2560 2301 2634 arreptis
2322 2564 2378 2616 et
2407 2558 2577 2632 equis
2598 2556 2957 2628 conscensis,
2990 2556 3240 2628 Scythas
3260 2555 3569 2620 invadunt,
3601 2553 3705 2625 qui

2054 2659 2236 2731 tergis
2267 2657 2526 2714 obversis
2557 2656 2924 2712 continenter
2954 2654 3213 2726 fugiunt,
3246 2658 3398 2709 retro
3458 2653 3703 2725 sagittas

2055 2746 2459 2819 conjicientes,
2518 2762 2584 2802 ac
2632 2762 2706 2801 ne
2761 2745 2846 2801 sic
2898 2744 3138 2815 quidem
3187 2744 3327 2814 fuga
3350 2744 3702 2814 interrupta.

2057 2837 2145 2892 Illi
2178 2853 2311 2892 vero
2342 2835 2555 2892 acriter
2582 2838 3039 2905 persequuntur,
3075 2832 3342 2903 quamvis
3389 2830 3535 2886 nihil
3568 2847 3703 2903 pro-

2057 2926 2317 2993 ﬁcerent,
2350 2940 2498 2997 pene
2524 2922 2860 2980 volucribus
2917 2921 2991 2977 ob
3022 2920 3205 2977 levem
3231 2924 3591 2976 armaturam
3617 2919 3707 2977 vi-

2060 3016 2142 3071 ris
2173 3015 2470 3071 instando.
2504 3012 2569 3068 Et
2625 3012 2721 3068 hic
2778 3012 2907 3083 ejus
2964 3010 3077 3066 diei
3136 3010 3246 3066 fuit
3291 3009 3503 3066 exitus.
3533 3011 3614 3064 Ex
3642 3024 3710 3065 e0

2058 3104 2317 3161 Joannes
2334 3120 2467 3159 cum
2493 3103 2648 3159 813
2666 3101 2792 3157 suis
2821 3099 3006 3172 ecpiis
3036 3099 3346 3171 angustias
3403 3106 3459 3154 et
3515 3099 3717 3155 fauces

2066 3194 2248 3262 subit,
2279 3199 2338 3249 et
2358 3197 2492 3265 post
2517 3192 2665 3249 altos
2687 3189 2870 3247 coltes
2889 3189 3203 3257 delitescit,
3236 3189 3297 3244 in
3323 3187 3386 3245 id
3432 3189 3721 3261 intentus,

294 3245 402 3342 τὴν.
450 3276 559 3327 τῶν
616 3275 821 3347 τειχῶν
872 3245 1208 3348 ἒχυρότητα.
1264 3245 1476 3332 ὁύκοῢν
1523 3245 1592 3330 rei.
1644 3274 1816 3351 βάθρα
1844 3279 1950 3331 τῶν

2070 3245 2658 3265 -----ν--ττ--τνη-
2697 3245 2745 3247 η
2791 3245 2822 3246 κν
2945 3245 2950 3246 κ
3188 3245 3202 3257 ,
3703 3245 3720 3261 ,

2070 3302 2142 3342 ne
2171 3301 2341 3341 suam
2372 3281 2744 3355 praesentiam
2777 3283 3018 3337 nossent
3071 3278 3293 3337 hostes.
3327 3281 3396 3334 Et
3453 3295 3667 3335 rursus
3695 3294 3728 3334 e

296 3364 497 3435 τειχῶν
558 3359 954 3437 ἂνεμόχλευον,
1005 3360 1219 3440 ἀφανῶς
1268 3361 1623 3419 ὑποσαλεύειν
1678 3365 1746 3419 τὰ
1793 3363 1955 3440 τείχη

300 3451 657 3524 πειρώμενοι,
703 3449 759 3513 ἐς
809 3446 896 3506 ὅτι
946 3452 1210 3524 μήκιστον
1269 3451 1711 3526 ὓπονομεύοντες
1744 3454 1958 3511 καὶτὸν

302 3544 439 3615 χοῦν
506 3537 825 3610 λεληθότως
890 3538 1245 3616 ἂναφέροντες
1311 3542 1400 3596 καὶ
1474 3541 1846 3618 ὑπερείσματα
1900 3542 1963 3598 ἐκ

304 3626 479 3699 ξύλων
575 3629 899 3705 εύπρήστων
996 3635 1115 3692 ταῖς
1177 3629 1403 3706 ὀρυγαῖς
1479 3629 1803 3709 ἐφιστῶντες
1868 3632 1962 3688 καὶ

303 3716 636 3794 πολυχειρίᾳ
691 3718 756 3773 τὸ
812 3711 971 3796 ἔργον
1022 3716 1294 3782 ἀνύοντες.
1336 3721 1511 3776 Ἦσαν
1551 3717 1612 3775 δὲ
1674 3720 1764 3776 καὶ
1816 3721 1961 3775 Ῥω-

310 3813 463 3881 μαῖοι
520 3808 659 3882 πρὸς
715 3811 884 3864 ταῦτα
940 3807 1371 3887 διατεχνώμενοι
1420 3810 1490 3866 τὰ
1545 3814 1616 3884 τῇ
1659 3809 1820 3867 πόλει
1855 3832 1961 3867 σωο

303 3898 489 3971 τήρια.
546 3895 699 3954 Ἀλλ’
758 3893 911 3952 οῧπω
968 3899 1163 3977 συχνοὶ
1211 3897 1591 3975 παρίππευσαν
1642 3898 1822 3971 ἣλιοι,
1874 3910 1966 3966 καὶ

311 3992 505 4063 μοῖραν
564 3983 774 4065 διαφεὶς
831 3988 859 4042 ὁ
915 3988 1178 4059 Ἰωάννης
1237 3991 1503 4045 Σκυθικοῦ
1560 3990 1966 4065 στρατεύματος

305 4080 423 4137 τοῖς
459 4076 623 4144 ζώοις
662 4082 763 4144 τῆς
795 4071 1009 4145 διαίτης
1056 4075 1147 4132 καὶ
1195 4082 1312 4141 τοῖς
1350 4077 1632 4153 ὀχήμασιν
1662 4077 1968 4134 ἐντέλλεται

309 4162 664 4240 προσϐαλεῖν,
716 4166 750 4220 ἅ
796 4168 922 4240 περὶ
966 4166 1030 4221 τὸ
1076 4164 1438 4241 στρατόπεδον
1489 4173 1597 4224 τῶν
1630 4169 1873 4225 Λατίνων
1900 4171 1969 4225 τὰ

310 4252 513 4332 χλωρᾶ
539 4260 641 4320 τῆς
689 4251 829 4322 ὕλης
881 4251 1195 4327 ἐδρέποντο,
1247 4252 1337 4309 διὰ
1390 4259 1489 4311 τοῦ
1541 4254 1966 4331 μεθοδεύματοςο

311 4345 516 4409 γνῶναι
551 4340 894 4414 βουλόμενος
926 4341 1093 4396 ὁποῖα
1142 4342 1210 4397 τὰ
1256 4347 1365 4398 τῶν
1396 4343 1681 4419 πολεμίων
1716 4346 1820 4400 εἰσὶ
1852 4344 1970 4401 δια-

312 4426 516 4484 δούλια
542 4430 632 4484 καὶ
665 4428 815 4492 ὅπως
875 4430 971 4495 τὰς
1023 4431 1103 4494 είς
1152 4431 1403 4508 πόλεμον
1437 4432 1676 4499 ἐκτάσεις
1705 4437 1970 4502 τιθέασιν.

311 4523 381 4581 Oi
430 4518 487 4576 δὲ
543 4524 634 4576 καί
692 4524 830 4595 πρὸς
884 4525 985 4595 τὴν
1038 4524 1265 4598 πρώτην
1318 4529 1424 4582 τῶν
1477 4528 1699 4584 Σκυθῶν
1732 4528 1851 4584 θέαν
1886 4528 1973 4584 ἐν-

312 4607 653 4674 θουσιώδους
707 4609 1047 4683 πλησθέντες
1092 4614 1419 4688 ὁρμήματος
1447 4616 1586 4692 πρὸς
1628 4622 1750 4680 τοῖς
1776 4616 1971 4683 ’ίπποις

310 4697 402 4755 καὶ
432 4703 548 4760 τοῖς
580 4695 770 4774 δόρασι
802 4700 1067 4776 γίνονται.
1120 4702 1220 4757 Καὶ
1272 4702 1325 4758 οἱ
1383 4704 1477 4777 μὶν
1517 4706 1615 4774 τῆς
1644 4702 1733 4760 ἐπὶ
1766 4707 1978 4771 Σκύθας

2064 3372 2334 3447 Scythica
2365 3370 2653 3443 phalange
2700 3367 2797 3425 cui
2853 3368 3033 3425 Cozas
3060 3372 3325 3440 proserat,
3389 3368 3726 3440 complures

2065 3463 2126 3519 in
2156 3467 2348 3518 castra
2402 3461 2743 3516 Latinorum
2802 3457 3004 3524 mittit,
3062 3457 3335 3514 hortatus
3384 3462 3448 3513 ut
3506 3458 3728 3528 priores

2066 3550 2445 3606 imitarentur
2500 3549 2822 3619 eademque
2877 3546 2973 3602 via
3028 3550 3476 3603 reverterentur.
3509 3546 3725 3615 Latini,

2065 3638 2296 3712 Scythis
2323 3639 2516 3694 denuo
2544 3636 2712 3703 visis,
2744 3653 2952 3693 rursus
2976 3635 3320 3693 festinanter
3357 3636 3565 3691 armati
3598 3652 3729 3693 ma-

2058 3728 2178 3801 jori
2200 3745 2377 3801 quam
2401 3728 2627 3783 dudum
2651 3727 3027 3783 contentione
3047 3726 3245 3782 hastas
3273 3725 3337 3781 in
3366 3742 3465 3782 eos
3494 3725 3731 3782 vibrant

2069 3822 2127 3876 et
2150 3832 2387 3874 cursum
2409 3815 2746 3871 intendunt.
2776 3816 2887 3870 Sed
2935 3831 3071 3871 cum
3094 3815 3323 3887 Scythae
3359 3816 3528 3871 facile
3572 3821 3707 3872 ante

2068 3909 2382 3974 verterent,
2417 3909 2480 3961 ut
2536 3908 2595 3961 et
2645 3903 2847 3960 leviter
2897 3903 3107 3960 armati
3164 3908 3222 3959 et
3272 3904 3732 3975 expeditioribus

2072 3998 2244 4071 equis
2267 3995 2614 4060 insidentes,
2647 4010 2714 4051 ac
2736 3993 2928 4049 nullas
2949 3994 3069 4049 fere
3091 3993 3339 4065 sagittas
3378 3997 3532 4048 retro
3560 3993 3731 4048 emit-

2076 4091 2308 4153 tentes;
2342 4083 2534 4140 Latini
2560 4098 2664 4155 per
2691 4081 3155 4154 imprudentiam
3206 4081 3542 4154 longissime
3599 4098 3733 4154 pro-

2071 4176 2219 4231 vecti
2253 4174 2312 4229 in
2342 4190 2412 4229 ea
2441 4172 2587 4235 loca,
2635 4171 2695 4227 ln
2726 4170 2946 4243 quibus
2975 4170 3174 4242 laquei
3201 4174 3259 4226 et
3297 4170 3526 4226 insidiis
3544 4175 3731 4242 erant,

2074 4269 2133 4321 et
2162 4265 2221 4318 in
2255 4265 2519 4318 recentes
2574 4252 2875 4332 Scythicas
2932 4260 3202 4316 cohortes
3256 4259 3618 4330 inciderunt,
3675 4264 3735 4316 et

2075 4353 2188 4425 ipsi
2211 4358 2268 4407 et
2288 4350 2420 4419 equi
2432 4350 2561 4420 jam
2613 4348 2983 4405 contentione
3006 4348 3236 4405 itineris
3277 4348 3453 4421 plane
3481 4349 3733 4422 fatigati,

2076 4446 2135 4499 et
2168 4441 2228 4495 in
2262 4440 2451 4496 medio
2487 4437 2837 4511 Scytharum
2869 4438 3250 4494 circumventi
3279 4443 3441 4494 sunt.
3474 4440 3735 4504 Quorum

2080 4527 2482 4596 multitudine,
2517 4544 2651 4583 cum
2710 4528 2782 4583 ad
2845 4544 3056 4584 manus
3112 4531 3351 4583 ventum
3408 4536 3578 4593 esset,
3630 4545 3738 4600 cp-

2088 4619 2275 4693 pressi
2295 4618 2463 4689 equis
2486 4616 2897 4687 deturbantur,
2933 4617 3135 4673 multis
3157 4617 3425 4689 singulos
3456 4617 3741 4674 invaden-

2090 4711 2249 4768 tibus
2279 4726 2293 4777 ;
2325 4714 2382 4765 et
2411 4708 2569 4764 duras
2599 4707 2840 4765 cervicis
2872 4707 3140 4764 homines
3167 4706 3345 4763 falces
3394 4712 3452 4763 et
3496 4707 3743 4778 laqueos

1663 4806 1859 4876 Hier.
1894 4809 2149 4878 Wolfii
2182 4811 2399 4877 notae.

388 4916 500 4987 (71)
528 4914 622 4975 Ὣς
665 4911 711 4969 δ’
747 4914 1024 4987 ἀπήντων.
1070 4918 1175 4973 Hic
1217 4918 1426 4974 eadem
1466 4921 1721 4976 recurrit
1764 4922 1981 4979 obscu-

318 4987 493 5062 ritas_
525 4988 840 5062 Vetusius
862 4988 1081 5045 habet:
1134 4988 1202 5045 Ol
1249 4990 1516 5062 Ῥωμαῖοι
1549 4987 1607 5045 δὶ
1652 5024 1722 5034 —
1761 4993 1979 5057 τούτοις

321 5056 755 5185 συμπϐίέκονται.
801 5061 962 5116 Hanc
1006 5056 1374 5118 sententiam
1414 5062 1477 5118 in
1520 5064 1800 5121 vertendo
1848 5056 1979 5124 sum

321 5146 461 5185 secu
494 5148 584 5185 us.

321 5146 584 5187 secutus.

385 5202 505 5278 $72)
552 5199 766 5283 Τῶνώδ³
817 5200 1028 5283 ᾅλμλων.
1059 5203 1169 5283 ιἩμ
1211 5199 1270 5283 tit
1327 5201 1498 5283 λοιπῇ
1514 5202 1591 5283 *ἐς
1622 5205 1722 5274 τήν
1752 5204 1978 5283 Ἀδρια-

326 5271 417 5355 νοῖξ
445 5271 591 5344 παρᾶ
619 5271 793 5355 πόδας
818 5275 997 5355 ῖομῦσα,
1056 5272 1229 5355 ἐκεῖσὲ
1270 5296 1347 5355 πη
1401 5271 1599 5355 βάλλει
1629 5271 1976 5355 imperii-fio»),

325 5337 415 5422 καὶ
439 5337 700 5422 ’ταυτησὶι
731 5337 1007 5422 πειρᾶταιί
1040 5346 1178 5422 κατά
1232 5337 1435 5422 κράτοξ
1466 5349 1633 5407 ἑλεῖν.
1666 5337 1831 5407 ’Ᾰλλθ
1851 5337 1976 5408 ’ἐπεῖ

324 5409 595 5512 ἀπείρηηέια
614 5409 742 5512 ἐτᾶς
796 5409 940 5508 τῶν-
962 5417 1186 5512 οἱκιεξίων1
1247 5409 1530 5512 συμφοράς
1585 5424 1975 5512 συχγραφόμε-

324 5446 595 5502 ιιιιιιίιηιιξια
648 5446 741 5479 ’τας
796 5446 904 5473 των
962 5446 1178 5473 υικειων
1247 5446 1530 5498 συμφοοας
1585 5446 1867 5512 συχγραφο
1920 5446 1975 5479 ε-

323 5502 438 5555 νος,
472 5492 580 5571 ηὸη
727 5489 974 5571 καὶ-τῇς
1032 5489 1108 5551 εἰς
1161 5486 1236 5545 έω
1271 5470 1634 5571 ,μεταὲάσεως
1664 5514 1803 5556 απας
1829 5446 1976 5570 750-

321 5553 431 5681 μαι
485 5553 710 5611 ἐνταῦθα
762 5564 860 5613 τοῦ
916 5553 1097 5638 λέγειν
1176 5553 1404 5637 σχάσας,
1462 5568 1563 5618 τοῦ
1622 5553 1736 5622 τῶν
1790 5553 1976 5623 κᾶκῶν

348 5625 551 5681 λίγγου
593 5630 964 5681 πεπαύσομαι-
1016 5636 1273 5681 Relimme
1320 5639 1591 5681 Λαερνηϋηε
1628 5641 1976 5681 Adn‘lmmm-

348 5625 553 5713 λίγγου
593 5630 964 5713 πεπαύσομαι.
996 5625 1293 5713 'Reliquiis
1320 5625 1591 5713 asscitus
1619 5641 1979 5713 Adrianopo-

323 5701 421 5757 lim
438 5704 590 5760 recta
628 5701 959 5762 contendam
989 5701 1173 5763 castra
1213 5707 1297 5763 ibi
1342 5710 1506 5780 locat,
1539 5726 1767 5784 eamque
1792 5715 1852 5771 vi
1870 5701 1977 5771 ἓω-

645 5822 905 5884 ΡΔΤΒΟΥ..
953 5822 1062 5885 Gn.
1111 5824 1428 5889 CXXXIX.

2084 4940 2343 4995 pugnare
2363 4923 2625 4978 instituit.
2658 4920 2766 4978 Sed
2806 4919 2942 4990 quia
2986 4926 3295 4995 nostrorum
3334 4921 3745 4995 cqiamitatibus

2080 4993 2451 5052 describondis
2470 5010 2590 5049 sum
2619 4995 2880 5061 defessus,
2902 4998 2954 5047 et
2972 5009 3122 5047 nunc
3142 4993 3416 5048 Orientali
3440 4997 3743 5063 profectio-

2080 5085 2149 5123 ne
2182 5074 2326 5123 totus
2352 5082 2612 5136 occupor,
2632 5065 2800 5136 ﬁnita
2819 5064 2906 5136 hic
2934 5068 3188 5119 oratione
3217 5065 3596 5121 calamitatum
3624 5083 3743 5121 ver-

2085 5141 2315 5209 tiginem
2358 5134 2647 5209 deponant.
2711 5135 2829 5189 Hoc
2887 5134 3017 5209 loco
3074 5136 3447 5209 Byzantinus,
3485 5138 3673 5193 codex
3705 5155 3740 5194 a

2082 5207 2306 5268 Joanne
2351 5207 3053 5282 Dernschwamnornine
3105 5207 3169 5261 D.
3212 5208 3739 5282 AntoniiUFuggeri

2086 5282 2247 5359 Cp_o_l_i
2272 5286 2506 5359 emptus
2525 5278 2827 5359 abrumpit
2849 5277 3181 5359 historiam,
3199 5278 3495 5359 et_librari_i
3517 5277 3741 5336 nomen

2087 5347 2402 5426 subjicitur
2445 5351 2538 5405 his
2592 5347 2843 5426 ve_rbis_:_
2885 5347 3212 5426 ἐτελειώρη
3312 5353 3557 5426 παρφῦσα
3604 5370 3744 5426 χρυἼ

2085 5417 2215 5498 νικῆ
2282 5417 2480 5498 βίϐλος
2538 5419 2730 5498 κυρίου
2787 5417 3209 5498 -Νικῄταλτοῦς
3236 5417 3572 5498 ΧωνςίάςςουΔ
3609 5417 3745 5498 ’παρ’

2087 5488 2225 5570 ἐμοί’)
2275 5488 2376 5570 τού
2425 5488 2723 5565 ἐλαχίστου
2755 5488 2839 5570 ,ἐν
2909 5488 3746 5570 ’ὡροδιακόνριςμἈλεξάνδρόυ

2083 5560 2184 5642 τοῖ’)
2219 5564 2479 5642 μεγάλου·
2523 5560 2975 5642 χαρίτοφύλακοςζ
2994 5569 3099 5642 τῆς
3145 5563 3278 5642 τοῦμ
3309 5560 3549 5642 Χριστοῧ
3583 5560 3750 5642 μεῖγά-

2087 5631 2570 5712 ληςᾚκκλη-σίαςζ
2603 5631 2683 5712 ’ἐν
2715 5631 2852 5690 ’ἓτει
2909 5637 2989 5709 τῷ
3046 5631 3154 5712 ζξγ¹
3212 5639 3291 5708 τῷ
3347 5631 3475 5711 μηνὶ
3526 5631 3755 5712 Μαρτίῳ

2087 5703 2378 5787 ἱσταμένου
2623 5703 2691 5764 δ’.

3351 5831 3430 5891 32
