4074 6414
364 398 516 457 1003

1709 393 2032 454 ΝΙΟΕΤιΕ
2074 391 2494 453 GHONIATM

3629 388 3805 453 1004

365 533 428 587 in
451 529 601 587 colla
620 528 934 602 recipiunt,
964 527 1096 600 equi
1121 525 1490 584 occiduntur.
1519 525 1822 597 Tanquam
1856 526 2011 581 enim

2129 524 2262 579 κατὰ
2290 523 2494 598 κράτος
2534 518 2776 601 εἴχοντο,
2836 520 2889 575 οἱ
2945 515 3003 575 δὶ
3055 517 3123 575 τὰ
3179 522 3328 575 νῶτα
3383 514 3804 593 μεταϐαλόντες

366 625 494 678 atra
522 624 579 675 et
608 624 892 692 perpetua
923 619 1132 687 nubes,
1192 618 1273 673 ita
1326 616 1548 687 Scytha:
1606 615 1923 681 irruebant,
1959 620 2024 670 ut

368 725 561 781 neque
590 707 881 780 explicare
911 722 1040 763 sese
1066 720 1255 777 neque
1302 703 1581 777 diﬁ‘ugere
1631 709 1892 775 possent.
1925 705 2020 760 Ce-

367 798 637 855 ciderunt
658 798 814 854 814
845 796 1026 868 igitur
1054 811 1257 850 omnes
1315 793 1623 850 lectissimi
1683 794 2018 849 Latinorum

369 887 597 960 equites
619 886 878 943 ethastis
899 884 1201 941 vibrandis
1224 883 1504 940 celebres.
1537 881 1705 939 Cadit.
1764 887 1822 938 et
1876 883 2021 939 Pleas

370 992 566 1032 comes
596 974 890 1031 Doloicus.
925 972 1243 1029 Balduinus
1298 987 1434 1027 vero
1493 970 1722 1043 capitur
1751 976 1810 1026 et
1856 971 2022 1026 vivus

368 1065 432 1121 in
465 1065 710 1137 Mysiam
742 1062 1096 1129 abducitur;
1122 1067 1294 1133 atque
1332 1060 1469 1115 inde
1523 1060 1853 1115 Ternobum
1889 1076 2021 1131 per-

370 1155 583 1209 ductus
605 1160 657 1209 et
677 1151 738 1206 in
759 1166 1050 1208 carcerem
1078 1150 1401 1220 conjectus,
1434 1147 1685 1205 vinculis
1730 1163 1915 1219 usque
1947 1148 2020 1204 ad

370 1241 581 1298 collum
612 1244 908 1297 oneratur.
938 1237 1266 1310 Principale
1294 1253 1431 1293 vero
1477 1241 1534 1293 et
1562 1236 2020 1293 callidissimum

369 1331 596 1388 malum
627 1334 687 1386 et
715 1329 979 1388 omnium
1024 1328 1421 1384 Romanorum
1475 1326 1734 1383 cladium
1794 1326 2024 1399 primus

369 1419 861 1487 anctor,Veneti:e
885 1419 1000 1474 dux
1019 1417 1347 1483 Dandulus,
1377 1417 1477 1487 qui
1539 1424 1864 1472 extremum
1921 1432 2022 1489 ag-

372 1526 507 1567 men
529 1509 860 1579 claudebat,
892 1507 1059 1564 clade
1087 1506 1374 1563 exercitus
1394 1522 1464 1561 ex
1491 1506 1856 1578 fugientibus
1915 1522 2021 1562 co-

372 1600 537 1672 gnita
558 1598 759 1654 statim
782 1596 1077 1653 conversis
1101 1594 1280 1651 frenis
1300 1595 1362 1651 in
1385 1599 1576 1651 castra
1623 1599 1896 1667 properat
1919 1612 1933 1663 ;
1966 1599 2025 1651 et

372 1695 437 1743 ut
461 1704 573 1743 nox
594 1687 928 1760 supervenit
973 1687 1129 1755 (nam
1154 1683 1422 1756 prmlium
1466 1684 1575 1739 sub
1604 1700 1901 1756 vesperam
1935 1689 2025 1742 est

373 1776 806 1849 commissum),
831 1775 1056 1831 lumina
1076 1774 1134 1830 in
1157 1773 1409 1829 tentoria
1437 1772 1640 1828 inferri
1662 1777 1719 1829 et
1738 1773 2023 1844 plurimas

2132 611 2382 668 συντόνου
2450 608 2695 686 δρασμου
2768 608 3036 680 ἥπτοντο,
3094 606 3150 670 ἐς
3204 606 3455 664 τοὺπίσω
3513 609 3582 664 τὰ
3645 611 3800 686 βέλη

2127 704 2441 775 πέμποντες
2472 698 2562 755 καὶ
2623 696 2754 773 μηδ’
2806 699 2952 755 οὓτω
2999 701 3096 753 τοῦ
3136 696 3353 775 φεύγειν
3383 697 3803 774 προτροπάδην

2130 787 2538 864 ἐπιλαθόμενον
2593 789 2647 843 οἱ
2705 785 2762 843 δὲ
2827 786 3101 843 ἐπέκειντο
3156 787 3248 842 καὶ
3316 787 3494 851 οὓτως
3554 787 3804 846 διώκον-

2130 904 2240 953 τες,
2280 881 2376 937 κᾶν
2428 878 2581 936 οὐδὶν
2637 880 2804 950 ἤνυον
2858 875 3170 949 πτηνώδεσι
3242 877 3334 933 καὶ
3409 877 3641 956 κούφοις
3702 879 3803 936 διὰ

2129 973 2229 1042 τὴν
2264 969 2483 1027 ὅπλισιν
2538 966 2789 1046 ἀνδράσιν
2851 968 3197 1046 ἐφεπόμενοι.
3256 968 3361 1025 Καὶ
3402 974 3657 1025 τοιοῦτον
3697 972 3800 1043 μὲν

2129 1061 2295 1137 πέρας
2346 1060 2414 1115 τὰ
2469 1066 2568 1129 τῆς
2624 1059 2742 1123 τόθ’
2790 1058 3000 1133 ἡμέρας
3046 1056 3364 1131 εἰλήφεσαν
3403 1055 3466 1113 ἐκ
3496 1055 3554 1114 δὲ
3589 1059 3792 1115 τούτου

2131 1152 2388 1221 Ἰωάννης
2448 1150 2543 1223 μὲν
2601 1149 2665 1205 τὸ
2722 1147 2921 1204 οἰκεῖον
2981 1148 3292 1224 στράτευμα
3340 1144 3490 1224 ἔχων
3543 1148 3782 1205 αὐλῶσιν

2129 1237 2362 1316 ἕνελόχα
2390 1239 2480 1295 καὶ
2511 1237 2790 1317 φάραγγας
2842 1233 3107 1293 ὑπεδύετο
3156 1237 3249 1292 καὶ
3291 1238 3488 1300 τόποις
3530 1236 3776 1313 ἐπῃρμέ-

2129 1350 2245 1393 νοις
2278 1330 2353 1392 εἰς
2387 1327 2611 1408 γήλοφα
2639 1325 2957 1404 παρεδύετο,
2995 1324 3127 1401 μηδ’
3187 1328 3234 1383 εἰ
3282 1328 3534 1403 πάρεστιν
3585 1326 3776 1383 ε’ῐδέναι

2131 1416 2376 1476 σπεύδων
2409 1417 2538 1482 τοὺς
2586 1418 3028 1478 ἀντιπίπτονταςι
3061 1416 3122 1472 έκ
3154 1414 3212 1472 δὶ
3237 1424 3339 1487 τῆς
3385 1415 3646 1482 Σκυθίδος
3679 1418 3788 1493 φά-

2132 1510 2341 1587 λαγγος
2367 1510 2433 1578 ἧς
2463 1509 2492 1563 ὁ
2523 1513 2737 1578 Κοτζᾶς
2768 1508 3119 1584 ἡγεμόνευεν,
3161 1504 3225 1561 αὖ
3274 1506 3441 1563 πάλιν
3473 1505 3788 1563 ἐπελαύνειν

2129 1604 2208 1672 τῷ
2247 1595 2598 1673 στρατοπέδῳ
2647 1600 2757 1652 τῶν
2806 1596 3056 1652 Λατίνων
3113 1593 3350 1670 διαφῆκε
3402 1598 3664 1672 συχνοὺς,
3695 1596 3792 1652 καὶ

2128 1686 2298 1743 ταύτά
2326 1689 2444 1750 τοῖς
2472 1687 2737 1762 πρότερον
2785 1683 2913 1757 δρᾷν
2963 1684 3322 1760 ἐγκελεύεται,
3367 1684 3623 1758 κάκείνης
3662 1683 3798 1761 ἕχε-

2131 1777 2251 1831 σθάι
2305 1783 2406 1847 τῆς
2455 1774 2677 1851 πορείας
2735 1775 3237 1852 έπαναστρέφοντας
3282 1777 3349 1845 ἧς
3396 1775 3488 1830 καὶ
3520 1775 3791 1850 πρότερον

371 1882 548 1939 pyras
571 1865 803 1922 incendi
826 1864 1081 1936 jubet,ut
1094 1863 1341 1919 Romani
1364 1867 1638 1934 putarent
1658 1879 1774 1919 non
1789 1880 1880 1918 om
1892 1879 2021 1918 nem

386 1970 393 1972 ξ
455 1969 467 1972 ,
550 1955 582 1972 ..
767 1971 772 1972 ,
823 1954 1431 1972 -ε-ημμημμμμ
1495 1952 1802 1972 add-.-“
1863 1952 2015 1972 tu“-

2134 1863 2374 1940 εἴχοντο.
2407 1866 2474 1923 Οἱ
2506 1862 2565 1920 δὲ
2593 1866 2668 1926 ὡς
2706 1863 2834 1927 τοὺς
2885 1865 3097 1928 Σκύθας
3130 1864 3285 1928 αὗθις
3313 1864 3615 1935 θεάσαιντο,
3648 1866 3795 1939 πρὸς

2282 1953 2337 1972 δε
2500 1954 2515 1972 \
2613 1954 2626 1972 9
2679 1955 2690 1972 Ι
2869 1952 2911 1972 I\
3083 1965 3102 1972 Α
3188 1952 3207 1972 Ἴ
3300 1954 3311 1972 1
3594 1954 3609 1972 \
3658 1955 3672 1972 ε
3728 1955 3745 1972 \

373 1955 693 2011 exercitum
713 1954 954 2027 periisse
973 1960 1072 2007 aut
1092 1969 1152 2008 se
1177 1967 1438 2023 pugnam
1489 1952 1828 2009 detrectare.
1861 1952 2021 2009 Circa

2134 1953 2379 2026 σπουδὴν
2427 1954 2516 2011 καὶ
2570 1954 2762 2010 αὐτίκα
2811 1952 2960 2028 μάλα
3006 1952 3477 2028 καθοπλισάμενοι
3521 1954 3610 2009 καὶ
3652 1955 3799 2030 ὑπὲρ

371 2045 626 2117 primam
646 2044 833 2100 noctis
847 2042 1095 2115 vigiliam
1112 2042 1469 2098 maritimam
1486 2041 1852 2097 Rhedestum
1886 2057 2020 2097 cum

372 2135 572 2192 Errico
594 2133 863 2190 Balduini
890 2134 1089 2201 fratre,
1124 2133 1296 2187 modo
1337 2129 1699 2202 Adramyttio
1726 2147 1858 2186 cum
1890 2133 2024 2187 Tro-

362 2224 526 2298 Janis
552 2224 848 2283 Armeniis
870 2238 1122 2288 reverso,
1157 2221 1255 2294 qui
1275 2222 1383 2277 sub
1406 2237 1472 2278 eo
1493 2222 1849 2293 militabant,
1880 2237 2020 2277 con-

370 2331 614 2389 gressus
644 2313 985 2387 Byzantium
1009 2311 1204 2378 rediit,
1237 2311 1536 2366 intestinis
1574 2311 1706 2382 fuga
1730 2315 1816 2366 tot
1845 2328 2016 2383 para-

368 2420 687 2477 sangarum
702 2402 891 2474 ruptis
904 2399 1233 2457 elscrotoin
1277 2401 1636 2456 immensum
1675 2402 2014 2458 tumefacto.

2129 2046 2230 2113 τὴν
2261 2042 2491 2123 ἔναγχος
2537 2042 2826 2119 εὐρώστως
2875 2040 3172 2114 ἐπέκειντο,
3205 2043 3272 2098 τὰ
3303 2040 3503 2120 δόρατα
3530 2044 3798 2117 σείοντες,

2128 2134 2258 2189 κάπὶ
2291 2134 2354 2189 τὸ
2388 2131 2601 2207 μᾶλλον
2632 2132 2727 2189 τὸν
2765 2130 2970 2209 δρόμον
3005 2131 3298 2191 ἐπέτεινον.
3340 2133 3431 2195 Ὦς
3463 2130 3520 2188 δὲ
3548 2134 3609 2188 τὸ
3643 2139 3795 2188 Σκυ-

2130 2222 2278 2287 θικὸν
2307 2228 2547 2297 προῆγεν
2593 2221 2855 2292 εὐπετῶς,
2894 2221 2962 2275 τὰ
3007 2218 3195 2276 πολλά
3238 2218 3379 2294 μηδὲ
3409 2222 3625 2291 τοξεῦον
3659 2219 3801 2275 ὄπι-

2129 2314 2267 2383 σθεν,
2301 2311 2374 2373 ὡς
2412 2311 2505 2384 μὶν
2546 2310 2767 2388 κούφως
2801 2307 3149 2383 ἐσταλμένον,
3191 2310 3264 2373 ὡς
3298 2308 3356 2364 δὲ
3382 2309 3471 2365 καὶ
3505 2308 3801 2385 δρομικω-

2123 2401 2304 2475 τέροις
2325 2397 2521 2462 ’ίπποις
2550 2398 2879 2474 ὅχούμενον,
2928 2397 3118 2455 ἔλαθον
3164 2399 3241 2462 εἷς
3285 2398 3544 2455 πλεῖστον
3579 2399 3708 2455 ὅσον
3740 2402 3801 2457 οἱ

367 2498 592 2551 Λατῖνοι
622 2489 1049 2562 ἐξιππασάμενοι
1078 2488 1170 2541 καὶ
1199 2490 1307 2542 τῶν
1346 2487 1573 2567 χωρίών
1633 2487 1901 2561 ἁψάμενοι
1951 2489 2175 2563 ἀμαθῶς
2230 2488 2285 2544 έν
2344 2490 2432 2553 οἷς
2480 2489 2536 2543 αἱ
2583 2491 2754 2564 πάγαι
2798 2488 2891 2543 καὶ
2942 2489 2995 2544 o't
3045 2486 3213 2565 λόχοι
3243 2489 3331 2544 καὶ
3362 2488 3430 2544 τὰ
3456 2486 3648 2564 ἓνεδρα
3681 2488 3799 2547 διε-

371 2582 655 2639 σκεύαστο.
714 2576 939 2653 Ἀμέλει
997 2578 1089 2631 καὶ
1148 2577 1439 2637 Σκυθικοῖς
1495 2576 1705 2649 ἀκμῆσι
1761 2578 2234 2652 περιπεπτωκότες
2290 2582 2541 2653 στρατοῖς
2600 2578 2757 2633 αὐτοὶ
2786 2581 2889 2643 τῆς
2923 2575 3052 2633 ὁδοῦ
3080 2581 3150 2652 τῇ
3182 2578 3436 2649 συντονίᾳ
3465 2577 3589 2634 έκτο
3622 2582 3798 2636 ωθέν-

364 2690 456 2734 τες
504 2668 594 2725 καὶ
644 2666 916 2742 λαμπρῶς
963 2664 1073 2737 ἤδη
1126 2663 1275 2740 σφίσι
1322 2669 1433 2720 τῶν
1479 2665 1667 2721 ἳππων
1710 2664 2178 2739 ἀποκναισάντων,
2240 2666 2295 2722 έν
2357 2666 2508 2740 μέσῳ
2559 2662 3078 2740 ἀπολαμϐάνονται·
3132 2668 3186 2721 οἱ
3232 2667 3333 2743 γὰρ
3380 2667 3586 2732 Σκύθαι
3627 2669 3707 2731 ὡς
3738 2669 3797 2733 ἐς

364 2757 642 2816 κύκλωσιν
676 2756 874 2819 αὐτοὺς
903 2754 1216 2831 περιῄεσαν.
1250 2755 1318 2813 Oi
1351 2751 1430 2825 δὲ,
1462 2754 1537 2815 ὡς
1567 2752 1619 2809 ἐν
1650 2755 1837 2832 χερσὶν
1887 2756 1954 2824 ἦν
2009 2756 2039 2810 ὁ
2087 2755 2258 2830 ἀγὼν,
2301 2761 2382 2829 τῷ
2427 2756 2631 2828 πλήθει
2679 2760 2788 2811 τῶν
2821 2761 3046 2821 Σκυθῶν
3083 2756 3405 2832 βιαζόμενοι
3436 2757 3795 2831 ἀνετρέποντο

367 2852 477 2904 τῶν
536 2846 745 2917 ἳππων,
797 2844 1026 2902 πολλῶν
1083 2842 1178 2900 ἕνα
1215 2842 1565 2920 περιιόντων,
1624 2843 1716 2898 καὶ
1775 2841 2018 2917 δράπανα
2074 2845 2167 2900 καὶ
2223 2845 2471 2925 βρόχους
2526 2842 2786 2922 ἐδέχοντο
2844 2844 2980 2901 κατὰ
3033 2849 3140 2900 τῶν
3175 2846 3421 2921 αὐχένων
3456 2847 3509 2900 οἱ
3542 2846 3793 2923 σκληρο-

365 2935 674 3013 τράχηλοι,
722 2936 815 2991 καὶ
855 2936 919 2990 τὸ
972 2941 1170 3009 χρῆμα
1213 2938 1322 2989 τῶν
1364 2932 1550 2988 ’ίππων
1594 2933 1919 3007 κατῃκίζετο
1974 2934 2049 2996 ὡς
2099 2935 2203 3011 γὰρ
2240 2934 2408 3009 μέλαν
2446 2935 2601 3013 νέφος
2628 2935 2719 2990 καὶ
2753 2935 2977 3010 συνεχὲς
3007 2940 3115 2990 τῶν
3148 2939 3370 2999 Σκυθῶν
3403 2935 3791 2994 έπεισπεπτω-

365 3028 544 3084 κότων
604 3022 730 3081 οὔτε
781 3022 970 3080 Ἱππων
1026 3022 1336 3097 ἐξελιγμοῖς
1394 3023 1705 3097 χρήσασθαι
1762 3024 1917 3096 εἶχον
1972 3021 2098 3079 οὔτε
2154 3021 2422 3104 διαφυγὰς
2474 3022 2619 3099 δρᾷν.
2671 3026 2903 3082 Ἐπεσον
2956 3022 3050 3078 οὖν
3101 3024 3301 3079 ὁπόσον
3349 3029 3448 3080 τοῦ
3491 3033 3792 3084 Λατινικοῦ

362 3118 458 3191 [Ρ.
518 3118 646 3188 397]
704 3113 929 3193 στίφους
988 3110 1273 3167 έπίλεκτὸν
1332 3112 1424 3166 καὶ
1480 3116 1596 3173 ταῖς
1651 3116 1758 3169 τῶν
1816 3109 2058 3188 δοράτων
2118 3115 2463 3189 ἄγκοινήσεσι
2512 3117 2895 3189 περιώνυμον.
2946 3114 3141 3170 Ηίπτει
3192 3112 3369 3171 δὲκαὶ
3402 3117 3560 3187 ὁτῆς
3600 3116 3789 3190 Πλέης

365 3205 549 3279 κόμης
603 3202 889 3266 Δολόϊκος.
928 3203 994 3258 Ὀ
1052 3198 1111 3255 δὶ
1167 3197 1497 3263 Βαλδουῖνος
1559 3206 1840 3277 χειροῦται
1901 3204 1990 3259 καὶ
2054 3203 2291 3279 ζωγρίας
2353 3202 2431 3265 εἰς
2488 3205 2703 3262 Μυσίσν
2743 3203 3032 3281 ἀπάγεται,
3088 3205 3335 3270 κάκεῖθεν
3395 3206 3473 3269 εἰς
3514 3203 3784 3281 Τέρνοϐον

361 3292 645 3366 κομισθεὶς
690 3291 878 3366 εἱρκτῇ
930 3285 1294 3364 παραδίδοται
1331 3288 1422 3345 καὶ
1464 3286 1633 3363 δεσμᾶ
1670 3289 1775 3353 ἓως
1832 3290 2122 3367 τραχήλου
2179 3290 2488 3369 ὑφίσταται.
2528 3292 2605 3349 Τὸ
2646 3289 2692 3347 δ’
2732 3292 3096 3368 ἀρχαιότατον
3145 3292 3236 3348 καί
3288 3294 3773 3369 πολυτροπωτατον

358 3381 550 3453 κακὸν,
596 3382 689 3437 καὶ
746 3384 854 3433 τῶν
897 3378 1237 3435 ἀπευκταίων
1275 3380 1489 3435 πάντων
1566 3380 1867 3454 Ῥωμαίοις
1940 3382 2298 3456 πρωτουργὸν
2375 3378 2573 3449 α’ίτιον,
2652 3382 2681 3437 ὁ
2755 3388 2854 3452 τῆς
2932 3384 3184 3444 Βενετίας
3260 3380 3383 3457 δοὺξ
3461 3381 3781 3453 Δάνδουλος,

360 3471 591 3532 ὕστατος
624 3467 870 3525 ἰλαύνων
910 3468 1015 3523 κάκ
1053 3473 1162 3524 τῶν
1210 3465 1468 3547 φυγάδων
1509 3470 1609 3539 τήν
1667 3474 1764 3525 τοῦ
1821 3469 2227 3547 στρατεύματος
2266 3472 2431 3540 ἧτταν
2474 3470 2898 3545 ένωτισάμενος,
2960 3470 3021 3526 έκ
3074 3477 3171 3527 τοῦ
3237 3473 3432 3529 αὐτίκα
3495 3475 3792 3550 μεταστρέ-

362 3563 469 3635 ψας
522 3559 592 3615 τὰ
655 3556 858 3634 χαλινᾶ
897 3554 949 3620 ές
986 3557 1048 3613 τὸ
1088 3555 1458 3633 στρατόπεδον
1498 3560 1741 3638 φέρεται.
1779 3560 1870 3623 Ὠς
1938 3556 1999 3614 δὲ
2052 3560 2141 3614 καὶ
2208 3561 2299 3630 νὺξ
2367 3559 2577 3630 ἐπῆλθε
2645 3562 2790 3635 (περὶ
2828 3560 2933 3636 γὰρ
2974 3558 3162 3632 δείλην
3201 3562 3229 3615 ὁ
3267 3561 3516 3637 πόλεμος
3553 3568 3793 3639 γεγονε),

362 3654 521 3728 φῶτα
585 3648 981 3724 εἷ’σενέγκασθαι
1047 3653 1170 3711 ταῖς
1237 3654 1458 3720 σκηναῖς
1522 3648 1846 3719 ἐπισκήπτει
1883 3651 1974 3704 καὶ
2046 3647 2343 3712 πλείστους
2410 3649 2587 3725 αῗρσιν
2636 3649 2875 3725 πυρσοὺς
2945 3650 3022 3712 εἷς
3085 3648 3317 3731 ἔμφασιν
3356 3657 3454 3708 τοῦ
3497 3656 3572 3726 μή
3613 3659 3792 3711 πᾶσαν

360 3734 678 3815 ἐκτριϐῆναι
717 3740 816 3809 τήν
879 3737 1133 3812 στρατίὰν
1178 3735 1319 3811 μηδὲ
1374 3743 1509 3816 σφᾶς
1576 3736 1966 3795 ἀποδειλιᾶσαι
2031 3739 2124 3794 τὸν
2191 3740 2463 3813 πόλεμον.
2505 3739 2635 3813 Περὶ
2704 3737 2762 3794 δὲ
2826 3740 3052 3816 πρώτην
3120 3739 3370 3819 φυλακὴν
3427 3745 3527 3812 τῆς
3599 3746 3798 3810 νυκτὸς

358 3829 591 3892 ἀναστὰς
630 3826 831 3884 ἕκεῖθεν
873 3828 949 3890 εἷς
986 3828 1085 3896 τὴν
1125 3827 1398 3901 παράλιον
1453 3827 1607 3883 ’ίκετο
1676 3825 2002 3895 Ῥαιδεστὸν,
2067 3827 2157 3883 καὶ
2216 3827 2490 3902 συμμίξας
2775 3833 2855 3901 τῷ
2908 3833 3008 3885 τοῦ
3070 3828 3412 3888 Βαλδουίνου
3470 3837 3794 3909 κασιγνήτῳ

363 3916 486 3991 ἄρτι
517 3916 569 3991 ἔξ
602 3916 1004 3992 ’Λτραμυττίου
1035 3916 1367 3987 ἐπανήκοντι
1401 3917 1538 3990 μετὰ
1585 3922 1693 3973 τῶν
1732 3916 1797 3972 ’ἐκ
1845 3917 2050 3992 Τροίας
2094 3916 2418 3990 Ἀρμενίων,
2454 3916 2610 3992 οἳπερ
2646 3918 2796 3990 αὐτῷ
2845 3920 3283 3994 συνεστράτευον,
3314 3919 3369 3984 ές
3399 3923 3462 3977 τὸ
3493 3923 3794 3994 Βυζάντιον

362 4006 697 4080 έπανέζευξε,
731 4003 1124 4083 διεῤῥηγμένος
1152 4006 1244 4060 τόν
1280 4007 1534 4079 στήμονα
1561 4010 1669 4060 τῶν
1702 4004 1930 4079 ἐντέρων
1960 4009 2080 4068 τοῖς
2111 4003 2351 4069 πολλοῖς
2380 4006 2758 4081 παρασάγγαις
2791 4003 2885 4071 οὕς
2915 4006 2968 4063 ἐν
2996 4011 3076 4080 τῷ
3105 4008 3322 4088 φεύγειν
3357 4006 3665 4084 διίππευσε,
3698 4015 3792 4070 καὶ

366 4093 658 4169 διῳδηκὼς
685 4094 776 4151 ἐπὶ
806 4097 941 4170 μέγα
969 4096 1062 4152 τὸν
1090 4093 1576 4172 κυλινδροφύλακα
1606 4092 1867 4159 θύλακον.

463 4187 615 4245 8ιῦ
654 4189 740 4243 11.
774 4188 1019 4244 Romani
1043 4204 1195 4258 vero,
1219 4189 1322 4259 qui
1369 4187 1563 4243 adhuc
1598 4187 1658 4242 in
1689 4189 1834 4243 urbe
1853 4190 2021 4243 erant

2231 4186 2315 4243 ια’.
2347 4186 2615 4259 Ῥωμαῖοι
2685 4182 2734 4240 δ’
2789 4185 2879 4243 ἐπὶ
2936 4186 3177 4257 τούτοις,
3211 4188 3331 4244 ὅσοι
3387 4196 3457 4267 τῇ
3518 4194 3814 4251 Κωνσταν-

391 4294 508 4348 prae
540 4282 699 4334 metu
729 4278 935 4334 dentes
972 4277 1337 4350 quatiebant,
1372 4277 1691 4334 etiamnum
1739 4276 1899 4333 velut
1945 4276 2021 4331 in-

2145 4275 2295 4331 τίνου
2324 4277 2683 4352 προσέμενον,
2733 4280 2814 4349 τῷ
2867 4274 2973 4332 δέει
3021 4277 3147 4340 τοὺς
3187 4276 3411 4342 ὀδόντας
3443 4277 3812 4357 ἐϐάμϐαινον,

389 4369 624 4422 tuentes
641 4366 985 4423 Latinorum
1007 4370 1211 4422 contra
1226 4383 1289 4422 se
1318 4366 1553 4424 strictos
1583 4366 1812 4439 gladios
1860 4371 1919 4421 et
1948 4365 2021 4422 di-

2143 4362 2223 4420 ἔτι
2249 4364 2611 4440 προκείμενον
2671 4363 2895 4441 ἔχοντες
2960 4364 3275 4445 ὀφθαλμοῖς
3330 4370 3424 4424 τὸν
3485 4374 3625 4427 κατά
3652 4378 3812 4448 σφῶν

386 4455 713 4527 reptionem
746 4454 1036 4510 bonorum
1071 4471 1086 4523 ε
1120 4456 1338 4527 quibus
1366 4456 1543 4513 rebus
1597 4460 1732 4529 post
1771 4455 2021 4513 Balduin:

2142 4453 2448 4530 έκξισισμὸν
2511 4459 2619 4511 τῶν
2681 4454 2930 4511 Λατίνων
2989 4456 3079 4511 καὶ
3152 4458 3254 4526 τὴν
3311 4455 3622 4536 διαρπαγὴν
3687 4468 3805 4519 τῶν

382 4544 709 4601 discessum
736 4544 1077 4616 nullajusta
1094 4546 1324 4602 ratione
1346 4545 1549 4602 afﬂicti
1596 4550 1784 4615 erant,
1812 4546 2021 4602 mensi:

2142 4544 2475 4619 προσόντων,
2522 4542 2556 4599 ἃ
2610 4545 2728 4599 κατ’
2777 4542 2969 4599 οὐδένα
3026 4542 3234 4600 δίκαιον
3288 4546 3456 4623 λόγον
3493 4551 3802 4623 ὑπέστησαν

378 4635 571 4693 Martii
603 4633 697 4690 die
725 4635 816 4704 25,
847 4633 1168 4691 indictione
1226 4636 1258 4689 8
1316 4636 1456 4691 anni
1502 4636 1668 4692 6713.
1699 4636 1810 4693 Sed
1843 4645 1899 4691 et
1923 4652 2032 4692 nos

374 4725 565 4782 adhuc
597 4723 871 4799 Selybriae
902 4724 1179 4797 inquilini
1203 4728 1493 4781 extremas
1516 4724 1714 4782 clades
1735 4728 2032 4796 exspecta-

370 4814 607 4886 bamus,
641 4815 1021 4872 Daonitarum
1054 4813 1377 4871 vicinorum
1435 4814 1739 4871 interitum
1793 4817 2024 4869 tantum

372 4923 489 4965 non
527 4909 587 4965 in
619 4913 942 4980 conspectu
974 4908 1279 4978 habentes,
1312 4913 1370 4965 et
1391 4906 1668 4977 evestigio
1714 4920 2022 4977 percusso-

367 5012 459 5053 res
518 4998 741 5054 strictis
797 4999 1041 5055 ensibus
1096 4997 1417 5071 Selybriam
1487 4994 1910 5067 ingredientes,
1969 5002 2025 5052 et

362 5085 673 5143 fasciculos
698 5092 930 5145 nostros
950 5094 1006 5144 et
1031 5104 1256 5159 pannos
1282 5084 1646 5156 diripientes.
1677 5084 2020 5156 Imperatrix

359 5175 502 5230 urbs
526 5176 594 5229 12
619 5177 712 5232 die
741 5177 979 5249 Aprilis,
1006 5176 1325 5232 indictione
1343 5176 1378 5228 7
1404 5173 1542 5230 anni
1565 5173 1708 5228 6712
1730 5192 1764 5230 a
1792 5173 2020 5230 Latinis

356 5268 527 5335 capta
555 5266 779 5321 est:15
836 5266 929 5321 die
981 5265 1254 5336 ejusdem
1312 5262 1618 5330 mensis,8
1674 5262 2016 5331 indictione,

356 5353 545 5409 Latini
576 5371 610 5410 a
642 5354 871 5426 Scythis
900 5354 1035 5411 victi
1066 5358 1228 5412 sunt.
1262 5352 1375 5410 Sed
1409 5353 1548 5424 quid
1583 5358 1853 5411 secutum
1886 5352 2016 5410 est?

2142 4633 2277 4705 μετὰ
2303 4635 2405 4703 τὴν
2437 4631 2497 4688 έκ
2550 4640 2650 4703 τῆς
2708 4632 2922 4695 πόλεως
2978 4633 3209 4710 ἄπαρσιν
3253 4636 3620 4711 Βαλδουίνου,
3650 4638 3801 4715 πέμ-

2134 4743 2275 4794 πτην
2307 4721 2534 4800 ἄγοντος
2581 4722 2671 4777 καὶ
2715 4722 2964 4793 εἰκοστὴν
3013 4728 3112 4779 τοῦ
3156 4726 3401 4801 Μαρτίου
3456 4730 3651 4802 μηνὸς,
3690 4738 3797 4800 τῆς

2131 4814 2257 4869 τότε
2308 4812 2617 4889 τρεχούσης
2674 4811 2877 4887 ὀγδόης
2937 4810 3297 4888 ίνδικτιῶνος,
3354 4825 3456 4874 τοῦ
3514 4821 3793 4895 ἑξακισχι-

2132 4901 2364 4959 λιοστοῦ
2420 4904 2843 4959 ἕπτακοσιοστοῦ
2906 4904 3095 4976 τρίτου
3161 4906 3253 4960 καὶ
3321 4904 3551 4965 δεκάτου
3613 4904 3790 4974 ἔτους.

2128 4991 2309 5049 Ἀλλὰ
2338 4993 2427 5048 καὶ
2484 4994 2650 5065 ἡμεῖς
2695 4990 2775 5047 ἔτι
2832 4998 3224 5068 παροικοῦντες
3277 5001 3347 5071 τῇ
3402 4992 3680 5069 Σηλυϐρίᾳ
3710 5000 3780 5051 τὰ

2124 5088 2234 5139 τῶν
2294 5087 2473 5137 κακῶν
2538 5080 2743 5156 ἔσχατα
2817 5082 3102 5157 εἰκάζομεν
3158 5087 3448 5158 πείσεσθαι,
3505 5086 3599 5152 τὴν
3659 5087 3770 5137 τῶν

2125 5176 2393 5228 Δαονιτῶν
2448 5170 2720 5248 ἀναίρεσιν
2788 5170 2847 5227 ἐκ
2922 5173 3183 5249 γειτόνων
3242 5174 3396 5232 οὖσαν
3452 5172 3612 5247 μόνον
3673 5174 3784 5229 οὐκ

2123 5260 2348 5335 ἐπόψιον
2409 5257 2656 5337 ἔχοντες,
2724 5264 2815 5317 καὶ
2894 5263 3041 5338 παρά
3112 5264 3280 5327 πόδας
3336 5264 3465 5326 τοὺς
3543 5265 3788 5342 σφαγέας

2123 5350 2388 5425 θεώμενοι
2435 5352 2534 5419 τὴν
2594 5345 2916 5427 Σηλυϐρίαν
2973 5352 3240 5418 εἰσιόντας
3289 5355 3538 5434 ξιφήρεις
3567 5355 3797 5418 καὶτὰς

356 5440 530 5497 Aliud
557 5441 855 5515 ﬂagellum
886 5443 1319 5501 atrocissimum
1351 5450 1406 5501 et
1430 5442 2012 5499 calamitosissimum

2129 5443 2280 5514 ἡμῶν
2309 5437 2610 5516 ἀγκαλίδας
2648 5439 2740 5495 καὶ
2790 5441 2859 5497 τὰ
2905 5440 3067 5520 ῥάκια
3111 5442 3575 5520 προνομεύοντας.
3619 5444 3792 5507 Δεκᾶς

354 5529 617 5585 emicuit.
651 5532 794 5589 Nam
826 5536 1085 5590 Joannes
1113 5535 1332 5607 Mysus,
1398 5532 1555 5589 idem
1608 5532 2007 5588 Romanorum

2124 5531 2221 5607 μὲν
2252 5530 2351 5585 οὗν
2401 5528 2487 5585 ἐπὶ
2550 5525 2705 5585 δυάδι
2759 5534 2856 5586 τοῦ
2911 5531 3206 5608 ’Δπριλίου
3250 5535 3433 5608 μηνὸς
3464 5533 3795 5605 ἐνειστήκει,

351 5616 544 5673 hostis
574 5623 631 5676 et
656 5622 886 5690 vindex,
946 5620 1164 5695 oppida
1221 5622 1487 5695 Byzantio
1544 5621 1739 5677 vicina
1784 5620 2011 5677 Latinis

2129 5628 2217 5692 τῆς
2251 5615 2494 5694 ἑϐδόμης
2543 5616 2911 5690 ῗνδικτιῶνος,
2961 5624 3059 5677 τοῦ
3107 5622 3590 5699 έξακισχιλιοστοῦ
3619 5625 3795 5680 ἑπτα-

348 5705 666 5766 tributaria
690 5713 922 5787 Scythis
954 5711 1285 5783 diripienda
1306 5711 1593 5769 concedit.
1653 5711 1742 5767 Ibi
1793 5725 2006 5768 novum

2129 5713 2403 5766 ιοσιοστοῦ
2435 5705 2744 5765 δωδεκάτου
2772 5702 2946 5781 ἔτους,
2979 5712 3071 5767 καὶ
3115 5714 3151 5784 ἡ
3197 5712 3420 5790 βασιλὶς
3452 5712 3619 5777 πόλις
3648 5714 3801 5790 πρὸς
