4074 6404
317 405 470 464 1005

1760 401 1966 461 URBS
2008 398 2286 460 CAPTA.

3577 404 3731 465 1006

314 534 558 590 Λατίνων
608 533 957 611 κεχείρωται·
1020 537 1090 608 τῇ
1151 530 1206 589 δὶ
1263 529 1715 606 πεντεκαιδεκάτῃ
1745 535 1842 587 τοῦ
1875 531 1951 585 αὖε

2082 538 2138 588 et
2170 534 2518 589 inusitatum
2551 534 2794 606 malum,
2827 535 2980 608 quod
3015 550 3187 591 omne
3233 535 3512 592 divinitus
3572 537 3731 592 inﬂi-

314 633 411 682 τοῦ
475 629 662 702 μηνὸς,
717 635 817 698 τῆς
895 624 1100 703 ὀγδόης
1161 623 1520 694 ἲνδικτιῶνος,
1582 625 1684 679 ὑπὸ
1748 625 1967 678 Σκυθῶν

317 721 536 774 Λατῖνοι
606 715 1107 794 κατηγωνίσθησαν.
1177 714 1355 773 Ἀλλᾶ
1418 715 1540 770 τίνα
1605 715 1673 767 τὰ
1737 712 1966 791 ἐφεξῆςὶ

315 809 468 883 ἑτέρα
524 810 712 880 μάστιξ
775 801 1092 862 στιλϐοῦται
1150 804 1474 878 Ῥωμαίοις,
1514 802 1839 880 βαρύστονός
1888 823 1972 865 τις

313 898 402 950 καὶ
435 897 885 974 πολυσύμφορος.
947 895 1007 952 Ὀ
1064 895 1166 971 γὰρ
1221 895 1399 954 Μυσὸς
1461 893 1738 962 Ἰωάννης,
1771 889 1968 965 ἐχθρὸς

312 989 425 1060 ἅμα
481 987 570 1042 καὶ
629 985 922 1056 ἐκδικητὴς
983 983 1284 1058 Ῥωμαίοις
1317 981 1678 1057 δεικνύμενος,
1715 977 1968 1036 ἐκδίδωσι

309 1082 424 1138 τοῖς
457 1077 688 1140 Σκύθαις
719 1076 794 1138 εἰς
844 1075 1131 1152 προνομὴν
1189 1073 1308 1128 ὅσαι
1364 1071 1717 1144 κωμοπόλεις
1756 1070 1834 1143 τῷ
1865 1073 1967 1127 Βυ-

313 1163 509 1236 ζαντίῳ
558 1163 867 1238 ἐγγίζουσαι
928 1184 1126 1242 φονους
1181 1167 1296 1223 τοῖς
1354 1161 1610 1223 Λατίνοις
1671 1159 1964 1239 εἰσέφερον.

309 1255 409 1310 Καὶ
441 1253 506 1322 ἦν
543 1251 673 1308 ἰδεῖν
729 1251 1079 1328 ἀλλότροπόν
1136 1272 1189 1306 τι
1244 1252 1408 1306 κακὸν
1464 1252 1551 1306 καὶ
1586 1249 1847 1320 ἀσύνηθες
1876 1248 1966 1303 καὶ

305 1346 477 1397 πᾶσαν
538 1342 835 1416 ῦπερπαῖον
889 1341 1202 1412 θεοκίνητον
1257 1339 1513 1418 μάστιγα.
1569 1341 1676 1410 Γην
1727 1338 1830 1414 γὰρ
1860 1336 1965 1392 αύ-

304 1433 531 1506 τήνγῆν
592 1431 682 1486 καὶ
739 1433 802 1487 τὸ
862 1431 993 1487 αὐτὸ
1053 1429 1206 1494 ἔθνος
1263 1427 1457 1503 ἐδῄουν
1513 1427 1642 1504 γένη
1677 1425 1963 1501 διττὰ,πῇ

311 1522 404 1593 μὲν
455 1522 697 1593 ἑκάτερα,
751 1523 828 1594 πῇ
878 1519 935 1575 δὲ
990 1521 1210 1594 θάτερον
1260 1520 1405 1594 παρὰ
1458 1519 1682 1592 θάτερον
1718 1517 1962 1572 ἐπεισπί-

305 1629 528 1664 πτοντα.
575 1607 777 1662 Σκύθαι
826 1629 884 1662 τε
935 1609 1038 1684 γὰρ
1076 1609 1143 1662 τὰ
1184 1606 1236 1661 ἐν
1292 1609 1450 1660 ποσὶν
1483 1605 1722 1668 ἐπιόντες
1754 1603 1961 1680 ἔκειρον

302 1699 392 1752 καὶ
431 1718 583 1753 τινας
641 1702 747 1752 τῶν
800 1695 996 1752 κάλλει
1052 1695 1362 1771 διαπρεπῶν
1412 1695 1790 1770 αἰχμαλώτων
1828 1695 1962 1768 μετὰ

308 1796 640 1864 μαστιγωσιν
691 1791 810 1849 τοῖς
861 1787 1064 1842 ἑαυτῶν
1117 1786 1378 1851 ἐπέθυσαν
1435 1783 1688 1859 δαίμοσιν
1724 1787 1958 1859 ἀναρτή-

303 1897 514 1946 σαντες,
581 1873 672 1930 καί
757 1881 982 1931 Λατῖνοι
1043 1879 1111 1951 τῇ
1178 1878 1315 1932 κατὰ
1381 1881 1529 1954 σφῶν
1605 1875 1958 1931 ἐπαναστάσει

297 1965 591 2039 Ῥωμαίων
632 1965 721 2019 καὶ
768 1970 847 2037 τῷ
893 1966 1030 2040 πρὸς
1081 1967 1303 2021 Σκυθῶν
1354 1967 1660 2036 ἡττηθῆναι
1701 1961 1954 2040 διαπριό-

303 2076 459 2128 μενοι
525 2058 606 2128 [Ρ.
657 2057 786 2129 398]
848 2053 1000 2110 οὐδὲν
1070 2049 1296 2111 ἔλαττον
1363 2055 1672 2128 Ῥωμαίους
1731 2052 1949 2127 ἐδῄουν.

299 2141 490 2208 Οὐδεὶς
521 2143 700 2199 τοίνυν
735 2145 903 2206 τόπος
938 2145 1128 2214 σώζων
1161 2146 1227 2214 ἦν
1259 2144 1350 2199 καὶ
1382 2142 1766 2218 λυτρούμενος,
1795 2143 1951 2213 ἠπεί-

304 2255 398 2310 ρου
453 2235 547 2308 μέν
589 2238 768 2289 κακῶν
801 2233 1034 2309 ἀπείρων
1076 2232 1400 2305 πληθούσης
1429 2235 1517 2288 καὶ
1548 2238 1654 2288 τῶν
1689 2231 1949 2308 ὀλεθρίων

297 2321 466 2395 οὔσης
523 2322 942 2400 ὀλεθριωτέρας,
1024 2325 1366 2398 μονοκτόρων
1434 2321 1492 2379 δὲ
1561 2328 1777 2396 σκαφῶν
1836 2311 1952 2378 καθ’

297 2412 404 2471 ’ἀλα
452 2413 860 2488 περιπλεόντων
920 2419 1213 2469 Λατινικοῦ
1272 2417 1668 2488 συντάγματος,
1722 2412 1954 2489 λῃστείᾳ

295 2522 356 2557 τε
403 2502 493 2556 καὶ
541 2501 822 2577 πειρατείᾳ
859 2508 1040 2567 κακῶς
1078 2503 1332 2560 τιθέντων
1391 2505 1452 2558 τὸ
1510 2505 1724 2569 ὁθενοῦν
1757 2504 1949 2577 ἀναγό-

298 2613 475 2665 μενον.
506 2594 567 2650 Ὀ
602 2591 658 2648 δὲ
706 2595 961 2665 Ἰωάννης
1010 2601 1129 2658 ταῖς
1183 2597 1440 2672 Θρᾳκίαις
1494 2597 1570 2668 μὴ
1613 2591 1949 2670 ἐμϐραδύνας

294 2681 519 2738 πόλεσιν
550 2681 600 2746 ἐς
634 2683 1036 2756 Θεσσαλονίκην
1065 2684 1229 2758 ἳεται,
1271 2687 1408 2762 πρὸς
1439 2686 1500 2742 τὸ
1532 2683 1725 2741 δοκοῦν
1760 2686 1950 2758 ἐκείνῳ

293 2774 362 2828 τὰ
427 2772 599 2828 ἐκεῖσε
661 2773 1136 2848 καταστησόμενος
1194 2775 1514 2853 πράγματα,
1558 2775 1648 2830 καὶ
1695 2775 1789 2837 τὰς
1847 2774 1952 2829 πό-

297 2859 413 2922 λεις
450 2861 775 2932 ἀποστήσων
826 2867 934 2917 τῶν
985 2864 1224 2920 Λατίνων
1273 2865 1362 2920 καὶ
1425 2864 1783 2940 μεθαρμόσων
1812 2864 1949 2938 πρὸς

296 2952 505 3008 ἑαυτόν.
588 2951 796 3008 Οὔκουν
868 2953 1165 3030 ἀφιγμένος
1237 2955 1312 3017 εἷς
1380 2953 1584 3032 Σέρῥας
1651 2953 1785 3028 μετᾶ
1838 2957 1948 3008 τῶν

287 3041 460 3095 ἐκεῖσε
516 3041 757 3095 Λατίνων
819 3043 1151 3120 συρῥήγνυσι
1209 3041 1482 3118 πόλεμον,
1539 3044 1630 3099 καὶ
1689 3045 1803 3117 μεθ’
1864 3044 1950 3099 αὶ-

291 3131 475 3204 μάτων
509 3129 717 3204 ῥεύσεις
748 3130 962 3196 πολλὰς
1017 3134 1104 3188 καὶ
1165 3135 1373 3189 τούτων
1423 3155 1547 3204 νικη
1603 3136 1702 3204 τής
1737 3131 1953 3188 ἀναδεί-

285 3241 492 3277 κνυται.
529 3220 596 3276 Οἳ
640 3220 742 3294 γὰρ
795 3227 1017 3277 Λατῖνοι
1073 3227 1153 3295 τῷ
1209 3225 1451 3295 σφετέρῳ
1484 3244 1539 3278 τε
1569 3217 1783 3298 ἀκριϐεῖ
1812 3223 1949 3298 πρὸς

2079 632 2235 681 ctum
2271 626 2625 697 supplicium
2687 633 2944 698 superat,
3002 628 3126 681 erat
3184 642 3437 682 cernere.
3487 626 3728 683 Terram

2077 717 2640 783 eamdem,eamdem
2672 720 2905 786 gentem
2937 714 3059 770 bini
3093 716 3291 787 populi
3350 715 3727 785 infestabant,

2075 808 2220 864 alias
2253 808 2505 879 utrique,
2541 807 2686 863 alias
2708 805 2948 863 alternis
2978 806 3292 862 irruentes.
3325 806 3471 862 Nam
3507 810 3562 861 et
3594 806 3727 878 Scy-

2077 897 2186 954 thae
2211 898 2378 954 obvia
2409 912 2652 969 quaeque
2672 895 2996 967 vastabant,
3029 896 3182 951 816
3207 899 3264 950 et
3287 895 3507 967 aliquot
3541 897 3730 952 forma

2074 986 2420 1043 excellentes
2439 985 2697 1057 captivos
2721 988 2852 1054 post
2880 985 3066 1055 ﬂagra
3087 1001 3410 1056 suspensos
3433 984 3558 1040 suis
3607 986 3725 1040 daa-

2077 1078 2351 1132 monibus
2382 1075 2809 1145 immolabant;
2840 1078 2896 1129 et
2928 1073 3116 1128 Latini
3141 1075 3534 1128 Romanorum
3569 1073 3725 1130 dei-a-

2074 1164 2690 1236 ctionoetScytharum
2711 1165 2782 1218 de
2805 1180 2866 1218 se
2888 1162 3130 1218 victoria
3152 1161 3503 1218 inﬂammati
3544 1161 3726 1218 nihilo

2073 1255 2262 1311 secius
2294 1256 2352 1309 in
2388 1258 2617 1310 nostros
2653 1253 2802 1307 ferro
2859 1257 2916 1307 et
2974 1251 3096 1320 igni
3127 1251 3564 1322 grassabantur.
3610 1250 3724 1305 Nec

2073 1343 2230 1400 ullus
2254 1343 2420 1399 locus
2451 1350 2574 1398 erat
2629 1342 2729 1414 qui
2786 1341 3074 1397 auxilium
3133 1344 3188 1395 et
3232 1339 3486 1395 salutem
3520 1339 3726 1396 afferre

2071 1438 2428 1505 posset,cum
2460 1436 2615 1487 terra
2645 1431 2954 1487 continens
2981 1429 3154 1485 malis
3201 1428 3453 1484 inﬁnitis
3513 1430 3724 1484 redun-

2071 1525 2256 1592 daret,
2288 1524 2415 1594 ipsa
2437 1521 2690 1594 pernicie
2720 1518 3139 1592 perniciosior;
3164 1522 3221 1573 et
3269 1517 3609 1573 Latinorum
3641 1517 3729 1590 pi-

2069 1615 2261 1670 raticis
2302 1629 2476 1670 naves
2507 1628 2666 1667 mare
2703 1615 3112 1682 pervagantes,
3143 1607 3430 1680 quidquid
3479 1624 3507 1663 e
3548 1611 3722 1679 portu

2070 1706 2457 1774 undecunque
2496 1700 2764 1768 solveret,
2805 1699 2956 1755 male
2987 1701 3326 1754 tractarent.
3366 1699 3437 1752 At
3463 1700 3721 1753 Joannes

2067 1795 2328 1851 Thraciis
2371 1793 2616 1850 urbibus
2673 1806 2790 1847 non
2858 1789 3210 1844 immoratus
3247 1785 3720 1842 Thessalonicam

2066 1887 2362 1956 prOperat,
2406 1887 2467 1938 ut
2496 1898 2604 1938 suo
2644 1881 2930 1936 arbitratu
2973 1877 3335 1950 provinciam
3372 1875 3533 1932 illam
3594 1893 3725 1932 con-

2065 1975 2329 2030 stitueret
2349 1979 2404 2028 et
2433 1971 2607 2027 urbes
2639 1987 2672 2026 a
2693 1967 2914 2026 Latinis
2944 1967 3179 2024 avulsas
3227 1965 3341 2022 sibi
3369 1965 3717 2022 vindicaret.

2065 2067 2247 2136 Igitur
2276 2067 2478 2120 Serras
2511 2063 2802 2134 profectus
2832 2077 2965 2115 cum
3011 2058 3228 2114 Latinis
3269 2056 3370 2128 qui
3426 2056 3508 2113 ibi
3553 2059 3718 2112 erant

2064 2168 2324 2223 pugnam
2365 2149 2704 2214 committit,
2770 2152 2825 2203 et
2884 2163 2983 2202 eos
3041 2161 3291 2217 quoque,
3324 2145 3426 2200 sed
3472 2149 3718 2200 eruenta

2061 2240 2324 2307 victoria,
2366 2243 2800 2310 superatznam
2829 2235 3020 2291 Latini
3068 2232 3455 2304 eldisciplina
3473 2231 3716 2288 militari

2063 2331 2192 2386 freti
2224 2335 2281 2385 et
2318 2329 2526 2384 Joanni
2561 2326 2788 2382 fortiter
2818 2325 3050 2380 obviam
3084 2324 3304 2395 egressi
3327 2321 3545 2378 multos
3584 2323 3714 2392 ejus

2065 2419 2282 2474 milites
2316 2417 2670 2473 ceciderunt.
2698 2416 2805 2470 Sed
2842 2430 2957 2468 non
2989 2411 3176 2468 multo
3210 2420 3340 2484 post
3396 2428 3531 2468 cum
3581 2409 3718 2466 victi

2065 2516 2118 2562 et
2159 2509 2228 2563 ad
2264 2507 2469 2562 urbem
2529 2506 2730 2560 Sel-ras
2798 2502 3061 2559 conversi
3129 2508 3346 2570 essent,
3400 2504 3721 2572 antequam

2065 2603 2266 2669 portas
2306 2596 2662 2662 clauderent,
2696 2592 2896 2649 Blachi
2937 2598 2995 2648 et
3017 2590 3288 2660 Romani,
3322 2590 3424 2663 qui
3455 2588 3730 2662 fugienti»

2065 2686 2179 2741 bus
2219 2686 2540 2754 instabant,
2584 2700 2700 2739 una
2727 2683 3088 2753 irruperunt'
3132 2679 3282 2736 Urbs
3334 2680 3415 2735 ita
3472 2683 3642 2750 capta
3671 2681 3729 2735 et

2060 2775 2302 2832 incensa
2315 2779 2402 2831 est
2415 2780 2472 2831 et
2485 2773 2693 2830 moenia
2708 2772 2904 2828 diruta
2922 2790 2935 2841 ;
2953 2772 3052 2842 qui
3097 2771 3506 2843 comprehensi
3540 2771 3724 2838 fuere,

2061 2865 2295 2920 abducti
2327 2870 2385 2920 et
2414 2865 2563 2919 817
2616 2863 2818 2920 vincti.
2862 2863 2942 2918 Ex
2994 2861 3176 2917 Latini
3241 2860 3529 2916 exercitus
3587 2859 3720 2915 reli-

2059 2953 2211 3023 quiis
2251 2952 2370 3021 alii,
2403 2956 2470 3007 ut
2500 2951 2748 3023 quisque
2778 2949 2987 3020 potuit,
3013 2948 3191 3004 saluti
3250 2965 3369 3004 suis
3401 2946 3714 3003 consulue-

2059 3048 2218 3111 runt,
2252 3045 2349 3100 alii
2381 3061 2574 3100 arcem
2629 3047 3010 3115 occuparunt.
3045 3044 3230 3107 Quam
3272 3040 3553 3113 postridie
3601 3040 3714 3095 cir-

2059 3135 2324 3190 cumiens
2352 3135 2611 3190 Joannes
2643 3132 2887 3202 Latinis,
2920 3133 2969 3189 si
3000 3150 3127 3190 eam
3161 3131 3460 3201 dederent,
3491 3130 3713 3187 incolu-

2061 3224 2320 3282 mitatem
2347 3224 2634 3296 promisit.
2661 3223 2766 3291 Qui
2790 3240 2923 3280 cum
2951 3221 3308 3278 marchionis
3329 3221 3455 3278 lreli
3477 3220 3713 3278 auxiliis

281 3311 380 3372 τὰς
455 3309 638 3383 μάχας
701 3309 791 3363 καὶ
857 3314 938 3382 τῷ
1003 3318 1102 3380 τῆς
1169 3288 1521 3385 αύτεμϐολῆς
1586 3288 1790 3384 ἑτοίμῳ
1853 3288 1944 3367 τὸν

2062 3330 2186 3369 eam
2213 3312 2669 3384 postulationem
2694 3315 3168 3384 aspernarentur,
3199 3309 3387 3367 scalas
3431 3313 3617 3382 parat,
3657 3313 3718 3366 et

288 3394 549 3465 Ἰωάννην
583 3393 864 3470 δεξάμενοι
894 3397 1141 3461 πολλοὺς
1191 3403 1298 3454 τῶν
1357 3399 1446 3454 ὑπ’
1479 3398 1638 3453 αὐτὸν
1672 3399 1946 3474 κατέτρω-

289 3505 407 3539 σαν’
447 3486 561 3558 μετ’
606 3487 670 3541 ού
711 3486 855 3543 πολὺ
899 3485 955 3542 δὲ
1007 3489 1242 3559 ἡττηθὲν
1275 3489 1337 3544 τὸ
1370 3490 1656 3544 Λατινικὸν
1689 3489 1948 3562 καὶπρὸς

289 3576 392 3645 τήν
422 3572 588 3630 πόλιν
619 3577 715 3637 τὰς
745 3576 954 3653 Σέρῥας
999 3578 1342 3651 τραπόμενον
1384 3579 1484 3634 οῦκ
1528 3572 1662 3657 ἔφθη
1696 3577 1949 3654 συγκλεῖ-

280 3683 370 3717 σαι
431 3662 526 3725 τὰς
588 3663 818 3740 Σέρῥας,
875 3667 967 3720 καὶ
999 3665 1128 3721 εἳσω
1184 3672 1292 3722 τῶν
1318 3672 1625 3746 τειχισμῶν
1678 3666 1952 3722 συνεισπί-

289 3773 514 3807 πτουσιν
550 3753 600 3808 οἶ
642 3758 749 3809 τῶν
813 3755 1118 3831 φευγόντων
1177 3756 1353 3812 ὀπίσω
1409 3756 1700 3836 φερόμενοι
1732 3755 1950 3832 Βλάχοι

283 3863 344 3898 τε
402 3841 492 3896 καὶ
550 3843 841 3917 Ῥωμαῖοι.
902 3845 1000 3900 Καὶ
1061 3845 1234 3909 οὕτως
1294 3847 1460 3911 πόλις
1496 3847 1701 3927 εἲχετο.
1742 3849 1946 3918 Εἴταὴ

295 3933 388 4004 μὲν
419 3933 484 4001 ἦν
519 3931 572 3987 ἐν
610 3933 740 4008 πυρὶ
797 3935 888 3990 καὶ
940 3941 1008 4010 τῇ
1067 3942 1175 3992 τῶν
1205 3942 1406 4012 τειχῶν
1439 3935 1765 4011 καθαιρέσει,
1797 3938 1858 3992 τὸ
1891 3934 1948 3992 δὲ

285 4020 600 4100 συλληφθὶν
643 4023 694 4078 έν
752 4025 1074 4102 ἀπαγωγαῖς
1131 4025 1223 4082 καὶ
1272 4025 1516 4100 δεσμοῖς.
1549 4029 1662 4084 Τοῦ
1694 4023 1750 4081 δὲ
1781 4034 1948 4081 Λατι-

277 4117 437 4166 νικοῦ
493 4115 900 4188 στρατεύματος
961 4115 1162 4171 ὁπόσον
1226 4117 1302 4188 μὴ
1360 4116 1497 4171 κατὰ
1547 4115 1639 4172 τὸν
1699 4115 1945 4189 πόλεμον

278 4201 599 4275 ἀπεγένετο,
660 4202 688 4255 ὅ
749 4204 842 4274 μὲν
901 4203 974 4264 ὡς
1033 4202 1283 4266 ἑκάστοις
1332 4205 1650 4280 προυχώρει
1682 4206 1942 4262 σέσωστου

272 4288 307 4343 ὅ
341 4287 399 4342 δὲ
424 4295 523 4357 τῆς
574 4288 744 4364 ἄκρας
790 4285 1099 4362 λαϐόμενον
1135 4286 1286 4347 ἔνδον
1318 4292 1563 4366 ἐπέμενε.
1597 4297 1677 4361 Τῇ
1711 4291 1756 4348 δ’
1789 4294 1945 4348 ὑστε-

275 4377 411 4448 ραίᾳ
441 4377 748 4450 περιελθὼν
777 4380 877 4448 την
936 4378 1100 4452 ἄκραν
1162 4381 1190 4434 ὁ
1246 4382 1502 4452 Ἰωάννης
1532 4386 1646 4445 τοῖς
1679 4381 1733 4445 ἐς
1773 4381 1940 4452 αὐτὴν

273 4469 622 4541 ξυμφυγοῦσι
687 4471 943 4532 Λατίνοις
999 4468 1330 4546 παραδοῦναί
1392 4474 1443 4527 οἱ
1499 4473 1562 4527 τὸ
1616 4473 1822 4549 χωρίον
1852 4474 1942 4529 καὶ

2059 3403 2119 3459 in
2154 3402 2374 3459 tumulo
2399 3402 2650 3474 quodam
2675 3417 2705 3457 ο
2727 3403 2962 3473 regione
2984 3400 3136 3456 arcis
3167 3399 3442 3456 machina
3457 3399 3713 3456 maxime

2056 3492 2338 3548 collocata
2366 3491 2581 3547 mmnia
2621 3491 2772 3548 ferit.
2799 3490 2986 3545 Latini
3026 3507 3159 3545 vero
3192 3489 3560 3562 depromptis
3591 3505 3714 3545 om-

2057 3583 2230 3637 nibus
2253 3581 2323 3636 iis
2357 3598 2487 3652 quas
2509 3581 2579 3635 ad
2604 3580 3007 3636 defensionem
3033 3577 3168 3635 usui
3191 3583 3391 3635 essent
3422 3594 3713 3651 repugna-

2058 3672 2220 3738 bant,
2253 3672 2434 3726 donec
2464 3671 2748 3726 Joannem
2806 3686 2975 3726 muro
3033 3668 3190 3724 velut
3245 3668 3368 3740 igni
3426 3675 3481 3723 et
3550 3668 3712 3723 omni

2055 3762 2313 3816 exercitu
2351 3765 2537 3816 totam
2571 3777 2762 3816 arcem
2788 3760 3566 3816 circumdedisseetomnem
3594 3757 3706 3812 sibi

2054 3851 2271 3906 exitum
2304 3850 2708 3906 interclusisse
2739 3849 3032 3915 viderunt,
3065 3857 3125 3903 ut
3178 3863 3283 3903 nec
3331 3848 3505 3918 pedes
3553 3846 3708 3902 ullus

2052 3941 2202 3996 clam
2234 3941 2305 3996 ad
2340 3940 2736 3996 marchionem
2766 3939 3065 4011 pervenire
3104 3942 3321 4009 posset.
3363 3937 3514 3992 Tum
3571 3953 3705 3992 vero

2051 4046 2117 4085 ea
2145 4028 2480 4085 conditione
2509 4029 2863 4085 deditionem
2897 4027 3084 4083 facere
3129 4027 3459 4092 voluerunt,
3492 4024 3541 4081 si
3592 4025 3704 4082 sibi

2050 4137 2186 4176 cum
2219 4120 2401 4175 armis
2432 4124 2489 4175 et
2519 4119 2686 4190 equis
2716 4123 2844 4174 tuto
2883 4118 3184 4174 discedere
3254 4116 3472 4173 liceret.
3514 4119 3702 4183 Quam

2047 4210 2146 4266 illo
2171 4226 2411 4281 prorsus
2427 4208 3296 4280 repudiante,postulantduces
3318 4206 3430 4262 sibi
3459 4207 3702 4262 domum

2047 4299 2366 4353 reversuris
2397 4297 2639 4353 attribui
2673 4313 2856 4367 usque
2922 4298 2993 4352 ad
3048 4295 3362 4352 Pannonias
3411 4296 3579 4352 fines.
3613 4297 3706 4352 Slo

2046 4387 2260 4442 foedere
2287 4386 2401 4442 icto
2432 4385 2531 4441 ille
2563 4403 2753 4442 arcem
2803 4387 3130 4458 occupavit,
3192 4385 3253 4441 hi
3309 4385 3456 4441 citra
3484 4385 3702 4441 discri-

2049 4493 2184 4531 men
2218 4477 2513 4531 abierunt.

277 4557 556 4624 σώζεσθαι
637 4555 1110 4633 διακηρυκεύεται.
1185 4561 1254 4618 Οἱ
1329 4559 1387 4617 δὲ
1462 4559 1618 4617 οὐδὲν
1698 4562 1952 4640 ἐφρόνουν
2025 4560 2335 4637 ἐνδόσιμον.
2409 4565 2508 4632 τήν
2567 4563 2672 4619 ἀπὸ
2735 4568 2832 4619 τοῦ
2909 4563 3204 4640 μαρκεσίου
3277 4560 3708 4638 καραδοκοῦντες

287 4643 570 4718 σύναρσιν.
615 4647 718 4702 Καὶ
759 4647 810 4702 ἐν
852 4648 1034 4722 τούτῳ
1073 4648 1348 4724 κλίμακας
1389 4652 1417 4706 ὁ
1460 4649 1714 4723 Ἰωάννης
1755 4651 2067 4727 ηὐτρέπισε,
2107 4652 2198 4708 καὶ
2236 4653 2373 4708 κατὰ
2427 4652 2594 4729 λόφον
2654 4652 3021 4727 ἀντικείμενον
3084 4657 3154 4728 τῇ
3222 4652 3363 4726 ἄκρᾳ
3443 4652 3706 4728 μεγίστην

265 4735 581 4804 ἐπιστήσας
639 4735 898 4794 ἑλέπολιν
953 4740 1019 4794 τὰ
1073 4740 1234 4818 τείχη
1296 4737 1538 4798 ἔτυπτεν.
1601 4741 1669 4798 Οἱ
1727 4739 1774 4796 δ’
1833 4743 1922 4797 ἐπὶ
1977 4745 2079 4808 τῆς
2137 4741 2302 4816 ἄκρας
2353 4744 2527 4798 ὁπόσα
2562 4747 2668 4798 τῶν
2697 4748 2904 4822 τειχῶν
2936 4745 3246 4819 ἀμυντήρια
3275 4742 3704 4817 προπετάσαντες

273 4825 378 4880 καὶ
438 4826 880 4898 προεκτείναντες
937 4827 1198 4901 ἐπέμενον
1262 4829 1661 4904 ἀνθιστάμενοι.
1719 4832 1871 4886 Ἐπεὶ
1948 4829 2005 4886 δὲ
2063 4832 2340 4896 θεάσαιντο
2397 4835 2489 4888 τὸν
2546 4833 2800 4904 Ἰωάννην
2852 4834 2926 4895 ὡς
2983 4833 3036 4889 ἒν
3087 4831 3218 4908 πυρὶ
3279 4836 3555 4907 τειχισμῷ
3605 4831 3705 4899 τήν

273 4914 454 4989 ἄκραν
509 4913 836 4993 διειληφότα
892 4919 1051 4972 παντὶ
1110 4923 1188 4990 τῷ
1240 4919 1601 4994 στρατεύματι
1652 4921 1742 4975 καὶ
1799 4926 1973 4977 πᾶσαν
2034 4919 2429 4978 ἀποκλείσαντά
2485 4944 2634 5002 σφισι
2691 4921 2929 4999 πάροδον
2991 4924 3064 4985 ὡς
3102 4919 3242 4995 μηδὲ
3285 4920 3414 4976 ποσὶ
3447 4917 3703 4975 δύνασθαί

262 5027 398 5060 τινα
429 5004 633 5079 κλέψαι
662 5009 761 5076 τὴν
799 5007 872 5068 είς
903 5009 993 5062 τὸν
1041 5007 1330 5083 μαρκέσιον
1377 5009 1575 5084 ἄφιξιν,
1635 5010 1880 5067 ἐνδοῦναί
1939 5014 1991 5068 οἱ
2043 5014 2141 5083 τὴν
2202 5010 2368 5088 ἄκραν
2421 5012 2645 5084 ἤθελον,
2679 5013 2732 5070 εἴ
2758 5035 2907 5093 σφισι
2939 5010 3223 5069 σπένδοιτο
3253 5011 3345 5067 καὶ
3373 5010 3696 5087 συγχωροίη

259 5097 379 5162 τήν
417 5093 600 5164 ἔξοδον
654 5097 898 5166 ἀπαθῶς,
955 5099 1029 5159 ὡς
1094 5097 1284 5154 δπλιυν
1345 5101 1435 5155 καὶ
1492 5107 1600 5156 τῶν
1651 5099 1837 5157 τίπτιων
1897 5100 2108 5178 ἔχουσι.
2170 5106 2284 5160 Τοῦ
2341 5101 2398 5158 δέ
2458 5101 2587 5177 μηδ’
2636 5102 2823 5178 ἄκροις
2873 5103 2974 5158 ὠσὶ
3004 5103 3097 5165 τάς
3129 5103 3218 5158 ἐπὶ
3255 5107 3375 5164 ταῖς
3408 5104 3701 5172 συνθήκαις

257 5185 496 5247 ταύταις
550 5185 989 5262 παραδεξαμένου
1050 5187 1308 5260 σπονδάς,
1368 5189 1642 5246 αἰτοῦνται
1699 5194 1802 5262 τὴν
1861 5193 1936 5255 εἰς
1995 5192 2062 5247 τὰ
2117 5193 2346 5269 σφέτερα
2393 5194 2503 5263 ἤθη
2561 5194 2676 5266 μεθ’
2707 5193 2991 5268 ἡγεμόνων
3034 5190 3163 5246 ὀδοῦ
3198 5193 3363 5268 μέχρι
3393 5196 3499 5246 τῶν
3536 5198 3704 5246 Παιο-

263 5275 443 5359 νικῶν
473 5274 637 5349 ὁρίων
673 5278 1011 5354 ἀπόπεμψιν.
1046 5278 1152 5335 Καὶ
1202 5280 1277 5344 ὡς
1329 5275 1647 5356 προῦϐησαν
1701 5280 1791 5337 ἐπὶ
1842 5283 2061 5343 τούτοις
2117 5283 2297 5357 ἣρκια,
2357 5282 2384 5336 ὁ
2446 5283 2540 5356 μὲν
2600 5283 2720 5359 εἶχε
2771 5283 2874 5351 τὴν
2906 5283 3096 5358 ἄκραν,
3127 5283 3179 5337 οἱ
3211 5280 3256 5336 δ’
3288 5279 3566 5338 ἀκίνδυνον
3598 5285 3700 5353 τὴν

252 5353 566 5430 ἐξέλεὺσιν.

343 5445 508 5538 Ἀλλ’
566 5454 655 5506 οἷα
720 5457 809 5511 καὶ
874 5457 942 5514 τὰ
1004 5459 1140 5514 κατᾶ
1194 5461 1284 5515 τὸν
1348 5459 1596 5534 ἡγεμόνα
1649 5461 1796 5538 σφῶν
1837 5462 1928 5518 τὸν

256 5535 612 5611 μαρκέσιονε
673 5547 853 5619 χρεὼν
909 5547 1013 5623 γὰρ
1071 5546 1214 5622 μηδὲ
1267 5571 1435 5604 ταυτα
1489 5535 1780 5623 παρελθεῖν
1810 5549 1930 5606 ἀνι-

247 5627 529 5701 στόρητα.
573 5633 694 5688 Ἔτι
734 5640 850 5697 τοῖς
906 5657 1007 5692 κατ
1095 5641 1194 5709 τήν
1251 5643 1417 5706 νῆσον
1448 5638 1697 5702 Πέλοπος
1728 5636 1921 5696 διαπο-

232 5718 522 5790 νούμενος
597 5723 885 5800 πράγμασι
961 5730 1047 5783 καὶ
1130 5727 1219 5784 διᾶ
1297 5733 1486 5805 μάχης
1563 5733 1765 5805 χωρῶν
1839 5736 1920 5804 τῷ

2115 5464 2269 5520 818
2303 5465 2414 5520 Sed
2449 5464 2581 5536 quis
2612 5469 2802 5522 status
2863 5466 3032 5522 ducis
3089 5482 3292 5522 eorum
3343 5465 3704 5525 marchionis

2039 5553 2196 5610 fuit?
2219 5571 2355 5609 nam
2383 5569 2487 5611 nec
2507 5554 2615 5611 hoc
2637 5556 3101 5627 praetereundum
3163 5563 3274 5622 est,
3303 5556 3444 5611 dum
3507 5555 3698 5611 adhuc

2037 5643 2437 5716 Peloponneso
2465 5646 2874 5702 constituenda
2896 5649 3217 5718 occupatur
3237 5653 3290 5701 et
3322 5661 3457 5700 cum
3509 5645 3693 5702 Scuro

2032 5732 2296 5801 dimicat,
2329 5733 2540 5791 litteris
2564 5733 2762 5792 uxoris
2810 5751 2904 5792 res
2936 5751 3113 5792 novas
3154 5732 3349 5792 moliri
3383 5733 3688 5792 Thessalo.
