4074 6420
323 434 475 498 10οἾ

1650 420 1960 485 ΝῙΟΕΤΛΕ
1999 422 2420 487 ΕΗΟΝΙΛΤΒ

3586 416 3746 481 1008

327 573 593 629 niccnses
616 566 682 622 ﬁt
701 564 912 623 certior
928 579 952 626 ;
974 562 1165 634 ipsam
1183 560 1328 616 urbe
1348 558 1653 630 expulsam
1676 559 1736 614 in
1780 574 1968 615 arcem

2090 563 2345 635 Σγουρῷ,
2392 556 2694 637 γράμματά
2742 556 2796 614 οἳ
2841 556 2941 627 τῆς
2990 550 3247 630 γυναικὸς
3279 552 3583 633 χειρίζεται
3612 553 3748 640 τοὺς

326 658 659 729 confugisse
688 659 747 711 et
775 648 1253 724 compluresdies
1291 650 1409 718 jam
1456 648 1732 715 obsideri,
1773 650 1978 705 urbem

327 766 461 807 vero
492 765 527 804 a
555 746 770 802 Btacbo
809 741 1064 814 quodam
1098 738 1327 794 Prosaci
1360 742 1416 793 et
1463 737 1851 794 finitimorum
1892 737 1978 794 lo-

326 854 528 896 corum
566 836 840 892 Joannem
907 829 1145 885 ditionis
1204 827 1490 901 praefecto,
1526 828 1762 884 nomine
1812 828 1978 901 Ezyi-

327 921 992 995 smeno,teneri.0uibus
1007 918 1224 974 auditis
1252 916 1514 972 marchio
1538 918 1977 989 quamprimum

327 1034 497 1090 opem
529 1017 577 1072 ei
614 1015 761 1070 ferre
795 1011 999 1067 statuit
1055 1013 1113 1064 et
1167 1008 1423 1064 reditum
1485 1009 1817 1064 maturavit.
1864 1007 1977 1064 Sed

328 1115 644 1177 antequam
678 1099 1112 1158 Thessalonicae
1154 1099 1675 1170 apprOpinquaret,
1727 1096 1981 1154 occurrit

330 1197 455 1254 suis
486 1193 748 1249 hostium
779 1189 1003 1247 cladem
1061 1193 1119 1244 et
1176 1187 1641 1260 proﬂigationcm
1696 1187 1978 1243 nuntian-

327 1286 487 1341 tibus
519 1285 578 1339 et
615 1278 1105 1351 tranquillitatem
1167 1278 1299 1331 urbi
1356 1276 1710 1332 restitutam.
1767 1277 1979 1332 Earum

329 1387 526 1428 rerum
548 1370 706 1426 fama
720 1368 1065 1433 delectatus,
1104 1369 1159 1421 et
1181 1365 1307 1421 suis
1342 1367 1655 1433 ostentata,
1681 1363 1981 1421 conversis

327 1461 575 1518 habenis
604 1457 814 1529 Scopia
843 1460 994 1511 recte
1026 1453 1237 1522 tendit,
1292 1453 1539 1509 Joannis
1595 1453 1848 1526 injurias
1889 1452 1981 1509 ul-

326 1554 519 1605 turus.
551 1548 663 1603 Sed
695 1547 934 1601 vixdum
967 1560 1036 1600 ea
1064 1560 1192 1614 quae
1254 1543 1616 1613 parturicbat
1645 1557 1978 1614 aggressus,

332 1640 605 1695 nuntium
637 1636 814 1691 alium
845 1632 1055 1704 accipit
1076 1632 1145 1689 de
1167 1632 1409 1687 Comitis
1466 1631 1612 1688 Pleas
1660 1632 1897 1688 interitu
1925 1635 1983 1688 et

329 1724 701 1797 imperatoris
753 1722 1017 1778 Balduini
1076 1720 1429 1791 captivitate.
1492 1722 1690 1792 Itaque
1737 1722 1980 1792 repetito

331 1816 521 1886 priore
552 1813 757 1869 itinere
778 1810 1258 1867 Thessalonicam
1286 1809 1629 1881 ingreditur,
1658 1814 1718 1865 et
1734 1809 1980 1866 veritate

2089 647 2504 712 Θεσσαλονικεῖς
2577 648 2891 725 νεωτερίσαι
2967 642 3355 722 διασαφοῦντα,
3410 643 3503 698 καὶ
3579 639 3751 713 αύτήν

2094 738 2188 811 μὶν
2223 738 2540 809 ἐξωσθεῖσαν
2595 740 2695 809 τῆς
2755 736 2971 799 πόλεως
3023 734 3098 797 εἵς
3134 735 3235 805 τήν
3274 728 3579 807 ἀκρόπολιν
3621 734 3753 789 ἀνα-

2090 824 2317 902 δραμεῖν
2362 828 2453 884 καὶ
2486 829 2693 905 συχνὰς
2738 824 2949 901 ἡμέρας
2997 822 3109 895 ἤδη
3162 820 3605 894 πολιορκεῖσθαι,
3646 824 3750 894 τὴν

2090 914 2148 971 δὲ
2193 914 2356 973 πόλιν
2411 917 2648 974 εἰσιόντα
2695 916 2945 991 κατέχειν
2995 912 3211 990 Βλάχον
3249 911 3392 982 τινὰ,
3425 913 3747 985 Ἐτζυϊσμέ-

2088 1026 2181 1060 νον
2242 1008 2342 1076 τὴν
2392 1006 2615 1078 κλῆσιν,
2662 1008 2998 1085 φρουροῦντα
3043 1002 3133 1057 τὸν
3184 1002 3465 1077 Πρόσακον
3505 1001 3597 1056 καὶ
3645 1001 3745 1057 ὅσα

2090 1099 2199 1152 τῶν
2256 1092 2422 1151 ἐκεῖθι
2476 1101 2557 1169 τῷ
2611 1095 2828 1169 Ἰωάννῃ
2894 1094 3158 1164 κατήκοα.
3218 1092 3307 1155 Ὧς
3371 1092 3462 1146 οὖν
3514 1091 3740 1148 πύθοιτο

2087 1189 2256 1240 ταῦτά
2320 1186 2634 1261 μαρκέσιος,
2690 1183 2827 1260 ἔγνω
2884 1185 2982 1253 τὴν
3039 1181 3309 1258 ταχίστην
3356 1180 3597 1258 ἀρήγειν,
3643 1181 3732 1236 καὶ

2087 1276 2188 1345 τὴν
2219 1274 2442 1351 πορείαν
2498 1275 2733 1331 ἐπανιὼν
2793 1272 3045 1330 ἐπέτεινε.
3114 1273 3299 1343 Μήπω
3346 1267 3403 1326 δὲ
3432 1274 3498 1345 τῇ
3526 1276 3724 1326 Θεσσα-

2092 1364 2281 1440 λονίκῃ
2332 1367 2416 1439 [Ρ.
2451 1368 2579 1440 399]
2636 1364 2857 1443 ἐγγίσας
2915 1357 3224 1436 συμϐάλλει
3252 1364 3371 1421 τοῖς
3412 1358 3735 1435 ἀγγέλλουσι

2093 1454 2187 1523 τήν
2245 1458 2351 1509 τῶν
2410 1453 2696 1528 πολεμίων
2757 1452 2924 1523 ¹ἧτταν
2982 1451 3073 1506 καὶ
3128 1444 3467 1520 ἀποσόϐησιν
3522 1448 3611 1504 καὶ
3639 1449 3739 1517 τὴν

2089 1542 2301 1606 ἐσαῦθις
2332 1544 2564 1619 ἠρεμίαν
2613 1551 2713 1614 τῆς
2751 1541 2992 1605 πόλεως.
3036 1537 3259 1614 Ἀμέλει
3288 1540 3379 1594 καὶ
3408 1544 3525 1602 τοῖς
3554 1539 3744 1595 τοιού-

2088 1653 2208 1695 τοις
2275 1634 2608 1708 ἀκούσμασιν
2677 1633 2924 1705 ένησθεὶς
2989 1633 3082 1689 καὶ
3150 1627 3537 1709 φιλενδεικτῶν
3604 1628 3743 1704 πρὸς

2086 1722 2217 1785 τοὺς
2282 1721 2541 1791 οἰκείους,
2612 1723 2984 1799 μεταστρέψας
3040 1720 3107 1776 τὰ
3160 1719 3287 1791 ἠνία
3339 1723 3448 1774 τῶν
3491 1718 3745 1774 Σκοπίων

2088 1812 2175 1876 ἶθῦ
2207 1812 2447 1889 φέρεται,
2503 1814 2596 1870 τὸν
2659 1814 2910 1884 Ἰωάννην
2968 1810 3269 1884 ἀμύνασθαι
3327 1807 3498 1866 θέλων
3527 1813 3635 1863 τῶν
3670 1807 3749 1870 εἷς

327 1903 491 1961 illius
521 1902 708 1961 nuntii
729 1901 1069 1973 perlittcras
1092 1898 1432 1954 conﬁrmata
1474 1898 1845 1970 spicilegium
1897 1899 1968 1953 in-

2088 1903 2248 1999 αύτὸν
2302 1906 2629 1982 γεγονότων.
2686 1902 2851 1964 Ἀλλ’
2909 1896 3256 1999 οὔπω-,ἔφθη
3318 1896 3600 1999 ἐπιϐαλεῖν
3657 1901 3748 1962 οἷς

330 1994 525 2049 stituit
554 2008 585 2048 e
623 1996 818 2063 segete
838 1990 999 2046 urbis
1028 1989 1284 2046 nondum
1310 1986 1481 2059 plane
1516 1991 1757 2057 resecta,
1787 1989 1848 2044 in
1880 1988 1983 2044 illa

330 2080 468 2138 belli
500 2098 694 2138 messe
724 2082 880 2152 quod
936 2086 1070 2135 ante
1127 2093 1301 2133 suum
1360 2077 1612 2133 reditum
1664 2077 1982 2135 conﬂatum

331 2178 456 2228 erat
488 2190 503 2241 ;
536 2176 595 2226 et
625 2169 769 2227 alios
797 2170 952 2226 cives
984 2167 1231 2241 pecunia
1262 2167 1541 2223 multatos
1595 2167 1814 2239 pistillo
1872 2186 1982 2225 nu-

333 2263 529 2319 diores
552 2262 692 2317 urbe
713 2261 921 2333 exegit;
952 2257 1097 2315 alios
1120 2257 1353 2324 occidit,
1386 2256 1432 2312 8
1449 2258 1539 2312 l9
1563 2257 1709 2314 alios
1732 2275 1980 2332 suspen-

330 2351 435 2419 dit,
462 2356 583 2407 tam
616 2366 684 2406 ex
714 2349 880 2406 laicis
910 2364 1089 2422 quam
1120 2364 1182 2404 ex
1218 2348 1421 2403 ordine
1468 2347 1585 2403 Deo
1623 2353 1977 2405 consecrato.

334 2443 400 2497 Et
431 2441 828 2499 miserrimum
883 2442 1293 2513 imperatorem
1351 2438 1617 2495 Alexium
1676 2455 1807 2496 cum
1866 2443 1979 2497 Eu-

327 2531 623 2603 phrosyna
652 2531 903 2603 conjuge
933 2545 1037 2602 per
1068 2545 1228 2585 mare
1257 2530 1324 2585 ad
1362 2529 1714 2584 Alemannis;
1765 2529 1978 2602 princi-

330 2635 462 2693 pem
497 2620 673 2676 misit.
713 2620 870 2676 Heu!
907 2618 1021 2675 heu
1048 2619 1060 2674 l
1088 2635 1209 2675 rem
1236 2635 1445 2675 novam
1489 2623 1546 2673 et
1582 2617 1977 2675 miserabilem

326 2714 382 2764 et
410 2709 569 2780 apud
626 2712 917 2765 Romanos
962 2707 1331 2764 inauditam!
1389 2708 1501 2764 heu
1579 2709 1973 2780 spectaculum

327 2812 630 2868 nunquam
664 2799 847 2854 visum
882 2796 1203 2854 hactenus!
1259 2797 1472 2852 Audita
1522 2813 1692 2867 porro
1735 2797 1979 2856 Joannis

329 2887 401 2942 ad
433 2886 631 2942 Serras
675 2886 1083 2959 impressione,
1142 2884 1362 2941 auxilia
1415 2884 1537 2941 suis
1594 2886 1978 2958 popularibus

326 2974 513 3047 quiin
544 2991 614 3032 ea
641 2976 787 3032 urbe
843 2978 969 3031 erat
1026 2975 1225 3030 mittit.
1281 2973 1389 3038 Qui
1445 2974 1709 3045 quamvis
1763 2980 1975 3031 eventu

323 3065 407 3121 rei
431 3065 494 3120 in
522 3063 729 3120 itinere
778 3065 1028 3136 cognito,
1089 3062 1274 3118 nihilo
1331 3063 1518 3134 magis
1580 3061 1730 3118 bello
1786 3063 1972 3118 absti-

320 3157 602 3220 nuerunt,
634 3156 698 3207 ut
719 3152 846 3224 jam
878 3152 938 3207 in
971 3153 1100 3223 ipso
1159 3149 1412 3221 periculo
1470 3151 1798 3219 constituti,
1837 3150 1973 3208 licet

320 3242 437 3298 sibi
467 3257 603 3297 cum
635 3241 803 3297 hoste
831 3240 1005 3311 longe
1035 3239 1332 3310 superiore
1367 3238 1666 3310 negotium
1727 3240 1847 3296 fore
1877 3241 1971 3296 in-

319 3329 684 3401 telligebant.
716 3327 918 3384 Praslio
957 3327 1267 3383 commisso
1314 3327 1630 3383 vincuntur
1683 3331 1739 3383 et
1770 3329 1970 3400 profli-

320 3423 538 3490 gantur
565 3433 601 3472 a
630 3417 887 3472 maxima
915 3417 1265 3489 Scytharum
1300 3415 1679 3471 multitudine
1713 3416 1971 3489 undique

317 3504 698 3575 irruentium,
728 3520 843 3561 non
876 3520 1048 3560 secus
1079 3519 1256 3575 quam
1290 3519 1468 3576 apum
1519 3503 1808 3575 examina,
1842 3521 1970 3576 qua

256 3650 268 3659 _
316 3609 387 3651 ex
420 3595 750 3652 alvearibus
779 3596 1181 3663 effunduntur,
1214 3598 1317 3650 aut
1345 3595 1688 3650 crabrorum
1724 3594 1911 3651 instar
1939 3612 1971 3652 e

315 3685 760 3756 cavernisjuxta
779 3685 899 3740 vias
920 3685 1376 3756 erumpentium.
1411 3683 1651 3739 Duobus
1700 3683 1793 3740 his
1829 3701 1969 3755 pras-

311 3774 406 3831 liis
421 3774 638 3842 victus,
667 3774 929 3830 marchio
947 3791 1009 3830 se
1033 3772 1460 3829 Thessalonicae
1485 3772 1755 3841 includit,
1787 3772 1964 3830 Joan-

309 3883 416 3923 nes
445 3883 579 3922 vero
611 3882 712 3938 per
741 3882 1031 3924 summam
1059 3866 1348 3923 licentiam
1381 3870 1671 3921 Berroeam
1728 3872 1784 3921 et
1821 3866 1965 3923 alias

316 3956 744 4014 marchionicas
776 3957 950 4012 urbes
980 3960 1245 4028 occupat.

2088 1988 2251 2049 ὥδινε
2305 1995 2610 2071 πράγμασι,
2672 1994 2760 2051 καὶ
2794 1992 3026 2071 ἅγγελος
3083 1989 3269 2069 ἕτερος
3323 1988 3601 2069 ἔφίσταται
3644 1991 3752 2056 τήν

2084 2086 2182 2139 τοῦ
2238 2083 2485 2157 κόμητος
2545 2084 2728 2156 Πλέης
2786 2080 3156 2139 ἀναδιδάσκων
3208 2078 3488 2136 ἀπώλειαν
3518 2080 3610 2135 καὶ
3640 2080 3746 2149 τὴν

2085 2176 2182 2228 τοῦ
2216 2172 2490 2248 βασιλέως
2545 2170 2882 2230 Βαλδουίνου
2939 2171 3287 2249 κατάσχεσιν.
3318 2170 3418 2226 ’Ἡν
3449 2168 3539 2224 οῦν
3572 2166 3753 2223 ὥδευε

2083 2263 2347 2338 πρότερον
2379 2262 2544 2318 πάλιν
2596 2264 2888 2337 ἁψάμενος,
2936 2263 3037 2332 τήν
3093 2258 3491 2329 Θεσσαλονίκην
3528 2257 3747 2312 ε’ἲσεισυ

2082 2350 2171 2406 καὶ
2201 2352 2358 2427 γνοὺς
2406 2349 2586 2422 ἀληθῆ
2652 2351 2751 2407 ὅσα
2809 2348 2899 2405 διὰ
2950 2348 3293 2428 γραμμάτων
3325 2348 3571 2403 πέπυστο
3602 2348 3747 2422 πρόο

2082 2460 2261 2514 τερον,
2316 2438 2724 2515 ἑπικαλαμᾶται
2782 2440 2844 2496 τὸ
2903 2440 2979 2514 μὴ
3039 2434 3281 2515 ἀκριϐῶς
3321 2436 3530 2510 ἆμηθὶν
3557 2436 3617 2491 ἐκ
3646 2441 3749 2491 τοῦ

2082 2528 2252 2602 ληΐου
2281 2536 2381 2600 τῆς
2412 2530 2630 2594 πόλεως
2677 2529 2730 2585 έν
2782 2533 2861 2602 τῷ
2904 2528 3103 2602 ἆμήτῳ
3133 2531 3230 2583 τοῦ
3259 2525 3510 2600 πολέμου
3542 2524 3601 2588 ὃς
3631 2529 3747 2601 πρὸ

2079 2625 2181 2689 τῆς
2246 2618 2450 2675 ἐκείνου
2507 2619 2731 2690 συνέστη
2810 2617 3064 2697 ἀφίξεως.
3138 2615 3249 2677 Οὕς
3310 2615 3404 2689 μὲν
3465 2614 3569 2690 γὰρ
3628 2621 3744 2671 τῶν

2081 2706 2327 2765 πολιτῶν
2358 2710 2643 2782 ζημιώσας
2699 2708 2776 2771 εἷς
2833 2709 3099 2782 χρήματα
3128 2705 3498 2781 γυμνότέρους
3538 2705 3744 2780 ὑπέρου

2081 2793 2312 2876 διαφῆκε
2375 2805 2477 2869 τῆς
2542 2797 2781 2868 πόλεως,
2850 2797 2945 2859 οὕς
3013 2795 3070 2851 δὲ
3147 2795 3472 2860 ἀπέκτεινεν,
3533 2793 3625 2856 οὕς
3685 2791 3744 2849 δὲ

2081 2886 2450 2961 ἀπεκρέμασεν
2500 2884 2559 2941 ἐκ
2612 2890 2711 2941 τοῦ
2768 2881 3024 2947 λαώδους
3080 2882 3330 2954 πλήθούς
3376 2883 3466 2937 καὶ
3523 2887 3621 2938 τοῦ
3662 2884 3743 2938 ἱε-

2078 2976 2330 3049 ρωμένου
2407 2979 2525 3047 Θεῷ
2595 2974 2899 3049 τάγματος,
2976 2974 3066 3027 καὶ
3137 2972 3229 3027 τὸν
3309 2969 3595 3048 δυσπραγῆ
3689 2972 3740 3027 ἐν

2081 3061 2394 3137 βασιλεῦσιν
2453 3060 2696 3135 ’Δλέξιον
2753 3061 2845 3116 καὶ
2904 3062 3005 3130 τήν
3064 3059 3262 3115 τούτου
3322 3059 3567 3115 σύνευνον
3634 3060 3741 3116 Εὖ-

2077 3149 2345 3229 φροσύνην
2407 3148 2753 3213 διαποντίους
2802 3154 2883 3223 τῷ
2911 3153 3022 3205 τῶν
3081 3148 3409 3223 Ἀλαμανῶν
3446 3147 3740 3224 ἒξέπεμψεν

2082 3238 2330 3315 ἄρχοντι.
2387 3237 2497 3295 Φεῦ
2552 3242 2649 3318 φεῦ
2699 3243 2798 3294 τοῦ
2853 3242 3044 3294 καινοῦ
3093 3235 3250 3294 τοῦδε
3282 3239 3373 3294 καὶ
3405 3238 3729 3309 ἀνηκούστου

2082 3330 2231 3403 παρᾶ
2285 3328 2580 3402 Ῥωμαίοις
2635 3327 3007 3401 ἀκούσματος,
3060 3328 3228 3384 εἱπεῖν
3280 3325 3337 3384 δὲ
3381 3329 3467 3383 καὶ
3498 3328 3720 3382 ἀθεάτῠυ

2079 3416 2132 3480 ές
2166 3414 2322 3493 δεῦρο
2377 3419 2685 3492 θεάματοςῐ
2750 3422 2871 3480 ταῖς
2925 3415 2981 3473 δὲ
3040 3416 3267 3494 Σέῤῥαις
3326 3412 3582 3492 ἐμϐαλεῖν
3629 3414 3728 3470 τὸῦ

2082 3506 2338 3579 Ἰωάννης
2372 3507 2792 3581 ένωτισάμενος,
2854 3509 3026 3581 μήπω
3086 3503 3143 3562 δὲ
3199 3508 3286 3563 καὶ
3345 3508 3410 3562 τὸ
3449 3506 3611 3582 πέρας
3640 3526 3735 3561 τον

2079 3597 2370 3661 συστάντος
2474 3597 2646 3653 ἐκεῖσε
2744 3598 3010 3673 πρότερον
3081 3596 3334 3670 πολέμου
3406 3596 3736 3669 πυθόμενος,

2079 3684 2298 3742 στέλλει
2347 3688 2475 3749 τοὺς
2534 3687 2929 3761 συναρήξοντας
3003 3690 3122 3748 τοῖς
3200 3684 3254 3741 ἐν
3327 3691 3450 3748 ταῖς
3506 3685 3736 3761 Σέρραις

2078 3775 2408 3857 ὁμοφύλοις,
2468 3776 2533 3830 0i.
2591 3774 2648 3830 δὲ
2696 3774 2748 3830 έν
2809 3781 2890 3847 τῷ
2964 3776 3179 3831 ἀπιέναι
3231 3776 3298 3831 τὰ
3354 3776 3738 3851 ξυνενεχθέντα

2080 3866 2342 3936 μαθόντες
2390 3866 2484 3920 τὸν
2541 3866 2635 3938 μὲν
2690 3864 2937 3938 πόλεμον
2989 3863 3246 3939 οὐδαμῶς
3285 3862 3628 3936 διελύσαντο,
3661 3867 3738 3931 ὡς

2074 3952 2183 4026 ἤδη
2218 3952 2271 4008 ἐν
2324 3958 2405 4026 τῷ
2435 3952 2596 4027 δεινῷ
2624 3956 2977 4025 καθεστῶτες,
3007 3955 3201 4029 καίπερ
3231 3953 3457 4025 εἰδότες,
3498 3957 3739 4029 γενησό-

322 4064 484 4117 μενον
524 4044 661 4120 πρὸς
692 4042 837 4098 πολὺ
866 4043 1124 4119 περιόντα
1154 4040 1446 4116 πολέμιον’
1509 4041 1869 4118 συῤῥήξαντες
1931 4041 1988 4098 δὲ
2035 4049 2153 4107 τοῖς
2203 4042 2465 4105 ἒναντίοις
2522 4045 2657 4098 κατά
2713 4044 2910 4120 κρύτος
2964 4046 3235 4114 ἡττῶνται
3281 4043 3370 4099 καῖ
3421 4044 3734 4118 τρέπονται,

315 4135 535 4189 Σκυθῶν
589 4132 774 4194 αὐτοῖς
833 4127 1297 4208 προσϐαλλόντων
1356 4130 1501 4186 οὕτω
1558 4136 1775 4206 συχνῶν
1850 4132 1957 4188 κάκ
2024 4137 2133 4188 τῶν
2200 4130 2346 4207 ἄλλῃ
2418 4132 2509 4187 καὶ
2583 4129 2730 4207 ἄλλῃ
2788 4132 3156 4189 ἐκπιπτόντων
3214 4133 3290 4196 ὡς
3346 4130 3461 4188 ἕσσι
3518 4135 3609 4189 καὶ
3665 4135 3734 4189 τὰ

313 4224 499 4296 σμήνη
553 4221 839 4287 θεάσασθαι
889 4226 999 4277 τῶν
1060 4216 1314 4295 σίμϐλων
1373 4220 1639 4295 προϊόντα
1723 4221 1814 4276 καὶ
1871 4221 2003 4287 τοὺς
2053 4225 2262 4300 σφῆκας
2317 4220 2702 4296 ἐειπταμένους
2750 4227 2859 4278 τῶν
2917 4219 3142 4277 ένοδίων
3193 4227 3488 4300 χηραμῶν.
3521 4222 3732 4280 Οὐκοῦν

300 4309 549 4367 τοιαῖσδε
578 4312 787 4386 μάχαις
819 4308 1024 4372 διτταῖς
1052 4311 1115 4365 τὸ
1144 4310 1309 4379 ἦττον
1338 4309 1777 4387 ἀπενεγκάμενος
1807 4312 1836 4366 ὁ
1872 4311 2166 4388 μαρκέσιος
2198 4311 2364 4374 αὐτὸς
2400 4312 2494 4385 μὲν
2527 4310 2657 4367 ε’ἲσω
2685 4317 2786 4382 τῆς
2816 4310 3216 4383 Θεσσαλονίκης
3248 4309 3578 4387 ἐγκλείεται,
3612 4314 3640 4367 ὁ
3673 4310 3731 4368 δέ

300 4418 367 4477 γε
396 4401 652 4471 Ἰωάννης
682 4399 821 4454 κατὰ
848 4403 1023 4454 πᾶσαν
1072 4395 1253 4456 ἄδειαν
1303 4398 1358 4461 ἐς
1402 4398 1665 4476 Βέῤῥοιαν
1716 4396 1921 4472 ἄπεισι,
1969 4401 2063 4456 καὶ
2108 4400 2204 4460 τὰς
2249 4397 2450 4463 λοιπὰς
2493 4400 2686 4464 πόλεις
2734 4401 2857 4456 ὅσαι
2907 4401 3189 4477 μαρκεσίῳ
3217 4400 3520 4456 ὑπέκυπτον
3555 4401 3732 4475 ἑαυτῷ

300 4488 747 4565 προσῳκσίωσεν.

363 4581 446 4638 Ea
475 4596 706 4654 quoque
763 4579 927 4636 clade
987 4580 1211 4650 audita,
1273 4579 1467 4636 Latini
1526 4582 1627 4653 qui
1685 4581 1942 4654 Byzantii
1978 4586 2024 4651 ι]

297 4676 487 4741 erant,
520 4669 834 4727 consilium
894 4669 1051 4727 820
1116 4669 1324 4725 ineunt
1371 4671 1501 4742 quid
1545 4673 1621 4727 sit
1647 4672 1953 4745 agendam,

295 4762 544 4821 concilio
568 4760 640 4816 ab
672 4760 869 4816 Errico
902 4759 1170 4816 Balduini
1202 4758 1378 4815 fratre
1407 4764 1467 4817 et
1506 4760 1733 4816 Marino
1763 4760 1949 4816 Vene-

292 4854 506 4912 tiarum
571 4854 721 4911 duce
778 4854 1002 4910 indicto
1063 4870 1076 4911 :
1133 4869 1270 4910 nam
1335 4853 1634 4910 Dandulus
1701 4853 1945 4910 obierat.

286 4942 575 5001 Omnibus
606 4943 828 4999 bellum
861 4958 1167 5015 capessere
1198 4942 1419 5015 placuit
1463 4948 1523 4999 et
1577 4941 1776 5014 copias
1809 4958 1947 4998 con-

283 5040 371 5088 tra
401 5035 575 5091 urbes
605 5033 867 5090 Thraciae
905 5034 1119 5091 ducere
1182 5049 1309 5105 quas
1368 5049 1401 5089 ει
1441 5031 1667 5089 Latinis
1716 5031 1942 5089 defece-

281 5124 584 5192 rant,dum
622 5122 819 5194 populi
846 5123 1026 5179 animi
1082 5122 1277 5179 adhuc
1325 5122 1630 5191 ferverent,
1667 5130 1721 5177 et
1766 5121 1943 5177 Joané

282 5225 388 5266 nes
420 5209 551 5266 aliis
585 5210 752 5267 bellis
783 5217 1105 5283 occupatus
1158 5211 1349 5284 iisque
1416 5210 1557 5267 solis
1614 5211 1878 5267 intentus
1909 5229 1942 5267 a

2124 4581 2216 4644 Ὠς
2246 4577 2292 4634 δ’
2323 4580 2477 4655 εἶχον
2530 4584 2583 4637 οὶ
2634 4582 2687 4637 έν
2746 4586 2814 4656 τῇ
2875 4579 3035 4637 πόλει
3069 4584 3291 4637 Λατῖνοι
3322 4580 3414 4637 καί
3442 4580 3603 4638 τάσδε
3631 4581 3728 4644 τὰς

2067 4664 2402 4744 δυσπραγίας
2447 4668 2858 4744 ἐνωτισάμενοι,
2918 4669 3043 4745 περὶ
3109 4670 3207 4724 τοῦ
3258 4669 3523 4742 ποιητέου
3576 4670 3723 4748 σφίσι

2061 4758 2251 4831 σκέψιν
2297 4757 2558 4830 τιθέασιν,
2619 4761 2762 4832 ὁμοῦ
2818 4761 3121 4834 γενομένων
3174 4764 3272 4815 τοῦ
3326 4781 3388 4816 τε
3444 4760 3632 4837 Ἐῤῥῆ,
3664 4759 3727 4823 ὃς

2056 4847 2124 4916 ἦν
2155 4850 2254 4902 τοῦ
2287 4847 2562 4922 βασιλέως
2609 4846 2947 4905 Βαλδουίνου
2993 4848 3342 4923 κασίγνητος,
3402 4851 3493 4905 καὶ
3546 4850 3723 4924 Μαρί-

2058 4956 2153 4992 νου
2194 4941 2293 4992 τοῦ
2352 4935 2547 4998 δουκὸς
2601 4938 2871 5003 Βενετίας·
2933 4940 2961 4994 ὁ
3019 4939 3126 5015 γὰρ
3187 4936 3497 5001 Δάνδουλος
3523 4939 3583 4993 τὸ
3617 4940 3715 5008 ζῇν

2056 5025 2437 5103 κατέστρεψεν.
2499 5025 2690 5097 Ἔδοξε
2738 5030 2917 5085 τοίνυν
2991 5030 3156 5084 ἅπασι
3214 5035 3421 5105 χωρεῖν
3468 5027 3552 5081 έπί
3604 5024 3708 5077 πό-

2056 5115 2229 5189 λεμον
2289 5116 2380 5172 καὶ
2432 5119 2532 5187 τὴν
2603 5115 2830 5192 δύναμιν
2897 5117 3044 5193 ἄγειν
3118 5121 3257 5175 κατὰ
3301 5122 3404 5173 τῶν
3459 5112 3699 5187 Θρᾳγίων

2053 5206 2289 5276 πόλεων,
2332 5207 2529 5262 ὁπόσαι
2578 5207 2823 5263 Λατίνων
2871 5207 3198 5282 ἀπέστησαν,
3248 5204 3346 5268 ἕως
3388 5199 3465 5260 ἔτι
3504 5202 3712 5278 θερμὸς

284 5301 565 5355 Romanis
589 5301 838 5356 abesset.
890 5301 1091 5372 Itaque
1149 5305 1375 5373 partem
1437 5303 1749 5370 exercitus,
1810 5318 1937 5373 quae

2078 5301 2156 5351 κῶν
2211 5294 2442 5353 πολλῶν
2501 5297 2529 5351 ὁ
2590 5296 2759 5368 ζῆλος
2808 5297 2898 5353 καὶ
2947 5299 3237 5372 Ῥωμαίων
3285 5295 3540 5366 Ἰωάννης
3571 5294 3720 5349 ἀπο-

283 5386 562 5443 utilitatis
593 5404 711 5442 sua
736 5404 916 5444 causa
937 5389 1090 5445 ultro
1115 5390 1279 5461 sequi
1314 5389 1486 5445 vellet
1513 5392 1763 5460 (Rottam
1823 5390 1937 5462 ipsi

279 5478 533 5545 vocant),
564 5477 930 5549 ablegarunt.
966 5483 1251 5548 potestate
1281 5480 1420 5535 data
1450 5480 1625 5535 urbes
1658 5495 1783 5551 ques
1840 5480 1935 5536 de-

274 5564 555 5620 fecissent
586 5581 691 5621 suo
719 5567 1004 5623 arbitratu
1039 5567 1345 5623 tractandi.
1378 5569 1459 5624 Ea
1513 5568 1724 5625 cohors
1771 5573 1933 5624 ante-

270 5668 478 5726 gressa
507 5669 541 5708 a
574 5655 737 5713 nullo
767 5656 1007 5720 scelere,
1042 5672 1075 5711 a
1104 5656 1267 5713 nullo
1314 5657 1545 5729 piaculo
1603 5658 1928 5714 abhorruit.

275 5739 476 5797 Veneti
510 5756 741 5816 quoque
797 5742 1152 5803 Orientalem
1210 5760 1373 5803 oram
1437 5745 1629 5818 longis
1682 5746 1933 5804 navibus

2053 5383 2343 5459 διίσταται,
2402 5384 2675 5460 πολέμοις
2731 5386 3209 5463 ἐναπειλημμένος
3275 5385 3475 5448 ἄλλοις
3530 5384 3721 5439 κάκεί-

2049 5493 2164 5539 νοις
2217 5476 2317 5545 τὴν
2371 5475 2579 5531 ἅπασαν
2642 5476 2858 5556 σχολὴν
2908 5476 3295 5553 χαριζόμενος.
3357 5472 3584 5549 Ἀμέλει
3626 5487 3725 5541 καὶ

2057 5569 2255 5639 μοῖραν
2318 5569 2417 5621 τοῦ
2493 5565 2629 5622 κατά
2703 5571 2837 5644 σφᾶς
2914 5566 3322 5641 στρατεύματος
3396 5562 3728 5638 προεκπέμ-

2054 5657 2272 5729 ψαντες,
2336 5652 2402 5725 ἤν
2461 5656 2656 5730 ῥοῦταν
2715 5655 3025 5730 ὠνόμαζον,
3078 5660 3185 5712 πᾶν
3241 5656 3306 5711 τὸ
3355 5654 3495 5731 πρὸς
3526 5651 3733 5730 ἱσχύος

2083 5746 2473 5823 νεπεγκλήτως
2527 5742 2657 5820 δρᾷν
2710 5742 3072 5803 έκδεδώκασιν
3126 5744 3180 5803 έν
3233 5749 3316 5821 τῷ
3373 5746 3472 5810 τὰς
3529 5741 3735 5805 πόλεις
