4074 6390
301 425 457 485 1009
1762 421 1956 484 URBE

2067 423 2284 483 AP'l‘A.
3581 428 3738 491 10l0

310 556 517 611 ἐπιέναι
558 555 653 617 τὰς
693 555 1026 622 ἀποστάσας,
1079 552 1199 608 ὅθεν
1234 553 1324 608 καὶ
1377 554 1794 630 προηγούρενον
1841 551 1956 610 τόδε

2083 556 2461 624 infestabant,
2495 561 2551 612 et
2574 557 2844 631 Callipoli
2874 577 2941 616 ac
2970 558 3131 615 Panii
3166 559 3425 630 pessima
3443 567 3498 616 et
3525 579 3557 616 a
3577 562 3736 618 Chri-

311 646 375 700 τὸ
436 645 713 719 σύνταγμα
771 642 928 700 οὐδὲν
997 645 1105 698 τῶν
1165 644 1471 714 ἀνηκέστων
1538 644 1628 698 καὶ
1695 644 1956 718 ἀθεμίτων

2079 646 2407 701 stianorum
2440 645 2731 704 institutis
2762 648 3139 705 abhorrentia
3170 665 3412 720 quisque
3443 656 3733 721 perpetra-

319 736 717 810 ἐκπεριίστατο.
791 732 971 789 Ἀλλά
1017 734 1107 788 καὶ
1167 734 1442 790 Βενέτικοι
1522 741 1655 803 νῆας
1759 733 1956 809 μακρὰι

2081 739 2242 804 runt,
2275 740 2340 790 ut
2370 734 2735 793 calamitates
2787 741 3004 804 essent,
3065 736 3441 809 multiplices,
3484 743 3728 805 atroces,

312 823 736 886 καθελκύσαντες
764 825 861 888 τὰς
891 825 996 896 ἑῷα
1026 821 1247 897 πάραλα
1307 826 1396 896 [Ρ.
1448 825 1572 896 400]
1635 824 1773 898 μέρη
1833 821 1956 896 έλῂ-

2081 824 2500 881 intolerabiles.

310 936 497 969 στευον
557 913 986 989 πειρατεύοντες,
1055 918 1133 984 τῷ
1188 913 1369 984 ΙΙανίῳ
1425 934 1482 967 τε
1541 913 1632 967 καὶ
1693 917 1773 984 τῷ
1831 909 2182 967 Καλλιπόλει
2240 915 2612 991 προσσχόντες
2671 915 2771 969 ὅσα
2811 914 3061 988 χείριστα
3111 916 3202 970 καὶ
3251 919 3358 970 τῶν
3381 918 3725 990 Χριστιανῶν

323 1003 458 1058 ἐθῶν
490 1002 761 1077 ἀλλότρια
793 1001 1166 1078 διεπράξαντο.
1201 1004 1371 1058 Ἦσαν
1402 1002 1491 1055 οὖν
1527 1000 1862 1078 πολύμορφα
1892 1001 1957 1054 τὰ
1997 997 2168 1072 δείνὰ,
2201 1001 2654 1078 Βαρυαλγέστατα
2683 1003 2772 1058 καὶ
2802 1003 3120 1060 ἀνύποιστα.

384 1093 471 1164 ιβ’.
508 1092 698 1161 Ἐξιὼν
763 1089 947 1146 δὲκαὶ
999 1091 1158 1151 αὐτὸς
1217 1089 1440 1165 Ἐρρῆς,
1497 1092 1597 1160 τήν
1649 1087 1967 1163 Ἀρκαδιού-

310 1180 475 1236 πολιν
509 1183 583 1245 ὡς
614 1178 834 1254 ἂνὲμοις
880 1180 1044 1254 μόνον
1087 1180 1377 1252 οἰκήσιμον
1429 1179 1804 1254 παραλλάξας,
1861 1181 1961 1248 τήν

308 1267 364 1326 δὲ
425 1268 640 1325 εἴσοδον
695 1275 793 1324 τοῦ
839 1272 1037 1345 ⁶Ἀπρώ
1094 1269 1448 1343 βιασάμτνος,
1508 1267 1795 1341 ἀνημέρως
1847 1273 1963 1329 τοῖς

305 1357 413 1414 ἐκεὶ
472 1360 864 1436 προσφέρεται,
917 1360 980 1412 τὸ
1039 1357 1279 1412 ἐνοικοῦν
1333 1355 1516 1418 ἐνδοὺς
1567 1357 1643 1420 εἰς
1729 1357 1960 1434 σφαγήν,

299 1447 374 1508 ὡς
403 1447 449 1502 εἰ
490 1449 751 1520 ποίμνιον
785 1450 852 1516 ἤν
895 1447 984 1502 καὶ
1020 1446 1318 1520 βουκόλῖον
1359 1444 1484 1501 ἀλλ’
1531 1445 1591 1501 ού
1651 1444 1960 1520 Χριστώνυ-

313 1562 412 1616 μον
445 1543 507 1595 τὸ
539 1542 904 1613 κτεινόμενον,
937 1539 1029 1594 καὶ
1088 1540 1178 1613 βίᾳ
1241 1537 1454 1610 μᾶλλον
1511 1540 1544 1608 ἢ
1606 1542 1789 1594 πειθοῖ
1843 1544 1959 1600 τοῖς

317 1630 564 1704 Βλάχοις
605 1629 884 1703 ὑποκύψαν
945 1625 1086 1700 μηδέ
1133 1635 1538 1702 προσχωρῆσαν
1596 1627 1962 1698 έκουσιότητι.

2145 1092 2233 1146 12.
2268 1093 2500 1149 Erricus
2523 1110 2753 1164 quoque
2783 1094 3173 1166 ArcadiOpoli,
3224 1101 3291 1151 ut
3347 1096 3490 1151 solis
3537 1098 3727 1153 ventis

2073 1179 2402 1249 habitabili,
2436 1183 2742 1252 prasterita,
2801 1199 2902 1253 per
2958 1183 3075 1238 vim
3134 1187 3353 1254 Aprum
3398 1183 3722 1255 ingressus,

2072 1269 2224 1323 cives
2281 1268 2664 1325 inclementer
2724 1275 2997 1327 tractatos
3077 1273 3258 1327 occidi
3337 1272 3502 1339 sinit,
3557 1273 3723 1343 quasi

2070 1376 2209 1432 grex
2241 1365 2344 1415 aut
2376 1367 2731 1429 armentum,
2761 1378 2878 1417 non
2937 1367 3129 1418 autem
3191 1363 3532 1428 Christiani,
3567 1368 3624 1418 et
3666 1365 3723 1419 vi

2071 1450 2268 1522 potius
2300 1450 2525 1506 subacti
2587 1467 2756 1520 quam
2809 1469 2917 1507 sua
2969 1458 3180 1523 sponte
3231 1451 3450 1508 addicti
3491 1451 3721 1508 Blachis

2068 1539 2522 1596 trucidarentur.
2559 1541 2724 1596 Multi
2750 1541 2925 1597 etiam
2953 1541 3128 1596 vincti
3160 1541 3385 1613 laqueis
3435 1558 3536 1611 per
3565 1541 3713 1597 821

2077 1629 2252 1684 urbes
2280 1635 2332 1685 et
2364 1646 2546 1702 pagos
2577 1630 3189 1698 circumducebantur,
3242 1634 3307 1686 ut
3354 1631 3722 1687 emendicata

313 1717 526 1774 Πολλοὶ
582 1716 638 1772 δέ
695 1719 783 1773 καὶ
843 1715 1188 1792 σχοινόδετοι
1228 1718 1365 1771 κατὰ
1403 1715 1593 1792 κώμας
1635 1719 1725 1771 καὶ
1771 1716 1956 1780 πόλεις

2074 1718 2321 1788 pecunia
2349 1734 2412 1773 se
2442 1736 2475 1772 a
2505 1719 2823 1776 victoribus
2856 1720 3230 1776 redimerent.
3264 1723 3326 1776 In
3369 1737 3436 1776 ea
3464 1720 3716 1776 circum-

311 1803 700 1879 περιαγόμενοι
759 1804 983 1880 ξωγρίαι
1059 1804 1128 1858 τὰ
1199 1803 1370 1877 λύτρα
1426 1801 1796 1878 ἒρανιζόμενοι
1842 1809 1958 1866 τοῖς

312 1894 668 1971 συνειληφόσι
734 1895 1101 1957 κατετίθεσαν.
1163 1894 1231 1950 Οἱ
1279 1891 1324 1947 δ’
1381 1891 1433 1948 έν
1489 1897 1607 1955 ταῖς
1641 1894 1959 1969 ἀπαγωγαῖς

309 1986 531 2046 ταύταις
561 1981 883 2053 ἤνοστ,λείᾳ
943 1986 1196 2056 σώματος
1254 1980 1758 2058 προσπαλαίσαντες
1817 1982 1851 2052 ἢ
1881 1987 1962 2055 τῷ

313 2081 414 2144 τῆς
455 2072 770 2148 ὁδοιπορίας
814 2075 980 2147 μήκει
1022 2072 1408 2136 έκτονωθέντες
1456 2075 1554 2141 τῆς
1610 2071 1962 2147 τραχηλοκά-

311 2185 414 2231 κης
490 2164 763 2235 ἀνιέμενοι
853 2163 1119 2236 οὐμενοῦν
1197 2162 1271 2226 ὡς
1329 2161 1625 2235 ὁμόπιστοι
1691 2161 1958 2238 φθινύθειν

309 2255 498 2309 εἰῶντο
557 2254 646 2308 καὶ
737 2254 1269 2328 παρακατατίθεσθαι
1342 2251 1496 2324 μόρῳ
1581 2256 1791 2328 φυσικῷ
1858 2252 1957 2320 τὴν

307 2345 516 2418 ψυχὴν,
578 2340 708 2397 ἀλλ’
775 2339 1302 2416 ἀπεδειροτομοῦντο
1378 2342 1605 2418 ξιφεσιν,
1666 2338 1772 2393 εἷ’τε
1851 2341 1957 2412 μὴν

315 2433 454 2487 κατὰ
481 2430 818 2509 σπλάγχνων
851 2431 1067 2504 βαθεῖαν
1122 2428 1374 2503 ἐδέχοντο
1427 2429 1527 2496 τήν
1591 2427 1835 2501 πληγήν.
1901 2431 1960 2486 Ὀ

320 2519 367 2575 δ’
435 2520 634 2594 Ἐῥρῆς
719 2521 817 2588 τήν
884 2516 1196 2592 Ὀρεστιάδα
1276 2513 1602 2573 καταλαϐὼν
1662 2538 1958 2592 στρατοπε-

318 2608 529 2666 δεύεται
584 2609 707 2684 περὶ
767 2610 956 2679 αὐτὴν,
1007 2611 1223 2684 χάρακά
1287 2629 1345 2663 τε
1402 2606 1584 2682 βαλὼν
1618 2608 1706 2662 καὶ
1741 2610 1957 2682 βαθεῖαν

313 2702 517 2777 τάφρον
559 2697 864 2777 ὀρωρυχὼς
895 2699 1119 2771 (ταύτην
1161 2699 1260 2774 γὰρ
1319 2699 1418 2767 τήν
1457 2697 1616 2752 πόλιν
1675 2697 1960 2774 ἀγώνισμα

309 2793 401 2846 καὶ
434 2789 602 2854 ἆθλον
633 2789 723 2844 καὶ
791 2787 1154 2863 συμπέρασμα
1209 2792 1316 2842 τῶν
1366 2785 1547 2842 πόθων
1616 2789 1666 2840 οἱ
1737 2792 1958 2841 Λατῖνοι

311 2880 510 2953 ᾤοντο)
553 2880 628 2951 μὴ
692 2879 750 2932 ἅν
811 2876 1008 2950 ἑτέρως
1051 2875 1248 2930 ἐκεῖθεν
1309 2875 1672 2944 ἀπονοστῆσαι
1730 2880 1846 2938 τοῖς
1905 2875 1955 2930 ἐν

308 2973 378 3044 τῇ
411 2967 571 3023 πόλει
607 2964 957 3042 διήγγελλεν,
989 2965 1040 3021 εἴ
1071 2967 1200 3039 μήτ’
1230 2963 1383 3020 αὐτοὶ
1437 2960 1693 3036 ξυμϐαἶεν
1745 2963 1955 3037 ὁμολο-

301 3059 443 3136 γίαις
484 3059 676 3132 ἧγοῦν
725 3057 877 3127 νόμῳ
945 3055 1199 3129 πολεμίῳ
1267 3059 1401 3130 σφᾶς
1449 3054 1610 3114 αὐτὸς
1676 3058 1956 3129 παραστή-

307 3169 480 3206 σαιτο.
513 3147 580 3204 Οἱ
648 3145 704 3200 δέ
759 3147 1026 3220 καὶπρὸς
1099 3149 1268 3218 μόνην
1320 3146 1422 3214 τὴν
1478 3150 1586 3199 τῶν
1633 3140 1953 3217 συμϐάσεων

309 3237 578 3312 ἐνήχησιν
625 3235 1048 3296 ἅποκναίσαντες
1093 3237 1167 3307 μή
1199 3235 1498 3307 Ῥωμαίοις
1557 3233 1612 3287 ἐγ
1654 3231 1813 3290 τοῦδε
1869 3236 1958 3290 καὶ

308 3325 562 3387 Λατίνοις
593 3320 778 3398 ἔλεγον
811 3325 949 3380 εἶναι
1016 3326 1175 3399 ’ὀρκια
1229 3325 1418 3393 πιστὰ,
1469 3321 1654 3392 ἐπειδὴ
1715 3325 1959 3394 καθάπαξ

311 3421 533 3471 Λατῖνοι
561 3417 628 3469 τὰ
659 3416 755 3488 μὲν
786 3415 839 3477 ές
879 3414 1058 3470 πίστιν
1095 3409 1368 3480 ἀϐέϐαιοι,
1411 3419 1527 3474 τοῖς
1583 3411 1640 3467 δέ
1695 3434 1964 3488 προσχω-

317 3509 470 3578 ροῦσι
530 3504 842 3579 θηριώδεις,
909 3509 1028 3565 τοῖς
1123 3501 1180 3557 δὲ
1269 3503 1504 3576 πολέμῳ
1581 3503 1962 3575 χειρουμένοις

312 3593 704 3664 ἆνηλεέστατοι
771 3595 917 3670 παρά
975 3592 1272 3667 Ῥωμαίοις
1331 3593 1698 3666 ἐγνώσθησαν.
1777 3595 1962 3648 Ταῦτα

313 3684 619 3758 πυθόμενος
670 3683 869 3758 Ἐῥρἤς
924 3684 1059 3758 πρὸς
1089 3680 1266 3758 ἔργοις
1323 3682 1546 3758 γίνεται.
1608 3686 1826 3742 Δισσαῖς
1869 3682 1962 3755 μὶν

319 3774 410 3829 οὗν
477 3775 707 3848 τάφροις
756 3775 1010 3848 άρυκταῖς
1079 3770 1521 3846 περιεζωσμένην
1613 3772 1712 3840 τὴν
1798 3768 1961 3825 πόλιν

311 3862 545 3937 εὐρείαις
572 3885 631 3919 τε
687 3865 777 3918 καὶ
845 3862 1082 3938 βαθείαις
1143 3860 1359 3935 εὕρατο,
1419 3860 1546 3923 τοὺς
1607 3857 1664 3914 δὲ
1722 3859 1962 3935 πύργους

305 3960 406 4023 τῆς
463 3951 680 4016 πόλεως
735 3953 824 4008 ἐπὶ
856 3959 962 4008 τῶν
1012 3952 1191 4028 ἄκρων
1222 3950 1541 4024 δεξαμένους
1605 3948 1664 4005 ἐκ
1720 3947 1959 4006 δονάκων

306 4044 573 4116 πήγματα
603 4041 655 4105 ές
688 4041 832 4097 πολὺ
860 4045 958 4097 τοῦ
1021 4043 1182 4116 ἀέρος
1244 4035 1626 4106 ἀναϐαίνοντα,
1673 4038 1763 4094 καὶ
1820 4059 1956 4114 προ-

305 4129 645 4205 καλύμματα
674 4129 904 4204 έχοντας
961 4130 1021 4184 ἐκ
1051 4128 1319 4203 διφθερῶν
1379 4151 1438 4184 τε
1484 4130 1573 4183 καὶ
1597 4127 1850 4202 δέρῥεων,
1884 4129 1958 4190 ὡς

310 4222 450 4293 μήτε
491 4219 886 4292 πυριφλέκτοις
950 4217 1246 4292 βάλλοιντο
1293 4217 1473 4292 βέλεσι
1531 4219 1621 4272 καὶ
1679 4219 1786 4271 εἷεν
1846 4217 1960 4290 ἃμα

307 4306 387 4368 εἷς
415 4302 702 4380 προϐολὴν
731 4312 848 4367 τοῖς
887 4306 994 4360 ἀπὸ
1045 4307 1253 4360 τούτων
1317 4308 1584 4380 μάχεσθαι
1641 4303 1954 4377 μέλλουσιν.

304 4392 486 4451 Ἀλλὰ
513 4394 740 4450 καὶτῶν
809 4393 1040 4464 ξυλίνων
1099 4390 1302 4457 ἄνωθεν
1343 4393 1564 4470 πύργων
1624 4394 1768 4448 ἱστοὶ
1824 4415 1954 4447 κατ-

307 4483 603 4560 επάγησαν,
664 4481 886 4558 ἔχοντες
932 4484 1020 4538 οῖα
1075 4482 1165 4538 καὶ
1223 4483 1322 4538 ὅσα
1374 4481 1704 4557 ἐπιχυθέντα
1765 4481 1953 4556 ἐξάψαι

300 4594 360 4628 τε
417 4572 595 4652 φλόγα
647 4574 735 4628 καὶ
797 4573 876 4635 είς
955 4571 1096 4648 μέγα
1172 4573 1611 4646 προκαλέσασθαι
1694 4573 1949 4649 πέφυκεν.

298 4665 559 4739 Ἐνιαχοῢ
645 4661 704 4718 δὲ
783 4663 875 4718 καὶ
978 4661 1060 4718 ἐπ’
1128 4663 1306 4718 αὐτῶν
1391 4661 1788 4740 προυφαίνοντο
1863 4682 1949 4716 τε·

298 4755 524 4812 κτονικὲ
601 4752 954 4826 πολεμιστῶν
1037 4749 1250 4826 ἀνδρῶν
1335 4751 1706 4825 ἀναπαύματα,
1788 4751 1952 4806 ὁποῖα

299 4843 590 4900 εἷσανίασιν
652 4844 704 4898 οἱ
764 4840 852 4896 ἐπὶ
900 4845 1009 4896 τῶν
1067 4839 1255 4916 ἰκρίων
1322 4841 1413 4895 τὸν
1502 4840 1663 4916 βυθὸν
1719 4837 1948 4914 διορῶν-

298 4955 387 4996 τες
445 4935 536 4989 καὶ
591 4931 659 4988 τὰ
719 4929 840 5001 ἔθνη
937 4934 1046 4986 τῶν
1141 4927 1382 4985 νεπόδων
1435 4921 1948 4993 ’ἐπισκόπεύοντεᾳ

300 5024 427 5083 Ἐπὶ
465 5027 625 5079 τινῶν
666 5018 722 5076 δὲ
788 5019 878 5074 καὶ
931 5018 1117 5080 λίθους
1160 5015 1232 5072 δι’
1289 5017 1534 5074 ἁλύσεων
1578 5017 1948 5090 ἠρτημένους,

301 5112 757 5190 έπιχαλωμένους
817 5107 908 5164 διὰ
968 5112 1238 5183 μηχανῶν
1301 5107 1392 5161 καὶ
1467 5109 1532 5161 αὖ
1589 5107 1754 5162 πάλιν
1824 5108 1948 5162 ἀνα-

302 5203 634 5278 φερομένους
701 5202 793 5257 καὶ
850 5200 987 5274 πρὸς
1036 5200 1134 5261 τὰς
1205 5199 1397 5276 χρείας
1454 5202 1564 5253 τῶν
1612 5199 1816 5272 καιρῶν
1856 5219 1948 5271 με-

302 5291 655 5362 ταγομένους.
737 5289 860 5347 Ἐπὶ
921 5286 976 5344 δὲ
1025 5288 1113 5342 καὶ
1161 5288 1394 5362 τέσσαρα
1449 5288 1582 5362 πρὸς
1639 5293 1755 5350 τοῖς
1823 5285 1949 5343 δέκα

303 5397 470 5452 πετρο
537 5380 639 5440 ὁνα
705 5376 911 5457 ὄργανα
989 5377 1077 5432 ἐπὶ
1164 5380 1270 5430 τῶν
1354 5376 1577 5451 πύργων
1664 5377 1946 5450 ἱστάμενα.

303 5465 521 5538 Ἔδοξεν
557 5469 649 5522 οὗν
888 5489 946 5523 τε
999 5468 1088 5522 καὶ
1148 5471 1226 5538 τῷ
1286 5465 1646 5539 στρατεύματι
1702 5468 1801 5533 τῆς
1853 5468 1947 5540 μέν

300 5554 402 5631 ἔξω
459 5557 666 5634 τάφρου
730 5557 964 5632 πολέμῳ
1019 5563 1306 5631 κρατῆσαι,
1370 5554 1678 5629 χωσθείσης
1737 5551 1794 5609 δὲ
1851 5563 1948 5626 τῆς

302 5647 551 5723 δευτέρας
592 5646 884 5722 προσάγειν
915 5647 1058 5704 οὕτω
1087 5647 1182 5708 τὰς
1243 5645 1497 5720 μηχανὰς
1535 5649 1652 5706 τοῖς
1717 5644 1944 5720 τείχεσι.

300 5740 567 5814 Πονήρως
591 5734 689 5793 οὖν
743 5738 778 5808 ἡ
819 5735 1006 5820 ἐφεξῆς
1037 5737 1242 5817 τάφρος
1276 5735 1409 5811 μετὰ
1439 5735 1535 5806 τὴν
1569 5741 1667 5803 τῆς
1707 5735 1788 5808 [Ρ.
1823 5737 1950 5807 401]

2067 1807 2342 1864 ductione
2374 1807 2422 1863 si
2455 1808 2555 1879 qui
2587 1814 2689 1864 aut
2717 1809 2934 1864 morbis
2991 1809 3251 1880 oppressi
3311 1815 3411 1865 aut
3458 1809 3560 1864 vias
3592 1808 3716 1864 lon-

2067 1897 2332 1968 gitudine
2364 1897 2584 1967 fatigati
2615 1898 2985 1966 deficiebant,
3042 1899 3229 1954 laxato
3292 1897 3424 1954 colli
3487 1896 3716 1953 vinculo

2069 2002 2185 2041 non
2217 1990 2283 2041 ut
2309 1986 2626 2043 Christiani
2657 1988 2950 2059 exspirare
2975 1988 3321 2043 sinebantur
3367 1992 3425 2043 et
3465 1986 3717 2044 naturali

2069 2079 2254 2132 morte
2273 2075 2456 2143 obire,
2489 2076 2585 2131 sed
2626 2075 2841 2147 gladiis
2888 2076 3391 2133 obtruncabantur
3439 2085 3538 2132 aut
3581 2094 3716 2132 con-

2067 2165 2453 2220 fodiebantur.
2492 2166 2724 2220 Erricus
2781 2182 2936 2234 vero,
2969 2166 3174 2221 castris
3232 2167 3302 2221 ad
3361 2167 3718 2222 Orestiadem

2068 2253 2295 2326 positis,
2329 2255 2688 2326 profundum
2717 2255 2940 2310 vallum
2997 2256 3343 2310 communit.
3403 2257 3546 2310 Nam
3593 2271 3720 2310 eam

2069 2342 2272 2398 urbem
2301 2343 2540 2398 unicum
2571 2348 2890 2411 certamen,
2923 2344 3227 2416 praemium
3250 2349 3308 2400 et
3349 2346 3524 2400 linem
3558 2343 3722 2400 labo-

2069 2449 2195 2487 rum
2223 2433 2862 2495 arbitrantes,obsessis
2885 2434 3312 2490 denuntiabant
3337 2450 3398 2490 se
3437 2433 3573 2490 inde
3603 2451 3719 2492 non

2069 2536 2405 2576 recessuros
2430 2521 2719 2576 nisieavel
2737 2530 2940 2593 sponte
2959 2521 3156 2578 dedita
3185 2522 3271 2578 vel
3291 2523 3345 2577 vi
3367 2528 3717 2594 expugnata.

2069 2610 2136 2664 Hi
2169 2627 2302 2666 vero
2322 2611 2391 2664 ad
2418 2608 2604 2665 solam
2627 2611 2940 2666 deditionis
2983 2611 3338 2668 mentionem
3389 2612 3718 2668 exacerbati

2068 2700 2498 2771 responderunt
2529 2699 2758 2756 nullum
2788 2701 2845 2754 in
2870 2705 3170 2771 posterum
3204 2702 3394 2756 foedus
3432 2701 3583 2756 inter
3609 2702 3718 2757 Ro-

2069 2805 2274 2844 manus
2306 2794 2362 2844 et
2386 2790 2610 2845 Latinos
2635 2807 2807 2861 posse
2836 2791 3379 2860 intercedere,quod
3405 2797 3462 2846 et
3493 2791 3607 2846 ﬁde
3629 2792 3719 2847 lu-

2067 2877 2225 2934 brica
2250 2884 2308 2933 et
2336 2877 2395 2934 in
2428 2878 2728 2934 dedititios
2759 2877 3022 2934 belluina
3052 2879 3438 2944 immanitate,
3467 2879 3526 2934 in
3573 2879 3718 2935 bello

2066 2967 2344 3023 subactos
2375 2966 2586 3036 majori
2617 2967 2789 3022 etiam
2850 2967 3198 3022 crudelitate
3254 2971 3570 3024 uterentur.
3620 2969 3720 3025 His

1995 3080 2038 3146 ρ
2069 3057 2307 3123 auditis,
2338 3057 2572 3112 Erricus
2595 3057 2868 3129 operibus
2914 3057 3176 3113 intentus
3233 3058 3428 3113 urbem
3486 3059 3718 3114 duabus

2066 3147 2203 3202 latis
2226 3150 2282 3202 et
2304 3147 2612 3217 profundis
2630 3146 2804 3202 fossis
2825 3146 3248 3203 circumdatam
3282 3146 3522 3218 invenit,
3555 3147 3718 3203 urbis

2069 3252 2200 3290 vero
2236 3235 2497 3290 turribuc
2531 3239 2806 3306 pegmata
2837 3235 3128 3291 altissima
3157 3235 3402 3305 adjecta,
3437 3252 3566 3307 quas
3605 3235 3720 3306 pel-

2067 3323 2224 3380 libus
2257 3332 2309 3380 et
2339 3325 2592 3381 taurinis
2651 3325 2982 3395 tergoribus
3041 3329 3246 3381 contra
3302 3326 3498 3396 ignem
3552 3330 3611 3381 et
3645 3326 3718 3380 ad

2069 3419 2534 3486 prOpugnatores
2588 3414 2983 3470 defendendos
3042 3415 3489 3486 obtegebantur.
3531 3418 3724 3487 Supra

2068 3518 2167 3557 eas
2229 3501 2452 3574 ligneas
2509 3507 2701 3558 turres
2761 3503 2898 3558 mali
2966 3503 3390 3575 deﬁgebantur,
3449 3503 3605 3561 822
3660 3504 3721 3558 in

2067 3592 2282 3663 quibus
2304 3609 2372 3647 ea
2393 3600 2556 3648 erant
2578 3609 2701 3661 quas
2726 3593 3022 3648 flammam
3046 3592 3363 3648 maximam
3411 3593 3719 3650 incendere

2063 3687 2122 3737 et
2153 3681 2269 3738 late
2292 3699 2564 3752 spargere
2585 3683 2795 3739 solent.
2831 3683 3062 3738 Alicubi
3115 3684 3175 3738 in
3224 3683 3308 3738 eis
3329 3683 3506 3738 etiam
3541 3684 3722 3738 fabre-

2068 3773 2221 3830 facta
2277 3773 2626 3829 bellatorum
2686 3773 2892 3829 sedilia
2945 3774 3307 3842 visebantur,
3386 3774 3717 3842 cujusmodi

2067 3880 2266 3920 eorum
2302 3863 2563 3934 suntqui
2589 3881 2657 3918 ex
2681 3863 2957 3918 tabulatis
2990 3864 3240 3918 fundum
3298 3864 3479 3919 maris
3521 3863 3717 3934 explo-

2067 3959 2200 4010 rant
2229 3959 2286 4009 et
2323 3953 2512 4025 pisces
2551 3957 2810 4022 captant.
2847 3953 2908 4007 In
2965 3951 3262 4024 aliquibus
3319 3969 3456 4007 saxa
3497 3952 3718 4010 catenis

2065 4062 2356 4114 suspensa
2382 4044 2656 4114 gravibus
2681 4049 2737 4098 et
2759 4043 3218 4098 demittebantur
3240 4048 3298 4098 et
3319 4059 3524 4098 rursus
3547 4043 3718 4098 attol-

2065 4135 2355 4198 lebantur,
2390 4140 2448 4188 et
2480 4136 2652 4202 prout
2682 4148 2774 4186 res
2805 4131 3162 4201 postulabat,
3192 4132 3717 4187 transferebantur.

2064 4228 2344 4278 Praeterea
2366 4219 2809 4292 quatuordecim
2867 4220 3238 4275 tormentain
3289 4220 3544 4275 turribus
3576 4236 3718 4275 con-

2063 4312 2482 4383 spiciebantur.
2514 4311 2703 4374 Quare
2729 4311 2926 4366 Errico
2958 4316 3014 4366 et
3071 4311 3348 4366 exercitui
3405 4311 3596 4366 visum
3629 4315 3720 4366 est

2065 4401 2316 4473 priorem
2349 4402 2566 4456 fossam
2598 4400 2653 4454 vi
2711 4415 3016 4471 occupare,
3065 4401 3439 4471 secundaque
3491 4401 3719 4472 expleta

2063 4489 2367 4546 machinas
2399 4489 2583 4545 muris
2615 4489 2941 4544 admovere.
2975 4493 3054 4545 Ac
3099 4488 3281 4545 altera
3319 4491 3496 4556 fossa,
3531 4491 3716 4561 priore

2062 4583 2232 4650 capta
2261 4577 2574 4634 difﬁculter
2606 4577 2973 4647 explebatur,
2993 4582 3049 4633 et
3078 4580 3272 4648 capita
3312 4583 3369 4634 et
3392 4578 3586 4633 trunci
3617 4593 3716 4634 ca-

2062 4671 2340 4726 daverum
2375 4685 2577 4725 eorum
2609 4669 2707 4741 qui
2743 4669 3020 4740 utrinque
3050 4669 3564 4736 cadebant,hiatus
3585 4671 3714 4740 ejus

2063 4759 2271 4815 multis
2300 4759 2359 4814 in
2391 4758 2536 4814 locis
2568 4757 2904 4830 explebant.
2965 4760 3090 4823 Qua
3145 4759 3383 4814 tandem
3439 4775 3551 4814 non
3587 4758 3716 4814 sine

2061 4850 2348 4918 sanguine
2399 4848 2770 4918 complanata
2825 4847 3014 4904 scalas
3067 4848 3311 4903 turritas
3370 4848 3440 4902 ad
3501 4849 3715 4905 mmnia

2062 4939 2400 5007 adducunt;
2423 4952 2672 5007 quarum
2695 4935 2876 4991 altera
2902 4936 2959 4989 in
2987 4935 3143 4990 tossa
3164 4935 3401 4990 detenta
3431 4936 3502 4991 ob
3534 4951 3712 5008 agge-

2061 5043 2181 5082 rem
2218 5041 2419 5082 recens
2451 5034 2810 5096 congestum,
2844 5040 3096 5078 vacuum
3157 5023 3370 5079 alicubi
3431 5031 3489 5080 et
3517 5042 3712 5081 rarum

2061 5113 2546 5179 adhuc,subsedit
2571 5130 2585 5180 ;
2611 5111 2792 5168 altera
2813 5117 2972 5167 recta
3019 5112 3088 5166 ad
3143 5129 3381 5168 murum
3407 5114 3712 5184 producta,

2061 5204 2407 5276 priusquam
2466 5201 2776 5257 diabathra
2860 5203 3269 5272 conjiceretur,
3335 5202 3494 5259 saxis
3558 5202 3712 5260 823

2061 5297 2490 5348 tormentorum
2521 5289 2771 5345 contrita
2796 5293 2882 5344 est
2909 5294 2966 5344 et
2998 5290 3151 5345 facta
3206 5289 3455 5358 inutilis,
3505 5291 3563 5346 in
3597 5309 3715 5363 qua

2060 5379 2159 5450 qui
2195 5378 2552 5448 pugnabant,
2589 5375 2827 5447 plurimi
2885 5375 3038 5432 male
3095 5381 3233 5432 sunt
3281 5377 3518 5449 accepti.
3561 5378 3710 5434 Tum

2059 5468 2225 5523 Petro
2250 5467 2500 5534 Plancio,
2533 5466 2656 5521 viro
2678 5466 3090 5522 robustissimo
3134 5471 3189 5522 et
3212 5466 3284 5521 ob
3309 5466 3708 5524 fortitudinem

2060 5555 2626 5623 celeberrimo,calva
2649 5561 2739 5611 est
2757 5573 2892 5611 saxo
2916 5559 3230 5612 contracta.
3259 5558 3462 5628 Itaque
3518 5573 3584 5612 eo
3616 5559 3709 5616 die

2060 5651 2303 5703 conatus
2335 5646 2668 5701 Latinorum
2702 5645 2854 5702 irriti
2884 5646 3142 5702 fuerunt.
3177 5646 3464 5702 Postridie
3515 5651 3706 5703 turres

2061 5739 2249 5793 denuo
2267 5736 2555 5792 mmnibus
2571 5735 2684 5792 alia
2696 5740 2859 5806 parte
2873 5735 3038 5792 urbis
3052 5736 3454 5803 admoventur,
3487 5751 3704 5807 easque
