4074 6404
307 418 463 481 1013
1755 414 1922 474 URB

2034 413 2287 474 lAPTA.
3583 414 3739 475 1014

308 555 573 629 γίνονταιι
628 549 734 608 Καὶ
794 545 862 617 δὴ
892 549 993 618 τὴν
1050 544 1372 622 Ὀρεστιάδα
1428 545 1747 620 παρεικότες
1793 545 1869 607 ὡς
1918 543 1969 619 ἐξ
2002 544 2077 601 ὧν
2136 542 2334 600 ἔπαθον
2392 544 2499 621 οὐχ
2557 543 2839 621 ἁλώσιμόν
2904 568 3053 626 σφισι
3131 548 3374 624 δόξασαν,
3433 545 3603 626 ἔγνων
3652 554 3734 623 τῷ

309 640 705 716 Διδυμοτοίχῳ
770 632 1127 714 προσϐαλεῖν.
1189 635 1397 693 Οὐκοῦν
1454 633 1546 689 καὶ
1611 640 1738 710 παρ’
1784 635 1935 705 αύτῷ
1994 632 2588 710 στρατοπεδευσάμενοι
2645 635 2965 712 πολιορκεῖν
3020 637 3099 701 ἐῗς
3146 640 3321 696 νέωτα
3363 640 3427 696 τὸ
3465 640 3725 714 φρούριον

307 730 695 808 διηρῥένωντο,
735 728 826 782 καὶ
854 728 923 782 τά
949 731 1322 800 τειχομαχεῖα
1350 724 1672 799 προσάγειν,
1699 724 1772 786 ὡς
1805 723 1865 779 ἂν
1899 722 2176 795 ἐξέλωσιν,
2238 725 2626 799 ἡτοιμάζοντο.
2689 725 2851 783 Ἀλλ’
2907 725 3067 783 οὔπω
3115 726 3205 784 ἐπὶ
3252 734 3335 802 τῷ
3388 730 3727 804 παροξυσμῷ

302 821 480 895 τούτῳ
511 825 619 877 τῶν
670 818 917 874 Λατίνων
972 813 1063 872 ἔδυ
1113 817 1141 870 6
1198 813 1383 885 ἣλιος,
1442 813 1534 868 καὶ
1601 810 1914 889 πληροῦται
1970 819 2141 888 νεφῶν
2199 816 2227 870 6
2287 817 2415 890 ἀὴρ,
2463 815 2552 871 καὶ
2603 813 2864 891 ῥαγδαίας
2918 817 3131 892 βρογῆς
3162 818 3339 874 θεόθεν
3371 818 3724 895 ἀφοριθείσης

304 909 357 967 ἓν
386 914 505 973 τοῖς
543 910 734 965 ἀνόπιν
798 912 897 962 τοῦ
957 903 1371 979 Λιδυμοτοίχου
1422 903 1636 979 μέρεσιν
1689 906 1717 959 6
1766 908 1846 975 τῷ
1897 904 2143 980 φρουρίῳ
2188 903 2508 981 παραῤῥέων
2568 901 2768 981 Ἕϐρος
2837 903 3162 982 διευρυνθεὶς
3220 908 3357 982 ὑετῷ
3394 910 3482 965 καὶ
3551 908 3718 986 μέγας

304 999 365 1057 ἐκ
394 1003 592 1075 μικροῦ
641 1001 738 1053 τοῦ
800 996 925 1052 τότε
991 995 1178 1074 φανεὶς
1245 995 1341 1056 τὰς
1410 990 1670 1074 πεδιάδας
1727 991 1977 1064 ἐξυδατοῖ
2029 995 2117 1050 καὶ
2176 999 2257 1069 τῷ
2316 993 2666 1073 στρατοπέδῳ
2710 1002 2818 1052 τῶν
2873 996 3117 1053 Λατίνων
3150 997 3467 1068 ἐξαπιναίως
3498 996 3721 1054 ἐπικλυ-

302 1091 444 1156 σθεὶς
501 1086 648 1144 ὅπλα
697 1087 999 1162 παρασύρει
1066 1086 1156 1140 καὶ
1220 1084 1501 1158 μηχανὰς,
1556 1082 1757 1146 ἵππους
1806 1084 2008 1160 ἀπάγει
2065 1084 2430 1159 πολεμιστὰς,
2490 1083 2689 1160 ἄνδρας
2756 1084 3194 1162 διανηχομένους
3258 1088 3350 1143 τὸν
3423 1089 3718 1163 Ἀχέροντα

299 1178 582 1235 δείκνυσιν·
619 1179 665 1232 εἰ
718 1175 764 1232 δ’
792 1176 893 1233 οὐκ
941 1176 1009 1244 ἦν
1069 1173 1208 1229 ἐσέτι
1266 1167 1615 1252 φαυσιϐολῶν
1676 1171 1860 1244 ἤλιος,
1910 1172 2059 1229 ἀλλὰ
2113 1175 2177 1229 τὸ
2238 1170 2406 1230 δεινὸν
2459 1176 2653 1239 νυκτὸς
2711 1174 3016 1252 ἐπεγένετο,
3061 1177 3123 1232 τὸ
3144 1178 3334 1233 πλεῖον
3367 1179 3427 1232 ἅν
3459 1176 3716 1233 ἀπώλετο

293 1268 393 1324 τοῦ
452 1267 882 1342 στρατεύματος.
941 1267 1035 1336 Τῷ
1095 1262 1139 1318 δ’
1210 1261 1427 1335 ἐξαισίῳ
1473 1266 1571 1317 τοῦ
1639 1263 1965 1336 πράγματος
2022 1262 2463 1341 καταπλαγέντες
2512 1264 2706 1320 ὁπόσοι
2754 1269 2862 1320 τῶν
2917 1264 3157 1323 Λατίνων
3206 1264 3259 1326 ἐς
3313 1270 3434 1321 νοῦν
3483 1262 3716 1332 ἔϐαπτον

301 1355 433 1431 μηδ’
490 1356 738 1429 αἱμάτων
790 1351 979 1428 ἄνδρες
1037 1351 1090 1416 ἐς
1157 1353 1219 1407 τὸ
1268 1350 1531 1413 παντελὲς
1590 1349 1885 1427 ἐτύγχανον
1936 1353 2106 1424 ὅντες,
2141 1353 2548 1427 μεταναστεόειν
2599 1353 2799 1410 ἐκεῖθεν
2836 1352 3053 1411 ε’ίλοντο
3082 1355 3316 1418 καὶτοῖς
3345 1352 3540 1419 ἄλλοις
3570 1352 3715 1410 οὕτω

294 1450 475 1501 ποιεῖν
527 1444 803 1509 ὑπέθεντο.
865 1441 1039 1500 Ἀλλὰ
1092 1442 1185 1497 καὶ
1240 1441 1304 1496 τὸ
1361 1438 1557 1497 λοιπὸν
1602 1446 1703 1510 τῆς
1761 1445 2014 1515 στρατιᾶς
2082 1442 2158 1505 εἰς
2205 1447 2387 1517 θαῦμα
2411 1445 2474 1500 τὸ
2508 1445 2729 1520 γεγονὸς
2785 1443 3003 1518 θέμενοι
3029 1445 3247 1520 ταχέως
3269 1445 3459 1520 ἐξῆραν
3490 1443 3709 1508 ἐκεῖθεν.

294 1534 398 1592 Καὶ
430 1535 484 1589 οἱ
519 1535 613 1608 μὲν
666 1535 758 1587 σὺν
818 1532 967 1603 αύτῷ
1031 1536 1109 1602 τῷ
1384 1530 1484 1605 τῂν
1551 1529 1964 1586 Κωνσταντίνου
2023 1527 2346 1604 κατέλαϐον,
2391 1535 2448 1589 o't
2507 1531 2565 1589 δὲ
2618 1534 2715 1596 τάς
2767 1535 2960 1597 πόλεις
3030 1539 3282 1613 φρουρεῖν
3331 1533 3708 1610 ἐπετράπησαν

293 1625 490 1678 ὁπόσαι
531 1621 785 1699 χερσαῖαί
813 1643 872 1676 τε
891 1620 980 1677 καὶ
1020 1619 1553 1695 ἀγχίακοιΚατίνοις
1585 1617 1887 1691 ὕπήκουονο

367 1712 461 1788 ιγ’.
523 1709 682 1780 Ηλὴν
740 1708 855 1764 οὐδ’
914 1707 1087 1770 οὕτως
1153 1708 1439 1783 ἠρέμησαν
1481 1709 1547 1763 τὰ
1607 1707 1773 1777 δεινὰ,
1816 1706 1922 1764 οὕτε

2134 1712 2440 1770 13.Verum
2464 1728 2534 1770 ne
2552 1713 2637 1770 sic
2654 1714 2895 1787 quidem
2941 1712 3097 1771 mala
3116 1713 3463 1786 quieverunt
3482 1718 3585 1770 aut
3614 1729 3706 1771 res

302 1804 410 1877 μὴν
452 1799 661 1877 βελτίω
691 1801 840 1875 παρὰ
896 1802 1058 1855 τοῦτο
1091 1800 1390 1872 Ῥωμαίοις
1445 1798 1606 1877 έφένη
1652 1799 1720 1854 τὰ
1766 1799 1922 1877 πράγι

2054 1802 2433 1859 secundiores
2486 1803 2769 1860 Romanis
2837 1803 3091 1872 fuerunt,
3146 1804 3302 1876 quod
3362 1804 3703 1861 Latinorum

299 1912 460 1965 ματα.
513 1892 585 1948 ’Ἢ
644 1911 705 1946 τε
757 1889 861 1964 γὰρ
919 1885 1165 1944 Λατίνων
1225 1886 1496 1962 ὑπεροψία
1524 1888 1776 1962 καὶπρὸς
1807 1888 1915 1945 Ῥω

2055 1890 2439 1964 despicientia
2468 1897 2525 1949 et
2555 1894 2626 1949 de
2663 1892 2943 1950 Romanis
2999 1892 3254 1966 suspicio
3311 1897 3369 1950 et
3424 1894 3705 1968 implaca-

297 1980 494 2055 μαίους
528 1977 735 2052 ὑποψία
774 1977 863 2033 καὶ
901 1978 967 2033 τὸ
1023 1981 1118 2032 τοῦ
1185 1977 1534 2056 φρονήματος
1591 1977 1922 2051 ἃκαθαίρετοε

2053 1979 2201 2036 biles
2218 1980 2400 2037 animi
2432 1982 2742 2056 antiquum
2764 1982 3126 2039 obtinebant.
3157 1983 3302 2039 Nam
3349 1999 3474 2054 quae
3499 1984 3700 2040 deser-

296 2077 397 2140 τῆς
450 2070 644 2145 πρώην
701 2066 1007 2143 προθέσεως
1057 2065 1263 2141 εἲχετο,
1311 2066 1402 2122 καὶ
1432 2066 1468 2121 ἃ
1510 2064 1636 2139 δρᾷν
1668 2063 1767 2121 οὐκ
1786 2066 1944 2144 εἶχον

298 2158 426 2224 τοὺς
455 2157 790 2219 ἀποστάντας
826 2155 918 2212 καὶ
976 2157 1092 2211 καθ’
1138 2154 1210 2211 ὧν
1267 2153 1542 2219 πολλάκις
1594 2154 1690 2218 τὰς
1732 2154 1941 2235 λόγχας

297 2248 596 2320 ἠκόνησαν,
628 2252 794 2303 ταῦτα
850 2251 969 2309 τοῖς
1037 2246 1141 2301 ὑπὸ
1189 2251 1351 2321 χεῖρα
1390 2240 1468 2301 ἔτι
1526 2244 1801 2323 ἐπέφερον,
1849 2244 1942 2301 καὶ

287 2345 404 2395 κατ’
433 2339 612 2395 αὐτῶν
640 2336 789 2407 τοὺς,
822 2334 1047 2399 ὀδόντας
1099 2330 1356 2411 ἔϐρυχον.
1400 2336 1504 2393 Καὶ
1547 2335 1581 2405 ἡ
1631 2340 1740 2391 τῶν
1804 2335 1943 2412 πρὸς

284 2426 359 2484 ἕω
385 2429 674 2501 Ῥωμαίων
707 2426 831 2502 περὶ
869 2427 932 2482 τὸ
988 2431 1168 2488 κακῶς
1227 2427 1440 2501 πάσχον
1501 2425 1759 2501 ὁμογενὲς
1815 2425 1938 2481 ἀνε-

285 2518 589 2594 πίστροφος
649 2516 850 2591 γνώμη
901 2514 991 2571 καὶ
1066 2517 1102 2585 ἡ
1159 2513 1434 2583 παντελὴς
1492 2514 1789 2591 παρόρασις
1846 2520 1937 2570 καὶ

284 2606 546 2677 ἐπίλησις
607 2606 858 2684 ἀφόρητα
912 2599 1169 2661 ἔϐαλλεν·
1242 2600 1366 2659 οὔτε
1420 2605 1523 2680 γὰρ
1572 2606 1855 2679 χρήμασιν
1898 2605 1935 2675 ἢ

289 2696 656 2773 στρατεύμασι
700 2699 810 2751 τῶν
870 2692 1101 2750 δυτικῶν
1170 2690 1639 2767 ἀντελαμϐάνοντο
1689 2693 1931 2753 πόλεων.

286 2785 449 2843 Ἀλλ’
490 2786 543 2840 οἱ
586 2786 681 2859 μὲν
710 2789 933 2840 Λατῖνοι
965 2791 1067 2854 τῆς
1109 2784 1287 2847 Ἀσίας
1352 2784 1806 2863 ἀναχωρήσαντες
1833 2787 1934 2855 τήν

288 2877 504 2948 Θρᾴκην
564 2872 818 2944 ἔκοπτον,
883 2873 1054 2948 μόνην
1114 2873 1542 2951 ἀναῤῥιπτοῦσαν
1607 2875 1698 2930 τὸν
1795 2874 1928 2949 ύπὶρ

283 2963 593 3039 ἐλευθερίας
616 2963 905 3037 Ῥωμαίων
935 2959 1205 3019 κίνδύνον-
1267 2962 1319 3018 οἶ
1364 2960 1422 3019 δὲ
1478 2961 1738 3039 ἡμέτεροι
1769 2984 1927 3039 στρα-

2051 2069 2299 2137 toribus,
2335 2076 2539 2128 contra
2568 2087 2716 2142 quos
2738 2088 2892 2144 saepe
2929 2072 3131 2129 hastas
3154 2076 3454 2140 nouerant,
3487 2073 3703 2130 inferre

2052 2160 2169 2215 non
2190 2163 2481 2231 poterant,
2502 2176 2564 2217 ea
2582 2159 2643 2216 in
2667 2161 2958 2233 proximos
2981 2175 3243 2234 quosque
3265 2162 3699 2234 perpetrabant,

2050 2254 2106 2306 et
2135 2257 2339 2305 contra
2368 2265 2466 2306 eos
2495 2250 2765 2307 dentibus
2811 2251 3177 2308 frendebant.
3210 2251 3325 2307 Sed
3381 2254 3438 2307 et
3494 2250 3702 2307 Orien-

2048 2335 2257 2393 talium
2324 2342 2729 2394 Romanorum
2787 2338 3148 2415 negligentia
3204 2354 3339 2411 erga
3390 2338 3703 2411 populares

2047 2427 2294 2484 afflictos
2325 2436 2379 2483 et
2409 2444 2685 2485 summus
2718 2431 3029 2500 despectus
3056 2436 3233 2505 atque
3291 2427 3503 2485 oblivio
3538 2427 3705 2485 dolo-

2047 2535 2169 2575 rem
2223 2534 2370 2590 pene
2428 2518 2858 2576 intolerabilem
2920 2519 3183 2591 pariebat
3232 2536 3245 2575 :
3317 2535 3455 2575 nam
3514 2535 3701 2592 neque

2045 2608 2312 2679 pecuniis
2339 2625 2526 2681 neque
2557 2608 2811 2666 militum
2846 2610 3032 2681 copiis
3078 2608 3552 2666 Occidentalibus
3611 2625 3699 2665 ur-

2044 2697 2219 2756 bibus
2239 2699 2769 2756 subveniebant.Ac
2793 2700 3015 2756 Latinis
3035 2716 3104 2757 ex
3125 2699 3266 2756 Asia
3310 2698 3592 2772 digressis
3646 2706 3701 2755 et

2041 2789 2368 2858 Thraciam,
2400 2805 2528 2860 quis
2568 2788 2696 2846 sola
2725 2805 2828 2862 pro
2855 2789 3124 2846 libertate
3180 2790 3576 2846 Romanorum
3616 2790 3701 2845 di-

2041 2879 2316 2948 micabat,
2346 2879 2737 2946 vastantibus,
2769 2881 2955 2936 nostri
3019 2880 3197 2936 duces
3228 2895 3296 2935 eo
3353 2878 3695 2935 discrimine

2041 2970 2250 3040 praeter
2269 2969 2764 3038 exspectationem
2796 2966 3025 3024 libeaati
3056 2983 3350 3038 nusquam
3392 2966 3571 3023 officii
3599 2968 3693 3023 sui

282 3054 444 3131 τηγοὶ
491 3058 610 3109 τοῦς
646 3073 706 3109 εκ
757 3058 905 3129 σφῶν
956 3050 1203 3107 κινδύνον
1260 3052 1409 3127 παρά
1464 3050 1618 3122 δόξαν
1657 3051 1922 3116 ἀνεθέντες

2043 3056 2452 3124 meminerant,
2485 3071 2674 3127 neque
2698 3055 2953 3113 salutare
2982 3057 3306 3128 quidquam
3363 3057 3434 3112 ad
3479 3056 3572 3111 sui
3602 3056 3692 3113 vel

284 3142 439 3201 οὐδὲν
490 3144 626 3213 ἦσαν
659 3139 924 3216 οὐδαμοῦ,
975 3138 1099 3197 οὔτε
1153 3142 1261 3215 μὴν
1324 3143 1596 3215 σωτήριόν
1624 3164 1677 3199 τι
1708 3143 1796 3199 καὶ
1829 3165 1933 3217 φυ-

283 3232 582 3306 λακτήριον
639 3231 854 3292 ἑαυτοῖς
904 3230 995 3284 καὶ
1062 3233 1179 3291 τοῖς
1246 3227 1505 3307 φυλέταις
1566 3229 1930 3303 μετήλθοσαν,

279 3320 408 3378 ἀλλ’
441 3321 517 3383 εἷς
556 3324 680 3376 νοῦν
715 3317 980 3392 ἀδόκιμον
1010 3316 1400 3394 παραδοθέντες
1451 3318 1543 3375 καὶ
1600 3319 1796 3383 αὐτοὺς
1823 3320 1931 3375 ἀπὸ

281 3414 420 3466 Θεοῦ
456 3411 820 3484 μακρύναντες
854 3406 994 3463 ὣστε
1041 3407 1110 3463 τὰ
1171 3408 1246 3480 μὴ
1303 3408 1609 3478 καθήκοντα
1659 3405 1785 3484 δρᾷν
1841 3407 1930 3463 καὶ

283 3496 555 3574 μηδαμῶς
580 3495 713 3554 ἴέναι
744 3499 880 3574 πρὸς
910 3497 1183 3566 α’ἰσθησιν,
1213 3498 1357 3552 κατὰ
1413 3495 1630 3569 δήμους
1681 3498 1771 3551 καὶ
1825 3518 1932 3573 φα-

277 3589 429 3664 τρίας
462 3586 768 3660 διέστησαν,
791 3586 982 3650 πόλεις
1007 3587 1293 3660 ἐξέμηναν,
1313 3589 1433 3641 κατ’
1457 3584 1726 3657 ἀλλήλων
1758 3585 1930 3643 ὡπλί-

279 3691 482 3750 σθησαν
557 3678 685 3743 τοὺς
753 3677 987 3750 θεσμοὺς
1057 3683 1159 3746 τῆς
1207 3674 1519 3753 συγγενείας
1577 3672 1926 3751 συγχέαντες,

278 3771 367 3844 [Ρ.
402 3771 529 3843 403]
558 3768 648 3824 καὶ
675 3768 929 3844 γεγόνασι
962 3766 1109 3844 φυλή
1146 3765 1296 3843 φυλὴ
1328 3766 1420 3821 καὶ
1452 3765 1673 3841 Ἰσραὴλ
1694 3763 1925 3838 Ἰούδας,

276 3860 341 3915 τὸ
397 3857 570 3915 πάλαι
628 3859 776 3934 παρὰ
828 3860 909 3930 τῷ
967 3858 1226 3934 προφήτῃ
1288 3854 1680 3931 θρηνούμενον,
1724 3854 1781 3911 οἷ’
1829 3857 1923 3929 μὲν

272 3948 416 4022 τῷδε
470 3949 848 4010 συννεύσαντες
915 3946 1006 4002 καὶ
1063 3947 1139 4011 ὡς
1181 3946 1399 4022 βασιλεῖ
1427 3950 1573 4027 σφῶν
1594 3945 1924 4024 ζπροσφερό-

278 4061 454 4115 μενοι,
489 4039 540 4095 οἱ
577 4038 626 4094 δ’
650 4035 837 4110 ἐκείνῳ
865 4036 1290 4113 προσρέψαντες,
1349 4036 1423 4099 ὡς
1475 4036 1564 4091 καὶ
1606 4041 1722 4099 τοῖς
1780 4034 1924 4092 πολ-

272 4128 395 4192 λοῖς
423 4130 512 4185 καὶ
580 4133 698 4190 τοῖς
758 4126 1047 4202 φρονίμοις
1105 4126 1377 4200 κρίνεσθαι
1432 4124 1508 4188 εἷς
1565 4127 1798 4200 κατάραν
1831 4126 1922 4181 καὶ

270 4218 606 4290 πλησμονὴν
637 4215 729 4270 καὶ
795 4220 898 4282 τῆς
952 4213 1274 4289 ὁμογενείας
1314 4212 1780 4288 ἀπαλλοτρίωσιν.
1832 4216 1920 4276 Ὠς

270 4303 331 4361 δέ
359 4323 495 4360 ποτε
524 4299 859 4376 συνέδραμον
881 4299 935 4363 ἐς
966 4298 1177 4379 φιλίαν,
1208 4298 1323 4356 οὐδ’
1367 4300 1511 4357 οὕτω
1571 4302 1665 4375 μὶν
1710 4302 1786 4362 ὡς
1842 4303 1918 4365 εἰς

274 4393 399 4468 μίαν
429 4389 886 4467 συνηρμόσθησαν
938 4389 1192 4466 γνώμην.
1252 4386 1365 4444 οὐδ’
1425 4388 1479 4452 ἐς
1546 4391 1916 4464 συνασπισμὸν

2043 3144 2419 3217 popularium
2450 3144 2850 3201 defensionem
2871 3144 3374 3201 conabantur.Sed
3398 3143 3691 3215 corruptis

2042 3234 2295 3307 ingeniis
2344 3233 2590 3305 praediti,
2648 3238 2707 3289 et
2763 3239 2829 3290 ut
2883 3234 3153 3290 homines
3210 3234 3363 3291 821
3410 3233 3625 3290 deserti
3659 3250 3693 3288 a

2043 3329 2157 3381 Deo
2189 3332 2361 3396 atque
2389 3324 2555 3395 impii
2587 3328 2826 3397 stupore
2882 3325 3134 3396 quodam
3184 3322 3396 3394 affecti,
3430 3327 3603 3396 atque
3629 3323 3689 3379 in

2042 3413 2325 3471 factiones
2348 3412 2720 3482 divisi,urbes
2741 3412 3146 3481 concitarunt;
3179 3411 3278 3469 alii
3326 3412 3474 3469 alios
3504 3429 3688 3485 oppu-

2040 3506 2297 3576 gnarunt
2326 3501 2537 3559 violato
2563 3503 2693 3574 jure
2725 3500 3092 3575 cognationis
3126 3518 3142 3569 ς
3183 3501 3449 3557 tributim
3490 3517 3689 3574 segre-

2039 3591 2156 3663 gati
2186 3595 2374 3660 sunt;
2433 3590 2607 3648 Israel
2658 3591 2840 3647 ludas
2899 3591 3084 3646 factus
3136 3593 3246 3659 est,
3278 3593 3343 3645 ut
3372 3597 3536 3647 vetus
3590 3589 3688 3647 ille

2038 3679 2324 3752 propheta
2352 3679 2638 3751 queritur,
2668 3679 2798 3736 aliis
2828 3679 2963 3736 huic
2996 3684 3059 3736 ut
3088 3679 3211 3752 regi
3250 3679 3520 3745 addictis,
3553 3678 3685 3735 aliis

2036 3768 2106 3823 ad
2138 3766 2320 3825 alium
2353 3767 2807 3824 conﬂuentibus.
2839 3768 2975 3833 Quae
3007 3783 3100 3823 res
3157 3766 3381 3835 multis,
3424 3768 3683 3839 pruden-

2034 3858 2282 3915 tioribus
2303 3857 3034 3930 prmsertim,exsecrationi
3049 3856 3283 3926 similis,
3307 3862 3365 3913 et
3384 3858 3687 3914 destruen-

2036 3947 2121 4002 dae
2162 3946 2585 4003 necessitudini
2641 3952 2699 4002 et
2757 3947 3101 4003 inducendae
3159 3946 3495 4004 alienationi
3553 3963 3683 4003 esse

2034 4037 2349 4093 videbatur.
2388 4036 2511 4092 Etsi
2532 4040 2727 4093 autem
2755 4037 2992 4093 tandem
3015 4037 3087 4092 ad
3110 4035 3431 4093 amicitiam
3469 4036 3701 4115 ineun-/

2032 4127 2166 4181 dam
2199 4131 2643 4194 concurrerunt,
2702 4133 2894 4181 tamen
2953 4140 3024 4182 ne
3080 4128 3205 4180 tum
3239 4126 3477 4197 quidem
3510 4125 3682 4197 plane

2031 4219 2471 4283 consenserunt,
2540 4218 2642 4271 aut
2693 4214 2788 4270 alii
2847 4215 2995 4272 alios
3052 4215 3124 4270 ad
3170 4213 3307 4271 belli
3340 4214 3680 4272 societatem

2029 4302 2312 4361 cohortati
2345 4303 2670 4360 ullomodo
2702 4303 3174 4362 Occidentalibus
3212 4304 3457 4362 urbibus
3508 4321 3677 4377 opem

2029 4393 2177 4450 ferre
2207 4397 2539 4450 statuerunt
2571 4410 2586 4450 :
2620 4393 2722 4450 sed
2772 4394 3042 4452 creandis
3094 4394 3545 4467 imperatoribus
3587 4394 3676 4452 iu-

265 4455 578 4555 άλλήλουςη
609 4455 1140 4557 ’παρακροτήσαντες
1221 4478 1483 4555 ἐπαρῆξαι
1571 4479 1719 4544 ὅλως
1794 4455 1912 4544 ταῖς

2034 4482 2174 4538 tenti
2208 4482 2393 4539 instar
2418 4482 2704 4556 gregatim
2755 4482 3079 4540 volantium
3139 4483 3334 4540 avium
3388 4501 3523 4540 cum
3559 4500 3677 4541 uno

266 4573 543 4650 ἑσπερίαις
593 4568 884 4647 προέθεντο
954 4571 1203 4639 πόλεσιν,
1256 4568 1385 4627 ἀλλ’
1444 4571 1521 4634 εἷς
1578 4571 1918 4647 χειροτονίας

273 4660 573 4742 βλέψαντες
606 4660 877 4739 βασῖλέων
921 4660 972 4716 οἱ
1007 4661 1103 4734 μὲν
1157 4660 1292 4716 κατὰ
1341 4662 1409 4717 τὰ
1458 4663 1754 4735 ποτώμενα
1806 4667 1915 4718 τῶν

272 4756 429 4827 ζώων
466 4748 816 4829 συμσορηδὸν
855 4749 1276 4807 συνανίπτανται
1321 4749 1466 4824 τῷδε
1506 4752 1597 4807 καὶ
1656 4753 1916 4808 συναπαί-

271 4865 481 4921 ρουσιν,
514 4844 567 4900 οἱ
600 4840 658 4897 δὲ
695 4841 785 4897 καὶ
818 4840 1053 4918 ῥάμνους
1083 4837 1411 4904 ἀκανθώδεις
1442 4839 1496 4903 ἐς
1545 4840 1724 4916 ἀρχὴν
1779 4862 1914 4917 προ.

268 4934 630 5013 χειρίζονται.
690 4931 795 4989 Καὶ
853 4930 922 4999 ἦν
964 4927 1283 5003 πολυαρχία
1337 4927 1502 4985 πάλιν
1568 4931 1631 4985 τὸ
1694 4934 1915 5008 γεγονὸς

267 5024 635 5099 ἐπινεμομένη
692 5022 794 5091 τήν
845 5013 942 5088 ἕω,
1000 5018 1092 5074 καὶ
1149 5019 1340 5094 θηρίον
1408 5020 1734 5093 τρικάρηνον
1808 5020 1913 5077 ύπὸ

263 5118 370 5169 τῶν
406 5111 714 5189 ἀϐελτέρῶν
749 5103 1104 5183 διαπλεχθὲν.
1139 5107 1199 5164 Ὀ
1233 5108 1326 5181 μὲν
1352 5110 1469 5186 Ῐγὰρ
1523 5109 1914 5185 Μαυροζώμης

262 5202 523 5272 Μανουήλ
563 5222 655 5276 τον
687 5198 1043 5274 Καϊχοσρόην
1087 5193 1312 5264 ὑποδὺς,
1345 5197 1406 5252 οὐ
1446 5199 1586 5253 πάνυ
1628 5199 1736 5275 πρὸ
1778 5198 1914 5256 πολ-

264 5285 366 5342 λοῦ
436 5294 506 5363 τῇ
565 5288 754 5366 σετέρᾳ
810 5287 1036 5365 θυγατρὶ
1117 5286 1450 5364 συναφθέντα
1507 5288 1598 5342 καὶ
1636 5294 1736 5358 τῆς
1771 5289 1911 5345 Ἰκο-

257 5378 509 5454 νιαρχίας
539 5380 692 5444 αὗθις
740 5374 1070 5453 λαϐόμενον,
1128 5378 1194 5445 ἧς
1253 5376 1372 5452 εἶχε
1422 5377 1692 5453 πρότερον
1759 5376 1908 5436 ἐκπε-

265 5469 397 5538 σὼν,
426 5467 599 5524 πάντα
626 5472 691 5537 ἦν
730 5468 1156 5543 μηχανώμενος,
1200 5464 1250 5520 εἷ’
1276 5486 1394 5529 πως
1459 5467 1607 5538 αὐτῷ
1665 5488 1911 5542 συναιρο-

266 5554 431 5634 μένου
474 5562 571 5613 τοῦ
606 5556 888 5633 βασιλείου
931 5558 1075 5632 τύχῃ
1127 5556 1415 5630 ὀνόματος,
1474 5559 1562 5613 καὶ
1607 5560 1706 5628 τὴν
1772 5559 1904 5632 ὅσην

259 5648 472 5718 ποτίζει
502 5644 814 5720 Μαίανδρος
862 5646 1028 5703 ἐπιὼν
1082 5645 1220 5721 μετὰ
1266 5647 1524 5722 Τούρκων
1575 5644 1797 5726 ,ἔφθειρέ
1848 5671 1908 5706 τε

227 5739 349 5798 ’καὶ
412 5734 636 5815 ἔκειρεν.
691 5737 754 5797 ’0
813 5733 870 5794 δὲ
925 5735 1200 5813 Λάσκαρις
1253 5733 1556 5813 Θεόδωρος,
1624 5738 1699 5800 ὡς
1765 5735 1907 5814 γένει

2029 4573 2282 4646 quodam
2315 4572 2709 4630 subvolabant
2746 4578 2803 4630 et
2854 4574 3283 4643 discedebant;
3339 4573 3440 4631 alii
3495 4575 3673 4633 etiam

2028 4662 2285 4736 spinosis
2314 4662 2477 4720 rubis
2507 4663 2821 4735 imperium
2853 4663 3210 4721 deferebant.
3242 4665 3409 4721 Unde
3456 4664 3673 4721 multo-

2027 4769 2155 4809 rum
2214 4753 2552 4810 dominatus
2618 4752 2913 4810 Orientem
2992 4753 3364 4825 depascebat,
3426 4752 3672 4826 tricipiti

2027 4843 2278 4914 quadam
2312 4842 2509 4898 bellua
2537 4859 2570 4899 a
2601 4842 2949 4899 vecordibus
2980 4841 3253 4914 implexa.
3278 4842 3427 4898 Nam
3448 4842 3672 4900 Mauro—

2024 4949 2219 4988 zomes
2246 4931 2479 4989 Manuel
2504 4930 2866 4988 Caichosrois
2884 4930 3117 4987 auxiliis
3166 4933 3369 4999 fretus,
3401 4933 3497 4989 cui
3552 4950 3670 4990 non

2026 5021 2214 5078 multo
2245 5027 2378 5078 ante
2410 5024 2750 5093 recuperato
2781 5021 2974 5077 Iconio
3012 5020 3196 5076 ﬁliam
3257 5021 3669 5093 desponderat,

2025 5111 2173 5167 nihil
2205 5127 2318 5168 non
2350 5112 2667 5168 conabatur
2725 5115 2791 5166 ut
2845 5110 3217 5183 imperatorio
3253 5113 3491 5169 nomine
3518 5113 3672 5184 poti-

2024 5203 2206 5268 retur,
2238 5204 2295 5255 et
2323 5216 2558 5255 omnem
2590 5200 2967 5255 Maeandrium
3026 5204 3282 5256 tractum
3339 5217 3474 5257 cum
3516 5202 3669 5260 828

2022 5288 2234 5345 Turcis
2258 5288 2543 5344 vastabat.
2578 5288 2922 5344 Theodorus
2963 5289 3244 5359 Lascaris,
3304 5289 3670 5348 nobilissimo

2020 5394 2230 5450 genere
2253 5383 2418 5435 ortus
2448 5383 2508 5434 et
2536 5379 2904 5450 imperatoris
2941 5378 3227 5436 affinitate
3265 5380 3537 5453 inclytus,
3569 5380 3671 5438 illo

2018 5468 2325 5542 proﬂigato
2382 5472 2439 5525 et
2496 5468 2672 5525 rubro
2730 5468 2924 5526 calceo
2983 5469 3190 5525 induto
3263 5471 3335 5527 ab
3394 5472 3668 5530 omnibus

2017 5558 2413 5615 Orientalibus
2472 5557 2718 5615 urbibus
2778 5558 3096 5631 imperator
3161 5560 3662 5620 consalutabatur.

2016 5648 2194 5705 David
2220 5665 2388 5721 porro
2412 5649 2745 5704 Comnenus
2765 5649 3023 5706 exercitu
3062 5665 3132 5705 ex
3179 5650 3575 5724 Paphlagonia
3606 5658 3664 5710 et

2014 5739 2252 5796 Pontica
2281 5737 2558 5796 Heraclea
2584 5741 2803 5807 coacto,
2836 5742 2894 5795 et
2922 5738 3151 5795 Iberum
3183 5741 3283 5811 qui
3343 5743 3413 5796 ad
3458 5742 3662 5800 Phasi-
