  <div class='ocr_page' id='page_1' title='image "/cluster/home/n/w/nwhite01/storage/ocr_20150623/139:no.1/coo.31924054870443/517.png"; bbox 0 0 4074 6390; ppageno 0'>
   <div class='ocr_carea' id='block_1_1' title="bbox 317 414 474 477">
    <p class='ocr_par' dir='ltr' id='par_1_1' title="bbox 317 414 474 477">
     <span class='ocr_line' id='line_1_1' title="bbox 317 414 474 477; baseline -0.019 0"><span class='ocrx_word' id='word_1_1' title='bbox 317 414 474 477; x_wconf 81' lang='grc'>1015</span> 
     </span>
    </p>
   </div>
   <div class='ocr_carea' id='block_1_2' title="bbox 1640 407 2429 471">
    <p class='ocr_par' dir='ltr' id='par_1_2' title="bbox 1640 407 2429 471">
     <span class='ocr_line' id='line_1_2' title="bbox 1640 407 2429 471; baseline -0.003 -1"><span class='ocrx_word' id='word_1_2' title='bbox 1640 408 1954 471; x_wconf 63' lang='grc' dir='ltr'>ΝΙΟΕΤΕ</span> <span class='ocrx_word' id='word_1_3' title='bbox 1994 407 2429 469; x_wconf 78' lang='grc' dir='ltr'>ΟΗΟΝῙΑΤιΕ</span> 
     </span>
    </p>
   </div>
   <div class='ocr_carea' id='block_1_3' title="bbox 3578 406 3746 470">
    <p class='ocr_par' dir='ltr' id='par_1_3' title="bbox 3578 406 3746 470">
     <span class='ocr_line' id='line_1_3' title="bbox 3578 406 3746 470; baseline 0.012 -2"><span class='ocrx_word' id='word_1_4' title='bbox 3578 406 3746 470; x_wconf 76' lang='grc'><strong>1016</strong></span> 
     </span>
    </p>
   </div>
   <div class='ocr_carea' id='block_1_4' title="bbox 318 535 1987 617">
    <p class='ocr_par' dir='ltr' id='par_1_4' title="bbox 318 542 1972 617">
     <span class='ocr_line' id='line_1_4' title="bbox 318 542 1972 617; baseline -0.007 -10"><span class='ocrx_word' id='word_1_5' title='bbox 318 550 452 607; x_wconf 90' lang='lat' dir='ltr'>dem</span> <span class='ocrx_word' id='word_1_6' title='bbox 482 546 751 604; x_wconf 88' lang='lat' dir='ltr'><strong>habitant</strong></span> <span class='ocrx_word' id='word_1_7' title='bbox 805 544 1034 617; x_wconf 79' lang='lat' dir='ltr'>legione</span> <span class='ocrx_word' id='word_1_8' title='bbox 1088 544 1401 610; x_wconf 89' lang='lat' dir='ltr'><strong>conducta,</strong></span> <span class='ocrx_word' id='word_1_9' title='bbox 1463 557 1644 614; x_wconf 80' lang='lat' dir='ltr'>pagos</span> <span class='ocrx_word' id='word_1_10' title='bbox 1695 548 1753 597; x_wconf 91' lang='lat' dir='ltr'>et</span> <span class='ocrx_word' id='word_1_11' title='bbox 1796 542 1972 597; x_wconf 90' lang='lat' dir='ltr'><strong>urbes</strong></span> 
     </span>
    </p>
   </div>
   <div class='ocr_carea' id='block_1_5' title="bbox 2098 535 3751 617">
    <p class='ocr_par' dir='ltr' id='par_1_5' title="bbox 2098 535 3751 614">
     <span class='ocr_line' id='line_1_5' title="bbox 2098 535 3751 614; baseline 0 -20"><span class='ocrx_word' id='word_1_12' title='bbox 2098 538 2516 614; x_wconf 67' lang='grc' dir='ltr'>εὐπρεπέστατος</span> <span class='ocrx_word' id='word_1_13' title='bbox 2581 540 2672 594; x_wconf 81' lang='grc' dir='ltr'>καὶ</span> <span class='ocrx_word' id='word_1_14' title='bbox 2719 536 2877 611; x_wconf 73' lang='grc' dir='ltr'>κήδει</span> <span class='ocrx_word' id='word_1_15' title='bbox 2913 536 3173 614; x_wconf 75' lang='grc' dir='ltr'>βασίλείῳ</span> <span class='ocrx_word' id='word_1_16' title='bbox 3238 535 3546 613; x_wconf 76' lang='grc' dir='ltr'>περίδοεος,</span> <span class='ocrx_word' id='word_1_17' title='bbox 3598 538 3751 597; x_wconf 81' lang='grc' dir='ltr'>ἀπο-</span> 
     </span>
    </p>
   </div>
   <div class='ocr_carea' id='block_1_6' title="bbox 319 630 1978 709">
    <p class='ocr_par' dir='ltr' id='par_1_6' title="bbox 319 630 1978 709">
     <span class='ocr_line' id='line_1_6' title="bbox 319 630 1978 709; baseline -0.007 -14"><span class='ocrx_word' id='word_1_18' title='bbox 319 638 659 709; x_wconf 86' lang='lat' dir='ltr'><strong>subigebat;</strong></span> <span class='ocrx_word' id='word_1_19' title='bbox 694 640 751 693; x_wconf 90' lang='lat' dir='ltr'>et</span> <span class='ocrx_word' id='word_1_20' title='bbox 785 640 849 691; x_wconf 91' lang='lat' dir='ltr'>ut</span> <span class='ocrx_word' id='word_1_21' title='bbox 878 637 1116 690; x_wconf 79' lang='lat' dir='ltr'>fratrem</span> <span class='ocrx_word' id='word_1_22' title='bbox 1146 648 1319 689; x_wconf 91' lang='lat' dir='ltr'><strong>suum</strong></span> <span class='ocrx_word' id='word_1_23' title='bbox 1366 630 1633 687; x_wconf 80' lang='lat' dir='ltr'><strong>Alexium</strong></span> <span class='ocrx_word' id='word_1_24' title='bbox 1694 646 1978 703; x_wconf 88' lang='lat' dir='ltr'><strong>magnum</strong></span> 
     </span>
    </p>
   </div>
   <div class='ocr_carea' id='block_1_7' title="bbox 318 721 1976 795">
    <p class='ocr_par' dir='ltr' id='par_1_7' title="bbox 318 721 1976 795">
     <span class='ocr_line' id='line_1_7' title="bbox 318 721 1976 795; baseline -0.007 -10"><span class='ocrx_word' id='word_1_25' title='bbox 318 728 609 793; x_wconf 81' lang='lat' dir='ltr'><strong>redderet,</strong></span> <span class='ocrx_word' id='word_1_26' title='bbox 645 738 1062 795; x_wconf 63' lang='lat' dir='ltr'><strong>praeursorem</strong></span> <span class='ocrx_word' id='word_1_27' title='bbox 1085 722 1214 792; x_wconf 92' lang='lat' dir='ltr'><strong>ejus</strong></span> <span class='ocrx_word' id='word_1_28' title='bbox 1271 726 1329 777; x_wconf 90' lang='lat' dir='ltr'>et</span> <span class='ocrx_word' id='word_1_29' title='bbox 1370 735 1696 791; x_wconf 73' lang='lat' dir='ltr'><strong>praeconem</strong></span> <span class='ocrx_word' id='word_1_30' title='bbox 1749 721 1976 792; x_wconf 88' lang='lat' dir='ltr'><strong>agebat.</strong></span> 
     </span>
    </p>
   </div>
   <div class='ocr_carea' id='block_1_8' title="bbox 321 809 1978 880">
    <p class='ocr_par' dir='ltr' id='par_1_8' title="bbox 321 809 1978 880">
     <span class='ocr_line' id='line_1_8' title="bbox 321 809 1978 880; baseline -0.005 -7"><span class='ocrx_word' id='word_1_31' title='bbox 321 818 607 874; x_wconf 64' lang='lat' dir='ltr'><strong>Ceterum</strong></span> <span class='ocrx_word' id='word_1_32' title='bbox 639 815 692 870; x_wconf 92' lang='lat' dir='ltr'>is</span> <span class='ocrx_word' id='word_1_33' title='bbox 722 812 972 869; x_wconf 90' lang='lat' dir='ltr'><strong>subinde</strong></span> <span class='ocrx_word' id='word_1_34' title='bbox 1001 809 1407 876; x_wconf 80' lang='lat' dir='ltr'>cunctabatur,</span> <span class='ocrx_word' id='word_1_35' title='bbox 1442 810 1596 865; x_wconf 88' lang='lat' dir='ltr'><strong>circa</strong></span> <span class='ocrx_word' id='word_1_36' title='bbox 1652 810 1978 880; x_wconf 84' lang='lat' dir='ltr'><strong>Trapezun-</strong></span> 
     </span>
    </p>
   </div>
   <div class='ocr_carea' id='block_1_9' title="bbox 320 897 1978 971">
    <p class='ocr_par' dir='ltr' id='par_1_9' title="bbox 320 897 1978 971">
     <span class='ocr_line' id='line_1_9' title="bbox 320 897 1978 971; baseline -0.006 -8"><span class='ocrx_word' id='word_1_37' title='bbox 320 910 439 964; x_wconf 91' lang='lat' dir='ltr'>tem</span> <span class='ocrx_word' id='word_1_38' title='bbox 473 919 698 960; x_wconf 89' lang='lat' dir='ltr'><strong>moram</strong></span> <span class='ocrx_word' id='word_1_39' title='bbox 724 898 962 958; x_wconf 87' lang='lat' dir='ltr'><strong>trahens</strong></span> <span class='ocrx_word' id='word_1_40' title='bbox 984 904 1078 965; x_wconf 71' lang='lat' dir='ltr'><strong>:et</strong></span> <span class='ocrx_word' id='word_1_41' title='bbox 1100 897 1273 971; x_wconf 86' lang='lat' dir='ltr'><strong>plane</strong></span> <span class='ocrx_word' id='word_1_42' title='bbox 1292 897 1499 967; x_wconf 81' lang='lat' dir='ltr'><strong>Hylam</strong></span> <span class='ocrx_word' id='word_1_43' title='bbox 1538 897 1730 967; x_wconf 88' lang='lat' dir='ltr'><strong>illum,</strong></span> <span class='ocrx_word' id='word_1_44' title='bbox 1759 898 1831 953; x_wconf 89' lang='lat' dir='ltr'>de</span> <span class='ocrx_word' id='word_1_45' title='bbox 1862 913 1978 969; x_wconf 89' lang='lat' dir='ltr'>quo</span> 
     </span>
    </p>
   </div>
   <div class='ocr_carea' id='block_1_10' title="bbox 316 988 1980 1069">
    <p class='ocr_par' dir='ltr' id='par_1_10' title="bbox 316 988 1980 1069">
     <span class='ocr_line' id='line_1_10' title="bbox 316 988 1980 1069; baseline -0.005 -17"><span class='ocrx_word' id='word_1_46' title='bbox 316 994 693 1069; x_wconf 86' lang='lat' dir='ltr'><strong>proverbium</strong></span> <span class='ocrx_word' id='word_1_47' title='bbox 753 995 866 1057; x_wconf 87' lang='lat' dir='ltr'><strong>est,</strong></span> <span class='ocrx_word' id='word_1_48' title='bbox 914 1004 1101 1060; x_wconf 89' lang='lat' dir='ltr'><strong>agens</strong></span> <span class='ocrx_word' id='word_1_49' title='bbox 1160 992 1443 1059; x_wconf 88' lang='lat' dir='ltr'><strong>perpetuo</strong></span> <span class='ocrx_word' id='word_1_50' title='bbox 1498 988 1816 1043; x_wconf 77' lang='lat' dir='ltr'><strong>vocabatur</strong></span> <span class='ocrx_word' id='word_1_51' title='bbox 1872 1002 1980 1043; x_wconf 90' lang='lat' dir='ltr'>nec</span> 
     </span>
    </p>
   </div>
   <div class='ocr_carea' id='block_1_11' title="bbox 315 1074 1977 1155">
    <p class='ocr_par' dir='ltr' id='par_1_11' title="bbox 315 1074 1977 1155">
     <span class='ocr_line' id='line_1_11' title="bbox 315 1074 1977 1155; baseline -0.007 -14"><span class='ocrx_word' id='word_1_52' title='bbox 315 1098 578 1155; x_wconf 84' lang='lat' dir='ltr'><strong>unquam</strong></span> <span class='ocrx_word' id='word_1_53' title='bbox 611 1080 1012 1151; x_wconf 83' lang='lat' dir='ltr'><strong>comparebat.</strong></span> <span class='ocrx_word' id='word_1_54' title='bbox 1069 1077 1215 1132; x_wconf 91' lang='lat' dir='ltr'>Cum</span> <span class='ocrx_word' id='word_1_55' title='bbox 1276 1081 1471 1132; x_wconf 88' lang='lat' dir='ltr'><strong>autem</strong></span> <span class='ocrx_word' id='word_1_56' title='bbox 1534 1076 1706 1131; x_wconf 86' lang='lat' dir='ltr'><strong>David</strong></span> <span class='ocrx_word' id='word_1_57' title='bbox 1751 1074 1977 1132; x_wconf 87' lang='lat' dir='ltr'><strong>adoles-</strong></span> 
     </span>
    </p>
   </div>
   <div class='ocr_carea' id='block_1_12' title="bbox 316 1164 1979 1242">
    <p class='ocr_par' dir='ltr' id='par_1_12' title="bbox 316 1164 1979 1242">
     <span class='ocr_line' id='line_1_12' title="bbox 316 1164 1979 1242; baseline -0.006 -11"><span class='ocrx_word' id='word_1_58' title='bbox 316 1179 543 1231; x_wconf 84' lang='lat' dir='ltr'><strong>centem</strong></span> <span class='ocrx_word' id='word_1_59' title='bbox 576 1169 920 1242; x_wconf 82' lang='lat' dir='ltr'><strong>quemdam,</strong></span> <span class='ocrx_word' id='word_1_60' title='bbox 972 1171 1369 1237; x_wconf 86' lang='lat' dir='ltr'><strong>cognomento</strong></span> <span class='ocrx_word' id='word_1_61' title='bbox 1429 1164 1829 1238; x_wconf 85' lang='lat' dir='ltr'><strong>Synadenum,</strong></span> <span class='ocrx_word' id='word_1_62' title='bbox 1879 1181 1979 1236; x_wconf 88' lang='lat' dir='ltr'>pro</span> 
     </span>
    </p>
   </div>
   <div class='ocr_carea' id='block_1_13' title="bbox 315 1254 1978 1323">
    <p class='ocr_par' dir='ltr' id='par_1_13' title="bbox 315 1254 1978 1323">
     <span class='ocr_line' id='line_1_13' title="bbox 315 1254 1978 1323; baseline -0.006 -5"><span class='ocrx_word' id='word_1_63' title='bbox 315 1263 466 1318; x_wconf 88' lang='lat' dir='ltr'><strong>duce</strong></span> <span class='ocrx_word' id='word_1_64' title='bbox 498 1260 570 1315; x_wconf 91' lang='lat' dir='ltr'>ad</span> <span class='ocrx_word' id='word_1_65' title='bbox 594 1257 998 1314; x_wconf 75' lang='lat' dir='ltr'><strong>Nicomediam</strong></span> <span class='ocrx_word' id='word_1_66' title='bbox 1019 1255 1302 1323; x_wconf 81' lang='lat' dir='ltr'><strong>misisset,</strong></span> <span class='ocrx_word' id='word_1_67' title='bbox 1336 1254 1605 1310; x_wconf 88' lang='lat' dir='ltr'><strong>Lascaris</strong></span> <span class='ocrx_word' id='word_1_68' title='bbox 1625 1270 1757 1309; x_wconf 89' lang='lat' dir='ltr'>cum</span> <span class='ocrx_word' id='word_1_69' title='bbox 1815 1269 1978 1310; x_wconf 78' lang='lat' dir='ltr'><strong>exer-</strong></span> 
     </span>
    </p>
   </div>
   <div class='ocr_carea' id='block_1_14' title="bbox 318 1342 1981 1417">
    <p class='ocr_par' dir='ltr' id='par_1_14' title="bbox 318 1342 1981 1417">
     <span class='ocr_line' id='line_1_14' title="bbox 318 1342 1981 1417; baseline -0.005 -9"><span class='ocrx_word' id='word_1_70' title='bbox 318 1350 433 1408; x_wconf 85' lang='lat' dir='ltr'><strong>citu</strong></span> <span class='ocrx_word' id='word_1_71' title='bbox 466 1352 670 1405; x_wconf 88' lang='lat' dir='ltr'><strong>contra</strong></span> <span class='ocrx_word' id='word_1_72' title='bbox 694 1346 863 1403; x_wconf 88' lang='lat' dir='ltr'><strong>illum</strong></span> <span class='ocrx_word' id='word_1_73' title='bbox 893 1342 1310 1417; x_wconf 80' lang='lat' dir='ltr'><strong>proﬁciscitur,</strong></span> <span class='ocrx_word' id='word_1_74' title='bbox 1345 1359 1407 1399; x_wconf 88' lang='lat' dir='ltr'>se</span> <span class='ocrx_word' id='word_1_75' title='bbox 1435 1343 1572 1398; x_wconf 87' lang='lat' dir='ltr'><strong>trita</strong></span> <span class='ocrx_word' id='word_1_76' title='bbox 1600 1347 1657 1398; x_wconf 89' lang='lat' dir='ltr'>et</span> <span class='ocrx_word' id='word_1_77' title='bbox 1687 1342 1866 1415; x_wconf 88' lang='lat' dir='ltr'><strong>plana</strong></span> <span class='ocrx_word' id='word_1_78' title='bbox 1890 1343 1981 1399; x_wconf 89' lang='lat' dir='ltr'>via</span> 
     </span>
    </p>
   </div>
   <div class='ocr_carea' id='block_1_15' title="bbox 317 1432 1980 1514">
    <p class='ocr_par' dir='ltr' id='par_1_15' title="bbox 317 1432 1980 1514">
     <span class='ocr_line' id='line_1_15' title="bbox 317 1432 1980 1514; baseline -0.005 -18"><span class='ocrx_word' id='word_1_79' title='bbox 317 1438 593 1514; x_wconf 83' lang='lat' dir='ltr'><strong>progredi</strong></span> <span class='ocrx_word' id='word_1_80' title='bbox 648 1435 990 1493; x_wconf 87' lang='lat' dir='ltr'><strong>simulans:</strong></span> <span class='ocrx_word' id='word_1_81' title='bbox 1051 1435 1151 1490; x_wconf 91' lang='lat' dir='ltr'>sed</span> <span class='ocrx_word' id='word_1_82' title='bbox 1210 1450 1312 1505; x_wconf 88' lang='lat' dir='ltr'>per</span> <span class='ocrx_word' id='word_1_83' title='bbox 1367 1432 1551 1489; x_wconf 88' lang='lat' dir='ltr'><strong>aliam</strong></span> <span class='ocrx_word' id='word_1_84' title='bbox 1613 1448 1877 1504; x_wconf 81' lang='lat' dir='ltr'><strong>asperam</strong></span> <span class='ocrx_word' id='word_1_85' title='bbox 1923 1436 1980 1489; x_wconf 90' lang='lat' dir='ltr'>et</span> 
     </span>
    </p>
   </div>
   <div class='ocr_carea' id='block_1_16' title="bbox 317 1522 1976 1603">
    <p class='ocr_par' dir='ltr' id='par_1_16' title="bbox 317 1522 1976 1603">
     <span class='ocr_line' id='line_1_16' title="bbox 317 1522 1976 1603; baseline -0.007 -15"><span class='ocrx_word' id='word_1_86' title='bbox 317 1529 667 1603; x_wconf 84' lang='lat' dir='ltr'><strong>impeditam</strong></span> <span class='ocrx_word' id='word_1_87' title='bbox 689 1543 759 1583; x_wconf 86' lang='lat' dir='ltr'><strong>ex</strong></span> <span class='ocrx_word' id='word_1_88' title='bbox 783 1525 1105 1598; x_wconf 90' lang='lat' dir='ltr'><strong>improviso</strong></span> <span class='ocrx_word' id='word_1_89' title='bbox 1127 1524 1500 1596; x_wconf 80' lang='lat' dir='ltr'><strong>Synadenum</strong></span> <span class='ocrx_word' id='word_1_90' title='bbox 1525 1523 1768 1579; x_wconf 84' lang='lat' dir='ltr'><strong>adortus</strong></span> <span class='ocrx_word' id='word_1_91' title='bbox 1800 1522 1976 1595; x_wconf 86' lang='lat' dir='ltr'><strong>capit,</strong></span> 
     </span>
    </p>
   </div>
   <div class='ocr_carea' id='block_1_17' title="bbox 319 1613 1979 1690">
    <p class='ocr_par' dir='ltr' id='par_1_17' title="bbox 319 1613 1979 1690">
     <span class='ocr_line' id='line_1_17' title="bbox 319 1613 1979 1690; baseline -0.004 -14"><span class='ocrx_word' id='word_1_92' title='bbox 319 1620 542 1677; x_wconf 84' lang='lat' dir='ltr'><strong>milites</strong></span> <span class='ocrx_word' id='word_1_93' title='bbox 598 1619 726 1690; x_wconf 85' lang='lat' dir='ltr'><strong>ejus</strong></span> <span class='ocrx_word' id='word_1_94' title='bbox 785 1615 1055 1687; x_wconf 84' lang='lat' dir='ltr'><strong>dissipat,</strong></span> <span class='ocrx_word' id='word_1_95' title='bbox 1109 1613 1505 1685; x_wconf 90' lang='lat' dir='ltr'><strong>Davidemque</strong></span> <span class='ocrx_word' id='word_1_96' title='bbox 1559 1614 1844 1685; x_wconf 80' lang='lat' dir='ltr'><strong>reprimit,</strong></span> <span class='ocrx_word' id='word_1_97' title='bbox 1907 1630 1979 1669; x_wconf 89' lang='lat' dir='ltr'>ne</span> 
     </span>
    </p>
   </div>
   <div class='ocr_carea' id='block_1_18' title="bbox 317 1702 1978 1775">
    <p class='ocr_par' dir='ltr' id='par_1_18' title="bbox 317 1702 1978 1775">
     <span class='ocr_line' id='line_1_18' title="bbox 317 1702 1978 1775; baseline -0.005 -9"><span class='ocrx_word' id='word_1_98' title='bbox 317 1709 473 1766; x_wconf 90' lang='lat' dir='ltr'><strong>ultra</strong></span> <span class='ocrx_word' id='word_1_99' title='bbox 494 1706 795 1763; x_wconf 88' lang='lat' dir='ltr'><strong>Ponticam</strong></span> <span class='ocrx_word' id='word_1_100' title='bbox 822 1702 1161 1761; x_wconf 80' lang='lat' dir='ltr'><strong>Heracleam</strong></span> <span class='ocrx_word' id='word_1_101' title='bbox 1193 1702 1620 1775; x_wconf 82' lang='lat' dir='ltr'><strong>progrediatur.</strong></span> <span class='ocrx_word' id='word_1_102' title='bbox 1654 1702 1771 1758; x_wconf 85' lang='lat' dir='ltr'>Nec</span> <span class='ocrx_word' id='word_1_103' title='bbox 1793 1702 1978 1759; x_wconf 89' lang='lat' dir='ltr'><strong>multo</strong></span> 
     </span>
    </p>
   </div>
   <div class='ocr_carea' id='block_1_19' title="bbox 318 1790 1975 1872">
    <p class='ocr_par' dir='ltr' id='par_1_19' title="bbox 318 1790 1975 1872">
     <span class='ocr_line' id='line_1_19' title="bbox 318 1790 1975 1872; baseline -0.004 -18"><span class='ocrx_word' id='word_1_104' title='bbox 318 1802 452 1872; x_wconf 89' lang='lat' dir='ltr'><strong>post</strong></span> <span class='ocrx_word' id='word_1_105' title='bbox 474 1801 882 1852; x_wconf 85' lang='lat' dir='ltr'><strong>Maurozomen</strong></span> <span class='ocrx_word' id='word_1_106' title='bbox 913 1808 1145 1865; x_wconf 85' lang='lat' dir='ltr'><strong>quoque</strong></span> <span class='ocrx_word' id='word_1_107' title='bbox 1175 1808 1312 1848; x_wconf 91' lang='lat' dir='ltr'>cum</span> <span class='ocrx_word' id='word_1_108' title='bbox 1343 1790 1551 1847; x_wconf 85' lang='lat' dir='ltr'><strong>Turcis</strong></span> <span class='ocrx_word' id='word_1_109' title='bbox 1581 1790 1637 1847; x_wconf 89' lang='lat' dir='ltr'>vi</span> <span class='ocrx_word' id='word_1_110' title='bbox 1682 1790 1975 1863; x_wconf 85' lang='lat' dir='ltr'><strong>proﬂigat,</strong></span> 
     </span>
    </p>
   </div>
   <div class='ocr_carea' id='block_1_20' title="bbox 2083 624 3746 703">
    <p class='ocr_par' dir='ltr' id='par_1_20' title="bbox 2083 624 3746 703">
     <span class='ocr_line' id='line_1_20' title="bbox 2083 624 3746 703; baseline 0.001 -20"><span class='ocrx_word' id='word_1_111' title='bbox 2083 628 2458 703; x_wconf 78' lang='grc' dir='ltr'>κρουσάμενος</span> <span class='ocrx_word' id='word_1_112' title='bbox 2480 627 2698 698; x_wconf 70' lang='grc' dir='ltr'>,ἐκεῖνον</span> <span class='ocrx_word' id='word_1_113' title='bbox 2733 630 2797 683; x_wconf 86' lang='grc' dir='ltr'>τὸ</span> <span class='ocrx_word' id='word_1_114' title='bbox 2863 628 3089 703; x_wconf 77' lang='grc' dir='ltr'>ἐρυθρὸν</span> <span class='ocrx_word' id='word_1_115' title='bbox 3150 624 3371 683; x_wconf 83' lang='grc' dir='ltr'>πέδιλοι</span> <span class='ocrx_word' id='word_1_116' title='bbox 3440 624 3746 684; x_wconf 80' lang='grc' dir='ltr'>ὑποδύεται</span> 
     </span>
    </p>
   </div>
   <div class='ocr_carea' id='block_1_21' title="bbox 2082 716 3745 797">
    <p class='ocr_par' dir='ltr' id='par_1_21' title="bbox 2082 716 3745 797">
     <span class='ocr_line' id='line_1_21' title="bbox 2082 716 3745 797; baseline 0.002 -25"><span class='ocrx_word' id='word_1_117' title='bbox 2082 718 2172 772; x_wconf 81' lang='grc' dir='ltr'>καί</span> <span class='ocrx_word' id='word_1_118' title='bbox 2206 716 2461 793; x_wconf 82' lang='grc' dir='ltr'>βασιλεὺς</span> <span class='ocrx_word' id='word_1_119' title='bbox 2500 717 2793 791; x_wconf 89' lang='grc' dir='ltr'>Ῥωμαίων</span> <span class='ocrx_word' id='word_1_120' title='bbox 2842 718 2927 797; x_wconf 87' lang='grc' dir='ltr'>ὑφ’</span> <span class='ocrx_word' id='word_1_121' title='bbox 2974 716 3119 773; x_wconf 82' lang='grc' dir='ltr'>ὅλων</span> <span class='ocrx_word' id='word_1_122' title='bbox 3172 720 3281 771; x_wconf 86' lang='grc' dir='ltr'>τῶν</span> <span class='ocrx_word' id='word_1_123' title='bbox 3339 716 3492 789; x_wconf 76' lang='grc' dir='ltr'>ἑῴων</span> <span class='ocrx_word' id='word_1_124' title='bbox 3533 718 3745 793; x_wconf 83' lang='grc' dir='ltr'>ἀναγο-</span> 
     </span>
    </p>
   </div>
   <div class='ocr_carea' id='block_1_22' title="bbox 2088 800 3742 882">
    <p class='ocr_par' dir='ltr' id='par_1_22' title="bbox 2088 800 3742 882">
     <span class='ocr_line' id='line_1_22' title="bbox 2088 800 3742 882; baseline -0.002 -20"><span class='ocrx_word' id='word_1_125' title='bbox 2088 806 2553 882; x_wconf 88' lang='grc' dir='ltr'>ρεύεταιπόλεων.</span> <span class='ocrx_word' id='word_1_126' title='bbox 2583 810 2649 865; x_wconf 79' lang='grc' dir='ltr'>Ὀ</span> <span class='ocrx_word' id='word_1_127' title='bbox 2701 805 2746 862; x_wconf 89' lang='grc' dir='ltr'>δ’</span> <span class='ocrx_word' id='word_1_128' title='bbox 2805 806 2864 862; x_wconf 81' lang='grc' dir='ltr'>ἐκ</span> <span class='ocrx_word' id='word_1_129' title='bbox 2919 810 3226 879; x_wconf 85' lang='grc' dir='ltr'>Κομνηνῶν</span> <span class='ocrx_word' id='word_1_130' title='bbox 3284 800 3454 860; x_wconf 77' lang='grc' dir='ltr'>Δαϐὶδ</span> <span class='ocrx_word' id='word_1_131' title='bbox 3504 827 3742 882; x_wconf 89' lang='grc' dir='ltr'>στρατο-</span> 
     </span>
    </p>
   </div>
   <div class='ocr_carea' id='block_1_23' title="bbox 2086 893 3735 974">
    <p class='ocr_par' dir='ltr' id='par_1_23' title="bbox 2086 893 3735 974">
     <span class='ocr_line' id='line_1_23' title="bbox 2086 893 3735 974; baseline 0.001 -23"><span class='ocrx_word' id='word_1_132' title='bbox 2086 896 2328 974; x_wconf 85' lang='grc' dir='ltr'>λογήσας</span> <span class='ocrx_word' id='word_1_133' title='bbox 2386 895 2749 974; x_wconf 81' lang='grc' dir='ltr'>Παφλαγόνος</span> <span class='ocrx_word' id='word_1_134' title='bbox 2812 896 2902 951; x_wconf 87' lang='grc' dir='ltr'>καὶ</span> <span class='ocrx_word' id='word_1_135' title='bbox 2960 893 3015 950; x_wconf 76' lang='grc' dir='ltr'>ο⁹ί</span> <span class='ocrx_word' id='word_1_136' title='bbox 3045 896 3145 964; x_wconf 79' lang='grc' dir='ltr'>τήν</span> <span class='ocrx_word' id='word_1_137' title='bbox 3177 897 3442 964; x_wconf 81' lang='grc' dir='ltr'>Ποντικὴν</span> <span class='ocrx_word' id='word_1_138' title='bbox 3483 894 3735 953; x_wconf 73' lang='grc' dir='ltr'>οἷκοῦσιν</span> 
     </span>
    </p>
   </div>
   <div class='ocr_carea' id='block_1_24' title="bbox 2083 979 3736 1060">
    <p class='ocr_par' dir='ltr' id='par_1_24' title="bbox 2083 979 3736 1060">
     <span class='ocr_line' id='line_1_24' title="bbox 2083 979 3736 1060; baseline 0.001 -20"><span class='ocrx_word' id='word_1_139' title='bbox 2083 984 2429 1060; x_wconf 77' lang='grc' dir='ltr'>Ἡράκλειαν,</span> <span class='ocrx_word' id='word_1_140' title='bbox 2460 986 2552 1040; x_wconf 89' lang='grc' dir='ltr'>καὶ</span> <span class='ocrx_word' id='word_1_141' title='bbox 2613 991 2805 1059; x_wconf 85' lang='grc' dir='ltr'>μοῖραν</span> <span class='ocrx_word' id='word_1_142' title='bbox 2869 985 3283 1057; x_wconf 79' lang='grc' dir='ltr'>μισθωσάμενος</span> <span class='ocrx_word' id='word_1_143' title='bbox 3343 979 3576 1059; x_wconf 71' lang='grc' dir='ltr'>Ἰϐήρων</span> <span class='ocrx_word' id='word_1_144' title='bbox 3625 991 3736 1042; x_wconf 86' lang='grc' dir='ltr'>τῶν</span> 
     </span>
    </p>
   </div>
   <div class='ocr_carea' id='block_1_25' title="bbox 2083 1071 3729 1147">
    <p class='ocr_par' dir='ltr' id='par_1_25' title="bbox 2083 1071 3729 1147">
     <span class='ocr_line' id='line_1_25' title="bbox 2083 1071 3729 1147; baseline 0.002 -19"><span class='ocrx_word' id='word_1_145' title='bbox 2083 1075 2345 1129; x_wconf 83' lang='grc' dir='ltr'>πινόντων</span> <span class='ocrx_word' id='word_1_146' title='bbox 2388 1079 2484 1130; x_wconf 91' lang='grc' dir='ltr'>τοῦ</span> <span class='ocrx_word' id='word_1_147' title='bbox 2526 1071 3001 1147; x_wconf 81' lang='grc' dir='ltr'>Φάσιδος,κώμας</span> <span class='ocrx_word' id='word_1_148' title='bbox 3032 1074 3124 1129; x_wconf 87' lang='grc' dir='ltr'>καὶ</span> <span class='ocrx_word' id='word_1_149' title='bbox 3152 1073 3345 1136; x_wconf 85' lang='grc' dir='ltr'>πόλεις</span> <span class='ocrx_word' id='word_1_150' title='bbox 3398 1075 3729 1146; x_wconf 83' lang='grc' dir='ltr'>ὑπεποιεῖτο,</span> 
     </span>
    </p>
   </div>
   <div class='ocr_carea' id='block_1_26' title="bbox 2083 1164 3725 1241">
    <p class='ocr_par' dir='ltr' id='par_1_26' title="bbox 2083 1164 3725 1241">
     <span class='ocr_line' id='line_1_26' title="bbox 2083 1164 3725 1241; baseline 0.001 -23"><span class='ocrx_word' id='word_1_151' title='bbox 2083 1166 2295 1219; x_wconf 78' lang='grc' dir='ltr'>καὶτὸν</span> <span class='ocrx_word' id='word_1_152' title='bbox 2329 1165 2531 1221; x_wconf 80' lang='grc' dir='ltr'>οἰκεῖον</span> <span class='ocrx_word' id='word_1_153' title='bbox 2586 1165 2899 1241; x_wconf 80' lang='grc' dir='ltr'>μεγαλύνων</span> <span class='ocrx_word' id='word_1_154' title='bbox 2954 1164 3279 1238; x_wconf 87' lang='grc' dir='ltr'>κασὶγνητον</span> <span class='ocrx_word' id='word_1_155' title='bbox 3337 1165 3384 1237; x_wconf 85' lang='grc' dir='ltr'>ᾧ</span> <span class='ocrx_word' id='word_1_156' title='bbox 3442 1167 3479 1235; x_wconf 76' lang='grc' dir='ltr'>ἠ</span> <span class='ocrx_word' id='word_1_157' title='bbox 3532 1164 3725 1235; x_wconf 78' lang='grc' dir='ltr'>κλῆσις</span> 
     </span>
    </p>
   </div>
   <div class='ocr_carea' id='block_1_27' title="bbox 2085 1251 3719 1331">
    <p class='ocr_par' dir='ltr' id='par_1_27' title="bbox 2085 1251 3719 1331">
     <span class='ocr_line' id='line_1_27' title="bbox 2085 1251 3719 1331; baseline -0.001 -21"><span class='ocrx_word' id='word_1_158' title='bbox 2085 1251 2352 1325; x_wconf 76' lang='grc' dir='ltr'>Ἀλέξιος,</span> <span class='ocrx_word' id='word_1_159' title='bbox 2385 1252 2705 1331; x_wconf 84' lang='grc' dir='ltr'>πρόδρομος</span> <span class='ocrx_word' id='word_1_160' title='bbox 2747 1255 2953 1309; x_wconf 74' lang='grc' dir='ltr'>ἐκείνου</span> <span class='ocrx_word' id='word_1_161' title='bbox 3011 1255 3101 1308; x_wconf 81' lang='grc' dir='ltr'>καὶ</span> <span class='ocrx_word' id='word_1_162' title='bbox 3158 1256 3440 1330; x_wconf 81' lang='grc' dir='ltr'>προκῆρυξ</span> <span class='ocrx_word' id='word_1_163' title='bbox 3495 1254 3719 1328; x_wconf 72' lang='grc' dir='ltr'>ἐγένετο.</span> 
     </span>
    </p>
   </div>
   <div class='ocr_carea' id='block_1_28' title="bbox 2083 1342 3738 1420">
    <p class='ocr_par' dir='ltr' id='par_1_28' title="bbox 2083 1342 3738 1420">
     <span class='ocr_line' id='line_1_28' title="bbox 2083 1342 3738 1420; baseline -0.002 -18"><span class='ocrx_word' id='word_1_164' title='bbox 2083 1345 2143 1402; x_wconf 92' lang='grc' dir='ltr'>Ὁ</span> <span class='ocrx_word' id='word_1_165' title='bbox 2177 1342 2234 1399; x_wconf 72' lang='grc' dir='ltr'>δὲ</span> <span class='ocrx_word' id='word_1_166' title='bbox 2263 1343 2495 1419; x_wconf 75' lang='grc' dir='ltr'>ἔμελλεν</span> <span class='ocrx_word' id='word_1_167' title='bbox 2527 1346 2609 1399; x_wconf 80' lang='grc' dir='ltr'>ἀεὶ</span> <span class='ocrx_word' id='word_1_168' title='bbox 2649 1344 2921 1420; x_wconf 85' lang='grc' dir='ltr'>χρονίζων</span> <span class='ocrx_word' id='word_1_169' title='bbox 2952 1344 3004 1399; x_wconf 83' lang='grc' dir='ltr'>ὲν</span> <span class='ocrx_word' id='word_1_170' title='bbox 3036 1350 3159 1408; x_wconf 86' lang='grc' dir='ltr'>τοῖς</span> <span class='ocrx_word' id='word_1_171' title='bbox 3185 1346 3287 1414; x_wconf 79' lang='grc' dir='ltr'>τὴς</span> <span class='ocrx_word' id='word_1_172' title='bbox 3319 1346 3738 1419; x_wconf 76' lang='grc' dir='ltr'>Τραπεζοῦντος</span> 
     </span>
    </p>
   </div>
   <div class='ocr_carea' id='block_1_29' title="bbox 2090 1430 3749 1510">
    <p class='ocr_par' dir='ltr' id='par_1_29' title="bbox 2090 1430 3749 1510">
     <span class='ocr_line' id='line_1_29' title="bbox 2090 1430 3749 1510; baseline -0.001 -21"><span class='ocrx_word' id='word_1_173' title='bbox 2090 1435 2296 1510; x_wconf 86' lang='grc' dir='ltr'>μέρεσι,</span> <span class='ocrx_word' id='word_1_174' title='bbox 2360 1434 2449 1488; x_wconf 87' lang='grc' dir='ltr'>καὶ</span> <span class='ocrx_word' id='word_1_175' title='bbox 2506 1434 2879 1509; x_wconf 87' lang='grc' dir='ltr'>παροιμιακὸς</span> <span class='ocrx_word' id='word_1_176' title='bbox 2929 1430 3199 1489; x_wconf 73' lang='grc' dir='ltr'>ἐδείκνυτο</span> <span class='ocrx_word' id='word_1_177' title='bbox 3243 1430 3435 1501; x_wconf 80' lang='grc' dir='ltr'>Ὕλας,</span> <span class='ocrx_word' id='word_1_178' title='bbox 3525 1434 3749 1510; x_wconf 76' lang='grc' dir='ltr'>φωνούο</span> 
     </span>
    </p>
   </div>
   <div class='ocr_carea' id='block_1_30' title="bbox 2089 1520 3745 1596">
    <p class='ocr_par' dir='ltr' id='par_1_30' title="bbox 2089 1520 3745 1596">
     <span class='ocr_line' id='line_1_30' title="bbox 2089 1520 3745 1596; baseline -0.001 -18"><span class='ocrx_word' id='word_1_179' title='bbox 2089 1543 2251 1596; x_wconf 90' lang='grc' dir='ltr'>μενος</span> <span class='ocrx_word' id='word_1_180' title='bbox 2306 1523 2398 1579; x_wconf 82' lang='grc' dir='ltr'>καὶ</span> <span class='ocrx_word' id='word_1_181' title='bbox 2459 1524 2533 1596; x_wconf 80' lang='grc' dir='ltr'>μή</span> <span class='ocrx_word' id='word_1_182' title='bbox 2596 1522 2994 1596; x_wconf 85' lang='grc' dir='ltr'>ὀπτανόμενος,</span> <span class='ocrx_word' id='word_1_183' title='bbox 3054 1522 3204 1581; x_wconf 78' lang='grc' dir='ltr'>Ἐπεὶ</span> <span class='ocrx_word' id='word_1_184' title='bbox 3264 1520 3322 1578; x_wconf 73' lang='grc' dir='ltr'>δὲ</span> <span class='ocrx_word' id='word_1_185' title='bbox 3350 1522 3442 1577; x_wconf 89' lang='grc' dir='ltr'>καὶ</span> <span class='ocrx_word' id='word_1_186' title='bbox 3470 1526 3540 1596; x_wconf 81' lang='grc' dir='ltr'>τῇ</span> <span class='ocrx_word' id='word_1_187' title='bbox 3573 1529 3745 1577; x_wconf 86' lang='grc' dir='ltr'>Νικο-</span> 
     </span>
    </p>
   </div>
   <div class='ocr_carea' id='block_1_31' title="bbox 2087 1608 3745 1686">
    <p class='ocr_par' dir='ltr' id='par_1_31' title="bbox 2087 1608 3745 1686">
     <span class='ocr_line' id='line_1_31' title="bbox 2087 1608 3745 1686; baseline -0.001 -19"><span class='ocrx_word' id='word_1_188' title='bbox 2087 1610 2297 1685; x_wconf 82' lang='grc' dir='ltr'>μήδους</span> <span class='ocrx_word' id='word_1_189' title='bbox 2338 1614 2366 1668; x_wconf 81' lang='grc' dir='ltr'>ὁ</span> <span class='ocrx_word' id='word_1_190' title='bbox 2421 1608 2588 1668; x_wconf 74' lang='grc' dir='ltr'>Δαϐἱδ</span> <span class='ocrx_word' id='word_1_191' title='bbox 2635 1611 2799 1674; x_wconf 78' lang='grc' dir='ltr'>οὗτος</span> <span class='ocrx_word' id='word_1_192' title='bbox 2857 1611 3232 1686; x_wconf 75' lang='grc' dir='ltr'>προσεπέλασε</span> <span class='ocrx_word' id='word_1_193' title='bbox 3262 1609 3352 1666; x_wconf 89' lang='grc' dir='ltr'>διά</span> <span class='ocrx_word' id='word_1_194' title='bbox 3401 1631 3553 1674; x_wconf 82' lang='grc' dir='ltr'>τινος</span> <span class='ocrx_word' id='word_1_195' title='bbox 3587 1612 3745 1682; x_wconf 75' lang='grc' dir='ltr'>αὑτῷ</span> 
     </span>
    </p>
   </div>
   <div class='ocr_carea' id='block_1_32' title="bbox 2084 1699 3746 1778">
    <p class='ocr_par' dir='ltr' id='par_1_32' title="bbox 2084 1699 3746 1778">
     <span class='ocr_line' id='line_1_32' title="bbox 2084 1699 3746 1778; baseline -0.002 -21"><span class='ocrx_word' id='word_1_196' title='bbox 2084 1707 2518 1778; x_wconf 78' lang='grc' dir='ltr'>στρατηγοῦντος</span> <span class='ocrx_word' id='word_1_197' title='bbox 2564 1703 2848 1778; x_wconf 80' lang='grc' dir='ltr'>μείρακος,</span> <span class='ocrx_word' id='word_1_198' title='bbox 2900 1699 3213 1773; x_wconf 86' lang='grc' dir='ltr'>Συναδηνοῦ</span> <span class='ocrx_word' id='word_1_199' title='bbox 3262 1703 3362 1771; x_wconf 80' lang='grc' dir='ltr'>τὴν</span> <span class='ocrx_word' id='word_1_200' title='bbox 3425 1699 3746 1771; x_wconf 66' lang='grc' dir='ltr'>ἐπίκλησιν,</span> 
     </span>
    </p>
   </div>
   <div class='ocr_carea' id='block_1_33' title="bbox 2086 1783 3741 1866">
    <p class='ocr_par' dir='ltr' id='par_1_33' title="bbox 2086 1783 3741 1866">
     <span class='ocr_line' id='line_1_33' title="bbox 2086 1783 3741 1866; baseline -0.001 -21"><span class='ocrx_word' id='word_1_201' title='bbox 2086 1791 2393 1866; x_wconf 83' lang='grc' dir='ltr'>στράτευμα</span> <span class='ocrx_word' id='word_1_202' title='bbox 2424 1792 2743 1866; x_wconf 77' lang='grc' dir='ltr'>συναγείρας</span> <span class='ocrx_word' id='word_1_203' title='bbox 2778 1791 2806 1845; x_wconf 87' lang='grc' dir='ltr'>ό</span> <span class='ocrx_word' id='word_1_204' title='bbox 2854 1792 3129 1863; x_wconf 84' lang='grc' dir='ltr'>Λάσκαρις</span> <span class='ocrx_word' id='word_1_205' title='bbox 3170 1792 3289 1844; x_wconf 80' lang='grc' dir='ltr'>κατ’</span> <span class='ocrx_word' id='word_1_206' title='bbox 3332 1788 3500 1844; x_wconf 80' lang='grc' dir='ltr'>αὐτοῦ</span> <span class='ocrx_word' id='word_1_207' title='bbox 3541 1783 3741 1858; x_wconf 79' lang='grc' dir='ltr'>ἔπεισι,</span> 
     </span>
    </p>
   </div>
   <div class='ocr_carea' id='block_1_34' title="bbox 316 1873 1987 1976">
    <p class='ocr_par' dir='ltr' id='par_1_34' title="bbox 316 1879 1972 1960">
     <span class='ocr_line' id='line_1_34' title="bbox 316 1879 1972 1960; baseline -0.006 -16"><span class='ocrx_word' id='word_1_208' title='bbox 316 1903 463 1960; x_wconf 88' lang='lat' dir='ltr'><strong>quos</strong></span> <span class='ocrx_word' id='word_1_209' title='bbox 493 1885 707 1959; x_wconf 87' lang='lat' dir='ltr'><strong>partim</strong></span> <span class='ocrx_word' id='word_1_210' title='bbox 738 1882 910 1939; x_wconf 76' lang='lat' dir='ltr'><strong>caedit</strong></span> <span class='ocrx_word' id='word_1_211' title='bbox 941 1881 1153 1953; x_wconf 87' lang='lat' dir='ltr'><strong>partim</strong></span> <span class='ocrx_word' id='word_1_212' title='bbox 1185 1880 1364 1954; x_wconf 89' lang='lat' dir='ltr'><strong>capit,</strong></span> <span class='ocrx_word' id='word_1_213' title='bbox 1394 1896 1494 1937; x_wconf 90' lang='lat' dir='ltr'>eos</span> <span class='ocrx_word' id='word_1_214' title='bbox 1515 1881 1839 1952; x_wconf 81' lang='lat' dir='ltr'><strong>praesertim</strong></span> <span class='ocrx_word' id='word_1_215' title='bbox 1872 1879 1972 1953; x_wconf 86' lang='lat' dir='ltr'>qui</span> 
     </span>
    </p>
   </div>
   <div class='ocr_carea' id='block_1_35' title="bbox 2098 1873 3745 1976">
    <p class='ocr_par' dir='ltr' id='par_1_35' title="bbox 2098 1873 3745 1957">
     <span class='ocr_line' id='line_1_35' title="bbox 2098 1873 3745 1957; baseline -0.002 -23"><span class='ocrx_word' id='word_1_216' title='bbox 2098 1878 2176 1934; x_wconf 70' lang='lat' dir='ltr'>5L6:</span> <span class='ocrx_word' id='word_1_217' title='bbox 2238 1880 2334 1951; x_wconf 74' lang='grc' dir='ltr'>μὲν</span> <span class='ocrx_word' id='word_1_218' title='bbox 2386 1885 2487 1949; x_wconf 82' lang='grc' dir='ltr'>τῆς</span> <span class='ocrx_word' id='word_1_219' title='bbox 2541 1880 2913 1953; x_wconf 70' lang='grc' dir='ltr'>τετριμμένης</span> <span class='ocrx_word' id='word_1_220' title='bbox 2960 1878 3049 1933; x_wconf 85' lang='grc' dir='ltr'>καί</span> <span class='ocrx_word' id='word_1_221' title='bbox 3117 1877 3268 1942; x_wconf 84' lang='grc' dir='ltr'>λείας</span> <span class='ocrx_word' id='word_1_222' title='bbox 3315 1873 3546 1957; x_wconf 76' lang='grc' dir='ltr'>ἔμφασιν</span> <span class='ocrx_word' id='word_1_223' title='bbox 3611 1874 3745 1939; x_wconf 83' lang='grc' dir='ltr'>δοὺς</span> 
     </span>
    </p>
   </div>
   <div class='ocr_carea' id='block_1_36' title="bbox 315 1964 1987 2049">
    <p class='ocr_par' dir='ltr' id='par_1_36' title="bbox 315 1969 1736 2049">
     <span class='ocr_line' id='line_1_36' title="bbox 315 1969 1736 2049; baseline -0.007 -16"><span class='ocrx_word' id='word_1_224' title='bbox 315 1991 525 2049; x_wconf 87' lang='lat' dir='ltr'><strong>genere</strong></span> <span class='ocrx_word' id='word_1_225' title='bbox 552 1973 811 2029; x_wconf 84' lang='lat' dir='ltr'><strong>illustres</strong></span> <span class='ocrx_word' id='word_1_226' title='bbox 841 1973 1093 2043; x_wconf 88' lang='lat' dir='ltr'><strong>primam</strong></span> <span class='ocrx_word' id='word_1_227' title='bbox 1125 1969 1308 2026; x_wconf 88' lang='lat' dir='ltr'><strong>aciem</strong></span> <span class='ocrx_word' id='word_1_228' title='bbox 1340 1969 1736 2025; x_wconf 85' lang='lat' dir='ltr'><strong>obtinuerant.</strong></span> 
     </span>
    </p>
   </div>
   <div class='ocr_carea' id='block_1_37' title="bbox 2098 1964 3741 2049">
    <p class='ocr_par' dir='ltr' id='par_1_37' title="bbox 2098 1964 3741 2044">
     <span class='ocr_line' id='line_1_37' title="bbox 2098 1964 3741 2044; baseline -0.001 -22"><span class='ocrx_word' id='word_1_229' title='bbox 2098 1967 2423 2042; x_wconf 85' lang='grc' dir='ltr'>τορεύεσθαι,</span> <span class='ocrx_word' id='word_1_230' title='bbox 2477 1966 2841 2043; x_wconf 81' lang='grc' dir='ltr'>ἐκπεριελθὼν</span> <span class='ocrx_word' id='word_1_231' title='bbox 2911 1965 2967 2022; x_wconf 74' lang='grc' dir='ltr'>δὲ</span> <span class='ocrx_word' id='word_1_232' title='bbox 3041 1972 3303 2044; x_wconf 88' lang='grc' dir='ltr'>τραχεῖαν</span> <span class='ocrx_word' id='word_1_233' title='bbox 3371 1964 3554 2035; x_wconf 77' lang='grc' dir='ltr'>ἃλλην</span> <span class='ocrx_word' id='word_1_234' title='bbox 3644 1967 3741 2022; x_wconf 83' lang='grc' dir='ltr'>καὶ</span> 
     </span>
    </p>
   </div>
   <div class='ocr_carea' id='block_1_38' title="bbox 318 2053 3756 2137">
    <p class='ocr_par' dir='ltr' id='par_1_38' title="bbox 318 2053 3756 2137">
     <span class='ocr_line' id='line_1_38' title="bbox 318 2053 3756 2137; baseline -0.003 -18"><span class='ocrx_word' id='word_1_235' title='bbox 318 2058 604 2131; x_wconf 75' lang='grc' dir='ltr'>δύσϐατον,</span> <span class='ocrx_word' id='word_1_236' title='bbox 661 2059 753 2115; x_wconf 89' lang='grc' dir='ltr'>καὶ</span> <span class='ocrx_word' id='word_1_237' title='bbox 795 2057 1122 2131; x_wconf 82' lang='grc' dir='ltr'>προσπεσὼν</span> <span class='ocrx_word' id='word_1_238' title='bbox 1183 2055 1473 2137; x_wconf 81' lang='grc' dir='ltr'>άφώρατος</span> <span class='ocrx_word' id='word_1_239' title='bbox 1529 2060 1609 2129; x_wconf 84' lang='grc' dir='ltr'>τῷ</span> <span class='ocrx_word' id='word_1_240' title='bbox 1675 2053 2000 2130; x_wconf 77' lang='grc' dir='ltr'>Συναδηνῷ.</span> <span class='ocrx_word' id='word_1_241' title='bbox 2050 2058 2209 2114; x_wconf 83' lang='grc' dir='ltr'>Ὅθεν</span> <span class='ocrx_word' id='word_1_242' title='bbox 2269 2056 2362 2112; x_wconf 81' lang='grc' dir='ltr'>καὶ</span> <span class='ocrx_word' id='word_1_243' title='bbox 2405 2059 2782 2133; x_wconf 77' lang='grc' dir='ltr'>στρατηγήσας</span> <span class='ocrx_word' id='word_1_244' title='bbox 2840 2055 2986 2112; x_wconf 73' lang='grc' dir='ltr'>οὕτω</span> <span class='ocrx_word' id='word_1_245' title='bbox 3040 2058 3133 2112; x_wconf 85' lang='grc' dir='ltr'>τὸν</span> <span class='ocrx_word' id='word_1_246' title='bbox 3197 2056 3404 2111; x_wconf 88' lang='grc' dir='ltr'>νεανίαν</span> <span class='ocrx_word' id='word_1_247' title='bbox 3454 2055 3617 2111; x_wconf 78' lang='grc' dir='ltr'>αὐτόν</span> <span class='ocrx_word' id='word_1_248' title='bbox 3688 2074 3756 2111; x_wconf 82' lang='grc' dir='ltr'>τε</span> 
     </span>
    </p>
   </div>
   <div class='ocr_carea' id='block_1_39' title="bbox 318 2142 3749 2227">
    <p class='ocr_par' dir='ltr' id='par_1_39' title="bbox 318 2142 3749 2227">
     <span class='ocr_line' id='line_1_39' title="bbox 318 2142 3749 2227; baseline -0.003 -19"><span class='ocrx_word' id='word_1_249' title='bbox 318 2151 611 2227; x_wconf 69' lang='grc' dir='ltr'>συνείληφε</span> <span class='ocrx_word' id='word_1_250' title='bbox 663 2147 757 2204; x_wconf 81' lang='grc' dir='ltr'>καὶ</span> <span class='ocrx_word' id='word_1_251' title='bbox 806 2148 869 2203; x_wconf 85' lang='grc' dir='ltr'>τὸ</span> <span class='ocrx_word' id='word_1_252' title='bbox 931 2146 1142 2202; x_wconf 73' lang='grc' dir='ltr'>ἐκείνου</span> <span class='ocrx_word' id='word_1_253' title='bbox 1200 2146 1510 2222; x_wconf 88' lang='grc' dir='ltr'>στράτευμα</span> <span class='ocrx_word' id='word_1_254' title='bbox 1579 2142 1906 2214; x_wconf 70' lang='grc' dir='ltr'>διεσκέδασε,</span> <span class='ocrx_word' id='word_1_255' title='bbox 1977 2166 2068 2201; x_wconf 91' lang='grc' dir='ltr'>και</span> <span class='ocrx_word' id='word_1_256' title='bbox 2127 2146 2219 2201; x_wconf 87' lang='grc' dir='ltr'>τὸν</span> <span class='ocrx_word' id='word_1_257' title='bbox 2281 2142 2448 2202; x_wconf 80' lang='grc' dir='ltr'>Δαϐὶδ</span> <span class='ocrx_word' id='word_1_258' title='bbox 2510 2148 2585 2219; x_wconf 83' lang='grc' dir='ltr'>μὴ</span> <span class='ocrx_word' id='word_1_259' title='bbox 2646 2146 2951 2221; x_wconf 70' lang='grc' dir='ltr'>περαιτέρω</span> <span class='ocrx_word' id='word_1_260' title='bbox 3007 2145 3258 2220; x_wconf 82' lang='grc' dir='ltr'>προϊέναι</span> <span class='ocrx_word' id='word_1_261' title='bbox 3309 2147 3413 2216; x_wconf 79' lang='grc' dir='ltr'>τὴς</span> <span class='ocrx_word' id='word_1_262' title='bbox 3471 2151 3749 2213; x_wconf 78' lang='grc' dir='ltr'>Ποντικῆς</span> 
     </span>
    </p>
   </div>
   <div class='ocr_carea' id='block_1_40' title="bbox 317 2231 3759 2316">
    <p class='ocr_par' dir='ltr' id='par_1_40' title="bbox 317 2231 3759 2316">
     <span class='ocr_line' id='line_1_40' title="bbox 317 2231 3759 2316; baseline -0.003 -19"><span class='ocrx_word' id='word_1_263' title='bbox 317 2237 649 2316; x_wconf 74' lang='grc' dir='ltr'>Ἡρακλείας</span> <span class='ocrx_word' id='word_1_264' title='bbox 699 2237 1017 2313; x_wconf 86' lang='grc' dir='ltr'>παρέπεισε.</span> <span class='ocrx_word' id='word_1_265' title='bbox 1087 2237 1222 2293; x_wconf 86' lang='grc' dir='ltr'>Μετ’</span> <span class='ocrx_word' id='word_1_266' title='bbox 1290 2236 1353 2290; x_wconf 84' lang='grc' dir='ltr'>ού</span> <span class='ocrx_word' id='word_1_267' title='bbox 1420 2232 1568 2290; x_wconf 88' lang='grc' dir='ltr'>πολὺ</span> <span class='ocrx_word' id='word_1_268' title='bbox 1600 2231 1658 2290; x_wconf 83' lang='grc' dir='ltr'>δέ</span> <span class='ocrx_word' id='word_1_269' title='bbox 1699 2234 1898 2307; x_wconf 86' lang='grc' dir='ltr'>καὶτῷ</span> <span class='ocrx_word' id='word_1_270' title='bbox 1949 2236 2305 2311; x_wconf 76' lang='grc' dir='ltr'>Μαυροζώμη</span> <span class='ocrx_word' id='word_1_271' title='bbox 2336 2235 2674 2308; x_wconf 81' lang='grc' dir='ltr'>συμπλακεὶς</span> <span class='ocrx_word' id='word_1_272' title='bbox 2715 2232 2924 2312; x_wconf 68' lang='grc' dir='ltr'>φυλάδα</span> <span class='ocrx_word' id='word_1_273' title='bbox 2971 2233 3209 2291; x_wconf 88' lang='grc' dir='ltr'>δείκνυσι</span> <span class='ocrx_word' id='word_1_274' title='bbox 3237 2239 3450 2290; x_wconf 88' lang='grc' dir='ltr'>τοῦτον.</span> <span class='ocrx_word' id='word_1_275' title='bbox 3485 2234 3590 2292; x_wconf 85' lang='grc' dir='ltr'>Καὶ</span> <span class='ocrx_word' id='word_1_276' title='bbox 3620 2234 3759 2295; x_wconf 73' lang='grc' dir='ltr'>τοὺς</span> 
     </span>
    </p>
   </div>
   <div class='ocr_carea' id='block_1_41' title="bbox 316 2321 3754 2404">
    <p class='ocr_par' dir='ltr' id='par_1_41' title="bbox 316 2321 3754 2404">
     <span class='ocr_line' id='line_1_41' title="bbox 316 2321 3754 2404; baseline -0.002 -18"><span class='ocrx_word' id='word_1_277' title='bbox 316 2329 595 2404; x_wconf 87' lang='grc' dir='ltr'>Τούρκους</span> <span class='ocrx_word' id='word_1_278' title='bbox 630 2328 768 2384; x_wconf 87' lang='grc' dir='ltr'>κατᾶ</span> <span class='ocrx_word' id='word_1_279' title='bbox 797 2327 997 2403; x_wconf 87' lang='grc' dir='ltr'>κράτος</span> <span class='ocrx_word' id='word_1_280' title='bbox 1026 2326 1367 2401; x_wconf 79' lang='grc' dir='ltr'>τρεψάμενος</span> <span class='ocrx_word' id='word_1_281' title='bbox 1396 2322 1490 2388; x_wconf 73' lang='grc' dir='ltr'>οὕς</span> <span class='ocrx_word' id='word_1_282' title='bbox 1527 2325 1624 2397; x_wconf 71' lang='grc' dir='ltr'>μὲν</span> <span class='ocrx_word' id='word_1_283' title='bbox 1673 2321 1994 2402; x_wconf 84' lang='grc' dir='ltr'>διέφθειρεν,</span> <span class='ocrx_word' id='word_1_284' title='bbox 2028 2324 2120 2387; x_wconf 76' lang='grc' dir='ltr'>οὕς</span> <span class='ocrx_word' id='word_1_285' title='bbox 2151 2321 2208 2379; x_wconf 69' lang='grc' dir='ltr'>δὲ</span> <span class='ocrx_word' id='word_1_286' title='bbox 2255 2323 2553 2400; x_wconf 82' lang='grc' dir='ltr'>ἐζώγρησε,</span> <span class='ocrx_word' id='word_1_287' title='bbox 2614 2323 2703 2379; x_wconf 87' lang='grc' dir='ltr'>καὶ</span> <span class='ocrx_word' id='word_1_288' title='bbox 2760 2325 2967 2380; x_wconf 84' lang='grc' dir='ltr'>τούτων</span> <span class='ocrx_word' id='word_1_289' title='bbox 3013 2322 3255 2398; x_wconf 88' lang='grc' dir='ltr'>μάλιστα</span> <span class='ocrx_word' id='word_1_290' title='bbox 3321 2322 3377 2379; x_wconf 78' lang='grc' dir='ltr'>ο⁹ί</span> <span class='ocrx_word' id='word_1_291' title='bbox 3434 2330 3536 2394; x_wconf 85' lang='grc' dir='ltr'>τῆς</span> <span class='ocrx_word' id='word_1_292' title='bbox 3579 2342 3754 2399; x_wconf 85' lang='grc' dir='ltr'>στρα-</span> 
     </span>
    </p>
   </div>
   <div class='ocr_carea' id='block_1_42' title="bbox 317 2413 1754 2493">
    <p class='ocr_par' dir='ltr' id='par_1_42' title="bbox 317 2413 1754 2493">
     <span class='ocr_line' id='line_1_42' title="bbox 317 2413 1754 2493; baseline -0.006 -17"><span class='ocrx_word' id='word_1_293' title='bbox 317 2425 441 2482; x_wconf 78' lang='grc' dir='ltr'>τιᾶς</span> <span class='ocrx_word' id='word_1_294' title='bbox 469 2417 874 2493; x_wconf 84' lang='grc' dir='ltr'>προετάττοντο</span> <span class='ocrx_word' id='word_1_295' title='bbox 904 2414 994 2472; x_wconf 79' lang='grc' dir='ltr'>καὶ</span> <span class='ocrx_word' id='word_1_296' title='bbox 1022 2416 1087 2471; x_wconf 85' lang='grc' dir='ltr'>τὸ</span> <span class='ocrx_word' id='word_1_297' title='bbox 1115 2415 1271 2489; x_wconf 88' lang='grc' dir='ltr'>γένος</span> <span class='ocrx_word' id='word_1_298' title='bbox 1301 2415 1438 2484; x_wconf 82' lang='grc' dir='ltr'>ἦσαν</span> <span class='ocrx_word' id='word_1_299' title='bbox 1466 2413 1754 2488; x_wconf 78' lang='grc' dir='ltr'>έπίσημοι.</span> 
     </span>
    </p>
   </div>
   <div class='ocr_carea' id='block_1_43' title="bbox 390 2505 1983 2567">
    <p class='ocr_par' dir='ltr' id='par_1_43' title="bbox 390 2505 1983 2567">
     <span class='ocr_line' id='line_1_43' title="bbox 390 2505 1983 2567; baseline -0.004 1"><span class='ocrx_word' id='word_1_300' title='bbox 390 2510 547 2567; x_wconf 70' lang='lat'>829</span> <span class='ocrx_word' id='word_1_301' title='bbox 604 2509 725 2565; x_wconf 88' lang='lat' dir='ltr'>Hoc</span> <span class='ocrx_word' id='word_1_302' title='bbox 784 2523 979 2564; x_wconf 90' lang='lat' dir='ltr'><strong>rerum</strong></span> <span class='ocrx_word' id='word_1_303' title='bbox 1033 2505 1426 2562; x_wconf 80' lang='lat' dir='ltr'><strong>Orientalium</strong></span> <span class='ocrx_word' id='word_1_304' title='bbox 1487 2509 1645 2561; x_wconf 90' lang='lat' dir='ltr'><strong>statu</strong></span> <span class='ocrx_word' id='word_1_305' title='bbox 1724 2505 1983 2562; x_wconf 86' lang='lat' dir='ltr'><strong>Joannes</strong></span> 
     </span>
    </p>
   </div>
   <div class='ocr_carea' id='block_1_44' title="bbox 322 2595 1986 2670">
    <p class='ocr_par' dir='ltr' id='par_1_44' title="bbox 322 2595 1986 2670">
     <span class='ocr_line' id='line_1_44' title="bbox 322 2595 1986 2670; baseline -0.004 -12"><span class='ocrx_word' id='word_1_306' title='bbox 322 2601 531 2670; x_wconf 84' lang='lat' dir='ltr'><strong>Mysus</strong></span> <span class='ocrx_word' id='word_1_307' title='bbox 559 2597 1012 2670; x_wconf 81' lang='lat' dir='ltr'><strong>Philippopolim</strong></span> <span class='ocrx_word' id='word_1_308' title='bbox 1069 2595 1247 2668; x_wconf 90' lang='lat' dir='ltr'><strong>capit,</strong></span> <span class='ocrx_word' id='word_1_309' title='bbox 1308 2595 1530 2665; x_wconf 88' lang='lat' dir='ltr'><strong>diripit,</strong></span> <span class='ocrx_word' id='word_1_310' title='bbox 1560 2595 1786 2662; x_wconf 82' lang='lat' dir='ltr'><strong>evertit,</strong></span> <span class='ocrx_word' id='word_1_311' title='bbox 1831 2596 1986 2652; x_wconf 84' lang='lat' dir='ltr'><strong>cives</strong></span> 
     </span>
    </p>
   </div>
   <div class='ocr_carea' id='block_1_45' title="bbox 315 2684 1989 2765">
    <p class='ocr_par' dir='ltr' id='par_1_45' title="bbox 315 2684 1989 2765">
     <span class='ocr_line' id='line_1_45' title="bbox 315 2684 1989 2765; baseline -0.002 -21"><span class='ocrx_word' id='word_1_312' title='bbox 315 2691 640 2765; x_wconf 87' lang='lat' dir='ltr'><strong>plerosque</strong></span> <span class='ocrx_word' id='word_1_313' title='bbox 666 2687 1025 2744; x_wconf 82' lang='lat' dir='ltr'><strong>obtruncat:</strong></span> <span class='ocrx_word' id='word_1_314' title='bbox 1086 2687 1258 2757; x_wconf 89' lang='lat' dir='ltr'><strong>cujus</strong></span> <span class='ocrx_word' id='word_1_315' title='bbox 1308 2685 1470 2741; x_wconf 86' lang='lat' dir='ltr'><strong>urbis</strong></span> <span class='ocrx_word' id='word_1_316' title='bbox 1521 2684 1643 2756; x_wconf 89' lang='lat' dir='ltr'>jam</span> <span class='ocrx_word' id='word_1_317' title='bbox 1703 2684 1844 2742; x_wconf 91' lang='lat' dir='ltr'><strong>olim</strong></span> <span class='ocrx_word' id='word_1_318' title='bbox 1886 2701 1989 2757; x_wconf 90' lang='lat' dir='ltr'>per</span> 
     </span>
    </p>
   </div>
   <div class='ocr_carea' id='block_1_46' title="bbox 326 2772 1988 2849">
    <p class='ocr_par' dir='ltr' id='par_1_46' title="bbox 326 2772 1988 2849">
     <span class='ocr_line' id='line_1_46' title="bbox 326 2772 1988 2849; baseline -0.004 -14"><span class='ocrx_word' id='word_1_319' title='bbox 326 2777 579 2836; x_wconf 88' lang='lat' dir='ltr'><strong>insidias</strong></span> <span class='ocrx_word' id='word_1_320' title='bbox 606 2776 1006 2849; x_wconf 62' lang='lat' dir='ltr'><strong>expugnanda</strong></span> <span class='ocrx_word' id='word_1_321' title='bbox 1036 2774 1406 2832; x_wconf 89' lang='lat' dir='ltr'><strong>occasionem</strong></span> <span class='ocrx_word' id='word_1_322' title='bbox 1448 2777 1735 2847; x_wconf 80' lang='lat' dir='ltr'><strong>captaret,</strong></span> <span class='ocrx_word' id='word_1_323' title='bbox 1765 2772 1988 2830; x_wconf 87' lang='lat' dir='ltr'><strong>habita-</strong></span> 
     </span>
    </p>
   </div>
   <div class='ocr_carea' id='block_1_47' title="bbox 327 2862 1989 2935">
    <p class='ocr_par' dir='ltr' id='par_1_47' title="bbox 327 2862 1989 2935">
     <span class='ocr_line' id='line_1_47' title="bbox 327 2862 1989 2935; baseline -0.006 -7"><span class='ocrx_word' id='word_1_324' title='bbox 327 2868 563 2927; x_wconf 80' lang='lat' dir='ltr'><strong>toribus</strong></span> <span class='ocrx_word' id='word_1_325' title='bbox 590 2865 1055 2934; x_wconf 79' lang='lat' dir='ltr'><strong>infensissimus,</strong></span> <span class='ocrx_word' id='word_1_326' title='bbox 1098 2864 1247 2935; x_wconf 88' lang='lat' dir='ltr'><strong>quod</strong></span> <span class='ocrx_word' id='word_1_327' title='bbox 1304 2862 1660 2920; x_wconf 88' lang='lat' dir='ltr'><strong>deditionem</strong></span> <span class='ocrx_word' id='word_1_328' title='bbox 1699 2862 1815 2920; x_wconf 87' lang='lat' dir='ltr'><strong>sibi</strong></span> <span class='ocrx_word' id='word_1_329' title='bbox 1871 2878 1989 2919; x_wconf 89' lang='lat' dir='ltr'>non</span> 
     </span>
    </p>
   </div>
   <div class='ocr_carea' id='block_1_48' title="bbox 333 2950 1992 3027">
    <p class='ocr_par' dir='ltr' id='par_1_48' title="bbox 333 2950 1992 3027">
     <span class='ocr_line' id='line_1_48' title="bbox 333 2950 1992 3027; baseline -0.006 -11"><span class='ocrx_word' id='word_1_330' title='bbox 333 2958 615 3016; x_wconf 77' lang='lat' dir='ltr'><strong>fecissent</strong></span> <span class='ocrx_word' id='word_1_331' title='bbox 636 2960 693 3012; x_wconf 90' lang='lat' dir='ltr'>et</span> <span class='ocrx_word' id='word_1_332' title='bbox 724 2959 792 3011; x_wconf 91' lang='lat' dir='ltr'>ut</span> <span class='ocrx_word' id='word_1_333' title='bbox 846 2954 969 3027; x_wconf 88' lang='lat' dir='ltr'><strong>regi</strong></span> <span class='ocrx_word' id='word_1_334' title='bbox 1026 2967 1228 3025; x_wconf 82' lang='lat' dir='ltr'><strong>parere</strong></span> <span class='ocrx_word' id='word_1_335' title='bbox 1285 2955 1733 3020; x_wconf 86' lang='lat' dir='ltr'><strong>detrectassent,</strong></span> <span class='ocrx_word' id='word_1_336' title='bbox 1766 2950 1869 3007; x_wconf 88' lang='lat' dir='ltr'>sed</span> <span class='ocrx_word' id='word_1_337' title='bbox 1928 2957 1992 3006; x_wconf 87' lang='lat' dir='ltr'>ut</span> 
     </span>
    </p>
   </div>
   <div class='ocr_carea' id='block_1_49' title="bbox 333 3041 1991 3117">
    <p class='ocr_par' dir='ltr' id='par_1_49' title="bbox 333 3041 1991 3117">
     <span class='ocr_line' id='line_1_49' title="bbox 333 3041 1991 3117; baseline -0.005 -12"><span class='ocrx_word' id='word_1_338' title='bbox 333 3048 529 3105; x_wconf 85' lang='lat' dir='ltr'><strong>virum</strong></span> <span class='ocrx_word' id='word_1_339' title='bbox 560 3044 1010 3117; x_wconf 78' lang='lat' dir='ltr'><strong>sanguinarium</strong></span> <span class='ocrx_word' id='word_1_340' title='bbox 1066 3041 1310 3098; x_wconf 83' lang='lat' dir='ltr'><strong>aversati</strong></span> <span class='ocrx_word' id='word_1_341' title='bbox 1371 3046 1586 3098; x_wconf 90' lang='lat' dir='ltr'><strong>essent.</strong></span> <span class='ocrx_word' id='word_1_342' title='bbox 1647 3041 1796 3096; x_wconf 88' lang='lat' dir='ltr'><strong>Tum</strong></span> <span class='ocrx_word' id='word_1_343' title='bbox 1853 3056 1991 3096; x_wconf 88' lang='lat' dir='ltr'><strong>vero</strong></span> 
     </span>
    </p>
   </div>
   <div class='ocr_carea' id='block_1_50' title="bbox 333 3127 1990 3205">
    <p class='ocr_par' dir='ltr' id='par_1_50' title="bbox 333 3127 1990 3205">
     <span class='ocr_line' id='line_1_50' title="bbox 333 3127 1990 3205; baseline -0.007 -12"><span class='ocrx_word' id='word_1_344' title='bbox 333 3136 481 3193; x_wconf 90' lang='lat' dir='ltr'><strong>illud</strong></span> <span class='ocrx_word' id='word_1_345' title='bbox 514 3135 644 3205; x_wconf 85' lang='lat' dir='ltr'><strong>ejus</strong></span> <span class='ocrx_word' id='word_1_346' title='bbox 676 3132 1045 3188; x_wconf 89' lang='lat' dir='ltr'><strong>iracundiam</strong></span> <span class='ocrx_word' id='word_1_347' title='bbox 1082 3137 1456 3200; x_wconf 85' lang='lat' dir='ltr'><strong>exasperarat</strong></span> <span class='ocrx_word' id='word_1_348' title='bbox 1511 3132 1569 3184; x_wconf 93' lang='lat' dir='ltr'>et</span> <span class='ocrx_word' id='word_1_349' title='bbox 1623 3127 1990 3183; x_wconf 85' lang='lat' dir='ltr'><strong>barbaricam</strong></span> 
     </span>
    </p>
   </div>
   <div class='ocr_carea' id='block_1_51' title="bbox 333 3213 1990 3288">
    <p class='ocr_par' dir='ltr' id='par_1_51' title="bbox 333 3213 1990 3288">
     <span class='ocr_line' id='line_1_51' title="bbox 333 3213 1990 3288; baseline -0.008 -8"><span class='ocrx_word' id='word_1_350' title='bbox 333 3224 618 3280; x_wconf 76' lang='lat' dir='ltr'><strong>feritatem</strong></span> <span class='ocrx_word' id='word_1_351' title='bbox 651 3222 914 3282; x_wconf 85' lang='lat' dir='ltr'><strong>auxerat,</strong></span> <span class='ocrx_word' id='word_1_352' title='bbox 944 3217 1099 3288; x_wconf 90' lang='lat' dir='ltr'><strong>quod</strong></span> <span class='ocrx_word' id='word_1_353' title='bbox 1150 3215 1419 3270; x_wconf 86' lang='lat' dir='ltr'><strong>Alexium</strong></span> <span class='ocrx_word' id='word_1_354' title='bbox 1473 3213 1766 3285; x_wconf 81' lang='lat' dir='ltr'><strong>Aspietem</strong></span> <span class='ocrx_word' id='word_1_355' title='bbox 1832 3227 1990 3268; x_wconf 88' lang='lat' dir='ltr'><strong>rece-</strong></span> 
     </span>
    </p>
   </div>
   <div class='ocr_carea' id='block_1_52' title="bbox 336 3302 1990 3385">
    <p class='ocr_par' dir='ltr' id='par_1_52' title="bbox 336 3302 1990 3385">
     <span class='ocr_line' id='line_1_52' title="bbox 336 3302 1990 3385; baseline -0.008 -18"><span class='ocrx_word' id='word_1_356' title='bbox 336 3307 750 3385; x_wconf 87' lang='lat' dir='ltr'><strong>pissenteique</strong></span> <span class='ocrx_word' id='word_1_357' title='bbox 767 3311 833 3361; x_wconf 89' lang='lat' dir='ltr'>ut</span> <span class='ocrx_word' id='word_1_358' title='bbox 854 3305 987 3360; x_wconf 89' lang='lat' dir='ltr'><strong>duci</strong></span> <span class='ocrx_word' id='word_1_359' title='bbox 1012 3302 1368 3375; x_wconf 87' lang='lat' dir='ltr'><strong>paruissent,</strong></span> <span class='ocrx_word' id='word_1_360' title='bbox 1399 3317 1461 3358; x_wconf 88' lang='lat' dir='ltr'>se</span> <span class='ocrx_word' id='word_1_361' title='bbox 1481 3317 1610 3357; x_wconf 88' lang='lat' dir='ltr'><strong>vero</strong></span> <span class='ocrx_word' id='word_1_362' title='bbox 1649 3315 1781 3357; x_wconf 90' lang='lat' dir='ltr'>cum</span> <span class='ocrx_word' id='word_1_363' title='bbox 1829 3316 1990 3358; x_wconf 79' lang='lat' dir='ltr'><strong>exer-</strong></span> 
     </span>
    </p>
   </div>
   <div class='ocr_carea' id='block_1_53' title="bbox 337 3391 1992 3464">
    <p class='ocr_par' dir='ltr' id='par_1_53' title="bbox 337 3391 1992 3464">
     <span class='ocr_line' id='line_1_53' title="bbox 337 3391 1992 3464; baseline -0.006 -8"><span class='ocrx_word' id='word_1_364' title='bbox 337 3400 460 3457; x_wconf 90' lang='lat' dir='ltr'><strong>citu</strong></span> <span class='ocrx_word' id='word_1_365' title='bbox 509 3396 883 3453; x_wconf 89' lang='lat' dir='ltr'><strong>invadentem</strong></span> <span class='ocrx_word' id='word_1_366' title='bbox 941 3408 1094 3464; x_wconf 64' lang='lat' dir='ltr'><strong>saepe</strong></span> <span class='ocrx_word' id='word_1_367' title='bbox 1160 3391 1534 3462; x_wconf 88' lang='lat' dir='ltr'><strong>repulissent.</strong></span> <span class='ocrx_word' id='word_1_368' title='bbox 1584 3391 1863 3447; x_wconf 67' lang='lat' dir='ltr'><strong>Caeterum</strong></span> <span class='ocrx_word' id='word_1_369' title='bbox 1924 3406 1992 3447; x_wconf 83' lang='lat' dir='ltr'>ea</span> 
     </span>
    </p>
   </div>
   <div class='ocr_carea' id='block_1_54' title="bbox 336 3479 1993 3554">
    <p class='ocr_par' dir='ltr' id='par_1_54' title="bbox 336 3479 1993 3554">
     <span class='ocr_line' id='line_1_54' title="bbox 336 3479 1993 3554; baseline -0.006 -9"><span class='ocrx_word' id='word_1_370' title='bbox 336 3486 480 3545; x_wconf 90' lang='lat' dir='ltr'><strong>urbs</strong></span> <span class='ocrx_word' id='word_1_371' title='bbox 504 3482 784 3554; x_wconf 83' lang='lat' dir='ltr'><strong>inviolata</strong></span> <span class='ocrx_word' id='word_1_372' title='bbox 815 3482 1152 3546; x_wconf 88' lang='lat' dir='ltr'><strong>mansisset,</strong></span> <span class='ocrx_word' id='word_1_373' title='bbox 1187 3481 1236 3536; x_wconf 92' lang='lat' dir='ltr'>si</span> <span class='ocrx_word' id='word_1_374' title='bbox 1266 3481 1393 3538; x_wconf 90' lang='lat' dir='ltr'><strong>suis</strong></span> <span class='ocrx_word' id='word_1_375' title='bbox 1450 3479 1731 3553; x_wconf 90' lang='lat' dir='ltr'><strong>auspiciis</strong></span> <span class='ocrx_word' id='word_1_376' title='bbox 1787 3480 1993 3550; x_wconf 85' lang='lat' dir='ltr'><strong>guber-</strong></span> 
     </span>
    </p>
   </div>
   <div class='ocr_carea' id='block_1_55' title="bbox 339 3570 1989 3645">
    <p class='ocr_par' dir='ltr' id='par_1_55' title="bbox 339 3570 1989 3645">
     <span class='ocr_line' id='line_1_55' title="bbox 339 3570 1989 3645; baseline -0.005 -11"><span class='ocrx_word' id='word_1_377' title='bbox 339 3582 481 3634; x_wconf 90' lang='lat' dir='ltr'><strong>nata</strong></span> <span class='ocrx_word' id='word_1_378' title='bbox 510 3578 686 3645; x_wconf 86' lang='lat' dir='ltr'><strong>esset,</strong></span> <span class='ocrx_word' id='word_1_379' title='bbox 714 3577 840 3629; x_wconf 91' lang='lat' dir='ltr'>tum</span> <span class='ocrx_word' id='word_1_380' title='bbox 876 3573 1029 3645; x_wconf 90' lang='lat' dir='ltr'><strong>quod</strong></span> <span class='ocrx_word' id='word_1_381' title='bbox 1088 3571 1322 3627; x_wconf 88' lang='lat' dir='ltr'><strong>Latinos</strong></span> <span class='ocrx_word' id='word_1_382' title='bbox 1380 3570 1630 3643; x_wconf 90' lang='lat' dir='ltr'><strong>benigne</strong></span> <span class='ocrx_word' id='word_1_383' title='bbox 1686 3572 1989 3637; x_wconf 89' lang='lat' dir='ltr'><strong>tractabat,</strong></span> 
     </span>
    </p>
   </div>
   <div class='ocr_carea' id='block_1_56' title="bbox 337 3661 1989 3738">
    <p class='ocr_par' dir='ltr' id='par_1_56' title="bbox 337 3661 1989 3738">
     <span class='ocr_line' id='line_1_56' title="bbox 337 3661 1989 3738; baseline -0.004 -15"><span class='ocrx_word' id='word_1_384' title='bbox 337 3671 465 3723; x_wconf 94' lang='lat' dir='ltr'>tum</span> <span class='ocrx_word' id='word_1_385' title='bbox 498 3664 653 3738; x_wconf 89' lang='lat' dir='ltr'><strong>quod</strong></span> <span class='ocrx_word' id='word_1_386' title='bbox 682 3664 960 3719; x_wconf 79' lang='lat' dir='ltr'><strong>Joannem</strong></span> <span class='ocrx_word' id='word_1_387' title='bbox 992 3665 1223 3734; x_wconf 81' lang='lat' dir='ltr'><strong>Mysum</strong></span> <span class='ocrx_word' id='word_1_388' title='bbox 1256 3677 1370 3716; x_wconf 92' lang='lat' dir='ltr'>non</span> <span class='ocrx_word' id='word_1_389' title='bbox 1403 3676 1643 3731; x_wconf 88' lang='lat' dir='ltr'><strong>prorsus</strong></span> <span class='ocrx_word' id='word_1_390' title='bbox 1682 3661 1989 3717; x_wconf 76' lang='lat' dir='ltr'><strong>aversaba-</strong></span> 
     </span>
    </p>
   </div>
   <div class='ocr_carea' id='block_1_57' title="bbox 334 3747 1994 3822">
    <p class='ocr_par' dir='ltr' id='par_1_57' title="bbox 334 3747 1994 3822">
     <span class='ocr_line' id='line_1_57' title="bbox 334 3747 1994 3822; baseline -0.007 -7"><span class='ocrx_word' id='word_1_391' title='bbox 334 3764 455 3815; x_wconf 89' lang='lat' dir='ltr'><strong>tur.</strong></span> <span class='ocrx_word' id='word_1_392' title='bbox 494 3754 663 3811; x_wconf 89' lang='lat' dir='ltr'><strong>Nunc</strong></span> <span class='ocrx_word' id='word_1_393' title='bbox 722 3753 845 3808; x_wconf 85' lang='lat' dir='ltr'><strong>filia</strong></span> <span class='ocrx_word' id='word_1_394' title='bbox 895 3759 1136 3807; x_wconf 87' lang='lat' dir='ltr'><strong>matrem</strong></span> <span class='ocrx_word' id='word_1_395' title='bbox 1196 3766 1467 3822; x_wconf 89' lang='lat' dir='ltr'><strong>sequens,</strong></span> <span class='ocrx_word' id='word_1_396' title='bbox 1526 3754 1833 3821; x_wconf 89' lang='lat' dir='ltr'><strong>postquam</strong></span> <span class='ocrx_word' id='word_1_397' title='bbox 1890 3747 1994 3805; x_wconf 85' lang='lat' dir='ltr'><strong>illa</strong></span> 
     </span>
    </p>
   </div>
   <div class='ocr_carea' id='block_1_58' title="bbox 336 3838 1993 3917">
    <p class='ocr_par' dir='ltr' id='par_1_58' title="bbox 336 3838 1993 3917">
     <span class='ocr_line' id='line_1_58' title="bbox 336 3838 1993 3917; baseline -0.005 -15"><span class='ocrx_word' id='word_1_398' title='bbox 336 3846 543 3917; x_wconf 85' lang='lat' dir='ltr'><strong>regina</strong></span> <span class='ocrx_word' id='word_1_399' title='bbox 596 3846 655 3899; x_wconf 89' lang='lat' dir='ltr'>et</span> <span class='ocrx_word' id='word_1_400' title='bbox 710 3843 983 3915; x_wconf 88' lang='lat' dir='ltr'><strong>princeps</strong></span> <span class='ocrx_word' id='word_1_401' title='bbox 1033 3840 1298 3896; x_wconf 88' lang='lat' dir='ltr'><strong>omnium</strong></span> <span class='ocrx_word' id='word_1_402' title='bbox 1355 3838 1646 3895; x_wconf 83' lang='lat' dir='ltr'><strong>labefacta</strong></span> <span class='ocrx_word' id='word_1_403' title='bbox 1702 3845 1760 3895; x_wconf 89' lang='lat' dir='ltr'>et</span> <span class='ocrx_word' id='word_1_404' title='bbox 1826 3838 1993 3895; x_wconf 83' lang='lat' dir='ltr'><strong>facile</strong></span> 
     </span>
    </p>
   </div>
   <div class='ocr_carea' id='block_1_59' title="bbox 341 3926 1988 4005">
    <p class='ocr_par' dir='ltr' id='par_1_59' title="bbox 341 3926 1988 4005">
     <span class='ocr_line' id='line_1_59' title="bbox 341 3926 1988 4005; baseline -0.005 -15"><span class='ocrx_word' id='word_1_405' title='bbox 341 3936 511 4005; x_wconf 85' lang='lat' dir='ltr'><strong>capta</strong></span> <span class='ocrx_word' id='word_1_406' title='bbox 542 3934 650 4001; x_wconf 88' lang='lat' dir='ltr'><strong>est,</strong></span> <span class='ocrx_word' id='word_1_407' title='bbox 682 3931 804 3985; x_wconf 83' lang='lat' dir='ltr'><strong>haec</strong></span> <span class='ocrx_word' id='word_1_408' title='bbox 828 3944 1061 4001; x_wconf 90' lang='lat' dir='ltr'><strong>quoque</strong></span> <span class='ocrx_word' id='word_1_409' title='bbox 1108 3927 1374 3997; x_wconf 74' lang='lat' dir='ltr'><strong>graviora</strong></span> <span class='ocrx_word' id='word_1_410' title='bbox 1422 3926 1681 4000; x_wconf 85' lang='lat' dir='ltr'><strong>pertulit,</strong></span> <span class='ocrx_word' id='word_1_411' title='bbox 1713 3926 1988 3997; x_wconf 84' lang='lat' dir='ltr'><strong>direptio-</strong></span> 
     </span>
    </p>
   </div>
   <div class='ocr_carea' id='block_1_60' title="bbox 339 4016 1993 4089">
    <p class='ocr_par' dir='ltr' id='par_1_60' title="bbox 339 4016 1993 4089">
     <span class='ocr_line' id='line_1_60' title="bbox 339 4016 1993 4089; baseline -0.004 -11"><span class='ocrx_word' id='word_1_412' title='bbox 339 4022 517 4079; x_wconf 89' lang='lat' dir='ltr'><strong>nibus</strong></span> <span class='ocrx_word' id='word_1_413' title='bbox 542 4023 600 4075; x_wconf 88' lang='lat' dir='ltr'>et</span> <span class='ocrx_word' id='word_1_414' title='bbox 629 4019 887 4075; x_wconf 75' lang='lat' dir='ltr'><strong>czedibus</strong></span> <span class='ocrx_word' id='word_1_415' title='bbox 953 4033 1254 4089; x_wconf 88' lang='lat' dir='ltr'><strong>oppressa,</strong></span> <span class='ocrx_word' id='word_1_416' title='bbox 1315 4019 1371 4071; x_wconf 90' lang='lat' dir='ltr'>et</span> <span class='ocrx_word' id='word_1_417' title='bbox 1431 4018 1672 4087; x_wconf 87' lang='lat' dir='ltr'><strong>insuper</strong></span> <span class='ocrx_word' id='word_1_418' title='bbox 1729 4016 1993 4072; x_wconf 73' lang='lat' dir='ltr'><strong>funditus</strong></span> 
     </span>
    </p>
   </div>
   <div class='ocr_carea' id='block_1_61' title="bbox 339 4105 1991 4178">
    <p class='ocr_par' dir='ltr' id='par_1_61' title="bbox 339 4105 1991 4178">
     <span class='ocr_line' id='line_1_61' title="bbox 339 4105 1991 4178; baseline -0.006 -9"><span class='ocrx_word' id='word_1_419' title='bbox 339 4127 561 4169; x_wconf 85' lang='lat' dir='ltr'><strong>eversa.</strong></span> <span class='ocrx_word' id='word_1_420' title='bbox 594 4108 772 4178; x_wconf 82' lang='lat' dir='ltr'><strong>Cujus</strong></span> <span class='ocrx_word' id='word_1_421' title='bbox 802 4107 985 4162; x_wconf 61' lang='lat' dir='ltr'><strong>ruinas</strong></span> <span class='ocrx_word' id='word_1_422' title='bbox 1020 4122 1204 4161; x_wconf 91' lang='lat' dir='ltr'><strong>unum</strong></span> <span class='ocrx_word' id='word_1_423' title='bbox 1266 4105 1408 4160; x_wconf 83' lang='lat' dir='ltr'><strong>illud</strong></span> <span class='ocrx_word' id='word_1_424' title='bbox 1478 4108 1741 4178; x_wconf 87' lang='lat' dir='ltr'><strong>spectatu</strong></span> <span class='ocrx_word' id='word_1_425' title='bbox 1780 4107 1991 4176; x_wconf 83' lang='lat' dir='ltr'><strong>jucun-</strong></span> 
     </span>
    </p>
   </div>
   <div class='ocr_carea' id='block_1_62' title="bbox 340 4194 1993 4268">
    <p class='ocr_par' dir='ltr' id='par_1_62' title="bbox 340 4194 1993 4268">
     <span class='ocr_line' id='line_1_62' title="bbox 340 4194 1993 4268; baseline -0.004 -11"><span class='ocrx_word' id='word_1_426' title='bbox 340 4201 482 4257; x_wconf 89' lang='lat' dir='ltr'>dum</span> <span class='ocrx_word' id='word_1_427' title='bbox 516 4198 756 4263; x_wconf 86' lang='lat' dir='ltr'><strong>habent,</strong></span> <span class='ocrx_word' id='word_1_428' title='bbox 789 4195 944 4268; x_wconf 90' lang='lat' dir='ltr'><strong>quod</strong></span> <span class='ocrx_word' id='word_1_429' title='bbox 975 4196 1267 4265; x_wconf 88' lang='lat' dir='ltr'><strong>Aspietem</strong></span> <span class='ocrx_word' id='word_1_430' title='bbox 1302 4195 1439 4251; x_wconf 81' lang='lat' dir='ltr'><strong>fune</strong></span> <span class='ocrx_word' id='word_1_431' title='bbox 1494 4194 1645 4249; x_wconf 89' lang='lat' dir='ltr'><strong>talos</strong></span> <span class='ocrx_word' id='word_1_432' title='bbox 1683 4196 1993 4266; x_wconf 80' lang='lat' dir='ltr'><strong>trajectum</strong></span> 
     </span>
    </p>
   </div>
   <div class='ocr_carea' id='block_1_63' title="bbox 337 4284 1993 4356">
    <p class='ocr_par' dir='ltr' id='par_1_63' title="bbox 337 4284 1993 4356">
     <span class='ocr_line' id='line_1_63' title="bbox 337 4284 1993 4356; baseline -0.002 -10"><span class='ocrx_word' id='word_1_433' title='bbox 337 4294 399 4347; x_wconf 89' lang='lat' dir='ltr'>et</span> <span class='ocrx_word' id='word_1_434' title='bbox 424 4289 485 4344; x_wconf 92' lang='lat' dir='ltr'>in</span> <span class='ocrx_word' id='word_1_435' title='bbox 516 4285 753 4344; x_wconf 88' lang='lat' dir='ltr'><strong>sublimi</strong></span> <span class='ocrx_word' id='word_1_436' title='bbox 784 4285 946 4341; x_wconf 91' lang='lat' dir='ltr'><strong>trabe</strong></span> <span class='ocrx_word' id='word_1_437' title='bbox 979 4284 1226 4355; x_wconf 88' lang='lat' dir='ltr'><strong>pedibus</strong></span> <span class='ocrx_word' id='word_1_438' title='bbox 1266 4300 1621 4356; x_wconf 86' lang='lat' dir='ltr'><strong>suspensum</strong></span> <span class='ocrx_word' id='word_1_439' title='bbox 1680 4289 1993 4342; x_wconf 88' lang='lat' dir='ltr'><strong>ostentant.</strong></span> 
     </span>
    </p>
   </div>
   <div class='ocr_carea' id='block_1_64' title="bbox 336 4372 1993 4447">
    <p class='ocr_par' dir='ltr' id='par_1_64' title="bbox 336 4372 1993 4447">
     <span class='ocr_line' id='line_1_64' title="bbox 336 4372 1993 4447; baseline -0.002 -14"><span class='ocrx_word' id='word_1_440' title='bbox 336 4377 442 4433; x_wconf 92' lang='lat' dir='ltr'>Cui</span> <span class='ocrx_word' id='word_1_441' title='bbox 475 4376 575 4447; x_wconf 86' lang='lat' dir='ltr'>qui</span> <span class='ocrx_word' id='word_1_442' title='bbox 608 4374 773 4446; x_wconf 82' lang='lat' dir='ltr'><strong>regni</strong></span> <span class='ocrx_word' id='word_1_443' title='bbox 826 4372 1140 4428; x_wconf 77' lang='lat' dir='ltr'><strong>atl&#39;ectandi</strong></span> <span class='ocrx_word' id='word_1_444' title='bbox 1195 4373 1493 4443; x_wconf 86' lang='lat' dir='ltr'><strong>adjutores</strong></span> <span class='ocrx_word' id='word_1_445' title='bbox 1552 4374 1802 4442; x_wconf 84' lang='lat' dir='ltr'><strong>fuerant,</strong></span> <span class='ocrx_word' id='word_1_446' title='bbox 1862 4388 1993 4431; x_wconf 87' lang='lat' dir='ltr'>cum</span> 
     </span>
    </p>
   </div>
   <div class='ocr_carea' id='block_1_65' title="bbox 335 4461 1998 4535">
    <p class='ocr_par' dir='ltr' id='par_1_65' title="bbox 335 4461 1998 4535">
     <span class='ocr_line' id='line_1_65' title="bbox 335 4461 1998 4535; baseline -0.002 -12"><span class='ocrx_word' id='word_1_447' title='bbox 335 4470 622 4523; x_wconf 87' lang='lat' dir='ltr'><strong>Joannem</strong></span> <span class='ocrx_word' id='word_1_448' title='bbox 660 4479 780 4519; x_wconf 90' lang='lat' dir='ltr'>non</span> <span class='ocrx_word' id='word_1_449' title='bbox 824 4461 1096 4529; x_wconf 88' lang='lat' dir='ltr'><strong>laterent,</strong></span> <span class='ocrx_word' id='word_1_450' title='bbox 1130 4478 1201 4518; x_wconf 83' lang='lat' dir='ltr'>ne</span> <span class='ocrx_word' id='word_1_451' title='bbox 1243 4462 1655 4520; x_wconf 73' lang='lat' dir='ltr'><strong>inconstantiae</strong></span> <span class='ocrx_word' id='word_1_452' title='bbox 1698 4463 1854 4519; x_wconf 76' lang='lat'>880</span> <span class='ocrx_word' id='word_1_453' title='bbox 1880 4480 1998 4535; x_wconf 77' lang='lat' dir='ltr'>pm-</span> 
     </span>
    </p>
   </div>
   <div class='ocr_carea' id='block_1_66' title="bbox 337 4550 1995 4623">
    <p class='ocr_par' dir='ltr' id='par_1_66' title="bbox 337 4550 1995 4623">
     <span class='ocr_line' id='line_1_66' title="bbox 337 4550 1995 4623; baseline -0.002 -10"><span class='ocrx_word' id='word_1_454' title='bbox 337 4572 446 4613; x_wconf 89' lang='lat' dir='ltr'>nas</span> <span class='ocrx_word' id='word_1_455' title='bbox 467 4555 678 4610; x_wconf 88' lang='lat' dir='ltr'><strong>darent</strong></span> <span class='ocrx_word' id='word_1_456' title='bbox 700 4551 895 4620; x_wconf 89' lang='lat' dir='ltr'><strong>veriti,</strong></span> <span class='ocrx_word' id='word_1_457' title='bbox 928 4550 1119 4623; x_wconf 90' lang='lat' dir='ltr'><strong>palam</strong></span> <span class='ocrx_word' id='word_1_458' title='bbox 1146 4550 1461 4620; x_wconf 79' lang='lat' dir='ltr'><strong>deficiunt;</strong></span> <span class='ocrx_word' id='word_1_459' title='bbox 1501 4550 1676 4609; x_wconf 88' lang='lat' dir='ltr'><strong>etalii</strong></span> <span class='ocrx_word' id='word_1_460' title='bbox 1694 4554 1764 4609; x_wconf 91' lang='lat' dir='ltr'>ad</span> <span class='ocrx_word' id='word_1_461' title='bbox 1809 4553 1995 4609; x_wconf 86' lang='lat' dir='ltr'><strong>Theo-</strong></span> 
     </span>
    </p>
   </div>
   <div class='ocr_carea' id='block_1_67' title="bbox 2166 2499 3764 2580">
    <p class='ocr_par' dir='ltr' id='par_1_67' title="bbox 2166 2499 3764 2580">
     <span class='ocr_line' id='line_1_67' title="bbox 2166 2499 3764 2580; baseline -0.001 -20"><span class='ocrx_word' id='word_1_462' title='bbox 2166 2504 2274 2561; x_wconf 84' lang='grc' dir='ltr'>Καὶ</span> <span class='ocrx_word' id='word_1_463' title='bbox 2311 2500 2446 2577; x_wconf 76' lang='grc' dir='ltr'>τῇδε</span> <span class='ocrx_word' id='word_1_464' title='bbox 2475 2504 2570 2577; x_wconf 80' lang='grc' dir='ltr'>μὶν</span> <span class='ocrx_word' id='word_1_465' title='bbox 2618 2501 2684 2558; x_wconf 79' lang='grc' dir='ltr'>τὰ</span> <span class='ocrx_word' id='word_1_466' title='bbox 2738 2503 2874 2579; x_wconf 88' lang='grc' dir='ltr'>πρὸς</span> <span class='ocrx_word' id='word_1_467' title='bbox 2938 2499 3017 2558; x_wconf 66' lang='grc' dir='ltr'>ἕω</span> <span class='ocrx_word' id='word_1_468' title='bbox 3073 2499 3313 2580; x_wconf 65' lang='grc' dir='ltr'>ἐφέρετο·</span> <span class='ocrx_word' id='word_1_469' title='bbox 3369 2503 3397 2558; x_wconf 87' lang='grc' dir='ltr'><strong>ὁ</strong></span> <span class='ocrx_word' id='word_1_470' title='bbox 3456 2500 3514 2558; x_wconf 71' lang='grc' dir='ltr'>δὲ</span> <span class='ocrx_word' id='word_1_471' title='bbox 3567 2503 3764 2566; x_wconf 74' lang='grc' dir='ltr'>Μυσὸς</span> 
     </span>
    </p>
   </div>
   <div class='ocr_carea' id='block_1_68' title="bbox 2094 2589 3769 2667">
    <p class='ocr_par' dir='ltr' id='par_1_68' title="bbox 2094 2589 3769 2667">
     <span class='ocr_line' id='line_1_68' title="bbox 2094 2589 3769 2667; baseline -0.001 -18"><span class='ocrx_word' id='word_1_472' title='bbox 2094 2594 2352 2664; x_wconf 77' lang='grc' dir='ltr'>Ἰωάννης</span> <span class='ocrx_word' id='word_1_473' title='bbox 2440 2595 2509 2667; x_wconf 80' lang='grc' dir='ltr'>τῇ</span> <span class='ocrx_word' id='word_1_474' title='bbox 2610 2591 3067 2648; x_wconf 81' lang='grc' dir='ltr'>Φιλιππουπόλει</span> <span class='ocrx_word' id='word_1_475' title='bbox 3144 2589 3568 2667; x_wconf 74' lang='grc' dir='ltr'>ἐπιστρατεύσας</span> <span class='ocrx_word' id='word_1_476' title='bbox 3614 2592 3769 2667; x_wconf 80' lang='grc' dir='ltr'>αἰρεῖ</span> 
     </span>
    </p>
   </div>
   <div class='ocr_carea' id='block_1_69' title="bbox 2052 2679 3764 2756">
    <p class='ocr_par' dir='ltr' id='par_1_69' title="bbox 2052 2679 3764 2756">
     <span class='ocr_line' id='line_1_69' title="bbox 2052 2679 3764 2756; baseline -0.002 -18"><span class='ocrx_word' id='word_1_477' title='bbox 2052 2694 2055 2699; x_wconf 77' lang='grc'><strong>“</strong></span> <span class='ocrx_word' id='word_1_478' title='bbox 2092 2682 2294 2753; x_wconf 88' lang='grc' dir='ltr'>ταύτην</span> <span class='ocrx_word' id='word_1_479' title='bbox 2340 2681 2432 2737; x_wconf 82' lang='grc' dir='ltr'>καὶ</span> <span class='ocrx_word' id='word_1_480' title='bbox 2480 2686 2729 2756; x_wconf 73' lang='grc' dir='ltr'>καθαιρεῖ</span> <span class='ocrx_word' id='word_1_481' title='bbox 2766 2681 3165 2756; x_wconf 81' lang='grc' dir='ltr'>προνομεύσας,</span> <span class='ocrx_word' id='word_1_482' title='bbox 3202 2681 3294 2736; x_wconf 79' lang='grc' dir='ltr'>καὶ</span> <span class='ocrx_word' id='word_1_483' title='bbox 3351 2679 3605 2743; x_wconf 79' lang='grc' dir='ltr'>πολλοὺς</span> <span class='ocrx_word' id='word_1_484' title='bbox 3651 2685 3764 2736; x_wconf 86' lang='grc' dir='ltr'>τῶν</span> 
     </span>
    </p>
   </div>
   <div class='ocr_carea' id='block_1_70' title="bbox 2096 2768 3759 2847">
    <p class='ocr_par' dir='ltr' id='par_1_70' title="bbox 2096 2768 3759 2847">
     <span class='ocr_line' id='line_1_70' title="bbox 2096 2768 3759 2847; baseline -0.001 -21"><span class='ocrx_word' id='word_1_485' title='bbox 2096 2768 2250 2827; x_wconf 84' lang='grc' dir='ltr'>ἔνδον</span> <span class='ocrx_word' id='word_1_486' title='bbox 2292 2768 2609 2840; x_wconf 84' lang='grc' dir='ltr'>ὑποδικάζει</span> <span class='ocrx_word' id='word_1_487' title='bbox 2637 2775 2755 2832; x_wconf 88' lang='grc' dir='ltr'>τοῖς</span> <span class='ocrx_word' id='word_1_488' title='bbox 2805 2770 3003 2847; x_wconf 81' lang='grc' dir='ltr'>ξίφεσι,</span> <span class='ocrx_word' id='word_1_489' title='bbox 3035 2770 3126 2825; x_wconf 82' lang='grc' dir='ltr'>καὶ</span> <span class='ocrx_word' id='word_1_490' title='bbox 3179 2771 3355 2826; x_wconf 83' lang='grc' dir='ltr'>πάλαι</span> <span class='ocrx_word' id='word_1_491' title='bbox 3420 2771 3518 2843; x_wconf 75' lang='grc' dir='ltr'>μὲν</span> <span class='ocrx_word' id='word_1_492' title='bbox 3565 2768 3759 2825; x_wconf 79' lang='grc' dir='ltr'>ἐνσκο-</span> 
     </span>
    </p>
   </div>
   <div class='ocr_carea' id='block_1_71' title="bbox 2097 2856 3758 2938">
    <p class='ocr_par' dir='ltr' id='par_1_71' title="bbox 2097 2856 3758 2938">
     <span class='ocr_line' id='line_1_71' title="bbox 2097 2856 3758 2938; baseline -0.003 -20"><span class='ocrx_word' id='word_1_493' title='bbox 2097 2860 2422 2935; x_wconf 83' lang='grc' dir='ltr'>λιευόμενος</span> <span class='ocrx_word' id='word_1_494' title='bbox 2460 2865 2528 2932; x_wconf 84' lang='grc' dir='ltr'>τᾷ</span> <span class='ocrx_word' id='word_1_495' title='bbox 2565 2859 2725 2915; x_wconf 78' lang='grc' dir='ltr'>πόλει</span> <span class='ocrx_word' id='word_1_496' title='bbox 2757 2860 2849 2915; x_wconf 88' lang='grc' dir='ltr'>καὶ</span> <span class='ocrx_word' id='word_1_497' title='bbox 2874 2864 2944 2935; x_wconf 79' lang='grc' dir='ltr'>τῇ</span> <span class='ocrx_word' id='word_1_498' title='bbox 2973 2860 3179 2931; x_wconf 84' lang='grc' dir='ltr'>ταύτης</span> <span class='ocrx_word' id='word_1_499' title='bbox 3237 2857 3540 2938; x_wconf 71' lang='grc' dir='ltr'>ἐφεδρεύων</span> <span class='ocrx_word' id='word_1_500' title='bbox 3600 2856 3758 2914; x_wconf 82' lang='grc' dir='ltr'>ἀλώ-</span> 
     </span>
    </p>
   </div>
   <div class='ocr_carea' id='block_1_72' title="bbox 2098 2946 3754 3025">
    <p class='ocr_par' dir='ltr' id='par_1_72' title="bbox 2098 2946 3754 3025">
     <span class='ocr_line' id='line_1_72' title="bbox 2098 2946 3754 3025; baseline -0.002 -20"><span class='ocrx_word' id='word_1_501' title='bbox 2098 2971 2199 3021; x_wconf 88' lang='grc' dir='ltr'>σει,</span> <span class='ocrx_word' id='word_1_502' title='bbox 2229 2949 2320 3005; x_wconf 87' lang='grc' dir='ltr'>καὶ</span> <span class='ocrx_word' id='word_1_503' title='bbox 2357 2951 2717 3025; x_wconf 83' lang='grc' dir='ltr'>βαρυμηνιῶν</span> <span class='ocrx_word' id='word_1_504' title='bbox 2744 2954 2864 3011; x_wconf 89' lang='grc' dir='ltr'>τοῖς</span> <span class='ocrx_word' id='word_1_505' title='bbox 2912 2948 3232 3024; x_wconf 76' lang='grc' dir='ltr'>οἰκήτορσιν</span> <span class='ocrx_word' id='word_1_506' title='bbox 3276 2949 3353 3011; x_wconf 85' lang='grc' dir='ltr'>ὠς</span> <span class='ocrx_word' id='word_1_507' title='bbox 3415 2946 3549 3022; x_wconf 84' lang='grc' dir='ltr'>μηδ’</span> <span class='ocrx_word' id='word_1_508' title='bbox 3603 2946 3754 3008; x_wconf 79' lang='grc' dir='ltr'>ὅλως</span> 
     </span>
    </p>
   </div>
   <div class='ocr_carea' id='block_1_73' title="bbox 2099 3036 3753 3113">
    <p class='ocr_par' dir='ltr' id='par_1_73' title="bbox 2099 3036 3753 3113">
     <span class='ocr_line' id='line_1_73' title="bbox 2099 3036 3753 3113; baseline -0.002 -19"><span class='ocrx_word' id='word_1_509' title='bbox 2099 3039 2249 3111; x_wconf 83' lang='grc' dir='ltr'>αύτῷ</span> <span class='ocrx_word' id='word_1_510' title='bbox 2280 3038 2654 3094; x_wconf 86' lang='grc' dir='ltr'>ὑποκύπτουσι</span> <span class='ocrx_word' id='word_1_511' title='bbox 2688 3036 2817 3110; x_wconf 85' lang='grc' dir='ltr'>μηδ’</span> <span class='ocrx_word' id='word_1_512' title='bbox 2859 3040 2934 3102; x_wconf 84' lang='grc' dir='ltr'>ὡς</span> <span class='ocrx_word' id='word_1_513' title='bbox 2993 3038 3211 3113; x_wconf 89' lang='grc' dir='ltr'>βασιλεῖ</span> <span class='ocrx_word' id='word_1_514' title='bbox 3264 3040 3353 3112; x_wconf 85' lang='grc' dir='ltr'>[Ρ.</span> <span class='ocrx_word' id='word_1_515' title='bbox 3386 3040 3514 3112; x_wconf 80' lang='grc'>404]</span> <span class='ocrx_word' id='word_1_516' title='bbox 3581 3056 3753 3111; x_wconf 88' lang='grc' dir='ltr'>προσ-</span> 
     </span>
    </p>
   </div>
   <div class='ocr_carea' id='block_1_74' title="bbox 2097 3123 3751 3206">
    <p class='ocr_par' dir='ltr' id='par_1_74' title="bbox 2097 3123 3751 3206">
     <span class='ocr_line' id='line_1_74' title="bbox 2097 3123 3751 3206; baseline -0.002 -23"><span class='ocrx_word' id='word_1_517' title='bbox 2097 3126 2345 3206; x_wconf 79' lang='grc' dir='ltr'>έχουσιν,</span> <span class='ocrx_word' id='word_1_518' title='bbox 2375 3124 2504 3182; x_wconf 88' lang='grc' dir='ltr'>ἀλλ’</span> <span class='ocrx_word' id='word_1_519' title='bbox 2545 3127 2620 3188; x_wconf 83' lang='grc' dir='ltr'>ὡς</span> <span class='ocrx_word' id='word_1_520' title='bbox 2679 3127 2928 3200; x_wconf 79' lang='grc' dir='ltr'>αἱμάτων</span> <span class='ocrx_word' id='word_1_521' title='bbox 2961 3123 3131 3202; x_wconf 73' lang='grc' dir='ltr'>ἄνδρα</span> <span class='ocrx_word' id='word_1_522' title='bbox 3175 3123 3611 3203; x_wconf 83' lang='grc' dir='ltr'>έκτρεπομένοις,</span> <span class='ocrx_word' id='word_1_523' title='bbox 3655 3126 3751 3181; x_wconf 80' lang='grc' dir='ltr'>καὶ</span> 
     </span>
    </p>
   </div>
   <div class='ocr_carea' id='block_1_75' title="bbox 2100 3210 3742 3291">
    <p class='ocr_par' dir='ltr' id='par_1_75' title="bbox 2100 3210 3742 3291">
     <span class='ocr_line' id='line_1_75' title="bbox 2100 3210 3742 3291; baseline -0.001 -20"><span class='ocrx_word' id='word_1_524' title='bbox 2100 3217 2223 3271; x_wconf 83' lang='grc' dir='ltr'>τότε</span> <span class='ocrx_word' id='word_1_525' title='bbox 2263 3212 2322 3271; x_wconf 72' lang='grc' dir='ltr'>δὲ</span> <span class='ocrx_word' id='word_1_526' title='bbox 2341 3217 2477 3291; x_wconf 87' lang='grc' dir='ltr'>πρὸς</span> <span class='ocrx_word' id='word_1_527' title='bbox 2508 3215 2736 3271; x_wconf 91' lang='grc' dir='ltr'>πλείονα</span> <span class='ocrx_word' id='word_1_528' title='bbox 2774 3217 2947 3289; x_wconf 86' lang='grc' dir='ltr'>θυμὸν</span> <span class='ocrx_word' id='word_1_529' title='bbox 2987 3214 3265 3280; x_wconf 82' lang='grc' dir='ltr'>ἐκκαυθεὶς</span> <span class='ocrx_word' id='word_1_530' title='bbox 3324 3216 3428 3271; x_wconf 87' lang='grc' dir='ltr'>ὑπὸ</span> <span class='ocrx_word' id='word_1_531' title='bbox 3472 3210 3742 3291; x_wconf 83' lang='grc' dir='ltr'>βαρϐάρου</span> 
     </span>
    </p>
   </div>
   <div class='ocr_carea' id='block_1_76' title="bbox 2104 3304 3743 3387">
    <p class='ocr_par' dir='ltr' id='par_1_76' title="bbox 2104 3304 3743 3387">
     <span class='ocr_line' id='line_1_76' title="bbox 2104 3304 3743 3387; baseline -0.002 -25"><span class='ocrx_word' id='word_1_532' title='bbox 2104 3309 2457 3387; x_wconf 77' lang='grc' dir='ltr'>φρονήματος</span> <span class='ocrx_word' id='word_1_533' title='bbox 2511 3307 2592 3369; x_wconf 81' lang='grc' dir='ltr'>οἷς</span> <span class='ocrx_word' id='word_1_534' title='bbox 2644 3307 2737 3362; x_wconf 88' lang='grc' dir='ltr'>τὸν</span> <span class='ocrx_word' id='word_1_535' title='bbox 2798 3306 3091 3377; x_wconf 80' lang='grc' dir='ltr'>Ἀσπιέτην</span> <span class='ocrx_word' id='word_1_536' title='bbox 3141 3307 3387 3380; x_wconf 78' lang='grc' dir='ltr'>Ἀλέξιον</span> <span class='ocrx_word' id='word_1_537' title='bbox 3441 3304 3743 3385; x_wconf 82' lang='grc' dir='ltr'>εἶσφκίσαν-</span> 
     </span>
    </p>
   </div>
   <div class='ocr_carea' id='block_1_77' title="bbox 2098 3394 3750 3473">
    <p class='ocr_par' dir='ltr' id='par_1_77' title="bbox 2098 3394 3750 3473">
     <span class='ocr_line' id='line_1_77' title="bbox 2098 3394 3750 3473; baseline -0.003 -20"><span class='ocrx_word' id='word_1_538' title='bbox 2098 3418 2184 3467; x_wconf 87' lang='grc' dir='ltr'>το,</span> <span class='ocrx_word' id='word_1_539' title='bbox 2223 3396 2460 3470; x_wconf 81' lang='grc' dir='ltr'>κάκείνῳ</span> <span class='ocrx_word' id='word_1_540' title='bbox 2495 3397 2591 3470; x_wconf 75' lang='grc' dir='ltr'>μὶν</span> <span class='ocrx_word' id='word_1_541' title='bbox 2642 3397 2717 3460; x_wconf 88' lang='grc' dir='ltr'>ὡς</span> <span class='ocrx_word' id='word_1_542' title='bbox 2774 3398 3014 3473; x_wconf 80' lang='grc' dir='ltr'>ἆρχηγῷ</span> <span class='ocrx_word' id='word_1_543' title='bbox 3071 3397 3354 3452; x_wconf 76' lang='grc' dir='ltr'>ὑπέκειντο</span> <span class='ocrx_word' id='word_1_544' title='bbox 3386 3400 3554 3473; x_wconf 84' lang='grc' dir='ltr'>σφῶν,</span> <span class='ocrx_word' id='word_1_545' title='bbox 3585 3394 3750 3449; x_wconf 78' lang='grc' dir='ltr'>αὑτὸν</span> 
     </span>
    </p>
   </div>
   <div class='ocr_carea' id='block_1_78' title="bbox 2101 3484 3757 3565">
    <p class='ocr_par' dir='ltr' id='par_1_78' title="bbox 2101 3484 3757 3565">
     <span class='ocr_line' id='line_1_78' title="bbox 2101 3484 3757 3565; baseline -0.001 -24"><span class='ocrx_word' id='word_1_546' title='bbox 2101 3484 2147 3542; x_wconf 77' lang='grc' dir='ltr'>δ’</span> <span class='ocrx_word' id='word_1_547' title='bbox 2179 3485 2408 3542; x_wconf 82' lang='grc' dir='ltr'>ἐπιόντα</span> <span class='ocrx_word' id='word_1_548' title='bbox 2443 3489 2559 3561; x_wconf 90' lang='grc' dir='ltr'>μεθ’</span> <span class='ocrx_word' id='word_1_549' title='bbox 2610 3485 2798 3544; x_wconf 76' lang='grc' dir='ltr'>ὅπλων</span> <span class='ocrx_word' id='word_1_550' title='bbox 2859 3485 3128 3565; x_wconf 86' lang='grc' dir='ltr'>πολλαχῆ</span> <span class='ocrx_word' id='word_1_551' title='bbox 3187 3486 3613 3543; x_wconf 83' lang='grc' dir='ltr'>ἀπεκσούσαντο.</span> <span class='ocrx_word' id='word_1_552' title='bbox 3654 3487 3757 3542; x_wconf 78' lang='grc' dir='ltr'>Ἠν</span> 
     </span>
    </p>
   </div>
   <div class='ocr_carea' id='block_1_79' title="bbox 2101 3572 3754 3652">
    <p class='ocr_par' dir='ltr' id='par_1_79' title="bbox 2101 3572 3754 3652">
     <span class='ocr_line' id='line_1_79' title="bbox 2101 3572 3754 3652; baseline 0 -22"><span class='ocrx_word' id='word_1_553' title='bbox 2101 3572 2236 3631; x_wconf 75' lang='grc' dir='ltr'>δ’ἄν</span> <span class='ocrx_word' id='word_1_554' title='bbox 2270 3578 2304 3645; x_wconf 83' lang='grc' dir='ltr'>ἠ</span> <span class='ocrx_word' id='word_1_555' title='bbox 2372 3575 2543 3640; x_wconf 81' lang='grc' dir='ltr'>πόλις</span> <span class='ocrx_word' id='word_1_556' title='bbox 2589 3574 2690 3646; x_wconf 81' lang='grc' dir='ltr'>ἤδε</span> <span class='ocrx_word' id='word_1_557' title='bbox 2752 3581 2931 3631; x_wconf 81' lang='grc' dir='ltr'>κακῶν</span> <span class='ocrx_word' id='word_1_558' title='bbox 2989 3576 3205 3652; x_wconf 84' lang='grc' dir='ltr'>ἀθιγής,</span> <span class='ocrx_word' id='word_1_559' title='bbox 3264 3577 3310 3631; x_wconf 75' lang='grc' dir='ltr'>εἰ</span> <span class='ocrx_word' id='word_1_560' title='bbox 3385 3577 3505 3632; x_wconf 88' lang='grc' dir='ltr'>καθ’</span> <span class='ocrx_word' id='word_1_561' title='bbox 3554 3576 3754 3645; x_wconf 73' lang='grc' dir='ltr'>ἑαυτὴν</span> 
     </span>
    </p>
   </div>
   <div class='ocr_carea' id='block_1_80' title="bbox 2101 3663 3760 3745">
    <p class='ocr_par' dir='ltr' id='par_1_80' title="bbox 2101 3663 3760 3745">
     <span class='ocr_line' id='line_1_80' title="bbox 2101 3663 3760 3745; baseline 0 -25"><span class='ocrx_word' id='word_1_562' title='bbox 2101 3663 2405 3743; x_wconf 75' lang='grc' dir='ltr'>διεξήγετο,</span> <span class='ocrx_word' id='word_1_563' title='bbox 2444 3670 2606 3722; x_wconf 89' lang='grc' dir='ltr'>τοῦτο</span> <span class='ocrx_word' id='word_1_564' title='bbox 2643 3668 2739 3740; x_wconf 75' lang='grc' dir='ltr'>μὶν</span> <span class='ocrx_word' id='word_1_565' title='bbox 2769 3667 2867 3735; x_wconf 67' lang='grc' dir='ltr'>ἢπ’</span> <span class='ocrx_word' id='word_1_566' title='bbox 2898 3686 2976 3727; x_wconf 90' lang='grc' dir='ltr'>ως</span> <span class='ocrx_word' id='word_1_567' title='bbox 2999 3664 3421 3745; x_wconf 74' lang='grc' dir='ltr'>προσφερομένη</span> <span class='ocrx_word' id='word_1_568' title='bbox 3480 3664 3760 3734; x_wconf 88' lang='grc' dir='ltr'>Λατίνοις,</span> 
     </span>
    </p>
   </div>
   <div class='ocr_carea' id='block_1_81' title="bbox 2100 3752 3760 3828">
    <p class='ocr_par' dir='ltr' id='par_1_81' title="bbox 2100 3752 3760 3828">
     <span class='ocr_line' id='line_1_81' title="bbox 2100 3752 3760 3828; baseline 0 -20"><span class='ocrx_word' id='word_1_569' title='bbox 2100 3758 2265 3809; x_wconf 90' lang='grc' dir='ltr'>τοῦτο</span> <span class='ocrx_word' id='word_1_570' title='bbox 2298 3752 2356 3809; x_wconf 74' lang='grc' dir='ltr'>δὲ</span> <span class='ocrx_word' id='word_1_571' title='bbox 2382 3754 2474 3809; x_wconf 88' lang='grc' dir='ltr'>τὸν</span> <span class='ocrx_word' id='word_1_572' title='bbox 2511 3756 2699 3811; x_wconf 88' lang='grc' dir='ltr'>Μυσόν</span> <span class='ocrx_word' id='word_1_573' title='bbox 2727 3756 2987 3825; x_wconf 82' lang='grc' dir='ltr'>Ἰωάννην</span> <span class='ocrx_word' id='word_1_574' title='bbox 3042 3753 3146 3809; x_wconf 81' lang='grc' dir='ltr'>οὐκ</span> <span class='ocrx_word' id='word_1_575' title='bbox 3200 3752 3571 3828; x_wconf 81' lang='grc' dir='ltr'>ἐκτρεπομένη</span> <span class='ocrx_word' id='word_1_576' title='bbox 3611 3774 3760 3808; x_wconf 84' lang='grc' dir='ltr'>παν-</span> 
     </span>
    </p>
   </div>
   <div class='ocr_carea' id='block_1_82' title="bbox 2098 3840 3761 3919">
    <p class='ocr_par' dir='ltr' id='par_1_82' title="bbox 2098 3840 3761 3919">
     <span class='ocr_line' id='line_1_82' title="bbox 2098 3840 3761 3919; baseline 0 -21"><span class='ocrx_word' id='word_1_577' title='bbox 2098 3842 2319 3898; x_wconf 83' lang='grc' dir='ltr'>τάπασι.</span> <span class='ocrx_word' id='word_1_578' title='bbox 2354 3847 2466 3900; x_wconf 85' lang='grc' dir='ltr'>Νῦν</span> <span class='ocrx_word' id='word_1_579' title='bbox 2501 3841 2547 3898; x_wconf 85' lang='grc' dir='ltr'>δ’</span> <span class='ocrx_word' id='word_1_580' title='bbox 2578 3843 2822 3916; x_wconf 70' lang='grc' dir='ltr'>ἓπομένη</span> <span class='ocrx_word' id='word_1_581' title='bbox 2862 3847 2932 3917; x_wconf 77' lang='grc' dir='ltr'>τῇ</span> <span class='ocrx_word' id='word_1_582' title='bbox 2968 3844 3137 3919; x_wconf 76' lang='grc' dir='ltr'>μητρὶ</span> <span class='ocrx_word' id='word_1_583' title='bbox 3167 3848 3320 3915; x_wconf 83' lang='grc' dir='ltr'>παῖς,</span> <span class='ocrx_word' id='word_1_584' title='bbox 3352 3842 3405 3913; x_wconf 75' lang='grc' dir='ltr'>ἐξ</span> <span class='ocrx_word' id='word_1_585' title='bbox 3455 3840 3529 3897; x_wconf 86' lang='grc' dir='ltr'>ὦν</span> <span class='ocrx_word' id='word_1_586' title='bbox 3587 3843 3761 3917; x_wconf 80' lang='grc' dir='ltr'>ἀκρο-</span> 
     </span>
    </p>
   </div>
   <div class='ocr_carea' id='block_1_83' title="bbox 2102 3930 3760 4008">
    <p class='ocr_par' dir='ltr' id='par_1_83' title="bbox 2102 3930 3760 4008">
     <span class='ocr_line' id='line_1_83' title="bbox 2102 3930 3760 4008; baseline 0.001 -22"><span class='ocrx_word' id='word_1_587' title='bbox 2102 3933 2315 4007; x_wconf 70' lang='grc' dir='ltr'>σφαλής</span> <span class='ocrx_word' id='word_1_588' title='bbox 2367 3931 2542 4002; x_wconf 74' lang='grc' dir='ltr'>ἐκείνη</span> <span class='ocrx_word' id='word_1_589' title='bbox 2595 3932 2776 4008; x_wconf 88' lang='grc' dir='ltr'>γέγονε</span> <span class='ocrx_word' id='word_1_590' title='bbox 2841 3930 2931 3986; x_wconf 84' lang='grc' dir='ltr'>καὶ</span> <span class='ocrx_word' id='word_1_591' title='bbox 3001 3930 3277 3993; x_wconf 83' lang='grc' dir='ltr'>εὐάλωτος</span> <span class='ocrx_word' id='word_1_592' title='bbox 3349 3930 3569 4008; x_wconf 84' lang='grc' dir='ltr'>βασιλὶς</span> <span class='ocrx_word' id='word_1_593' title='bbox 3620 3930 3760 3987; x_wconf 72' lang='grc' dir='ltr'>οὖσα</span> 
     </span>
    </p>
   </div>
   <div class='ocr_carea' id='block_1_84' title="bbox 2099 4018 3760 4097">
    <p class='ocr_par' dir='ltr' id='par_1_84' title="bbox 2099 4018 3760 4097">
     <span class='ocr_line' id='line_1_84' title="bbox 2099 4018 3760 4097; baseline 0.001 -23"><span class='ocrx_word' id='word_1_594' title='bbox 2099 4021 2190 4075; x_wconf 81' lang='grc' dir='ltr'>καὶ</span> <span class='ocrx_word' id='word_1_595' title='bbox 2221 4025 2406 4076; x_wconf 82' lang='grc' dir='ltr'>πασῶν</span> <span class='ocrx_word' id='word_1_596' title='bbox 2442 4021 2802 4097; x_wconf 66' lang='grc' dir='ltr'>ὑπερκειμένη</span> <span class='ocrx_word' id='word_1_597' title='bbox 2862 4020 3099 4093; x_wconf 87' lang='grc' dir='ltr'>πόλεων,</span> <span class='ocrx_word' id='word_1_598' title='bbox 3164 4019 3226 4075; x_wconf 83' lang='grc' dir='ltr'>έκ</span> <span class='ocrx_word' id='word_1_599' title='bbox 3280 4020 3493 4076; x_wconf 91' lang='grc' dir='ltr'>τούτων</span> <span class='ocrx_word' id='word_1_600' title='bbox 3553 4018 3623 4092; x_wconf 76' lang='grc' dir='ltr'>δή</span> <span class='ocrx_word' id='word_1_601' title='bbox 3663 4022 3760 4077; x_wconf 84' lang='grc' dir='ltr'>καὶ</span> 
     </span>
    </p>
   </div>
   <div class='ocr_carea' id='block_1_85' title="bbox 2103 4109 3759 4186">
    <p class='ocr_par' dir='ltr' id='par_1_85' title="bbox 2103 4109 3759 4186">
     <span class='ocr_line' id='line_1_85' title="bbox 2103 4109 3759 4186; baseline 0.001 -21"><span class='ocrx_word' id='word_1_602' title='bbox 2103 4110 2239 4180; x_wconf 75' lang='grc' dir='ltr'>αὕτη</span> <span class='ocrx_word' id='word_1_603' title='bbox 2281 4109 2495 4186; x_wconf 84' lang='grc' dir='ltr'>χείροσι</span> <span class='ocrx_word' id='word_1_604' title='bbox 2527 4116 2717 4173; x_wconf 85' lang='grc' dir='ltr'>κακοῖς</span> <span class='ocrx_word' id='word_1_605' title='bbox 2766 4109 3188 4183; x_wconf 90' lang='grc' dir='ltr'>προσωμίλησε,</span> <span class='ocrx_word' id='word_1_606' title='bbox 3239 4111 3359 4175; x_wconf 80' lang='grc' dir='ltr'>καθ’</span> <span class='ocrx_word' id='word_1_607' title='bbox 3386 4110 3511 4165; x_wconf 80' lang='grc' dir='ltr'>ὅσον</span> <span class='ocrx_word' id='word_1_608' title='bbox 3553 4131 3759 4186; x_wconf 79' lang='grc' dir='ltr'>προνο·</span> 
     </span>
    </p>
   </div>
   <div class='ocr_carea' id='block_1_86' title="bbox 2107 4197 3766 4276">
    <p class='ocr_par' dir='ltr' id='par_1_86' title="bbox 2107 4197 3766 4276">
     <span class='ocr_line' id='line_1_86' title="bbox 2107 4197 3766 4276; baseline 0.001 -22"><span class='ocrx_word' id='word_1_609' title='bbox 2107 4200 2238 4273; x_wconf 83' lang='grc' dir='ltr'>μαῖς</span> <span class='ocrx_word' id='word_1_610' title='bbox 2279 4197 2564 4255; x_wconf 71' lang='grc' dir='ltr'>ἐκδοθεῖσα</span> <span class='ocrx_word' id='word_1_611' title='bbox 2592 4201 2684 4255; x_wconf 87' lang='grc' dir='ltr'>καὶ</span> <span class='ocrx_word' id='word_1_612' title='bbox 2719 4200 2996 4274; x_wconf 85' lang='grc' dir='ltr'>μαχαίρας</span> <span class='ocrx_word' id='word_1_613' title='bbox 3038 4199 3269 4270; x_wconf 89' lang='grc' dir='ltr'>στόματι</span> <span class='ocrx_word' id='word_1_614' title='bbox 3300 4197 3380 4255; x_wconf 78' lang='grc' dir='ltr'>ἔτι</span> <span class='ocrx_word' id='word_1_615' title='bbox 3436 4198 3530 4256; x_wconf 80' lang='grc' dir='ltr'>καὶ</span> <span class='ocrx_word' id='word_1_616' title='bbox 3585 4221 3766 4276; x_wconf 90' lang='grc' dir='ltr'>προσ-</span> 
     </span>
    </p>
   </div>
   <div class='ocr_carea' id='block_1_87' title="bbox 2103 4286 3765 4367">
    <p class='ocr_par' dir='ltr' id='par_1_87' title="bbox 2103 4286 3765 4367">
     <span class='ocr_line' id='line_1_87' title="bbox 2103 4286 3765 4367; baseline 0.001 -23"><span class='ocrx_word' id='word_1_617' title='bbox 2103 4287 2410 4364; x_wconf 71' lang='grc' dir='ltr'>καθῂρηται</span> <span class='ocrx_word' id='word_1_618' title='bbox 2442 4289 2535 4343; x_wconf 87' lang='grc' dir='ltr'>καὶ</span> <span class='ocrx_word' id='word_1_619' title='bbox 2590 4290 2665 4352; x_wconf 86' lang='grc' dir='ltr'>είς</span> <span class='ocrx_word' id='word_1_620' title='bbox 2694 4289 2987 4367; x_wconf 74' lang='grc' dir='ltr'>περιφανὲς</span> <span class='ocrx_word' id='word_1_621' title='bbox 3041 4288 3282 4364; x_wconf 82' lang='grc' dir='ltr'>ἐρείπιον</span> <span class='ocrx_word' id='word_1_622' title='bbox 3335 4286 3765 4367; x_wconf 87' lang='grc' dir='ltr'>κατηδάφισται,</span> 
     </span>
    </p>
   </div>
   <div class='ocr_carea' id='block_1_88' title="bbox 2103 4373 3765 4456">
    <p class='ocr_par' dir='ltr' id='par_1_88' title="bbox 2103 4373 3765 4456">
     <span class='ocr_line' id='line_1_88' title="bbox 2103 4373 3765 4456; baseline 0.002 -24"><span class='ocrx_word' id='word_1_623' title='bbox 2103 4380 2222 4441; x_wconf 85' lang='grc' dir='ltr'>καθ’</span> <span class='ocrx_word' id='word_1_624' title='bbox 2250 4377 2306 4433; x_wconf 75' lang='grc' dir='ltr'>ἓν</span> <span class='ocrx_word' id='word_1_625' title='bbox 2336 4373 2497 4451; x_wconf 84' lang='grc' dir='ltr'>μόνον</span> <span class='ocrx_word' id='word_1_626' title='bbox 2531 4378 2658 4440; x_wconf 80' lang='grc' dir='ltr'>τοὺς</span> <span class='ocrx_word' id='word_1_627' title='bbox 2692 4377 3015 4453; x_wconf 73' lang='grc' dir='ltr'>ὀφθαλμοὺς</span> <span class='ocrx_word' id='word_1_628' title='bbox 3039 4376 3261 4456; x_wconf 80' lang='grc' dir='ltr'>διαχέον</span> <span class='ocrx_word' id='word_1_629' title='bbox 3292 4383 3400 4433; x_wconf 88' lang='grc' dir='ltr'>τῶν</span> <span class='ocrx_word' id='word_1_630' title='bbox 3444 4378 3765 4453; x_wconf 76' lang='grc' dir='ltr'>θεωμένων,</span> 
     </span>
    </p>
   </div>
   <div class='ocr_carea' id='block_1_89' title="bbox 2104 4466 3766 4543">
    <p class='ocr_par' dir='ltr' id='par_1_89' title="bbox 2104 4466 3766 4543">
     <span class='ocr_line' id='line_1_89' title="bbox 2104 4466 3766 4543; baseline 0 -19"><span class='ocrx_word' id='word_1_631' title='bbox 2104 4470 2167 4525; x_wconf 87' lang='grc' dir='ltr'>τὸ</span> <span class='ocrx_word' id='word_1_632' title='bbox 2190 4467 2250 4523; x_wconf 82' lang='grc' dir='ltr'>ἐκ</span> <span class='ocrx_word' id='word_1_633' title='bbox 2286 4467 2468 4524; x_wconf 82' lang='grc' dir='ltr'>ποδῶν</span> <span class='ocrx_word' id='word_1_634' title='bbox 2502 4469 2838 4543; x_wconf 83' lang='grc' dir='ltr'>ἀνηρτῆσθαι</span> <span class='ocrx_word' id='word_1_635' title='bbox 2879 4468 2971 4523; x_wconf 88' lang='grc' dir='ltr'>τόν</span> <span class='ocrx_word' id='word_1_636' title='bbox 3007 4466 3296 4538; x_wconf 75' lang='grc' dir='ltr'>Ἀσπιέτην</span> <span class='ocrx_word' id='word_1_637' title='bbox 3345 4467 3429 4524; x_wconf 80' lang='grc' dir='ltr'>ἐπ’</span> <span class='ocrx_word' id='word_1_638' title='bbox 3487 4469 3766 4534; x_wconf 84' lang='grc' dir='ltr'>ἰθυτενοῦς</span> 
     </span>
    </p>
   </div>
   <div class='ocr_carea' id='block_1_90' title="bbox 2107 4554 3764 4635">
    <p class='ocr_par' dir='ltr' id='par_1_90' title="bbox 2107 4554 3764 4635">
     <span class='ocr_line' id='line_1_90' title="bbox 2107 4554 3764 4635; baseline 0.001 -22"><span class='ocrx_word' id='word_1_639' title='bbox 2107 4558 2410 4629; x_wconf 87' lang='grc' dir='ltr'>σκόλοπος,</span> <span class='ocrx_word' id='word_1_640' title='bbox 2470 4556 2928 4631; x_wconf 84' lang='grc' dir='ltr'>διάτετορημένον</span> <span class='ocrx_word' id='word_1_641' title='bbox 2971 4557 3100 4621; x_wconf 80' lang='grc' dir='ltr'>τοὺς</span> <span class='ocrx_word' id='word_1_642' title='bbox 3154 4554 3511 4635; x_wconf 80' lang='grc' dir='ltr'>έπισφυρίους</span> <span class='ocrx_word' id='word_1_643' title='bbox 3581 4560 3764 4614; x_wconf 84' lang='grc' dir='ltr'>τένον-</span> 
     </span>
    </p>
   </div>
   <div class='ocr_carea' id='block_1_91' title="bbox 343 4635 1987 4719">
    <p class='ocr_par' dir='ltr' id='par_1_91' title="bbox 343 4639 1987 4703">
     <span class='ocr_line' id='line_1_91' title="bbox 343 4639 1987 4703; baseline -0.001 0"><span class='ocrx_word' id='word_1_644' title='bbox 343 4647 553 4703; x_wconf 90' lang='lat' dir='ltr'><strong>dorum</strong></span> <span class='ocrx_word' id='word_1_645' title='bbox 578 4642 874 4699; x_wconf 87' lang='lat' dir='ltr'><strong>Luscarim</strong></span> <span class='ocrx_word' id='word_1_646' title='bbox 905 4639 1295 4696; x_wconf 88' lang='lat' dir='ltr'><strong>Orientalibus</strong></span> <span class='ocrx_word' id='word_1_647' title='bbox 1323 4641 1569 4698; x_wconf 88' lang='lat' dir='ltr'><strong>urbibus</strong></span> <span class='ocrx_word' id='word_1_648' title='bbox 1593 4643 1987 4701; x_wconf 88' lang='lat' dir='ltr'><strong>dominantem</strong></span> 
     </span>
    </p>
   </div>
   <div class='ocr_carea' id='block_1_92' title="bbox 2098 4635 3763 4719">
    <p class='ocr_par' dir='ltr' id='par_1_92' title="bbox 2102 4643 3763 4719">
     <span class='ocr_line' id='line_1_92' title="bbox 2102 4643 3763 4719; baseline 0.001 -17"><span class='ocrx_word' id='word_1_649' title='bbox 2102 4668 2198 4710; x_wconf 88' lang='grc' dir='ltr'>τας</span> <span class='ocrx_word' id='word_1_650' title='bbox 2263 4648 2354 4701; x_wconf 87' lang='grc' dir='ltr'>καὶ</span> <span class='ocrx_word' id='word_1_651' title='bbox 2425 4646 2611 4708; x_wconf 88' lang='grc' dir='ltr'>κάλως</span> <span class='ocrx_word' id='word_1_652' title='bbox 2661 4646 2748 4701; x_wconf 75' lang='grc' dir='ltr'>ἐπὶ</span> <span class='ocrx_word' id='word_1_653' title='bbox 2804 4647 3014 4703; x_wconf 88' lang='grc' dir='ltr'>τούτων</span> <span class='ocrx_word' id='word_1_654' title='bbox 3071 4643 3383 4719; x_wconf 77' lang='grc' dir='ltr'>δεξάμενον·</span> <span class='ocrx_word' id='word_1_655' title='bbox 3454 4650 3540 4706; x_wconf 71' lang='lat' dir='ltr'><strong>Ti</strong></span> <span class='ocrx_word' id='word_1_656' title='bbox 3582 4646 3630 4703; x_wconf 80' lang='grc' dir='ltr'>δ’</span> <span class='ocrx_word' id='word_1_657' title='bbox 3673 4648 3763 4703; x_wconf 80' lang='grc' dir='ltr'>ἐπὶ</span> 
     </span>
    </p>
   </div>
   <div class='ocr_carea' id='block_1_93' title="bbox 340 4728 1996 4801">
    <p class='ocr_par' dir='ltr' id='par_1_93' title="bbox 340 4728 1996 4801">
     <span class='ocr_line' id='line_1_93' title="bbox 340 4728 1996 4801; baseline -0.003 -8"><span class='ocrx_word' id='word_1_658' title='bbox 340 4752 403 4793; x_wconf 88' lang='lat' dir='ltr'>se</span> <span class='ocrx_word' id='word_1_659' title='bbox 435 4734 768 4801; x_wconf 79' lang='lat' dir='ltr'><strong>conterunt,</strong></span> <span class='ocrx_word' id='word_1_660' title='bbox 803 4730 901 4786; x_wconf 90' lang='lat' dir='ltr'><strong>alii</strong></span> <span class='ocrx_word' id='word_1_661' title='bbox 933 4728 1295 4785; x_wconf 86' lang='lat' dir='ltr'><strong>Orestiadem</strong></span> <span class='ocrx_word' id='word_1_662' title='bbox 1331 4735 1691 4787; x_wconf 90' lang='lat' dir='ltr'><strong>concurrunt</strong></span> <span class='ocrx_word' id='word_1_663' title='bbox 1720 4758 1737 4801; x_wconf 79' lang='lat'>,</span> <span class='ocrx_word' id='word_1_664' title='bbox 1770 4732 1868 4788; x_wconf 90' lang='lat' dir='ltr'><strong>alii</strong></span> <span class='ocrx_word' id='word_1_665' title='bbox 1900 4733 1996 4788; x_wconf 87' lang='lat' dir='ltr'><strong>Di-</strong></span> 
     </span>
    </p>
   </div>
   <div class='ocr_carea' id='block_1_94' title="bbox 337 4818 1993 4899">
    <p class='ocr_par' dir='ltr' id='par_1_94' title="bbox 337 4818 1993 4899">
     <span class='ocr_line' id='line_1_94' title="bbox 337 4818 1993 4899; baseline -0.004 -17"><span class='ocrx_word' id='word_1_666' title='bbox 337 4824 750 4899; x_wconf 80' lang='lat' dir='ltr'><strong>dymotichum</strong></span> <span class='ocrx_word' id='word_1_667' title='bbox 779 4818 1031 4891; x_wconf 88' lang='lat' dir='ltr'><strong>ingressi</strong></span> <span class='ocrx_word' id='word_1_668' title='bbox 1063 4834 1195 4874; x_wconf 90' lang='lat' dir='ltr'>cum</span> <span class='ocrx_word' id='word_1_669' title='bbox 1229 4818 1448 4875; x_wconf 83' lang='lat' dir='ltr'><strong>Eatinis</strong></span> <span class='ocrx_word' id='word_1_670' title='bbox 1501 4837 1697 4890; x_wconf 87' lang='lat' dir='ltr'><strong>pacem</strong></span> <span class='ocrx_word' id='word_1_671' title='bbox 1752 4822 1993 4888; x_wconf 85' lang='lat' dir='ltr'><strong>faciunt,</strong></span> 
     </span>
    </p>
   </div>
   <div class='ocr_carea' id='block_1_95' title="bbox 342 4908 1995 4986">
    <p class='ocr_par' dir='ltr' id='par_1_95' title="bbox 342 4908 1995 4986">
     <span class='ocr_line' id='line_1_95' title="bbox 342 4908 1995 4986; baseline -0.003 -15"><span class='ocrx_word' id='word_1_672' title='bbox 342 4920 402 4972; x_wconf 90' lang='lat' dir='ltr'>et</span> <span class='ocrx_word' id='word_1_673' title='bbox 445 4929 548 4986; x_wconf 87' lang='lat' dir='ltr'>per</span> <span class='ocrx_word' id='word_1_674' title='bbox 605 4912 829 4983; x_wconf 89' lang='lat' dir='ltr'><strong>legatos</strong></span> <span class='ocrx_word' id='word_1_675' title='bbox 884 4908 1255 4965; x_wconf 85' lang='lat' dir='ltr'><strong>Theodorum</strong></span> <span class='ocrx_word' id='word_1_676' title='bbox 1314 4909 1565 4965; x_wconf 87' lang='lat' dir='ltr'><strong>Branam</strong></span> <span class='ocrx_word' id='word_1_677' title='bbox 1626 4911 1831 4965; x_wconf 88' lang='lat' dir='ltr'><strong>ducem</strong></span> <span class='ocrx_word' id='word_1_678' title='bbox 1884 4911 1995 4967; x_wconf 87' lang='lat' dir='ltr'><strong>sibi</strong></span> 
     </span>
    </p>
   </div>
   <div class='ocr_carea' id='block_1_96' title="bbox 340 4997 1993 5072">
    <p class='ocr_par' dir='ltr' id='par_1_96' title="bbox 340 4997 1993 5072">
     <span class='ocr_line' id='line_1_96' title="bbox 340 4997 1993 5072; baseline -0.001 -14"><span class='ocrx_word' id='word_1_679' title='bbox 340 5002 496 5059; x_wconf 86' lang='lat' dir='ltr'><strong>mitti</strong></span> <span class='ocrx_word' id='word_1_680' title='bbox 546 5006 771 5072; x_wconf 90' lang='lat' dir='ltr'><strong>petunt.</strong></span> <span class='ocrx_word' id='word_1_681' title='bbox 829 5002 944 5053; x_wconf 89' lang='lat' dir='ltr'><strong>Nec</strong></span> <span class='ocrx_word' id='word_1_682' title='bbox 1007 4997 1253 5054; x_wconf 88' lang='lat' dir='ltr'><strong>multum</strong></span> <span class='ocrx_word' id='word_1_683' title='bbox 1309 4998 1584 5069; x_wconf 86' lang='lat' dir='ltr'><strong>temporis</strong></span> <span class='ocrx_word' id='word_1_684' title='bbox 1639 4998 1993 5071; x_wconf 89' lang='lat' dir='ltr'><strong>intercessit,</strong></span> 
     </span>
    </p>
   </div>
   <div class='ocr_carea' id='block_1_97' title="bbox 339 5086 1991 5156">
    <p class='ocr_par' dir='ltr' id='par_1_97' title="bbox 339 5086 1991 5156">
     <span class='ocr_line' id='line_1_97' title="bbox 339 5086 1991 5156; baseline -0.001 -9"><span class='ocrx_word' id='word_1_685' title='bbox 339 5107 474 5147; x_wconf 88' lang='lat' dir='ltr'>cum</span> <span class='ocrx_word' id='word_1_686' title='bbox 496 5090 752 5145; x_wconf 85' lang='lat' dir='ltr'><strong>Joannes</strong></span> <span class='ocrx_word' id='word_1_687' title='bbox 770 5088 963 5156; x_wconf 77' lang='lat' dir='ltr'><strong>Mysiae</strong></span> <span class='ocrx_word' id='word_1_688' title='bbox 997 5087 1173 5143; x_wconf 85' lang='lat' dir='ltr'><strong>rebus</strong></span> <span class='ocrx_word' id='word_1_689' title='bbox 1213 5086 1577 5154; x_wconf 86' lang='lat' dir='ltr'><strong>constitutis,</strong></span> <span class='ocrx_word' id='word_1_690' title='bbox 1621 5092 1677 5143; x_wconf 89' lang='lat' dir='ltr'>et</span> <span class='ocrx_word' id='word_1_691' title='bbox 1732 5089 1991 5146; x_wconf 89' lang='lat' dir='ltr'><strong>deserto-</strong></span> 
     </span>
    </p>
   </div>
   <div class='ocr_carea' id='block_1_98' title="bbox 338 5174 1995 5251">
    <p class='ocr_par' dir='ltr' id='par_1_98' title="bbox 338 5174 1995 5251">
     <span class='ocr_line' id='line_1_98' title="bbox 338 5174 1995 5251; baseline 0.001 -16"><span class='ocrx_word' id='word_1_692' title='bbox 338 5179 504 5235; x_wconf 88' lang='lat' dir='ltr'><strong>ribus</strong></span> <span class='ocrx_word' id='word_1_693' title='bbox 541 5176 818 5244; x_wconf 82' lang='lat' dir='ltr'><strong>gravibus</strong></span> <span class='ocrx_word' id='word_1_694' title='bbox 850 5174 1156 5246; x_wconf 88' lang='lat' dir='ltr'><strong>suppliciis</strong></span> <span class='ocrx_word' id='word_1_695' title='bbox 1205 5180 1262 5231; x_wconf 89' lang='lat' dir='ltr'>et</span> <span class='ocrx_word' id='word_1_696' title='bbox 1315 5192 1462 5232; x_wconf 86' lang='lat' dir='ltr'><strong>novo</strong></span> <span class='ocrx_word' id='word_1_697' title='bbox 1523 5177 1728 5234; x_wconf 89' lang='lat' dir='ltr'><strong>mortis</strong></span> <span class='ocrx_word' id='word_1_698' title='bbox 1785 5194 1995 5251; x_wconf 87' lang='lat' dir='ltr'><strong>genere</strong></span> 
     </span>
    </p>
   </div>
   <div class='ocr_carea' id='block_1_99' title="bbox 341 5264 1993 5336">
    <p class='ocr_par' dir='ltr' id='par_1_99' title="bbox 341 5264 1993 5336">
     <span class='ocr_line' id='line_1_99' title="bbox 341 5264 1993 5336; baseline 0 -12"><span class='ocrx_word' id='word_1_699' title='bbox 341 5266 587 5330; x_wconf 74' lang='lat' dir='ltr'><strong>affectis,</strong></span> <span class='ocrx_word' id='word_1_700' title='bbox 621 5264 771 5319; x_wconf 84' lang='lat' dir='ltr'><strong>irato</strong></span> <span class='ocrx_word' id='word_1_701' title='bbox 802 5269 859 5319; x_wconf 91' lang='lat' dir='ltr'>et</span> <span class='ocrx_word' id='word_1_702' title='bbox 913 5265 1124 5321; x_wconf 68' lang='lat' dir='ltr'><strong>caedem</strong></span> <span class='ocrx_word' id='word_1_703' title='bbox 1186 5264 1445 5336; x_wconf 84' lang='lat' dir='ltr'><strong>spirante</strong></span> <span class='ocrx_word' id='word_1_704' title='bbox 1497 5265 1662 5323; x_wconf 90' lang='lat' dir='ltr'><strong>vultu</strong></span> <span class='ocrx_word' id='word_1_705' title='bbox 1712 5267 1993 5325; x_wconf 81' lang='lat' dir='ltr'><strong>Romanis</strong></span> 
     </span>
    </p>
   </div>
   <div class='ocr_carea' id='block_1_100' title="bbox 345 5354 1992 5427">
    <p class='ocr_par' dir='ltr' id='par_1_100' title="bbox 345 5354 1992 5427">
     <span class='ocr_line' id='line_1_100' title="bbox 345 5354 1992 5427; baseline 0.001 -14"><span class='ocrx_word' id='word_1_706' title='bbox 345 5355 563 5413; x_wconf 88' lang='lat' dir='ltr'><strong>bellum</strong></span> <span class='ocrx_word' id='word_1_707' title='bbox 594 5355 808 5410; x_wconf 76' lang='lat' dir='ltr'><strong>inferre</strong></span> <span class='ocrx_word' id='word_1_708' title='bbox 830 5354 1051 5423; x_wconf 84' lang='lat' dir='ltr'><strong>statuit,</strong></span> <span class='ocrx_word' id='word_1_709' title='bbox 1086 5369 1335 5426; x_wconf 91' lang='lat' dir='ltr'><strong>quorum</strong></span> <span class='ocrx_word' id='word_1_710' title='bbox 1362 5356 1474 5412; x_wconf 88' lang='lat' dir='ltr'><strong>sibi</strong></span> <span class='ocrx_word' id='word_1_711' title='bbox 1520 5356 1705 5427; x_wconf 90' lang='lat' dir='ltr'><strong>dolos,</strong></span> <span class='ocrx_word' id='word_1_712' title='bbox 1741 5359 1992 5424; x_wconf 84' lang='lat' dir='ltr'><strong>fraudes,</strong></span> 
     </span>
    </p>
   </div>
   <div class='ocr_carea' id='block_1_101' title="bbox 347 5443 1994 5519">
    <p class='ocr_par' dir='ltr' id='par_1_101' title="bbox 347 5443 1994 5519">
     <span class='ocr_line' id='line_1_101' title="bbox 347 5443 1994 5519; baseline 0.001 -17"><span class='ocrx_word' id='word_1_713' title='bbox 347 5444 679 5519; x_wconf 83' lang='lat' dir='ltr'><strong>perﬁdiam,</strong></span> <span class='ocrx_word' id='word_1_714' title='bbox 732 5458 1028 5499; x_wconf 87' lang='lat' dir='ltr'><strong>summam</strong></span> <span class='ocrx_word' id='word_1_715' title='bbox 1082 5443 1374 5500; x_wconf 89' lang='lat' dir='ltr'><strong>levitatem</strong></span> <span class='ocrx_word' id='word_1_716' title='bbox 1443 5447 1666 5503; x_wconf 89' lang='lat' dir='ltr'><strong>diutius</strong></span> <span class='ocrx_word' id='word_1_717' title='bbox 1725 5448 1994 5504; x_wconf 81' lang='lat' dir='ltr'><strong>ferendas</strong></span> 
     </span>
    </p>
   </div>
   <div class='ocr_carea' id='block_1_102' title="bbox 348 5530 1994 5609">
    <p class='ocr_par' dir='ltr' id='par_1_102' title="bbox 348 5530 1994 5609">
     <span class='ocr_line' id='line_1_102' title="bbox 348 5530 1994 5609; baseline 0 -17"><span class='ocrx_word' id='word_1_718' title='bbox 348 5549 475 5592; x_wconf 85' lang='lat' dir='ltr'><strong>esse</strong></span> <span class='ocrx_word' id='word_1_719' title='bbox 504 5532 773 5602; x_wconf 86' lang='lat' dir='ltr'><strong>negabat.</strong></span> <span class='ocrx_word' id='word_1_720' title='bbox 807 5530 991 5601; x_wconf 85' lang='lat' dir='ltr'><strong>Igitur</strong></span> <span class='ocrx_word' id='word_1_721' title='bbox 1029 5531 1113 5586; x_wconf 88' lang='lat' dir='ltr'>ira</span> <span class='ocrx_word' id='word_1_722' title='bbox 1169 5534 1422 5602; x_wconf 86' lang='lat' dir='ltr'><strong>percitus</strong></span> <span class='ocrx_word' id='word_1_723' title='bbox 1480 5534 1819 5594; x_wconf 88' lang='lat' dir='ltr'><strong>innumeras</strong></span> <span class='ocrx_word' id='word_1_724' title='bbox 1859 5542 1994 5609; x_wconf 76' lang='lat' dir='ltr'>Scy-</span> 
     </span>
    </p>
   </div>
   <div class='ocr_carea' id='block_1_103' title="bbox 345 5619 1989 5699">
    <p class='ocr_par' dir='ltr' id='par_1_103' title="bbox 345 5619 1989 5699">
     <span class='ocr_line' id='line_1_103' title="bbox 345 5619 1989 5699; baseline 0.002 -19"><span class='ocrx_word' id='word_1_725' title='bbox 345 5623 538 5680; x_wconf 86' lang='lat' dir='ltr'><strong>thicas</strong></span> <span class='ocrx_word' id='word_1_726' title='bbox 568 5624 794 5677; x_wconf 87' lang='lat' dir='ltr'><strong>turmas</strong></span> <span class='ocrx_word' id='word_1_727' title='bbox 826 5619 1081 5691; x_wconf 87' lang='lat' dir='ltr'><strong>ablegat,</strong></span> <span class='ocrx_word' id='word_1_728' title='bbox 1113 5637 1362 5691; x_wconf 86' lang='lat' dir='ltr'><strong>quarum</strong></span> <span class='ocrx_word' id='word_1_729' title='bbox 1392 5623 1515 5680; x_wconf 81' lang='lat' dir='ltr'><strong>aliae</strong></span> <span class='ocrx_word' id='word_1_730' title='bbox 1551 5626 1989 5699; x_wconf 87' lang='lat' dir='ltr'><strong>Adrianopolim</strong></span> 
     </span>
    </p>
   </div>
   <div class='ocr_carea' id='block_1_104' title="bbox 346 5708 1993 5787">
    <p class='ocr_par' dir='ltr' id='par_1_104' title="bbox 346 5708 1993 5787">
     <span class='ocr_line' id='line_1_104' title="bbox 346 5708 1993 5787; baseline 0.001 -18"><span class='ocrx_word' id='word_1_731' title='bbox 346 5708 726 5778; x_wconf 85' lang='lat' dir='ltr'><strong>obsederunt,</strong></span> <span class='ocrx_word' id='word_1_732' title='bbox 756 5709 881 5766; x_wconf 62' lang='lat' dir='ltr'><strong>alia</strong></span> <span class='ocrx_word' id='word_1_733' title='bbox 913 5708 1158 5766; x_wconf 82' lang='lat' dir='ltr'><strong>Rusium</strong></span> <span class='ocrx_word' id='word_1_734' title='bbox 1190 5726 1472 5782; x_wconf 66' lang='lat' dir='ltr'><strong>aggressa</strong></span> <span class='ocrx_word' id='word_1_735' title='bbox 1532 5714 1794 5771; x_wconf 88' lang='lat' dir='ltr'><strong>Latinum</strong></span> <span class='ocrx_word' id='word_1_736' title='bbox 1855 5732 1993 5787; x_wconf 68' lang='lat' dir='ltr'><strong>pra-</strong></span> 
     </span>
    </p>
   </div>
   <div class='ocr_carea' id='block_1_105' title="bbox 2103 4734 3762 4811">
    <p class='ocr_par' dir='ltr' id='par_1_105' title="bbox 2103 4734 3762 4811">
     <span class='ocr_line' id='line_1_105' title="bbox 2103 4734 3762 4811; baseline -0.001 -18"><span class='ocrx_word' id='word_1_737' title='bbox 2103 4738 2321 4801; x_wconf 86' lang='grc' dir='ltr'>τούτοις</span> <span class='ocrx_word' id='word_1_738' title='bbox 2369 4736 2470 4791; x_wconf 82' lang='grc' dir='ltr'>οὐκ</span> <span class='ocrx_word' id='word_1_739' title='bbox 2534 4734 2730 4801; x_wconf 81' lang='grc' dir='ltr'>ἔλαθον</span> <span class='ocrx_word' id='word_1_740' title='bbox 2795 4738 2890 4791; x_wconf 89' lang='grc' dir='ltr'>τὸν</span> <span class='ocrx_word' id='word_1_741' title='bbox 2952 4737 3206 4806; x_wconf 87' lang='grc' dir='ltr'>Ἰωάννην</span> <span class='ocrx_word' id='word_1_742' title='bbox 3264 4737 3319 4791; x_wconf 70' lang='grc' dir='ltr'>οἳ</span> <span class='ocrx_word' id='word_1_743' title='bbox 3373 4742 3457 4810; x_wconf 77' lang='grc' dir='ltr'>τῷ</span> <span class='ocrx_word' id='word_1_744' title='bbox 3505 4737 3762 4811; x_wconf 76' lang='grc' dir='ltr'>’Δσπιέτῃ</span> 
     </span>
    </p>
   </div>
   <div class='ocr_carea' id='block_1_106' title="bbox 2106 4824 3758 4905">
    <p class='ocr_par' dir='ltr' id='par_1_106' title="bbox 2106 4824 3758 4905">
     <span class='ocr_line' id='line_1_106' title="bbox 2106 4824 3758 4905; baseline -0.001 -23"><span class='ocrx_word' id='word_1_745' title='bbox 2106 4827 2406 4905; x_wconf 81' lang='grc' dir='ltr'>σύμφρονες</span> <span class='ocrx_word' id='word_1_746' title='bbox 2445 4828 2536 4882; x_wconf 85' lang='grc' dir='ltr'>καὶ</span> <span class='ocrx_word' id='word_1_747' title='bbox 2588 4828 2727 4901; x_wconf 86' lang='grc' dir='ltr'>πρὸς</span> <span class='ocrx_word' id='word_1_748' title='bbox 2782 4828 2919 4902; x_wconf 80' lang='grc' dir='ltr'>ὓψος</span> <span class='ocrx_word' id='word_1_749' title='bbox 2991 4826 3268 4891; x_wconf 83' lang='grc' dir='ltr'>βασιλείας</span> <span class='ocrx_word' id='word_1_750' title='bbox 3318 4824 3524 4883; x_wconf 77' lang='grc' dir='ltr'>ἐκεῖνον</span> <span class='ocrx_word' id='word_1_751' title='bbox 3567 4826 3758 4903; x_wconf 82' lang='grc' dir='ltr'>κουφί-</span> 
     </span>
    </p>
   </div>
   <div class='ocr_carea' id='block_1_107' title="bbox 2106 4914 3754 4993">
    <p class='ocr_par' dir='ltr' id='par_1_107' title="bbox 2106 4914 3754 4993">
     <span class='ocr_line' id='line_1_107' title="bbox 2106 4914 3754 4993; baseline -0.004 -20"><span class='ocrx_word' id='word_1_752' title='bbox 2106 4938 2316 4987; x_wconf 88' lang='grc' dir='ltr'>σαντες,</span> <span class='ocrx_word' id='word_1_753' title='bbox 2349 4916 2465 4972; x_wconf 77' lang='grc' dir='ltr'>ὅθεν</span> <span class='ocrx_word' id='word_1_754' title='bbox 2522 4918 2872 4993; x_wconf 85' lang='grc' dir='ltr'>ὑφορώμενοι</span> <span class='ocrx_word' id='word_1_755' title='bbox 2916 4918 2992 4990; x_wconf 83' lang='grc' dir='ltr'>μὴ</span> <span class='ocrx_word' id='word_1_756' title='bbox 3054 4914 3206 4979; x_wconf 89' lang='grc' dir='ltr'>δίκας</span> <span class='ocrx_word' id='word_1_757' title='bbox 3271 4914 3416 4972; x_wconf 87' lang='grc' dir='ltr'>δοῖεν</span> <span class='ocrx_word' id='word_1_758' title='bbox 3457 4918 3531 4981; x_wconf 86' lang='grc' dir='ltr'>ὡς</span> <span class='ocrx_word' id='word_1_759' title='bbox 3582 4915 3754 4970; x_wconf 82' lang='grc' dir='ltr'>ἀλλο-</span> 
     </span>
    </p>
   </div>
   <div class='ocr_carea' id='block_1_108' title="bbox 2103 5003 3741 5082">
    <p class='ocr_par' dir='ltr' id='par_1_108' title="bbox 2103 5003 3741 5082">
     <span class='ocr_line' id='line_1_108' title="bbox 2103 5003 3741 5082; baseline -0.005 -20"><span class='ocrx_word' id='word_1_760' title='bbox 2103 5005 2435 5081; x_wconf 88' lang='grc' dir='ltr'>πρόσαλλοι,</span> <span class='ocrx_word' id='word_1_761' title='bbox 2487 5005 2806 5082; x_wconf 82' lang='grc' dir='ltr'>ἀφίστανται</span> <span class='ocrx_word' id='word_1_762' title='bbox 2856 5005 3154 5082; x_wconf 85' lang='grc' dir='ltr'>λαμπρῶς.</span> <span class='ocrx_word' id='word_1_763' title='bbox 3199 5005 3430 5081; x_wconf 77' lang='grc' dir='ltr'>Ἀμέλει</span> <span class='ocrx_word' id='word_1_764' title='bbox 3467 5004 3551 5060; x_wconf 78' lang='grc' dir='ltr'>καὶ</span> <span class='ocrx_word' id='word_1_765' title='bbox 3581 5003 3741 5057; x_wconf 76' lang='grc' dir='ltr'>ἐκπο-</span> 
     </span>
    </p>
   </div>
   <div class='ocr_carea' id='block_1_109' title="bbox 2105 5090 3748 5171">
    <p class='ocr_par' dir='ltr' id='par_1_109' title="bbox 2105 5090 3748 5171">
     <span class='ocr_line' id='line_1_109' title="bbox 2105 5090 3748 5171; baseline -0.003 -22"><span class='ocrx_word' id='word_1_766' title='bbox 2105 5093 2212 5170; x_wconf 72' lang='grc' dir='ltr'>δῳν</span> <span class='ocrx_word' id='word_1_767' title='bbox 2280 5094 2643 5171; x_wconf 74' lang='grc' dir='ltr'>χωρισθέντες</span> <span class='ocrx_word' id='word_1_768' title='bbox 2701 5094 2753 5149; x_wconf 82' lang='grc' dir='ltr'>οἱ</span> <span class='ocrx_word' id='word_1_769' title='bbox 2821 5097 2918 5168; x_wconf 75' lang='grc' dir='ltr'>μὶν</span> <span class='ocrx_word' id='word_1_770' title='bbox 3000 5095 3259 5171; x_wconf 87' lang='grc' dir='ltr'>προσίασι</span> <span class='ocrx_word' id='word_1_771' title='bbox 3337 5092 3591 5166; x_wconf 82' lang='grc' dir='ltr'>Θεοδώρῳ</span> <span class='ocrx_word' id='word_1_772' title='bbox 3666 5090 3748 5162; x_wconf 84' lang='grc' dir='ltr'>τῷ</span> 
     </span>
    </p>
   </div>
   <div class='ocr_carea' id='block_1_110' title="bbox 2106 5177 3758 5260">
    <p class='ocr_par' dir='ltr' id='par_1_110' title="bbox 2106 5177 3758 5260">
     <span class='ocr_line' id='line_1_110' title="bbox 2106 5177 3758 5260; baseline -0.003 -21"><span class='ocrx_word' id='word_1_773' title='bbox 2106 5187 2369 5260; x_wconf 85' lang='grc' dir='ltr'>Λάσκαρι,</span> <span class='ocrx_word' id='word_1_774' title='bbox 2400 5188 2509 5239; x_wconf 85' lang='grc' dir='ltr'>τῶν</span> <span class='ocrx_word' id='word_1_775' title='bbox 2542 5185 2693 5258; x_wconf 74' lang='grc' dir='ltr'>ἑῴων</span> <span class='ocrx_word' id='word_1_776' title='bbox 2730 5189 3025 5260; x_wconf 90' lang='grc' dir='ltr'>κρατοῦντι</span> <span class='ocrx_word' id='word_1_777' title='bbox 3055 5186 3299 5253; x_wconf 89' lang='grc' dir='ltr'>πόλεων,</span> <span class='ocrx_word' id='word_1_778' title='bbox 3319 5186 3368 5239; x_wconf 73' lang='grc' dir='ltr'>οἱ</span> <span class='ocrx_word' id='word_1_779' title='bbox 3415 5179 3473 5237; x_wconf 77' lang='grc' dir='ltr'>δὲ</span> <span class='ocrx_word' id='word_1_780' title='bbox 3527 5177 3758 5256; x_wconf 82' lang='grc' dir='ltr'>συνδρα-</span> 
     </span>
    </p>
   </div>
   <div class='ocr_carea' id='block_1_111' title="bbox 2109 5267 3765 5349">
    <p class='ocr_par' dir='ltr' id='par_1_111' title="bbox 2109 5267 3765 5349">
     <span class='ocr_line' id='line_1_111' title="bbox 2109 5267 3765 5349; baseline -0.002 -20"><span class='ocrx_word' id='word_1_781' title='bbox 2109 5275 2301 5349; x_wconf 87' lang='grc' dir='ltr'>μόντες</span> <span class='ocrx_word' id='word_1_782' title='bbox 2334 5273 2388 5335; x_wconf 79' lang='grc' dir='ltr'>ἐς</span> <span class='ocrx_word' id='word_1_783' title='bbox 2420 5271 2759 5349; x_wconf 83' lang='grc' dir='ltr'>Ὀρεστιάδα,</span> <span class='ocrx_word' id='word_1_784' title='bbox 2801 5272 2968 5329; x_wconf 82' lang='grc' dir='ltr'>ἄλλοι</span> <span class='ocrx_word' id='word_1_785' title='bbox 3018 5270 3064 5329; x_wconf 84' lang='grc' dir='ltr'>δ’</span> <span class='ocrx_word' id='word_1_786' title='bbox 3108 5275 3362 5337; x_wconf 81' lang='grc' dir='ltr'>εἰσιόντες</span> <span class='ocrx_word' id='word_1_787' title='bbox 3391 5273 3454 5329; x_wconf 83' lang='grc' dir='ltr'>τὸ</span> <span class='ocrx_word' id='word_1_788' title='bbox 3518 5267 3765 5343; x_wconf 84' lang='grc' dir='ltr'>Διδυμό-</span> 
     </span>
    </p>
   </div>
   <div class='ocr_carea' id='block_1_112' title="bbox 2101 5359 3768 5437">
    <p class='ocr_par' dir='ltr' id='par_1_112' title="bbox 2101 5359 3768 5437">
     <span class='ocr_line' id='line_1_112' title="bbox 2101 5359 3768 5437; baseline -0.002 -20"><span class='ocrx_word' id='word_1_789' title='bbox 2101 5361 2296 5437; x_wconf 86' lang='grc' dir='ltr'>τοιχδν</span> <span class='ocrx_word' id='word_1_790' title='bbox 2328 5361 2578 5423; x_wconf 89' lang='grc' dir='ltr'>Λατίνοις</span> <span class='ocrx_word' id='word_1_791' title='bbox 2636 5359 2975 5418; x_wconf 84' lang='grc' dir='ltr'>σπένδονται·</span> <span class='ocrx_word' id='word_1_792' title='bbox 3069 5363 3168 5418; x_wconf 76' lang='grc' dir='ltr'>Καὶ</span> <span class='ocrx_word' id='word_1_793' title='bbox 3225 5363 3533 5437; x_wconf 83' lang='grc' dir='ltr'>πέμψαντες</span> <span class='ocrx_word' id='word_1_794' title='bbox 3605 5359 3768 5434; x_wconf 81' lang='grc' dir='ltr'>ἀγγέ-</span> 
     </span>
    </p>
   </div>
   <div class='ocr_carea' id='block_1_113' title="bbox 2104 5448 3768 5526">
    <p class='ocr_par' dir='ltr' id='par_1_113' title="bbox 2104 5448 3768 5526">
     <span class='ocr_line' id='line_1_113' title="bbox 2104 5448 3768 5526; baseline -0.001 -22"><span class='ocrx_word' id='word_1_795' title='bbox 2104 5448 2238 5513; x_wconf 87' lang='grc' dir='ltr'>λους</span> <span class='ocrx_word' id='word_1_796' title='bbox 2261 5449 2412 5526; x_wconf 86' lang='grc' dir='ltr'>σφίσι</span> <span class='ocrx_word' id='word_1_797' title='bbox 2454 5451 2757 5525; x_wconf 84' lang='grc' dir='ltr'>στρατηγὸν</span> <span class='ocrx_word' id='word_1_798' title='bbox 2814 5449 3147 5520; x_wconf 77' lang='grc' dir='ltr'>ἐξαιτοῦνται</span> <span class='ocrx_word' id='word_1_799' title='bbox 3208 5452 3300 5507; x_wconf 87' lang='grc' dir='ltr'>τὸν</span> <span class='ocrx_word' id='word_1_800' title='bbox 3372 5455 3578 5526; x_wconf 84' lang='grc' dir='ltr'>Βρανᾶν</span> <span class='ocrx_word' id='word_1_801' title='bbox 3632 5450 3768 5505; x_wconf 83' lang='grc' dir='ltr'>Θεό-</span> 
     </span>
    </p>
   </div>
   <div class='ocr_carea' id='block_1_114' title="bbox 2102 5536 3761 5616">
    <p class='ocr_par' dir='ltr' id='par_1_114' title="bbox 2102 5536 3761 5616">
     <span class='ocr_line' id='line_1_114' title="bbox 2102 5536 3761 5616; baseline 0 -21"><span class='ocrx_word' id='word_1_802' title='bbox 2102 5536 2301 5615; x_wconf 85' lang='grc' dir='ltr'>δωρον.</span> <span class='ocrx_word' id='word_1_803' title='bbox 2336 5539 2523 5616; x_wconf 82' lang='grc' dir='ltr'>Βραχὺ</span> <span class='ocrx_word' id='word_1_804' title='bbox 2558 5540 2621 5596; x_wconf 82' lang='grc' dir='ltr'>τὸ</span> <span class='ocrx_word' id='word_1_805' title='bbox 2653 5540 2704 5595; x_wconf 79' lang='grc' dir='ltr'>ἐν</span> <span class='ocrx_word' id='word_1_806' title='bbox 2733 5540 2903 5614; x_wconf 83' lang='grc' dir='ltr'>μέσῳ,</span> <span class='ocrx_word' id='word_1_807' title='bbox 2934 5541 3025 5595; x_wconf 81' lang='grc' dir='ltr'>καὶ</span> <span class='ocrx_word' id='word_1_808' title='bbox 3054 5542 3153 5610; x_wconf 79' lang='grc' dir='ltr'>τὴν</span> <span class='ocrx_word' id='word_1_809' title='bbox 3213 5540 3428 5599; x_wconf 84' lang='grc' dir='ltr'>Μυσίαν</span> <span class='ocrx_word' id='word_1_810' title='bbox 3490 5539 3674 5597; x_wconf 87' lang='grc' dir='ltr'>είσιὼν</span> <span class='ocrx_word' id='word_1_811' title='bbox 3730 5540 3761 5595; x_wconf 81' lang='grc' dir='ltr'>ὁ</span> 
     </span>
    </p>
   </div>
   <div class='ocr_carea' id='block_1_115' title="bbox 2102 5626 3762 5704">
    <p class='ocr_par' dir='ltr' id='par_1_115' title="bbox 2102 5626 3762 5704">
     <span class='ocr_line' id='line_1_115' title="bbox 2102 5626 3762 5704; baseline -0.002 -18"><span class='ocrx_word' id='word_1_812' title='bbox 2102 5629 2354 5700; x_wconf 86' lang='grc' dir='ltr'>Ἰωάννης</span> <span class='ocrx_word' id='word_1_813' title='bbox 2385 5630 2479 5685; x_wconf 83' lang='grc' dir='ltr'>καὶ</span> <span class='ocrx_word' id='word_1_814' title='bbox 2506 5630 2663 5686; x_wconf 84' lang='grc' dir='ltr'>τάκεῖ</span> <span class='ocrx_word' id='word_1_815' title='bbox 2691 5629 2828 5704; x_wconf 90' lang='grc' dir='ltr'>πρὸς</span> <span class='ocrx_word' id='word_1_816' title='bbox 2856 5630 2920 5684; x_wconf 86' lang='grc' dir='ltr'>τὸ</span> <span class='ocrx_word' id='word_1_817' title='bbox 2947 5627 3005 5683; x_wconf 78' lang='grc' dir='ltr'>εὖ</span> <span class='ocrx_word' id='word_1_818' title='bbox 3054 5626 3398 5703; x_wconf 81' lang='grc' dir='ltr'>διαθέμενος,</span> <span class='ocrx_word' id='word_1_819' title='bbox 3437 5631 3530 5685; x_wconf 83' lang='grc' dir='ltr'>καὶ</span> <span class='ocrx_word' id='word_1_820' title='bbox 3579 5626 3762 5685; x_wconf 76' lang='grc' dir='ltr'>κολά-</span> 
     </span>
    </p>
   </div>
   <div class='ocr_carea' id='block_1_116' title="bbox 2103 5715 3761 5794">
    <p class='ocr_par' dir='ltr' id='par_1_116' title="bbox 2103 5715 3761 5794">
     <span class='ocr_line' id='line_1_116' title="bbox 2103 5715 3761 5794; baseline -0.001 -23"><span class='ocrx_word' id='word_1_821' title='bbox 2103 5736 2216 5773; x_wconf 90' lang='grc' dir='ltr'>σεσι</span> <span class='ocrx_word' id='word_1_822' title='bbox 2251 5717 2491 5794; x_wconf 84' lang='grc' dir='ltr'>βαρείαις</span> <span class='ocrx_word' id='word_1_823' title='bbox 2537 5716 2628 5773; x_wconf 84' lang='grc' dir='ltr'>καὶ</span> <span class='ocrx_word' id='word_1_824' title='bbox 2678 5717 2925 5779; x_wconf 85' lang='grc' dir='ltr'>θανάτοις</span> <span class='ocrx_word' id='word_1_825' title='bbox 2982 5722 3190 5780; x_wconf 70' lang='grc' dir='ltr'>καινοῖς</span> <span class='ocrx_word' id='word_1_826' title='bbox 3226 5717 3355 5781; x_wconf 78' lang='grc' dir='ltr'>τοὺς</span> <span class='ocrx_word' id='word_1_827' title='bbox 3415 5715 3761 5779; x_wconf 82' lang='grc' dir='ltr'>ἀποστάντας</span> 
     </span>
    </p>
   </div>
  </div>
