4074 6432
342 469 494 529 1017

1787 463 1988 524 UltBS
2031 461 2309 523 CAPTA.

3612 466 3764 525 1018

341 599 668 676 ὁπενεγκὼν,
711 594 847 674 ἔγνω
905 598 1021 670 μετ’
1084 593 1428 673 όργιλώδους
1459 595 1550 649 καὶ
1582 595 1770 674 φονίου
1821 591 1994 668 βλέμ-

2109 596 2338 666 sidium,
2365 596 2515 668 quod
2551 595 2606 649 in
2644 593 2782 650 urbe
2839 597 2962 650 erat
3014 593 3585 667 praestantissimum,
3639 614 3771 668 pro-

352 710 523 766 ματος
553 689 644 744 καὶ
705 692 935 765 γνώμης
991 685 1348 759 ἀσυμπαθοῦς
1406 683 1809 760 ἐπιστρατεύειν
1866 685 2005 740 Ῥω-

348 781 562 855 μαίοις,
641 778 824 832 οὐκέτι
910 777 1132 855 φάσκων
1213 775 1308 836 τὰς
1369 779 1518 854 σφῶν
1601 771 2006 852 δολοφροσύνας

346 868 666 948 ὑφίστασθαι
697 867 788 922 καὶ
845 867 910 921 τὸ
969 867 1193 921 ἄπιστον
1248 865 1382 934 ἦθος
1442 863 1636 919 καὶτὸ
1692 870 1792 932 τῆς
1839 861 2006 932 αὐτῆς

352 957 496 1034 ὥρας
525 957 800 1018 πολλάκις
859 955 1202 1028 παλιμπετὲς
1262 953 1539 1033 φρόνημα,
1573 951 1795 1026 ἱΤοίνυν
1847 951 2008 1027 ἀναρ-

351 1047 536 1125 ραγεῖς
569 1046 642 1108 είς
704 1046 873 1120 ὀργὴν
936 1043 1356 1116 στρατευμάτων
1392 1047 1670 1106 Σκυθικῶν
1734 1041 2004 1116 μελισσῶ-

345 1157 435 1197 νας
464 1140 582 1196 τοῖς
616 1135 854 1209 ἐαρινοῖς
894 1129 1273 1204 ἀνθαμίλλους
1333 1130 1514 1186 ἄνθεσι
1572 1127 1839 1208 διαφίησι.
1875 1128 2006 1185 Τινᾶ

344 1224 438 1297 μὲν
481 1224 572 1278 οῦν
603 1223 778 1277 αὐτῶν
813 1223 888 1284 ὡς
940 1219 1068 1276 οὐδὲ
1129 1221 1440 1294 μυρμήκων
1508 1219 1881 1294 στρατεύματα
1909 1219 2004 1280 τὰς

337 1313 488 1389 ἱερὰς
521 1310 669 1372 ἅλως
725 1311 1166 1388 ἆμφιποτώμενα
1193 1311 1293 1379 τὴν
1335 1306 1623 1382 Ἀδριανοῦ
1663 1305 2002 1384 διειλήφασι,

331 1403 457 1458 τινα
498 1399 554 1456 δὲ
584 1397 1036 1475 προσπελάσαντα
1093 1402 1172 1470 τῷ
1227 1397 1464 1470 Ῥουσίῳ
1496 1398 1634 1472 πρὸς
1687 1398 2002 1471 ἂντιμάχη-

334 1514 414 1546 σιν
451 1491 786 1546 ἐπισπῶνται
816 1491 881 1544 τὸ
905 1493 974 1562 τῇ
1006 1488 1168 1544 πόλει
1233 1487 1403 1562 ταύτῃ
1460 1485 1742 1565 ἐφεδρεῦον
1803 1485 1864 1541 ἐκ
1896 1495 2002 1542 Λα·

334 1583 498 1636 τίνων
548 1579 859 1637 ὁπλιτικόν.
895 1579 1191 1654 Κράτιστον
1234 1575 1291 1632 δὲ
1319 1578 1388 1646 ἦν
1417 1580 1580 1632 τοῦτο
1637 1573 2001 1654 διαφερόντως

333 1673 444 1724 τῶν
487 1667 696 1738 ἄλλων,
753 1668 844 1722 καὶ
907 1665 1120 1740 ὑψηλὸν
1160 1666 1254 1740 μὲν
1305 1667 1373 1721 τὰ
1407 1667 1658 1738 σώματα,
1693 1665 1999 1738 θαυμαστὸν

339 1757 397 1815 δὶ
425 1764 545 1822 ταῖς
579 1757 832 1832 μελέταις
862 1763 982 1820 ταῖς
1013 1757 1149 1812 κατᾶ
1177 1755 1451 1830 πόλεμον,
1512 1756 1604 1811 καὶ
1669 1755 1817 1830 παρά
1857 1775 2000 1816 τινος

341 1855 484 1923 Τερῆ
543 1847 1036 1924 στρατηγούμενον,
1092 1845 1288 1921 ἀνδρὸς
1343 1851 1450 1901 τῶν
1509 1846 1648 1900 πάνυ
1713 1844 1998 1918 ἐπισήμων

2114 685 2260 740 ceris
2319 684 2686 755 corporibus,
2746 683 2879 738 belli
2939 700 3046 739 usu
3109 683 3360 738 mirabili
3437 686 3766 756 praeditum,

2111 774 2256 830 Tero
2289 776 2544 846 quodam
2579 774 2725 828 duce
2754 774 2876 828 viro
2909 772 3124 827 illustri
3159 779 3214 827 et
3245 772 3446 840 nobili,
3492 776 3561 829 ad
3623 775 3770 830 resi-

2113 865 2386 919 stendum
2414 860 2842 934 provocantllli
2866 877 3002 932 ergo
3025 861 3244 916 milites
3264 863 3445 918 armis
3487 866 3768 935 correptis

2111 951 2409 1008 celerrime
2445 969 2509 1007 eo
2538 951 2987 1016 contendebant,
3021 951 3117 1006 ubi
3181 967 3249 1005 ex
3298 951 3769 1022 speculatoribus

2111 1041 2351 1113 Scythas
2383 1040 2526 1095 83I
2596 1044 2785 1095 castra
2851 1039 3065 1094 habere
3118 1044 3456 1111 cognorant.
3510 1041 3577 1096 Hi
3637 1060 3768 1099 vero

2114 1130 2449 1185 Latinorum
2482 1129 2856 1202 aggressione
2875 1133 3158 1200 occupata
3189 1128 3336 1184 clam
3389 1129 3580 1185 locum
3621 1132 3762 1186 sub-

2110 1227 2250 1276 eunt
2283 1221 2463 1276 Rusio
2495 1221 2795 1289 vicinum;
2845 1225 2902 1275 et
2963 1219 3174 1274 Latinis
3229 1221 3604 1276 redeuntibus
3663 1223 3766 1278 im-
3801 1287 3804 1291 λ

2111 1309 2343 1382 proviso
2380 1313 2692 1381 conspectu
2744 1310 2835 1364 sui
2876 1313 3158 1364 terrorem
3220 1309 3536 1376 incutiunt,
3571 1315 3636 1365 ut
3693 1314 3765 1367 ob

2109 1404 2331 1456 tantam
2364 1398 2799 1454 multitudinem
2835 1398 2979 1454 nihil
3013 1399 3151 1453 boni
3190 1399 3607 1453 ominarentur.
3641 1401 3761 1456 Acri

2109 1487 2305 1560 przelio
2338 1488 2463 1560 pari
2497 1487 2770 1557 utrinque
2803 1487 3145 1542 fortitudine
3179 1487 3761 1557 commisso,tandem

2108 1577 2296 1634 Latini
2330 1577 2532 1633 multis
2562 1577 2729 1633 caesis
2763 1578 2879 1632 fere
2913 1593 3119 1648 pmnes
3141 1578 3566 1634 occubuerunt.
3627 1579 3766 1635 Post

2108 1666 2268 1722 hunc
2296 1665 2935 1738 successum,Scythici
2995 1666 3282 1720 exercitus
3345 1665 3758 1722 bellicosorum

2107 1755 2363 1811 virorum
2398 1754 2629 1810 circiter
2655 1757 2853 1810 decem
2871 1753 3056 1810 millia
3082 1754 3267 1827 primo
3293 1754 3517 1827 impetu
3535 1759 3758 1825 Aprum

2107 1845 2254 1901 citra
2273 1845 2570 1916 negotium
2603 1845 2846 1916 capiunt
2877 1849 2932 1900 et
2961 1849 3263 1913 eveJtunt;
3326 1844 3761 1902 multitudinem

339 1938 430 1993 καὶ
462 1937 710 2013 εὐγενῶν.
741 1939 819 1995 Τὸ
854 1939 947 2010 μὲν
981 1936 1074 1991 οὖν
1132 1935 1496 2008 ὁπλισάμενον
1557 1930 1644 2008 ᾔει
1674 1936 1772 2001 τήν
1833 1934 1994 2012 ταχί-

2105 1935 2164 1989 in
2197 1934 2341 1988 urbe
2372 1939 2658 2004 repertam
2696 1934 2908 2006 partim
2935 1933 3227 2001 occidunt,
3287 1933 3498 2004 partim
3563 1940 3622 1989 ut
3654 1935 3762 1990 sub

342 2048 496 2098 στην,
530 2022 652 2081 ἔνθα
703 2026 749 2097 ἐξ
812 2027 1068 2100 ὁπτήρων
1119 2025 1341 2080 ἐπύθετο
1399 2023 1526 2086 τοὺς
1576 2023 1786 2087 Σκύθας
1832 2044 1998 2078 κατα-

346 2121 597 2187 σκηνοῦψ
629 2118 680 2172 οἱ
725 2113 781 2170 δὲ
834 2117 931 2186 τὴν
989 2116 1041 2178 ἐς
1099 2113 1294 2176 αὐτοὺς
1320 2118 1428 2169 τῶν
1485 2113 1722 2168 Λατίνων
1767 2113 1996 2191 φθάσαν-

343 2227 431 2270 τες
457 2202 651 2282 ἔφοδον
681 2205 759 2266 εἷς
814 2205 905 2260 τὸν
964 2209 1042 2278 τῷ
1101 2205 1333 2278 Ῥουσίῳ
1381 2201 1776 2278 παρακείμενον
1832 2203 2000 2258 τόπον

2109 2041 2323 2080 corona
2352 2031 2614 2092 veneant,
2651 2023 2919 2080 manibus
2953 2029 3083 2096 post
3130 2028 3294 2095 terga
3353 2024 3627 2080 revinctis
3670 2025 3770 2080 ab-

2109 2114 2336 2169 ducunt
2372 2129 2386 2180 ;
2418 2111 2631 2168 multos
2664 2113 2838 2168 etiam
2871 2118 3156 2182 cremant,
3179 2113 3476 2169 vincentes
3525 2113 3612 2168 illi
3644 2115 3766 2184 qui-

2109 2203 2266 2270 dem,
2294 2203 2393 2258 sed
2425 2202 2666 2258 victoria
2695 2218 2812 2258 non
2846 2202 3185 2258 humaniter
3215 2207 3462 2259 utentes.

357 2293 689 2365 λεληθότως
717 2289 1187 2371 παρεσϐάλλουσι,
1230 2294 1319 2347 καὶ
1379 2291 1446 2362 δή
1499 2293 1778 2347 ἐπανιοῦσι
1809 2297 1924 2354 τοῖς
1958 2290 2210 2352 Λατίνοις
2254 2290 2502 2368 ὀφθέντες
2531 2295 2610 2362 τῷ
2648 2310 2706 2345 τε
2743 2297 2842 2360 τῆς
2881 2291 3003 2351 θέας
3046 2288 3301 2363 ἀδοκήτῳ
3332 2288 3645 2366 διαθροοῦσι
3680 2297 3770 2350 καὶ

351 2385 713 2464 φαντάζεσθαι
743 2385 810 2440 τὰ
847 2387 922 2458 μή
966 2383 1186 2460 χρηστὰ
1216 2387 1297 2455 τῶ
1328 2381 1530 2452 πλήθει
1565 2380 1807 2436 διδόασιν
1839 2379 2031 2454 ἀμέλει
2063 2380 2150 2434 καὶ
2183 2378 2512 2452 συμπλοκῆς
2543 2385 2806 2455 καρτερᾶς
2835 2379 3150 2456 γενομένης,
3180 2381 3270 2435 καὶ
3311 2386 3430 2443 ταῖς
3493 2378 3765 2458 ἀνδραγα-

344 2473 499 2536 θίαις
533 2473 889 2546 ἐξισουμὲνων
919 2472 1214 2549 ἐκατέρων,
1254 2475 1521 2527 τελευτῶν
1555 2469 1742 2526 πολλὰ
1775 2467 2060 2546 δράσαντες
2123 2471 2172 2524 οἱ
2232 2475 2454 2524 Λατῖνοι
2512 2467 2708 2544 σχεδὸν
2756 2470 3018 2533 ἀπέθανον
3049 2471 3305 2531 ἅπαντες.
3345 2472 3457 2540 Τῆς
3494 2467 3550 2525 δὲ
3582 2472 3773 2543 μάχης

342 2562 549 2633 ταύτης
582 2561 724 2616 οὕτω
760 2560 1152 2638 γεγενημένης,
1181 2558 1360 2638 ἕτεραι
1395 2562 1616 2616 Σκυθῶν
1649 2558 1959 2621 ἀποσπάδες
1994 2559 2354 2635 μυριάριθμοί
2385 2580 2443 2614 τε
2472 2560 2558 2614 καί
2626 2561 2872 2634 μάχιμοι
2930 2561 3052 2634 περὶ
3114 2562 3196 2634 [Ρ.
3240 2562 3367 2633 405]
3417 2561 3510 2614 τὸν
3543 2562 3771 2634 ’Δπρων

357 2652 615 2709 ἐλάσασαι
647 2657 839 2709 τοῦτον
883 2653 1121 2715 εὐπετῶς
1166 2657 1481 2728 χειροῦνται
1510 2651 1600 2707 καὶ
1632 2649 1764 2706 ὅλον
1797 2653 2042 2727 αἱροῦσιν
2081 2645 2356 2718 αὐτοϐοεὶ,
2385 2649 2474 2705 καὶ
2515 2651 2608 2705 τὸν
2644 2651 2740 2724 μὶν
2767 2648 3046 2718 καθεῖλον,
3078 2655 3177 2705 τοῦ
3211 2648 3258 2705 δ’
3287 2649 3503 2712 ἐνόντος
3522 2650 3773 2722 πλήθους

337 2744 368 2798 ὅ
411 2743 504 2817 μὲν
548 2742 866 2798 ἀπέκτειναν
907 2744 958 2797 οἱ
993 2743 1217 2814 Σκύθαι,
1261 2741 1291 2796 ὅ
1331 2737 1373 2796 δ’
1412 2741 1719 2818 ἀπήνεγκαν
1758 2740 1834 2805 εἰς
1891 2739 2364 2820 λαφυροπώλησιν
2407 2738 2724 2802 συνδοῦντες
2761 2742 2850 2794 καὶ
2910 2741 3006 2802 τὰς
3074 2745 3266 2815 χεῖρας
3306 2738 3756 2819 ἀποστρέφοντες.

325 2832 580 2895 Πολλοὺς
621 2831 678 2887 δὲ
714 2833 805 2888 καὶ
837 2832 966 2908 πυρὶ
1005 2830 1331 2905 παρέδοσαν,
1372 2835 1646 2899 νικῶντες,
1680 2830 1742 2885 οὐ
1787 2831 1895 2904 μὴν
1924 2829 2014 2885 καὶ
2043 2834 2162 2892 ταῖς
2202 2829 2372 2892 νίκαις
2393 2829 2750 2904 ἀνθρωπίνως
2782 2829 3090 2904 χρώμενοι.

409 2920 494 2981 ιδ’.
529 2925 620 2978 Ἐκ
654 2921 709 2977 δὲ
730 2926 830 2987 τῆς
869 2928 1075 2997 θερμῆς
1103 2921 1330 2991 ταυτησὶ
1374 2921 1562 2997 μάχης
1595 2920 1682 2976 ἐπὶ
1714 2921 1814 2988 τὴν
1845 2940 1986 2994 παρ-

2181 2920 2268 2975 14.
2292 2921 2374 2976 Ab
2399 2921 2528 2990 ejus
2548 2936 2755 2992 pugnae
2780 2925 2922 2975 aestu
2948 2920 3203 2975 calentes
3242 2919 3456 2987 adhuc,
3491 2921 3562 2976 ad
3597 2922 3765 2977 mari-

330 3011 488 3068 άλιον
517 3013 856 3086 τραπόμενοι
904 3008 1237 3080 Ῥαιδεστὸν,
1295 3010 1388 3066 τὸν
1452 3010 1548 3083 μὶν
1603 3011 1810 3084 Βρανᾶν
1865 3007 2000 3064 Θεό-

331 3099 530 3176 δωρον,
564 3100 623 3165 ὅς
651 3100 952 3177 ἡγεμόνευε
983 3104 1092 3156 τῶν
1133 3097 1186 3162 ἐς
1239 3096 1557 3175 Ὁρεστιάδα
1616 3095 1998 3171 στελλομένων

329 3193 600 3262 Λατίνων,
645 3191 734 3245 καὶ
767 3189 872 3264 πρὸ
927 3193 1024 3244 τοῦ
1077 3187 1362 3258 ἐπιστῆναι
1426 3209 1560 3266 σφας
1593 3185 1756 3242 ἐκεῖθι
1788 3183 1996 3263 φυγάδα

330 3279 660 3360 δεδείχασιν,
694 3277 876 3352 ὥσπερ
925 3279 1016 3333 καὶ
1071 3279 1134 3332 τὸ
1194 3278 1558 3350 συνεπόμενον
1598 3275 1784 3349 ἐκείνῳ
1830 3275 1993 3349 στρά-

327 3390 522 3443 τευμα,
581 3371 679 3437 τήν
751 3365 808 3423 δὲ
864 3367 1028 3423 πόλιν
1086 3367 1406 3443 ὁλοσχερῶς
1463 3367 1556 3422 καὶ
1595 3367 1733 3422 κατὰ
1790 3366 1991 3441 κράτος

327 3459 542 3520 ἑλόντες
573 3455 1063 3531 ἠνδραποδίσαντο.
1100 3457 1238 3514 Εἶτα
1266 3457 1357 3511 καὶ
1399 3457 1476 3518 εἰς
1504 3453 1704 3534 ⁴ἔδαφος
1741 3454 1992 3532 βάλλου-

326 3572 428 3620 σιν,
477 3549 741 3604 ἀθάνατον
798 3551 898 3618 τὴν
953 3549 1091 3622 πρὸς
1157 3549 1307 3620 ἡμᾶς
1346 3541 1549 3622 ἔχθραν
1611 3547 1712 3601 ὑπὸ
1757 3545 1993 3622 Βλάχιυν

325 3633 473 3715 ἔχειν
499 3634 903 3714 δεδιδαγμένοι,
973 3637 1063 3691 καὶ
1134 3635 1270 3710 πρὸς
1325 3633 1523 3698 παῖδας
1612 3635 1720 3689 ἀπὸ
1777 3632 1989 3689 παίδων

325 3727 706 3804 παραπέμπειν
742 3727 1096 3800 ἅείμνηστον.
1139 3725 1215 3783 Τὸ
1277 3722 1334 3780 δὲ
1389 3724 1672 3802 πρόθυμον
1719 3725 1796 3797 μή
1828 3745 1990 3779 κατα-

326 3817 607 3892 ψύξαντες,
657 3815 1030 3887 ἀπηντηκότες
1089 3816 1292 3878 ἐκεῖθεν
1354 3815 1433 3877 εἷς
1492 3815 1770 3889 Πέρινθον,
1816 3812 1876 3869 ἐκ
1933 3806 1992 3868 δὲ

324 3906 526 3972 ταύτης
559 3904 635 3967 εἷς
667 3905 728 3961 τὸ
759 3906 980 3960 Δαὸνιον
1036 3901 1254 3966 οὐδενὸς
1311 3905 1386 3966 εἰς
1421 3909 1612 3980 χεῖρας
1671 3903 1850 3965 ἰόντος
1903 3901 1990 3958 διὰ

326 3997 388 4051 τὸ
419 4003 521 4064 τῆς
551 3994 770 4068 τόλμης
802 3989 1143 4069 παράϐολον,
1180 3994 1297 4050 καθ’
1328 3994 1548 4064 ἡλικίαν
1600 3994 1762 4056 αὐτὰς
1795 3995 1990 4073 ᾐχμα-

327 4083 603 4140 λώτευσὰν
634 4087 748 4158 (73)
779 4084 868 4138 καὶ
898 4085 964 4138 τὰ
993 4084 1152 4159 τείχη
1200 4086 1554 4160 κατήρειψαν.
1599 4083 1676 4140 Οὐ
1739 4083 1879 4152 μόνα
1934 4080 1991 4138 δὲ

323 4176 390 4230 τὰ
421 4177 556 4250 πρὸς
590 4173 862 4229 θάλασσαν
897 4172 1074 4234 οὕτως
1106 4171 1367 4247 ἔπραττον
1427 4179 1546 4236 ταῖς
1603 4179 1711 4228 τῶν
1767 4175 1986 4228 Σκυθῶν

2108 3010 2310 3066 timam
2345 3010 2707 3065 Rhaedestum
2740 3011 3026 3080 conversi,
3061 3014 3312 3065 Branam
3373 3010 3762 3083 Theodorum,

2107 3099 2204 3171 qui
2241 3099 2583 3155 Latinorum
2641 3099 2998 3154 Orestiadem
3062 3097 3406 3154 abeuntium
3468 3099 3760 3168 duxerat,

2106 3188 2453 3260 priusquam
2486 3204 2552 3243 eo
2583 3188 2870 3256 venirent,
2906 3204 3038 3244 cum
3079 3191 3361 3262 sequente
3410 3189 3664 3244 exercitu
3699 3190 3758 3245 in

2106 3278 2302 3350 fugam
2354 3276 2721 3349 conjiciunt;
2781 3277 2982 3333 urbem
3040 3292 3173 3333 vero
3229 3277 3284 3331 vi
3345 3282 3757 3350 expugnatam,

2103 3366 2326 3422 civibus
2357 3367 2414 3421 in
2450 3367 2789 3421 servitutem
2849 3367 3122 3434 redactis,
3178 3366 3300 3422 solo
3359 3371 3609 3438 zequant,
3653 3367 3762 3421 im-

2104 3458 2382 3512 mortales
2415 3456 2720 3512 nobiscum
2752 3455 3090 3510 inimicitias
3121 3472 3381 3512 exercere
3437 3473 3469 3510 a
3533 3455 3762 3512 Blachis

2101 3545 2286 3601 edocti
2319 3550 2373 3601 et
2405 3561 2725 3617 propagare
2758 3546 2826 3600 ad
2861 3561 3092 3601 omnem
3156 3546 3578 3616 posteritatem.
3641 3551 3759 3602 Nec

2101 3635 2350 3690 remissa
2380 3633 2678 3690 alacritate
2702 3633 3042 3689 Perinthum
3074 3639 3406 3701 transeunt,
3445 3637 3577 3690 inde
3620 3636 3762 3691 Dao-

2099 3722 2666 3790 nium,nemineillis
2691 3723 2763 3779 ob
2796 3723 3126 3779 mirabilem
3180 3724 3484 3779 audaciam
3527 3724 3754 3780 obviam

2099 3818 2390 3881 eunte;et
2419 3814 2574 3869 omni
2631 3829 2767 3869 sexu
2829 3819 2884 3869 et
2934 3819 3100 3870 astate
3157 3818 3324 3885 capta
3375 3816 3592 3870 mmnia
3648 3813 3753 3869 de-

2098 3909 2353 3960 struunt.
2384 3905 2537 3960 832
2571 3905 2685 3959 Neo
2725 3921 2825 3960 ora
2858 3904 3154 3960 maritima
3195 3907 3472 3960 duntaxat
3533 3905 3603 3960 ab
3652 3919 3752 3959 ex-

2099 3993 2486 4067 peditissimis
2519 4001 2573 4050 et
2607 3993 2950 4049 fortissimis
2980 3994 3210 4066 Scythis
3241 3999 3298 4049 et
3348 3993 3620 4049 Blachica
3663 4011 3751 4049 co-

2099 4088 2286 4154 horta,
2341 4103 2468 4158 quae
2529 4085 2663 4140 illos
2723 4085 3117 4140 comitabatur
3173 4084 3458 4138 mmnibus
3519 4083 3749 4139 urbium

2097 4193 2229 4233 cum
2248 4175 2513 4233 vectibus
2535 4180 2593 4231 et
2616 4175 2918 4246 ligonibus
2950 4173 3184 4242 infesta,
3218 4173 3295 4227 sic
3337 4177 3584 4229 tractata
3621 4178 3749 4229 est:

328 4262 628 4340 εὐχειρίαις
681 4261 772 4314 καὶ
805 4261 1151 4336 γενναιότησι
1189 4262 1279 4314 καὶ
1331 4266 1438 4315 τῶν
1497 4261 1773 4334 ἐπομένων
1805 4262 1984 4341 σφίσιν

2103 4266 2195 4321 sed
2228 4265 2650 4320 mediterranea
2687 4279 2919 4336 quoque
2943 4262 3344 4318 malisiisdem
3377 4265 3431 4318 et
3479 4261 3750 4334 graviori-

325 4348 385 4403 ἐκ
412 4348 508 4404 τοῦ
541 4347 828 4422 Βλαχικοῦ
861 4351 1226 4422 συστήματος,
1256 4351 1308 4404 οἳ
1339 4349 1429 4405 καὶ
1484 4349 1698 4422 μᾶλλον
1726 4356 1840 4412 τοῖς
1894 4371 1987 4404 πε-

329 4432 577 4513 ριϐόλοις
631 4441 739 4492 τῶν
798 4436 1014 4492 πόλεων
1072 4433 1460 4509 ἐπεϐούλευον,
1543 4439 1816 4502 σκαπάνας
1894 4441 1984 4494 καὶ

325 4528 468 4584 πτύα
500 4530 901 4604 χειριζόμενοι,
936 4528 1080 4583 ἀλλὰ
1132 4531 1222 4584 καὶ
1282 4531 1349 4585 τὰ
1405 4536 1506 4600 τῆς
1538 4529 1728 4603 ’ἅλμης
1757 4531 1984 4610 ἀφιστά-

329 4640 460 4692 μενα
491 4620 668 4673 πάντα
696 4623 817 4680 τοῖς
852 4619 1036 4681 αὐτοῖς
1068 4617 1157 4673 καὶ
1211 4619 1424 4695 χείροσι
1473 4625 1663 4681 κακοῖς
1707 4621 1987 4695 προσεπά-

328 4709 506 4774 λαιον,
543 4704 821 4781 μηδεμιᾶς
848 4706 1073 4770 ἐλπίδος
1134 4709 1211 4772 εἷς
1272 4709 1546 4785 σωτηρίαν
1602 4710 1986 4783 ὑποκειμένης,

325 4795 443 4851 ἐπεὶ
475 4795 562 4851 καὶ
614 4796 803 4866 ἀήθως
863 4797 922 4851 ἐκ
979 4796 1232 4861 δουλείας
1298 4796 1608 4874 ἐλευθερίας
1641 4798 1988 4873 ηὐμοιρηκό-

323 4905 430 4956 τες,
491 4888 600 4939 τῶν
658 4884 931 4960 μεγίστων
987 4884 1068 4940 ἄεὶ
1149 4883 1424 4963 ἐφιέμενοι
1484 4883 1674 4942 οὐδένα
1749 4889 1842 4960 μὶν
1891 4892 1988 4943 τοῦ

329 4972 728 5050 δυσπραγήσειν
781 4975 933 5038 αὖθις
975 4973 1141 5052 λόγον
1183 4977 1409 5044 τιθέασι,
1448 4982 1569 5039 ταῖς
1638 4974 1694 5032 δὲ
1745 4997 1989 5052 παρατυ-

323 5065 553 5139 χούσαις
579 5064 774 5138 τύχαις
804 5064 892 5118 καὶ
925 5064 1104 5126 νίκαις
1151 5065 1224 5127 ὡς
1284 5065 1372 5119 ἐπὶ
1410 5065 1666 5121 πλεῖστον
1700 5063 1986 5142 ἐπεξερχό-

324 5174 476 5224 μενοι
527 5156 636 5208 τῶν
701 5153 796 5226 μὲν
852 5153 1046 5229 πρώην
1105 5150 1293 5208 τέλεον
1335 5151 1713 5224 ἐπιλήθονται,
1757 5160 1874 5217 τοῖς
1939 5152 1987 5210 δ’

323 5238 574 5297 ἐνεστῶσι
651 5242 915 5320 γήθονταί
971 5263 1030 5297 τε
1090 5242 1178 5298 καὶ
1238 5239 1596 5318 ἐνυϐρίζουσι.
1667 5246 1764 5300 Διὰ
1818 5249 1989 5301 ταῦτα

318 5327 498 5382 τοίνυν
557 5330 592 5399 ἢ
647 5352 705 5386 τε
765 5331 1018 5411 λαχοῦσα
1069 5329 1342 5403 πολιστὴν
1394 5333 1486 5387 τὸν
1549 5331 1838 5409 Ἀρκάδιον
1896 5327 1985 5390 καῖ

320 5421 543 5491 Μεσήνη
585 5421 670 5477 ἐπὶ
703 5420 836 5498 τῇδε
865 5424 954 5480 καὶ
986 5423 1123 5498 πρὸς
1154 5423 1289 5498 αὐτῇ
1349 5422 1697 5498 Τζουρουλὸς
1763 5425 1830 5481 τὰ
1879 5430 1986 5483 τῶν

2101 4356 2208 4409 bus
2240 4357 2376 4408 sunt
2407 4367 2706 4424 Oppressa,
2768 4351 2932 4408 nulla
2991 4369 3092 4423 spe
3151 4351 3356 4407 salutis
3415 4351 3744 4424 aﬂ'ulgente.

2093 4443 2238 4499 Nam
2273 4443 2371 4514 qui
2401 4459 2469 4498 ex
2498 4442 2778 4498 servitute
2800 4443 3087 4498 insuetam
3124 4444 3448 4498 libertatem
3496 4443 3746 4514 propitia

2097 4531 2328 4588 fortuna
2383 4533 2680 4587 consecuti
2739 4536 2895 4603 sunt,
2957 4533 3209 4588 maxima
3279 4537 3557 4604 perpetuo
3617 4532 3749 4588 aﬂ‘e-

2097 4626 2340 4692 ctantes,
2400 4637 2586 4693 neque
2641 4637 2700 4677 se
2757 4621 2816 4677 in
2902 4627 3196 4693 posterum
3267 4620 3587 4677 calamitati
3646 4622 3748 4678 ulli

2099 4711 2218 4766 foro
2250 4711 2532 4766 obnoxios
2589 4710 2918 4782 opinantes,
2979 4709 3348 4768 successibus
3407 4715 3462 4766 et
3490 4711 3748 4766 victoriis

2097 4802 2275 4857 effuse
2310 4800 2636 4873 indulgent,
2698 4800 2931 4874 pristini
2987 4805 3174 4856 status
3233 4801 3419 4868 obliti,
3473 4801 3747 4871 prensanti

2095 4908 2229 4948 vero
2252 4891 2364 4946 laeti
2398 4890 2815 4946 etinsolentes.
2850 4891 3096 4946 Proinde
3153 4890 3567 4962 ArcadiOpolis,
3628 4891 3746 4948 Me-

2097 4997 2238 5037 sena
2254 4984 2310 5035 et
2329 4980 2598 5049 Zurulus,
2633 4997 2764 5036 cum
2793 4980 2972 5051 agris,
2993 4978 3149 5035 villis
3198 4986 3251 5035 et
3277 4980 3438 5035 omni
3492 4997 3558 5035 co
3589 4983 3741 5053 quod

2095 5073 2166 5127 iis
2192 5071 2438 5127 urbibus
2457 5071 2592 5128 olim
2619 5071 2830 5142 paruit,
2854 5075 3140 5126 extremas
3192 5070 3388 5126 clades
3442 5078 3580 5126 sunt
3618 5089 3741 5144 per-

2099 5178 2317 5234 pessas;
2351 5165 2408 5217 et
2433 5177 2560 5231 qua:
2590 5162 2660 5216 ad
2696 5161 2896 5216 urbem
2929 5161 3194 5216 omnium
3209 5160 3532 5234 principem
3559 5178 3743 5233 usque

2097 5252 2409 5322 pertinent,
2442 5250 2639 5305 omnia
2681 5253 2821 5305 sunt
2879 5267 2911 5305 a
2967 5249 3190 5323 Scythis
3251 5267 3546 5322 oppressa.
3607 5251 3747 5308 Post

2095 5341 2293 5396 omnia
2326 5339 2604 5412 oppidum
2635 5339 2851 5413 Athyra
2871 5341 2941 5397 ad
2967 5341 3426 5398 internecionem
3468 5347 3556 5398 est
3587 5343 3747 5398 dele-

2095 5434 2242 5485 tum.
2283 5429 2424 5486 Nam
2466 5429 2621 5485 cives
2679 5430 2960 5502 principio
3028 5447 3157 5486 cum
3215 5431 3445 5502 Scythis
3505 5435 3746 5504 pecunia

1706 5553 1875 5618 Hier.
1910 5557 2124 5616 Wolﬁi
2152 5562 2341 5618 notas.

387 5679 895 5764 (ῖῦὶβαθηήλικίαν
944 5684 1411 5760 ἡχμαλώτευσαν,
1443 5687 1596 5744 omni
1623 5703 1761 5744 sexu
1788 5697 1839 5745 et
1865 5693 1993 5746 aetat

2103 5697 2230 5761 ιρια.
2268 5689 2384 5746 Ηοο
2417 5689 2463 5746 si
2499 5689 2588 5745 cui
2613 5689 2908 5762 displicet,
2942 5695 3160 5764 quarat
3201 5693 3500 5763 meliorem
3566 5695 3740 5750 inter-

319 5754 730 5827 pretationem.
