4074 6420
295 408 446 469 1019

1629 398 1950 461 NICETIS
1991 400 2429 464 CHONIATE

3570 407 3738 468 1020

293 547 731 614 transegerant,
763 543 817 596 et
849 538 1090 595 aderant
1120 535 1223 609 qui
1282 547 1489 591 aureos
1536 547 1812 590 nummos
1858 549 1941 606 po-

2065 529 2255 590 δεινῶν
2284 536 2610 593 πεπόνθασιν
2641 530 2867 615 ἔσχατα,
2925 538 3016 595 καὶ
3072 536 3230 615 ἀγροὶ
3261 537 3350 594 καὶ
3384 542 3568 614 κῶμαι
3626 545 3724 601 καὶ

293 630 842 690 stularent.Deinde
876 627 1161 701 quosdam
1200 641 1268 682 ex
1298 622 1638 679 Latinorum
1697 622 1958 701 cohorte,

2063 622 2247 680 τᾶλλα
2276 625 2450 681 ὁπόσα
2478 631 2596 690 ταῖς
2626 627 2819 684 πόλεσι
2874 630 3094 694 ταύταις
3155 628 3459 685 ὑπέκυπτον
3520 632 3730 707 πρότε-

295 724 394 795 qui
431 720 724 777 Rbadesti
782 698 918 775 cum
985 718 1178 773 Brana
1235 715 1486 782 fuerant,
1529 713 1684 769 838
1732 718 1941 784 vesper

2067 733 2182 789 ρον,
2207 713 2295 770 καὶ
2330 716 2429 771 6σά
2469 715 2525 779 ἐς
2554 717 2722 787 αὖτήν
2759 720 2859 789 τὴν
2917 717 3136 774 πόλεων
3175 725 3365 775 πασῶν
3423 719 3734 798 προεδρεύ-

293 814 501 870 urbem
542 811 842 882 ingressos
864 807 1144 880 Athyrani
1181 805 1431 861 libenter
1459 809 1518 860 et
1559 804 1799 860 minime
1833 808 1959 877 gra‘

295 902 473 958 vatim
507 902 895 971 susceperunt
921 915 933 954 :
962 895 1249 969 putabant
1304 893 1463 951 enim
1507 909 1607 949 eos
1652 892 1773 949 illic
1800 910 1956 948 man-

296 1008 461 1048 suros
484 995 541 1046 et
573 1005 709 1045 cum
740 986 966 1060 Scythis
1001 987 1390 1057 pugnaturos.
1423 983 1535 1039 Sed
1569 981 1651 1038 illi
1704 982 1814 1038 sub
1843 981 1956 1053 pri~

298 1098 456 1137 mam
488 1080 674 1136 noctis
698 1076 957 1149 vigiliam
992 1073 1127 1130 inde
1159 1072 1489 1139 discedunt,
1521 1088 1699 1143 Opera
1725 1072 1861 1125 data
1891 1074 1954 1125 ut

290 1169 541 1241 Scythas
568 1166 719 1222 clam
754 1163 1159 1237 praterirent;
1194 1161 1301 1217 etsi
1347 1177 1451 1234 spe
1499 1176 1607 1216 sua
1666 1159 1950 1226 frustrati,

283 1258 452 1329 juxta
472 1257 670 1328 ipsum
693 1253 986 1326 Rhegium
1012 1253 1069 1307 in
1094 1251 1440 1321 Scytharum
1464 1249 1735 1307 cohortes
1788 1253 1949 1305 ante-

289 1364 520 1422 gressas
551 1345 777 1418 delapsi
810 1360 1016 1400 omnes
1046 1342 1251 1413 exiguo
1288 1345 1582 1398 momento
1629 1339 1944 1412 perierunt.

288 1436 507 1511 Scytha
538 1452 673 1492 vero
703 1437 836 1506 post
859 1433 1193 1489 Latinorum
1216 1431 1543 1487 discessum
1586 1447 1620 1485 a
1659 1427 1947 1502 pepuleri-

290 1528 404 1583 bus
427 1527 555 1583 suis
577 1522 838 1597 pecunia
866 1521 1231 1579 exactoribus
1288 1520 1441 1576 clam
1494 1519 1649 1576 circa
1693 1517 1943 1574 mediam

290 1620 518 1672 noctem
553 1613 796 1669 funibus
828 1627 930 1683 per
986 1626 1190 1666 muros
1248 1609 1506 1677 attracti,
1538 1613 1595 1665 et
1626 1608 1810 1681 portis
1844 1624 1946 1679 po-

291 1704 547 1772 titi,cum
575 1700 836 1758 horribili
860 1698 1114 1757 clamore
1135 1698 1352 1755 strictis
1377 1697 1620 1754 ensibus
1641 1697 1699 1752 in
1731 1696 1945 1767 pleros-

296 1810 412 1866 que
444 1791 638 1848 adbuc
660 1790 1037 1855 dormientes,
1069 1804 1204 1844 cum
1229 1787 1367 1860 fuga
1396 1785 1638 1842 minime
1676 1786 1945 1856 expedita

2063 824 2225 859 ουσαν
2274 806 2675 881 παρατείνουσι,
2734 814 2851 870 ταῖς
2899 810 3193 872 Σκυθικαῖς
3259 812 3422 889 χερσὶ
3488 814 3738 870 καθυπέ-

2061 896 2255 969 κυψαν.
2316 896 2441 952 Ἐπὶ
2497 900 2629 952 πᾶσι
2672 898 2760 953 καὶ
2822 898 2872 954 ὀί
2919 899 2982 954 τὸ
3039 899 3292 972 πόλισμα
3346 900 3438 955 τὸν
3500 902 3732 979 Ἀθύραν

2063 982 2335 1046 οἰκοῦντες
2366 983 2613 1057 ὀλέθροις
2643 985 2965 1057 ἀνηκέστοις
3019 987 3454 1064 περιεπάρησαν.
3488 991 3564 1046 Τὰ
3625 994 3725 1066 μὲν

2057 1071 2158 1145 γὰρ
2216 1077 2405 1146 πρῶτα
2462 1073 2550 1130 ἐπὶ
2608 1077 2861 1150 χρήμασι
2915 1081 3032 1139 τοῖς
3091 1078 3330 1142 Σκύθαις
3400 1075 3723 1154 συνέϐησαν,

2058 1158 2148 1214 καὶ
2206 1163 2341 1230 ἦσαν
2402 1160 2454 1217 ο⁶ί
2509 1162 2569 1218 ἐκ
2634 1167 2857 1220 Σκυθῶν
2918 1165 3212 1245 ἀφιγμένοι
3261 1167 3329 1222 τὰ
3396 1166 3457 1222 ἐκ
3508 1175 3709 1244 χρυσοῦ

2057 1246 2406 1325 εἰσέπραττον
2457 1252 2737 1325 κόμματα·
2799 1254 2935 1329 πρὸς
3004 1252 3048 1309 δ’
3105 1254 3329 1329 ἑσπέραν
3362 1255 3514 1312 ἐνίων
3574 1256 3707 1315 ἐκεῖ·

2057 1347 2143 1402 θεν
2176 1339 2599 1412 ἀπαντησάντων
2630 1343 2807 1398 ἒκεῖσε
2860 1348 2957 1398 τοῦ
3016 1349 3308 1400 Λατινικοῦ
3352 1344 3719 1425 συντάγματος

2054 1424 2084 1481 8
2115 1435 2281 1497 συνῆν
2316 1427 2367 1483 ἐν
2408 1426 2703 1503 Ῥαιδεστῷ
2734 1436 2813 1504 τῷ
2861 1438 3059 1507 Βρανᾷ,
3120 1434 3536 1514 κεχαρισμένως
3597 1436 3720 1494 σφί-

2054 1536 2159 1604 σιν,
2192 1514 2323 1572 ἀλλ’
2380 1517 2441 1574 οὐ
2478 1519 2799 1594 προσάντως
2835 1523 2887 1577 οἱ
2944 1521 2997 1578 έν
3059 1525 3265 1599 Ἀθύρᾳ
3301 1525 3723 1604 προσφέρονται·

2052 1602 2226 1678 ᾤοντο
2257 1605 2358 1684 γὰρ
2389 1607 2465 1671 ὡς
2498 1615 3015 1685 συμπαραμενοῦσιν
3081 1611 3251 1678 ἐκεῖθι
3301 1615 3391 1669 καὶ
3450 1602 3543 1670 τὸν
3585 1615 3731 1669 κατὰ

2054 1700 2278 1760 Σκυθῶν
2332 1696 2520 1772 ἀγῶνα
2577 1697 3031 1758 ἐπαποδύσονται.
3103 1700 3262 1760 Ἀλλ’
3323 1705 3378 1759 οἱ
3429 1704 3523 1777 μὲν
3594 1705 3733 1778 περὶ

2049 1782 2277 1860 πρώτην
2346 1785 2597 1864 φυλακὴν
2642 1794 2743 1858 τῆς
2797 1790 2991 1853 νυκτὸς
3076 1789 3278 1856 ἐκεῖθεν
3339 1791 3717 1866 μεθίστανται,

291 1881 726 1951 esset,irruunt.
754 1878 834 1935 Ea
856 1878 1035 1950 igitur
1064 1881 1234 1933 nocte
1265 1874 1493 1932 facinus
1541 1874 1754 1940 editur,
1789 1875 1941 1947 quod

2052 1869 2239 1938 λαθεῖν
2280 1873 2409 1938 τοὺς
2451 1876 2662 1941 Σκύθας
2703 1878 2794 1932 καὶ
2853 1884 3141 1955 παρελθεῖν
3199 1877 3442 1951 σπουδὴν
3502 1881 3728 1954 τιθέμε-

295 1970 585 2043 lacrymas
616 1967 865 2040 postulat
896 1968 1080 2023 instar
1126 1964 1468 2039 perenuium
1499 1964 1764 2020 amnium
1810 1981 1942 2036 pro-

297 2065 627 2120 manantes.
660 2060 778 2117 Nec
808 2060 962 2116 enim
999 2057 1105 2115 viri
1135 2061 1192 2114 et
1221 2056 1451 2113 femina
1500 2056 1776 2112 duntaxat
1810 2073 1942 2128 par-

294 2152 400 2209 tim
434 2151 632 2220 occisi,
666 2149 879 2222 partim
913 2149 974 2204 in
1002 2147 1334 2204 servitutem
1369 2146 1608 2203 abducti
1646 2149 1806 2213 sunt,
1842 2145 1945 2202 sed

295 2258 407 2299 nec
431 2241 711 2300 lactentes
733 2237 1008 2296 infantuli
1031 2237 1157 2308 ejus
1180 2236 1321 2293 mali
1357 2243 1618 2307 expertes
1656 2236 1895 2291 fuerunt
1927 2252 1940 2291 :

291 2332 396 2389 sed
429 2330 489 2386 bi
523 2344 750 2402 quoque
783 2337 845 2384 ut
877 2327 1175 2384 immaturi
1234 2330 1292 2383 et
1356 2324 1555 2382 tenelli
1601 2323 1829 2381 ﬂosculi
1870 2325 1943 2381 ab

292 2418 864 2479 immisericordibus
892 2416 1011 2473 illis
1043 2416 1205 2486 viris,
1264 2414 1671 2488 ignorantibus
1721 2417 1943 2470 natura

291 2510 570 2583 injuriam
599 2508 725 2565 fieri
755 2510 815 2564 et
843 2505 1230 2562 humanitatis
1253 2505 1355 2576 jus
1384 2504 1457 2560 ab
1499 2519 1564 2560 eo
1604 2501 1811 2559 violari
1841 2502 1942 2577 qui

289 2599 606 2658 iracundia
653 2596 810 2654 ultra
863 2596 1168 2653 victoriam
1226 2593 1547 2667 indulgeat,
1607 2592 1941 2649 obtruncati

290 2695 448 2748 sunt.
481 2692 552 2746 Et
590 2688 744 2761 quod
777 2687 968 2759 magis
1025 2685 1444 2760 deplorandum
1505 2683 1661 2740 884
1690 2690 1799 2754 est,
1833 2683 1941 2740 im-

290 2778 606 2854 placabiles
636 2777 906 2833 homines
935 2775 1233 2849 occupatis
1256 2774 1552 2831 littoribus
1580 2789 1678 2830 eos
1707 2774 1809 2846 qui
1839 2773 1940 2829 illo

289 2872 663 2929 accurrerant
717 2866 934 2938 partim
990 2864 1202 2939 gladiis
1293 2865 1669 2936 traiecerunt,
1729 2863 1939 2935 partim

282 2962 673 3026 retraxerunt,
704 2957 918 3028 partim
939 2954 1001 3011 in
1024 2970 1230 3027 aquam
1255 2953 1646 3026 pracipitatos
1667 2953 1938 3009 submer-

284 3047 687 3108 serunt.Pauoi
715 3045 946 3118 navigia
962 3044 1155 3117 adepti
1176 3046 1508 3100 evaserunt.
1543 3042 1719 3098 Erant
1762 3042 1937 3098 etiam

281 3138 615 3213 quiscalam
653 3153 766 3192 non
795 3133 989 3206 adepti
1019 3134 1173 3188 intra
1204 3131 1447 3204 puppim
1490 3135 1549 3188 et
1596 3131 1845 3197 remiges
1875 3130 1935 3186 in

284 3246 443 3287 mare
462 3228 819 3286 deciderent.
841 3225 1028 3281 Tanta
1072 3222 1212 3278 mali
1258 3221 1533 3277 atrocitas
1566 3220 1675 3276 fuit
1703 3226 1761 3276 et
1791 3236 1938 3292 pene

278 3318 621 3375 internecio.
656 3316 738 3371 Ex
759 3330 825 3371 eo
871 3311 1113 3368 Barbari
1167 3310 1308 3367 totis
1329 3309 1656 3381 legionibus
1688 3314 1745 3365 et
1773 3326 1936 3365 exer-

284 3406 497 3466 citibus
527 3406 836 3476 pergentes
864 3405 1042 3459 vasta
1063 3399 1324 3472 procella
1366 3398 1556 3455 instar
1585 3399 1783 3454 omnia
1813 3398 1931 3455 dis-

284 3495 579 3567 sipabant,
615 3495 717 3547 aut
745 3490 995 3548 incendii
1064 3491 1125 3546 in
1182 3489 1330 3546 silva
1384 3487 1711 3561 grassantis
1766 3486 1937 3545 obvia

283 3599 532 3659 quaque
554 3580 963 3639 absumebant.
993 3579 1192 3652 Neque
1223 3594 1416 3635 rerum
1468 3576 1731 3634 omnium
1765 3577 1938 3652 quid-

283 3690 463 3749 quam
495 3676 622 3730 erat
650 3670 1183 3744 impervestigatum
1212 3672 1269 3724 et
1298 3668 1522 3740 rapinis
1548 3670 1765 3724 tutum.
1796 3667 1936 3724 Dua

283 3771 512 3822 tantum
545 3778 614 3818 ex
646 3758 916 3834 plurimis
947 3764 1005 3816 et
1038 3758 1313 3815 maximis
1344 3757 1608 3827 urbibus,
1659 3756 1830 3831 Bizya
1883 3762 1941 3813 et

283 3852 566 3927 Selybria,
601 3855 657 3909 et
680 3851 918 3922 rapinas
949 3852 1007 3905 et
1035 3850 1371 3905 vastitatem
1431 3848 1781 3919 effugerunt,
1822 3863 1938 3903 non

289 3944 462 4001 modo
494 3942 678 3998 ﬁrmis
711 3941 910 3996 cincta
943 3939 1257 4006 manibus,
1288 3936 1389 3993 sed
1443 3937 1622 3993 etiam
1677 3936 1938 3992 locorum

289 4038 408 4090 situ
442 4030 871 4088 munitissima.
925 4026 1162 4100 Alioqui
1209 4042 1315 4082 nec
1371 4024 1760 4082 universalem
1794 4025 1943 4081 inte-

284 4124 466 4179 ritum
500 4122 843 4190 evitassent,
869 4124 924 4173 et
957 4133 1029 4173 ne
1050 4134 1081 4171 a
1112 4115 1335 4173 Latinis
1356 4114 1595 4187 quidem
1644 4113 1943 4190 intentata

282 4210 772 4285 permansissent.
828 4189 910 4264 iAc
970 4205 1099 4262 Itali
1157 4206 1251 4262 bis
1282 4204 1741 4261 adversitatibus
1773 4189 1943 4260 tracti

281 4301 442 4373 Cpoli
473 4300 635 4357 velut
685 4299 746 4354 in
806 4298 1056 4354 mandra
1111 4293 1641 4364 condensabantur,
1670 4298 1728 4351 et
1768 4295 1944 4352 rebus

284 4392 352 4446 ad
386 4389 752 4446 tolerandam
783 4384 1152 4445 obsidionem
1198 4384 1546 4443 necessariis
1591 4384 1944 4457 comparatis

281 4478 589 4538 terrestria
627 4475 843 4532 mania
891 4475 1045 4530 inter
1101 4490 1164 4528 se
1222 4473 1442 4545 partiti,
1498 4473 1776 4530 Romanis
1827 4490 1945 4545 quo

281 4569 497 4626 vellent
523 4563 781 4624 abeundi
813 4566 1164 4636 potestatem
1196 4563 1505 4619 dederunt.
1550 4562 1758 4620 Hostes
1810 4579 1945 4618 vero

2050 1983 2159 2034 νοι,
2213 1960 2311 2018 κᾶν
2375 1963 2621 2036 ἐξέπεσον
2679 1971 2787 2022 τῶν
2842 1970 2978 2023 κατὰ
3036 1971 3236 2026 σκοπὸν
3294 1970 3431 2045 (74),
3493 1974 3724 2035 Σκυθῶν

2049 2050 2253 2127 ἑτέραις
2338 2055 2557 2131 μοίραις
2660 2056 3059 2132 προελασάσαις
3160 2058 3513 2136 ἐγκύρσαντες
3583 2049 3728 2116 κατ’

2047 2142 2180 2197 αὐτὸ
2205 2142 2267 2198 τὸ
2297 2143 2546 2221 Ῥήγιον,
2576 2145 2666 2201 καὶ
2708 2147 2902 2211 πάντες
2962 2148 3037 2210 ὡς
3093 2145 3181 2204 διὰ
3242 2148 3481 2227 βραχέος
3538 2148 3592 2213 ἔς
3650 2150 3720 2206 τὸ

2051 2233 2148 2306 ζῇν
2217 2233 2304 2306 [Ρ.
2365 2235 2494 2308 406]
2549 2232 3002 2299 κινδυνεύσαντες.
3067 2239 3131 2292 Οἱ
3212 2235 3269 2294 δὲ
3322 2238 3528 2304 Σκύθαι
3583 2242 3729 2314 μετά

2049 2322 2151 2392 τὴν
2182 2322 2430 2378 Λατίνων
2462 2323 2830 2394 ἀπονόστησιν
2864 2325 2968 2381 ύπὸ
2999 2331 3107 2381 τῶν
3157 2328 3225 2383 τὰ
3255 2329 3524 2403 χρήματα
3582 2327 3726 2384 συλ-

2048 2407 2320 2486 λεγόντων
2353 2413 2632 2489 ὁμογενων
2665 2412 2842 2488 λάθρα
2873 2417 2996 2493 περὶ
3050 2419 3218 2490 μέσας
3249 2417 3446 2480 νύκτας
3478 2415 3569 2472 διὰ
3625 2422 3731 2474 τοῦ

2053 2500 2276 2576 τείχους
2308 2500 2682 2576 ἀνιμηθέντες,
2714 2504 2804 2558 καὶ
2861 2507 2969 2559 τῶν
3039 2502 3231 2560 πυλῶν
3279 2503 3563 2582 ἐγκρατεῖς
3631 2529 3732 2583 γε-

2049 2590 2294 2664 νόμενοι,
2323 2591 2394 2645 τὰ
2449 2590 2575 2670 ξίφη
2628 2591 2962 2665 σπασάμενοι
3005 2591 3097 2647 σὺν
3127 2593 3387 2671 ἀλαλαγῇ
3448 2594 3729 2671 φρικαλέᾳ

2046 2683 2168 2741 τοῖς
2209 2679 2492 2743 πλείστοις
2550 2675 2629 2736 ἔτι
2678 2679 3174 2758 καταδαρθάνουσιν
3231 2681 3711 2755 ἐπεισπίπτουσιν,

2046 2768 2136 2824 ὅτε
2170 2770 2247 2840 μή
2290 2766 2570 2845 διαδρᾶναι
2604 2768 2791 2845 ῥᾴδιον
2852 2773 2941 2844 ἧν.
2992 2771 3200 2828 Γίνεται
3237 2773 3329 2828 οὗν
3358 2780 3461 2845 τῆς
3518 2776 3721 2838 νυκτὸς

2047 2854 2257 2931 ἐκείνης
2289 2856 2449 2936 ἔργον
2482 2864 2693 2936 χρῇζον
2747 2858 2994 2938 δακρύων
3047 2861 3185 2918 κατὰ
3234 2864 3525 2937 ποταμοὺς
3568 2862 3722 2940 ρεόν·

2044 2968 2153 3003 των
2203 2947 2416 3004 ἀέννααο
2455 2947 2517 3004 οὒ
2578 2950 2684 3025 γὰρ
2725 2950 2890 3024 μόνον
2950 2950 3170 3029 ἐίρῥενές
3220 2973 3279 3008 τε
3334 2952 3424 3009 καὶ
3486 2952 3709 3026 θήλειαι

2045 3039 2212 3092 τοῦτο
2256 3038 2350 3110 μὲν
2383 3037 2735 3115 ἀνῃρέθησαν,
2765 3042 2927 3096 τοῦτο
2969 3037 3026 3096 δὲ
3057 3040 3392 3118 ἀπήχθησαν
3428 3038 3718 3118 δορυάλω-

2044 3145 2154 3195 τοι,
2188 3124 2316 3181 ἀλλ’
2349 3124 2475 3182 οὐδὲ
2503 3127 2569 3183 τὰ
2601 3126 2973 3203 ὒπομαστίδια
3002 3134 3109 3186 τῶν
3151 3128 3363 3187 παίδων
3394 3135 3493 3187 τοῦ
3545 3137 3716 3190 κακοῦ

2047 3213 2216 3294 ιφάνη
2287 3214 2552 3294 ἀνώτερα,
2611 3216 2740 3275 ἀλλ’
2793 3218 3120 3293 ἀπεθερίσθη
3192 3221 3284 3277 καὶ
3353 3227 3522 3278 ταῦτα
3573 3221 3708 3277 κατᾶ

2045 3303 2228 3379 χλόην
2287 3304 2379 3361 καὶ
2410 3304 2566 3370 ἔνθος
2614 3307 2953 3384 εὖμάραντον
3008 3309 3113 3365 ὑπὸ
3153 3313 3266 3367 τῶν
3325 3310 3468 3385 ἐλέῳ
3495 3309 3704 3367 ἀναλώ-

2036 3399 2147 3450 των
2178 3392 2396 3451 ἐκείνων
2434 3394 2670 3472 ἀνδρῶν,
2726 3401 2818 3454 καὶ
2878 3396 3157 3475 μηδαμῶς
3212 3398 3437 3458 εἰδότων
3487 3402 3561 3466 ὡς
3590 3399 3715 3458 ἀδι-

2038 3488 2125 3538 κεῖ
2152 3484 2251 3554 τὴν
2300 3484 2458 3564 φύσιν
2515 3486 2605 3542 καὶ
2660 3488 2858 3561 θεσμὸν
2917 3487 3098 3544 ἀθετεῖ
3148 3489 3243 3544 τὸν
3283 3490 3626 3567 ἀνθρώπινον
3682 3491 3713 3546 ὁ

2041 3574 2347 3652 περαιτέρω
2376 3583 2482 3649 τῆς
2514 3576 2668 3651 νίκης
2724 3580 2815 3635 καὶ
2871 3584 2969 3635 τοῦ
3026 3586 3243 3657 κρατεῖν
3297 3586 3406 3638 τῶν
3454 3579 3713 3638 ἒναντίων

2043 3666 2202 3741 θυμῷ
2233 3668 2548 3743 χρώμενος.
2581 3669 2658 3726 Τὸ
2701 3665 2759 3725 δὲ
2816 3666 2883 3740 δὴ
2957 3669 3206 3744 μείζονος
3265 3669 3492 3737 πένθους
3544 3670 3714 3745 ἄξιον,

2042 3754 2553 3835 προκατειληφότες
2602 3758 2655 3814 οἱ
2713 3755 2972 3815 ἄσπονδοι
3024 3758 3120 3824 τὰς
3203 3758 3368 3836 ᾐόνας
3441 3759 3569 3824 τοὺς
3626 3761 3716 3818 ἐπ’

2044 3845 2206 3908 αὐτὰς
2263 3843 2663 3923 συνδραμόντας
2722 3848 2818 3913 οὕς
2847 3848 2944 3922 μὶν
3000 3845 3300 3920 διήλαυνον
3328 3849 3552 3928 ξίφεσιν,
3612 3849 3709 3915 οῧς

2045 3932 2104 3990 δὲ
2158 3935 2376 4012 ἀπῆγον
2434 3936 2633 4011 ὀπίσω,
2700 3936 2793 4003 οὕς
2857 3935 2916 3994 δὶ
2970 3938 3111 3996 κατὰ
3171 3941 3337 4015 βυθὸν
3395 3939 3712 4016 ἠνάγκαζον

2045 4024 2298 4104 φέρεσθαι
2327 4025 2418 4082 καὶ
2456 4032 2574 4091 τοῖς
2604 4023 2789 4084 ὕδασιν
2849 4027 3281 4095 ἐναπόλλυσθαι.
3340 4032 3581 4108 Βραχεῖς
3653 4029 3716 4088 δὲ

2045 4114 2137 4170 καὶ
2168 4120 2383 4197 σκαφῶν
2417 4111 2719 4192 λαϐόμενοι
2760 4114 3118 4191 διεσώθησαν.
3178 4124 3344 4176 Ἦσαν
3402 4117 3451 4176 δ’
3507 4119 3562 4176 ο“’ί
3618 4121 3712 4178 καὶ

2048 4203 2435 4282 διαμαρτόντες
2472 4214 2573 4279 τῆς
2641 4203 2951 4284 ἀναϐάθρας
3018 4210 3096 4274 εἰς
3153 4211 3252 4275 τὰς
3305 4212 3713 4286 παρεξειρεσίας

2047 4294 2282 4353 ὥλισθον
2340 4296 2430 4353 καὶ
2482 4296 2862 4374 παρερῥύησαν
2922 4297 2999 4363 είς
3046 4299 3145 4369 τὴν
3211 4297 3507 4365 θάλασσαν.
3549 4300 3713 4359 Οὕτω

2052 4384 2188 4462 μέγα
2215 4386 2281 4456 ἦν
2315 4386 2378 4443 τὸ
2418 4383 2592 4443 δεινὸν
2616 4387 2706 4442 καὶ
2736 4384 3049 4459 πολυειδὶς,
3104 4388 3193 4443 καὶ
3257 4393 3458 4462 μικροῦ
3522 4393 3711 4447 πανώ-

2050 4473 2171 4530 λεια
2199 4480 2307 4531 τῶν
2366 4476 2496 4533 ἑκεῖ.
2558 4478 2652 4534 Ἐκ
2708 4473 2768 4532 δὲ
2821 4476 3024 4533 τούτου
3053 4478 3190 4533 κατὰ
3234 4479 3557 4556 συναγωγὰς
3617 4482 3710 4538 καὶ

2051 4561 2387 4640 στρατόπεδα
2441 4569 2559 4627 τοῖς
2614 4558 2919 4641 ἔμπροσθεν
2977 4561 3275 4643 προϐαῖνον
3305 4568 3370 4624 τὸ
3431 4566 3709 4646 βάρϐαρον

278 4661 341 4717 in
363 4658 510 4716 locis
532 4671 738 4729 parum
759 4654 831 4710 ab
858 4653 1001 4710 urbe
1026 4651 1247 4709 dissitis
1293 4657 1747 4722 commorantes,
1784 4669 1936 4725 sape

2048 4653 2172 4708 ὡσεὶ
2205 4652 2298 4708 καὶ
2329 4649 2538 4732 σφοδρά
2574 4675 2657 4717 τις
2690 4652 2904 4731 λαῖλαψ
2935 4652 3174 4735 διεφόρει
3224 4657 3288 4713 τὸ
3318 4662 3449 4729 πᾶν,
3480 4657 3519 4731 ἤ
3575 4661 3705 4736 γοῦν

274 4754 337 4809 in
371 4766 577 4825 pugna
605 4747 784 4805 etiam
814 4746 1078 4818 proxime
1101 4744 1317 4801 moenia
1331 4749 1735 4802 accesserunt:
1791 4761 1935 4800 non-

279 4856 587 4914 nunquam
631 4855 735 4911 pcr
788 4836 906 4893 divi
964 4835 1213 4893 Romani
1269 4842 1516 4907 portam,
1579 4835 1937 4890 ostentanda

281 4930 648 4987 fortitudinis
674 4927 825 4985 835
860 4932 915 4981 et
954 4923 1288 4981 comitantis
1311 4928 1437 4980 tum
1463 4922 1755 4979 felicitatis
1779 4938 1934 4992 ergo,

196 5028 201 5033 ‘
282 5018 455 5091 pauci
488 5034 730 5074 numero
756 5015 1032 5089 ingressi,
1061 5018 1121 5071 et
1177 5012 1388 5071 occisis
1419 5011 1490 5068 iis
1531 5012 1630 5085 qui
1682 5013 1741 5067 in
1775 5017 1937 5085 porta

281 5111 473 5177 erant,
509 5108 708 5164 statim
740 5106 979 5175 reversi,
1013 5121 1147 5160 cum
1178 5104 1341 5161 omni
1395 5102 1650 5159 exercitu
1691 5103 1931 5159 domum

284 5197 605 5265 redierunt,
638 5194 894 5267 captivos
923 5199 1201 5267 tanquam
1251 5197 1541 5262 armenta,
1572 5193 1822 5265 pecudes
1878 5199 1934 5249 et

270 5290 549 5360 jumenta
568 5302 673 5357 pro
708 5283 1086 5341 multitudine
1143 5282 1445 5341 stellarum
1502 5299 1622 5355 pra
1662 5299 1724 5339 se
1753 5300 1927 5355 agen-

278 5381 385 5433 tes.

2047 4742 2174 4797 ὡσεὶ
2233 4746 2340 4817 πῦρ
2388 4742 2419 4798 ὅ
2474 4741 2755 4821 διαφλέγει
2813 4741 3019 4821 δρυμὸν
3080 4745 3149 4800 τὰ
3198 4743 3251 4800 ἐν
3308 4748 3469 4803 ποσὶν
3521 4749 3707 4806 ἐπενέ-

2052 4852 2198 4905 μετο.
2262 4834 2363 4889 Ἦν
2393 4829 2449 4888 δὲ
2503 4836 2610 4889 τῶν
2671 4830 2887 4890 πᾶντων
2961 4830 3117 4890 οὐδὲν
3177 4833 3588 4911 ἂνεξερεύνητόν
3643 4860 3704 4896 τε

2045 4923 2134 4977 καὶ
2182 4921 2608 4999 ἇπρονόμευτον,
2665 4921 2795 4980 ἀλλ’
2851 4922 2912 4980 ἐκ
2948 4921 3221 4980 πλείστων
3286 4925 3377 4980 καὶ
3435 4928 3695 5004 μεγίστων

2043 5012 2260 5070 πόλεων
2288 5010 2611 5070 ἀσκύλευτοί
2667 5034 2727 5069 τε
2780 5014 2872 5069 καὶ
2930 5013 3273 5091 ἀκαθαίρετοι
3311 5018 3482 5089 Βιζύη
3510 5038 3566 5073 τε
3600 5018 3686 5072 καί

2043 5098 2336 5179 Σηλυϐρία
2395 5102 2542 5179 παρὰ
2598 5104 2816 5160 Σκυθῶν
2884 5102 3311 5182 ὑπελείφθησαν
3373 5101 3527 5179 μὸναι
3580 5105 3684 5181 γὰρ

2043 5194 2197 5248 αὗται
2228 5190 2342 5271 οὐχ
2381 5192 2529 5255 ὅπως
2559 5192 2812 5272 ἱσχυροῖς
2845 5189 3236 5268 διειλημμέναι
3265 5193 3514 5273 τείχεσιν,
3545 5190 3695 5251 ἀλλὰ

2040 5283 2131 5338 καὶ
2170 5286 2242 5357 τῇ
2271 5286 2378 5337 τῶν
2432 5283 2616 5338 τόπων
2667 5279 2805 5337 θέσει
2868 5280 3107 5356 μάλιστα
3164 5282 3558 5360 κρατυνόμεναι
3603 5282 3697 5340 τὸν

2039 5371 2285 5441 παντελῆ
2316 5367 2598 5448 διέδρασαν
2639 5367 2886 5446 ὄλεθρον,
2923 5368 3052 5446 μηδ’
3083 5368 3273 5436 ἄλλως
3305 5372 3412 5430 ἀπὸ
3454 5375 3701 5431 Λατίνων

1653 5476 1822 5538 Hier.
1864 5475 2077 5538 Wolﬁi
2123 5480 2335 5539 nota..

355 5586 466 5659 (74)
502 5580 607 5659 Κᾶν
662 5579 910 5659 ἐξέπεσον
966 5582 1073 5659 τῶν
1129 5577 1545 5659 κατὰ-σκοπόνλ
1578 5585 1931 5659 Ῑῐῃθνριῖθίε-

289 5651 383 5715 tus
414 5651 541 5715 sum
574 5652 977 5727 ἀποφαντικῶς.
1012 5653 1192 5727 Quod
1250 5651 1299 5727 s_i
1354 5654 1468 5727 cui,
1491 5651 1761 5726 displicet
1795 5656 1931 5709 ὑπο-

285 5731 511 5789 θετικῶς
541 5722 790 5797 exponat
820 5726 975 5797 licet,
1010 5726 1119 5782 hoc
1151 5722 1322 5780 modo
1360 5739 1374 5780 :
1430 5725 1513 5780 Ac
1564 5722 1810 5785 successu
1845 5744 1930 5784 ca-

2040 5584 2239 5655 ruisset
2270 5583 2329 5638 id
2356 5582 2727 5655 consilium,si
2749 5585 2809 5655 in
2841 5583 3083 5655 cohortes
3117 5585 3293 5655 alias,
3327 5590 3435 5641 etc.
3472 5587 3703 5644 incidis-

2036 5654 2389 5784 ξφιᾶἒῖιῇευιο
2420 5661 2572 5728 post,
2605 5651 2677 5719 ὡς
2708 5651 2798 5709 διὰ
2828 5652 3090 5729 βραχέος,
3127 5655 3190 5710 τὸ
3228 5654 3304 5718 ὡς
3362 5659 3701 5718 redundare
