4074 6458
326 437 476 499 1021

1771 434 1972 497 UBBS
2016 433 2299 497 CAPTA.

3599 433 3752 496 1022

327 568 483 626 οὖσαι
525 568 955 640 ἀνεπισκόπητοι
997 572 1134 643 (⁸15).
1179 567 1386 625 Ἰταλοὶ
1430 569 1527 643 μὲν
1561 568 1652 623 οὗν
1684 567 1773 624 ἐπὶ
1837 568 2056 631 τούτοις
2097 566 2173 631 είς
2213 568 2421 644 ἀγεννὲς
2460 561 2892 638 καταϐληθέντες
2959 566 3217 648 φρόνημα
3257 565 3334 630 ὠς
3385 566 3462 630 είς
3505 565 3744 645 μάνδραν

333 663 439 731 τὴν
481 658 893 717 Κωνσταντίνου
932 656 1265 731 ἐνειλοῦντο,
1307 658 1399 713 καὶ
1440 662 1548 713 τῶν
1576 656 1674 712 ὅσα
1711 663 1829 722 τοῖς
1858 655 2352 731 πολιορκουμένοις
2390 661 2645 732 χρήσιμα
2675 656 3028 730 ἐπεμέλοντο,
3058 657 3133 713 τὰ
3169 658 3305 733 πρὸς
3347 657 3548 735 χέρσον
3583 657 3743 731 τείχη

341 748 783 825 διανειμάμενοι,
823 750 912 805 καὶ
957 748 1261 823 Ῥωμαίοις
1304 745 1552 803 ἐνέδοσαν
1594 745 1713 802 ἔνθα
1751 747 1903 825 σφίσι
1949 745 2222 824 βουλητὸν
2264 745 2679 803 ἀπανίστασθαι.
2721 747 2799 802 Τὸ
2842 744 2898 802 δέ
2934 745 3205 821 πολέμιον
3247 749 3510 823 χρονίσαν
3549 747 3601 802 ἐν
3631 753 3748 810 τοῖς

334 841 528 916 μικρὸν
568 839 768 904 ἄποθεν
807 847 907 908 τῆς
948 838 1169 900 πόλεως
1210 837 1472 917 χωρίοις,
1514 835 1787 899 πολλάκις
1830 835 1888 892 δὲ
1925 837 2016 892 καὶ
2071 841 2190 899 τοῖς
2217 837 2426 912 τείχεσι
2466 837 2827 914 προσεγγίσαν
2870 836 2922 891 ἐν
2962 838 3042 908 τῷ
3085 836 3274 912 μάχης
3314 838 3592 902 ἅπτεσθαι,
3634 830 3743 891 ἔστι

338 928 385 985 δ’
431 931 520 986 ὅτε
558 930 645 985 καὶ
690 927 779 984 διὰ
817 935 917 998 τῆς
961 926 1267 1002 λεγομένης
1304 933 1402 983 τοῦ
1441 928 1599 1003 ἁγίου
1641 929 1928 1000 Ῥωμανοῦ
1975 924 2160 997 πύλης
2200 927 2318 981 κατ’
2359 925 2668 1002 ὀλιγίστους
2709 927 2943 983 ἐπεισιὸν
2980 928 3115 1001 πρὸς
3156 925 3399 1002 ἀνδρείας
3462 924 3744 997 ἐπίδειξιν,

336 1018 506 1074 εἰπεῖν
551 1016 608 1074 δέ
644 1017 736 1073 καὶ
776 1017 980 1093 τύχης,
1011 1019 1133 1088 ἣτις
1174 1016 1229 1073 ἐν
1268 1023 1387 1081 ταῖς
1427 1017 1553 1073 τότε
1593 1017 1813 1090 πράξεσι
1851 1016 2038 1081 αὐτοῖς
2076 1014 2443 1093 συνεφείπετο,
2484 1018 2574 1072 καὶ
2617 1017 2756 1091 μετὰ
2810 1017 2972 1091 φόνον
3043 1018 3150 1069 τῶν
3226 1013 3280 1070 ἒν
3350 1021 3468 1077 ταῖς
3544 1014 3745 1076 πύλαις

334 1108 530 1163 αὐτίκα
572 1107 722 1179 μάλα
762 1105 1122 1179 ἐπαναλῦσαν,
1167 1107 1243 1169 εἲς
1272 1108 1339 1161 τὰ
1379 1104 1527 1162 ο¹ίκοι
1558 1105 1726 1162 πάλιν
1764 1105 2062 1180 πανστρατὶ
2104 1103 2434 1177 ἐπανέζευξε,
2467 1107 2601 1162 κατὰ
2643 1106 2737 1180 μὶν
2771 1103 2964 1184 ἀγέλας
3002 1109 3213 1177 κτηνῶν
3251 1106 3315 1160 τὸ
3354 1103 3740 1180 αἶ’χμάλωτον,

323 1198 462 1253 κατὰ
504 1193 562 1252 δὲ
588 1201 697 1253 τῶν
722 1195 933 1272 ἄστρων
964 1199 1066 1266 τήν
1099 1195 1514 1268 πολυπλήθειαν
1555 1196 1624 1252 τὰ
1651 1196 1758 1251 ὑπὸ
1800 1196 1960 1272 ζυγὸν
2001 1195 2090 1250 καὶ
2131 1192 2335 1251 δίαιταν
2372 1202 2482 1267 ζῶα
2519 1195 2812 1269 ἐληλακός.
3727 1205 3741 1214 ’

392 1286 622 1343 Ἔπειτα
684 1288 819 1360 μετὰ
876 1284 1152 1342 πλείστων
1207 1286 1298 1341 καὶ
1355 1285 1655 1361 κρατίστων
1698 1282 1969 1357 δυνάμεων

2164 1288 2306 1343 Inde
2335 1287 2594 1345 Joannes
2632 1305 2766 1343 cum
2796 1286 3069 1343 maximis
3099 1290 3155 1343 et
3186 1285 3524 1342 fortissimis
3556 1287 3740 1358 00piis

322 1376 477 1447 ἐξιὼν
514 1377 542 1432 ὑ
576 1375 829 1449 Ἰωάννης
866 1378 1068 1440 παντὸς
1127 1374 1294 1454 ἔργου
1351 1381 1602 1454 κρεῖττον
1645 1375 1737 1432 καὶ
1769 1395 1987 1454 προυρτ

321 1464 596 1542 γιαίτερον
664 1447 851 1538 τίθησι
905 1467 1006 1536 τὴν
1085 1447 1400 1540 Ἀδριανοῦ⁷
1465 1447 1839 1545 χειρώσασθαι
1894 1447 1986 1519 aut

322 1553 688 1631 καταστρέψαι
735 1556 798 1611 τὸ
883 1552 1307 1633 Διδυμότοιχον,
1395 1556 1592 1632 κρίνων
1676 1553 1840 1611 τάσδε
1886 1555 1982 1618 τὰς

323 1642 519 1709 πόλεις
548 1643 715 1709 ἆθλον
742 1648 841 1700 τοῦ
888 1643 1143 1719 πολέμου
1201 1645 1427 1713 παντὸς,
1471 1644 1562 1700 καὶ
1620 1645 1697 1707 ὡς
1755 1643 1841 1716 εἷή
1871 1639 1984 1719 ἅμα

325 1735 410 1809 [Ρ.
468 1737 600 1806 407]
665 1732 840 1796 οὕτως
897 1733 1048 1806 αύτῷ
1130 1741 1231 1805 τῆς
1311 1733 1526 1812 Θρᾴκης
1583 1734 1979 1806 ἀπαναστήσειν

323 1821 630 1896 Ῥωμαίους
660 1821 751 1877 καὶ
819 1821 1032 1899 θηρίοις
1091 1823 1356 1879 ἀνεικέναι
1418 1824 1610 1899 μόνοις
1666 1822 1832 1895 αὐτὴν
1903 1825 1980 1887 εἷς

324 1909 620 1982 ἐνοίκησιν.
655 1912 785 1987 Περὶ
812 1911 995 1966 τοίνυν
1051 1913 1113 1968 τὸ
1161 1910 1564 1989 Διδυμότοιχον
1615 1934 1978 1990 καταστρατο-

322 1997 745 2074 πεδευσάμενος,
777 2001 867 2056 καὶ
912 2002 974 2056 τὸ
1006 2001 1216 2081 χωρίον
1247 2003 1388 2077 ὁρῶν
1448 2001 1757 2079 ὑπερδέξιον
1805 2002 1977 2078 χαλε-

322 2089 424 2145 πόν
454 2110 513 2145 τε
540 2089 632 2145 καὶ
699 2088 902 2165 ἄπορον
955 2092 1254 2166 αἱρεθῆναι,
1309 2091 1626 2171 μεταφέρειν
1671 2092 1763 2148 τὸν
1804 2114 1976 2149 ποτα·

330 2179 431 2250 μὸν
498 2174 697 2256 Ἕϐρον
756 2175 1073 2252 ἐπεϐάλετο,
1132 2179 1544 2258 περικλώμενον
1598 2188 1677 2257 τῷ
1733 2183 1977 2265 φρουρίῳ

319 2269 411 2323 καὶ
443 2265 532 2323 διὰ
571 2267 817 2325 καθόδων
874 2275 994 2333 τοῖς
1048 2269 1288 2335 πολλοῖς
1340 2271 1634 2348 ἀγνώστων
1666 2272 1792 2336 τοὺς
1824 2269 1974 2329 ἔνδον

324 2357 638 2428 ποτίζοντα.
682 2360 784 2416 Καὶ
847 2361 1103 2440 μηχανὰς
1160 2364 1490 2436 περιστήσας
1521 2363 1582 2419 τὸ
1638 2368 1827 2439 τεῖχος
1855 2358 1977 2419 ἔτυ-

323 2467 480 2519 πτεν,
513 2445 566 2502 ἐν
622 2449 815 2524 οἷσπερ
863 2449 1041 2521 εἴκαζε
1095 2453 1171 2527 μὴ
1230 2452 1457 2526 πάμπαν
1495 2453 1776 2516 εἶναιτοῖς
1804 2472 1976 2529 προσ-

324 2530 628 2592 ϐάλλουσιν
661 2538 1066 2613 ἀκατάσειστον,
1125 2540 1250 2597 οὔτε
1309 2543 1417 2617 μὴν
1463 2540 1855 2617 προεκλύοιντο
1910 2546 1977 2600 τὰ

325 2623 797 2729 διαφιέμεναητῶιν
859 2627 1030 2729 λίθων
1076 2630 1216 2729 βάρη
1275 2635 1357 2705 τῷ
1414 2628 1764 2705 διαστήματι.
1813 2634 1880 2691 Ol
1930 2630 1975 2689 δ’
2009 2664 2055 2729 Β

320 2710 470 2771 ἔνδον
521 2716 615 2771 τὸν
657 2716 910 2789 Ἰωάννην
969 2718 1445 2796 ἐκμειλισσόμενοι
1485 2723 1805 2799 παραλογάς
1831 2744 1979 2786 τινας

319 2805 411 2861 καὶ
470 2807 661 2884 φάσεις
738 2807 1024 2883 εὐπρεπεῖς
1105 2812 1194 2866 καὶ
1280 2810 1649 2886 παρακλήσεις
1706 2812 1978 2887 αἱμύλους

317 2903 600 2972 προσῆγον
654 2896 744 2952 καὶ
824 2896 1126 2974 πόρῥωθεν,
1211 2899 1301 2955 καὶ
1388 2901 1462 2963 ὡς
1548 2898 1775 2977 βασιλέα
1828 2907 1976 2981 σφῶν

317 2983 666 3064 ἀνευφήμουν
726 2983 1077 3064 ἐφιστάμενοι
1131 2994 1254 3052 ταῖς
1309 2988 1583 3062 ἐπάλξεσι,
1626 2992 1717 3047 καὶ
1784 2990 1976 3070 φόροις

319 3074 644 3131 ὑποκεῖσθαι
700 3074 1151 3154 καθωμολόγουν,
1220 3080 1310 3135 καὶ
1358 3079 1531 3137 πάντα
1588 3079 1715 3157 δρᾷν
1772 3080 1977 3138 συνετί-

319 3174 470 3228 θεντο
503 3166 804 3241 προθύμως
837 3167 1010 3223 ὁπόσα
1041 3165 1103 3225 ἅν
1163 3167 1369 3234 ἐκεῖνος
1425 3166 1530 3246 ἔχῃ
1577 3168 1973 3238 διατάττεσθαι,

314 3250 462 3322 πλὴν
492 3257 592 3309 τοῦ
624 3251 867 3325 δέξασθαι
912 3255 1072 3311 αὐτὸν
1130 3261 1210 3331 τῷ
1260 3255 1584 3333 πολίσματι.
1626 3260 1687 3317 ’0
1745 3255 1801 3315 δὲ
1840 3263 1973 3335 πρὸς

317 3339 489 3414 ὀργὴν
531 3339 888 3419 ἐκφερόμενος
929 3342 1020 3399 καὶ
1068 3344 1422 3420 χαλεπαίνων
1468 3345 1725 3421 οὐδαμῶς
1777 3349 1978 3415 αὐτοὺς

319 3426 407 3482 ἐπὶ
436 3427 653 3493 τούτοις
710 3432 990 3509 προσίετο,
1045 3433 1175 3490 ἀλλ’
1218 3435 1544 3506 ύπεκστῆναί
1577 3438 1630 3503 οἱ
1665 3442 1763 3493 τοῦ
1803 3459 1976 3516 φρου-

320 3517 439 3590 ρίου
468 3516 646 3583 πολὺς
687 3520 1029 3598 ἐγκείμενος,
1071 3523 1146 3587 ὡς
1203 3524 1296 3580 καὶ
1357 3526 1518 3599 μόνον
1580 3525 1722 3582 οὕτω
1755 3526 1975 3584 σπεισό-

322 3627 505 3680 μενος,
579 3613 698 3664 κατ’
782 3609 935 3668 οὐδὶν
997 3610 1185 3687 ὑφίετο
1250 3617 1348 3669 τοῦ
1403 3614 1635 3690 ἀγῶνος,
1722 3615 1972 3689 ἐπάλξεις

312 3696 597 3773 ἀποσύρων
637 3702 708 3774 τῇ
744 3700 835 3776 βίᾳ
864 3700 954 3756 καὶ
1011 3706 1091 3775 τῷ
1122 3702 1290 3779 ῥοίζῳ
1355 3705 1447 3760 καὶ
1502 3708 1582 3777 τῷ
1617 3704 1831 3783 μεγέθει
1859 3712 1967 3762 τῶν

309 3786 612 3866 ἀφιεμένων
648 3789 968 3868 χερμάδων,
1007 3792 1098 3849 καὶ
1157 3794 1360 3872 γωνίας
1405 3796 1625 3873 πύργων
1655 3802 1966 3871 κατασπῶν,

305 3875 395 3930 καὶ
461 3879 836 3959 καταρῥηγνὺς
893 3883 959 3936 τὰ
1035 3882 1244 3939 τούτων
1299 3885 1545 3962 θωράκια
1601 3887 1735 3961 (76).
1799 3889 1865 3945 Οἱ
1919 3885 1966 3943 δ’

300 3964 447 4030 ἐντὸς
481 3964 820 4045 δρυφάκτους
852 3973 943 4026 καί
984 3970 1153 4050 «(esea
1181 3975 1508 4048 πηξάμενοι,
1540 3973 1763 4051 νεόδορα
1816 3978 1953 4052 νάκη

2093 1377 2801 1449 egressus,Adrianopolis
2830 1382 2887 1433 et
2920 1375 3303 1449 Didymotichi
3360 1378 3739 1447 expugnatio-

2092 1481 2226 1522 nem
2258 1466 2481 1523 caeteris
2514 1466 2686 1522 rebus
2743 1466 3022 1523 omnibus
3078 1464 3552 1522 antevertendum
3612 1481 3740 1521 esse

2089 1554 2278 1627 duxit,
2311 1555 2486 1612 simul
2518 1558 2670 1628 quod
2702 1572 2781 1612 eae
2813 1556 2986 1612 urbes
3017 1555 3196 1611 totius
3243 1552 3379 1611 belli
3428 1553 3734 1626 praemium

2087 1650 2307 1715 essent,
2347 1645 2528 1702 simul
2583 1648 2735 1720 quod
2796 1663 2865 1703 ea
2921 1646 3165 1713 ratione,
3207 1645 3487 1702 Romanis
3523 1644 3735 1718 pulsis,

2087 1734 2397 1793 Thraciam
2431 1736 2573 1792 solis
2606 1737 2743 1793 feris
2771 1735 3134 1794 incolendam
3175 1736 3503 1793 traditurus
3557 1740 3731 1794 esset.

2082 1826 2305 1883 Castris
2336 1826 2533 1898 itaque
2563 1827 2635 1882 ad
2666 1825 3135 1900 Didymoticbum
3167 1825 3393 1898 positis,
3452 1841 3584 1880 cum
3629 1841 3729 1897 op-

2083 1915 2287 1986 pidum
2318 1915 2541 1972 vidcret
2572 1915 2631 1972 in
2661 1916 2787 1973 loco
2819 1916 2976 1972 edito
3028 1915 3209 1972 situm
3263 1914 3576 1971 difﬁculter
3625 1932 3727 1972 ex-

2083 2006 2335 2076 pugnari
2365 2022 2557 2077 posse,
2586 2006 2828 2061 ﬂuvium
2862 2010 3102 2073 Eurum,
3136 2005 3235 2076 qui
3291 2005 3348 2061 id
3383 2004 3642 2061 ambibat
3670 2010 3729 2061 et

2082 2108 2186 2165 per
2216 2096 2443 2150 meatus
2475 2095 2676 2166 paucis
2707 2096 2970 2167 cognitos
3000 2093 3226 2151 civibus
3267 2110 3479 2164 aquam
3507 2110 3722 2167 suppe-

2082 2182 2327 2250 ditabat,
2360 2183 2473 2241 alio
2504 2184 2787 2241 divertere
2805 2184 3083 2252 instituit,
3116 2190 3173 2240 et
3203 2183 3493 2240 machinis
3524 2184 3581 2239 in
3615 2184 3723 2239 cir-

2081 2273 2240 2329 cuitu
2274 2273 2570 2330 collocatis
2592 2291 2826 2332 murum
2856 2275 3005 2343 ferit,
3039 2291 3156 2346 qua
3189 2277 3351 2345 parte
3391 2272 3731 2329 labefactari

2084 2378 2255 2436 posse
2285 2378 2392 2419 nec
2443 2365 2707 2435 gravium
2765 2380 3039 2421 saxorum
3092 2363 3376 2434 impetum
3435 2361 3730 2417 intervalli

2082 2454 2490 2526 magnitudine
2521 2452 2804 2511 lassatum
2838 2455 2906 2510 iri
2943 2454 3197 2526 putabat.
3254 2453 3542 2525 Oppidani
3599 2468 3731 2508 vero

2083 2547 2148 2599 ut
2200 2546 2487 2600 Joannem
2566 2544 2886 2617 placarent,
2954 2543 3380 2614 excusationes,
3469 2542 3734 2614 speciosa

2084 2633 2254 2690 verba
2283 2637 2340 2689 et
2366 2632 2615 2689 blandas
2657 2650 2852 2706 preces
2904 2633 3079 2690 etiam
3139 2632 3615 2706 praetendebant;
3676 2635 3734 2688 et

2085 2727 2305 2779 stantes
2334 2723 2394 2779 in
2453 2723 2910 2796 propugnaculis
2968 2740 3100 2780 eum
3133 2738 3237 2797 pro
3267 2738 3375 2779 suo
3416 2738 3548 2794 rege
3578 2721 3727 2778 cele-

2083 2811 2403 2881 brabant,el
2425 2813 2647 2869 tributa
2668 2828 2956 2886 pensuros
2979 2817 3303 2885 ceteraque
3351 2812 3549 2868 omnia
3604 2828 3727 2883 quae

2081 2900 2429 2974 imperasset
2457 2903 2725 2959 alacriter
2754 2902 3010 2959 facturos
3070 2900 3510 2974 promittebant,
3557 2903 3728 2956 modo

2081 3005 2154 3046 ne
2183 3006 2314 3048 eum
2347 2991 2490 3048 urbe
2520 2992 2674 3049 886
2707 2992 2962 3064 recipere
3002 2995 3370 3064 cogerentur.
3416 2989 3517 3045 Ille
3572 3006 3728 3057 vero,

2078 3078 2166 3137 ira
2192 3083 2449 3154 percitus
2471 3098 2570 3139 eas
2592 3082 2957 3140 conditiones
2991 3098 3235 3155 prorsus
3282 3079 3725 3152 aspernabatur,

2078 3187 2186 3228 nec
2215 3171 2330 3228 alia
2358 3170 2582 3229 ratione
2611 3189 2673 3228 se
2704 3188 2906 3245 pacem
2939 3172 3229 3229 facturum
3250 3170 3642 3236 asseverabat,
3666 3168 3726 3225 ni

2078 3260 2310 3318 castello
2340 3261 2453 3317 sibi
2485 3264 2774 3319 cederent.
2807 3262 2922 3318 Nec
2953 3262 3023 3318 de
3083 3262 3519 3335 oppugnatione
3549 3259 3724 3332 quid-

2077 3369 2251 3423 quam
2277 3352 2645 3423 remittendo,
2675 3353 2751 3422 vi,
2786 3354 3001 3425 impetu
3035 3357 3092 3408 et
3122 3352 3531 3424 magnitudine
3556 3368 3722 3407 saxo-

2076 3458 2206 3498 rum
2240 3442 2965 3515 propugnacula,turrium
2993 3440 3237 3512 angulos
3260 3440 3596 3510 revellebat,
3628 3457 3723 3497 eo—

2074 3547 2325 3603 rumque
2355 3531 2623 3588 tibicines
2646 3533 3063 3605 perfringebat.
3098 3529 3386 3604 Oppidani
3416 3546 3547 3587 vero
3565 3531 3729 3586 tabu-

2074 3617 2211 3676 latis
2242 3624 2299 3675 et
2346 3620 2604 3677 cratibus
2662 3622 2820 3678 intus
2872 3621 3131 3690 structis,
3191 3635 3389 3676 recens
3445 3619 3724 3676 detractis

2074 3708 2386 3767 velleribus
2409 3711 2623 3767 mmnia
2649 3711 2941 3783 tegebant,
2975 3714 3040 3766 ut
3058 3710 3464 3767 machinarum
3485 3725 3627 3764 saxa
3652 3709 3722 3763 iis

2072 3798 2739 3856 involutalabascerent.
2773 3801 2855 3855 Ac
2885 3800 3023 3856 dum
3067 3804 3322 3856 Joannes
3344 3814 3601 3872 pugnam
3634 3814 3720 3853 re-

2072 3889 2353 3960 mittebat,
2375 3890 2626 3962 supplioi
2658 3894 2829 3962 gustu
2862 3897 2919 3946 et
2958 3889 3188 3945 blandis
3216 3890 3411 3947 verbis
3469 3888 3721 3945 submis-

2071 3979 2294 4037 sionem
2327 3980 2535 4037 callide
2566 3981 2947 4037 simulabant.
2979 3984 3122 4037 Cum
3154 3996 3289 4036 vero
3336 3978 3435 4035 ille
3467 3977 3681 4035 fortissi
3702 4008 3717 4021 -

432 4024 444 4030 '
514 4024 522 4044 I
596 4024 605 4045 ι
684 4024 689 4025 ⁷
739 4024 747 4026 ’
806 4024 818 4034 ’
856 4024 940 4026 ’ΠΜ
998 4024 1152 4050 l't't'"
1189 4024 1508 4048 ”“⁴’””ι””’”“7
1549 4024 1763 4051 ""'l"'
1826 4024 1953 4052 ”’”Ἰ

295 4061 414 4119 τοῖς
467 4059 679 4137 τείχεσι
733 4064 1185 4136 προπετάσαντες,
1233 4064 1308 4125 ὡς
1356 4064 1807 4138 περιολισθαίνειν
1866 4070 1955 4124 αύ-

2080 4088 2232 4127 mum
2265 4087 2553 4144 quemque
2583 4088 2728 4144 equo
2782 4071 3135 4128 descendere
3185 4072 3422 4142 jussum
3454 4074 3512 4126 et
3565 4071 3716 4125 ferro

293 4151 414 4212 τοῖς
441 4148 851 4234 κολπουμένοις
911 4151 1013 4206 ὃσα
1066 4154 1124 4207 αἱ
1179 4155 1426 4228 μηχαναὶ
1486 4152 1783 4233 διηφίεσαν.
1816 4160 1961 4220 Ἕως

2080 4160 2333 4233 undique
2362 4165 2578 4217 tectum
2606 4163 2771 4232 juxta
2801 4161 3117 4234 perfractas
3148 4160 3301 4216 muri
3357 4162 3552 4232 partes
3604 4159 3719 4216 colo

299 4232 397 4323 μὲν
437 4234 530 4323 οὑν
562 4232 777 4307 ἀνοχὴν
807 4238 885 4306 τῷ
946 4243 1220 4311 μαχισμῷ
1276 4244 1536 4314 παρεῖχεν
1592 4232 1620 4295 ὑ
1680 4243 1961 4314 Ἰωάννης,

2080 4232 2419 4317 locabat,aut
2448 4250 2633 4307 scalas
2663 4232 2907 4323 parabat
2935 4254 2993 4305 et
3041 4249 3333 4322 reliquum
3393 4249 3711 4305 exercitum

296 4319 388 4373 καὶ
441 4317 936 4411 οὑτοιΔσχήμασιν
976 4324 1265 4411 ἱλασίμοις
1323 4328 1413 4382 καὶ
1470 4329 1708 4403 ῥήμασιν
1769 4331 1962 4388 ἐναισί-

2080 4337 2285 4409 passim
2317 4317 2683 4407 extendebat,
2712 4343 2836 4395 tum
2869 4343 2927 4395 et
2957 4339 3064 4410 ipsi
3097 4317 3327 4410 abiecta
3379 4338 3711 4411 supplicum

301 4427 426 4480 μοις
482 4405 820 4499 ἐπλάττοντο
877 4412 970 4467 τὸν
1035 4409 1398 4472 ὑποϐαίνοντα
1470 4418 1562 4472 καὶ
1646 4419 1957 4496 ἐτέχναζον

2080 4405 2333 4494 iersona,
2366 4430 2561 4496 aperto
2584 4405 2790 4496 Marte,
2824 4434 2887 4483 ut
2915 4405 3010 4483 res
3050 4405 3290 4499 ferebat,
3352 4444 3414 4483 se
3443 4405 3713 4484 defende-

293 4497 455 4568 ἡνίκα
477 4494 523 4553 δ’
555 4497 757 4563 ἐκεῖνος
815 4497 1171 4573 ἀποϐιϐάζων
1222 4508 1331 4562 τῶν
1388 4504 1573 4563 ἳππων
1624 4510 1687 4564 τὸ
1717 4494 1957 4586 γενναῖον

2080 4513 2483 4586 )ant,sa1utem
2513 4532 2682 4572 suam
2716 4517 2777 4573 in
2797 4517 3090 4573 mmnibus
3112 4533 3239 4574 esse
3264 4518 3510 4588 positam
3550 4517 3709 4573 haud

291 4592 394 4679 τῆς
486 4593 742 4663 στρατιᾶς
807 4591 947 4679 κατὰ
1012 4593 1078 4648 τὰ
1152 4595 1550 4673 παρερρωγότα
1634 4600 1771 4675 μέρη
1856 4606 1955 4658 τοῦ

2080 4604 2266 4675 gnari,
2298 4619 2404 4660 nec
2435 4604 2760 4678 quidquam
2794 4606 3138 4664 necessitate
3194 4606 3508 4662 violentius
3554 4607 3712 4679 judi-

289 4676 520 4753 τείχους
581 4684 745 4735 τοῦτο
804 4678 1046 4739 διέταττε
1100 4686 1480 4763 πεφραγμένον
1562 4695 1678 4752 τοῖς
1755 4689 1952 4756 ὅπλοις

2080 4698 2362 4750 :antes.Ac
2394 4676 2795 4765 desperatione
2826 4699 2883 4751 et
2905 4695 3212 4752 iracundia
3242 4697 3517 4769 ducibus,
3546 4676 3704 4752 baud

290 4768 576 4859 πάντοθεν,
611 4767 648 4841 ἤ
708 4771 798 4827 καὶ
830 4774 967 4848 πρὸς
999 4771 1392 4851 ἐπιϐατηρίους
1441 4773 1639 4836 ἔϐλεπε
1673 4784 1950 4858 μηχανὰς,

2080 4785 2361 4840 ιουοίοτεε
2390 4783 2586 4841 clades
2617 4784 2945 4848 inferebant
2969 4802 3144 4858 quam
3175 4767 3559 4859 accipiebant,
3590 4787 3700 4842 for.

287 4859 379 4915 καὶ
409 4860 472 4915 τὸ
524 4856 722 4915 λοιπὸν
792 4860 1249 4939 ἀντιπαρεξέτεινε
1305 4870 1613 4944 στράτευμα
1668 4856 1948 4947 πανταχῆ,

2080 4875 2189 4930 iter
2209 4880 2265 4931 et
2295 4877 2571 4932 audacter
2592 4876 2955 4955 dimicando.
2989 4856 3278 4934 Barbarus
3300 4856 3500 4952 igitur,
3535 4881 3706 4955 longo

284 4950 411 5006 τότε
434 4948 525 5005 καὶ
581 4948 736 5005 αὐτοὶ
792 4952 859 5006 τὰ
915 4957 1024 5008 τῶν
1096 4955 1518 5013 ὑποπιπτόντων
1576 4958 1948 5035 ἀποδυόμενοι

2080 4980 2315 5037 empore
2346 4965 2405 5020 in
2439 4965 2544 5021 hac
2570 4952 2872 5021 obsidione
2901 4968 3171 5033 contrito,
3223 4968 3283 5025 in
3326 4948 3580 5042 “Mysi—am

288 5044 610 5112 προσωπεῖα
649 5040 742 5094 καὶ
796 5041 884 5096 τὸν
948 5043 1201 5120 λαμπρὸν
1258 5045 1529 5120 πολέμιον
1585 5070 1945 5132 παραφαινον·

2080 5055 2292 5111 'erlitur
2320 5053 2487 5111 irrito
2519 5061 2753 5126 conatu,
2779 5059 2847 5112 ut
2875 5055 3028 5128 ignis
3059 5056 3208 5113 887
3245 5040 3550 5117 deﬁciente
3581 5077 3705 5118 ma-

1674 5180 1842 5243 Hier.
1875 5181 2091 5245 Wolﬁi
2123 5187 2313 5244 notua.

362 5302 476 5374 (75)
523 5300 667 5372 Μηδ’
724 5301 913 5366 ἄλλως
981 5305 1086 5360 ἀπὸ
1149 5308 1392 5364 Λατίνων
1448 5308 1601 5366 οὗσαί
1656 5312 1949 5370 ἀνεπισκό-

290 5391 482 5457 πητοι.
513 5377 776 5457 Copverti
818 5377 1154 5457 ὑποθετικῶς
1180 5382 1316 5457 ενΝἰ
1373 5391 1488 5457 tam
1531 5388 1764 5442 munita:
1801 5387 1945 5457 fuis-

285 5447 425 5528 sent,
456 5461 554 5500 nec
584 5447 916 5528 Ιίίιιὺιρῖιιῃι
934 5455 1315 5528 rapacitatem
1346 5455 1624 5528 vitaturus
1660 5447 1852 5527 fuisse.
1885 5461 1943 5516 Si

284 5518 378 5574 cui
410 5517 628 5603 vero‘to
663 5515 797 5603 μηδζ
824 5515 1141 5603 ἄλλως-ι)νο
1171 5519 1376 5603 ἄλλοσε
1434 5524 1566 5600 μηδ’
1622 5515 1947 5603 intelligere

287 5589 472 5671 magis
504 5586 837 5671 place—nisis
866 5586 1057 5671 vertat
1080 5613 1093 5653 :
1116 5586 1589 5671 presertim'qam
1619 5618 1733 5671 nec
1770 5586 1945 5660 aULa-

454 5662 892 5746 negligerentui.
911 5662 1127 5746 Qubito
1150 5686 1220 5725 an
1251 5666 1731 5746 pro_un8f_&’).).wc
1751 5675 1948 5746 potius

285 5733 363 5791 sit
390 5731 698 5804 legendum
750 5731 879 5807 μηδ’
937 5735 1109 5802 ὅλωςο
1175 5731 1313 5801 nam
1358 5731 1572 5804 baiolis
1603 5731 1811 5817 codex,
1837 5747 1947 5806 etei

2063 5316 2218 5399 solus
2247 5316 2491 5399 integer,
2526 5319 3127 5399 tam‘enonegligenter
3172 5325 3429 5399 scriptus
3475 5333 3583 5399 est,
3617 5330 3707 5393 Ὠς

2060 5383 2958 5475 Ἐμμανουήλού“ὀμϐαιξενίδοςν
2989 5396 3098 5475 τοῦ
3180 5394 3260 5475 ἐκ-
3291 5383 3704 5475 ⁸Μονεμϐοίσίιπιιξ

2060 5456 2321 5549 pstulas-tl:
2353 5456 2658 5549 παράδοσιχ
2681 5468 2780 5549 τῆς
2827 5465 3043 5549 ἑαυτοῦ.
3066 5467 3346 5542 πατρίδος.

2129 5534 2240 5615 (76)
2280 5534 2534 5615 Θωρ-άκια
2584 5536 2846 5615 tibiciaea
2902 5540 3069 5615 verti,
3127 5534 3240 5600 non
3298 5549 3445 5615 quod
3508 5567 3702 5609 verum

2060 5607 2604 5696 putem,sedquod
2636 5609 2831 5665 solidae
2862 5612 3169 5696 columnae,
3199 5621 3262 5673 ut
3302 5607 3527 5693 Virgilii
3569 5607 3703 5696 joco

2060 5683 2210 5747 utar,
2242 5680 2502 5735 nondum
2534 5679 2908 5739 advenerunt.
