4074 6408
333 349 488 412 1023

1641 350 1952 413 NICETE
2005 346 2454 415 CHONIA'I‘JE.

3608 352 3780 415 1024

332 484 503 550 teris,
536 484 811 540 restlncto
842 482 1064 538 ardore.
1098 481 1222 539 Huc
1252 483 1562 541 accedebat
1582 484 1734 556 quod
1766 482 1982 556 passim
2011 540 2015 551 ε

2129 502 2302 555 οντες,
2335 484 2390 539 ἐν
2422 486 2510 549 οἷς
2541 486 2690 561 εἶχον
2718 487 3022 558 ἢμυνοντο,
3053 481 3107 541 ἐν
3166 487 3289 546 τοῖς
3329 483 3542 559 τείχεσι
3571 485 3775 560 κειμέ-

330 573 489 628 fama
521 569 860 644 vagabatur,
894 571 1162 626 Latinum
1194 572 1514 627 exercitum
1578 570 1639 627 in
1692 587 1753 627 re
1782 569 1990 627 bellica

2132 592 2197 641 ην
2231 572 2461 646 ὁρῶντες
2491 575 2592 644 τὴν
2641 574 2914 649 σωτηρίαν
2982 573 3075 629 καὶ
3137 570 3307 648 μηδὲν
3357 579 3458 642 τῆς
3518 571 3779 650 ἀνᾶγκης

336 662 889 720 exercitatissimum
920 661 1169 719 obsessis
1219 663 1435 719 auxilio
1472 668 1782 719 venturum
1838 679 1986 720 esse.

2101 661 2409 738 βιαιότερον
2494 661 2678 739 ἕτερον
2764 663 3058 739 κρίνοντες,

3156 662 3467 737 ἀπογνώσει
3536 683 3597 718 τε
3672 664 3773 718 καὶ

340 753 505 809 Tunc
560 750 818 808 Joannes
874 751 1210 808 Camaterus
1287 753 1637 824 patriarcha,
1705 752 1802 823 qui
1859 757 1990 825 post

2127 754 2259 823 ιυμῷ
2289 755 2759 830 στρατηγούμενοι
2792 754 2891 808 ούκ
2918 750 3133 808 ἐλάσσω
3186 747 3356 827 ἔδρων
3386 750 3461 805 ὧν
3491 746 3778 831 ἔπασχον,

339 840 613 899 exsilium
662 839 1048 912 Didymoticbi
1106 841 1467 913 inquilinum
1527 842 1760 915 agebat,
1809 841 1986 898 vitam

2127 845 2302 916 εειρῶν
2332 841 2422 897 καὶ
2461 842 2680 917 τόλμης
2716 840 2849 919 ἔργα
2894 838 3349 912 ἐπιδεικνύμενοι.
3409 842 3632 903 Ἰκανῶς
3666 839 3767 897 οὖν

334 946 473 989 cum
504 929 613 985 levi
648 937 832 984 morte
862 932 1258 985 commutavit.

2097 917 2284 1004 ίπὶτῇ
2314 928 2613 1006 πολιορκίᾳ
2665 917 2834 1005 ταύτῃ
2888 925 3333 1006 λρονοτριϐήσας
3394 927 3422 983 ὁ
3477 923 3760 1006 βάρϐαρος

356 1017 631 1073 ἐπάνεισιν
664 1014 717 1078 ἐς
742 1016 974 1086 Μυσίαν,
1006 1012 1379 1092 περισϐεσθεῖς
1414 1018 1508 1091 μὶν
1547 1016 1637 1072 καὶ
1677 1018 1774 1086 τὴν
1800 1018 1980 1094 ὁρμὴν
2009 1017 2213 1091 ἀπορίᾳ
2246 1018 2319 1080 ὡς
2359 1019 2449 1073 καὶ
2476 1020 2614 1089 ὕλης
2648 1017 3007 1089 ἐκλειπούσης
3036 1016 3193 1095 φλὸξ,
3227 1016 3376 1073 ἀλλά
3436 1015 3502 1089 δὴ
3545 1019 3636 1073 καῖ
3663 1039 3766 1074 πε-

341 1105 685 1184 ριψοφηθεὶς
727 1105 833 1159 ὑπὸ
877 1106 1093 1182 φήμης,
1145 1107 1311 1180 ἑτέρῳ
1352 1104 1404 1176 ἐξ
1439 1104 1622 1181 ἐτέρου
1652 1103 2003 1181 παραδούσης
2043 1106 2133 1160 καὶ
2200 1105 2469 1183 πολλαχῆ
2512 1105 2911 1185 διατρεχούσης
2959 1106 3246 1163 Λατινικὸν
3288 1110 3479 1182 στῖφος
3508 1102 3761 1184 ἔντροφον

342 1192 595 1267 πολέμῳ
623 1194 763 1269 πρὸς
787 1191 1101 1268 ἐπικουρίαν
1136 1193 1303 1249 ἐκεῖθι
1328 1193 1551 1268 μέλλων
1580 1195 1879 1274 ἀφίξεσθαι.
1908 1197 2041 1251 Τότε
2069 1192 2126 1251 δὲ
2159 1193 2394 1268 μαλακῷ
2424 1198 2632 1270 θανάτῳ
2661 1198 2754 1253 τὸν
2788 1197 2908 1273 βίον
2931 1197 3213 1272 προήκατο
3244 1196 3335 1251 καὶ
3366 1196 3394 1251 ὁ
3425 1196 3757 1272 πατριάρχης

347 1284 611 1355 Ἰωάννης
642 1284 670 1339 ὁ
711 1285 1070 1359 Καματηρὸς,
1112 1283 1499 1349 καταλελυκὼς
1537 1284 1752 1356 πλάνης
1792 1286 1883 1341 καὶ
1923 1282 2151 1345 ἄποικος
2186 1286 2239 1349 ἐς
2268 1288 2332 1342 τὸ
2373 1286 2798 1365 Διδυμότοιχον.

420 1377 507 1431 15.
542 1376 733 1432 Latini
766 1391 898 1432 vero
929 1392 991 1432 sc
1024 1393 1057 1432 a
1078 1376 1570 1449 Didymoticbinis
1619 1384 1676 1434 et
1722 1376 2005 1433 Adriano-

342 1463 624 1539 politanis
653 1465 872 1521 accersi
934 1464 1088 1520 baud
1120 1466 1404 1538 gravatim
1443 1465 1816 1539 accipientes,
1848 1466 2001 1538 quod

337 1554 477 1611 inde
509 1570 603 1611 res
633 1571 772 1611 suae
806 1551 1076 1610 meliores
1109 1556 1233 1611 fore
1273 1555 1735 1624 arbitrabantur,
1769 1571 1900 1611 cum
1933 1554 2006 1610 il-

2188 1379 2271 1433 ιε’.
2301 1378 2370 1434 Οἱ
2399 1374 2445 1433 δ’
2476 1377 2525 1449 ἐξ
2560 1378 2783 1435 Ἰταλῶν
2817 1377 2918 1433 οὐκ
2945 1374 3155 1449 ἀηδῶς,
3207 1374 3337 1432 ἀλλ’
3394 1376 3524 1431 ὠσὶν
3558 1375 3771 1451 ὀρθίοις

2114 1462 2391 1539 δεξάμενοι
2452 1467 2551 1536 τήν
2608 1467 2661 1529 ἐς
2714 1462 3036 1541 Ὀρεστιάδα
3091 1463 3183 1520 καὶ
3239 1464 3304 1520 τὸ
3368 1462 3774 1539 Διδυμότοιχον

2113 1553 2452 1629 πρόσκλησιν
2479 1559 2588 1611 τῶν
2623 1556 2936 1629 Ῥωμαίων,
2999 1555 3073 1617 ὡς
3133 1551 3292 1623 δῆθεν
3343 1553 3409 1609 τά
3458 1554 3596 1609 κατᾶ
3636 1559 3779 1631 σφᾶς

337 1644 534 1699 larum
565 1642 815 1699 deiectio
848 1643 1104 1716 primum
1137 1661 1274 1716 spes
1304 1648 1362 1701 et
1391 1649 1640 1702 conatus
1679 1661 1882 1701 eorum
1914 1644 2007 1700 in-

2127 1640 2542 1717 Βιομαλίσουσαν
2594 1648 2911 1722 πράγματα,
2941 1644 3027 1699 ὃτι
3084 1643 3175 1699 καὶ
3228 1644 3365 1717 πρὸς
3417 1647 3526 1699 τῶν
3556 1641 3780 1699 πόλεων

342 1734 638 1804 fregisset,
699 1698 867 1804 Cpoli
917 1698 1197 1805 digressir
1220 1698 2008 1807 "advAtbvram

2127 1732 2290 1791 τῶνδε
2346 1736 2579 1812 πρώτως
2636 1698 2759 1790 ἀπδ.
2812 1739 2999 1789 πασῶν
3065 1698 3307 1789 ἐλπίδων
3364 1732 3781 1811 καταρραγῆναι

342 1829 539 1880 castra
571 1827 817 1893 ponunt,
856 1823 1136 1895 postridie
1167 1823 1492 1896 Selybriam
1534 1825 1779 1891 intrant,
1805 1830 1863 1880 et
1903 1824 2009 1880 ali-

351 1919 493 1985 quot
519 1911 731 1969 diebus
790 1910 871 1967 ibi
923 1912 1139 1968 exactis
1195 1916 1254 1969 et
1298 1917 1630 1969 commeatu
1685 1917 2011 1987 praeparato

351 2000 794 2074 Adrianopolim
826 2006 1134 2075 occupant.

429 2293 567 2358 Quae
585 2296 776 2350 autem
793 2294 1017 2366 Scythae
1030 2298 1089 2351 et
1128 2293 1324 2350 Blacbi
1366 2293 1425 2350 in
1447 2291 2015 2352 illisincursionibus

362 2388 788 2456 perpetrarent,
806 2399 873 2439 ea
893 2383 1230 2456 hujusmodi
1250 2382 1877 2455 erantqualianecvisa
1904 2398 2014 2437 un-

360 2489 534 2545 quam
560 2489 662 2529 nec
689 2473 890 2529 audita
905 2478 1059 2541 sunt,
1093 2490 1199 2529 nec
1248 2473 1522 2547 cuiquam
1541 2475 1600 2529 in
1643 2478 1896 2530 mentem
1927 2484 2017 2525 ve-

351 2567 591 2620 nerunt.
630 2562 814 2618 Urbes
836 2571 969 2619 ante
1016 2564 1280 2619 maximae
1302 2570 1357 2620 et
1379 2563 1635 2620 celebres
1657 2572 1713 2619 et
1750 2564 2017 2633 frequen-

353 2652 617 2721 tissimae,
650 2651 865 2725 oppida
887 2660 1153 2723 spectatu
1178 2654 1379 2726 digna,
1412 2654 1534 2724 agri
1556 2658 1615 2709 et
1652 2659 1816 2725 prata
1836 2666 2013 2707 amce-

358 2740 791 2809 nissima,borti
817 2740 1221 2813 pulcherrimi,
1239 2741 1595 2812 perennibus
1610 2741 1747 2797 rivis
1761 2737 2012 2808 fecundi,

360 2831 486 2887 altae
520 2831 751 2896 domus,
785 2830 1179 2888 habitationes
1209 2830 1364 2888 838
1398 2830 1744 2902 conspicua,
1787 2844 2013 2886 summo

355 2922 606 2979 artificio
635 2926 986 2978 constructa
1018 2926 1076 2977 et
1130 2921 1307 2977 variis
1368 2922 1664 2978 coloribus
1705 2924 2012 2987 exornata,

349 3011 777 3069 venustissima
806 3010 1058 3079 lavacra,
1091 3013 1217 3066 uvis
1275 3019 1494 3067 onustae
1551 3011 1711 3076 vites,
1743 3025 1881 3065 arva
1928 3019 2016 3064 se‘

354 3101 585 3171 getibus
616 3100 880 3173 gravida,
912 3104 970 3155 et
999 3100 1112 3155 alia
1140 3103 1414 3155 sexcenta
1447 3116 1574 3171 quis
1604 3103 1843 3167 tempus
1874 3113 2011 3167 pro-

354 3191 790 3261 ducit,quaaque
812 3187 989 3243 vitam
1023 3193 1285 3243 nostram
1323 3194 1537 3243 ornant
1563 3198 1622 3242 et
1668 3191 1884 3242 terram
1913 3187 2011 3256 ju-

353 3277 845 3347 cundam,gratiis
863 3274 1204 3330 afﬂuentem
1227 3281 1284 3331 et
1305 3274 1619 3348 optabilem
1649 3274 1913 3342 reddunt,
1946 3289 2014 3330 ea

355 3366 555 3420 omnia
586 3363 925 3419 hominibus
947 3380 1151 3432 vacua,
1184 3362 1410 3419 echinis
1434 3368 1490 3419 et
1511 3364 1896 3433 ferislantum
1928 3361 2014 3419 la-

354 3453 544 3510 tibula
575 3452 930 3524 praebebant.
964 3452 1094 3517 Quae
1147 3452 1246 3526 qui
1298 3452 1541 3521 videret,
1576 3469 1711 3508 cum
1759 3452 2014 3509 maximo

353 3542 574 3613 ejulatu
606 3547 664 3599 et
694 3542 1057 3616 ﬂetu,capite
1084 3542 1320 3616 pulvere
1350 3543 1921 3616 consperso,diceret
1951 3557 2013 3598 se

352 3632 807 3690 destructionem
840 3633 1096 3689 universi
1128 3649 1383 3702 cernere,
1448 3638 1550 3689 aut
1600 3649 1806 3688 novam
1848 3631 2011 3688 illam

354 3739 548 3779 rerum
576 3726 866 3787 naturam,
899 3720 1206 3793 quajussit
1226 3727 1381 3778 Deus
1428 3722 1698 3794 gramina
1724 3728 1781 3776 et
1803 3720 2014 3777 herbas

358 3811 691 3886 prolificum
715 3827 913 3867 semen
947 3828 1050 3884 pro
1083 3813 1371 3884 cujusque
1401 3826 1613 3884 genere
1643 3816 1700 3867 et
1737 3809 2015 3866 similitu-

355 3902 491 3957 dine
526 3918 596 3956 ex
617 3905 782 3956 terrae
812 3900 1137 3956 visceribus
1159 3901 1345 3973 gigni,
1379 3916 1513 3955 cum
1570 3901 1830 3955 nondum
1862 3902 2018 3956 esset

359 3990 534 4046 homo
566 3989 666 4061 qui
697 3989 781 4045 eis
802 3992 1077 4044 uteretur.
1140 3988 1305 4045 Unde
1352 3989 1491 4044 mibi
1528 3986 1728 4060 lingua
1749 3991 2017 4059 suppetet

356 4080 667 4151 adjustam
700 4083 759 4135 et
779 4078 1071 4150 copiosam
1105 4083 1407 4134 tantorum
1430 4078 1720 4133 malorum
1773 4092 2013 4132 enume-

353 4167 686 4226 rationem?
717 4172 816 4223 aut
848 4166 1188 4239 magnitudo
1220 4165 1400 4235 vocls,
1449 4184 1577 4238 quaa
1630 4165 1845 4237 scripta
1893 4166 2018 4223 haec

354 4259 425 4315 ad
463 4258 635 4329 longe
671 4262 923 4313 remotos
953 4255 1312 4311 transmittat
1339 4255 1367 4311 ‘t
1396 4255 1441 4312 Ο
1474 4272 1567 4312 me
1600 4255 1883 4311 miserum
1915 4257 2016 4311 de-

356 4348 694 4419 criptorem,
712 4345 926 4417 quibus
953 4345 1220 4402 cladibus
1243 4345 1640 4402 deecribendis
1663 4360 1969 4417 supersum
1989 4344 2018 4399 ?

2118 1824 2314 1899 ᾢοντο,
2348 1824 2569 1901 ἄραντες
2622 1823 2682 1881 ἐκ
2708 1832 2807 1895 τῆς
2839 1822 3245 1882 Κωνσταντίνου
3300 1826 3402 1894 τήν
3460 1824 3554 1897 μὲν
3623 1825 3789 1899 πρώ-

2117 1937 2217 1987 την
2250 1917 2385 1991 πρὸς
2418 1920 2497 1987 τῷ
2556 1914 2757 1989 Ἀθύρᾳ
2797 1912 3308 1990 στρατοπεδεύουσι,
3338 1916 3408 1987 τῇ
3441 1911 3489 1967 δ’
3520 1911 3789 1987 ὑστεραίᾳ

2120 2003 2254 2062 εἷ’σω
2288 1999 2606 2080 Σηλυϐρίας
2657 2002 3028 2079 παρήλθοσαν.
3062 2005 3217 2078 [408]
3244 2002 3485 2059 Ἐκεῖθεν
3515 1999 3573 2057 δὲ
3624 2001 3788 2075 ἠμέ-

2122 2117 2220 2173 ρας
2252 2096 2402 2159 τινάς
2434 2092 2783 2171 διαγαγόντες
2816 2097 2905 2148 καὶ
2938 2091 3378 2167 ἐπισιτισάμενοι
3405 2092 3505 2163 τὴν
3563 2088 3799 2165 Ἀδρια-

2121 2190 2214 2241 νοῦ
2251 2184 2635 2259 κατειλήφασι.

2193 2277 2434 2333 Τοιαῦτα
2465 2270 2513 2328 δ’
2544 2272 2609 2342 ἦν
2642 2273 2708 2327 τὰ
2739 2272 2843 2327 ὑπὸ
2877 2276 3104 2337 Σκυθῶν
3166 2271 3257 2326 καὶ
3307 2269 3547 2346 Βλάχων
3578 2267 3632 2325 ἐν
3671 2274 3802 2333 ταῖς

2120 2365 2245 2419 τότε
2283 2359 2683 2437 διαπραχθέντα
2715 2358 3064 2436 ἐπιδρομαῖς,
3105 2360 3271 2417 ὁποῖα
3329 2359 3425 2421 οὖς
3486 2357 3586 2414 οὒκ
3613 2357 3797 2427 ἢκου-

2123 2473 2209 2507 σεν
2271 2447 2394 2507 οὕτε
2450 2449 2738 2529 ὀφθαλμὸς
2792 2450 2999 2525 ἑώρακε
3054 2450 3305 2516 πώποτε,
3345 2445 3468 2504 οὔτε
3534 2450 3643 2522 μὴν
3697 2446 3797 2504 ἐπὶ

2120 2538 2343 2618 καρδίαν
2375 2540 2518 2604 τινὸς
2574 2534 2895 2610 ἀναϐέϐηκε.
2958 2540 3156 2601 Πόλεις
3217 2532 3474 2615 μέγισται
3523 2539 3653 2610 πρὶν
3696 2537 3798 2592 καὶ

2122 2632 2466 2709 περίπυστοι,
2536 2630 2989 2707 μυριάνθρωποι,
3047 2627 3403 2703 κωμοπόλεις
3456 2628 3800 2700 ἀξιοθέατοι,

2121 2721 2279 2798 ἀγροὶ
2335 2720 2426 2776 καὶ
2486 2718 2754 2795 λειμῶνες
2810 2717 3261 2797 καλλιφύτευτοι,
3318 2713 3643 2792 παράδεισοι
3701 2715 3800 2771 εύ-

2123 2810 2331 2881 θαλεῖς,
2399 2810 2705 2885 ἀειρῥύτοις
2765 2810 2995 2882 νάμασιν
3053 2805 3457 2881 ἀγλαόκαρποι,
3513 2804 3800 2883 ὑψόροφοι

2124 2899 2398 2977 δόμοικαὶ
2434 2901 2678 2973 οἰκήσεις
2705 2894 3088 2977 περίϐλεπτοι,
3150 2896 3203 2962 ἐς
3261 2892 3581 2973 ὑπερϐολήν
3619 2916 3795 2975 πεφι-

2124 2989 2529 3072 λοτεχνημέναι
2558 2990 2649 3045 καὶ
2706 2992 2967 3065 χρώμασι
3010 2984 3325 3044 πολυειδέσι
3380 2984 3790 3072 διηνθισμέναι,

2045 3067 2090 3135 C
2125 3067 2466 3138 παντοδαπαί
2502 3099 2562 3135 τε
2605 3077 2825 3154 χάριτες
2886 3075 3189 3150 βαλανείων
3248 3074 3340 3131 καὶ
3396 3069 3792 3150 καρποϐριθεῖς

2118 3166 2378 3244 ἡμερίδες
2405 3166 2495 3224 καὶ
2527 3165 2664 3240 λήϊα
2700 3170 2780 3238 τῷ
2823 3165 2956 3240 σίτῳ
2985 3166 3301 3238 ἀκμάζοντα
3328 3163 3422 3219 καὶ
3472 3159 3781 3235 ἄλλέτερα

2122 3262 2311 3336 μυρία,
2335 3260 2509 3315 ὁπόσα
2539 3256 2763 3336 φύουσιν
2777 3257 2915 3330 ὧραι
2941 3254 3139 3312 καὶτὰ
3162 3256 3434 3331 ἡμέτερον
3463 3255 3576 3330 βίον
3592 3249 3771 3325 ἀγάλ-

2118 3348 2277 3407 λουσι
2308 3349 2400 3405 καὶ
2428 3346 2665 3413 τιθέασιν
2712 3343 2996 3422 ἐπιτερπές
3031 3344 3122 3400 καὶ
3161 3344 3360 3407 πάσαις
3398 3345 3583 3422 χάρισι
3610 3361 3769 3415 περι-

2120 3439 2307 3518 στεφὶς
2337 3437 2428 3495 καὶ
2459 3435 2810 3512 πολυάρατον
2835 3435 2899 3492 τὸ
2938 3434 3232 3509 περίγειον,
3262 3439 3432 3490 ταῦτα
3476 3430 3545 3501 δὴ
3600 3431 3783 3485 πάντα

2118 3525 2300 3605 ἔρημα
2330 3527 2625 3605 ἀνθρώπων
2655 3527 2905 3600 δρώμενα
2942 3523 3150 3600 ἐχίνοις
3207 3524 3399 3599 μόνοις
3438 3521 3528 3577 καὶ
3558 3521 3781 3597 θηρίοις

2120 3620 2385 3692 οἷκήσιμα
2420 3618 2511 3688 ἦν.
2545 3616 2710 3673 Εἶπεν
2750 3617 2809 3670 ἄν
2837 3634 2921 3676 τις
2960 3611 3180 3675 ἐπιστὰς
3212 3612 3438 3674 ἐκείνοις
3486 3608 3576 3665 καὶ
3606 3607 3784 3665 πλεῖ-

2120 3731 2219 3766 στα
2245 3705 2552 3782 κοψάμενος
2582 3703 2673 3760 καὶ
2714 3701 2883 3781 δάκρυ
2918 3703 3188 3783 χεάμενος
3213 3702 3305 3758 καὶ
3350 3702 3501 3757 κόνιν
3530 3698 3788 3773 πασάμε-

2118 3820 2212 3864 νος
2240 3795 2620 3872 καταστροφὴν
2652 3795 2780 3869 ὁρᾷν
2846 3793 2944 3848 τοῦ
2972 3793 3195 3864 παντὸς,
3226 3790 3263 3861 ἢ
3306 3795 3436 3866 γοῦν
3462 3793 3572 3845 τῶν
3605 3787 3785 3844 ὃντων

2121 3890 2305 3969 ἑτέραν
2369 3888 2710 3965 παραγωγὴν
2752 3888 2889 3962 (’17),
2946 3886 3064 3942 καθ’
3102 3883 3169 3955 ἢν
3213 3885 3311 3959 μὶν
3369 3884 3399 3940 ’ὸ
3458 3882 3587 3945 Θεὸς
3645 3882 3785 3937 ἀπε-

2121 3979 2338 4060 φαίνετο
2403 3977 2605 4054 χόρτον
2669 3976 2759 4032 καὶ
2824 3975 3058 4052 βοτάνην
3113 3973 3204 4030 καὶ
3281 3977 3503 4049 σπεῖρον
3561 3972 3787 4045 σπέρμα

2119 4059 2260 4126 κατά
2286 4068 2437 4144 γένος
2498 4087 2558 4123 τε
2610 4060 2704 4122 καὶ
2756 4066 2877 4120 καθ’
2932 4064 3244 4137 ὁμοιότητα
3274 4062 3335 4119 ἐκ
3389 4067 3497 4117 τῶν
3531 4059 3785 4138 λαγόνων

2119 4161 2219 4231 τῆς
2245 4164 2350 4236 γῆς
2391 4152 2763 4225 ἀναδίδοσθαι,
2795 4156 2823 4209 ὁ
2866 4151 2911 4209 δ’
2952 4154 3236 4230 ἄνθρωπος
3270 4152 3423 4209 οὕπω
3460 4151 3528 4223 ἦν
3587 4151 3617 4206 ὁ
3656 4147 3787 4205 τού·

2121 4271 2241 4307 τοις
2272 4247 2646 4326 χρησόμενος.
2706 4243 2873 4301 Πόθεν
2932 4240 2995 4299 ἄν
3048 4239 3365 4314 ἐπλούτησα
3418 4240 3673 4318 γλῶτταν
3705 4237 3789 4302 εἷς

2120 4336 2395 4395 τοσούτων
2426 4340 2605 4392 κακῶν
2653 4331 2850 4411 διαρκῆ
2884 4332 2975 4389 καὶ
3016 4330 3313 4409 φιλότιμον
3380 4333 3788 4406 ἀπαρίθμησιν,

361 4418 583 4509 quanta
616 4452 746 4492 mea
777 4440 834 4492 et
863 4452 1128 4493 meorum
1155 4434 1527 4511 popularium
1567 4436 1719 4492 mala
1766 4451 2015 4492 comme-

2127 4428 2378 4507 ἢφωνῆς
2412 4424 2635 4503 μέγεθος
2704 4420 3123 4511 διαπεμπούσης
3177 4426 3293 4483 τοῖς
3349 4418 3634 4511 πόρῥωθεν
3674 4420 3793 4511 (78)

364 4544 524 4584 moro
554 4526 582 4582 Ἰ
612 4526 745 4597 quis
768 4525 906 4581 talia
936 4529 1153 4597 tropea
1182 4526 1254 4581 ab
1286 4526 1555 4582 hostibus
1583 4529 1774 4582 erecta
1803 4524 2012 4581 saltem

361 4614 578 4672 intueri
609 4612 950 4670 sustineat?
979 4613 1118 4669 Nam
1149 4612 1289 4669 olim
1350 4615 1447 4686 qui
1506 4613 1703 4685 praelio
1731 4616 2011 4680 vicerant,

360 4706 630 4761 hamanm
656 4704 1007 4760 conditionis
1036 4720 1323 4759 memores
1355 4719 1459 4758 nec
1503 4702 1850 4760 immortalia
1881 4702 2016 4759 odia

357 4792 764 4852 conservanda
803 4810 934 4850 esse
962 4794 1096 4864 rati,
1130 4798 1349 4864 tropaea
1381 4808 1448 4849 ex
1511 4792 1705 4863 parvis
1751 4792 1927 4864 lignis
1958 4795 2017 4846 et

359 4884 515 4940 saxis
549 4883 1010 4953 constituebant,
1045 4887 1109 4939 ut
1138 4882 1347 4954 exiguo
1378 4881 1658 4953 temporis
1715 4878 2017 4937 intervallo

362 4972 756 5043 abolerentur,
805 4972 959 5028 839
1021 4971 1235 5043 quippe
1292 4987 1409 5026 non
1469 4970 1740 5026 amicitiae
1802 4985 2018 5026 monu-

366 5067 581 5128 menta,
614 5062 713 5118 sed
744 5060 1183 5118 inimicitiarum
1226 5064 1284 5116 et
1340 5059 1585 5115 caedium
1629 5059 2018 5115 irritamenta.

365 5154 534 5206 Nunc
579 5167 710 5207 vero
763 5151 1094 5208 eversiones
1155 5149 1394 5206 urbium
1425 5154 1481 5205 et
1530 5164 1725 5204 rerum
1757 5149 2020 5204 omnium

2123 4518 2190 4573 τὰ
2220 4517 2541 4595 γραφόμενα
2576 4532 2590 4584 ;
2625 4512 2699 4576 ὡς
2742 4509 3022 4587 δυστυχὴς
3081 4509 3191 4588 ἐγὼ
3249 4509 3611 4587 συγγραφεὺς,
3646 4508 3798 4573 οἳοις

2121 4611 2312 4669 κακοῖς
2337 4604 2735 4678 ἐταμιευόμην,
2768 4602 2911 4664 οἳοις
2945 4599 3102 4675 ἐμοῖς
3151 4620 3211 4656 τε
3238 4599 3331 4655 καὶ
3387 4602 3499 4655 τῶν
3544 4595 3799 4678 φυλετῶν

2124 4673 2548 4771 δυσπραγήμασι
2578 4673 2670 4748 τὸν
2700 4689 2866 4768 λόγον
2924 4673 3247 4769 χαρίζομαι.
3276 4686 3368 4751 Τίς
3422 4687 3531 4763 γὰρ
3558 4673 3649 4742 ήᾶν
3700 4673 3798 4741 καὶ

2124 4784 2293 4863 σχοίη
2354 4783 2501 4845 ὅλως
2569 4781 2875 4857 ὑπενεγκεῖν
2925 4783 3152 4836 τοιαῦτα
3220 4777 3497 4851 θεώμενος
3551 4773 3793 4863 τρόπαια

2124 4861 2262 4951 πρὸς
2291 4876 2398 4929 τῶν
2430 4869 2717 4943 πολεμίων
2750 4868 3141 4945 ἀνεγειρόμενα
3171 4883 3185 4935 ;
3232 4867 3285 4921 οἳ
3332 4866 3429 4941 μὶν
3482 4863 3585 4941 γὰρ
3615 4861 3790 4951 πάλαι

2127 4946 2230 5036 της
2287 4963 2479 5041 μάχης
2534 4961 2883 5033 κρατοῦντες,
2942 4957 3262 5034 ἀνθρώπινα
3321 4946 3790 5041 φρονοῦντες-οὐδ

2129 5037 2380 5111 ἀθάνατα
2393 5037 2535 5125 μίση
2567 5053 2756 5124 τηρεῖν
2789 5043 3201 5121 δοκιμάζοντες,
3228 5042 3319 5101 διὰ
3348 5042 3517 5116 ξύλων
3530 5038 3616 5094 καί
3648 5037 3778 5125 Epa-

2130 5145 2278 5220 χέων
2309 5120 2479 5204 λίθων
2508 5120 2740 5193 ἀνίστων
2767 5120 3023 5210 τρόπαια,
3048 5135 3198 5198 ὅπως
3232 5132 3419 5209 ὀλίγον
3449 5126 3641 5204 χρόνον
3659 5120 3787 5179 δια-

1700 5249 1878 5318 Hier.
1949 5248 2163 5315 Wolﬂi
2213 5253 2409 5311 notae.

439 5365 552 5436 (77)
584 5365 655 5421 Ἦ
690 5366 820 5437 γοῦν
874 5367 982 5440 τῶν
1036 5359 1204 5420 ὅντων
1257 5363 1441 5440 ἑτέραν
1506 5365 1858 5440 παραγωγήν.
1922 5365 2028 5420 Aut

368 5440 540 5493 etiam
568 5438 1136 5510 rerumcreationem.
1197 5438 1454 5510 Respicit
1512 5438 1596 5493 ad'
1633 5438 1898 5510 agroset
1928 5452 2029 5510 ure

371 5513 473 5565 bes
533 5507 877 5563 custodibus
928 5525 1162 5580 vacuas.
1221 5507 1523 5565 Verteram
1582 5507 1870 5580 principio
1918 5508 2032 5580 gaut

376 5594 566 5653 rerum
594 5584 855 5653 naturam
888 5580 960 5653 ab
991 5595 1051 5635 eo
1079 5579 1371 5653 diversam,
1402 5596 1509 5653 qua
1538 5578 1721 5653 iussit,
1745 5578 1881 5653 _etc.
1915 5578 2030 5653 Pu-

377 5652 578 5707 tabam
605 5650 761 5706 enim
790 5651 950 5708 louui
1012 5653 1082 5707 de
1110 5652 1382 5707 vastitate
1409 5650 1694 5708 ‘Tbraciae
1742 5650 2032 5707 incendiis

382 5724 742 5778 deformatae.
774 5722 885 5780 Sed
918 5723 1065 5778 hanc
1094 5722 1446 5780 sententiam
1472 5723 1736 5796 repudio,
1767 5722 1920 5796 quod
1951 5736 2036 5777 se-

2137 5360 2337 5486 quitur
2367 5357 2395 5411 ὁ
2427 5352 2475 5410 δ’
2503 5352 2794 5441 ἅνθρωπος
2822 5352 2925 5407 οὐκ
2962 5350 3053 5421 ἦν,
3087 5352 3261 5437 qupsi
3321 5349 3475 5433 dicat
3530 5342 3803 5427 Thraciae

2163 5445 2319 5486 uisse
2352 5445 2482 5486 eam
2515 5429 2723 5484 faciem
2754 5441 2883 5486 qua:
2922 5428 3174 5481 recentis
3224 5422 3434 5479 mundi
3481 5420 3657 5475 fuerit
3681 5415 3803 5472 cul-

2163 5415 2319 5487 bisse
2352 5445 2482 5487 eam
2515 5415 2723 5484 faciem
2754 5415 2883 5498 qua:
2922 5415 3189 5481 recentis.
3224 5422 3434 5479 mundi
3481 5417 3657 5475 fuerit
3681 5415 3804 5472 cul-

2137 5503 2369 5559 toribus
2398 5499 2592 5557 vacui.
2683 5566 2693 5570 Α
3087 5562 3134 5570 ,,
3154 5564 3166 5570 _
3368 5564 3413 5570 _
3626 5559 3637 5570 .

2206 5574 2318 5646 (78)
2372 5566 2801 5646 Δισπεμπούσης
2859 5569 2978 5646 τοῖς
3029 5562 3311 5646 πόῤῥωθεν
3368 5562 3805 5646 Transmittem

2136 5630 2498 5718 ad‘po'steros
2517 5630 2804 5718 έεεειτοῗς
2840 5630 3150 5718 μετέπειτὰιξ
3184 5639 3270 5695 Ad
3306 5649 3488 5718 quam
3507 5630 3805 5718 signi-fica-

2135 5703 2355 5777 tionem
2375 5716 2440 5771 τὸ
2480 5709 2760 5791 πόρῥωθεν
2781 5703 2896 5769 non
2921 5708 3066 5768 satis
3100 5703 3415 5771 commode
3436 5703 3811 5765 deﬂectitur.
