4074 6414
286 408 441 474 1025

1737 354 1932 469 υιιΒι
1984 405 2264 470 CAPTA.

3567 405 3726 470 1026

293 544 639 622 μεμενηκότα
667 544 1034 620 παρέρχηται,
1069 541 1143 606 ὣς
1180 537 1323 616 μηδὲ
1354 539 1542 616 φιλίας
1576 542 1947 616 ὑπομνήματα

2074 546 2361 602 vastitates
2387 545 2604 601 indicia
2634 545 2888 602 victoriae
2919 562 2952 602 a
2989 544 3259 602 Barbaris
3309 550 3446 604 sunt
3475 551 3724 618 reperta,

302 631 454 707 ὅντα,
485 631 614 690 ἀλλ’
641 630 835 708 ἔχθρα,
866 633 957 688 καὶ
987 633 1312 708 προχόσεως
1335 631 1580 704 αἱμάτων
1611 631 1963 706 ἐμπυρεύμα-

299 747 387 783 τα.
420 725 550 780 Novi
586 721 642 778 δὲ
671 723 889 778 πόλεων
919 723 1256 798 κατασκαφαὶ
1294 722 1387 776 καὶ
1416 726 1518 776 τοῦ
1569 722 1771 784 παντὸς
1823 722 1964 798 άφα-

296 816 462 876 νίσεις
496 810 760 888 δείγματα
785 820 884 882 τῆς
927 813 1084 883 νίκης
1121 813 1257 886 πρὸς
1305 816 1414 867 τῶν
1470 806 1764 886 Βαρϐάρων
1817 811 1962 883 ἐξεύ-

302 925 513 980 ρηνται,
546 904 626 964 οἷς
679 905 857 966 θεόθεν
917 903 994 966 εἷς
1048 903 1386 980 μαστίγωσιν
1438 899 1797 974 ἐκδεδόμεθα.
1850 901 1966 958 Οὔκ

301 993 632 1068 ἀνεχόμενοι
667 989 724 1048 δὲ
757 992 800 1048 εί
838 994 914 1066 μὴ
968 993 1058 1048 καὶ
1108 992 1203 1047 τὸν
1256 990 1553 1070 κολοφῶνα
1601 996 1710 1046 τῶν
1757 989 1968 1061 ἂτοπη-

305 1082 489 1154 μάτων
546 1084 1017 1156 προσεπιθήσουσι
1067 1082 1158 1136 καὶ
1211 1079 1602 1155 προσεπάγωσι
1669 1080 1735 1135 τὰ
1783 1078 1965 1135 παλα-

305 1173 632 1248 μναιότατα,
664 1174 752 1227 καὶ
803 1192 864 1247 γε
906 1174 1014 1226 τῶν
1065 1170 1354 1243 Ῥωμαίων
1408 1170 1560 1231 τινάς
1614 1168 1964 1246 συγκατέχω-

301 1287 394 1322 σαν
427 1270 632 1335 ζῶντας
665 1265 787 1322 τοῖς
819 1258 854 1328 ἤ
889 1263 1100 1336 φυσικῷ
1132 1259 1294 1332 μόρῳ
1326 1258 1360 1328 ἢ
1393 1259 1484 1312 καὶ
1517 1257 1672 1332 νόμῳ
1710 1257 1967 1333 πολεμίῳ

299 1356 386 1426 [Ρ.
450 1353 576 1424 409]
636 1349 1038 1421 καταστρέψασι
1091 1347 1152 1400 τὸ
1207 1349 1301 1419 ζῇν
1353 1344 1668 1424 ὁμοφύλοις
1715 1345 1966 1426 ἐκείνοις,

301 1436 863 1514 συνεντυμϐεύσαντὲς
941 1458 1118 1515 σφισιν
1215 1437 1450 1512 ἱππάρια
1545 1433 1786 1510 δρομικὰ
1881 1439 1964 1499 οἶς

305 1534 638 1603 ἐπεκάθηντο
671 1529 758 1584 καὶ
788 1529 915 1600 τόξα
947 1525 1218 1602 κερουλκά
1266 1526 1357 1581 καὶ
1408 1527 1638 1606 ἀμφηκη
1691 1530 1962 1608 φάσγαναν

305 1622 382 1694 μὴ
428 1619 584 1681 ὄντος
645 1614 1017 1691 λυτρουμένου
1071 1611 1213 1688 μηδὲ
1267 1613 1556 1683 σώζοντος.
1608 1615 1762 1669 Οὑτω
1819 1616 1966 1689 παρᾶ

304 1705 604 1784 βαρϐάροις
638 1706 699 1760 οὐ
732 1703 902 1783 φειδώ
947 1723 1032 1764 τις
1080 1703 1172 1757 καὶ
1228 1701 1465 1772 συστολή
1520 1707 1627 1758 τῶν
1678 1703 1959 1777 ἄνομόίων

299 1805 372 1873 τῇ
405 1797 561 1878 φύσει
593 1795 858 1870 πράξεων.
914 1795 1087 1850 Ἦσαν
1141 1789 1186 1847 δ’
1235 1794 1439 1868 ἡμέραι
1480 1793 1813 1868 πασχάλιοι,
1861 1800 1962 1864 τῆς

301 1887 496 1957 ἐνάτης
537 1883 934 1952 διιππευούσης
994 1881 1394 1955 ἐπινεμήσεως,
1439 1887 1535 1937 τοῖ’)
1587 1881 1957 1957 ἑξακισχιλιο-

306 1981 438 2032 στοῦ
467 1973 728 2048 τετάρτου
779 1973 870 2026 καὶ
919 1968 1144 2025 δεκάτου
1204 1964 1378 2034 ἔτους,
1433 1969 1595 2039 ἡνίκα
1649 1970 1716 2025 τὰ
1773 1971 1963 2045 οἰκτρὰ

301 2070 470 2122 ταῦτα
501 2064 590 2118 καὶ
628 2068 798 2118 πᾶσαν
832 2062 1003 2130 ἀκοὴν
1056 2060 1147 2115 καὶ
1198 2061 1317 2115 θέαν
1367 2057 1544 2130 δεινὴν
1601 2059 1964 2136 ὑπερπαίοντα

303 2152 727 2229 συνηνέχθησαν.
813 2150 1059 2206 Παιάνων
1136 2149 1319 2204 τοίνυν
1393 2150 1486 2204 καὶ
1565 2152 1959 2224 στεναγμάτων

302 2246 515 2317 ξύμπας
551 2240 914 2316 ἐπεπλήρωνο
949 2244 1136 2315 χῶρος
1192 2239 1248 2294 δν
1301 2237 1510 2308 ἐπῆλθε
1559 2240 1619 2293 τὸ
1671 2239 1959 2311 Σκυθικὸν,

296 2333 390 2389 καὶ
421 2335 617 2405 θρῆνος
668 2330 756 2386 καὶ
809 2329 929 2385 οὐαὶ
979 2329 1071 2384 καὶ
1129 2327 1411 2400 κλαυθμὸς
1456 2329 1552 2384 τὸν
1600 2329 1743 2403 ἦχον
1798 2330 1960 2406 ὑπερ-

304 2423 500 2499 εφώνει
528 2422 619 2476 τὸν
666 2422 1017 2494 ἑορτάσιμον.
1069 2419 1168 2474 Καὶ
1219 2417 1309 2472 ὅτε
1362 2417 1547 2496 τάφων
1597 2417 1822 2480 κένωσις
1871 2419 1961 2474 καὶ

305 2507 437 2580 ᾆδου
469 2509 778 2581 καθαίρεσις
807 2507 997 2562 καὶτὰ
1045 2505 1104 2561 ἐκ
1153 2505 1387 2562 νεκάδων
1445 2509 1797 2582 ἀνεγερτηρια
1844 2513 1960 2568 τοῖς

301 2594 615 2654 εὐσεϐοῦσιν
657 2595 846 2673 ᾔδετο,
898 2599 1024 2653 τότε
1084 2597 1161 2651 εἷς
1221 2599 1540 2670 κευθμῶνας
1596 2604 1697 2672 γῆς
1750 2597 1838 2651 καὶ
1896 2599 1962 2652 τά

301 2694 400 2744 τοῦ
477 2687 609 2758 ’ᾲδου
686 2687 887 2765 ζοφερὰ
959 2686 1049 2740 καὶ
1125 2680 1331 2764 φοϐερὰ
1420 2687 1752 2759 σκηνώματα
1825 2687 1962 2742 κατὰ

302 2774 562 2839 συνόδους
637 2777 692 2831 αἱ
766 2774 957 2837 πόλεις
1029 2775 1298 2832 καθίεντο.
1374 2776 1482 2837 Τὰς
1537 2772 1581 2829 δ’
1641 2776 1958 2852 ἀπαγωγὰς,

306 2868 402 2928 τὰς
455 2864 512 2922 δὲ
558 2866 863 2942 προνομὰς,
906 2867 1008 2934 τήν
1065 2861 1109 2920 δ’
1151 2863 1624 2939 ἐναπερῥιμμένην
1684 2870 1805 2923 ταῖς
1847 2886 1961 2940 τρι-

299 2954 453 3018 όδοις
529 2957 706 3029 ἄωρον
783 2951 1004 3023 ἡλικίαν
1080 2953 1171 3008 καὶ
1230 2954 1360 3016 τοὺς
1421 2951 1798 3032 διαξιφισμοὺς
1849 2959 1956 3009 τῶν

299 3044 656 3120 προηκόντων
699 3043 885 3118 χρόνῳ
937 3043 1208 3116 σωμάτιον
1268 3043 1352 3105 τίς
1409 3042 1552 3097 οὕτω
1609 3039 1958 3118 πολύδακρυς

297 3135 390 3189 καὶ
421 3131 768 3209 πολύθρηνος
803 3132 852 3186 ἐν
886 3131 1195 3206 ἀνθρώποις
1227 3132 1301 3194 ὡς
1356 3131 1510 3202 ἀξίω,
1554 3132 1644 3187 καὶ
1693 3134 1956 3200 πενθῆσαι

294 3226 384 3280 καὶ
466 3221 822 3294 δεξιώσασθαι
900 3219 1174 3297 δάκρυσι;
1251 3222 1356 3294 πρὸ
1409 3218 1466 3276 δὲ
1505 3228 1606 3290 τῆς
1645 3219 1956 3297 ἐπιδρομῆς

1993 1926 2040 1992 Β

2074 634 2290 705 quibus
2321 635 2600 690 divinitus
2631 635 2957 704 ﬂagellandi
2997 637 3260 692 concessi
3317 651 3522 692 sumus
3556 655 3570 704 ;
3624 634 3728 706 qui

2074 739 2188 778 non
2218 723 2516 778 ferendum
2548 740 2676 779 esse
2707 723 2837 794 rati,
2897 723 3011 779 nisi
3070 723 3450 796 colophonem
3507 724 3722 780 imma-

2076 812 2241 867 nitati
2274 829 2395 869 sua)
2423 812 2788 884 imponerent
2843 817 2900 868 et
2956 813 3324 869 atrocissima
3370 814 3587 870 scelera
3618 814 3726 868 ad-

2066 902 2405 973 jungerent,
2453 902 2675 973 aliquot
2733 901 3028 958 Romanos
3084 901 3242 958 vivos
3300 904 3513 975 (neque
3571 904 3724 958 enim

2077 991 2389 1062 quisquam
2423 999 2540 1046 erat
2574 991 2673 1062 qui
2706 1008 2804 1046 eos
2836 989 2923 1045 vel
2963 991 3276 1047 redimeret
3332 991 3420 1048 vel
3483 1009 3725 1049 conser-

2076 1080 2419 1153 varet)cum
2481 1081 2862 1154 popularibus
2912 1081 3035 1136 suis
3092 1081 3176 1136 vel
3239 1082 3490 1137 naturali
3545 1091 3728 1138 morte

2075 1170 2364 1226 defunctis
2390 1171 2473 1226 vel
2509 1169 2660 1226 bello
2692 1171 2857 1227 caesis
2890 1174 3039 1225 terra
3091 1170 3437 1242 obruerunt,
3479 1172 3726 1243 sepultis

2077 1275 2196 1314 una
2247 1259 2410 1330 equis
2470 1259 2762 1316 velocibus
2820 1260 3035 1331 quibus
3087 1260 3444 1331 insederant,
3500 1261 3728 1317 corneis

2078 1349 2331 1405 arcubus
2362 1355 2418 1404 et
2449 1349 2804 1420 ancipitibus
2824 1349 3050 1420 gladiis.
3085 1349 3168 1404 Ita
3214 1349 3448 1404 Barbari
3490 1369 3520 1404 a
3553 1350 3730 1404 rebus

2077 1443 2293 1493 naturae
2344 1437 2653 1494 contrariis
2703 1438 2864 1493 nulla
2944 1439 3285 1504 reverentia,
3347 1439 3508 1494 nullo
3569 1443 3728 1494 metu

2077 1530 2608 1582 deterrentur.Cum
2640 1526 2762 1582 haec
2794 1528 3149 1583 miserabilia
3197 1529 3551 1599 spectacula,
3601 1545 3728 1600 quia

2076 1632 2304 1672 omnem
2326 1615 2631 1672 verborum
2656 1618 3020 1672 atrocitatem
3056 1624 3355 1689 superant,
3390 1620 3728 1684 ederentur,

2077 1705 2383 1762 Paschales
2415 1706 2536 1762 dies
2566 1709 2751 1774 erant,
2813 1707 3132 1763 indictione
3188 1709 3221 1762 9
3279 1709 3418 1765 anni
3448 1709 3630 1778 6714;
3669 1713 3729 1764 et

2074 1800 2132 1852 et
2189 1794 2380 1850 omnis
2448 1793 2613 1849 locus
2702 1811 2874 1866 quem
2939 1796 3164 1868 Scytha;
3226 1805 3614 1869 pervagantur
3673 1802 3729 1853 et

2075 1883 2310 1957 hymnis
2340 1888 2398 1939 et
2427 1883 2702 1955 suspiriis
2733 1889 2857 1939 erat
2887 1885 3118 1956 plenus.
3155 1886 3623 1944 Lamentationes
3671 1892 3730 1944 et

2072 1973 2328 2044 ejulatus
2362 1973 2696 2028 festivarum
2731 1974 3071 2030 cautionum
3104 1990 3316 2030 sonum
3356 1978 3725 2046 superabant.

2071 2065 2214 2119 Cum
2248 2061 2642 2133 sepulcrorum
2672 2065 2991 2128 evacuatio,
3054 2065 3266 2119 inferni
3321 2067 3634 2122 destructio
3675 2075 3730 2123 et

2070 2169 2102 2208 a
2133 2153 2379 2209 mortuis
2437 2153 2786 2209 resurrectio
2844 2171 2875 2207 a
2935 2153 3044 2225 piis
3092 2153 3432 2211 hominibus
3472 2155 3728 2212 celebra-

2072 2242 2303 2311 bantur,
2341 2246 2465 2296 tum
2499 2240 2558 2295 in
2587 2256 2854 2297 recessus
2885 2239 3110 2296 telluris
3145 2245 3200 2296 et
3258 2241 3472 2298 inferni
3533 2243 3730 2314 caligi-

2072 2347 2216 2386 nosa
2262 2338 2315 2385 et
2372 2329 2674 2386 horribilia
2724 2329 3098 2386 tabernacula
3153 2330 3328 2386 urbes
3388 2333 3725 2402 cateryatim

2070 2420 2546 2476 detrudebantur.
2631 2420 3018 2476 Abductiones
3103 2438 3260 2489 vero,
3343 2421 3722 2493 direptiones,

2071 2509 2594 2565 8401mmaturae
2651 2511 2839 2565 (etatis
2907 2509 2965 2564 in
3021 2510 3208 2565 triviis
3267 2510 3626 2581 abjectiones
3676 2515 3733 2567 et

2071 2599 2347 2655 senilium
2407 2615 2709 2672 corporum
2778 2599 3184 2666 dissectiones,
3262 2600 3397 2672 quis
3464 2603 3728 2657 omnium

2072 2689 2403 2744 mortalium
2438 2689 2521 2744 ita
2550 2688 2825 2761 lacrymis
2849 2695 2906 2744 et
2937 2691 3098 2746 luctu
3159 2691 3442 2757 abundat,
3475 2695 3540 2746 ut
3579 2692 3726 2746 satis

2070 2776 2269 2848 lugere
2299 2782 2356 2833 et
2385 2777 2682 2849 deplorare
2716 2777 2933 2848 queat?
2988 2780 3137 2834 Ante
3198 2778 3346 2836 hanc
3396 2779 3724 2852 Scythicam

2069 2867 2466 2923 incursionem
2499 2867 2648 2923 circa
2704 2868 2964 2924 Thracias
3023 2885 3260 2940 campos
3318 2869 3619 2926 cornicum
3670 2875 3729 2927 et

2069 2972 2373 3013 corvorum
2429 2956 2706 3028 legiones,
2767 2957 2891 3012 alite
2941 2975 2976 3012 a
3032 2957 3450 3029 septentrione,
3484 2959 3611 3014 aliis
3653 2961 3727 3016 ab

2067 3052 2288 3114 austro,
2324 3047 2441 3102 fato
2487 3048 2763 3117 quodam,
2798 3063 2911 3101 non
2967 3047 3204 3102 fortuito
3237 3063 3401 3118 casu,
3434 3047 3490 3102 in
3547 3064 3729 3105 unum

2066 3135 2258 3192 locum
2283 3139 2638 3207 congregatae
2659 3151 2916 3207 pugnam
2940 3135 3382 3192 commiserunt.
3417 3137 3522 3192 Sed
3568 3138 3723 3194 corvi

2069 3223 2473 3295 magnitudine
2513 3238 2822 3296 corporum
2883 3225 3202 3296 phalanges
3255 3225 3726 3282 meridionalium

293 3313 462 3385 τῆσδε
489 3321 590 3384 τῆς
620 3319 895 3382 Σκυθικῆς
924 3311 1048 3386 περὶ
1079 3313 1146 3366 τὰ
1195 3311 1434 3386 Θρᾳκικᾶ
1483 3309 1642 3366 πεδία
1694 3319 1949 3387 κορωνῶν

2074 3313 2368 3370 cornicum
2399 3312 2456 3367 in
2489 3311 2685 3384 fugam
2718 3319 3028 3368 verterunt.

287 3405 377 3459 καὶ
409 3404 656 3477 κοράκων
688 3399 1046 3477 στρατόπεδα,
1101 3401 1136 3456 ἃ
1185 3401 1282 3475 μὶν
1331 3402 1436 3456 ἀπὸ
1488 3405 1666 3475 μερῶν
1711 3407 1818 3457 τῶν
1875 3401 2124 3479 βορείων,
2176 3397 2209 3454 ἃ
2251 3397 2300 3454 δ’
2335 3401 2397 3454 ’ἐκ
2442 3403 2551 3454 τῶν
2594 3399 2810 3473 νοτίων,
2863 3402 2978 3455 κατ’
3025 3400 3255 3474 ἐξαισίαν
3303 3423 3425 3458 τινα
3487 3405 3577 3460 καὶ
3633 3409 3710 3479 μή

288 3496 598 3568 αὐτόματον
630 3491 935 3570 συνδρομὴν
965 3493 1039 3554 εἰς
1086 3488 1178 3547 ἕνα
1225 3490 1634 3562 συνεληλυθότα
1686 3497 1872 3568 χῶρον
1918 3491 2196 3564 ἀλλήλοις
2247 3487 2590 3568 συνέρραξαν,
2632 3493 2721 3546 καὶ
2771 3494 3336 3567 κατευμεγεθήσαντες
3385 3497 3436 3550 οἱ
3483 3498 3712 3572 κόρακες

290 3586 386 3648 τὰς
416 3590 522 3640 τῶν
553 3584 612 3639 ἐκ
639 3585 801 3639 νότου
832 3581 1073 3638 κολοιῶν
1106 3582 1398 3657 ἐτρέψαντο
1432 3581 1741 3657 φάλαγγας.

361 3675 438 3732 Οὐ
476 3673 643 3747 μόνον
698 3671 756 3728 δὲ
805 3673 871 3728 τὰ
923 3677 1151 3746 Θρᾳκῷα
1202 3672 1228 3726 ὁ
1281 3668 1493 3743 δαίμων
1550 3671 1960 3746 ἀντιπεριέστη-

291 3788 375 3820 σεν
445 3764 522 3825 είς
590 3764 848 3834 τοιαύτην
919 3762 1250 3832 ἀθλιότητα,
1323 3761 1412 3816 καὶ
1479 3766 1796 3837 πειρασμῶν
1869 3762 1962 3834 μὶν

291 3854 566 3930 ἀνερῥάγη
625 3853 897 3922 θάλασσα,
959 3855 1141 3906 κακῶν
1202 3847 1249 3905 δ’
1307 3847 1619 3920 ἀνηκέστων
1663 3848 1964 3906 κλυδώνιον

306 3941 452 4015 ἔζεσε
481 3945 573 3999 καὶ
614 3947 913 4020 συμφορῶν
967 3941 1424 4020 ἀνερῥιπίσθησαν
1476 3941 1766 4009 λαίλαπες,
1817 3939 1966 3997 ἀλλὰ

302 4037 372 4091 τὰ
402 4035 522 4100 καθ’
555 4033 780 4109 ἐσπέραν
837 4033 899 4088 ού
952 4033 1089 4107 πρὸς
1145 4030 1370 4088 ἔλαττον
1419 4030 1685 4107 ἔπασχον.
1735 4034 1966 4102 Ἀθήνας

307 4125 402 4199 μὲν
458 4125 564 4199 γὰρ
623 4124 712 4177 καὶ
776 4117 959 4191 Θήϐας
1009 4121 1099 4176 καὶ
1147 4117 1389 4178 Εὖϐοιαν
1427 4122 1516 4176 καὶ
1571 4121 1638 4176 τὰ
1694 4122 1815 4195 περί
1859 4125 1967 4177 Με-

305 4214 485 4281 θώνην
542 4210 633 4264 καὶ
683 4211 894 4282 Πάτραν
957 4215 1151 4282 σπεῖρα
1203 4214 1519 4284 Καμπάνων
1576 4211 1667 4267 καὶ
1726 4211 1966 4266 Λατίνων

303 4300 633 4359 εὐσύνοπτος
676 4297 806 4351 ὡσεὶ
865 4297 955 4352 καὶ
1017 4299 1240 4368 κτήσεις
1294 4297 1630 4372 διενείμαντο
1688 4300 1967 4373 πατρῴας.

306 4388 368 4440 Οἱ
402 4385 458 4442 δὲ
491 4391 638 4466 σφῶν
693 4385 1045 4455 δεσπόζοντες
1093 4387 1358 4462 πρότερον
1409 4386 1461 4442 ἐν
1516 4387 1968 4462 προπηλακισμῷ

301 4475 392 4529 καὶ
436 4473 630 4548 ἀτιμίᾳ
669 4474 964 4550 ἠνείχοντο
1033 4473 1184 4551 σφίσι
1256 4472 1471 4547 μᾶλλον
1532 4475 1965 4531 καθυποκύπτειν

300 4564 336 4632 ἢ
381 4563 590 4640 νυγμόν
629 4584 753 4618 τινα
812 4557 999 4618 λαϐεῖν
1060 4561 1112 4624 ἐς
1180 4563 1368 4639 ψυχήν
1425 4565 1515 4618 καὶ
1577 4564 1708 4640 ὑπὲρ
1767 4565 1969 4620 έαυτῶν

297 4651 391 4707 καὶ
422 4655 533 4708 τῶν
563 4652 764 4707 τέκνων
790 4652 1185 4726 ἀγωνίσασθαι,
1243 4654 1372 4726 μήτ’
1425 4653 1644 4718 αὐτόθεν
1696 4655 1774 4716 εἷς
1813 4653 1970 4710 ἐλεύ-

2137 3673 2336 3744 Neque
2367 3688 2499 3728 vero
2531 3673 2826 3730 Thraciam
2887 3674 3166 3730 duntaxat
3216 3677 3451 3732 fortuna
3497 3677 3556 3732 in
3613 3677 3721 3733 hu-

2063 3762 2324 3834 jusmodi
2384 3761 2598 3832 clades,
2649 3763 3031 3819 afﬂicrionum
3095 3781 3274 3834 mare,
3332 3772 3722 3824 extremorum

2071 3851 2358 3906 malorum
2376 3850 2618 3907 ﬂuctum
2645 3850 3114 3922 etpalamitatum
3139 3855 3431 3912 turbinem
3450 3857 3722 3928 conjecit,

2073 3943 2172 3998 sed
2207 3958 2313 3998 nec
2344 3942 2802 3999 Occidentalium
2836 3945 3091 4001 conditio
3145 3947 3256 4001 fuit
3315 3947 3540 4004 melior.
3575 3949 3720 4006 Nam

2076 4033 3271 4107 Athenas,Thebas,Euboaam,Methonem,
3299 4042 3500 4094 Patras
3521 4039 3727 4096 cohors

2074 4126 2497 4193 Campanorum
2555 4128 2614 4178 et
2672 4123 3016 4179 Latinorum
3051 4142 3166 4181 non
3204 4143 3416 4197 magna
3444 4133 3728 4200 tanquam

2075 4213 2489 4283 patrimonium
2523 4212 2739 4267 divisit.
2800 4213 2911 4278 Qui
2969 4231 3104 4270 vero
3149 4215 3220 4270 iis
3252 4216 3394 4272 locis
3423 4217 3587 4290 prius
3617 4219 3730 4274 im-

2077 4301 2380 4370 perabant,
2447 4299 2564 4355 illis
2619 4301 2822 4356 cedere
2881 4319 3010 4357 cum
3072 4305 3267 4361 derisu
3313 4310 3370 4360 et
3410 4307 3733 4375 ignominia

2078 4404 2250 4460 quam
2284 4389 2674 4445 exstimulalis
2703 4391 2916 4447 animis
2950 4409 3051 4465 pro
3076 4395 3406 4467 semetipsis
3439 4401 3494 4456 et
3532 4398 3732 4454 liberis

2079 4493 2333 4550 pugnare
2366 4477 2727 4549 maluerunt,
2785 4498 2973 4553 neque
3031 4485 3226 4539 statim
3294 4484 3476 4543 libero
3520 4489 3730 4562 spiritu

2078 4571 2378 4638 concepto,
2396 4583 2499 4623 nec
2521 4567 2608 4623 vel
2635 4585 2762 4624 sero
2782 4571 3018 4627 tandem
3044 4573 3117 4628 ad
3161 4575 3452 4631 saniorem
3479 4585 3731 4634 mentem

2079 4656 2495 4714 reversi.Erant
2532 4659 2704 4714 etiam
2740 4660 2837 4730 qui
2868 4661 3186 4718 ambitione
3217 4669 3423 4726 contra
3483 4667 3730 4737 patriam

296 4745 454 4817 θερον
483 4740 898 4816 παροξυνθέντες
948 4741 1227 4820 φρόνημα,
1297 4744 1428 4814 μήτ’
1486 4743 1584 4818 ὀψὲ
1643 4765 1774 4799 ποτε
1830 4747 1954 4799 νοῦν

2074 4763 2306 4819 prorsus
2337 4746 2486 4802 841
2553 4748 2929 4818 inﬂammati,
2977 4751 3289 4808 servilibus
3343 4753 3598 4826 ingeniis
3628 4757 3733 4812 ho-

299 4828 451 4912 ἔχειν
488 4831 799 4907 ἀρξάμενοι.
833 4831 953 4886 Εῗσὶ
997 4829 1044 4885 δ’
1096 4829 1148 4885 ο⁹ί
1199 4830 1289 4886 καὶ
1339 4831 1417 4895 εἲς
1469 4832 1747 4909 ὁλοσχερῆ
1799 4832 1963 4914 φιλο-

293 4920 480 4994 τιμίαν
559 4920 696 4975 κατᾶ
766 4926 870 4990 τῆς
946 4919 1155 4974 ἑαυτῶν
1266 4919 1527 4996 πατρίδος
1640 4923 1961 4986 ὑπεκκαντες

297 5007 740 5085 ἀνδραποδώδεις
808 5008 1114 5083 ἄνθρωποι,
1181 5013 1359 5088 τρυφῇ
1426 5011 1516 5065 καὶ
1583 5016 1702 5075 ταῖς
1762 5009 1959 5076 ἄλλαις

296 5100 577 5165 ἀπονοίαις
630 5099 1036 5175 διεφθαρμένοι,
1080 5101 1464 5176 ὀχυρωμάτων
1525 5103 1615 5157 καὶ
1681 5103 1959 5182 φρουρίων

303 5189 596 5264 ἀποτόμων
629 5187 951 5263 λαϐόμενοι,
1002 5191 1055 5244 οἱ
1104 5188 1162 5244 δὲ
1205 5191 1294 5244 καὶ
1346 5190 1562 5247 πόλεων
1609 5191 1962 5268 εὗτείχίστων

304 5273 609 5348 ἐπιϐάντες,
669 5278 1076 5353 κακοδαίμονας
1153 5278 1468 5354 τυραννίδας
1541 5279 1962 5357 περιεϐάλοντο,

298 5365 390 5420 καὶ
423 5363 541 5423 δεον
595 5369 916 5449 φιλεχθρεῖν
968 5370 1247 5438 Λατίνοις,
1309 5369 1359 5424 οί
1417 5369 1465 5424 δ’
1522 5369 1962 5448 άντωφθάλμουν

298 5451 576 5524 ἀλλήλοις
605 5459 697 5511 καὶ
723 5458 977 5514 Λατίνοις
1008 5458 1072 5513 τὸ
1101 5459 1286 5514 καινὸν
1336 5457 1663 5516 ἐσπένδοντο
1712 5465 1843 5533 (79).
1895 5467 1960 5518 '0

2075 4836 2285 4905 mines,
2319 4836 2547 4892 deliciis
2579 4846 2632 4892 et
2691 4837 2829 4893 luxu
2891 4842 3172 4910 corrupti,
3207 4844 3628 4900 munitionibus
3677 4851 3734 4901 et

2074 4926 2385 4995 praeruptis
2412 4923 2670 4981 castellis
2683 4927 3038 4983 autmunitis
3059 4929 3300 4985 urbibus
3322 4933 3614 5002 occupatis
3638 4933 3731 4987 in-

2074 5011 2270 5068 felices
2292 5013 2632 5085 tyrannides
2650 5015 3090 5085 constituerent;
3114 5021 3169 5072 et
3208 5034 3339 5075 cum
3385 5021 3729 5081 Latinorum

2072 5104 2388 5160 inimicitias
2420 5108 2756 5178 expetendae
2789 5113 3005 5175 essent,
3041 5111 3137 5167 alii
3195 5111 3323 5167 aliis
3356 5113 3728 5181 insidiantes,

2075 5209 2207 5250 cum
2240 5193 2358 5249 illis
2387 5196 2750 5250 colluderent
2779 5202 2834 5252 et
2892 5214 3041 5254 nova
3097 5205 3266 5271 pacta
3313 5202 3548 5260 inirent.
3582 5205 3728 5261 Nam

2077 5290 2187 5340 Leo
2219 5286 2437 5340 Scurus
2461 5285 2798 5342 Corinthum
2824 5292 2881 5343 et
2908 5289 3250 5361 Nauplium,
3288 5299 3352 5349 ut
3373 5311 3554 5368 supra
3585 5297 3731 5365 dixi,

2075 5373 2471 5446 gubernabat;
2504 5375 2882 5432 Chamerelus
2919 5379 3046 5447 Leo,
3081 5383 3179 5452 qui
3215 5382 3612 5441 Lacedaemoni
3637 5388 3734 5444 do-

2073 5463 2425 5532 minabatur,
2486 5463 2780 5522 Laconum
2838 5474 3116 5540 tyrannus
3165 5477 3289 5527 erat
3344 5474 3614 5532 Etoliam
3675 5491 3739 5544 et

1643 5561 1838 5630 Hier.
1893 5563 2148 5633 Wolfii
2181 5565 2397 5632 notaa.

543 5675 643 5731 Καὶ
702 5676 955 5741 Λατίνοις
1012 5679 1077 5733 τὸ
1133 5676 1319 5734 καινόν
1380 5673 1685 5735 ἐσπένδετο.
1745 5681 1966 5736 Novitas

291 5748 418 5820 illa,
452 5749 564 5807 hoc
593 5753 705 5823 est,
739 5752 870 5808 novi
928 5753 1164 5822 tyranni
1219 5767 1356 5811 cum
1414 5752 1636 5809 Latinis
1694 5752 1952 5825 pacisce-

2077 5681 2313 5759 bantur.
2366 5681 2650 5759 Fortassis
2693 5685 3006 5759 legendum
3070 5689 3134 5744 τὸ
3190 5693 3510 5750 καινὸτατον
3549 5693 3734 5755 ἐσπέν-

2065 5750 2246 5824 δοντο,
2278 5754 2421 5827 quod
2450 5759 2698 5814 maxime
2727 5750 2973 5828 mireris,
3005 5760 3153 5818 una
3187 5761 3438 5838 μέγιστον
3485 5750 3732 5843 usurpa:
