4074 6426
349 361 501 420 ιοετ
1668 342 1988 418 ΝιοΕΤΑι
2028 352 2448 415 οΗοΝῐΑτι
3611 353 3780 417 1028

350 496 603 554 confinia
629 493 929 568 Nicepolis
949 496 1007 550 et
1035 505 1164 567 qua
1204 492 1276 548 ad
1303 490 1696 563 Epidamnum
1730 499 1989 565 vergunt,

2114 490 2210 564 μὶν
2266 488 2370 566 γὰρ
2427 490 2667 566 Σγουρὸς
2721 491 2873 547 Λέων
2914 489 3180 567 Κόρινθον
3240 487 3419 549 διεῖπε
3475 493 3568 550 καὶ
3626 493 3776 550 Ναύ-

347 585 595 643 Michael
628 584 865 642 Joannis
896 581 1382 641 sebastocratoris
1437 579 1655 638 nothus
1703 580 1860 637 illius
1890 583 2006 639 sibi

349 674 681 732 vindicavit.
712 673 1043 732 Bonifacius
1074 688 1209 728 vero
1255 670 1518 727 marchio
1575 669 2009 728 Thessalonica

349 764 566 838 degens
595 780 824 821 omnem
857 762 1207 819 maritimam
1258 776 1444 828 oram,
1503 775 1631 831 quae
1691 761 1842 816 infra
1881 759 2011 823 Hal.

352 874 583 932 niyrum
612 861 724 923 est,
758 860 815 911 et
840 855 1177 910 Larisszeam
1212 851 1511 923 planitiem
1544 850 1801 917 tenebat,
1831 856 1889 907 et
1912 868 2008 907 ve-

351 947 585 1022 ctigalia
625 945 862 1003 Grecias
885 948 942 1000 et
977 940 1360 1014 Peloponnesi
1384 941 1758 1013 percipiebat.
1796 941 2011 997 Praeter

346 1037 455 1093 hos
487 1035 638 1092 alius
668 1030 950 1105 toparcha
976 1028 1293 1087 Thessalia:
1325 1032 1625 1097 montana,
1656 1045 1782 1100 quis
1851 1046 2007 1086 nunc

343 1143 556 1201 magna
592 1122 829 1182 Blachia
886 1121 1125 1187 dicitur,
1184 1119 1437 1175 tenebat.
1491 1118 1800 1176 Occidente
1829 1119 1889 1174 in
1923 1124 2009 1191 tot

340 1214 686 1292 tyrannides
715 1211 1013 1281 distracto,
1076 1208 1221 1281 quid
1276 1207 1414 1264 boni
1462 1225 1578 1264 non
1610 1208 1826 1276 aberat,
1862 1209 2006 1280 quid

340 1306 482 1364 mali
509 1323 626 1363 non
657 1302 901 1361 aderat?
943 1300 1337 1359 Pecuniarum
1387 1299 1735 1369 ereptiones,
1769 1298 2003 1372 relega-

342 1398 556 1464 tiones,
589 1395 796 1462 caedes,
821 1392 1014 1461 exilia,
1042 1390 1197 1446 mala
1252 1389 1502 1459 denique
1555 1389 1807 1459 inﬁnita,
1857 1405 2003 1461 quo-

335 1502 469 1543 rum
494 1484 754 1542 maxima
783 1498 854 1539 ex
913 1486 1074 1554 parte
1131 1478 1379 1536 Romani
1438 1478 1671 1552 tyranni
1734 1485 2001 1536 auctores

337 1583 521 1645 erant,
553 1583 607 1633 et
637 1575 863 1632 Scurus
895 1577 1006 1629 Leo
1036 1570 1302 1629 omnium
1356 1570 1627 1637 maxime,
1682 1571 1805 1643 qui,
1851 1575 2001 1627 recte

2120 581 2308 651 πλιον,
2342 581 2415 645 ὡς
2443 582 2533 637 καὶ
2562 574 2863 658 ἔμπροσθεν
2896 581 3087 660 ἐῤῥέθη
3132 602 3247 658 μοι·
3283 584 3310 638 ὁ
3344 579 3400 639 δὲ
3444 587 3780 660 Χαμαρετος

2124 670 2271 728 Λέων
2334 680 2436 744 τῆς
2497 672 2697 746 κοίλης
2753 678 2967 748 κρατῶν
3028 671 3435 747 Λακεδαίμονος
3511 674 3781 752 τύραννος

2120 761 2186 831 ἧν
2214 768 2323 818 τῶν
2353 764 2643 819 Λακώνων.
2674 762 2954 822 Δῖτωλίαν
2997 760 3056 818 δὲ
3101 764 3192 818 καὶ
3238 762 3305 818 τὰ
3348 766 3420 837 τῇ
3471 764 3781 828 Νικόπόλει

2119 857 2576 930 προσοριζόμενα,
2627 853 2719 910 καὶ
2777 855 2875 910 ὅσα
2929 855 3177 927 πρόεισιν
3239 852 3294 918 ἐς
3353 851 3710 928 Ἐπίδαμνον,
3745 858 3775 913 ὀ

2120 944 2358 1021 Μιχαὴλ
2418 942 2696 1015 ίδιώσατο,
2746 945 2803 999 ’ὀν
2864 943 2924 998 ἐκ
2974 945 3297 1020 σπερμάτων
3363 945 3594 1002 σκοτίων
3625 948 3651 1002 ὁ
3684 969 3770 1003 σε-

2118 1030 2506 1111 ϐαστοκράτωρ
2565 1034 2847 1112 ἐφύτευσεν
2906 1034 3181 1105 Ἰωάννης.
3241 1035 3297 1088 Ὀ
3356 1032 3413 1090 δὲ
3475 1038 3766 1112 μαρκέσιος

2119 1122 2436 1200 Βονιφοὶτιος
2487 1127 2557 1198 τῇ
2616 1120 2982 1199 Θεσσαλονίκῃ
3042 1121 3419 1199 προσεδρεύων
3478 1124 3760 1200 ὑποκειμέ-

2115 1233 2214 1284 νην
2244 1214 2394 1290 εῖχεν
2423 1214 2600 1286 ἑαυτῷ
2627 1214 2728 1284 τὴν
2785 1210 2838 1275 ἒς
2884 1212 3158 1288 ’Λλμυρὸν
3208 1215 3360 1288 [HO]
3406 1215 3750 1287 ὑποκειμένης

2114 1301 2388 1380 ἀγχίαλον
2455 1307 2653 1369 πᾶσαν,
2719 1302 2811 1357 καὶ
2876 1299 3080 1357 πεδίων
3129 1304 3339 1379 ἤρχετο
3394 1303 3754 1377 Λαρισσαίων,

2114 1392 2204 1448 καὶ
2234 1392 2608 1472 μετελαγχανε
2634 1397 2742 1447 τῶν
2778 1392 2960 1471 φόρων
2995 1392 3190 1447 ὁπόσαι
3248 1390 3298 1465 ἐξ
3346 1388 3615 1455 Ἑλλάδος
3666 1392 3758 1447 καὶ

2112 1488 2213 1552 τῆς
2243 1484 2410 1553 νήσου
2440 1487 2538 1538 τοῦ
2570 1480 2822 1544 Πέλοπος
2861 1480 3301 1557 εἷσεπράέσοντο.
3354 1482 3475 1537 Ἐπὶ
3526 1478 3584 1536 δὲ
3627 1481 3759 1537 τού-

2110 1591 2225 1634 τοις
2256 1570 2347 1627 καί
2400 1569 2576 1636 ἄλλος
2618 1592 2702 1634 τις
2748 1570 2815 1626 τὰ
2863 1568 3156 1633 Θετταλίας
3202 1573 3454 1646 κατέχων
3489 1569 3761 1646 μετέωρα,

337 1682 505 1735 sane,
538 1665 741 1738 patria:
773 1679 1009 1736 quoque
1032 1677 1150 1716 suae
1183 1676 1298 1716 non
1330 1662 1608 1731 pepercit.
1641 1658 1804 1715 Idem
1863 1675 1998 1716 cum

337 1755 577 1813 Nicolao
632 1753 1068 1812 Corinthiorum
1135 1749 1573 1824 archiepiscopo
1630 1750 2000 1807 reconciliata

2110 1661 2145 1717 ἅ
2170 1665 2264 1717 νῦν
2300 1659 2516 1740 μεγάλη
2550 1659 2771 1736 Βλαχία
2800 1659 3181 1732 κικλήσκεται,
3228 1660 3520 1736 τοπάρχης
3547 1661 3616 1729 ἧν
3647 1665 3759 1715 τῶν

2108 1750 2238 1809 ἐκεῖ.
2292 1750 2384 1813 Εἰς
2439 1751 2703 1812 τοσαύτας
2756 1748 2813 1805 δὲ
2868 1749 3185 1824 τυραννίδας
3245 1747 3611 1826 διαιρεθείσης
3657 1751 3761 1819 τῆς

338 1845 526 1919 gratia
554 1843 744 1902 virum
778 1858 915 1899 eum
972 1841 1127 1897 842
1184 1857 1305 1896 suae
1358 1854 1579 1895 manere
1619 1838 1908 1910 adhibuit,
1940 1836 1989 1895 el

2107 1839 2332 1917 ἑσπέρας
2378 1839 2432 1895 τί
2492 1840 2588 1913 μὶν
2622 1844 2731 1896 τῶν
2789 1838 2974 1896 καλῶν
3036 1838 3136 1896 οὐκ
3192 1841 3360 1910 ἀπῆν,
3420 1839 3474 1894 τί
3530 1837 3589 1894 δὲ
3645 1843 3760 1894 τῶν

337 1948 580 2007 corpore
609 1932 696 1990 illi
725 1933 1078 2005 conjunctus
1112 1930 1306 1986 animo
1336 1945 1500 1999 aeque
1530 1945 1596 1984 ao
1626 1928 1787 2000 prius
1819 1929 1892 1985 ab
1922 1945 1989 1986 eo

2100 1933 2278 1985 κακῶν
2340 1927 2403 1984 ού
2449 1935 2676 2004 παρῆν;
2728 1929 3037 2005 χρημάτων
3091 1928 3421 2004 ἀφαιρέσεις,
3467 1933 3576 1983 τῶν
3633 1929 3762 2003 θρε-

336 2022 706 2083 ahhorrebat.
740 2023 902 2080 Unde
940 2020 1109 2077 illum
1142 2019 1307 2093 prius
1337 2019 1567 2076 eﬂ‘ossis
1623 2016 1830 2084 oculis,
1862 2036 1989 2091 pos-

2100 2019 2352 2094 ψαμένων
2405 2020 2518 2093 (80)
2588 2017 2914 2087 ἐκτοπίσεις,
2984 2019 3181 2098 σφαγαὶ
3249 2019 3338 2075 καὶ
3431 2019 3595 2095 φυγαὶ
3662 2018 3760 2075 καὶ

331 2121 426 2171 tea
457 2114 527 2172 de
558 2129 702 2185 rupe
716 2109 1117 2186 praecipitavit.

2100 2108 2268 2184 μυρία
2297 2108 2434 2183 πρὸς
2460 2109 2679 2171 τούτοις
2718 2106 2864 2164 ἄλλα
2915 2106 3081 2179 δεινὰ,
3135 2109 3209 2164 ὧν
3259 2108 3328 2164 τὰ
3367 2106 3546 2164 πλείω
3591 2110 3646 2164 οἱ
3693 2108 3763 2165 ἐκ

336 2203 632 2277 Ῥωμαίων
680 2197 1005 2274 ἐπετόλμων
1050 2196 1322 2274 τύραννοι,
1373 2196 1611 2271 μάλιστα
1664 2192 1710 2250 δ’
1760 2196 2009 2252 ἁπάντων
2056 2198 2084 2251 ὁ
2126 2197 2372 2275 Σγουρὸς
2417 2198 2589 2270 Λέων,
2640 2196 2698 2262 ες
2757 2195 2884 2254 οὐδὲ
2929 2205 3032 2269 τῆς
3092 2198 3421 2275 γειναμένης
3471 2199 3528 2254 εὖ
3578 2204 3762 2255 ποιῶν

337 2291 611 2370 ἐφείσατο,
670 2288 817 2346 ἀλλᾶ
871 2288 961 2344 καὶ
1019 2292 1100 2360 τῷ
1154 2289 1255 2356 τῆς
1314 2283 1715 2360 μητροπόλεως
1765 2285 2033 2361 Κορίνθου
2087 2286 2447 2367 ἀρχιποίμενι
2508 2286 2769 2360 Νικολάῳ
2827 2287 3188 2362 σπεισάμενος
3242 2287 3334 2343 καὶ
3406 2288 3504 2352 τὰς
3559 2288 3765 2365 πρώην

338 2380 623 2459 διχονοίας
668 2377 1089 2452 διαλυσάμενος,
1143 2375 1233 2431 καὶ
1292 2376 1541 2432 σύσσιτον
1602 2374 1744 2431 οὕτω
1794 2376 1888 2432 τὸν
1941 2372 2105 2453 ἄνδρα
2159 2374 2544 2455 παρειληφὼς,
2601 2378 2663 2433 τὸ
2724 2378 2817 2451 μὲν
2876 2381 3038 2452 σῶμα
3090 2376 3366 2440 συνέστιος
3421 2379 3515 2450 ἧν,
3575 2379 3639 2435 τὸ
3699 2377 3767 2436 δὲ

335 2472 597 2551 φρόνημα
626 2466 899 2543 δυσμενὴς
932 2469 1124 2530 ὁποῖος
1153 2465 1242 2521 καὶ
1272 2465 1556 2542 πρότερον,
1588 2465 1707 2521 ὅθεν
1736 2466 1833 2528 τὰς
1861 2465 2023 2540 κόρας
2052 2465 2285 2541 αἱμάξας
2315 2466 2547 2540 αἱμάξας
2578 2468 2697 2523 εἶτα
2725 2467 2818 2523 καὶ
2847 2468 2982 2523 κατὰ
3011 2466 3296 2524 σκοπέλων
3326 2467 3542 2546 ἀφίησι.

403 2563 494 2621 46.
521 2562 586 2619 In
618 2561 852 2618 Oriente
905 2576 1077 2633 porro
1143 2559 1382 2629 Prusaei,
1429 2558 1777 2627 Nicaeenses,
1821 2557 1983 2627 Lydi‘

2174 2559 2255 2628 ιζ’.
2291 2558 2435 2619 Κατᾶ
2464 2556 2523 2614 δὶ
2576 2560 2679 2629 τὴν
2736 2555 2810 2615 ἕω
2859 2565 3155 2635 Προυσαῖοι
3214 2560 3309 2635 μὲν
3376 2560 3467 2617 καὶ
3526 2565 3764 2626 Νικατῖς

337 2651 709 2724 Philomolpi,
737 2655 1009 2724 Smyrna,
1039 2648 1327 2721 Ephesus,
1360 2651 1419 2704 et
1440 2646 1742 2719 interjecta
1773 2644 1989 2720 Oppida

2100 2645 2346 2704 Λυδοίτε
2373 2647 2463 2704 καὶ
2496 2649 2546 2703 ol.
2578 2645 2938 2724 Φιλέμολποι
2973 2651 3060 2706 καὶ
3097 2650 3324 2727 Σμύρνη
3384 2650 3476 2707 καὶ
3520 2653 3760 2728 Ἔφεσος

334 2744 637 2804 Theodoro
670 2741 902 2802 Lascari
918 2738 1326 2814 parebant,qui
1348 2738 1518 2796 etiam
1535 2738 1721 2809 longis
1736 2738 1987 2794 navibus

2100 2737 2185 2792 καὶ
2229 2740 2296 2795 τὰ
2354 2741 2548 2814 μεταξὺ
2605 2738 2814 2796 τούτων
2870 2739 3095 2814 κείμενα
3143 2737 3415 2817 Θεοδώρῳ
3461 2748 3763 2816 προσανεῖ-

333 2833 632 2891 fahricatis
662 2833 974 2907 plerasque
1002 2829 1227 2887 insulas
1288 2827 1540 2900 subegit,
1570 2833 1628 2884 et
1676 2843 1815 2899 pace
1848 2843 1982 2883 cum

2100 2849 2198 2907 χον
2224 2832 2304 2902 τῷ
2334 2827 2594 2905 Λόίσκαρι.
2629 2830 2692 2888 Ὀ
2723 2826 2780 2884 δὶ
2826 2829 2919 2885 καὶ
2967 2831 3102 2899 νῆάς
3158 2831 3368 2906 μακρὰς
3412 2833 3763 2907 τεκτηνάμε-

330 2923 509 2981 Iconii
541 2923 777 2981 sultano
799 2921 1147 2978 Caichosroe
1168 2919 1322 2976 facta
1343 2922 1565 2990 partem
1588 2917 1818 2988 imperii
1854 2916 1983 2973 Ma-

2100 2939 2186 2980 νος
2213 2918 2308 2980 τὰς
2338 2918 2564 2982 πλείους
2601 2923 2709 2974 τῶν
2753 2920 2938 2990 νήσων
2995 2921 3331 2997 ὑπηγάγετο.
3376 2920 3755 2996 Σπεισάμενος

330 3014 491 3071 nueli
519 3013 904 3072 Maurozomm
941 3009 1102 3067 illius
1131 3025 1331 3067 secem
1378 3005 1691 3064 concessit.
1721 3006 1802 3064 Ea
1848 3022 1983 3078 pars

2100 3003 2155 3061 δὲ
2180 3007 2270 3062 καὶ
2324 3012 2405 3080 τῷ
2446 3007 2764 3085 Καῖχοσρόῃ
2831 3012 2913 3080 τῷ
2977 2990 3372 3065 τοῦἾἹκονίου
3440 2990 3753 3085 σουλκάνῳ,

329 3107 455 3160 erat
474 3100 825 3173 Chone,mei
845 3097 1142 3171 scriptoris
1162 3098 1374 3154 Nicetes
1397 3095 1602 3170 patria,
1637 3104 1690 3152 et
1731 3094 1869 3151 huic
1908 3094 1978 3149 fi-

330 3191 538 3250 nitima
568 3189 828 3264 Phrygia:
858 3187 1166 3255 Laodicea,
1204 3190 1263 3244 et
1292 3184 1406 3242 alia
1436 3186 1563 3243 loca
1615 3200 1742 3257 quae
1772 3181 1981 3239 ﬂuvius

326 3282 617 3339 Maeander
644 3280 911 3337 anfractu
941 3294 1047 3334 suo
1070 3274 1493 3348 complectitur,
1517 3274 1701 3330 donec
1728 3271 1789 3328 in
1820 3286 1980 3328 mare

325 3368 817 3431 exonerat.David
831 3382 965 3424 vero
978 3364 1516 3428 etAlexiustratres,
1548 3361 1811 3418 Manuale
1861 3362 1980 3417 An-

325 3459 551 3518 dronici
565 3458 960 3515 Romanorum
976 3454 1207 3528 tyranni
1234 3453 1351 3510 filio
1365 3450 1566 3522 nati,al
1576 3460 1658 3509 ter
1679 3450 1850 3508 Ponti
1869 3451 1978 3507 lle-

326 3550 581 3609 raeleam
603 3552 661 3606 et
675 3547 1139 3621 Paphlagoniam
1160 3543 1540 3617 gubernabat,
1569 3543 1719 3600 alter
1748 3540 1979 3599 Alexius

324 3641 598 3699 (Enaeum
627 3642 686 3695 et
714 3638 968 3710 Sinopen
1001 3635 1177 3693 urbes
1208 3639 1264 3692 et
1310 3633 1502 3706 ipsam
1557 3636 1979 3704 Trapezuntem

320 3732 577 3788 tenebat.
610 3727 844 3786 Attalis:
901 3724 1055 3783 alius
1111 3724 1353 3799 quidam
1393 3721 1828 3791 dominabatur,
1879 3737 1979 3776 no-

320 3821 481 3877 mine
510 3816 1001 3885 Aldebrandinus,
1033 3814 1268 3872 natione
1309 3810 1513 3884 Italus,
1545 3812 1641 3867 sed
1674 3814 1976 3867 Romano-

320 3924 449 3966 rum
471 3906 764 3965 institutis
790 3909 969 3978 probe
998 3904 1300 3960 educatus.
1333 3904 1475 3958 Item
1516 3900 1754 3957 Rhodus
1797 3898 1978 3956 alium

320 3996 652 4071 principem
692 3994 966 4051 habebat.
1011 3991 1316 4047 Enimvero
1374 4005 1497 4047 cun:
1554 3988 1627 4044 de
1677 3987 1978 4044 communi

324 4088 616 4145 sententia
645 4087 704 4142 et
730 4081 1175 4142 deliberandum
1230 4084 1289 4136 et
1336 4079 1629 4150 agendum
1685 4085 1858 4146 esset,
1907 4078 1980 4133 de

325 4180 526 4251 patriae
557 4176 821 4250 partibus
845 4175 1107 4232 nondum
1132 4170 1365 4229 afﬂictis
1386 4168 1797 4228 conservandis
1827 4172 1883 4224 et
1908 4168 1980 4223 de

327 4268 675 4341 expugnatis
703 4266 948 4324 urbibus
987 4265 1046 4321 in
1076 4263 1367 4335 integrum
1391 4259 1791 4330 restituendis,
1822 4257 1976 4315 848

2088 3089 2254 3168 μέρος
2285 3095 2543 3169 ἀπένειμε
2585 3096 2684 3165 τῆς
2737 3096 2918 3172 ἀρχῆς
2961 3101 3042 3170 τῷ
3089 3096 3328 3173 κηδεστῇ
3376 3097 3580 3155 ἐκείνου
3628 3104 3746 3157 Μα-

2085 3181 2263 3252 νουὴλ
2317 3186 2396 3256 τῷ
2456 3185 2837 3262 Μαυροζώμῃ.
2898 3187 2961 3242 τὸ
3042 3186 3109 3256 ἦν
3165 3185 3303 3261 ἐμοῦ
3349 3193 3449 3244 τοῦ
3508 3211 3739 3264 συγγρα·

2086 3268 2228 3346 φέως
2278 3272 2494 3343 Νικήτα
2561 3273 2756 3349 πατρὶς
2813 3275 2870 3333 αἱ
2910 3277 3098 3331 Χῶναι
3138 3276 3229 3333 καὶ
3290 3279 3326 3348 ἡ
3387 3278 3730 3355 ἀγχιτέρμων

2085 3361 2251 3435 ταύτῃ
2292 3363 2546 3439 Φρυγικὴ
2605 3361 2922 3432 Λαοδίκεια,
2977 3365 3067 3421 καὶ
3130 3364 3210 3429 εἷς
3263 3366 3364 3422 ὅσα
3419 3366 3737 3443 περικλᾶται

2086 3448 2393 3525 Μαίανδρος
2452 3452 2829 3530 ἀπερυγγάνων
2888 3454 2942 3516 ἐς
2998 3453 3105 3510 ἄλα
3160 3455 3228 3511 τὰ
3278 3454 3512 3532 νάματα.
3571 3452 3743 3513 Δαϐὶδ

2088 3539 2144 3598 δὲ
2173 3543 2263 3598 καὶ
2305 3542 2551 3615 Ἀλέξιος
2618 3546 2671 3600 οἱ
2728 3544 2780 3616 ἐξ
2840 3546 2982 3609 υἱέος
3041 3546 3236 3624 φύντες
3292 3553 3391 3603 τοῦ
3451 3550 3746 3623 Ῥωμαίων

2084 3635 2516 3708 τυραννήσαντος
2596 3632 2946 3710 ’Δνδρονίκου
3023 3635 3309 3710 (Μανουὴλ
3404 3637 3591 3712 ἐκείνῳ
3680 3641 3747 3695 τὸ

2088 3714 2309 3794 ὅνομα),
2340 3721 2367 3776 ὁ
2403 3721 2499 3795 μὲν
2536 3722 2636 3792 τὴν
2673 3723 2810 3777 κατᾶ
2857 3722 3063 3780 Πόντον
3115 3722 3441 3800 Ἡράκλειαν
3485 3725 3575 3780 καὶ
3625 3730 3749 3781 Πα-

2087 3807 2361 3887 φλαγόνας
2416 3806 2640 3879 διεῖπεν,
2674 3811 2703 3865 ὁ
2736 3807 2782 3864 δ’
2835 3807 3079 3885 Ἀλέξιος
3135 3811 3356 3868 Οίναίου
3402 3834 3460 3869 τε
3503 3812 3595 3869 καὶ
3643 3821 3750 3870 Σι-

2086 3898 2310 3953 νωπέων
2368 3905 2470 3970 τῆς
2525 3898 2744 3962 πόλεως
2799 3902 2890 3956 καὶ
2947 3906 3350 3977 Τραπεζοῦντος
3406 3904 3579 3974 αὐτῆς
3637 3908 3747 3977 τήν

2088 3984 2396 4042 δυναστείαν
2427 3989 2843 4062 περιεζώννυτο.
2877 3991 2991 4058 Τὴν
3040 3988 3089 4046 δ’
3131 3990 3402 4049 Ἀττάλου
3443 3989 3631 4065 διῴκει
3658 4015 3749 4057 τις

2084 4074 2420 4151 ἓτερος,τὴν
2469 4077 2668 4149 κλῆσιν
2724 4074 3200 4156 Ἀλδεὸραντῖνος,
3257 4082 3307 4156 ἐξ
3363 4080 3590 4140 Ἰταλῶν
3642 4085 3744 4156 μὶν

2084 4167 2185 4236 τὴν
2216 4166 2423 4241 γένεσιν
2471 4164 2672 4242 ἕλκων,
2731 4164 2971 4245 ἀκριϐῶς
3030 4168 3076 4225 δ’
3134 4169 3562 4248 ἐντεθραμμένος
3618 4179 3745 4237 τοῖς

2084 4258 2420 4333 Ῥωμαϊκοῖς
2448 4255 2609 4324 ἔθεσι.
2644 4260 2751 4315 Κάν
2778 4265 2847 4336 τῇ
2893 4258 3070 4334 Ῥόδῳ
3109 4266 3179 4337 τῇ
3226 4263 3380 4336 νήσῳ
3434 4260 3609 4327 ἄλλος
3655 4285 3744 4327 τις

325 4359 411 4416 illi
443 4357 761 4417 ambitione
791 4354 1116 4428 praecipites
1145 4359 1202 4409 et
1254 4349 1540 4424 tyrannici
1597 4348 1856 4406 nominis
1885 4349 1973 4404 af-

2100 4348 2462 4421 ιπρωτίστευε.
2521 4348 2624 4406 Καὶ
2694 4345 2815 4405 δέον
2875 4349 3266 4424 ὡμονοηκότας
3320 4346 3740 4426 προϐουλεύσα-

323 4448 635 4506 fectatione
666 4444 804 4503 caeci
835 4445 989 4500 inter
1032 4458 1160 4499 sese
1199 4439 1708 4513 digladiabantur:
1767 4438 1979 4510 quibus

324 4536 792 4596 dissensionibus
816 4540 873 4592 et
901 4533 1043 4591 rixis
1072 4531 1341 4588 hostibus
1389 4546 1682 4586 summam
1722 4527 1980 4586 occasio—

2083 4434 2205 4499 σθαί
2247 4457 2301 4491 τι
2348 4436 2441 4490 καὶ
2489 4435 2926 4514 καταπράξασθαι
2966 4437 3410 4516 προφυλακτικὸν
3468 4440 3566 4514 μὲν
3626 4446 3740 4497 τῶν

2085 4526 2257 4599 μήπω
2312 4530 2494 4589 κακῶς
2562 4527 2908 4593 πεπονθότων
2990 4535 3093 4599 τῆς
3176 4530 3438 4605 πατρίδος
3532 4536 3739 4607 μερῶν,

323 4646 457 4687 nem
477 4628 668 4702 primo
698 4625 924 4697 impetu
955 4623 1252 4680 Romanos
1281 4619 1571 4677 evertendi
1631 4619 1977 4691 suppedita-

2100 4613 2438 4685 ἱνακτητικὸν
2474 4612 2534 4670 δὲ
2552 4620 2661 4671 τῶν
2694 4614 2994 4687 ἠλωκυιῶν
3034 4616 3276 4689 πόλεων,
3317 4620 3369 4673 οἱ
3414 4615 3471 4676 δὶ
3514 4620 3594 4682 εἷς
3644 4618 3741 4676 δο-

323 4717 655 4777 bant.Unde
677 4714 863 4773 cuivis
886 4714 1219 4771 Latinarum
1242 4710 1783 4783 gentium,quarum
1816 4711 1977 4764 tanta

2100 4702 2339 4775 ξομανίαν
2397 4702 2918 4784 ἐκτρᾶχηλισθέντες
2973 4705 3064 4762 καὶ
3132 4705 3416 4764 καλεῖσθαι
3480 4709 3742 4785 τύραννοι

323 4808 636 4866 multitudo
653 4809 711 4863 et
728 4804 979 4862 varietas
1001 4806 1110 4871 est,
1126 4817 1252 4872 qua:
1266 4803 1557 4855 Romanos
1569 4800 1973 4870 oppugnatum

2100 4790 2330 4857 θέλοντες
2379 4795 2502 4860 καθ’
2548 4796 2753 4852 ἑαυτῶν
2815 4795 3064 4866 ὥπλιζον
3110 4797 3205 4860 τὰς
3255 4792 3469 4874 χεῖρας,
3531 4799 3739 4876 βακτη-

323 4895 613 4967 ibat,illud
631 4910 701 4951 ex
715 4890 899 4951 sacris
920 4888 1155 4947 Litteris
1178 4903 1462 4958 usurpare
1496 4884 1742 4942 licebat:
1780 4906 1801 4933 «ι
1833 4882 1968 4938 Per-

2079 4881 2196 4958 ρίαν
2242 4882 2331 4939 καὶ
2374 4888 2535 4959 νῆψιν
2587 4889 2720 4959 (81),
2781 4883 2906 4959 εἷ’πῃ
2954 4883 2999 4941 δ’
3048 4887 3111 4942 ἄν
3159 4908 3242 4951 τις
3282 4886 3374 4944 καὶ
3432 4886 3738 4944 πανοπλίαν

321 4989 559 5045 secutus
584 4981 1102 5056 comprehendam,
1161 4976 1349 5051 spolia
1404 4973 1682 5041 dividam,
1726 4971 1965 5045 explebo

2100 4972 2165 5028 ιαὶ
2196 4972 2461 5047 τρόπαιον
2490 4972 2544 5046 ἐξ
2573 4972 2772 5056 ἐφόδου
2800 4981 2923 5038 τοῖς
2949 4979 3058 5031 τῶν
3091 4977 3384 5051 Ῥωμαίων
3433 4976 3728 5050 πολεμίοις

319 5075 586 5131 animum
613 5069 1101 5142 meum,occidam
1124 5066 1317 5141 gladio
1360 5080 1514 5129 meo,
1564 5060 1966 5119 dominabitur

2100 5065 2154 5135 λῶ
2184 5059 2461 5136 διχονοεῖν
2492 5061 2769 5135 ἀλλήλοις
2795 5063 2886 5120 καὶ
2918 5061 3190 5122 διεστάναι
3223 5061 3592 5142 βραϐεύοντες.
3618 5065 3715 5118 Ἦν

1656 5216 1851 5287 Hier.
1884 5215 2141 5286 Wolﬁi
2170 5220 2389 5286 notis.

325 5394 445 5446 tur.
501 5386 619 5458 Ego
674 5383 820 5458 verti
873 5382 938 5458 τὸ
991 5379 1177 5458 καινὸν
1238 5396 1342 5453 pro
1398 5379 1619 5439 καινῶς.
1687 5378 1980 5449 Sequatur

323 5455 744 5533 quisqueguod
777 5455 1050 5533 probarit.
1102 5529 1121 5533 _
1144 5525 1157 5533 _
1425 5502 1435 5533 ἐ

398 5515 652 5600 (8ό)ᾹΤῶν
694 5515 1067 5600 θρεψαμένων.
1102 5525 1256 5600 Idem
1292 5522 1470 5600 gu0d_
1511 5540 1619 5600 των
1673 5515 1972 5600 πατρίδων.

324 5590 933 5724 8.ἰόῑιῖ.ὲὶὶὲ⁸ἐῖεγκαμένη,
965 5598 1045 5654 ita
1074 5602 1129 5654 et
1160 5597 1257 5653 hic
1353 5590 1660 5668 θρεψαμένη
1722 5590 1975 5665 patriam

325 5688 457 5724 smn
626 5711 641 5724 .

325 5683 641 5744 signiticet.

2158 5372 2495 5457 (miriﬁci
2511 5378 2599 5431 est
2625 5376 2912 5457 sobrietas
2942 5398 2963 5457 ;_
2991 5395 3119 5452 quas
3175 5382 3341 5457 quid
3379 5381 3493 5438 huc
3537 5379 3741 5457 faciat,

2088 5462 2203 5522 non
2236 5445 2426 5522 video.
2447 5445 2647 5522 Neque
2677 5451 2877 5522 σκῆψις
2908 5445 3117 5522 placet.
3176 5445 3566 5512 Sobrietatem
3623 5445 3749 5509 bet-

2088 5517 2373 5601 latoribus
2406 5517 2583 5575 etiam
2613 5536 2740 5579 esse
2770 5517 2973 5579 utilem
3005 5540 3124 5580 non
3177 5541 3326 5598 nego
3361 5542 3375 5580 :
3407 5525 3511 5582 sed
3556 5525 3617 5580 id
3651 5523 3756 5581 hic

2087 5604 2203 5647 non
2223 5596 2435 5662 agitur.
