4074 6388
321 351 476 413 1029

1759 335 1966 403 URBS
2009 332 2296 395 CAPTA.

3593 333 3748 394 1030

320 481 412 538 οῦν
445 485 531 558 [Ρ.
562 483 693 555 411]
723 485 821 537 τοῦ
865 479 1211 555 βουλομένου
1241 480 1440 541 παντὸς
1470 477 1531 533 ἐκ
1546 481 1643 533 τοῦ
1673 479 1781 530 τῶν
1807 471 1974 528 Λατί-

2095 485 2299 524 manus
2321 484 2507 523 mea.»
2539 467 2743 540 Itaque
2766 466 2937 522 multi
2966 466 3244 523 mediocri
3269 483 3448 523 manu
3492 467 3746 525 collecta

318 593 424 627 νων
484 569 863 645 πολυσπεροῦς
931 571 1303 642 συντάγματος
1361 568 1428 623 τὰ
1485 565 1724 644 γραφικᾶ
1798 567 1971 618 ταῦτα

320 659 534 733 ἐπᾴδειν
566 659 865 734 Ῥωμαίοις
894 659 1396 732 ἐπιστρατεύοντος,
1426 658 1690 725 «Διώξας,
1725 651 1974 721 καταλή-

320 756 520 825 ψομαι,
559 755 732 825 μεριῶ
769 749 962 818 σκῦλα,
1005 748 1276 822 ἐμπλήσω
1309 750 1497 826 ψυχήν
1534 768 1666 820 μου,
1698 742 1875 798 ἁνελῶ
1902 745 1972 816 τῇ

324 839 570 917 μαχαίρᾳ
605 837 1006 914 μου,κυριεύσει
1025 840 1059 907 ἡ
1087 838 1214 916 χείρ
1239 859 1412 911 μομ.»
1440 835 1654 892 Ηολλοὶ
1686 833 1861 888 τοίνυν
1886 830 1975 905 μέ-

319 952 470 1004 τριον
505 930 968 1005 συγκροτήσαντες
1026 928 1276 1000 πόλεμον
1325 928 1414 981 καὶ
1445 927 1680 988 ἱππότας
1749 924 1974 998 βραχεῖς

333 1020 760 1097 μισθωσάμενοι,
793 1020 1132 1091 Ῥωμαϊκαῖς
1162 1015 1626 1086 κατεκολπίζοντο
1674 1015 1858 1084 νήσοις
1901 1011 1975 1073 ὡς

322 1111 495 1180 πάντη
519 1109 733 1170 πάντως
765 1106 1174 1184 ἐρημαζούσαις
1213 1111 1312 1161 τοῦ
1369 1104 1753 1180 ἐπαρήξοντος.
1811 1104 1975 1160 Ὃθαν

321 1199 570 1272 πειραταὶ
627 1218 770 1258 τινες
826 1201 1126 1267 Γενουῖται,
1185 1195 1544 1268 περιψήματα
1595 1189 1800 1266 ἀνδρῶν
1886 1189 1977 1243 καὶ

321 1284 787 1360 ἀμϐλώματα,ού
819 1285 954 1339 κλτᾶ
975 1289 1138 1340 τοῦτο
1211 1285 1305 1357 μέν
1356 1292 1501 1345 τινός
1563 1280 1977 1359 ὑπερφέροντες,

321 1376 460 1431 κατὰ
501 1372 748 1429 δ’ἐκεῖνο
796 1373 864 1429 τὰ
923 1370 1142 1448 δεύτερα
1183 1374 1457 1451 φέροντες,
1510 1369 1637 1425 ἀλλ’
1691 1368 1979 1442 άπανταχῆ

321 1467 580 1539 πονήρως
629 1465 954 1540 πράττοντες
1019 1463 1111 1517 καὶ
1153 1459 1558 1535 δυσδαιμόνως,
1625 1457 1980 1534 στρογγύλων

322 1552 478 1607 πέντε
517 1556 662 1622 νηῶν
733 1552 1132 1624 εὐπορήσαντες
1189 1549 1280 1604 καὶ
1339 1548 1516 1627 σκάφη
1562 1547 1822 1623 τρίκροτα
1852 1567 1980 1600 κατ-

324 1643 610 1717 ηρτικότες
653 1643 790 1715 πρὸς
828 1645 945 1702 τὸῖς
977 1637 1154 1695 ε’ίκοσι
1194 1639 1426 1711 τέσσαρα
1478 1638 1531 1700 ἐς
1595 1640 1695 1708 τήν
1757 1638 1980 1713 Κρήτην

325 1729 783 1800 διαπλωΐζονται·
873 1729 963 1784 καὶ
1034 1729 1378 1802 πλασάμενοι
1460 1729 1587 1791 τοὺς
1680 1725 1979 1800 ἐμπόρους,

335 1822 454 1876 εἶτα
485 1819 799 1893 ἐπιθέμενοι
832 1819 906 1881 ὡς
958 1819 1244 1893 πολέμιοι³
1297 1825 1397 1888 τῆς
1456 1819 1625 1888 νήσου
1693 1814 1980 1888 ξυμπάσης

327 1910 660 1986 κατίσχυσαν
688 1908 1076 1984 εὐμαρέστατα,
1127 1908 1265 1966 Τότε
1303 1906 1393 1962 καί
1460 1909 1488 1962 ὁ
1554 1910 1766 1981 κρατῶν
1834 1906 1983 1960 Ἰκο-

326 1999 443 2054 νίου
499 1997 847 2073 Καΐχοσρόης
896 1999 1034 2052 κατά
1082 2005 1182 2067 τῆς
1251 1994 1545 2058 Ἀτταλίας
1611 1993 1980 2069 ἐστράτευσεν,

330 2084 586 2145 αὐτοϐοεὶ
618 2091 716 2158 τήν
756 2087 922 2143 πόλιν
964 2087 1106 2142 ἑλεῖν
1142 2087 1544 2165 φανταζόμενος
1576 2086 1649 2146 ὡς
1698 2083 1804 2159 οὐχ
1862 2085 1984 2138 ἱκα-

1454 2177 1567 2246 Τὴν

329 2263 529 2341 ἔφοδον
572 2269 989 2342 προεγνωκότες
1019 2265 1048 2321 ὅ
1085 2288 1143 2322 τε
1173 2264 1484 2341 πολίαρχος
1537 2259 1984 2333 Ἀλδεϐραντῖνος

329 2181 423 2248 νήν
476 2176 635 2232 οὖσαν
705 2179 899 2248 ἑαυτὴν
979 2174 1367 2232 διασώσασθαι.
1454 2177 1567 2246 Τὴν
1663 2173 1710 2228 δ’
1775 2174 1984 2228 ἐκείνου

329 2359 420 2412 καὶ
450 2357 509 2412 οἷ’
543 2358 634 2412 σὺν
666 2357 812 2430 αὐτῷ
842 2362 958 2419 τοῖς
1017 2362 1223 2418 κοινοῖς
1293 2355 1615 2412 ἐπεστάτουν
1673 2357 1990 2432 πράγμασι,

330 2447 642 2522 πέμψαντες
674 2446 751 2508 εἷς
800 2447 1018 2522 Κύπρον
1073 2446 1394 2522 συμμαχίαν
1465 2445 1665 2510 ἐκεῖθεν
1729 2445 1986 2524 εἰλήφασι

333 2540 558 2606 πεζικοῦ
613 2536 1038 2610 στρατεύματος,
1070 2535 1123 2600 ἐς
1191 2534 1503 2598 διακοσίους
1577 2536 1984 2609 ἀριθμουμένην

331 2627 620 2687 Λατίνους.
694 2623 1051 2700 Κᾶπειδήπερ
1118 2625 1193 2688 εἰς
1248 2632 1440 2701 χεῖρας
1485 2628 1513 2681 ὁ
1562 2624 1813 2699 πόλεμος
1878 2625 1988 2701 ἐγε-

333 2719 480 2794 γόνει
539 2717 628 2771 καὶ
689 2715 1016 2796 περιείληφε
1071 2718 1170 2786 τήν
1231 2718 1395 2772 πόλιν
1426 2719 1488 2772 τὸ
1522 2717 1784 2791 Περσικὸν
1822 2717 1985 2790 στρά-

333 2827 527 2880 τευμα,
570 2808 621 2861 oi
648 2806 707 2860 ἐκ
750 2808 986 2862 Λατίνων
1030 2807 1105 2868 εὶς
1137 2804 1396 2885 φάλαγγα
1455 2811 1829 2871 πυκνωθέντες
1896 2806 1986 2862 καὶ

335 2901 451 2960 τοῖς
493 2897 719 2971 Πέρσαις
753 2894 1072 2970 ἐποφθέντες
1105 2896 1412 2972 ἀπρόοπτοι
1461 2902 1578 2960 τοῖς
1636 2895 1985 2953 Ἀτταλεῦσιν

336 2988 643 3060 ἐπήμυναν,
710 2984 824 3057 καὶ,
881 2985 1023 3040 οὕτω
1083 2991 1162 3041 τῶ
1241 2981 1529 3062 βαρϐάρων
1609 2986 1990 3041 καταστάντων

336 3075 387 3137 ἐς
419 3071 539 3136 δέος
598 3068 658 3128 ἔκ
711 3094 770 3129 τε
809 3077 904 3128 τοῦ
948 3077 1096 3153 σφῶν
1156 3075 1558 3150 στρατεύματος
1613 3073 1822 3130 πολλοὶ
1881 3071 1992 3129 δια-

338 3163 645 3241 φθείρονται
688 3163 778 3218 καὶ
841 3164 1198 3242 Καϊχοσρόης
1254 3163 1452 3228 ἐκεῖθεν
1516 3165 1853 3237 μεθίσταται,
1912 3166 1988 3237 μὴ

2082 563 2136 614 et
2166 558 2369 630 exiguo
2392 557 2651 629 equitatu
2673 559 2958 613 conducto
2991 557 3049 612 in
3077 559 3374 614 Romanas
3418 558 3652 615 insulas
3687 575 3748 614 se

2083 648 2876 720 insinuabant,quippeomni
2895 647 3108 702 auxilio
3125 647 3749 720 destitutasEtpiratzs

2084 738 2320 810 quidem
2338 736 2969 807 Genuenses,homines
2987 735 3260 792 vilissimi
3278 741 3334 792 et
3356 737 3748 809 abjectissiini

2085 827 2266 882 necin
2301 844 2416 882 una
2447 844 2505 881 re
2540 826 2825 897 primurii,
2858 825 2914 879 in
2950 825 3064 881 alia
3097 843 3228 882 vero
3262 825 3617 897 secundarii,
3643 828 3742 882 sed

2087 919 2158 971 ab
2190 918 2348 971 omni
2382 921 2544 987 parte
2577 915 2891 970 miserrimi
2921 921 2979 969 et
3031 914 3450 980 infelicissimi,
3484 916 3746 988 quinque

2090 1005 2358 1061 rotundis
2414 1005 2658 1060 navibus
2713 1010 2770 1060 et
2819 1005 3022 1076 viginti
3083 1010 3336 1075 quatuor
3400 1005 3745 1061 triremibus

2089 1094 2441 1166 comparatis
2475 1111 2576 1166 per
2606 1101 2943 1150 mercaturas
2966 1095 3222 1164 speciem
3257 1095 3314 1148 in
3362 1095 3594 1151 Cretam
3626 1099 3745 1151 tra-

2086 1185 2370 1255 iecerunt,
2404 1185 2610 1240 deinde
2641 1183 2930 1240 insulares
2964 1184 3248 1239 hostiliter
3269 1186 3527 1256 aggressi
3559 1186 3746 1240 totius

2095 1274 2304 1329 insulas
2346 1273 2614 1328 facillime
2674 1279 2811 1328 sunt
2869 1275 3056 1343 potiti.
3112 1275 3276 1328 Tunc
3327 1275 3504 1329 etiam
3566 1275 3748 1330 Iconii

2094 1364 2363 1435 princeps
2418 1362 2795 1419 Caichosroes
2856 1363 3078 1418 Attalis:
3129 1380 3294 1419 arma
3325 1363 3553 1431 intulit,
3586 1364 3749 1419 inani

2094 1469 2196 1524 spe
2241 1453 2401 1508 urbis
2451 1452 2638 1524 primo
2687 1453 2905 1522 impetu
2964 1453 3259 1523 capiendas
3317 1457 3622 1525 concepta,
3688 1458 3751 1510 ut

2093 1559 2219 1615 quae
2251 1542 2382 1613 ipsa
2413 1541 2564 1596 tueri
2596 1557 2724 1596 sese
2756 1559 2867 1596 non
2902 1545 3118 1612 posset.
3149 1540 3365 1596 Verum
3424 1542 3552 1613 ejus
3604 1557 3745 1598 con-

2093 1635 2222 1692 silio
2242 1634 2983 1706 cognito,Aldobrandinus
3017 1634 3181 1690 urbis
3205 1634 3480 1690 dominus
3533 1639 3589 1690 et
3619 1633 3747 1704 ejus

2095 1725 2155 1780 in
2187 1724 2658 1780 administranda
2717 1741 2776 1779 re
2834 1722 3070 1795 publica
3130 1724 3271 1779 socii
3333 1741 3435 1794 per
3465 1722 3748 1796 legatosa

2092 1814 2318 1886 Cypriis
2350 1814 2564 1869 auxilia
2595 1814 2931 1869 Latinorum
2983 1815 3247 1886 peditum
3301 1813 3458 1870 844
3520 1814 3752 1870 circiter

2093 1921 2159 1960 cc
2190 1905 2597 1976 impetrarunt.
2634 1904 2740 1959 Ubi
2765 1905 2835 1959 ad
2867 1921 3026 1958 arma
3070 1911 3307 1960 ventum
3337 1909 3428 1959 est
3456 1909 3513 1961 et
3539 1905 3747 1960 urbem

2092 1993 2362 2048 Persicus
2393 1993 2681 2049 exercitus
2708 1993 3113 2060 circumdedit,
3148 1994 3334 2049 Latini
3387 1994 3446 2050 in
3502 1993 3752 2067 phalan-

2091 2099 2221 2155 gem
2245 2083 2584 2138 condensati
2615 2087 2672 2139 et
2702 2099 2771 2137 ex
2802 2082 3116 2154 improviso
3143 2084 3200 2138 in
3235 2083 3546 2139 Persarum
3604 2100 3747 2139 con-

2092 2179 2354 2246 spectum
2409 2175 2700 2247 progressi
2753 2174 3175 2230 Attaliensibus
3234 2191 3406 2247 opem
3457 2174 3745 2231 tulerunt.

2093 2265 2179 2319 lta
2212 2263 2450 2319 Barbari
2480 2264 2771 2336 perterriti
2795 2271 2846 2318 et
2879 2280 3118 2320 suorum
3144 2265 3364 2320 multos
3398 2268 3750 2332 amiserunt,

2092 2360 2146 2408 et
2172 2353 2546 2408 Caicbosroes
2578 2354 2868 2409 sexdecim
2910 2354 3118 2410 diebus
3168 2355 3382 2409 exactis
3442 2353 3749 2410 obsidione

2094 2441 2282 2498 soluta
2304 2442 2590 2498 discessit.
2625 2443 2734 2498 Sed
2767 2449 2826 2498 et
2853 2444 3192 2499 Theodorus
3225 2443 3514 2512 Lascaris,
3547 2447 3744 2499 coacto

2094 2536 2296 2587 contra
2323 2532 2589 2587 Davidem
2620 2532 2927 2587 Ponticum
2952 2533 3228 2600 exercitu,
3262 2531 3595 2588 Plusiadem
3661 2548 3754 2587 sa-

2093 2621 2340 2691 gittariis
2372 2625 2429 2676 et
2474 2621 2771 2676 bellicosis
2830 2622 3170 2678 hominibus
3223 2623 3624 2678 abundantem
3680 2621 3752 2676 ab

2096 2710 2193 2766 illo
2223 2711 2281 2767 in
2341 2727 2480 2766 suas
2535 2719 2728 2783 partes
2789 2710 3065 2766 traduxit.
3127 2711 3467 2767 Heracleam
3518 2726 3752 2782 quoque

2095 2801 2345 2872 cepisset
2399 2815 2466 2856 ac
2521 2799 2719 2871 ipsum
2779 2800 3054 2856 Davidem
3109 2801 3580 2871 exterminasset,
3638 2800 3754 2856 nisi

2097 2907 2226 2945 eum
2263 2890 2475 2955 Latini,
2499 2907 2625 2945 cum
2649 2890 2866 2961 quibus
2908 2889 3107 2946 Davidi
3134 2889 3753 2957 fmdusintercedebat,

2096 2978 2294 3035 auxilii
2329 2979 2548 3034 ferendi
2583 2996 2762 3034 causa
2789 2979 2994 3035 castris
3025 2980 3096 3034 ad
3145 2979 3549 3036 Nicomediam
3600 2978 3757 3050 posi-

2097 3070 2170 3123 tis
2193 3069 2377 3124 animi
2407 3069 2650 3123 dubium
2702 3069 3119 3134 reddidissent,
3152 3069 3286 3124 hinc
3339 3068 3640 3125 alacritate
3697 3071 3756 3122 et

2099 3161 2344 3216 audacia
2373 3165 2576 3215 contra
2604 3158 3090 3232 illosinstigante,
3113 3161 3247 3215 inde
3278 3159 3550 3215 instituto
3583 3174 3757 3229 opere

335 3252 560 3316 πλείους
590 3256 814 3328 ἡμερῶν
851 3256 959 3308 τῶν
1016 3251 1303 3308 ἑκκαίδεκα
1358 3253 1483 3328 περὶ
1549 3255 1650 3324 τήν
1711 3253 1982 3311 ’Δττάλοο

2099 3250 2448 3316 retrahente,
2481 3266 2616 3305 cum
2639 3250 2753 3305 sibi
2780 3251 3213 3321 quodammodo
3237 3251 3392 3305 intra
3413 3249 3753 3305 Heracleam

343 3341 526 3419 βαλὼν
561 3339 945 3417 στρατόπεδον.
1006 3340 1182 3399 Ἀλλὰ
1229 3342 1318 3397 καὶ
1361 3340 1643 3417 Θεόδωρος
1685 3344 1712 3398 ὁ
1781 3344 1990 3400 Αάσκα-

343 3453 424 3508 ρις
456 3433 594 3486 κατά
623 3436 720 3486 τοῦ
764 3433 814 3487 ἐν
867 3432 1052 3505 Πόντῳ
1105 3427 1272 3487 Δαϐἶδ
1315 3433 1568 3507 στρατιάν
1603 3432 1821 3507 ἀγείρας
1891 3440 1992 3503 τῆς

342 3523 448 3594 μὴν
482 3519 826 3584 Πλουσιάδος
871 3517 1040 3592 ἐπέϐη
1081 3519 1174 3576 καί
1216 3525 1318 3587 τῆς
1376 3523 1515 3596 πρὸς
1569 3517 1735 3577 Δαϐὶδ
1805 3521 1990 3602 φιλίας

339 3609 546 3682 ἐκείνην
582 3611 873 3682 ἀπέστησε,
909 3608 1162 3684 τοξότιδα
1219 3617 1396 3666 πᾶσαν
1448 3612 1609 3666 οὖσαν
1664 3611 1755 3666 καὶ
1816 3611 1991 3690 μάχιο

346 3701 621 3774 μον-ιεῖχε
662 3697 709 3755 δ’
739 3700 798 3754 ἓιν
869 3701 958 3755 καὶ
1000 3699 1319 3775 Ἐράκλειαν
1349 3700 1438 3755 καὶ
1476 3701 1568 3756 τὸν
1636 3695 1802 3755 Δαϐὶδ
1862 3698 2020 3776 δραε

343 3791 508 3860 πέτην
543 3791 740 3846 ἐκεῖθεν
771 3785 989 3860 ἕδειξεο,
1020 3789 1065 3844 εί
1101 3791 1177 3864 μὴ
1222 3791 1464 3846 Λατίνων
1505 3794 1574 3865 τῇ
1642 3788 1994 3865 Νικομήδους

349 3876 800 3956 ραρεμϐαλὸντων
861 3881 978 3936 κατ’
1037 3878 1350 3956 ἐπίκουρίαν
1437 3877 1624 3954 Δαϐὶδ,
1721 3880 1836 3936 ἐπεὶ
1902 3882 1991 3937 καὶ

347 3975 466 4048 εἶχε
503 3971 718 4032 τούτοις
745 3965 912 4026 Δαϐἱδ
945 3971 1322 4044 σπεισάμενος,
1359 3971 1410 4027 ἐν
1439 3972 1704 4050 ἀμφινοίᾳ
1760 3971 1988 4044 κατέστη

339 4065 630 4140 Λάσκαρις.
691 4061 860 4118 Εῖλκε
903 4062 997 4134 μὲν
1039 4062 1139 4136 γὰρ
1189 4061 1350 4117 αὐτὸν
1407 4059 1646 4118 ἐντεῦθεν
1714 4061 1993 4138 προθυμία

337 4153 430 4206 καὶ
459 4152 642 4223 τόκμη
695 4150 832 4203 κατὰ
890 4151 1155 4204 Λατίνων
1215 4147 1414 4214 ἐκεῖθεν
1458 4147 1505 4204 δ’
1562 4151 1718 4215 αὗθις
1757 4151 1994 4206 ἀντέσπα

340 4240 401 4294 τὸ
455 4239 508 4292 ἐν
577 4237 766 4313 χερσὶν
816 4234 1003 4314 ἔργον,
1063 4237 1192 4292 ὡσεὶ
1266 4239 1357 4293 καὶ
1426 4237 1576 4302 ἐντὸς
1665 4238 1993 4315 ’[ιρακλείας

338 4326 590 4399 οἰόμενον
644 4328 780 4381 εἶναι
841 4327 930 4381 καὶ
991 4327 1258 4400 κυριεύειν
1301 4334 1403 4396 τῆς
1434 4327 1672 4391 πόλεως.
1715 4330 1814 4384 Καὶ
1846 4329 1990 4385 πολ-

2105 3357 2232 3396 esse
2269 3339 2564 3397 videretur
2595 3345 2650 3395 et
2680 3356 2748 3396 ea
2779 3340 2920 3396 urbe
2952 3341 3150 3412 potiri,
3204 3357 3271 3397 ac
3311 3357 3464 3413 saepe
3503 3340 3663 3396 velut
3696 3341 3755 3395 in

2102 3431 2326 3487 trutina
2357 3431 2602 3488 sollicito
2636 3431 2833 3488 animo
2892 3437 3210 3505 utrumque
3271 3433 3639 3504 ponderaret.
3683 3431 3756 3487 Ut

2101 3525 2587 3580 verodet‘ensores
2608 3524 2841 3580 Davidis
2869 3525 3145 3580 invadere
3196 3523 3401 3579 utilius
3447 3539 3624 3596 quam
3658 3539 3760 3578 au-

2103 3613 2306 3669 dacius
2327 3630 2455 3669 esse
2477 3613 2781 3680 statuit,ad
2803 3629 2922 3674 eos.
2958 3614 3166 3669 itinere
3215 3613 3481 3669 instituto
3513 3611 3757 3678 omisso,

2103 3702 2430 3757 revertitur.
2463 3702 2585 3765 Quo
2617 3701 2700 3755 illi
2737 3703 2937 3758 audito
2999 3703 3058 3756 in
3103 3703 3286 3757 aciem
3340 3701 3453 3757 sibi
3513 3700 3760 3757 desceno

2102 3793 2354 3848 dendum
2382 3809 2495 3847 non
2519 3798 2892 3860 censuerunt,
2927 3793 3027 3848 sed
3051 3797 3219 3847 noctu
3253 3791 3502 3865 digressi
3528 3791 3752 3862 Byzan-

2100 3882 2245 3938 tium
2280 3882 2544 3937 redeunt.
2580 3881 2754 3937 David
2814 3898 2945 3937 vero
3005 3890 3280 3953 reputans
3324 3890 3383 3936 ut
3436 3880 3751 3936 imminens

2095 3975 2222 4045 jam
2254 3973 2594 4041 discrimen,
2653 3972 2804 4029 845
2865 3989 2970 4028 nec
3029 3973 3212 4030 multo
3269 3991 3302 4028 a
3354 3989 3416 4028 se
3465 3973 3751 4028 remotius

2101 4079 2274 4136 quam
2307 4082 2338 4117 a
2369 4079 2524 4133 genu
2553 4063 2695 4118 tibia
2727 4063 2926 4128 distat,
2970 4069 3175 4133 printer
3230 4063 3566 4134 opinionem
3626 4079 3754 4117 eva-

2101 4153 2298 4219 sisset,
2331 4167 2536 4207 rursus
2566 4151 2850 4208 Heracless
2912 4152 3153 4207 ﬁrmiter
3212 4151 3481 4222 inhaeret,
3513 4151 3752 4207 Latinos

2101 4256 2235 4296 vero
2269 4241 2519 4310 Byzantii
2546 4241 2820 4310 degentes
2850 4241 2921 4296 ob
2955 4239 3142 4296 latum
3178 4241 3464 4297 auxilium
3490 4242 3754 4296 frumen-

2100 4328 2266 4384 tariis
2297 4328 2543 4384 navibus
2574 4334 2632 4385 et
2663 4329 2859 4400 pernis
2891 4335 3301 4388 remuneratur
3329 4351 3341 4400 ;
3370 4335 3544 4402 atque
3574 4330 3646 4385 ab
3671 4330 3755 4386 eis

337 4414 496 4478 λάκις
553 4413 804 4492 ἑκάτερον
860 4420 952 4472 καί
1026 4416 1104 4481 ὡς
1183 4414 1273 4472 ἐπὶ
1345 4419 1612 4492 τρυτάνης
1679 4423 1846 4496 ζυγοῦ
1902 4419 1984 4473 καῖ

2103 4416 2321 4473 auxilia
2351 4418 2539 4474 denuo
2570 4419 2732 4489 petit,
2767 4425 3008 4492 oratque
3063 4425 3126 4475 ut
3178 4421 3239 4476 in
3297 4421 3511 4477 foedere
3549 4420 3758 4475 Lasca-

1352 4503 1395 4527 θ’

335 4506 470 4580 μετὰ
519 4507 762 4584 συνοχῆς
820 4505 1157 4563 έταλάτευεν.
1199 4508 1289 4569 Ὀς
1349 4505 1395 4561 δ’
1451 4506 1715 4582 έκεκρίκει
1775 4529 1984 4589 συμφο-

337 4595 570 4670 ρώτερον
625 4594 840 4668 μᾶλλον
909 4594 1053 4671 ἤπερ
1119 4595 1442 4670 θρασύτερον
1496 4595 1581 4652 ἐπὶ
1637 4599 1765 4660 τοὺς
1824 4597 1985 4672 ὑπερ-

333 4685 595 4747 ασπιστὰς
621 4682 799 4740 ἵεσθαι
852 4690 948 4740 τοῦ
992 4681 1188 4756 Λαεὶδ,
1245 4687 1655 4760 ἱεπανακάμπτει
1699 4689 1794 4762 μὲν
1847 4688 1985 4762 πρὸς

330 4774 553 4844 αὐτοὺς,
613 4774 679 4844 ἢν
745 4771 913 4829 ὥδευε
969 4775 1268 4851 παρεικώς·
1331 4777 1383 4830 οἱ
1441 4773 1497 4830 δὲ
1541 4777 1608 4830 τά
1635 4776 1758 4849 περὶ
1789 4776 1986 4832 τούτου

328 4865 642 4938 πυθόμενοι
701 4862 970 4934 συστάδην
1035 4865 1132 4937 μὲν
1183 4862 1658 4941 παρακινδυνεύειν
1692 4866 1792 4919 οὐκ
1821 4860 1985 4942 ἔγνω·

329 4975 444 5024 σαν,
490 4953 836 5027 μεθίστανται
871 4951 928 5007 δὲ
965 4953 1155 5014 νυκτὸς
1186 4954 1274 5008 καὶ
1320 4952 1515 5008 εἰσίασι
1546 4955 1608 5008 τὸ
1669 4955 1982 5025 Βυζάντιόν.

327 5042 388 5098 Ὀ
422 5038 478 5097 δέ
508 5063 569 5119 γε
603 5036 770 5097 Δαϐὶδ
805 5043 880 5104 ὡς
935 5038 1129 5096 οὔκουν
1199 5037 1468 5097 ἐϐάλλετο
1509 5042 1646 5098 κατᾶ
1687 5047 1811 5098 νοῦν
1848 5045 1983 5118 (82),

327 5131 475 5207 παρά
541 5127 693 5201 δόξαν
753 5135 850 5187 τοῦ
917 5128 1166 5185 κινδύνου
1219 5129 1435 5205 ῥυσθεὶς
1503 5131 1559 5186 ὃν
1626 5129 1804 5207 ἔγγιον
1869 5134 1985 5208 εἶχε

334 5223 707 5296 προσέρποντα
758 5224 846 5278 καὶ
881 5219 1079 5298 σχεδὸν
1142 5219 1256 5277 οὐδ’
1298 5222 1396 5278 ὅσα
1431 5224 1558 5297 γόνυ
1614 5226 1837 5298 κνήμης
1869 5225 1987 5279 ἐαυ-

399 5313 422 5323 ”⁸
492 5311 508 5329 ’-
661 5313 671 5334 Ι
905 5314 918 5332 ῒ
1011 5314 1022 5330 ‘
1171 5311 1186 5335 λ
1322 5315 1335 5333 Ι
1527 5321 1553 5331 ~
1659 5316 1670 5336 ἱ
1907 5314 1919 5336 Ι

331 5327 426 5391 του
484 5333 861 5390 αφισταμενον,
895 5316 1054 5391 αρπιξ
1097 5335 1187 5368 και
1263 5313 1428 5369 παλιν
1489 5335 1594 5384 της
1676 5313 1984 5389 Ηρακλειας

331 5390 532 5473 ἔχεται¹
563 5403 687 5464 τοὺς
719 5401 764 5458 δ’
785 5403 835 5459 ἐν
869 5390 1146 5478 Βυζάντίῳ
1202 5402 1470 5466 Λατίνους
1527 5411 1628 5474 τῆς
1677 5425 1979 5481 συμμάχου

330 5483 755 5564 διαμειϐόμενος
814 5500 1068 5572 στρατιᾶς
1119 5498 1356 5572 σιτηγῶν
1407 5493 1620 5550 πλοίων
1708 5496 1794 5568 [Ρ.
1854 5498 1981 5571 412]

2100 4507 2226 4560 rino
2249 4523 2310 4563 se
2333 4523 2564 4578 quoque
2585 4513 2647 4563 ut
2676 4524 2850 4563 suum
2883 4509 3183 4565 subditum
3230 4512 3756 4583 comprehendant,

2099 4599 2154 4651 et
2185 4613 2417 4652 omnem
2449 4595 2808 4668 provinciam
2844 4615 3025 4670 quam
3071 4604 3266 4656 teneat
3313 4603 3461 4657 inter
3521 4603 3752 4660 Latinas

2099 4685 2427 4757 provincias
2459 4693 2786 4744 numerent.
2822 4691 2943 4753 Quo
2973 4706 3105 4745 cum
3142 4689 3226 4745 illi
3287 4691 3653 4759 annuissent,
3702 4700 3756 4748 et

2100 4778 2393 4832 Lascarim
2425 4777 2611 4834 Nicaea
2655 4777 2895 4836 Prusam
2947 4781 3163 4835 abiisse
3222 4781 3562 4852 audivisset,
3626 4783 3753 4856 ipse

2098 4887 2329 4942 quoque
2351 4869 2626 4926 Heraclea
2648 4872 2864 4942 prodit,
2893 4877 2950 4927 et
2999 4872 3230 4928 auxiliis
3269 4890 3455 4946 nuper
3479 4876 3749 4948 Byzantio

2100 4960 2297 5016 missis
2354 4960 2613 5030 inﬂatus,
2675 4977 2810 5016 cum
2872 4961 2964 5016 sui
2995 4965 3120 5017 tum
3153 4961 3388 5018 illorum
3421 4966 3751 5036 periculum

2097 5051 2382 5119 facturus,
2441 5051 2718 5122 Sangario
2801 5051 3044 5107 ﬂumine
3098 5062 3365 5124 superato
3425 5055 3749 5113 Lascarinaa

2097 5141 2335 5199 ditionis
2366 5142 2581 5214 oppida
2638 5147 2848 5209 vastat,
2909 5148 2964 5198 et
3019 5149 3152 5214 post
3184 5145 3308 5200 dies
3349 5146 3575 5218 aliquot
3613 5148 3751 5203 inde

2096 5231 2440 5304 digreditur,
2474 5231 2779 5287 obsidibus
2813 5232 3083 5289 Plusiade
3132 5234 3412 5307 acceptis,
3447 5235 3748 5293 nonnullis

2094 5323 2264 5378 etiam
2291 5322 2351 5376 in
2380 5320 2616 5378 vincula
2644 5321 2940 5393 conjectis,
2977 5323 3132 5395 quod
3194 5325 3264 5380 ad
3323 5327 3619 5382 Lascarim
3652 5328 3750 5382 de-

2096 5411 2383 5466 fecissent.
2418 5409 2543 5465 Itali
2575 5426 2706 5467 vero
2765 5410 2996 5468 circiter
3051 5429 3148 5470 ccc
3195 5415 3478 5484 parabant
3516 5415 3752 5488 longius

2096 5500 2386 5573 progredi,
2412 5503 2469 5556 et
2494 5514 2525 5555 ο
2551 5499 2802 5556 vallibus
2823 5500 2882 5557 in
2907 5505 3136 5560 montes
3189 5504 3606 5561 ascendebant.
3637 5505 3750 5562 Sed

1669 5595 1864 5663 Hier.
1899 5597 2154 5666 Wolfii
2196 5602 2410 5668 notae.

396 5699 512 5771 (82)
541 5698 630 5764 Ὡς
666 5695 862 5757 οὔκουν
903 5697 1132 5759 ἐϐάλετο
1153 5702 1290 5759 κατᾶ
1318 5705 1464 5759 νοῦν.
1498 5702 1903 5776 Negationem,
1934 5720 1984 5777 qi

2120 5706 2450 5765 redundare
2483 5707 2773 5775 existimo,
2806 5709 3003 5767 omisi.
