4074 6414
324 312 477 371 1031

1647 304 1961 368 ΝΙΟΕΤιΕ
2001 305 2428 375 (ΞΗΟΝΙΑΤΛΕ

3581 324 3744 387 1032

327 442 848 502 οἰτοεΝἰοοωοάίω
875 440 1155 500 Trachias
1194 440 1390 498 subito
1443 438 1763 529 Androcini
1806 439 1975 497 Guidi

2094 437 2360 517 δεξιοῦται
2418 452 2807 526 καταγωγαῖς;
2853 449 2945 506 καὶ
3009 449 3224 527 κρέασιν
3275 451 3465 516 υἶείοις
3502 472 3748 529 ταριχη-

326 538 679 606 superventu
706 537 838 607 post
857 532 1072 589 variam
1094 548 1303 605 pugna
1326 530 1615 585 fortunam
1639 528 1978 601 vincuntur,

328 622 590 680 nonnulli
621 624 799 680 etiam
840 623 901 679 in
929 622 1179 679 insidias
1237 621 1297 676 in
1346 619 1638 675 montibus
1668 619 1982 676 collocatas

321 712 544 787 delapsi
569 713 902 786 capiuntur,
934 716 999 766 ut
1048 726 1193 782 pene
1239 708 1438 765 nullus
1463 714 1797 781 superesset
1827 708 1981 765 846

332 803 429 875 qui
460 802 688 859 cladem
716 801 875 859 illam
928 800 1125 856 Davidi
1187 798 1505 854 nuntiaret.
1538 798 1649 854 Sed
1680 802 1738 854 et
1781 798 1982 855 Petrus

327 892 624 964 Plancius,
644 893 814 964 cujus
846 897 980 948 ante
1012 890 1279 956 memini,
1312 888 1531 961 insigni
1561 889 1822 960 corporis
1858 906 1980 944 ma-

326 982 630 1056 gnitudine
682 979 1042 1038 admirabilis
1099 984 1157 1036 et
1214 979 1480 1050 generosi
1542 977 1724 1034 animi
1768 978 1983 1036 invicto

328 1072 535 1129 robore
566 1070 838 1141 illustris,
873 1086 935 1126 se
993 1068 1162 1141 Pegis
1221 1068 1364 1125 urbe
1426 1067 1605 1140 recipi
1664 1085 1772 1124 suo
1806 1067 1981 1125 veluti

321 1162 457 1233 jure
485 1160 840 1234 postulabat,
866 1159 1018 1232 quod
1049 1158 1302 1230 primum
1337 1156 1417 1212 ibi
1468 1156 1816 1229 appulisset,
1848 1173 1980 1214 cum

329 1251 521 1307 Latini
540 1247 1231 1306 RomanisOrientalibus
1250 1245 1466 1303 bellum
1512 1245 1872 1303 intulissent.
1903 1247 1983 1303 A0

323 1339 473 1399 alias
502 1344 699 1412 aperte
729 1340 1058 1410 irrumpere
1086 1342 1356 1406 conatus,
1399 1337 1499 1392 sed
1534 1354 1566 1391 a
1614 1336 1839 1393 civibus
1873 1337 1986 1393 La-

322 1428 474 1486 scari
528 1428 858 1486 faventibus
919 1425 1287 1500 repudiatus,
1343 1431 1611 1482 mutasse
1667 1425 1981 1483 consilium

323 1519 667 1593 putabatur.
702 1518 848 1586 Quia
880 1533 1009 1573 vero
1043 1532 1250 1588 parum
1310 1520 1509 1587 aperto
1564 1518 1746 1570 Marte
1791 1515 1985 1588 profe-

321 1613 499 1680 cerat,
535 1606 609 1665 ad
638 1606 884 1663 insidias
915 1620 1252 1671 conversus,
1316 1604 1564 1678 Peganis
1622 1604 1858 1677 aliquod
1902 1604 1986 1661 in-

319 1698 596 1771 terceptis
637 1700 694 1754 et
751 1694 984 1761 occisis,
1044 1711 1110 1749 ex
1168 1694 1291 1749 suis
1347 1693 1493 1749 clam
1555 1709 1766 1765 paucos
1816 1692 1983 1749 simul

317 1786 499 1859 Pegas
517 1784 843 1842 introducit
865 1784 1175 1855 cujusdam
1199 1782 1425 1838 Sthlabi
1475 1781 1689 1839 Vareni
1719 1792 1773 1838 et
1804 1782 1980 1854 huius

315 1876 691 1949 conjuratum
726 1891 925 1947 opera.
965 1874 1105 1929 Dein
1148 1873 1274 1945 ipse
1325 1888 1562 1943 quoque
1616 1873 1980 1930 occasionem

2091 539 2231 609 ροῖς,
2271 537 2360 592 καὶ
2420 539 2547 614 παρ’
2604 537 2779 596 αὐτῶν
2839 540 3065 598 αἰτεῖται
3126 540 3377 616 δευτέραν
3465 543 3749 620 σύναρσιν,

2088 625 2179 678 καὶ
2237 622 2550 700 λιπαρεῖται
2615 627 2666 684 έν
2726 635 2847 693 ταῖς
2894 631 3032 707 πρὸς
3061 630 3155 686 τὸν
3188 630 3461 705 Λάσκαριν
3513 637 3754 710 γραφαῖς

2087 711 2178 766 καὶ
2249 713 2509 779 σπονδαῖς
2565 723 2684 781 τοῖς
2734 718 3118 793 ὗποκειμένοις
3181 719 3328 799 σφίσι
3380 721 3631 777 κάκεῖνον
3664 721 3754 778 έν-

2087 802 2391 877 τάττεσθαι,
2460 808 2549 862 καὶ
2607 809 2709 878 τήν
2778 810 2866 863 ὑπ’
2919 810 3080 864 αὐτὸν
3148 814 3323 865 πᾶσαν
3384 810 3575 887 χώραν
3626 816 3753 875 ταῖς

2092 890 2193 946 ὑπὸ
2237 894 2501 959 Λατίνους
2556 896 2919 974 έγκρίνεσθαι.
2987 896 3206 971 Ἀμέλει
3267 900 3341 963 ὡς
3398 901 3517 977 εἶχε
3577 906 3754 959 ταῦτα

2087 981 2507 1055 καταθεμένους,
2596 985 2827 1049 πύθοιτο
2926 985 2985 1042 δέ
3054 987 3145 1042 καὶ
3208 989 3301 1044 τὸν
3358 988 3633 1066 Λάσκαριν
3690 990 3752 1046 ἐκ

2087 1070 2317 1134 Νικαίας
2374 1072 2453 1136 εἲς
2540 1078 2789 1151 Προῦσαν
2881 1077 3201 1151 μετάραντα,
3292 1074 3343 1148 ἐξ
3424 1078 3749 1155 Ἡρακλείας

2088 1160 2304 1234 πρόεισι
2336 1162 2426 1217 καὶ
2486 1162 2647 1227 αὐτὸς
2714 1169 2794 1238 τῷ
2849 1187 3195 1242 συμμαχικῳ
3255 1172 3495 1242 γαυριῶν
3525 1170 3649 1246 ὅπερ
3677 1170 3739 1226 ἐκ

2089 1249 2385 1319 Βυζαντίου
2444 1260 2735 1329 προσεχῶς
2796 1251 2991 1328 ἐκείνῳ
3052 1253 3381 1323 ἀπέσταλτο,
3452 1259 3738 1333 γυμνασίαν

2086 1356 2145 1391 τε
2174 1336 2263 1392 καί
2308 1339 2602 1416 ἀνάπειραν
2661 1342 2857 1398 ἑαυτοῦ
2914 1343 3177 1400 κάκείνων
3234 1346 3586 1420 ποιούμενος,
3650 1347 3743 1401 τὸν

2090 1428 2397 1502 Σαγγάριον
2427 1424 2622 1493 διαϐὰς
2651 1432 2898 1505 ποταμὸν
2933 1429 3215 1504 ῦπηκόους
3258 1433 3618 1508 κωμοπόλεις
3677 1439 3758 1507 τῷ

2087 1517 2328 1594 Λάσκαρι
2389 1514 2583 1594 ἔκειρε.
2618 1521 2724 1578 Καὶ
2794 1523 2913 1596 μεθ’
2964 1521 3178 1598 ἡμέρας
3219 1523 3383 1589 αὐτὸς
3422 1524 3520 1597 μὲν
3552 1524 3758 1588 ἐκεῖθεν

2092 1606 2429 1681 μεθίσταται,
2472 1609 2721 1685 ὁμήρους
2764 1607 2825 1666 ἐκ
2866 1617 2969 1683 τῆς
3030 1609 3372 1676 Πλουσιάδος
3433 1610 3757 1686 δεξάμενος,

2089 1693 2251 1758 ἐνίοις
2316 1693 2373 1752 δέ
2423 1699 2513 1753 καὶ
2568 1696 2742 1774 δεσμά
2808 1702 3163 1776 περιθέμενος
3224 1699 3315 1758 διὰ
3356 1702 3419 1757 τὸ
3468 1706 3602 1780 σφᾶς
3634 1722 3760 1777 χω-

2091 1791 2256 1857 ρῆσαι
2287 1791 2366 1860 τῷ
2398 1789 2662 1865 Λάσκαρι’
2706 1789 2757 1845 0i
2791 1787 2839 1845 δ’
2875 1788 3083 1849 Ἰταλοὶ
3115 1792 3238 1865 περὶ
3271 1813 3378 1846 που
3416 1792 3547 1855 τοὺς
3600 1812 3763 1867 τρια-

2094 1874 2314 1939 κοσίους
2345 1877 2619 1952 ὁρώμενοι
2648 1882 3120 1951 παρεσκευάζοντο
3155 1881 3254 1955 μὶν
3303 1880 3395 1937 καὶ
3452 1882 3767 1957 περαιτέρω

316 1969 522 2022 nactus
555 1963 926 2030 subintravit,
962 1967 1019 2019 et
1048 1963 1400 2018 adversariis
1432 1966 1609 2017 noctu
1661 1962 1829 2018 nullo
1879 1978 1975 2019 ne-

2097 1970 2304 2039 χωρεῖν
2371 1966 2477 2022 κάκ
2521 1971 2630 2024 τῶν
2664 1967 2871 2024 κοίλων
2923 1970 3062 2045 πρὸς
3109 1969 3178 2026 τὰ
3239 1972 3490 2047 μετέωρα
3519 1965 3766 2040 ἔϐαινον,

314 2057 470 2129 gotio
502 2054 753 2127 repulsis
787 2057 908 2109 tota
942 2053 1082 2109 urbe
1114 2053 1336 2124 potitus
1368 2055 1477 2106 est.

2096 2050 2425 2118 ἐπελθόντος
2457 2054 2505 2111 δ’
2529 2056 2719 2123 αὐτοῖς
2748 2058 3085 2135 ἀπροόπτως
3114 2058 3238 2135 περὶ
3273 2059 3371 2124 τὰς
3422 2066 3524 2129 τῆς
3587 2061 3768 2117 Νικο-

323 2141 554 2219 μηδείας
585 2140 868 2222 Τραχείας
930 2139 1282 2216 Ἀνδρονίκου
1320 2142 1417 2194 τοῦ
1475 2136 1659 2210 Γίδου,
1695 2137 1786 2194 καὶ
1839 2141 2134 2214 γινομένης
2189 2139 2504 2216 συμϐολῆς,
2569 2148 2842 2216 ἡττῶνται
2890 2148 3024 2222 μετᾶ
3061 2147 3324 2212 πλείστας
3370 2143 3608 2223 ἀμοιϐὰς
3663 2168 3771 2219 τοῦ

320 2232 602 2309 πολέμου,
646 2234 699 2288 ei
731 2230 790 2287 δὶ
817 2231 910 2286 καὶ
944 2234 1276 2306 ζωγροῦνται
1307 2233 1423 2292 τοῖς
1454 2233 1779 2308 περισχοῦσι
1835 2230 1903 2284 τὰ
1934 2228 2035 2304 ὅρη
2077 2231 2167 2286 καὶ
2223 2238 2341 2295 ταῖς
2399 2233 2942 2311 προλελοχισμέναις
3007 2238 3113 2293 ὑπὸ
3180 2241 3329 2316 σφῶν
3374 2234 3771 2313 περιπεσόντες

315 2321 577 2401 ἐνέδραις,
610 2322 685 2386 ὡς
718 2318 860 2397 μηδὲ
891 2321 1171 2397 πυρφόρον
1228 2317 1629 2399 ῦποΑελεῖφθαι
1690 2316 1888 2395 σχεδὸν
1948 2319 2043 2375 τὸν
2072 2324 2152 2394 τῷ
2205 2317 2375 2377 Δαϐἰδ
2440 2323 2858 2401 ἀπαγγελοῦντα
2886 2324 3075 2382 τοῦτοί
3102 2326 3165 2381 τὸ
3198 2323 3553 2403 δυστύχημα.
3580 2325 3772 2384 Ἀλλᾶ

312 2420 400 2472 καὶ
450 2414 654 2491 Ηέτρος
711 2415 740 2469 ὁ
783 2412 843 2468 ἐκ
908 2412 1217 2483 Πλάντζης,
1279 2412 1341 2466 οὗ
1372 2411 1459 2465 καὶ
1503 2411 1735 2486 πρόσθεν
1801 2408 2152 2485 ἐμνήσθημεν
2226 2417 2461 2488 (μεγέθει
2512 2412 2568 2470 δὲ
2632 2416 2789 2476 οὗτος
2850 2415 3106 2490 σώματος
3162 2419 3449 2492 θαυμασίῳ
3500 2417 3773 2475 ἐκέκαστο

312 2506 403 2561 καὶ
433 2508 621 2583 ψυχῆς
686 2503 918 2581 γενναίῳ
983 2497 1370 2578 περιεϐλέπετο
1414 2501 1848 2574 παραστήματι),
1887 2504 2007 2563 ταῖς
2062 2506 2287 2575 Πηγαῖς
2345 2506 2412 2576 τῇ
2465 2502 2628 2559 πόλει
2678 2502 3084 2581 προσδεχθῆναι
3116 2506 3443 2586 φιλονεικῶν
3508 2507 3601 2564 ἆτε
3649 2509 3747 2564 καὶ

315 2593 523 2651 δίκαιον
552 2594 637 2650 ἐπ’
684 2590 871 2656 αὒταῖς
927 2590 1070 2669 ἔχειν
1120 2589 1565 2665 ἴσχυριζόμενος,
1634 2589 1709 2650 ὡς
1782 2589 1877 2644 οἶα
1924 2589 2159 2664 πρώτως
2222 2588 2335 2645 ἐκεῖ
2389 2595 2684 2668 καταχθεῖς
2741 2593 2902 2665 ἡνίκα
2959 2600 3181 2652 Λατῖνοι
3246 2597 3385 2652 κατά
3438 2602 3547 2652 τῶν
3597 2598 3749 2673 πρὸς

321 2683 493 2761 αὐγὰς
520 2682 687 2755 ἡλίου
715 2680 1002 2756 Ῥωμαίων
1037 2677 1388 2735 ἐπανείλοντο
1415 2678 1683 2752 πόλεμον,
1730 2678 1820 2734 καὶ
1853 2676 2055 2735 ἄλλοτε
2088 2680 2182 2753 μὶν
2242 2677 2479 2737 εἰσδῦναι
2534 2682 2732 2746 ταύτας
2789 2682 2849 2739 ἐκ
2900 2689 2998 2741 τοῦ
3054 2690 3365 2765 προφανοῦς
3423 2684 3751 2763 έπιράσατο,

321 2773 696 2851 ἀποπεμφθεὶς
728 2768 774 2826 δ’
806 2772 881 2835 ὡς
910 2775 1021 2826 τῶν
1049 2766 1225 2825 ἔνδοθι
1268 2768 1610 2845 φρονούντων
1654 2767 1790 2848 φίλα
1819 2773 1898 2840 τῷ
1931 2768 2195 2843 Λάσκαρι,
2222 2764 2369 2845 ἔδοξε
2404 2772 2501 2845 μὲν
2568 2771 2903 2850 ἀποσχέσθαι
2962 2764 3189 2847 ταυτησῖ
3248 2782 3352 2847 τῆς
3408 2778 3748 2853 προθέσεως,

315 2866 344 2920 ὁ
398 2861 443 2918 δ’
504 2860 767 2938 ένδρεύων
837 2861 905 2931 ἦν
960 2860 1149 2931 πάλιν,
1198 2858 1283 2915 ὅτι
1342 2856 1486 2934 μηδὶ
1539 2857 1834 2934 προύπτως
1890 2858 2012 2933 εἶχε
2075 2858 2409 2933 βιάζεσσθαι.
2475 2865 2590 2916 Τῶν
2657 2866 2784 2938 γοῦν
2863 2869 3156 2939 Πηγαῖτῶν
3214 2886 3365 2928 τινας
3427 2863 3753 2941 ὑποκλέψας

322 2953 415 3009 καὶ
466 2951 800 3031 διαφθείρας,
852 2950 1031 3026 λάθρα
1088 2948 1180 3005 καὶ
1238 2947 1375 3004 κατᾶ
1430 2947 1661 3026 βραχεῖς
1718 2951 1847 3012 τοῦς
1900 2947 2136 3004 οἱκείους
2192 2954 2310 3011 ταῖς
2380 2955 2591 3026 Πηγαῖς
2645 2948 2941 3029 ἐπεισάγει,
3019 2952 3515 3029 πολυωρουμένους
3599 2957 3753 3031 παρὰ

318 3038 574 3108 Σθλάϐου
640 3043 789 3105 τινὸς
841 3042 1091 3117 Βαρηνοῦ
1133 3043 1227 3094 καῖ
1278 3040 1386 3093 τῶν
1441 3035 1639 3092 τούτου
1698 3037 2054 3111 συνωμοτῶν.
2117 3035 2289 3110 Πέρας
2350 3034 2408 3092 δὲ
2463 3039 2553 3093 καὶ
2586 3037 2747 3102 αὐτὸς
2802 3040 2829 3095 ὁ
2877 3040 3080 3117 Πέτρος
3135 3044 3616 3121 καιροφυλακήσας
3647 3046 3749 3109 τὰς

312 3132 507 3210 Πηγὰς
540 3127 909 3203 έπεισδέδυκε,
933 3127 1025 3185 καὶ
1063 3128 1257 3191 νυκτὸς
1291 3126 1613 3201 ἐπιθέμενος
1635 3126 1726 3182 οὖν
1762 3122 1941 3181 οὐδενὶ
1970 3126 2125 3199 πόνῳ
2152 3125 2281 3189 τοὺς
2323 3125 2595 3191 ἐναντίους
2638 3126 2894 3185 διώσαιτο
2946 3130 3038 3187 καὶ
3094 3139 3195 3203 τῆς
3245 3131 3385 3204 ὅλης
3442 3134 3743 3211 κεκράτηκε

312 3221 555 3286 πόλεως.

382 3312 533 3368 Dum
591 3312 714 3368 haec
772 3316 1076 3383 geruntur,
1158 3306 1344 3363 Latini
1432 3304 1718 3378 principio
1796 3305 1966 3376 juxta

2160 3304 2372 3362 Οὑτωσὶ
2398 3301 2455 3361 δὲ
2510 3307 2901 3383 πραττομένων
2955 3309 3163 3366 τούτων
3197 3311 3249 3366 οἱ
3285 3311 3387 3382 τὴν
3445 3307 3724 3386 ’Δδριανοῦ

310 3399 751 3473 Adrianopolim
786 3402 981 3455 castra
1022 3400 1338 3465 metantur,
1400 3395 1521 3451 foro
1569 3403 1727 3452 extra
1770 3395 1973 3451 urbem

310 3488 854 3558 instituto.Deinde,
887 3485 1024 3543 belli
1046 3485 1322 3542 societate
1341 3500 1477 3541 cum
1502 3482 1784 3540 Romanis
1803 3482 1973 3551 inita,

315 3580 491 3637 urbes
515 3578 798 3652 quasdam
833 3577 1201 3633 circumeunt
1232 3591 1266 3632 a
1297 3572 1532 3647 Scythis
1582 3573 1731 3629 male
1763 3577 1973 3629 tracta-

310 3675 399 3726 tas
429 3669 777 3741 ;quibus,ut
804 3671 1042 3739 tempus
1072 3665 1315 3735 ferebat,
1349 3663 1708 3730 constitutis,
1741 3661 1973 3719 Rhodo-

310 3777 395 3832 pse
426 3758 643 3815 limites
673 3756 1107 3831 ingrediuntur.
1172 3753 1280 3811 Ubi
1343 3770 1477 3809 cum
1528 3751 1729 3809 nullus
1783 3750 1972 3807 hostis

309 3867 423 3905 non
459 3848 635 3905 modo
662 3846 996 3915 lacesseret,
1031 3844 1127 3901 sed
1172 3860 1277 3900 nec
1305 3846 1632 3916 appareret,
1668 3841 1969 3898 castellum

308 3936 753 3994 Stenimachum
785 3934 1038 4009 ingressi
1100 3932 1484 4007 popularibus
1541 3930 1665 3987 suis
1696 3932 1883 4002 (erant
1914 3929 1973 3985 bi

314 4027 571 4098 reliquias
605 4042 807 4082 eorum
841 4025 945 4098 qui
988 4023 1215 4097 pridem
1270 4019 1725 4093 PhilippOpolim
1784 4023 1976 4075 custo-

313 4116 561 4189 dierant)
596 4116 732 4172 inde
760 4113 1031 4171 abductis
1087 4111 1457 4169 Orestiadcm
1513 4109 1662 4165 847
1706 4109 1972 4174 redeunt,

311 4214 372 4265 et
400 4207 767 4263 Theodorum
794 4204 1047 4260 Branam
1075 4202 1226 4258 datis
1267 4199 1491 4272 aliquot
1520 4198 1863 4256 cohortibus
1893 4196 1974 4253 ibi

310 4295 807 4368 relinquunt.Ipsi
838 4293 1184 4366 Byzantium
1218 4289 1432 4346 reversi
1468 4288 1806 4357 Henricum,
1840 4286 1971 4343 Bal-

316 4387 486 4443 duini
517 4385 690 4458 primi
723 4400 793 4440 ex
824 4381 1039 4441 Latinis
1071 4381 1343 4454 Byzantio
1374 4379 1663 4435 dominati
1709 4377 1972 4442 fratrem,

318 4476 729 4548 imperatorem
764 4471 1084 4528 declarant.
1110 4469 1252 4524 Cum
1289 4473 1482 4524 autem
1534 4482 1717 4523 unum
1752 4480 1972 4522 annum

317 4571 374 4622 et
406 4579 636 4621 menses
667 4569 920 4635 quatuor
952 4575 1073 4614 rem
1105 4559 1398 4631 publicam
1445 4557 1572 4614 sine
1628 4554 1976 4627 imperatore

316 4653 823 4717 administrarent,
858 4648 1077 4705 nemini
1113 4645 1484 4719 popularium
1519 4661 1760 4701 suorum
1808 4659 1972 4715 regni

311 4741 820 4817 inaugurationem
843 4739 1172 4795 condonare
1195 4736 1507 4792 voluerunt
1547 4734 1661 4791 nisi
1701 4729 1970 4789 Balduini

315 4840 500 4892 morte
528 4832 690 4906 prius
720 4828 1035 4903 explorata.
1068 4825 1326 4882 Audiant
1386 4824 1507 4880 haec
1562 4821 1829 4889 Romani,
1864 4820 1965 4892 qui

313 4929 370 4981 et
401 4925 604 4983 eodem
637 4926 894 4992 tempore
925 4919 1338 4991 imperatorem
1370 4915 1744 4986 inaugurant,
1779 4915 1836 4967 et
1865 4910 1966 4983 qui

313 5014 823 5086 inauguratum,ut
843 5003 1346 5075 evertant,animis
1364 5001 1718 5073 concipiunt.
1753 5001 1966 5066 Quam-

313 5103 515 5159 obrem
542 5101 671 5172 jure
701 5099 857 5172 apud
888 5112 1096 5153 omnes
1127 5101 1332 5168 gentes
1362 5096 1572 5149 nostris
1629 5090 1815 5146 aetatis
1855 5088 1970 5145 mi-

315 5192 455 5249 lites
487 5194 553 5247 ut
598 5190 901 5263 parricidas
953 5188 1185 5262 viperas,
1245 5188 1311 5242 ut
1362 5198 1506 5255 gens
1559 5180 1779 5237 nullius
1836 5197 1969 5238 con-

311 5282 449 5352 silii,
475 5286 540 5339 ut
568 5279 731 5335 liberi
757 5274 1310 5350 reprehendendi,ut
1338 5272 1444 5328 ﬁlii
1470 5269 1658 5344 iniqui
1685 5269 1836 5327 male
1867 5287 1972 5327 au-

313 5374 503 5428 diunt.
537 5372 820 5427 Caeterum
856 5367 1123 5424 Balduini
1182 5380 1341 5420 mors
1402 5362 1486 5419 ita
1530 5361 1796 5435 contigit.
1831 5362 1968 5435 Scy-

313 5464 474 5519 thico
504 5458 657 5517 bello
696 5465 903 5530 captus
940 5464 997 5514 et
1056 5455 1332 5521 vinculis,
1387 5458 1453 5510 ut
1509 5453 1649 5522 dixi,
1697 5458 1971 5510 oneratus

311 5545 485 5623 longo
516 5554 778 5621 tempore
804 5546 1059 5606 Tcrnobi
1090 5547 1219 5602 fuit.
1275 5544 1414 5600 Cum
1459 5544 1655 5599 autem
1708 5543 1971 5616 ASpietes

2082 3394 2475 3472 κατειληφότες
2533 3401 2757 3452 Λατῖνοι
2812 3399 2879 3453 τὰ
2938 3399 3036 3473 μὲν
3087 3404 3281 3477 πρῶτα
3355 3402 3478 3476 περὶ
3565 3399 3734 3471 αὖτὴν

2079 3481 2455 3555 ἔνηυλίσαντο,
2488 3484 2580 3540 καὶ
2610 3485 2784 3562 ἀγορὰ
2834 3494 2934 3558 τῆς
2992 3489 3211 3553 πόλεως
3268 3484 3371 3562 ἔξω
3429 3490 3724 3561 πεποίητο·

2081 3573 2193 3628 εἶτα
2222 3573 2311 3629 καὶ
2374 3575 2709 3655 συναιχμίαν
2769 3576 2905 3649 μετά
2953 3578 3247 3652 Ῥωμαίων
3312 3577 3741 3653 ἀποδειξάμενοι

2078 3666 2186 3717 τῶν
2241 3664 2462 3720 πόλεών
2512 3686 2662 3728 τινας
2735 3665 3123 3743 περιέρχονται
3199 3672 3380 3731 κακῶς
3459 3669 3745 3734 παθούσας

2083 3749 2187 3807 ὑπό
2221 3757 2462 3822 Σκυθῶν,
2492 3754 2586 3808 καὶ
2623 3755 2844 3824 ταύτας,
2881 3754 2956 3819 ὡς
3010 3756 3037 3811 ό
3068 3758 3260 3834 καιρὸς
3319 3755 3525 3829 ἐδίδου,
3564 3780 3746 3816 κατα-

2082 3842 2437 3914 στησάμενοι,
2464 3843 2580 3898 εἶτα
2609 3841 2701 3899 καί
2756 3847 2867 3901 τῶν
2910 3851 3011 3916 τῆς
3067 3844 3343 3919 Ῥοδόπης
3398 3850 3746 3927 σγοινισμά-

2078 3952 2188 3986 των
2221 3926 2501 3989 ἅπτονται.
2535 3931 2759 4002 Μηδένα
2788 3930 2847 3989 δὲ
2875 3933 3148 4008 πολέμιον
3224 3926 3472 4013 ἔχοντες
3502 3935 3751 4009 ἐξαπτό-

2084 4041 2238 4094 μενον
2264 4022 2402 4093 μήτε
2435 4021 2543 4093 μὴν
2578 4020 2725 4077 δλως
2766 4022 2944 4099 σφίσιν
3004 4024 3468 4100 ὑποφαινόμενον,
3535 4026 3745 4083 εΐσίασι

2076 4110 2140 4165 τὸ
2190 4104 2364 4185 ἔρυμα
2418 4111 2509 4165 τὸν
2573 4110 2934 4188 Στενίμαχον,
3000 4111 3091 4169 καὶ
3146 4115 3474 4188 μεθιστῶσιν
3530 4113 3741 4172 ἐκεῖθεν

2077 4195 2210 4262 τοῦς
2264 4200 2544 4273 ὁμογενεῖς
2601 4204 2772 4278 σφῶν,
2828 4200 3139 4272 ἀποσπάδα,
3200 4202 3363 4269 ὄντας
3430 4208 3541 4259 τῶν
3633 4207 3744 4276 τήν

2083 4286 2367 4344 Φιλίππου
2401 4287 2697 4345 διεπόντων
2732 4292 3020 4368 πρότερον,
3066 4293 3158 4347 καὶ
3217 4290 3393 4356 οὕτως
3452 4294 3527 4357 είς
3579 4295 3746 4369 Ὀρε-

2081 4375 2273 4434 στιάδα
2302 4377 2470 4435 πάλιν
2500 4376 2918 4439 ἕπαναλύουσιν.
2944 4381 3120 4439 Ἀλλὰ
3149 4383 3238 4439 καὶ
3263 4389 3460 4458 μοῖραν
3494 4385 3582 4459 [Ρ.
3607 4388 3743 4461 413]

2082 4466 2486 4544 στρατεύματος
2518 4465 2788 4545 Θεοδώρῳ
2841 4475 2920 4544 τῷ
2950 4474 3129 4548 Βρανᾷ
3183 4470 3518 4546 απραδόντες
3576 4496 3747 4548 στρα-

2079 4563 2268 4634 τηγεῖν
2304 4563 2414 4614 τῶν
2471 4559 2583 4614 ἐκεῖ
2632 4558 3075 4620 καταλείπουσιν.
3131 4561 3302 4619 Δῦτοὶ
3359 4551 3407 4619 δί
3462 4562 3750 4623 ἐπανίασιν

2081 4646 2135 4711 ές
2165 4649 2483 4717 Βυζάντιον,
2522 4648 2614 4704 καὶ
2663 4648 2740 4712 εὶς
2804 4649 3031 4726 βασιλέα
3090 4651 3310 4727 χρίουσι
3365 4653 3458 4708 τὸν
3515 4653 3725 4731 Ἐῥρῆν

2083 4734 2141 4799 ὅς
2198 4737 2267 4807 ἦν
2337 4738 2799 4813 αὐτοκασίγνητος
2828 4736 3165 4797 Βαλδουῖνου
3220 4745 3318 4797 τοῦ
3371 4744 3613 4818 πρώτως
3683 4744 3746 4800 ἐκ

2079 4826 2322 4883 Λατίνων
2387 4833 2489 4897 τῆς
2547 4828 2921 4885 Κωνταντίνου
3004 4829 3392 4905 κατάρξαντος.
3454 4833 3743 4890 Ἐνιαυτὸν

2078 4914 2125 4972 δ’
2179 4915 2275 4972 ’ὲνα
2325 4915 2418 4972 καὶ
2478 4923 2656 4991 μῆνας
2708 4917 2968 4997 τέσσαρας
3018 4917 3140 4976 ἄνευ
3183 4919 3456 4985 κασιλέως
3486 4924 3550 4977 τᾶ
3581 4923 3737 4977 κοινὰ

2079 5007 2409 5083 χειρίζοντες
2437 5006 2733 5082 πράγματα
2765 5009 2863 5063 ούκ
2927 5006 3117 5073 ἄλλως
3158 5011 3478 5067 κατένευσαν
3522 5010 3726 5085 χρίσμα

2081 5095 2366 5175 βασιλείας
2416 5094 2600 5170 ὁτῳδή
2658 5102 2768 5152 τῶν
2825 5096 2888 5154 έκ
2933 5098 3124 5177 γένους
3187 5100 3531 5178 χαρίσασθαι,
3562 5097 3716 5169 εἰμὴ

2078 5186 2341 5262 πρότερον
2407 5186 2500 5242 τὸν
2579 5184 2917 5244 Βαλδουίνου
3006 5189 3233 5254 θάνατον
3320 5185 3729 5267 ήκριόώσαντος

2081 5276 2455 5334 Ἀκουέτωσαν
2511 5280 2682 5333 ταῦτα
2732 5278 3002 5352 Ῥωμαῖοι
3049 5279 3103 5334 0i
3177 5281 3437 5356 χρίοντες
3462 5280 3577 5354 ’ἅμα
3639 5279 3744 5333 καῖ

2077 5365 2169 5420 τὸν
2211 5362 2301 5420 διὰ
2347 5365 2556 5441 τάχους
2608 5367 3011 5443 καθαιρήσοντα
3058 5368 3150 5425 τὸν
3181 5390 3488 5445 χριομενον
3545 5372 3628 5442 τῷ
3656 5371 3749 5441 νῷ

2080 5448 2583 5528 συλλαμϐάνοντες.
2619 5455 2871 5520 Εἰκότως
2902 5457 2994 5512 οὗν
3027 5456 3118 5514 καὶ
3182 5458 3563 5536 μητρόλεοροι
3612 5453 3753 5534 ἔχις

2082 5542 2199 5603 δναι
2222 5543 2314 5600 καὶ
2346 5542 2499 5623 γένος
2522 5542 2886 5613 ἀπολωλεκὸς
2918 5545 3127 5624 βουλὴν
3150 5549 3241 5606 καὶ
3270 5550 3432 5607 τέκνα
3495 5549 3763 5625 μωμητᾶ
