4074 6390
275 368 430 432 1033

1712 366 1919 430 υΒΒι
1962 367 2248 431 GAPTA.

3541 372 3698 435 1034
3751 352 3774 359 “’

275 507 365 562 καὶ
409 503 518 560 uici
550 500 749 576 ἄνομοι
787 503 840 558 οἱ
879 502 934 566 ἐς
969 503 1118 576 ἡμᾶς
1175 502 1312 578 πρὸς
1345 499 1491 558 ὅπλα
1530 499 1748 580 ἔχοντες
1787 498 1936 572 παρὰ

2065 503 2122 559 td
2148 503 2385 562 Latinos
2410 505 2738 576 defecisset,
2769 507 3028 564 Joannes
3086 505 3173 563 ira
3203 510 3475 579 aestuans,
3505 510 3564 564 et
3593 508 3699 566 do-

279 601 441 652 πᾶσιν
508 592 795 648 ἀκούουσιν
836 586 1057 648 ἔθνεσιν.
1107 592 1166 648 Ὁ
1230 588 1286 646 δὲ
1322 595 1419 646 τοῦ
1459 588 1798 648 Βαλδουίνου
1841 588 1942 643 θά-

281 706 438 746 νατος
469 681 614 739 οὕτω
654 677 1019 758 συμϐέϐηκεν.
1063 683 1151 738 Ἐν
1193 685 1272 753 τῷ
1305 683 1557 754 Σκυθικῷ
1599 679 1942 755 συλληφθεὶς

281 776 514 850 πολέμῳ
552 775 641 830 καὶ
684 773 906 848 δεσμοῖς
950 767 1308 844 ὑποϐληθείς,
1341 773 1416 834 ὡς
1448 771 1641 849 ἐρῤέθη
1689 792 1805 844 μοι,
1848 791 1944 824 συ-

282 867 416 942 χνὸν
457 863 566 936 ἤδη
610 864 811 944 χρόνον
840 862 1186 939 καθείργνυτο
1228 861 1280 925 ές
1311 864 1401 918 τὸν
1442 855 1735 932 Τέρνοϐον.
1769 863 1946 916 Ἀπο-

287 960 510 1018 στάντος
551 954 607 1010 δὲ
656 959 754 1010 τοῦ
813 954 1106 1012 Ἀσπιέτου
1153 953 1406 1015 Λατίνοις
1449 957 1610 1025 θυμῷ
1651 947 1941 1025 ὑπερζέσας

287 1049 316 1101 ὁ
358 1046 634 1116 Ἰωάννης,
667 1044 758 1099 καὶ
823 1047 920 1099 τοῦ
978 1044 1183 1103 πάθους
1223 1042 1306 1097 ἀεὶ
1345 1041 1589 1098 ἐπίτασιν
1632 1035 1946 1112 Λαμϐάνον-

283 1155 399 1204 τος,
443 1135 518 1197 εἰς
581 1130 826 1207 μανιώδη
871 1130 1067 1208 σχεδὸν
1099 1130 1353 1202 ἐξώκειλε
1385 1129 1645 1196 διάθεσιν“
1687 1131 1807 1192 ’ὀθεν
1846 1135 1944 1197 τῆς

285 1228 507 1301 εἱρκτῆς
544 1223 638 1279 τόν
682 1220 850 1298 ἄνδρα
878 1221 1150 1297 ἐξαγαγὼν
1180 1220 1389 1276 κελεύει
1429 1219 1556 1282 τοὺς
1628 1221 1720 1292 μὶν
1771 1214 1942 1280 πόδας

283 1315 389 1371 ἀπὸ
430 1313 678 1391 γόνατος,
719 1313 812 1376 τὰς
859 1310 916 1368 δὲ
954 1317 1144 1389 χεῖρας
1213 1311 1273 1366 ἐκ
1332 1309 1641 1386 βραχιόνων
1710 1303 1944 1378 Τενεδίῳ

284 1407 532 1479 ἄντικρυς
585 1401 804 1459 πελέκει
845 1403 1216 1473 ἀποκοπῆναι,
1276 1402 1389 1456 εἶτα
1426 1399 1516 1454 καὶ
1583 1399 1720 1452 κατὰ
1784 1415 1946 1473 κεφα-

285 1494 392 1564 λῆς
448 1493 536 1549 έπὶ
613 1495 888 1572 φάραγγος
948 1491 1270 1562 ὠθισθῆναι.
1329 1489 1536 1547 Οὐκοῦν
1625 1487 1717 1542 καὶ
1799 1488 1944 1556 τρεῖς

281 1584 566 1658 ἒξαρκέσας
625 1582 858 1656 ἡμέρας,
923 1581 1062 1656 βορὰ
1109 1579 1468 1654 προκείμενος
1529 1573 1760 1652 ὄρνισιν,
1821 1573 1941 1628 m-

285 1676 439 1734 εινῶς
489 1671 582 1726 τὸν
626 1670 743 1746 βίον
795 1669 1177 1744 κατέστρεψεν.
1247 1666 1320 1722 Οὐ
1381 1671 1574 1722 τοῦτον
1637 1663 1703 1746 ,δὲ
1775 1661 1939 1736 μόνον

285 1745 666 1837 ἀπανθρώπως
704 1759 847 1816 οὕτω
873 1763 971 1816 τοῦ
1005 1762 1099 1833 ζῇν
1153 1757 1438 1836 ἐξήγαγεν,
1486 1745 1642 1814 ἀλλὰ·
1687 1758 1780 1813 καὶ
1849 1756 1940 1820 οὕς

286 1851 534 1927 καθεῖρξε
612 1849 924 1924 Ῥωμαίους
1001 1849 1234 1923 οἰκτρῶς
1285 1845 1559 1916 ἀπώλεσε,
1625 1849 1699 1920 μὴ
1760 1847 1942 1924 φωνὴν

294 1940 424 2018 μηδ’
455 1939 656 1996 ἱκεσίαν
684 1939 736 2012 ἐξ
767 1941 949 1996 αὐτῶν
977 1937 1126 1998 ὅλως
1156 1937 1532 2012 ἀνασχόμενος
1565 1936 1937 1995 ἐνωτίσασθαι.

2052 594 2170 649 lore
2200 596 2259 650 in
2291 595 2417 652 dies
2449 595 2890 668 ingravescente
2937 613 3084 668 pene
3128 597 3190 652 in
3238 597 3461 655 rabiem
3509 603 3699 671 actus,

2051 683 2329 741 Balduino
2361 687 2566 743 educto
2589 701 2617 742 e
2649 703 2877 743 carcere
2908 687 3087 760 pedes
3139 705 3172 743 a
3202 689 3452 761 genibus
3477 692 3536 744 et
3576 705 3700 746 ma-

2050 791 2162 830 nus
2217 792 2250 830 a
2307 776 2566 832 brachiis
2621 775 2878 832 Tenedia
2934 777 3102 847 plane
3159 778 3352 834 securi
3383 778 3697 852 amputari,

2050 863 2261 920 deinde
2291 866 2487 936 ipsum
2515 865 2574 920 in
2607 865 2815 922 vallem
2847 865 3194 937 pracipitari
3229 867 3418 938 jubet,
3451 867 3552 924 ubi
3583 874 3699 924 ter-

2048 953 2129 1008 tio
2163 955 2400 1010 demum
2433 955 2528 1011 die
2557 971 2690 1011 esca
2715 953 3015 1011 volucrum
3063 955 3470 1012 miserabiliter
3505 957 3698 1029 exspi-

2051 1044 2216 1098 ravit.
2252 1044 2459 1116 Neque
2487 1061 2621 1100 vero
2653 1045 2808 1100 hunc
2839 1043 3054 1112 solum,
3089 1046 3188 1100 sed
3213 1045 3365 1101 848
3401 1045 3698 1104 Romanos

2050 1132 2223 1188 etiam
2249 1134 2505 1203 captivos
2545 1135 2750 1189 eadem
2783 1132 3128 1189 crudelitate
3183 1133 3495 1208 interfecit,
3533 1136 3698 1192 omni

2048 1239 2184 1279 voce
2206 1228 2262 1278 et
2282 1224 2534 1297 supplici
2557 1229 2724 1296 gestu
2750 1223 3056 1295 repudiato
3080 1239 3146 1279 ac
3166 1222 3320 1279 inter
3341 1222 3485 1279 alios
3507 1224 3699 1280 dromi

2047 1313 2402 1386 logothetam
2426 1313 2872 1370 Constantinum
2893 1313 3218 1382 Tornicem,
3251 1313 3352 1385 qui
3367 1313 3510 1369 urbe
3531 1317 3700 1385 capta

2049 1403 2265 1459 invitus
2289 1403 2406 1458 fere
2443 1402 2725 1459 Balduino
2755 1403 3110 1470 inservierat,
3145 1406 3204 1458 et
3252 1401 3390 1457 belli
3422 1402 3695 1474 Scythici,

2049 1509 2164 1564 quo
2189 1493 2238 1549 is
2259 1499 2462 1564 captus
2484 1491 2857 1564 est,periculo
2882 1492 3095 1548 evitato
3122 1492 3192 1546 ad
3216 1491 3410 1563 ipsum
3452 1508 3517 1548 se
3555 1507 3698 1549 con-

2047 1583 2278 1648 tulerat,
2311 1599 2580 1655 magnam
2611 1583 3018 1638 auctoritatem
3086 1598 3255 1638 suam
3323 1598 3452 1640 esse
3509 1585 3692 1655 ratus,

2046 1673 2206 1744 quod
2236 1672 2450 1745 saepius
2481 1673 2552 1729 ad
2587 1689 2722 1729 eum
2755 1673 2988 1729 nomine
3027 1673 3418 1730 Romanorum
3467 1672 3698 1746 legatus

2044 1762 2557 1820 ivisset.Cmterum
2577 1779 2705 1820 eam
2727 1763 3186 1835 hospitalitatem
3209 1767 3298 1820 est
3316 1766 3608 1836 expertus,
3631 1766 3699 1819 ut

1971 1871 2018 1936 Β
2049 1854 2170 1908 toto
2196 1867 2435 1924 corpore
2467 1852 2672 1909 multis
2730 1852 2945 1910 ictibus
3003 1857 3388 1926 compunctus
3416 1856 3551 1926 post
3584 1868 3698 1910 cin-

2051 1941 2183 1996 dem
2215 1940 2543 2011 insepultus
2571 1941 2939 2012 abjiceretur.

277 2046 293 2078 ν
315 2034 387 2090 Εν
421 2033 506 2094 οἷς
545 2029 635 2085 καὶ
667 2033 761 2085 τὸν
793 2033 890 2084 τοῦ
918 2025 1129 2104 δρόμου
1163 2026 1460 2101 λογοθέτην
1492 2029 1902 2083 Κωνσταντῖνον
1941 2028 2032 2082 τὸν
2060 2026 2349 2102 Τορνίκην,
2381 2025 2887 2104 ὑποδρηστεόσαντα
2919 2029 3013 2102 μὲν
3055 2028 3237 2085 ἀκοντὶ
3267 2031 3332 2085 τὸ
3361 2027 3528 2085 πλέον
3566 2026 3701 2102 μετὰ

287 2123 389 2193 τήν
416 2128 518 2191 τῆς
549 2118 767 2183 πόλεως
797 2115 1006 2173 ’ἅλωσιν
1039 2121 1118 2189 τῷ
1163 2115 1382 2193 βασιλεῖ
1412 2114 1753 2189 Βαλδουλινῳ,
1793 2116 1883 2170 καὶ
1916 2117 2006 2171 τὸν
2040 2114 2101 2172 ἐκ
2148 2116 2398 2192 πολέμου
2431 2115 2722 2195 διαδράντα
2777 2116 3025 2174 κίνδυνον
3071 2119 3191 2184 καθ’
3244 2117 3302 2174 δν
3339 2119 3442 2174 ὑπὸ
3473 2121 3697 2182 Σκυθῶν

293 2210 500 2272 ἐκεῖνος
525 2208 782 2280 ἑάλωκεν,
817 2206 1157 2284 προσρυέντα
1188 2203 1234 2260 δ’
1260 2201 1444 2261 ἔπειτα
1467 2210 1546 2278 τῷ
1587 2204 1810 2271 Ἰωάννη
1865 2204 1956 2260 καὶ
1987 2208 2132 2282 παρᾶ
2169 2206 2350 2276 τούτῳ
2389 2205 2686 2277 δυνηθῆναι
2743 2208 2812 2263 τὰ
2870 2206 3098 2284 μέγιστα
3160 2207 3558 2285 φανταζόμενον
3615 2208 3700 2271 οἷς

290 2298 567 2362 πολλάκις
595 2301 724 2372 παρ’
756 2297 961 2354 ἐκεῖνον
1005 2297 1111 2352 ἀπὸ
1142 2295 1433 2370 Ῥωμαίων
1461 2289 1699 2372 πρέσϐυς
1729 2293 2143 2373 ἐπιπεφοίτηκε,
2176 2295 2344 2369 ξενίαν
2376 2293 2424 2352 δ’
2453 2299 2748 2371 εὒράμινον
2789 2298 2851 2352 τὸ
2907 2294 3124 2361 πολλὰς
3182 2297 3284 2352 ὑπὸ
3341 2297 3510 2374 ξιφῶν
3564 2295 3702 2353 κατὰ

291 2393 496 2454 παντὸς
524 2394 623 2445 τοῦ
655 2389 911 2462 σώματος
944 2385 1192 2461 δέξασθαι
1223 2387 1313 2441 καὶ
1348 2383 1477 2460 μηδ’
1508 2384 1660 2446 ὁσίας
1685 2389 1872 2459 τυχεῖν
1905 2386 2039 2457 μετὰ
2063 2387 2162 2454 τήν
2196 2385 2486 2460 ἀναίρεσιν.

367 2483 453 2552 ιζ’.
487 2481 555 2538 Οἱ
600 2476 656 2534 δέ
683 2499 742 2552 γε
800 2482 1020 2534 Λατῖνοι
1058 2476 1150 2532 καὶ
1200 2477 1267 2532 τὰ
1321 2473 1496 2532 πάλαι
1526 2473 1768 2548 ᾀδόμενα
1799 2495 1952 2529 στοι-

295 2567 509 2649 χειώδη
548 2571 648 2634 τῆς
677 2565 894 2630 πόλεως
936 2566 1285 2644 φυλακτήρια
1327 2565 1419 2620 καὶ
1473 2562 1610 2620 κατὰ
1637 2569 1830 2638 τεῖχος
1861 2562 1952 2617 καὶ

291 2663 498 2738 τάφρον
529 2659 1004 2734 προσεξευρημένα
1067 2660 1184 2718 τοῖς
1238 2657 1357 2712 κατ’
1397 2654 1565 2724 αὐτῆς
1607 2654 1952 2724 ξυντάττουσι

295 2750 584 2830 φάΑαγγας
615 2749 706 2804 καὶ
736 2746 947 2822 λόχους
997 2745 1277 2816 καθίζουσι
1310 2741 1629 2819 δυσμενέσιν
1671 2741 1743 2818 (εἲ
1774 2740 1832 2797 δὲ
1860 2742 1948 2797 καὶ

295 2839 544 2911 άληθῶς,
583 2838 683 2894 οὔκ
738 2832 854 2912 ἔχω
894 2835 1070 2912 λέγειν
1135 2836 1340 2912 σαφῶς)
1393 2837 1669 2908 καθαιρεῖν
1723 2832 1951 2907 ἐγνώκε-

2137 2478 2221 2536 17.
2251 2477 2438 2534 Latini
2473 2495 2645 2551 porro
2675 2478 2773 2534 illa
2793 2477 2934 2534 olim
2956 2479 3268 2536 decantata
3311 2477 3477 2534 urbis
3507 2476 3706 2534 muni-

2062 2570 2284 2634 menta,
2325 2584 2519 2640 quaee
2545 2572 2704 2624 certa
2735 2568 2989 2639 partium
3047 2567 3196 2624 serie
3241 2566 3571 2624 Stcechiode
3618 2566 3712 2622 dl-

2062 2660 2296 2726 cuntur,
2325 2659 2479 2713 muri
2499 2674 2565 2713 ac
2600 2656 2734 2713 valli
2767 2657 2893 2714 loco
2931 2657 3250 2730 excogitata
3287 2661 3490 2714 contra
3515 2657 3712 2713 hostes

2061 2745 2152 2802 vel
2185 2750 2387 2818 aperta
2415 2747 2473 2803 vi
2501 2745 2590 2803 vel
2619 2746 2853 2803 insidiis
2883 2751 3221 2817 grassantes
3243 2746 3396 2820 (vere
3418 2763 3492 2802 an
3516 2762 3709 2816 secus,

2063 2836 2255 2892 dicere
2285 2836 2444 2892 haud
2477 2837 2763 2910 possum),
2797 2841 3054 2894 evertere
3096 2840 3449 2904 statuerunt,
3481 2853 3549 2892 ea
3564 2853 3713 2908 pres-

297 2952 413 3002 σαν,
468 2927 558 2983 καὶ
613 2925 821 2983 τούτων
867 2924 1105 2999 μάλιστα
1170 2925 1347 2979 ὁπόσα
1388 2923 1524 2978 κατᾶ
1550 2926 1648 2978 τοῦ
1680 2926 1826 2999 σφῶν
1859 2920 1953 2975 ἀν-

2067 2924 2267 2980 sertim
2301 2942 2428 2998 quae
2460 2929 2661 2982 contra
2716 2942 2886 2982 suam
2945 2930 3176 2998 gentem
3237 2926 3516 2982 facerent.
3549 2925 3714 2982 Unde

296 3017 638 3090 εστηλῶσθαι
715 3017 902 3092 γένους
968 3013 1285 3089 ἐμάνθανον.
1345 3014 1501 3068 Ὅθεν
1584 3013 1698 3086 μεθ’
1758 3010 1952 3084 ἑτέρων

294 3111 655 3191 ἂνδρεικέλων
707 3109 766 3166 ἐκ
819 3110 1036 3187 χαλκοῦ
1101 3109 1516 3180 πεποιημένων,
1576 3104 1609 3161 ἅ
1645 3109 1754 3161 τῶν
1809 3124 1950 3178 προ-

294 3205 464 3280 τέρων
519 3202 900 3272 κατενήνεκται
964 3199 1170 3275 βάσεων
1225 3197 1315 3253 καὶ
1375 3196 1506 3274 πυρὶ
1547 3191 1950 3271 παρεδόθησαν,

301 3290 429 3350 οὐδὲ
482 3293 581 3360 τήν
641 3287 974 3364 ἐμπροσθίαν
1034 3287 1316 3361 εὐώνυμον
1384 3283 1576 3362 χηλὴν
1623 3289 1720 3340 τοῦ
1776 3281 1955 3339 ’ίππου

298 3379 718 3457 ἀπεριέργαστον
751 3376 955 3447 εἷάσαν,
1013 3378 1072 3439 ὃς
1130 3375 1219 3431 ἐπὶ
1287 3373 1502 3440 λιθίνου
1537 3375 1734 3430 λευκοῦ
1765 3393 1956 3449 τετρα-

297 3471 538 3546 πλεύρου
594 3467 731 3523 κατὰ
772 3468 864 3523 τὸν
905 3465 1206 3543 λεγόμενον
1264 3466 1476 3537 Ταῦρον
1509 3465 1761 3539 χαλκοῦς
1803 3462 1958 3516 ἱστάο

299 3581 460 3634 μενος
482 3556 724 3634 ἡρωϊκόν
781 3577 902 3611 τινα
955 3556 1055 3624 τήν
1123 3551 1281 3629 ἰσχὺν
1343 3549 1509 3628 ἄνδρα
1569 3553 1660 3606 καὶ
1699 3552 1762 3606 τὸ
1812 3549 1956 3612 εἶδος

294 3652 380 3725 [Ρ.
412 3653 542 3720 414]
607 3645 918 3718 ἀξιοθέατον
946 3643 1036 3700 ἐπὶ
1066 3648 1174 3700 τῶν
1225 3643 1415 3698 νώτων
1448 3641 1596 3716 ὀχεῖ,
1633 3639 1761 3714 μηδ’
1792 3639 1955 3702 αὐτὸς

292 3738 516 3814 ἂπέχων
557 3740 660 3793 τοῦ
699 3737 938 3812 ἄγασθαι
1004 3731 1095 3788 διὰ
1131 3733 1231 3803 τήν
1296 3731 1383 3788 ἐπὶ
1445 3735 1576 3788 πᾶσι
1619 3735 1718 3800 τῆς
1756 3729 1958 3804 τέχνης

298 3823 603 3904 ἀκρίϐειαν,
655 3824 1030 3905 ὁλοφάλαρος,
1088 3822 1412 3899 φριμάσσων
1466 3819 1647 3876 καὶτὸ
1688 3819 1779 3882 οῦς
1845 3819 1962 3873 ἀνι-

303 3922 465 3975 στῶν·
501 3918 576 3973 ὡς
614 3916 752 3992 πρὸς
811 3913 1106 3992 σάλπιγγα.
1137 3917 1339 3970 Τοῦτον
1373 3912 1424 3968 οἱ
1470 3910 1564 3986 μὲν
1606 3929 1762 3989 φασιν
1824 3907 1960 3963 εἶναι

303 4012 560 4086 Πήγασον
619 4007 709 4062 καὶ
748 4007 839 4061 τὸν
901 4000 1141 4074 ἆναϐάτη
1178 4001 1650 4081 Βελλεροφόντην,
1681 4000 1734 4054 οἱ
1784 3997 1840 4054 δὲ
1870 3998 1961 4054 τὸν

299 4101 516 4171 Ἰησοῦν
546 4101 645 4152 τοῦ
696 4101 851 4163 Ναυῆ
922 4091 1104 4168 ὁτῳδή
1167 4091 1560 4166 ἐπικαθήμενον
1614 4087 1795 4161 ἵππῳ·
1871 4088 1963 4143 καὶ

301 4186 478 4258 δῆλον
515 4186 648 4241 εἶναι
685 4184 778 4238 τὸν
824 4180 992 4256 ἄνδρα
1045 4185 1116 4252 τῇ
1177 4179 1434 4252 διασκευῇ
1491 4183 1589 4234 τοῦ
1633 4178 1960 4250 εἰκάσματος

297 4279 437 4350 πρὸς
474 4275 575 4342 τὴν
610 4270 1029 4346 ἁρματηλασίαν
1089 4269 1258 4339 ἠλίου
1315 4268 1407 4322 καὶ
1471 4268 1564 4322 τὸν
1609 4264 1813 4342 δρόμον
1865 4266 1958 4319 τὸν

306 4361 597 4434 σεληναῖον
659 4361 759 4429 τήν
819 4358 991 4430 δεξιὰν
1049 4362 1212 4433 χεῖρα
1271 4355 1595 4424 ἐκτείνοντα,
1654 4355 1729 4416 ὡς
1789 4357 1965 4409 σταῖεν

304 4456 406 4509 τοῦ
437 4451 628 4525 πρόσω
676 4453 902 4525 χωρεῖν,
950 4447 1040 4502 καὶ
1074 4445 1357 4525 σφαιρικὸν
1416 4444 1476 4500 ἐκ
1522 4447 1739 4520 χαλκοῦ
1770 4450 1966 4518 σχῆμα

299 4545 384 4614 τῷ
422 4541 599 4614 κοίλῳ
619 4546 720 4608 τῆς
752 4539 912 4601 λαιᾶς
944 4538 1135 4616 χειρὸς
1169 4535 1527 4611 ὑπανέχοντα.
1584 4531 1967 4612 Ἂναμοχλεύ-

301 4653 488 4694 σαντες
525 4631 696 4685 τοίνυν
733 4627 1022 4704 ῥαιστῆρσι
1076 4629 1138 4682 τὸ
1195 4625 1384 4700 πέλμα
1439 4626 1502 4681 τὸ
1567 4623 1816 4691 ἳππειον,
1876 4624 1966 4676 ἂν·-

297 4723 714 4799 θρωπόμορφον
802 4719 1140 4794 εὑρίσκουσιν
1247 4714 1485 4790 ἵνδαλμα
1591 4713 1966 4787 ὑποκείμενον,

297 4809 580 4872 πλειόνως
613 4808 823 4878 εἰκάζον
856 4807 916 4862 ἐκ
942 4811 1040 4862 τοῦ
1091 4810 1197 4861 τῶν
1239 4803 1576 4880 Βουλγάρων
1609 4803 1732 4857 τινὰ
1759 4801 1965 4878 γένους,

299 4901 362 4966 ἐς
390 4900 452 4955 τὸ
483 4895 780 4972 διαμπερὲς
810 4893 1151 4969 ἐληλαμένον
1183 4892 1308 4966 ἥλῳ
1347 4893 1437 4947 καὶ
1502 4887 1767 4966 μολύϐδῳ
1795 4891 1966 4962 πάντῃ

299 4987 776 5062 κατειλημμένον,
853 4983 1020 5060 ἤγουν
1125 4989 1350 5039 Λατῖνον
1464 4984 1576 5056 (83)
1651 4978 1969 5051 διατυποῦν,

308 5080 495 5155 ὥσπερ
529 5076 597 5148 δὴ
627 5077 719 5132 καὶ
775 5074 948 5132 πάλαι
1006 5075 1142 5150 πρὸς
1195 5077 1305 5128 τῶν
1361 5070 1507 5126 ὅλων
1539 5068 1968 5146 διαπεφήμιστο.

304 5170 413 5226 Καί
467 5171 530 5225 τὸ
591 5170 684 5243 μὶν
739 5172 809 5242 τῇ
843 5172 954 5223 τῶν
983 5166 1430 5241 ἀργυρογνώμων
1465 5163 1675 5241 χωνείᾳ
1702 5163 1970 5234 καθίεται,

303 5261 528 5312 Λατῖνοι
576 5255 621 5313 δ’
680 5252 940 5330 ἔπραττον
995 5258 1164 5310 ταῦτα
1202 5252 1302 5309 οὐκ
1357 5253 1417 5308 ἐκ
1464 5249 1792 5326 δειλάνδρου
1834 5272 1968 5307 παν-

299 5342 504 5398 τάπασι
561 5347 811 5420 γνώμης,
871 5345 949 5406 ὡς
1007 5342 1367 5423 ἂποφανὲῖταί
1424 5362 1508 5403 τις
1568 5359 1968 5419 καταφρονητι-

299 5435 418 5495 κῶς
458 5425 601 5508 ἕχων
647 5432 699 5496 ἐς
730 5435 950 5497 αὐτούς·
994 5431 1141 5488 ἀλλὰ
1179 5431 1448 5506 μετιόντες
1478 5429 1653 5484 πάντα
1720 5429 1812 5483 καὶ
1858 5427 1971 5484 δια-

2066 3030 2199 3070 cum
2233 3015 2366 3071 aliis
2397 3015 2572 3070 tensis
2599 3015 2832 3083 statuis,
2863 3032 2990 3088 quae
3021 3016 3264 3072 basibus
3312 3019 3518 3072 emotae
3549 3019 3605 3072 et
3650 3015 3713 3071 in

2059 3111 2256 3183 ignem
2284 3108 2558 3178 coniectae
2608 3111 2770 3174 sunt,
2826 3123 2933 3164 nec
2999 3107 3351 3163 anteriorem
3409 3105 3712 3163 sinistram

2061 3198 2344 3272 ungulam
2377 3195 2511 3268 equi
2542 3196 2705 3267 aenei,
2742 3197 2844 3268 qui
2874 3197 2932 3251 in
2966 3195 3090 3252 albo
3121 3195 3524 3268 quadrangulo
3558 3211 3714 3251 mar-

2061 3304 2224 3345 more
2245 3287 2306 3342 in
2332 3291 2519 3343 Tauro
2542 3289 2680 3354 stat,
2703 3286 2895 3342 virum
2920 3287 3239 3359 quemdam
3257 3285 3490 3342 heroico
3503 3285 3712 3342 robore

2060 3383 2119 3435 et
2145 3375 2452 3450 spectabili
2481 3375 2647 3431 vultu
2680 3382 2838 3448 tergo
2887 3376 3128 3446 vehens,
3153 3391 3259 3432 nec
3301 3375 3426 3447 ipse
3457 3373 3717 3432 admira-

2062 3467 2242 3524 tionis
2271 3482 2478 3538 expers
2503 3465 2575 3522 ob
2607 3465 2966 3536 exquisitum
3010 3465 3276 3522 omnium
3321 3465 3718 3522 membrorum

2064 3555 2402 3622 artiﬁcium,
2437 3554 2696 3627 phaleris
2729 3555 2988 3626 undique
3019 3558 3228 3620 tectus,
3279 3554 3580 3622 hinniens,
3613 3569 3717 3611 au-

2065 3647 2228 3704 ribus
2257 3643 2416 3700 velut
2445 3643 2512 3699 ad
2541 3643 2694 3699 840
2742 3643 2899 3699 tubae
2929 3643 3263 3716 clangorem
3314 3644 3577 3712 arrectis,
3608 3643 3719 3698 im-

2063 3734 2519 3809 pervestigatam
2544 3733 2934 3804 reliquerunt.
2968 3732 3136 3789 Hunc
3159 3733 3258 3789 alii
3281 3732 3568 3805 Pegasum
3591 3747 3724 3789 esse

2066 3826 2291 3890 dicunt,
2317 3839 2606 3879 sessorem
2644 3821 3174 3894 Bellerophontem,
3197 3820 3296 3877 alii
3315 3821 3518 3878 Jesum
3548 3819 3724 3878 Navis

2065 3915 2255 3971 ﬁlium
2281 3912 2746 3984 equo(quisquis
2769 3911 2865 3968 ille
2891 3911 2985 3985 sit)
3008 3911 3362 3968 insidentem
3390 3929 3405 3979 ;
3451 3910 3627 3983 idque
3655 3927 3727 3966 ex

2067 4003 2271 4060 habitu
2306 4005 2509 4058 statuae
2563 4005 2853 4069 constare,
2887 4001 3040 4072 quod
3107 4001 3310 4056 dextra
3367 4001 3434 4056 ad
3485 4015 3726 4057 currum

2069 4093 2210 4150 solis
2227 4097 2283 4150 et
2304 4091 2459 4147 lunae
2481 4094 2716 4148 extenta
2737 4107 2976 4147 cursum
2993 4105 3195 4147 eorum
3219 4088 3389 4146 sistat
3407 4092 3467 4146 et
3486 4089 3724 4162 globum

2069 4181 2471 4240 aeneumlaavaa
2508 4196 2718 4236 manus
2777 4178 2908 4235 vola
2965 4182 3175 4236 teneat.
3212 4179 3456 4236 Proinde
3499 4177 3726 4235 malleis

2072 4271 2209 4342 equi
2241 4269 2398 4325 calce
2429 4269 2663 4324 revulsa
2695 4269 3013 4324 humanam
3046 4269 3259 4324 subtus
3287 4267 3603 4340 imaginem
3634 4283 3728 4324 re-

2077 4359 2330 4430 periunt,
2366 4373 2496 4429 quas
2519 4357 2724 4428 majori
2755 4372 2825 4412 ex
2880 4360 3046 4429 parte
3097 4355 3416 4429 Bulgarum
3468 4355 3729 4428 aliquem

2076 4447 2546 4518 reqraasentabat,
2568 4446 2728 4502 clavo
2756 4446 3098 4502 transfiaam
3120 4451 3179 4502 et
3199 4445 3441 4518 plumbo
3469 4443 3732 4517 undique

2076 4537 2352 4607 cinctam,
2379 4552 2498 4592 non
2529 4539 2724 4592 autem
2770 4535 3044 4592 Latinum
3103 4534 3410 4604 referebat,
3443 4535 3730 4607 quemad-

2076 4628 2316 4684 modum
2342 4626 2575 4698 jamdiu
2598 4643 2630 4681 a
2661 4625 2865 4682 multis
2898 4625 3210 4683 ferebatur.
3240 4627 3320 4682 Ea
3350 4626 3544 4697 imago
3567 4625 3730 4681 fabro

2078 4715 2405 4788 argentario
2437 4715 2746 4770 conﬂanda
2773 4715 2909 4771 data
2937 4718 3028 4771 est
3059 4731 3092 4770 a
3132 4714 3375 4783 Latinis,
3398 4713 3558 4769 haud
3591 4729 3734 4769 sane

2078 4821 2324 4878 prorsus
2355 4820 2426 4860 ex
2452 4804 2787 4874 timiditate,
2838 4811 2901 4858 ut
2947 4819 3051 4875 per
3097 4818 3299 4859 eorum
3343 4808 3730 4874 contemptum

2079 4893 2292 4966 aliquis
2322 4893 2692 4964 interpretari
2721 4896 2898 4964 queat
2932 4909 2944 4948 :
2977 4892 3079 4949 sed
3113 4891 3252 4964 quia
3298 4893 3498 4948 omnia
3541 4894 3732 4948 tenta-

2078 4986 2245 5054 bant,
2285 4983 2484 5040 omnia
2517 4982 2925 5053 moliebantur,
2959 4999 3031 5040 ne
3080 4984 3225 5039 urbe
3264 4999 3442 5055 quam
3476 4998 3733 5056 occupa-

2081 5078 2236 5144 rant,
2265 5074 2618 5142 exciderent,
2652 5089 2725 5129 ne
2755 5071 3098 5143 bujusmodi
3151 5071 3388 5146 quidem
3440 5088 3732 5140 rumores,

2083 5163 2184 5237 qui
2214 5181 2327 5220 non
2359 5164 2484 5220 sine
2510 5179 2689 5219 causa
2714 5162 2786 5219 ab
2817 5163 3094 5219 omnibus
3152 5163 3587 5220 celebrarentur
3630 5161 3736 5218 sed

2083 5253 2460 5310 verisimilem
2538 5253 2932 5324 coniecturam
2991 5253 3296 5323 haberent,
3355 5252 3736 5326 negligendos

2083 5344 2392 5414 putabant,
2429 5341 2592 5397 nulla
2621 5341 2680 5396 in
2711 5357 2771 5397 re
2805 5340 3183 5414 negligentes.
3203 5342 3344 5408 Quis
3368 5342 3524 5398 enim
3553 5340 3740 5397 nescit

2083 5449 2203 5501 eos,
2238 5448 2654 5506 quamcunque
2712 5431 3070 5503 provinciam
3120 5436 3223 5488 aut
3269 5431 3472 5489 urbem
3511 5432 3738 5488 invase-

1671 5550 1858 5618 Hier.
1892 5549 2130 5621 \Volfii
2163 5558 2373 5618 notae.

376 5685 491 5760 (83)
523 5685 732 5762 Ἤγουν
767 5688 1019 5756 Λατῖνον,
1048 5691 1147 5742 aut
1187 5691 1341 5742 certe
1371 5684 1651 5740 Latinum.
1687 5688 1833 5741 Puto
1863 5685 1952 5757 leg

2065 5701 2173 5741 .um
2205 5685 2268 5739 οὐ
2297 5686 2426 5759 γοῦν
2462 5684 2548 5741 vel
2582 5680 2802 5752 οὐκοῦν,
2836 5684 3034 5755 itaque
3063 5685 3226 5740 verti.

627 5804 896 5867 Paraon.
943 5805 1052 5865 Gn.
1101 5803 1417 5866 CXXXIX.

3341 5801 3418 5859 33
