4074 6408
360 368 518 434 1088

1673 345 1984 413 ΝῙΟΕΤΛΕ
2023 341 2453 408 GHONIATE

3626 335 3809 402 1036

361 505 636 575 rint,eam
664 503 951 570 tanquam
983 511 1153 553 suam
1199 492 1356 552 850
1393 487 1666 562 amplecti
1701 489 1759 544 et
1788 482 2012 542 mordi-
2041 536 2047 550 ,

2135 476 2490 575 τεχνώμενοι,
2525 477 2604 575 μη
2649 495 2767 539 πως
2797 473 3095 532 ἐκπέσωσιν
3149 475 3220 544 ἦν
3259 468 3532 546 ἐπέϐησαν
3571 474 3807 546 πόλει»,

363 610 470 652 ous
490 595 712 660 tenere,
732 586 915 646 nullis
935 581 1382 642 difﬁcultatibus
1409 579 1702 652 fatigatos,
1733 579 1790 632 et
1822 588 2018 631 rerum

361 681 815 741 domesticarum
834 675 992 733 velut
1023 671 1168 730 nihil
1190 673 1260 728 ad
1279 668 1729 726 seattinentium
1751 663 1968 721 oblitos
1992 662 2021 717 ‘2

358 777 538 831 Becus
567 784 743 842 quam
769 763 979 831 nostri,
1011 761 1112 834 qui
1137 759 1321 818 cuivis
1370 763 1502 830 ipsa
1547 757 1726 812 etiam
1759 749 2016 810 interula

360 863 598 929 cedunt,
629 862 689 916 et
727 856 914 930 patria
971 852 1175 909 relicta
1221 849 1398 906 etiam
1443 846 1743 920 pulverem
1799 844 2012 916 pedum

359 951 572 1026 cupide
600 947 920 1016 excutiunt,
957 958 1075 999 non
1105 945 1174 998 ut
1221 937 1542 1012 evangelici
1568 933 1882 1026 discipuli,
1909 931 2013 990 sed

360 1021 698 1100 nt—inutiles
717 1039 778 1092 et
805 1037 1126 1106 degeneres
1193 1028 1434 1087 omnino
1489 1025 1824 1088 bellatores,
1867 1026 1926 1078 et
1953 1021 2014 1076 in

360 1146 560 1206 pugna
585 1125 938 1184 mulieribus
968 1120 1324 1188 timidiores,
1373 1117 1596 1188 quibus
1643 1113 1745 1170 ubi
1783 1112 2014 1168 hostem

361 1205 714 1294 aspexerint,
745 1213 1115 1272 Homericum
1142 1209 1286 1266 illud
1319 1205 1532 1264 accidit
1571 1221 1586 1262 :

367 1331 612 1390 Vertitur
639 1327 832 1400 ignavi
857 1325 1027 1392 color,
1047 1325 1110 1400 et
1139 1329 1344 1400 tremor
1370 1321 1598 1400 occupat
1623 1319 1800 1396 art-us.

362 1387 511 1460 Hem
539 1387 742 1473 ετιιρὲι,
768 1400 936 1470 inque
951 1387 1119 1473 pedes
1137 1395 1360 1473 animus
1389 1387 1556 1473 cadit,
1579 1387 1786 1473 ennius
1806 1387 2015 1442 horret.

362 1461 694 1540 Palpitat-et
718 1461 930 1540 pectus,
951 1461 1198 1540 iurident
1227 1461 1778 1540 formidine__d_entes,

363 1549 429 1604 Et
457 1533 604 1604 necis
632 1533 924 1600 indomitae
949 1533 1306 1597 tremebunda
1335 1533 1572 1592 occurrit
1602 1533 1807 1600 imago.

2128 565 2262 624 οὐδὲ
2313 568 2382 622 τὰ
2435 565 2615 624 τοιαδὶ
2670 569 2778 622 τῶν
2838 565 3197 640 ἀκουσμάτων
3252 562 3655 640 ἀπεριέργαστα
3684 587 3807 623 πα-

2131 659 2416 734 ρατρέχειν
2472 654 2794 730 ἐδοκίμαζον
2838 657 2930 710 οἶα
2973 651 3104 730 μηδ’
3134 651 3352 717 είκαίως
3413 654 3500 732 ὑφ’
3532 653 3800 712 ἁπάντων

2124 747 2588 824 διαθρυλοῦμενα,
2645 746 2794 804 ἀλλὰ
2848 748 2912 802 τὸ
2955 745 3258 802 εἰκαστικὸν
3291 749 3362 821 τῇ
3411 745 3629 819 ἐπινοίᾳ
3659 769 3803 803 συν-

2124 839 2383 901 άπτοντες
2443 835 2714 894 ἐδικαίουν
2789 838 2865 910 μή
2930 836 3018 908 ἐᾷν
3085 835 3423 906 ἀνεξέταστα,
3490 837 3630 912 πρὸς
3699 839 3804 894 οὗ·

2125 926 2316 998 δεμίαν
2388 932 2496 984 τῶν
2555 926 2798 1003 πράξεων
2863 925 3270 988 ἀναπίπτοντες.
3341 924 3439 988 Τίς
3516 925 3622 1002 γὰρ
3691 927 3802 984 οὐκ

2126 1015 2302 1090 ἷ¹σησιν
2346 1019 2421 1082 ὡς
2471 1020 2536 1086 ἧς
2569 1017 2629 1072 ἄν
2673 1010 2916 1071 ἐπιϐαῖεν
2975 1015 3165 1090 χώρας
3221 1013 3313 1071 καί
3352 1011 3592 1087 πόλεως,
3622 1019 3796 1074 καθά-

2123 1127 2227 1183 περ
2281 1105 2488 1168 οἰκείας
2537 1106 2710 1175 αὐτῆς
2774 1101 3127 1180 δραττόμενοι
3173 1103 3266 1158 καὶ
3324 1102 3484 1180 ἀπρίξ
3524 1104 3786 1181 ἐχόμενοι

2124 1196 2263 1272 πρὸς
2292 1193 2446 1250 οὐδὲν
2485 1192 2837 1250 ἀποκναίουσι
2895 1190 3180 1270 δυσχερὲς,
3237 1191 3313 1257 ὡς
3379 1191 3551 1249 οὐκέτ’
3597 1189 3771 1248 ὄντων

2124 1290 2234 1342 τῶν
2264 1285 2408 1340 θ’ἰκοι
2454 1281 2842 1358 ἐπιλαθόμενοι
2885 1301 2900 1353 ;
2958 1281 3273 1345 ἂπεναντίας
3337 1287 3458 1346 τοῖς
3488 1283 3780 1356 Ῥωμαίοις

2129 1373 2385 1450 δρῶντες,
2416 1373 2471 1429 οἳ
2497 1377 2615 1436 τοῖς
2649 1371 3018 1449 βουλομένοις
3047 1372 3136 1428 καὶ
3167 1371 3274 1428 τῶν
3334 1370 3579 1448 ἐσχάτων
3637 1370 3797 1426 ἐπεν-

2129 1462 2305 1520 δυτῶν
2339 1462 2732 1536 ὑπεξίστανται,
2771 1463 2862 1518 καὶ
2913 1463 3006 1518 τὸν
3068 1466 3206 1537 χοῦν
3237 1465 3347 1518 τῶν
3375 1459 3562 1517 ποδῶν
3589 1460 3800 1530 αὐτῶν,

2130 1551 2490 1628 ἀφιστάμενοι
2547 1557 2656 1608 τῶν
2714 1549 3013 1628 πατρίδων,
3087 1551 3342 1626 ἀσμένως
3407 1547 3805 1606 ἀποτινάσσον-

381 1685 497 1735 ται,
538 1661 650 1740 οὐχ
678 1660 753 1722 ὡς
785 1652 1137 1735 εὖαγγελίκοὶ
1171 1649 1436 1728 μαθηταὶ,
1459 1645 1586 1704 ἀλλ’
1617 1647 1693 1710 ὡς
1739 1647 1957 1722 ἀχρεῖοι
1995 1644 2087 1700 καὶ
2119 1645 2488 1721 ἀγεννέστατοι
2521 1643 2792 1718 μαχηταὶ,
2823 1640 2914 1698 καὶ
2954 1646 3222 1718 γυναικῶν
3254 1641 3307 1704 ἐς
3345 1639 3592 1718 πόλεμον
3625 1641 3806 1698 ἀτολ-

372 1730 743 1828 μότεροιξνκαὶ
771 1730 909 1824 πρὸς
939 1747 1040 1816 τὴν
1080 1741 1205 1821 ὄψιν
1235 1745 1344 1798 τῶν
1379 1737 1654 1814 δυσμενῶν
1681 1735 1928 1812 ἀτεχνώς
1955 1735 2264 1810 πάσχοντες
2294 1737 2462 1788 ταῦτα
2493 1730 2560 1803 δὴ
2591 1734 2660 1788 τὰ
2687 1733 2974 1808 Ὁμήρεια.

1255 1869 1395 1939 Τοῖξ⁸
1419 1865 1530 1939 μὲν⁸
1564 1864 1668 1939 γάρ
1715 1883 1775 1918 τε
1781 1861 2261 1939 κακοῦὶτρέπετᾳι.
2277 1859 2433 1934 χρὼς
2461 1854 2692 1939 ᾅλλυδὶις
2723 1854 2890 1932 ἄλλῃ.

1261 1935 1404 1998 Οὐδέ
1419 1930 1478 1992 oi
1505 1930 1746 2062 ἀτρέμας
1774 1935 1937 2024 ἧσθαι
1967 1930 2211 2008 ἐρητύετ’
2243 1930 2487 2008 ἐνἰρρεσὶ
2517 1930 2713 2004 θυμὸς,

1267 2008 1446 2062 Ἀλλὰ
1477 2029 1646 2062 μετοκ
1688 2007 1802 2062 άζει
1840 2023 1932 2060 και
1972 2004 2054 2060 ἐπ’
2085 2003 2432 2062 ἀμφοτέρους
2458 1999 2631 2062 πόδας
2659 1999 2713 2062 ἷ’ζ

1267 2008 1446 2083 Ἀλλᾷ
1476 2008 1646 2083 μᾼετοκ

1688 1999 1815 2082 άζειξ
1840 2004 1952 2082 καὶΔ
1972 1999 2064 2060 ἐπ”
2085 1999 2432 2082 ἀμφοτέρους
2458 1999 2631 2082 πόδας
2659 1999 2788 2071 ἵζει.

1257 2083 1346 2140 Ἑν
1378 2078 1437 2136 δέ
1471 2075 1613 2154 τέΑοὶ
1643 2075 1869 2154 κραδίη-
1893 2077 2029 2154 μέγα
2058 2075 2324 2154 στέρνοισι
2356 2075 2614 2154 πατάσσει

1269 2157 1456 2229 Κῆρας
1498 2143 1756 2225 οἶομένὶρ,
1800 2143 2038 2226 πάταγος
2079 2143 2231 2204 δέ’τε
2257 2145 2422 2224 γίνετ’
2463 2143 2719 2200 ὀδόντων.

365 2285 592 2346 Mirum
621 2282 882 2356 profecto
919 2275 1118 2344 fuerit,
1148 2273 1201 2332 si
1229 2273 1385 2330 viros
1413 2272 1558 2328 istos
1584 2269 1915 2328 accuratius
1945 2268 2037 2325 in-

2143 2264 2426 2338 Θαυμάσαι
2477 2259 2526 2317 δ’
2585 2259 2650 2317 ἄν
2706 2282 2791 2326 τις
2842 2259 2972 2324 τοὺς
3029 2257 3228 2336 ἄνδρας
3283 2256 3479 2316 τούσδε
3507 2279 3816 2336 περιεργα-

370 2355 706 2439 ἰιιθιιιυὶεςιιί
735 2383 1051 2442 progressu
1081 2361 1367 2436 temporis
1394 2361 1512 2433 ipsi
1543 2374 1670 2416 sese
1700 2359 1849 2414 citra
1873 2355 2038 2414 labo-

375 2477 502 2520 rem
515 2461 894 2529 confecerint,
917 2471 1052 2514 cum
1083 2453 1358 2510 hostibus
1387 2453 1670 2523 perpetuo
1727 2447 1809 2504 ita
1829 2447 2040 2503 cedant

358 2551 723 2622 -etl‘eminati,
753 2565 893 2622 erga
921 2544 1236 2621 populares
1259 2557 1394 2598 vero
1421 2545 1480 2596 et
1533 2539 1688 2596 cives
1721 2553 1864 2594 suos
1895 2538 2038 2593 adeo

377 2659 443 2700 se
471 2639 916 2707 inverecundos,
945 2635 1203 2692 audaces
1252 2635 1311 2688 et
1348 2629 1681 2704 pertinaces
1721 2627 2036 2700 praebeant,

377 2731 478 2804 qui
505 2747 640 2788 cum
670 2727 841 2786 nobis
862 2725 1132 2800 patribus
1156 2719 1511 2792 conscriptis
1533 2717 1698 2774 urbis
1750 2716 2036 2772 excidium

379 2820 812 2888 ascribant,nec
845 2813 1126 2874 Vindicta:
1176 2814 1390 2870 cuncta
1443 2806 1850 2882 perspicientia
1898 2821 2039 2861 ocu-

383 2909 512 2966 lum
541 2905 947 2973 reformidant,
997 2917 1134 2960 cum
1179 2899 1296 2972 ipsi
1345 2901 1404 2954 et
1446 2896 1651 2953 urbem
1677 2899 1736 2951 et
1768 2911 1876 2950 nos
1907 2909 2036 2964 pro-

383 2998 662 3068 diderint,
683 3010 872 3066 neque
901 2998 1023 3048 tam
1073 2987 1292 3061 insigni
1331 2986 1634 3044 mendacio
1664 2985 2039 3040 erubescunt.

380 3091 533 3145 Nam
565 3085 712 3142 illud
743 3081 1055 3139 hominum
1079 3077 1454 3150 stupidorum
1479 3075 1602 3130 sive
1624 3072 1895 3129 delirium
1919 3071 2042 3127 sive

377 3173 769 3232 infortunium
818 3169 1112 3242 lacrymas
1160 3163 1443 3238 postulat,
1493 3163 1649 3234 quod
1702 3177 1820 3217 non
1869 3161 2040 3217 modo

384 3264 535 3322 851
573 3261 776 3334 patrias
807 3257 1241 3315 restitutionem
1289 3253 1350 3308 in
1395 3251 1693 3323 integrum
1716 3251 2038 3322 deprecan-

377 3356 498 3421 tur,
521 3351 624 3408 sed
658 3349 844 3406 Deum
890 3347 1067 3402 etiam
1100 3341 1394 3400 tarditatis
1417 3347 1715 3408 accusant,
1747 3338 1906 3411 quod
1935 3355 2042 3394 nos

379 3446 442 3499 et
471 3456 601 3497 eam
635 3453 751 3494 non
780 3435 920 3492 olim
953 3435 1122 3508 pejus
1169 3433 1453 3498 tractarit,
1509 3429 1610 3486 sed
1659 3427 1934 3484 clementi
1986 3430 2043 3482 et

380 3530 638 3586 humano
665 3525 892 3600 judicio
922 3523 1162 3580 exitium
1225 3520 1512 3576 hactenus
1563 3516 1879 3574 distulerit.
1910 3517 2040 3573 Jam

2147 2353 2405 2427 σάμενος,
2448 2351 2494 2407 εί
2545 2353 2621 2425 μή
2683 2351 2908 2414 ἑαυτοὺς
2965 2350 3255 2425 προϊόντος
3307 2354 3406 2405 τοῦ
3436 2349 3648 2425 χρόνου
3682 2347 3832 2426 δίχα

2147 2446 2323 2498 πόνου
2375 2438 2829 2518 διεξεργάσονται,
2861 2440 3006 2495 οὕτω
3063 2439 3199 2516 πρὸς
3236 2439 3363 2503 τοὺς
3419 2436 3702 2502 ἐναντίους
3737 2439 3834 2494 ἀεὶ

2147 2529 2448 2594 ἐνδιδόντες
2499 2530 2590 2586 καὶ
2637 2529 3099 2606 μαλακιζόμενοι,
3157 2529 3294 2605 πρὸς
3349 2525 3408 2585 δὲ
3433 2529 3567 2590 τοὺς
3609 2529 3836 2603 ὁμοφύο

2147 2619 2280 2684 λους
2339 2617 2579 2682 ἀναιδεῖς
2643 2621 2735 2676 καὶ
2793 2622 3000 2696 θρασεῖ,
3061 2618 3152 2676 καὶ
3210 2615 3465 2682 αὐθάδεις
3515 2618 3828 2692 ὁρώμενοι,

2147 2714 2205 2768 οἳ
2235 2734 2297 2788 γε
2347 2713 2438 2768 καὶ
2468 2717 2586 2776 τοῖς
2641 2711 2702 2768 ἐκ
2755 2719 2856 2783 τῆς
2916 2710 3230 2790 συγκλήτου
3272 2709 3482 2788 βουλῆς
3513 2711 3658 2784 ἡμῖν
3711 2711 3819 2780 τὴν

2148 2804 2233 2876 [Ρ.
2265 2805 2392 2877 415]
2425 2807 2526 2873 τῆς
2554 2800 2773 2864 πόλεως
2815 2799 3244 2882 ἐπιγραφόμενοι
3292 2798 3504 2856 ἃλωσιν
3537 2799 3665 2856 οὕτε
3721 2800 3820 2856 τὸν

2147 2897 2246 2960 τῆς
2276 2891 2432 2966 δίκης
2465 2891 2669 2950 δεδίασι
2709 2895 3044 2971 παντέφορον
3095 2891 3404 2969 ὀφθαλμὸν,
3463 2893 3617 2949 αὖτοῖ
3651 2914 3823 2949 κατα-

2146 2980 2443 3058 προδόντες
2473 2982 2732 3054 κάκείνην
2767 2981 2833 3053 δὴ
2864 2983 2956 3038 καὶ
2987 2987 3156 3057 ἡμᾶς,
3189 2980 3314 3040 οὔτε
3341 2983 3479 3060 πρὸς
3507 2984 3610 3054 τὴν
3642 2983 3819 3059 ὑπερ-

2149 3068 2323 3142 ϐολὴν
2355 3075 2456 3127 τοῦ
2496 3069 2729 3146 ψεύδους
2787 3072 3160 3149 αἰσχύνονται.
3214 3073 3284 3128 Τὸ
3317 3069 3376 3128 δὲ
3430 3073 3524 3128 καὶ
3553 3070 3810 3148 δακρύων

2147 3160 2292 3232 ἄξιον
2347 3161 2422 3224 ὡς
2462 3160 2764 3236 ἀνθρώπων
2822 3161 3146 3240 ἀναλγήτων
3191 3163 3427 3238 πάθημα
3461 3163 3550 3220 καὶ
3606 3159 3805 3217 δυστύ-

2147 3270 2331 3326 χημα,
2364 3250 2428 3305 οὗ
2486 3249 2650 3324 μόνον
2709 3253 2808 3322 τὴν
2841 3250 3208 3323 ἐπανάκλησιν
3239 3251 3408 3324 αὐτῆς
3441 3249 3790 3324 ἄπεῦχονται,

2148 3337 2295 3395 ἀλλὰ
2323 3337 2412 3394 καί
2465 3337 2779 3414 βραδυτῆτα
2806 3345 2886 3414 τῷ
2940 3345 3056 3414 Θεῷ
3111 3339 3432 3416 ἐγκαλοῦσιν
3474 3341 3544 3404 ὡς
3577 3339 3654 3413 μὴ
3677 3339 3796 3395 πά-

2147 3425 2242 3484 λαι
2267 3427 2358 3483 καὶ
2405 3429 2672 3505 χειρόνως
2699 3429 2768 3484 τὰ
2793 3431 2912 3486 κατ’
2964 3431 3135 3502 αὐτὴν
3165 3431 3258 3487 καὶ
3289 3434 3438 3506 ἡμᾶς
3473 3428 3806 3504 διαθεμένῳ,

2147 3514 2276 3572 ἀλλ’
2331 3516 2383 3579 ἐς
2447 3515 2604 3594 δεῦρο
2661 3519 2754 3574 τὸν
2815 3515 3040 3595 ὄλεθρον
3099 3521 3442 3578 ἂποτείναντι
3497 3519 3587 3576 καὶ
3618 3515 3816 3598 φειδοῖ

377 3634 514 3676 cum
543 3619 728 3674 vicem
763 3619 1022 3672 nostram
1055 3611 1251 3668 dolere
1281 3609 1581 3674 deberent,
1625 3607 1726 3679 qui
1776 3623 1892 3663 non
1937 3622 2036 3663 ur-

2147 3608 2234 3662 καὶ
2313 3605 2698 3685 φιλανθρωπίᾳ
2755 3606 3052 3669 δικάσαντι.
3113 3612 3216 3668 Καὶ
3279 3607 3398 3667 δέον
3467 3615 3586 3676 τοῖς
3636 3613 3813 3683 ἡμῶν

375 3711 658 3778 hem,non
684 3706 888 3769 larem,
914 3720 1028 3758 non
1055 3701 1274 3758 victum
1300 3697 1487 3754 ullum
1511 3697 1858 3765 habeamus,
1889 3712 2036 3768 quos

377 3799 520 3858 olim
552 3797 717 3871 copia
747 3811 942 3852 rerum
991 3792 1244 3850 celebres
1295 3794 1352 3846 et
1390 3788 1703 3861 splendore
1733 3786 2037 3858 dignitatis

375 3889 638 3946 illustres
662 3895 968 3954 noverunt,
995 3881 1258 3940 dicteriis
1281 3897 1388 3937 nos
1419 3878 1720 3935 lacessunt
1739 3880 1791 3934 et
1824 3893 2035 3950 oppro-

379 3978 524 4036 briis
581 3983 862 4048 tanquam
923 3971 1263 4030 verberibus
1324 3969 1576 4035 caedunt,
1636 3982 1805 4022 secus
1863 3982 2031 4038 quam

369 4067 739 4141 speravimus
767 4081 782 4123 :
809 4063 1029 4136 alioqui
1055 4075 1364 4132 nunquam
1385 4058 1680 4112 Orientem
1733 4055 2032 4128 attigisse-

369 4173 529 4225 mus,
561 4155 738 4213 etiam
767 4152 1023 4226 vestigia
1052 4152 1305 4207 istorum
1329 4147 1636 4204 hominum
1661 4143 2031 4214 declinaturi,

366 4251 426 4304 et
455 4249 517 4302 ut
547 4245 688 4302 olim
718 4241 1140 4314 Bellerophon,
1166 4240 1428 4295 desertos
1451 4251 1691 4307 campos
1727 4234 2033 4306 quaesituri

361 4341 466 4392 aut
497 4334 799 4390 Hieremiae
834 4336 1162 4388 extremum
1203 4326 1546 4384 terminum.
1597 4322 1832 4380 Nemini
1875 4329 2031 4380 certe

363 4425 604 4497 quidem
635 4421 868 4479 molesti
901 4419 1150 4484 fuimus,
1185 4421 1394 4473 nostra
1421 4415 1481 4469 in
1511 4414 1694 4470 Deum
1725 4412 2028 4470 liberalem

365 4513 554 4570 omnis
586 4510 724 4568 boni
757 4509 1099 4579 largitorem
1147 4503 1366 4561 ﬁducia
1419 4502 1721 4570 collocata,
1755 4501 1854 4574 qui
1886 4502 2026 4558 olim

361 4619 466 4676 per
484 4601 762 4660 Elisasum
795 4596 1000 4671 paucis
1031 4594 1290 4669 palathis
1339 4593 1558 4648 ficuum
1601 4596 1657 4648 et
1689 4591 2026 4649 hordeaccis

363 4693 618 4767 panibus
639 4694 879 4748 centum
908 4688 1066 4746 viros
1084 4685 1266 4759 pavit.
1299 4684 1434 4740 Post
1487 4683 1616 4755 ipse
1643 4682 2023 4754 paucioribus

361 4783 659 4857 complura
694 4779 1082 4839 esurientium
1113 4774 1305 4831 millia
1345 4771 1650 4838 saturavit,
1681 4776 1738 4826 et
1768 4770 1900 4843 plus
1932 4787 2020 4828 re-

361 4873 676 4944 liquiarum
709 4887 886 4944 quam
920 4867 1171 4926 convivis
1223 4863 1575 4922 ferculorum
1625 4865 1748 4918 erat
1786 4861 2018 4933 apposi-

360 4967 514 5031 tum,
545 4963 754 5036 mystis
786 4955 1248 5034 symposiarchis
1279 4952 1675 5025 colligendum
1705 4951 2018 5018 dedit,uno

363 5051 648 5108 miraculo
681 5049 794 5108 alio
843 5049 1066 5120 majore
1110 5043 1428 5102 cumulato.
1484 5039 1649 5096 Unde
1688 5039 1874 5096 solius
1903 5039 2014 5097 loci

361 5139 712 5196 commercio
741 5155 875 5196 cum
909 5137 1030 5194 illis
1059 5133 1381 5207 conjuncti,
1417 5131 1558 5186 dum
1589 5129 1662 5186 ad
1694 5131 2014 5186 Ascanium

353 5225 553 5285 lacum
586 5231 644 5284 et
668 5226 956 5300 Bithyniae
1004 5221 1372 5298 metropolim
1430 5219 1680 5276 Nicaeam
1731 5223 2014 5293 tanquam

2144 3696 2321 3752 αὐτῶν
2368 3703 2558 3762 κακοῖς
2588 3697 2918 3773 ἁρμόζεσθαι
2967 3700 3103 3775 πρὸς
3163 3702 3519 3776 συμπάθειαν,
3580 3703 3643 3758 οὐ
3703 3705 3818 3760 πό-

2144 3785 2252 3855 λιν,
2286 3789 2396 3862 οὐχ
2427 3787 2625 3858 ἑστίαν,
2658 3787 2720 3844 οὐ
2749 3791 3022 3864 πορισμὸν
3067 3795 3176 3846 τῶν
3204 3793 3342 3867 πρὸς
3395 3793 3459 3847 τὸ
3500 3795 3597 3867 ζῇν
3643 3793 3815 3872 ἐχόν-

2141 3897 2272 3947 των,
2306 3873 2399 3940 cii:
2439 3873 2636 3952 ᾔδεσαν
2695 3879 2865 3936 πάλαι
2917 3879 3298 3957 περιωνύμους
3352 3880 3598 3938 πλούτου
3634 3883 3825 3959 βαθύ-

2141 3987 2267 4036 τητι
2325 3967 2415 4022 καὶ
2483 3964 2794 4030 δυναστείας
2853 3966 3230 4045 λαμπρότητι,
3289 3971 3343 4026 οἱ
3407 3969 3466 4026 δὲ
3525 3969 3820 4049 ξεναγοῦσι

2140 4057 2437 4131 σκώμμασι
2494 4059 2584 4113 καὶ
2668 4053 3096 4131 περιϐάλλουσιν
3169 4061 3244 4124 ὡς
3301 4061 3456 4134 ἱμᾶσι
3515 4064 3626 4136 (84)
3685 4068 3816 4127 τοῖς

2139 4141 2416 4216 ὀνείδεσιν,
2450 4143 2563 4201 οὐδ’
2625 4145 2772 4210 ὅλως
2801 4148 2948 4222 παρὰ
2999 4148 3096 4218 τήν
3130 4149 3312 4227 ἀρχὴν
3342 4154 3506 4206 τοῦτο
3546 4149 3819 4209 ἐλπίσαν-

2135 4254 2250 4296 ταςο
2283 4235 2456 4311 ἧγὰρ
2516 4232 2576 4291 ἄν
2637 4233 2755 4292 οὐδ’
2800 4233 3074 4312 ἐπέϐημεν
3131 4241 3279 4302 ὅλως
3330 4247 3432 4311 τῆς
3483 4241 3624 4315 ἑῴας
3666 4245 3811 4320 γῆς,

2131 4324 2224 4380 τὸν
2261 4326 2397 4399 μετᾶ
2452 4324 2718 4382 τοιούτων
2777 4329 3079 4404 ἀνθρώπων
3132 4327 3470 4392 ἀλεείνοντες
3499 4333 3674 4388 πάτον
3703 4335 3812 4390 καὶ

2132 4414 2272 4469 κατὰ
2343 4415 2440 4471 τὸν
2497 4415 2669 4472 πάλαι
2726 4414 3175 4496 Βελλεροφόντην
3253 4416 3440 4475 πεδίον
3510 4425 3815 4492 ζητοῦντες

2125 4501 2324 4572 ἀλήϊον
2358 4505 2393 4574 ἢ
2420 4505 2517 4590 τὸν
2574 4506 2848 4580 Ἰερεμίου
2889 4504 3122 4584 ἔσχατον
3185 4510 3448 4583 σταθμόν.
3485 4512 3701 4568 Μενοῦν
3743 4536 3815 4590 γε

2131 4590 2256 4647 οὐδὲ
2297 4590 2366 4648 δι’
2398 4589 2578 4670 ὄχλου
2610 4594 2721 4652 τισὶ
2750 4596 3044 4673 γεγόναμεν
3073 4601 3214 4672 (85),
3246 4599 3386 4675 πρὸς
3429 4601 3598 4674 μόνον
3627 4589 3808 4658 εὐελί-

2130 4687 2449 4746 πιστοῦντες
2502 4684 2593 4740 τὸν
2657 4686 2905 4765 χορηγὸν
2944 4693 3064 4752 τοῖς
3113 4693 3244 4744 πᾶσι
3309 4697 3522 4769 τροφῆς
3579 4696 3808 4768 Πατέρα

2127 4771 2280 4842 Θεὸν,
2313 4772 2372 4836 ὅς
2429 4775 2696 4851 πρότερον
2759 4777 2855 4851 μὲν
2915 4774 2986 4832 δι’
3042 4777 3320 4836 Ἐλισσαιὶ
3383 4781 3658 4846 παλάθαις
3703 4798 3804 4852 καὶ

2124 4861 2388 4936 κριθίνοις
2426 4864 2613 4930 ἄρτοις
2684 4867 2943 4942 βραχέσιν
3003 4867 3191 4924 ἑκατὸν
3255 4869 3518 4926 εἱστίασεν
3573 4869 3798 4947 ἄνδρας,

2128 4950 2348 5028 ὕστερον
2395 4949 2443 5008 δ’
2499 4952 2664 5018 αὒτὸς
2734 4955 3098 5032 βραχυτέροις
3167 4958 3436 5034 μυριάδας
3481 4959 3793 5016 πεινώντων

2126 5039 2450 5124 ἐδεξιώσατο
2505 5045 2595 5100 καὶ
2655 5043 2723 5100 τὰ
2777 5049 2876 5102 τοῦ
2935 5047 3103 5124 κόρου
3163 5047 3395 5124 λείψανα
3447 5048 3611 5106 πλείω
3662 5050 3776 5100 τῶν

2128 5120 2474 5206 ἒδηδομένων
2544 5132 2799 5206 συλλέξαι
2873 5120 3493 5218 τοῖςνσυμποσιάρχαις
3546 5135 3784 5210 μύσταις

2123 5220 2459 5298 παρέσχετο,
2520 5223 2609 5281 ἐπὶ
2668 5224 2904 5299 θαύματι
2973 5228 3154 5301 θαῦμα
3209 5229 3500 5290 τετελεκὼς
3561 5223 3796 5301 ἐξαισίῳ

1726 5345 1915 5414 Hier.
1950 5347 2193 5416 Wolﬁi
2232 5357 2430 5418 notae.

415 5486 528 5556 (84)
565 5484 654 5546 Ὡς
713 5485 893 5557 ἱμᾶσι.
947 5486 1216 5542 Fortasse
1263 5479 1509 5554 ἱματίοις
1547 5496 1560 5536 :
1625 5479 1854 5536 Probrz's
1888 5490 2012 5538 tan-

346 5572 518 5629 quam»
542 5557 780 5613 vestibus
806 5573 907 5614 nos
937 5558 1224 5629 operiunt.

411 5627 526 5700 (85)
570 5631 778 5684 Μενοῦν
837 5648 898 5701 γε
955 5621 1082 5682 οὐδὲ
1150 5623 1219 5680 δι’
1262 5623 1441 5698 ὄγλου
1505 5621 1618 5678 τισὶ
1682 5621 2007 5698 γεγόναμεν.

2123 5483 2256 5560 Haec
2280 5501 2384 5560 per
2404 5486 2870 5559 indignationem
2895 5490 3069 5560 adjici
3089 5491 3362 5549 videntur
3383 5493 3455 5549 ad
3487 5493 3810 5550 hominum

2119 5556 2496 5684 ἑῗὲἓὲἑὲεέἓω
2531 5556 2988 5634 exaggerandam
3007 5568 3064 5619 et
3085 5581 3254 5620 suam
3279 5565 3683 5624 innocentiam
3703 5567 3810 5624 de-

2439 5651 2481 5684 J.

2439 5651 2481 5687 1.
