4074 6390
264 360 419 431 1837

944 358 1049 420 DE
1090 357 1425 420 STATUIS
1470 355 1672 429 QUAS
1714 356 2016 441 FRANGI
2059 354 2297 451 QPOLI
2339 353 2997 420 DESTRUXERUNT.
3109 374 3115 381 ·

3533 353 3689 455 loss

266 492 663 570 ἔξαισιώτερον.
694 493 853 556 Ὅθεν
889 489 1028 546 κατᾶ
1082 489 1246 564 μόνον
1295 488 1359 544 τὸ
1408 489 1676 563 σύννομον
1731 487 1913 552 αὐτοῖς

2033 490 2187 549 852
2218 490 2436 563 captivi
2467 488 2791 564 inquilinos
2821 490 3166 563 agebamus,
3199 492 3257 545 et
3283 487 3486 570 eadem
3530 490 3689 570 tem-

262 559 692 660 συμφερόμενοι,
726 581 777 652 ἐξ
809 581 938 635 ὅτου
966 559 1229 653 τὴντπαρ’
1281 578 1533 651 Ἀσκανία
1576 559 1783 653 λίμνην
1833 577 1913 633 κατ

2037 580 2133 652 pla
2163 559 2442 636 duntaxat
2475 559 2935 653 fre-quentantes,
2968 583 3171 636 caetera
3220 559 3687 677 prorsusalieni

262 678 503 746 τὴντῶν
556 678 796 740 Βιθυνῶν
843 669 1275 749 προεδρεύουσαν
1333 674 1444 745 (8λῖ)
1502 671 1725 726 Νίκαιαν
1780 691 1923 745 παρ⁴

260 771 427 822 οικεῖν
457 762 719 839 εἱλόμεθα
762 762 837 826 ὡς
886 760 1266 838 αἰχμάλωτοι,
1316 762 1406 815 καὶ
1456 760 1606 835 τιαρᾶ
1656 766 1772 823 τοῖς
1825 759 1922 814 αἰ)-

264 858 382 916 τοῖς
441 851 714 915 συνιόντες
767 847 1063 925 τεμένεσιν,
1124 849 1408 926 ἁσυναφεῖς
1476 844 1657 903 τᾶλλα
1712 857 1925 911 καθεω-

2036 671 2106 725 ab
2136 669 2221 726 eis
2251 668 2362 724 visi
2395 668 2741 725 sumus.Sed
2768 684 2871 723 cur
2892 665 3237 739 hujusmodi
3272 665 3687 723 narratiuncu-

2033 756 2107 812 lis
2139 758 2397 814 historiae
2429 759 2640 814 seriem
2672 756 3081 829 interrumpo?
3112 761 3177 812 ut
3222 757 3412 814 dicam
3445 740 3685 826 plenum

2034 863 2193 902 mero
2227 846 2502 919 poculum
2535 851 2594 901 et
2620 844 2976 903 feculentum
3009 843 3250 901 calicem
3285 858 3458 902 omne
3482 843 3687 900 Roma-

265 944 508 1019 ρώμεθα.
543 937 723 1000 Ἀλλὰ
750 938 804 995 τί
836 960 933 1013 μοι
962 938 1055 993 καὶ
1084 943 1166 1011 τῷ
1196 938 1296 1007 τὴν
1323 936 1573 1012 ἱστορίαν
1603 940 1913 1011 παρακινεῖν

2032 953 2175 990 num
2208 935 2523 1007 imperium
2554 934 2875 1007 postulare.
2926 933 3059 989 Jam
3116 934 3300 1006 igitur
3338 926 3430 1019 ad
3470 937 3684 1025 metam

258 1036 377 1094 ταῖς
427 1027 669 1086 τοιαῖσδε
720 1032 829 1084 τῶν
886 1026 1227 1105 διηγήσεων,
1276 1026 1373 1081 καὶ
1415 1031 1676 1102 παριστᾷν
1738 1026 1918 1080 έντεῦ-

2028 1040 2351 1097 properans
2384 1025 2568 1081 oratio
2600 1040 2788 1099 pauca
2814 1024 3007 1080 adhuc
3039 1022 3297 1096 adjiciat.
3338 1011 3347 1019 ’

262 1124 347 1177 θεν
409 1122 524 1195 (87)
588 1120 663 1181 ὡς
722 1118 960 1196 ἀκράτου
1017 1116 1287 1192 ποτηρίου
1352 1117 1445 1172 καὶ
1502 1116 1846 1195 τρυγοφόρου
1899 1114 2127 1176 κύλικος
2185 1116 2251 1169 τὰ
2304 1118 2411 1169 τῶν
2471 1115 2761 1189 Ῥωμαίων
2821 1111 3172 1185 ἁπαξάπαντα
3226 1108 3482 1169 ποοσδεᾶ.
3538 1111 3684 1195 ,Περὶ

255 1210 356 1280 τήν
386 1209 581 1265 νύσσαν
612 1206 797 1265 τοίνυν
829 1208 893 1264 τὸ
925 1206 1101 1283 λέγειν
1131 1204 1283 1269 αὖθις
1317 1204 1680 1283 ἐπεισαγὲσθιυ
1710 1205 1800 1261 καὶ
1831 1209 1939 1260 τῶν
1967 1203 2342 1278 προκειμένων
2376 1202 2552 1279 ἐχέτω
2589 1224 2707 1279 μοι.

325 1296 475 1374 Τῇδε
508 1299 602 1372 μὲν
636 1294 730 1353 οὖν
770 1297 862 1352 καὶ
908 1300 1080 1352 ταῦτα
1130 1294 1351 1373 ἐφέρετο
1431 1296 1459 1351 ὁ
1514 1292 1571 1350 δέ
1609 1317 1672 1374 γε
1719 1294 1915 1371 Ἐῤῥῆς

2099 1294 2611 1367 Erricuslmperio
2668 1294 2910 1367 potitus,
2970 1309 3107 1350 cum
3163 1309 3233 1348 ex
3297 1290 3682 1366 popularibus

257 1372 608 1465 βασιλεύσας,
662 1386 780 1443 ἐπεὶ
832 1386 1064 1450 πύθοιτο
1109 1372 1257 1462 παρὰ
1302 1389 1409 1440 τῶν
1461 1385 1538 1448 εἰς
1598 1372 1913 1461 Ὀρεστιάδα

2032 1387 2157 1444 suis
2189 1387 2489 1443 Orestiade
2554 1385 2771 1443 relictis
2830 1384 3181 1459 Scytharum
3234 1385 3291 1441 et
3328 1372 3680 1440 Blacborum

254 1475 728 1555 καταλειφθέντων
755 1476 1035 1551 ὁμογενῶν
1070 1478 1295 1540 Σκυθῶν
1337 1475 1491 1538 αὗθις
1537 1474 1627 1529 καὶ
1679 1474 1913 1550 Βλάχων

2032 1476 2317 1533 exercitus
2350 1476 2542 1532 denuo
2574 1475 2767 1546 egredi
2819 1479 2876 1532 et
2920 1491 3121 1533 everso
3153 1472 3560 1551 Didymoticho
3590 1473 3680 1544 ip-

258 1566 452 1638 ἐξιέναι
486 1564 883 1641 στρατεύματα,
916 1564 1007 1619 καὶ
1060 1565 1123 1619 τὸ
1178 1564 1272 1637 μὲν
1329 1560 1731 1640 Διδυμότοιχον
1779 1565 1914 1618 καθ-

256 1655 426 1724 ελεῖν,
457 1655 631 1725 αὐτὴν
694 1651 751 1708 δὲ
795 1653 895 1722 τὴν
941 1652 994 1724 ἐξ
1039 1649 1331 1729 ’Δδριανοῦ
1379 1650 1729 1727 καλουμένην
1786 1653 1917 1708 ὑπο-

2025 1580 2151 1621 sam
2169 1563 2612 1636 Adrianopolim
2634 1563 2786 1620 clam
2810 1563 2885 1620 ad
2908 1561 3296 1647 defectionem
3328 1564 3430 1617 aut
3478 1560 3679 1637 prodi-

2024 1652 2243 1711 tionem
2273 1652 2588 1712 sollicitare
2615 1652 2956 1722 audivisset,
2973 1668 3091 1709 non
3119 1650 3380 1708 hostium
3405 1650 3676 1708 multitu-

255 1743 517 1815 νοθεύειν,
550 1742 599 1798 εἲ
628 1762 746 1803 πως
776 1742 867 1797 καὶ
896 1742 1097 1813 ταύτης
1123 1744 1598 1819 περιγενῆσονται,
1654 1743 1731 1817 μὴ
1778 1744 1913 1819 πρὸς

2032 1743 2161 1800 dine
2192 1742 2430 1799 territus
2489 1759 2595 1799 nec
2652 1743 3024 1815 superiorum
3073 1740 3362 1798 bellorum
3410 1739 3678 1800 cladibus

253 1836 316 1891 τὸ
347 1833 561 1899 πλῆθος
597 1830 778 1892 δείσας
806 1835 917 1886 τῶΛ
946 1830 1283 1900 ἀντιπάλων,
1335 1829 1463 1906 μηδ’
1513 1830 1565 1887 έν
1614 1836 1693 1905 νῷ
1740 1829 1911 1907 βαλό-

262 1944 422 1998 μενος
452 1921 599 1985 ὅλως
646 1921 715 1976 τὰ
761 1924 869 1976 τῶν
925 1918 1206 1995 προτέρων
1257 1918 1520 1994 πολέμων
1580 1920 1913 1996 ἀτυχήματα

255 2012 351 2069 καὶ
376 2010 542 2067 πάλιν
572 2012 672 2082 τήν
704 2006 887 2081 ἔξοδον
921 2008 1284 2085 ἀπεθάρῥησε,
1319 2009 1410 2066 καὶ
1439 2008 1567 2073 τοὺς
1610 2015 1689 2084 τῷ
1737 2014 1913 2085 Βρανᾷ

262 2098 638 2176 συνεκδήμους
669 2099 989 2176 ὁμοφύλους
1035 2098 1268 2156 ἐκσῶσαι
1315 2099 1655 2177 γλιχόμενος
1704 2099 1795 2155 καὶ
1845 2101 1912 2155 τὰ

259 2196 368 2247 τῶν
399 2189 688 2264 Ῥωμαίων
722 2189 1080 2266 περιθάλψειν
1129 2187 1631 2265 ἐγκαταλείμματα,
1683 2188 1737 2245 οἵ
1786 2190 1911 2264 περὶ

256 2279 354 2352 τᾲς
388 2281 498 2355 οὐχ
528 2280 652 2344 ἑκὰς
700 2287 802 2350 τῆς
850 2278 1072 2342 πόλεως
1122 2276 1479 2352 κωμοπόλεις
1527 2280 1678 2343 αὖθις
1728 2275 1912 2334 συνδε-

258 2368 593 2446 δραμήκασι.
646 2368 777 2445 Περὶ
827 2370 926 2438 τὴν
979 2366 1271 2443 Ἀδριανοῦ
1317 2370 1497 2424 τοίνυν
1554 2369 1911 2439 κατηντηκὼς

260 2457 510 2521 καὶτοὺς
554 2457 809 2533 Βλάχους
861 2459 1259 2539 κῡατωπτευκὼς
1306 2459 1430 2535 περὶ
1477 2461 1578 2529 τὴν
1629 2454 1753 2533 ὄψιν
1802 2463 1911 2514 τῶν

264 2549 508 2604 Λατίνων
564 2544 1072 2617 ἀποδειλιάσαντας,
1136 2550 1275 2624 μήτε
1342 2550 1573 2622 σώματα
1629 2543 1909 2605 λαϐόντων

263 2639 355 2711 [Ρ.
396 2638 524 2709 416]
559 2635 777 2710 μείζονα
807 2641 916 2692 τῶν
948 2635 1252 2712 προτέρων,
1305 2636 1447 2711 μηδὲ
1476 2638 1659 2716 ψυχάς
1707 2659 1911 2710 κτησα-

268 2727 447 2799 μένων
478 2725 885 2802 ἀλκιμωτέρας,
942 2727 1006 2782 τὸ
1054 2724 1111 2782 δὲ
1156 2728 1380 2799 σύνηθες
1433 2728 1629 2801 θράσος
1672 2728 1764 2784 καὶ
1810 2730 1910 2799 τήν

260 2814 313 2871 έν
367 2813 641 2889 πολέμοις
697 2810 802 2887 ἕξιν
865 2816 964 2871 οὐκ
1019 2813 1395 2873 ἀπολωλότων
1452 2816 1536 2880 οἷς
1589 2818 1911 2889 πεπόνθασι,

261 2904 429 2981 μέχρι
465 2908 675 2980 Κρηνοῠ
704 2904 795 2960 καὶ
823 2904 1024 2980 Βορέης
1073 2903 1297 2972 ἐλάσας,
1347 2904 1407 2961 ἐκ
1461 2903 1519 2962 δὲ
1564 2904 1777 2963 τούτων,
1811 2909 1909 2977 τήν

2022 1838 2433 1889 consternatus
2455 1849 2663 1889 rursus
2686 1833 2842 1889 exire
2891 1848 3008 1888 non
3049 1831 3362 1901 dubitavit,
3392 1835 3459 1889 ut
3485 1834 3543 1889 et
3572 1847 3675 1904 po-

2020 1920 2259 1995 pulares
2276 1938 2418 1978 suos
2439 1921 2689 1978 Branam
2713 1924 2946 1977 secutos
2965 1923 3332 1978 conservaret
3361 1924 3421 1976 et
3468 1919 3678 1978 Roma-

2022 2028 2235 2068 norum
2266 2011 2531 2083 reliquiis
2591 2010 2950 2083 subveniret,
3007 2026 3134 2083 qua
3190 2009 3251 2065 in
3300 2009 3673 2067 suburbanos

2022 2118 2205 2174 pagos
2237 2101 2641 2174 confugerant.
2670 2100 2863 2174 Igitur
2890 2090 3332 2173 Adrianopolim
3377 2088 3673 2181 profectus

2021 2207 2157 2249 cum
2191 2190 2432 2247 Blachos
2456 2191 2794 2248 Latinorum
2827 2198 3166 2263 conspectu,
3199 2206 3535 2263 quanquam
3565 2180 3672 2247 ne-

2022 2298 2133 2353 que
2164 2282 2505 2354 corporibus
2534 2281 2879 2354 majoribus,
2911 2297 3096 2352 neque
3114 2280 3342 2355 animis
3375 2274 3672 2339 alacriori-

2021 2371 2134 2428 bus
2163 2388 2341 2442 quam
2374 2371 2538 2444 prius
2570 2371 2972 2444 prmditorum,
3003 2373 3108 2428 sed
3165 2371 3445 2428 usitatam
3470 2372 3674 2445 auds:

2021 2462 2170 2518 ciam
2201 2465 2258 2518 et
2287 2466 2367 2518 rei
2396 2461 2662 2518 militaris
2694 2462 2961 2518 habitum
2993 2462 3167 2518 etiam
3201 2466 3336 2534 post
3364 2460 3675 2539 illasstra-

2022 2566 2123 2623 ges
2154 2551 2552 2620 retinentium,
2582 2555 2817 2607 territos
2848 2551 3111 2620 vidisset,
3170 2566 3361 2626 usque
3427 2551 3521 2613 ad.
3543 2550 3677 2615 Cre-

2023 2658 2165 2696 num
2192 2645 2248 2696 et
2279 2641 2519 2696 Boream
2552 2657 2650 2696 eos
2678 2644 2768 2698 est
2798 2645 3165 2712 persecutus.
3197 2640 3339 2697 Inde
3385 2657 3490 2712 per
3521 2642 3677 2724 Aga-

2026 2729 2306 2802 thopolim
2334 2729 2686 2787 Anchialum
2708 2744 2895 2802 usque
2913 2729 3447 2809 progressus,85§
3477 2729 3679 2803 ibique

2024 2820 2233 2876 castris
2265 2820 2493 2892 positis,
2523 2823 2581 2876 et
2608 2820 2802 2875 multis
2833 2820 3008 2875 rebus
3037 2822 3240 2894 gestis,
3284 2820 3540 2901 unde‘et
3574 2837 3682 2894 pe—

2024 2909 2249 2979 cunias,
2281 2913 2339 2965 et
2369 2908 2662 2985 homines,
2694 2912 2752 2966 et
2773 2910 3070 2981 pecudum
3091 2924 3317 2982 greges,
3341 2915 3398 2966 et
3417 2895 3683 2971 armenta

258 2992 630 3081 ’Δγαθόπολιν
660 2990 889 3081 διελθὼν
928 2994 1018 3081 καὶ
1067 2988 1439 3070 παρεμϐαλὼν
1490 2993 1543 3056 ἐς
1588 2993 1907 3072 Ἀγχίαλον,

2032 2999 2189 3070 :epit,
2222 2998 2369 3056 nihil
2420 3014 2555 3057 vero
2615 2998 2844 3055 adversi
2901 2997 3163 3072 pertulit,
3192 2998 3391 3081 salvus
3455 2987 3681 3073 cpolim

256 3081 348 3137 καὶ
380 3080 568 3138 πολλᾶ
596 3081 691 3155 μὲν
724 3078 925 3157 δράσας
973 3080 1023 3153 ἒξ
1074 3083 1147 3137 ὧν
1203 3083 1294 3138 καὶ
1342 3084 1607 3160 χρήματα
1652 3082 1743 3138 καὶ
1799 3083 1910 3138 σώ-

2022 3089 2216 3144 rediit.

272 3192 419 3246 ματα
471 3170 563 3227 καὶ
629 3171 783 3241 ζώων
853 3168 1053 3248 ἀγέλας
1108 3164 1320 3246 ἔλαϐεν,
1380 3169 1533 3229 οὐδὲν
1595 3168 1652 3229 δέ
1705 3194 1759 3229 τι
1833 3173 2243 3250 καθλπομείνας
2303 3172 2501 3246 δεινὸν,
2560 3176 2772 3247 ἀπαθὴς
2830 3176 3128 3253 ὑπεστρεψε
3201 3177 3292 3235 καὶ
3365 3175 3469 3248 τὴν
3530 3182 3682 3234 Κων-

263 3282 429 3319 σπαντ
440 3262 483 3319 ίν
492 3283 554 3318 ου
586 3255 905 3321 κατέλαϐεν.

1628 3407 1815 3475 Hier.
1858 3408 2093 3477 Wolﬁi
2121 3416 2330 3477 notae.

337 3548 451 3637 (g6)
508 3547 770 3637 Kaintijq
810 3550 954 3637 ¹τῶν
993 3549 1272 3637 ’Βιθυνῶν
1315 3546 1713 3637 μητροπόλεωὲ
1748 3568 1920 3637 προε-
2024 3551 2426 3637 τῶνηΒιῆυνῶν
2479 3548 2878 3637 μητροπόλεως
2942 3549 3375 3637 προεδριύουσαν
3429 3551 3680 3637 Νίκαιαν,

265 3616 581 3695 δρεύουσαν.
621 3616 1118 3695 Puto_legendum
1166 3616 1441 3695 καὶλτήν
1486 3623 1595 3674 τῶν
1672 3616 1913 3695 Βιθυνῶν

260 3688 733 3779 π’ροεδρεόουσανκ
777 3688 954 3779 Nai-Il.
1048 3765 1070 3779 ﬂ
1102 3688 1534 3779 ’προεδρεύουσα
1589 3697 1656 3779 _et
1714 3692 1918 3779 μητρό-

148 3798 161 3806 ι
225 3762 615 3842 ,πολιςὶᾶεξω
646 3763 863 3842 valent,
895 3764 1009 3842 nisi
1044 3762 1475 3842 fallor.__Si_qu_is
1505 3762 1915 3842 autemetiam

2027 3623 2233 3699 addito
2259 3624 2537 3699 duntaxat
2597 3623 2843 3681 articulo
2896 3623 3024 3694 τὴν,
3063 3623 3130 3682 ut
3160 3625 3360 3699 paulo
3404 3631 3553 3699 ante
3579 3630 3681 3696 τῆν

2024 3693 2451 3770 παρξλᾼσκανίᾳ
2479 3693 2679 3766 λίμνην
2719 3693 3024 3770 παροικεῖνζ
3093 3768 3100 3770 _
3131 3693 3215 3770 λ’

2120 3765 2347 3859 Καὶ
2414 3764 2679 3841 παριστᾷν
2723 3764 2985 3833 ἐντεῦθεν.
3033 3768 3323 3828 Videntur
3401 3767 3685 3859 nonnulla

265 3838 634 3910 metropolim
666 3837 832 3895 alteri
863 3835 1083 3894 civitati
1123 3835 1382 3909 subjicit,
1417 3838 1620 3910 legat:
1672 3835 1770 3895 Καὶ
1818 3837 1918 3907 τὴν
2027 3835 2252 3897 deesse.

729 4159 1723 4348 NICETXE
1858 4161 3229 4357 CHONIATzE

1742 4459 2204 4528 NARRATIO

182 4598 187 4605 ’
265 4636 398 4706 DE
443 4636 601 4703 STA
620 4635 824 4704 TUIS
865 4592 1317 4719 ANTIQUIS,
1375 4635 1614 4718 QUAS
1657 4634 1991 4707 FRANCI
2032 4634 2271 4704 POST
2315 4636 2682 4708 CAPTAM
2718 4639 2966 4713 ANNO
3007 4641 3188 4712 1204
3238 4642 3692 4716 CONSTAIV-

1327 4753 1821 4824 TINOPOLIN
1867 4753 2628 4829 DESTRUXERUNT.

998 4940 1069 4979 EX
1097 4940 1300 4982 CODICE
1337 4941 1654 4982 BODLEIANO
1696 4941 1913 4982 EMENDI

2035 4942 2063 4983 8
2100 4942 2268 4984 EDITA
2304 4943 2342 4983 Α
2379 4944 2688 4987 ΕΒῙΒΕΒΙΟΟ
2726 4946 2965 4987 πιιηκ.

1947 5111 2019 5125 —

351 5228 756 5323 Narrationem
781 5232 994 5291 Nicetes
1024 5233 1315 5291 Choniatzs
1346 5236 1417 5292 dc
1446 5236 1778 5309 magniﬁcis
1808 5235 1927 5292 illis
1955 5235 2159 5308 prisca:
2192 5238 2335 5295 artis
2363 5239 2778 5309 monumentis,
2811 5258 2942 5314 quas
2973 5259 3009 5300 a
3037 5243 3278 5303 Francis
3314 5252 3445 5321 post
3465 5252 3701 5323 captam

279 5333 435 5374 anno
465 5320 604 5378 4204
633 5323 1191 5397 Canstantinopolim
1220 5325 1515 5382 confracta
1545 5329 1707 5395 sunt,
1738 5326 2023 5398 integram
2057 5326 2289 5383 nonnisi
2320 5327 2380 5383 in
2414 5345 2531 5384 uno
2564 5330 2760 5387 codice
2789 5330 3153 5391 bibliothecas
3194 5320 3698 5397 Bodleianebxo-

276 5405 508 5464 niensis
539 5414 763 5468 aetatem
796 5412 1022 5485 tulisse,
1056 5430 1226 5470 nemo
1259 5413 1489 5487 ignorat
1519 5415 1806 5471 bonarum
1839 5418 2054 5471 artium
2089 5417 2329 5488 peritus.
2366 5418 2576 5474 Praeter
2627 5419 2783 5477 hunc
2831 5420 3087 5481 codicem
3140 5424 3200 5479 in
3254 5426 3550 5484 Vaticanis
3578 5433 3705 5487 tan-

275 5502 403 5551 tum
437 5498 796 5557 membranis
827 5502 1181 5572 quibusdam
1214 5504 1607 5577 fragmentum
1640 5503 1819 5576 hujus
1851 5504 2200 5560 narrationis
2230 5509 2439 5574 exstat,
2473 5507 2630 5563 unde
2661 5508 2892 5580 primus
2922 5510 3271 5570 Lambecius
3295 5515 3355 5571 in
3393 5515 3551 5573 notis
3581 5520 3705 5576 suis

274 5586 349 5641 ad
382 5583 585 5676 Codini
615 5584 830 5644 librum
858 5591 930 5646 de
962 5592 1291 5665 originibus
1322 5593 1979 5665 Constantinopolitanis
2009 5594 2123 5648 tria
2153 5593 2279 5650 loca
2307 5594 2568 5666 protulit,
2597 5605 2769 5670 atque
2831 5599 3009 5672 hujus
3068 5602 3383 5676 fragmenti
3442 5605 3704 5665 Vaticani

274 5673 707 5748 apographum,
736 5693 771 5734 a
796 5681 990 5737 Grzeco
1023 5683 1269 5752 quodam
1306 5683 1542 5739 homine
1574 5686 1873 5739 exaratum
1906 5690 2166 5740 servatur
2197 5684 2257 5739 in
2286 5684 2645 5743 bibliotheca
2676 5687 3068 5763 Gottingensi.
