4074 6394
341 381 501 449 1039
1648 381 1966 445 NICETJE
2005 379 2446 444 CHONIATJE
3611 385 3782 447 1040

409 523 555 596 Ego,
587 536 718 578 cum
748 521 810 576 in
840 520 1098 577 historia
1129 518 1419 576 bellorum
1452 515 1844 573 cruciatorum
1903 516 2240 588 germanico
2296 533 2564 573 sermone
2623 516 2852 587 scripta
2909 519 3070 573 tome
3127 516 3356 589 quinto,
3389 533 3566 590 quem
3611 536 3772 579 anno

341 610 636 684 superiori
667 609 846 676 edidi,
880 607 1024 665 mihi
1056 607 1373 664 dicendum
1407 613 1558 662 esset
1585 605 1656 662 de
1681 604 1901 661 crudeli
1962 605 2122 660 urbis
2180 605 2842 677 ConstantinOpolitana
2894 605 3244 678 direptione,
3294 622 3475 677 quam
3535 607 3774 667 Nicetas

341 703 404 759 in
440 717 549 758 sua
579 698 832 755 historia
861 697 1143 770 deplorat,
1176 713 1293 752 non
1324 695 1487 767 potui
1541 693 1832 766 negligere
1891 693 2319 751 nobilissimum
2383 694 2526 751 illud
2584 696 2654 751 de
2712 696 2927 751 statuis
2983 695 3295 752 confractis
3354 697 3774 772 fragmentum,

345 791 500 862 quod
533 790 765 847 edidere
794 786 1125 843 Bandurius
1157 786 1241 857 (in
1271 785 1502 856 Imperii
1557 785 1852 840 orientalis
1908 789 2066 839 tomo
2125 783 2331 856 primo)
2392 790 2447 838 et
2505 783 2805 840 Fabricius
2861 786 2940 855 (in
2991 784 3342 841 Bibliotheca
3389 787 3774 856 gracalibro

346 877 600 950 quinto),
634 880 876 946 uterqur
905 890 973 929 ex
1009 873 1228 928 codicis
1259 873 1498 944 quidem
1532 870 1828 927 Bodleiani
1861 871 2232 944 apographis,
2301 875 2505 926 neuter
2560 887 2696 926 vero
2749 872 3009 943 genuina
3066 873 3280 927 codicis
3322 871 3571 930 lectione
3597 877 3772 932 exhi-

343 968 490 1034 bita,
523 966 578 1021 id
612 964 764 1034 quod
795 978 999 1019 omnes
1029 960 1196 1017 facile
1229 960 1583 1032 intelligent,
1615 961 1713 1031 qui
1783 959 2116 1016 Gracarum
2173 960 2503 1015 litterarum
2567 977 2682 1015 non
2733 961 2904 1032 plane
2963 964 3100 1016 sunt
3131 960 3369 1016 indocti.
3397 961 3602 1034 Itaque
3632 981 3770 1021 cum

343 1057 455 1112 iter
485 1055 544 1110 in
575 1052 841 1125 Angliam
874 1067 1072 1107 mense
1106 1049 1256 1106 Maio
1289 1049 1607 1120 superioris
1640 1048 1777 1104 anni
1802 1055 2141 1119 susceptum
2176 1051 2670 1121 Opportunitatem
2725 1049 2868 1104 mihi
2917 1050 3197 1120 praeberet
3218 1049 3496 1122 inclytam
3529 1050 3768 1111 Oxonia

341 1146 550 1201 urbem
572 1142 826 1210 visendi,
857 1156 1042 1212 opera
1075 1139 1325 1211 pretium
1357 1138 1495 1193 duxi
1538 1137 1885 1194 Bodleianas
1905 1137 2116 1193 Niceta
2147 1139 2521 1193 membranas
2552 1141 2841 1209 quantum
2894 1139 3018 1193 ﬁeri
3075 1145 3266 1210 posset
3316 1139 3760 1212 diligentissime

341 1233 676 1291 examinare
709 1247 724 1298 ;
757 1234 935 1302 atque
966 1244 1164 1284 earum
1197 1242 1365 1283 usum
1397 1227 1658 1282 lubenter
1692 1225 1834 1281 mihi
1867 1227 2154 1283 concessit
2182 1227 2288 1282 viri
2319 1227 2535 1283 summi
2568 1226 2884 1292 reverendi,
2916 1226 3012 1283 Dr.
3066 1227 3377 1294 Bandinel,
3411 1228 3511 1300 qui
3558 1229 3755 1287 biblio-

337 1321 520 1377 theca
542 1317 869 1376 Bodleianas
903 1315 1182 1389 primario
1213 1314 1340 1372 loco
1374 1320 1602 1387 praest,
1634 1319 1693 1370 et
1722 1313 2080 1386 reliquorum
2113 1314 2295 1386 hujus
2322 1313 2689 1370 bibliotheca
2735 1313 3048 1370 custodum
3109 1314 3362 1385 insignis
3415 1315 3757 1373 liberalitas.

338 1411 537 1482 Neque
555 1424 648 1464 me
679 1405 886 1462 fefellit
919 1421 1075 1477 spes,
1111 1421 1285 1475 quam
1319 1420 1724 1475 conceperam,
1752 1403 1967 1459 codicis
1998 1421 2106 1475 ope
2136 1403 2489 1475 fragmento,
2521 1404 2669 1476 quod
2702 1403 3034 1458 Bandurius
3086 1407 3142 1458 et
3185 1402 3488 1461 Fabricius
3521 1406 3770 1478 turpiter

341 1505 680 1571 corruptum
713 1501 891 1566 atque
923 1495 1308 1566 depravotum
1340 1493 1594 1564 edidere,
1631 1491 1680 1548 si
1712 1508 1925 1565 paucas
1956 1494 2243 1564 quasdam
2271 1492 2658 1563 corruptelas,
2689 1508 2816 1563 qua
2849 1491 3034 1547 codici
3075 1507 3418 1548 communes
3457 1500 3597 1548 sunt
3627 1510 3770 1552 cum

343 1585 722 1650 editionibus,
746 1582 1322 1654 exceperis,nativam
1343 1583 1504 1638 reddi
1527 1597 1698 1652 posse
1720 1581 2130 1653 integritatem.
2145 1581 2282 1637 Post
2306 1581 2553 1636 reditum
2577 1581 2754 1652 igitur
2767 1597 2835 1636 ex
2848 1580 3059 1652 Anglia
3077 1584 3342 1636 nostrum
3369 1582 3775 1654 fragmentum

347 1672 979 1744 cuminterpretatione
1005 1671 1338 1742 germanica
1361 1678 1417 1726 et
1446 1670 1604 1727 brevi
1635 1670 2013 1726 annotatione
2041 1671 2102 1726 in
2135 1670 2358 1739 multis,
2391 1670 2662 1735 utcredo,
2695 1669 3065 1725 emendatius
3095 1669 3276 1738 edidi,
3309 1669 3370 1725 in
3401 1671 3546 1726 tomi
3575 1669 3777 1743 quinti

343 1762 600 1820 historia
632 1760 922 1816 bellorum
949 1759 1378 1829 Cruciatorum,
1408 1759 1480 1815 de
1510 1776 1627 1831 quo
1658 1776 1836 1829 supra
1866 1758 2605 1830 dixi,appendice,adjutus
2629 1773 2761 1813 cum
2787 1759 3112 1813 amicorum
3162 1756 3428 1815 consiliis
3468 1763 3525 1815 et
3580 1759 3780 1816 moni-

343 1853 524 1919 tione,
559 1854 687 1907 tum
718 1847 1041 1921 apographi
1071 1847 1472 1919 Gottingensis
1505 1865 1638 1917 usu,
1672 1849 1825 1919 quod
1860 1847 2304 1920 perhumaniter
2334 1862 2564 1902 mecum
2599 1846 3057 1902 communicavit
3105 1846 3157 1903 J.
3191 1847 3259 1904 D.
3306 1848 3514 1917 Reuss,
3553 1848 3782 1905 biblio-

343 1942 525 1999 theca
549 1939 945 2011 Gottingensis
986 1937 1292 2010 prafectus
1323 1939 1655 2010 primarius,
1690 1939 1778 1993 vir
1800 1937 2049 1994 illustris
2072 1937 2336 2008 mihique
2362 1937 2644 1993 diuturna
2672 1937 2929 1993 amicitia
2959 1939 3337 2008 conjunctus.
3389 1937 3587 2011 Neque
3627 1940 3777 1996 inu-

346 2030 444 2088 tile
473 2029 622 2086 mihi
653 2029 836 2085 visui:
867 2030 954 2083 est
981 2031 1228 2094 textum,
1259 2043 1434 2098 quem
1485 2025 1584 2082 illo
1643 2026 1765 2081 loco
1820 2025 1999 2093 edidi,
2061 2025 2531 2098 qualemcunque
2588 2025 2862 2081 secundis
2911 2025 3066 2080 curis
3125 2025 3350 2097 passim
3409 2027 3772 2099 castigatum

343 2118 585 2178 seorsim
615 2121 874 2189 repetere
909 2133 924 2186 ;
957 2129 1300 2188 quanquam
1332 2129 1708 2186 summopere
1738 2115 2062 2184 optandum
2095 2120 2204 2183 est,
2241 2119 2305 2170 ut
2361 2114 2652 2186 integrum
2707 2113 2917 2170 Niceta
2970 2115 3044 2170 de
3089 2115 3316 2171 excidio
3375 2116 3572 2188 patria
3606 2117 3782 2173 urbis

343 2207 721 2283 opusculum,
753 2205 814 2262 in
844 2205 1015 2276 cujus
1046 2205 1162 2260 ﬁne
1192 2208 1462 2260 nostrum
1497 2206 1892 2276 fragmentum
1924 2203 2159 2274 legitur,
2194 2202 2329 2260 licet
2359 2221 2390 2258 a
2421 2203 2628 2274 majori
2659 2219 2852 2275 opere,
2884 2204 3037 2276 quod
3070 2205 3226 2275 typis
3284 2207 3499 2277 sapius
3538 2207 3774 2266 editum

344 2303 451 2366 est,
484 2314 601 2354 non
633 2296 887 2352 multum
919 2294 1151 2350 differat
1180 2293 1269 2366 (‘),
1303 2293 1364 2348 in
1395 2292 1586 2349 lucem
1619 2294 1734 2348 cito
1766 2293 2157 2363 protrahatur.
2193 2293 2596 2365 Interpretatic
2642 2292 2865 2361 Latina,
2895 2309 3072 2364 quam
3132 2293 3354 2365 addicti,
3411 2301 3496 2351 est
3541 2295 3784 2354 Bandu-

344 2388 514 2445 riana
545 2386 619 2442 ad
649 2389 919 2442 nostrum
952 2387 1173 2440 textum
1205 2382 1426 2454 passim
1459 2382 1936 2450 accommodata;
1970 2381 2084 2437 nisi
2115 2383 2269 2453 quod
2301 2382 2696 2439 narrationem
2723 2383 2795 2438 de
2826 2383 3052 2438 Thema
3095 2383 3431 2456 patriarcha
3471 2383 3782 2443 Constan-

346 2475 758 2548 tinopolitano,
781 2489 960 2544 quam
993 2470 1252 2544 Heynius
1282 2471 1370 2544 (in
1401 2472 1814 2528 Commentatt.
1842 2471 2044 2527 societ.
2079 2471 2221 2542 Reg.
2253 2472 2406 2527 Gott".
2440 2473 2508 2528 ad
2543 2488 2596 2528 a.
2630 2472 2788 2544 1793,
2847 2471 3006 2541 1794,
3054 2471 3173 2529 vol.
3223 2471 3346 2540 XII,
3403 2473 3591 2531 Class.
3626 2474 3780 2532 hist.

343 2569 403 2622 et
431 2563 634 2638 philol.
667 2580 723 2637 p.
757 2562 882 2635 307)
906 2560 1132 2635 primus
1188 2577 1259 2617 ex
1314 2560 1652 2633 apographo
1710 2559 2081 2633 Gottingensi
2131 2560 2323 2616 Grace
2378 2560 2584 2632 edidit,
2613 2561 2742 2635 ipse
2787 2560 2850 2618 in
2899 2561 3170 2619 Latinum
3229 2578 3564 2622 sermonem
3617 2581 3772 2622 con-

343 2654 512 2713 verti.

421 2742 608 2800 Codex
637 2741 1017 2811 Bodleianas,
1050 2740 1110 2796 in
1143 2756 1260 2814 quo
1289 2747 1557 2797 nostrum
1587 2741 1986 2813 fragmentum
2042 2739 2312 2811 habetur,
2379 2740 2533 2797 inter
2590 2739 2722 2796 illos
2781 2740 3036 2809 codices,
3068 2740 3167 2814 qui
3224 2757 3378 2799 anno
3410 2741 3553 2800 1628
3585 2743 3780 2802 dona-

356 2834 516 2892 tione
544 2832 782 2890 Thoma
814 2831 932 2888 Roe
960 2832 1031 2888 ad
1064 2829 1411 2887 Bodleianas
1439 2831 1638 2902 copias
1667 2845 1984 2900 accessere,
2014 2828 2331 2900 insignitus
2358 2836 2447 2886 est
2475 2847 2722 2886 numero
2760 2831 2934 2901 XXII,
2992 2831 3370 2904 scriptusque
3422 2832 3658 2903 saculo,
3712 2841 3788 2894 ut

347 2927 545 2996 credo,
579 2925 808 2983 decimo
838 2931 1044 2996 quarto
1073 2922 1326 2995 eleganti
1358 2939 1539 2978 manu
1565 2925 1622 2978 et
1651 2922 1712 2977 in
1744 2921 2107 2977 membranis
2139 2921 2448 2993 paululum
2478 2921 2707 2994 spissis,
2743 2922 2894 2979 foliis
2925 2927 3211 2995 quantum
3239 2923 3314 2978 ad
3346 2923 3598 2980 formam
3633 2925 3788 2983 inte-

349 3017 474 3089 gris
505 3031 700 3088 neque
730 3012 1195 3087 praegrandibus.
1229 3012 1391 3068 Inest
1422 3011 1556 3066 huic
1589 3011 1774 3066 codici
1805 3016 2013 3082 prater
2043 3010 2158 3066 alia
2187 3011 2471 3082 opuscula
2500 3010 2825 3080 theologica
2853 3012 3180 3082 etjuridica
3225 3012 3440 3070 Niceta
3480 3014 3780 3073 Choniata

355 3106 697 3162 Thesaurus
727 3103 1064 3158 orthodoxa
1094 3102 1250 3171 ﬁdei,
1284 3101 1344 3156 in
1375 3103 1548 3172 cujus
1579 3101 1693 3156 ﬁne
1715 3101 1868 3172 (cod.
1904 3099 2001 3154 fol.
2031 3100 2136 3154 423
2167 3101 2343 3170 recto)
2375 3101 2501 3155 sine
2557 3100 2871 3172 epigraphe
2900 3101 3107 3173 incipit
3163 3103 3521 3162 narrationis
3572 3105 3643 3160 de
3673 3122 3777 3162 ex-

359 3194 512 3252 cidio
541 3188 1081 3262 Constantinopolis
1110 3190 1171 3244 in
1204 3190 1351 3244 duos
1377 3188 1558 3245 libros
1584 3189 1909 3244 distributa
1941 3189 1968 3243 li

2161 3189 2276 3244 rior
2306 3206 2340 3245 a
2369 3189 2560 3246 verbis
2591 3207 2605 3246 :
2641 3186 2820 3244 Ἀλλὰ
2864 3188 3030 3267 μέχρι
3085 3189 3179 3263 μὲν
3231 3187 3297 3260 δὴ
3330 3190 3540 3248 τούτων
3570 3189 3766 3266 εὔδρο-

363 3303 464 3354 μος
496 3283 632 3353 ἡμῖν
662 3280 690 3333 ὁ
723 3276 912 3353 λόγος,
945 3295 1072 3350 qua
1105 3277 1380 3350 leguntur
1411 3279 1470 3333 in
1501 3278 1712 3333 Niceta
1744 3277 1972 3334 editioni

2149 3277 2350 3334 isiensi
2383 3297 2439 3350 p.
2483 3280 2610 3335 345.
2664 3281 3082 3352 Complectitur
3137 3281 3234 3339 hic
3293 3281 3440 3339 liber
3494 3298 3600 3339 non
3656 3299 3758 3339 so-

356 3370 486 3426 lum
516 3385 606 3438 ea,
637 3384 764 3440 qua
796 3366 1021 3437 reliqua
1049 3371 1192 3422 sunt
1221 3365 1376 3421 tertii
1407 3365 1541 3422 libri
1575 3365 1953 3422 historiarum
1995 3368 2180 3425 Alexii
2239 3371 2397 3426 tertii
2453 3371 2734 3426 Comneni
2802 3370 2860 3426 in
2915 3371 3244 3444 impressis,
3309 3389 3503 3430 verum
3557 3373 3769 3430 lsaacii

352 3473 592 3530 quoque
621 3455 845 3529 Angelii
877 3471 994 3512 una
1020 3471 1154 3511 cum
1186 3454 1386 3511 Alexio
1417 3455 1537 3511 filio
1568 3454 1843 3511 iteratum
1873 3455 2188 3529 imperium
2221 3466 2394 3531 atque
2425 3466 2701 3532 praterea
2731 3477 2824 3516 res
2864 3466 3057 3528 gestas
3117 3461 3304 3518 Alexii
3365 3467 3532 3518 Duca
3589 3462 3775 3519 Murt-

353 3547 514 3604 zuﬂi.
545 3545 716 3603 Liber
748 3544 1036 3617 posterior
1069 3544 1393 3616 insignitus
1424 3544 1807 3616 inscriptione
1838 3560 1854 3600 :
1883 3543 1962 3619 τόι

2172 3545 2350 3621 ὄτερὸς
2401 3549 2629 3607 orditur
2683 3566 2718 3605 a
2773 3550 3012 3606 verbis:
3072 3549 3213 3624 Εἶχε
3266 3549 3362 3622 μὲν
3413 3547 3557 3605 οὕτω
3604 3553 3781 3606 ταῦτα

351 3634 444 3692 καὶ
476 3637 511 3706 ἡ
563 3631 974 3691 Κωνσταντίνου
1021 3630 1395 3701 Καλλίπολις,
1445 3651 1573 3707 qua
1632 3634 1960 3691 inveniuntt

2183 3638 2275 3692 ed.
2337 3640 2522 3698 Paris.
2580 3655 2638 3711 p.
2696 3639 2802 3693 377
2833 3640 2937 3707 A.;
2991 3643 3165 3711 atque
3199 3639 3292 3696 hic
3334 3640 3482 3697 liber
3513 3641 3783 3698 continet

353 3726 753 3783 narrationem
783 3740 984 3781 earum
1019 3739 1241 3790 rerum,
1273 3739 1401 3795 qua
1434 3727 1567 3796 post
1597 3729 1826 3795 captam
1859 3725 2067 3781 urbem
2125 3726 2236 3782 sub
2295 3726 2582 3783 Balduino
2639 3726 2994 3798 imperatore
3052 3727 3340 3786 accidere.
3379 3732 3446 3786 In
3505 3731 3781 3801 ejusdem

354 3817 491 3872 libri
524 3818 640 3872 fine
671 3815 770 3871 fol.
803 3815 908 3870 447
939 3818 1098 3870 recto
1129 3818 1265 3886 post
1299 3814 1511 3870 verba:
1543 3813 1659 3867 Ἰνα
1709 3809 1766 3866 δὲ
1800 3813 1877 3885 μὴ
1939 3836 1963 3886 μ

2174 3833 2247 3888 ,ρᾳ
2292 3813 2363 3888 τῇ
2393 3813 2608 3889 ἱστορίᾳ
2653 3813 2938 3889 χρώμενοι
2981 3813 3491 3893 πολυπλοκωτέρας
3537 3816 3783 3875 ἐντεῦθεν

353 3903 450 3968 τὰς
481 3903 656 3967 λύπας
712 3901 991 3976 κτώμεθα,
1044 3901 1198 3956 ταυτὶ
1247 3901 1344 3974 μὲν
1409 3901 1953 3976 παρήσομεν,ἐκεῖνα

2175 3909 2384 3979 πιτομῇ
2415 3911 2494 3976 τῷ
2521 3905 2676 3981 λόγῳ
2707 3903 2980 3979 δώσομεν,
3011 3909 3218 3982 incipit
3243 3927 3378 3965 cum
3437 3911 3782 3969 narratione

354 3996 426 4052 de
455 3995 691 4052 Thoma
723 3993 1067 4066 patriarcha
1100 3994 1351 4048 adventu
1379 3992 1774 4063 fragmentum
1801 4010 1833 4048 a
1860 3993 2030 4049 nobis
2061 3995 2306 4065 editum,
2341 3998 2496 4068 quod
2528 3997 3044 4070 comprehenditur
3095 3998 3253 4055 foliis
3309 3999 3618 4056 447-450.
3659 4001 3780 4057 Ca.

351 4088 543 4140 terum
571 4083 716 4140 satis
743 4081 1082 4153 diligentem
1115 4080 1293 4153 hujus
1324 4081 1542 4136 codicis
1574 4081 2028 4154 descriptionem
2062 4086 2394 4157 composuit
2459 4087 2752 4143 Gerardus
2808 4087 3146 4160 Langbaine
3194 4087 3254 4142 in
3310 4088 3576 4162 catalogo
3615 4090 3779 4146 codi-

350 4188 485 4228 cum
515 4171 963 4229 Bodleianorum
999 4170 1263 4227 nondum
1286 4170 1466 4239 edito,
1499 4185 1672 4242 quem
1703 4170 1979 4228 benevole
2006 4172 2151 4229 mihi
2185 4175 2428 4232 tradidit
2485 4176 2925 4247 inspiciendum
2982 4175 3070 4232 vir
3119 4193 3352 4234 summe
3395 4179 3777 4248 reverendus,

348 4261 446 4319 Dr.
471 4261 776 4318 Bandinel.

423 4352 591 4420 Quod
621 4352 916 4423 reliquum
949 4355 1060 4419 est,
1092 4351 1390 4408 indicatus
1417 4357 1504 4407 est
1533 4351 1596 4409 in
1625 4353 1780 4408 notis
1811 4352 2047 4421 criticis,
2081 4371 2232 4426 quas
2262 4354 2442 4410 textui
2473 4355 2666 4411 Graco
2699 4354 2948 4425 subjeci,
2978 4355 3161 4411 codex
3204 4355 3559 4413 Bodleianus
3609 4357 3775 4414 litte-

351 4442 434 4497 ris
463 4443 523 4499 C.
553 4442 640 4506 B.,
674 4441 894 4498 codicis
927 4440 1192 4497 Vaticani
1224 4442 1569 4513 fragmenta,
1603 4459 1728 4512 qua
1777 4443 2124 4500 Lambecius
2181 4445 2447 4514 protulit,
2506 4444 2748 4501 distinxi
2805 4444 3014 4500 litteris
3071 4447 3130 4500 C.
3193 4445 3288 4510 V.,
3350 4447 3773 4518 Apographum

349 4533 733 4604 Gottingense
761 4529 971 4587 litteris
1002 4535 1071 4586 Α.
1102 4533 1194 4601 G.,
1223 4534 1446 4586 textum
1476 4531 1915 4588 Bandurianum
1945 4531 2145 4588 littera
2177 4533 2263 4601 B.,
2297 4537 2353 4588 et
2380 4532 2789 4590 Fabricianum
2822 4532 3018 4590 littera
3045 4537 3105 4589 Β.

415 4836 484 4908 (⁶)
515 4835 596 4892 Cf.
630 4851 761 4907 qua
791 4833 944 4892 hanc
973 4831 1033 4890 in
1064 4849 1186 4892 rem
1212 4833 1524 4891 observata
1579 4850 1613 4889 a
1671 4833 1842 4891 nobis
1900 4837 2038 4890 sunt
2085 4834 2145 4890 in
2203 4835 2354 4893 libro
2414 4840 2660 4896 nostro:
2715 4840 2902 4897 Gesch.
2951 4841 3049 4898 der
3077 4843 3414 4916 Kreuzz'age,
3455 4845 3497 4900 t.
3533 4842 3600 4910 V,
3633 4842 3765 4900 Bei-

343 4925 536 4998 lagen,
564 4941 622 4997 p.
657 4925 744 4980 13.
