4074 6390
309 385 464 447 10H

993 383 1094 444 DE
1139 381 1470 446 STATUIS
1510 382 1714 456 QUAS
1757 380 2063 444 FRANCI
2111 383 2336 447 CPOLI
2381 382 3051 448 DESTRUXERUNT.

3581 383 3740 446 1042

1457 648 1594 704 ΤΟΥ
1631 649 1854 704 ΑΥΤΟΥ
1891 647 2312 704 ΜΑΚΔΡΙΤΟΥ
2350 648 2593 704 ΚΥΡΙοΥ

897 847 1590 979 ΝΙΚΗΤΑ
1683 849 2030 980 ΤΟΥ
2108 847 3143 979 ΧΩΝΕΙΑΤΟΥ

1550 1103 1694 1159 ΑΠΟ
1733 1104 1872 1158 ΤΗΣ
1911 1102 2132 1159 ΑΥΤΟΥ
2169 1103 2499 1162 ΙΣΤΟΡῙΔΣ

1023 1299 1322 1395 ΠΕΡΙ
1403 1296 2923 1396 ΚΩΝΣΤΑΝΤΙΝΟΥΠΟΛΕΩΣ
2993 1277 3014 1327 ¹

1525 1638 1621 1690 EX
1678 1633 2010 1692 EJUSDEM
2068 1634 2218 1692 VIBI
2278 1635 2510 1694 BEATI.

1176 1798 1840 1923 ΝΙΟΕΤλἘ
1985 1799 2898 1925 CHONIATZE

897 2064 1502 2163 HISTORIA
1612 2063 3156 2162 CONSTANTINOPOLITANA

379 2406 445 2461 α’.
476 2405 591 2474 Τῆς
639 2404 740 2480 γὰρ
797 2402 1069 2476 ἡμετέρας
1129 2403 1151 2436 ²
1207 2399 1491 2476 βασιλείας
1546 2397 1667 2474 ἄρτι
1737 2396 1957 2455 διαπετ-
1986 2405 2045 2470 Α

303 2492 589 2564 τευθείσης
654 2492 731 2556 εἷς
777 2490 906 2552 τοὺς
959 2491 1340 2568 Φραγγίσκους
1387 2490 1430 2558 ³,
1482 2488 1692 2562 ὁμοίως
1736 2488 1825 2544 καὶ
1871 2493 1974 2558 τῆς

313 2581 738 2662 ἀρχιερωσύνης
794 2579 1176 2655 κληρωθείσης
1233 2582 1256 2616 ι
1309 2584 1427 2643 τοῖς
1500 2577 1828 2647 Βενετίκοις,
1888 2578 1973 2641 οἷς

313 2673 596 2728 ἐπίσταται
642 2669 902 2745 κρίμασιν
957 2669 986 2723 ὁ
1039 2672 1135 2724 τοῦ
1189 2667 1461 2742 κοσμικοῦ
1519 2665 1678 2723 τοῦδε
1735 2667 1972 2746 σκάφους

317 2761 614 2829 σκευαστὴς
688 2759 778 2813 καὶ
870 2752 1208 2833 κυϐερνήτης
1302 2757 1501 2832 Κύριος
1539 2758 1578 2792 ⁵·
1668 2753 1819 2810 ἵκετο
1912 2754 1972 2810 ἐκ

319 2849 569 2907 Βενετίας
627 2848 976 2922 πατριάρχης
1035 2844 1686 2917 Κωνσταντινουπόλεως,
1763 2845 1966 2918 Θωμά-

326 2940 440 3001 σιός
470 2942 491 2977 ⁸
529 2957 614 2999 τις
659 2936 924 3010 τοῦνομα,
966 2937 1066 3004 τὴν
1121 2936 1214 3009 μὲν
1262 2934 1486 3005 ἡλικίαν
1540 2934 1718 3009 μέσος,
1761 2937 1860 3004 τὴν
1913 2931 1972 2988 δὲ

318 3028 644 3102 σωματικὴν
675 3025 876 3082 πλάσιν
919 3024 1219 3082 λακκευτοῦ
1268 3025 1291 3060 ⁷
1348 3024 1473 3087 συὸς
1527 3023 1966 3102 εύτραφὲστεροςο

313 3119 380 3188 ἦν
412 3115 470 3172 δὲ
493 3117 586 3172 καὶ
617 3117 766 3178 λεῖος
816 3116 962 3192 ξυρῷ
1007 3116 1071 3171 τὸ
1124 3118 1220 3171 τοῦ
1262 3115 1562 3190 προσώπου
1593 3114 1617 3149 ⁸
1645 3111 1840 3191 ἔδαφὸς
1894 3113 1970 3176 ὡς

313 3209 365 3264 οἱ
397 3207 586 3264 λοιποὶ
617 3210 724 3262 τῶν
775 3203 836 3261 ἐκ
882 3209 979 3260 τοῦ
1018 3205 1209 3279 γὲνους
1252 3205 1276 3240 9
1323 3203 1553 3276 ἐκείνου,
1605 3203 1696 3258 καὶ
1743 3204 1840 3265 τὰς
1891 3201 1971 3258 ἐν-

308 3298 566 3363 στηθίους
630 3297 678 3334 ¹⁰
755 3293 1228 3372 παρατετιλμένος
1310 3295 1510 3372 τρίχας
1586 3289 1968 3371 ἀκριϐέστερον

308 3385 627 3463 δρώπακος·
691 3386 1084 3461 ἀμπεχόμενος
1151 3381 1210 3438 δὲ
1264 3383 1356 3439 καὶ
1415 3381 1620 3454 στολὴν
1676 3387 1713 3420 ¹¹
1774 3405 1974 3461 συνυφ-

314 3477 554 3549 ασμένην
601 3479 798 3550 μικροῦ
844 3478 926 3547 τῷ
984 3470 1208 3548 δέρματι
1257 3473 1348 3528 καὶ
1400 3470 1805 3550 ῥαφιδουμένην
1851 3472 1977 3527 ἑκά-

317 3585 448 3636 στης
481 3565 526 3602 ¹²
558 3563 628 3620 τὰ
676 3563 752 3627 εἷς
806 3561 1071 3638 καρπούς·
1121 3558 1411 3618 δακτύλιόν
1458 3582 1516 3616 τε
1556 3564 1626 3634 τῇ
1678 3559 1826 3636 χειρὶ
1877 3581 1978 3616 πε-

321 3654 639 3729 ριστρέφων·
691 3651 863 3708 ἐνίοτε
922 3653 967 3691 ⁸³
1018 3649 1077 3706 δὲ
1122 3650 1214 3706 καὶ
1260 3651 1327 3705 τὰ
1366 3649 1426 3706 ἐκ
1475 3645 1710 3726 ϐἑῤῥεων
1754 3649 1830 3712 εἰς
1884 3645 1978 3705 δα-

2147 2401 2384 2459 8541.
2446 2405 2650 2474 Itaque
2705 2405 3015 2476 postquam
3069 2401 3464 2475 inexplicabili
3493 2403 3723 2476 judicio

2077 2490 2200 2557 Dei,
2234 2490 2334 2563 qui
2365 2491 2531 2548 navis
2565 2492 2876 2548 mundanas
2934 2493 3124 2565 opifex
3182 2493 3400 2566 pariter
3428 2498 3518 2550 est
3546 2498 3724 2565 atque

2078 2581 2450 2652 gubernator,
2481 2581 2794 2654 imperium
2827 2582 3064 2654 quidem
3097 2587 3368 2640 nostrum
3420 2583 3726 2640 sortitione

2079 2672 2234 2727 facta
2291 2671 2548 2741 Francis,
2608 2672 2990 2729 sacerdotium
3073 2689 3209 2729 vero
3293 2673 3528 2730 Venetis
3585 2689 3730 2730 con-

2079 2761 2356 2832 tigit(l):
2416 2760 2726 2817 arcessitus
2778 2765 2870 2817 est
2925 2762 3177 2818 Venetiis
3236 2762 3585 2834 patriarcha,
3629 2762 3734 2834 qui

2082 2849 2389 2906 ecclesiam
2423 2850 3130 2924 Constantinopolitanam
3186 2856 3431 2924 regeret,
3479 2851 3738 2908 Thomas

2079 2940 2315 3011 quidam
2350 2940 2608 3008 nomine,
2667 2941 2839 2997 homo
2897 2941 3142 2998 modica:
3201 2943 3440 3014 quidem
3483 2941 3739 3011 proceri-

2076 3028 2234 3097 tatis,
2269 3030 2532 3102 corporis
2588 3029 2737 3087 855
2804 3046 2936 3086 vero
2995 3031 3276 3087 obesitate
3338 3047 3580 3102 porcum
3639 3045 3738 3086 su-

2079 3135 2289 3190 perans
2321 3119 2677 3190 saginatum.
2711 3119 2934 3176 Faciem
2996 3119 3249 3176 habebat
3307 3121 3463 3176 idem
3502 3123 3735 3176 tensam

2083 3206 2367 3264 novacula
2395 3225 2463 3264 ex
2493 3209 2937 3280 consuetudine,
2998 3225 3126 3280 quae
3187 3209 3570 3282 popularibus
3609 3207 3734 3264 suis

2079 3301 2203 3352 erat
2229 3298 2584 3366 communis,
2619 3302 2786 3367 atque
2844 3299 3095 3370 pectoris
3156 3299 3333 3355 etiam
3389 3297 3541 3371 pilos
3571 3296 3734 3354 evul-

2079 3402 2175 3442 sos
2209 3385 2549 3459 diligentius
2595 3403 2776 3459 quam
2840 3387 3112 3460 dropacis
3161 3403 3269 3459 ope
3328 3388 3453 3445 ﬁeri
3509 3391 3730 3461 posset.

2081 3475 2337 3531 Amictus
2368 3480 2493 3532 erat
2522 3476 2691 3547 stola,
2725 3493 2855 3549 quas
2912 3478 3034 3533 cuti
3085 3493 3230 3548 pene
3263 3481 3387 3534 erat
3411 3481 3614 3534 assuta
3643 3481 3736 3535 at-

2083 3580 2198 3636 que
2225 3565 2374 3620 circa
2405 3581 2610 3637 carpes
2643 3567 2866 3623 acubus
2898 3566 3159 3639 quotidie
3189 3566 3580 3639 afﬂigebatur.
3613 3571 3738 3622 An-

2085 3653 2291 3708 nulum
2349 3656 2618 3726 gestabat
2678 3656 2884 3728 digito,
2945 3672 3232 3713 manuum
3291 3673 3524 3728 quoque
3561 3660 3736 3728 tegu-

315 3739 551 3802 κτύλους
610 3737 966 3814 ὃιεσχισμένα
1021 3741 1129 3794 τῶν
1181 3741 1384 3814 χειρῶν
1421 3735 1769 3812 φυλακτήρια
1819 3757 1970 3811 περι-

2090 3743 2296 3798 mentis
2321 3760 2742 3815 nonnunquam
2779 3746 3055 3802 utebatur
3113 3763 3181 3802 ex
3238 3746 3394 3803 corio
3435 3745 3603 3801 factis
3642 3744 3742 3801 iis-

310 3827 586 3905 κείμενος.
627 3831 875 3906 Ἐωρᾶτο
929 3825 987 3883 δὲ
1036 3829 1127 3883 καὶ
1173 3828 1235 3882 τὸ
1275 3826 1398 3902 περὶ
1449 3827 1606 3882 αὐτὸν
1652 3826 1966 3900 ὡσιωμένον

313 3925 429 3993 Θεῷ
460 3919 712 3993 σύστημα
759 3920 848 3974 καὶ
900 3919 1000 3989 τὴν
1052 3918 1262 3995 θυωρὸν
1308 3917 1786 3994 ἆμφιπονούμενον
1841 3917 1968 3991 τρά-

309 4014 475 4079 πεζαν
526 4016 626 4079 τῆς
672 4009 844 4078 αὐτῆς
903 4006 1169 4083 ἐχόμενον
1221 4007 1515 4080 κεραμείας
1565 4006 1656 4061 καὶ
1701 4010 1782 4079 τῷ
1835 4016 1970 4069 καθ-

308 4100 537 4174 ηγεμόνι
569 4095 893 4153 πανείκελον
928 4097 995 4150 τὰ
1041 4095 1118 4159 εἷς
1164 4094 1367 4165 στολήν
1413 4097 1504 4150 καὶ
1555 4093 1764 4151 δίαιταν
1801 4099 1847 4134 ¹⁴
1877 4097 1968 4151 καὶ

305 4188 399 4243 τὸν
430 4192 529 4242 τοῦ
558 4187 830 4260 πώγωνος
863 4183 1142 4257 θερισμόν.

382 4277 454 4348 β’.
487 4276 581 4330 Ἐκ
610 4271 838 4348 πρώτης
870 4269 948 4339 δὲ,
984 4272 1012 4326 δ
1043 4292 1173 4350 φασι
1225 4273 1288 4338 ¹⁵,
1339 4275 1604 4347 γραμμῆς
1649 4273 1714 4326 τὸ
1765 4271 1968 4335 ἐθνικὸν

303 4359 753 4431 παραδεικνύντες
818 4360 1184 4439 φιλόχρυσον,
1243 4358 1450 4414 ἐννοῦσι
1508 4362 1678 4435 πόρον
1736 4361 1967 4435 λημμα-

300 4455 502 4524 τισμοῦ
541 4452 730 4507 καινόν
787 4472 846 4506 τε
903 4451 1016 4523 ἅμα
1080 4449 1172 4504 καὶ
1240 4447 1478 4504 λαθόντα
1545 4451 1856 4524 ξύμπαντας
1914 4447 1966 4504 ο⁰ί

299 4542 403 4611 τὴν
465 4545 509 4580 ¹⁶
569 4539 826 4617 βασιλίδα
882 4537 1048 4595 πόλιν
1101 4537 1446 4594 ἒσκύλευσαν.
1538 4541 1643 4603 Τὰς
1698 4541 1802 4618 γὰρ
1855 4545 1964 4596 τῶν

308 4628 578 4706 βασιλέων
640 4631 811 4702 θήκας
879 4628 1201 4701 ἀνοίξαντες,
1273 4630 1472 4685 ὁπόσαι
1542 4631 1588 4665 ¹⁷
1653 4624 1818 4686 ἔνεισι
1883 4634 1963 4704 τῷ

2083 3845 2196 3903 que
2227 3831 2507 3901 digitatis.
2537 3834 2727 3904 Atque
2756 3832 2924 3900 illud,
2966 3835 3061 3891 cui
3111 3839 3376 3906 praeerat,
3427 3833 3736 3906 collegium

2081 3920 2196 3976 Deo
2229 3920 2484 3976 dicatum
2517 3925 2575 3977 et
2604 3923 2961 3978 sacrosancti
3019 3922 3222 3978 altaris
3280 3921 3605 3980 ministerio
3643 3921 3735 3978 de-

2081 4013 2372 4081 putatum,
2405 4010 2666 4078 ejusdem
2701 4027 2943 4082 prorsus
2973 4016 3100 4066 erat
3130 4012 3333 4067 farinae
3377 4027 3598 4083 suoque
3628 4027 3736 4068 an-

2081 4097 2252 4152 tistiti
2285 4098 2524 4153 omnino
2556 4098 2746 4155 simile
2775 4100 2834 4154 in
2865 4100 3100 4166 vestitu,
3133 4099 3380 4171 vitaeque
3422 4101 3646 4156 ratione
3677 4103 3737 4156 et

2079 4186 2272 4242 barbae
2303 4188 2611 4242 tondendas
2635 4204 2816 4244 more.

2147 4275 2202 4329 2.
2237 4276 2320 4330 Ex
2349 4277 2562 4348 prima,
2597 4285 2658 4332 ut
2693 4278 2881 4350 aiunt,
2941 4279 3098 4336 linea
3155 4279 3284 4335 auri
3341 4295 3562 4349 amore,
3593 4295 3738 4353 gen-

2077 4363 2272 4419 tilium
2306 4364 2446 4430 ritu,
2481 4365 2817 4437 ﬂagrantes,
2879 4368 3115 4424 furandi
3171 4369 3325 4424 viam
3375 4369 3732 4442 excogitant,

2077 4468 2284 4509 novam
2320 4453 2491 4524 plane
2521 4470 2714 4527 neque
2743 4456 2814 4511 ab
2869 4456 3012 4525 illis;
3045 4457 3146 4529 qui
3207 4457 3493 4515 hactenus
3547 4458 3735 4531 impe-

2078 4541 2356 4599 ratoriam
2387 4543 2592 4600 urbem
2624 4544 3044 4617 expilaverant,
3078 4563 3337 4620 unqusm
3369 4558 3736 4621 usurpatam.

2078 4631 2312 4704 Apertis
2369 4633 2528 4690 enim
2583 4633 3008 4708 imperatorum
3067 4637 3358 4709 sepulcris
3410 4638 3616 4711 positis
3671 4639 3732 4696 in

1552 4759 1776 4827 Variae
1805 4759 2132 4827 lectiones
2164 4767 2230 4827 et
2257 4768 2460 4829 notes.

371 4897 388 4935 ¹
421 4897 550 4955 Haec
579 4897 817 4954 rubrica
847 4895 1066 4955 legitur
1094 4895 1154 4951 in
1188 4898 1255 4953 A.
1290 4895 1357 4953 G.

295 4970 507 5040 θείσης.
583 4970 605 5005 ⁵
643 4971 712 5026 Α.
741 4972 806 5024 G.
841 4965 993 5029 Θεός.
1104 4965 1127 5040 β
1167 4971 1234 5040 A_.
1265 4971 1332 5024 Gr.
1357 4969 1590 5040 βωμᾶς.

1471 4895 1588 4970 ³Α.
1628 4896 1835 4970 ῦηΤῆς
1885 4891 1933 4948 δ’
1983 4893 2294 4970 ἡμετέρας.

1705 4968 1725 5003 ⁷
1757 4973 2045 5044 ῌωο-νοκ,
2097 4968 2222 5044 quis
2254 4969 2547 5044 inlexicis
2578 4987 2692 5044 non
2722 4968 3031 5044 reperitur,
3061 4973 3293 5028 videtur
3330 4991 3460 5031 esse
3510 4968 3732 5034 forma-

2407 4897 2522 4982 3A.
2557 4899 2625 4955 G.
2676 4897 2754 4962 εἰς
2792 4896 3210 4984 Φραγκίσκους..
3262 4901 3286 4936 ‘
3323 4903 3391 4958 A.
3440 4905 3535 4984 G._
3556 4923 3732 4978 κυρω-

294 5035 362 5101 ta
391 5035 658 5103 α’λάκκος
687 5040 896 5167 (lacus;
931 5057 947 5110 ;
975 5038 1323 5095 vocabulum
1357 5035 1627 5108 λακίνιον,
1654 5041 1810 5112 quod
1839 5041 1910 5095 ad
1940 5035 2226 5097 eamdem
2260 5042 2502 5114 stirpem
2535 5035 2826 5113 pertinere
2843 5035 3257 5118 videtur,apud
3279 5047 3505 5103 Graecos
3526 5064 3728 5106 recen-

294 5116 478 5167 tiores
509 5113 841 5167 aizniﬁc-are
905 5111 1080 5167 icitur
1109 5126 1352 5167 porcum.
1386 5110 1514 5166 Vid.
1553 5114 1629 5167 Du
1657 5115 1851 5167 Canae
1883 5111 2054 5167 Gloss
2070 5131 2155 5167 ar.
2195 5111 2293 5167 Gr.
2344 5130 2400 5167 ν.
2448 5112 2692 5167 λακινία.
2729 5117 3011 5167 Ceterum
3053 5116 3305 5167 dubitari
3343 5121 3566 5167 nemiiL
3601 5117 3728 5167 λακ-

293 5116 478 5172 tiores
509 5113 841 5172 signiﬁcare

308 5253 542 5326 loiALG.
574 5251 919 5320 ἐνσταθίουςί
1024 5253 1068 5291 ¹¹
1102 5259 1167 5309 Α.
1190 5255 1269 5326 ὓ.
1312 5251 1451 5326 ἀμπ.
1489 5251 1546 5308 δὲ
1579 5253 1804 5324 στολὴν.

301 5325 404 5401 καὶ.
430 5322 660 5399 δίαιταν,
693 5345 818 5401 quas
849 5327 1154 5384 adduntur
1183 5325 1244 5382 in
1280 5322 1476 5394 A.'G.,
1511 5322 1814 5384 desunt/in
1846 5331 1909 5384 C.
1958 5327 2023 5383 B.

298 5394 545 5454 ὁπόσων.

375 5544 450 5618 (t)
477 5544 706 5603 Scilicet
739 5550 1084 5605 convenerat
1115 5549 1249 5603 ante
1281 5549 1511 5619 captam
1555 5547 1760 5604 urbem
1811 5547 1961 5604 inter

292 5616 556 5692 Francos
585 5622 644 5674 et
673 5622 944 5692 Venetos,
977 5623 1042 5676 ut
1069 5635 1139 5676 ex
1169 5616 1369 5676 altera'
1386 5623 1558 5692 gente
1617 5621 1958 5692 imperator,

290 5706 367 5749 ex
397 5689 583 5748 altera
613 5689 948 5764 patriarcha
976 5692 1312 5766 eligeretur.
1348 5689 1549 5764 Itaque
1567 5689 1863 5749 cum'Bald
1875 5691 1959 5749 ui-

905 5111 1080 5192 icitur
1107 5110 1514 5192 po‘rcum.__Vi_d.
1553 5110 1851 5192 Du_Cange
1883 5111 2054 5192 Gloss
2070 5131 2155 5169 ar.
2195 5111 2293 5192 gr.
2448 5110 2692 5192 λακινία.
2729 5117 3011 5192 caeterum
3053 5110 3310 5192 dubitari
3343 5121 3569 5192 nequit,
3601 5117 3733 5175 λακ-

299 5186 488 5256 κευτὸς
518 5181 674 5242 idem
706 5201 856 5256 esse,
884 5181 1286 5256 quodmelius
1323 5183 1568 5256 dictum
1621 5183 1769 5256 foret
1784 5181 2087 5256 ’σιτευτός.

1919 5255 2058 5328 ΨΑ.
2092 5255 2164 5311 G.
2187 5254 2262 5328 7E!
2275 5251 2441 5328 ἅστῳ.

2197 5184 2218 5264 ξ
2247 5189 2314 5264 A'.
2347 5185 2415 5241 G.
2455 5185 2938 5264 tﬁivdnpoctbmgv.
2985 5195 3036 5264 _°
3151 5184 3454 5264 B._t&3v'roi‘3
3505 5184 3730 5264 ίγένους.

2558 5257 2602 5328 is
2627 5257 2717 5314 Sic
2747 5262 2812 5314 Α,
2837 5262 2901 5317 G,
2929 5274 2944 5328 ;
2977 5259 3038 5314 C.
3074 5261 3136 5317 B.
3170 5257 3361 5318 ἐνίοτε.
3476 5257 3734 5322 “Voces

2159 5327 2209 5362 ¹⁵
2257 5332 2324 5383 Α.
2365 5324 2434 5384 G.
2470 5324 2517 5382 δ’
2566 5326 2596 5383 ὅ
2643 5349 2792 5408 φασι.
2931 5324 2982 5368 ’⁸⁸
3010 5334 3076 5390 F.
3117 5331 3170 5386 οἳ
3205 5352 3368 5396 τινες,
3502 5334 3632 5392 1’⁸Α.
3665 5339 3734 5396 G.

2069 5564 2183 5604 nus
2206 5548 2585 5631 mandi-ensis
2635 5567 2708 5631 ei;
2763 5555 3121 5631 Francorum
3188 5559 3360 5631 gente
3414 5557 3727 5631 imperium

2069 5626 2224 5696 esset
2251 5623 2519 5696 adeptus,
2555 5624 2940 5696 patriarchale
2966 5623 3548 5690 soliumVenetorum
3571 5634 3727 5690 arbi-

2067 5693 2180 5751 trio
2209 5699 2300 5752 est
2326 5693 2678 5768 subjectum.
