4074 6426
313 432 475 494 1οι9

1000 418 1103 480 DE
1145 414 1478 479 STATUIS
1522 416 1731 488 QUAS
1774 415 2067 478 FRANCI
2100 417 2336 481 CPOLI
2380 412 3059 480 DESTRUXERUNT.

3587 406 3745 474 1050

392 565 456 626 ς’.
488 560 680 630 Τούτῳ
740 552 799 609 δὲ
854 547 1214 630 συγκαθεῖλον
1261 549 1355 603 καὶ
1401 548 1493 604 τὸν
1535 548 1858 623 σεσαγμένον
1888 549 1979 603 καὶ

2165 552 2219 607 6.
2255 555 2397 608 Cum
2427 550 2528 608 illo
2563 549 2736 607 etiam
2765 546 3131 606 abstulerunt
3163 542 3396 601 asinum
3426 557 3576 599 onus
3607 559 3748 616 por-

321 652 418 707 ohv
454 650 722 725 ὀγκηθμῳ
778 640 1143 714 στελλόμενον
1204 633 1323 693 ὄνον
1380 636 1471 692 καὶ
1518 638 1611 692 τὸν
1655 635 1835 710 τούτῳ
1866 633 1992 714 ἐφε-

326 744 568 817 πόμενον
635 734 858 813 ὀνηγὸν,
917 731 1009 793 οὕς
1069 729 1121 785 ἐν
1193 725 1923 817 ’Λκτίῳ-ἓσξτησεηΚαῖσαᾳρ
1964 727 1992 781 ὁ

337 812 675 905 Αύγουστος,
742 812 770 878 ὁ
838 821 979 877 ἐστιν
1045 822 1079 889 ἡ
1155 818 1274 873 καθ’
1350 813 1590 871 Ἐλλάδα
1662 812 1991 885 Νικόπολις,

336 904 501 991 ἡνίκα
527 916 717 976 νυκτὸς
748 911 899 983 ἐξιὼν
960 909 1023 964 τὸ
1076 912 1174 964 τοῦ
1234 904 1526 963 Ἀντωνίου
1557 904 1991 978 κατασκέψασθαι

340 1009 669 1085 στράτευμα,
745 999 899 1079 ἀνδρὶ
976 998 1223 1073 ἐνέτυχεν
1297 991 1421 1051 ὄνον
1520 993 1825 1063 ἐλαύνοντι,
1900 994 1992 1049 καὶ

337 1080 644 1171 πυθόμενος
698 1094 846 1154 ὅστις
903 1087 987 1160 ε’ἰη
1046 1088 1138 1142 καί
1204 1080 1323 1142 ἔνθα
1376 1085 1691 1159 πορεύεται,
1759 1084 1990 1153 ἤκουσεν

324 1191 398 1251 ὡς
446 1169 739 1259 Καλοῦμαι
808 1179 989 1236 Νίκων
1046 1176 1137 1232 καὶ
1197 1176 1225 1230 ὁ
1281 1173 1414 1248 ἐμὸς
1473 1169 1595 1236 ὄνος
1664 1170 1988 1252 Νίκανδρος,

317 1279 654 1357 ἀφικνοῦμαι
686 1274 737 1310 οι
767 1269 828 1327 δὲ
856 1271 994 1346 πρὸς
1026 1269 1127 1357 τήν
1161 1270 1259 1357 τοῦ
1293 1265 1564 1357 Καίσαρος
1601 1265 1880 1357 στρατιὰν.

395 1372 457 1437 ζ’.
490 1362 631 1424 Οὐδὲ
691 1363 798 1437 μὴν
848 1360 895 1397 9⁸
944 1365 1044 1428 τῆς
1104 1355 1294 1427 ὑαίνης
1349 1376 1410 1411 τι
1465 1355 1555 1410 καὶ
1601 1352 1867 1425 λυκαίνης
1891 1353 1991 1416 τὰς

323 1462 516 1533 χεῖρας
568 1454 880 1528 ἀπήγαγον,
935 1449 969 1503 ἅ
1013 1449 1229 1520 Ῥῶμος
1282 1445 1331 1481 ⁸⁸
1382 1443 1473 1499 καὶ
1520 1442 1826 1533 ῬωμύλοςΔ
1862 1442 1989 1514 ἐθή-

325 1530 518 1601 λασαν·
556 1542 835 1615 στατήρων
890 1534 949 1592 δὲ
1000 1533 1276 1612 βραχέων,
1332 1533 1423 1589 καὶ
1478 1533 1687 1588 τούτων
1734 1530 1987 1606 χαλκῶν,

326 1635 395 1690 τὰ
424 1631 635 1688 παλαιὰ
695 1628 1029 1702 σεμνώματα
1080 1624 1127 1661 ⁸⁷
1186 1627 1287 1678 τοῦ
1342 1623 1528 1698 γένους
1582 1619 1865 1676 ἀπέδωκαν
1896 1620 1986 1675 καὶ

325 1730 570 1793 καθῆκαν
629 1717 792 1779 αὐτὰς
846 1716 924 1777 εἷς
980 1715 1043 1769 τὸ
1100 1713 1500 1791 χωνευτήριον·
1562 1709 1640 1766 ἔτι
1695 1731 1756 1786 γε
1808 1711 1986 1784 μήνη

402 1811 417 1832 ‘
487 1810 501 1828 ‘
603 1804 691 1861 ’¹δ
852 1804 879 1858 ὸ
1044 1800 1077 1858 λ
1122 1802 1136 1855 ί
1328 1797 1390 1854 λέ
1633 1798 1646 1816 ‘
1729 1798 1741 1815 ‘
1817 1798 1838 1817 "

326 1832 420 1867 και
448 1830 540 1865 τον
596 1830 654 1862 αν
698 1826 763 1883 ρα
817 1824 847 1859 τ
882 1826 909 1859 ν
964 1823 1041 1858 πα
1082 1822 1113 1855 α
1143 1821 1271 1857 οντα
1395 1819 1527 1868 οντι,
1557 1819 1649 1854 και
1689 1820 1782 1854 τον
1826 1817 1986 1854 ιππον

323 1904 416 1958 τὸν
466 1900 514 1935 ⁹⁹
550 1895 795 1968 Νειλῷον
846 1892 899 1955 ἐς
950 1891 1169 1968 ούραῖον
1222 1889 1612 1961 ήκανθωμὲνον
1644 1890 1660 1925 ι
1694 1886 1880 1943 λεπίσι
1918 1889 1987 1943 τὰ

327 1986 542 2047 ὄπισθεν
575 1990 672 2042 τοῦ
717 1983 974 2056 σώματος
1031 1980 1298 2057 λήγοντα,
1352 1979 1439 2033 καὶ
1498 1978 1590 2033 τὸν
1641 1977 1854 2033 σείοντα
1883 1977 1981 2046 τὴν

325 2076 665 2156 προνομαίαν
707 2072 990 2152 ἐλέφαντα·
1027 2071 1124 2132 τὰς
1183 2067 1411 2156 σφίγγας
1473 2066 1560 2123 ἐπὶ
1615 2067 1855 2136 τούτοις,
1887 2067 1983 2156 τᾲς

325 2155 550 2227 εύειδεῖς
630 2163 706 2227 ὠς
779 2165 1039 2241 γυναῖκας
1094 2158 1162 2214 τὰ
1219 2155 1551 2232 ἔμπροσθεν,
1609 2156 1700 2211 καὶ
1757 2155 1985 2234 φρικτὰς

323 2258 397 2321 ὡς
446 2256 613 2330 θηρίά
676 2252 746 2309 τὰ
810 2247 1052 2318 ὄπισθεν,
1111 2244 1427 2323 καινοτέρας
1476 2243 1533 2302 δὲ
1583 2246 1658 2307 ὡς
1705 2246 1796 2300 καὶ
1845 2246 1983 2319 πεζῇ

325 2348 612 2424 βαινούσας
674 2343 763 2399 καὶ
828 2341 1049 2419 κούφως
1114 2342 1193 2411 τῷ
1276 2340 1460 2412 πτερῴ
1525 2337 1827 2415 φερομένας
1893 2331 1984 2389 καὶ

328 2432 781 2512 διαμιλλωμένας
836 2437 954 2494 τοῖς
1030 2432 1140 2485 τῶν
1218 2426 1451 2503 ὀρνίθων
1530 2424 1983 2502 μεγαλοπτὲρυξι⁸

333 2527 426 2583 καὶ
484 2526 577 2582 τὸν
644 2520 912 2598 ἀχάλινον
974 2520 1147 2576 ’ἰππον
1214 2517 1532 2593 ὀρθιάζοντα
1594 2517 1658 2571 τὸ
1726 2512 1818 2578 οὖς
1893 2513 1986 2570 καὶ

333 2616 729 2697 φριμάσσοντα,
757 2612 956 2690 γαῦρόν
1013 2630 1071 2665 τε
1104 2610 1125 2646 ²
1163 2608 1255 2664 καὶ
1314 2608 1528 2679 εύήνιον
1556 2602 1985 2683 προποδίζοντα⁹

330 2694 423 2763 καὶ
452 2707 516 2762 τὸ
547 2704 779 2781 ἀρχαῖον
809 2702 996 2772 κακὸν,
1043 2702 1142 2770 τὴν
1193 2696 1446 2755 Σκύλλαν
1499 2698 1664 2773 μέχρι
1714 2695 1807 2771 μέν
1840 2694 1988 2766 ἱξύος

325 2796 634 2873 γυναικεῖον
692 2790 839 2855 εἶδος
897 2787 1303 2868 προφέρουσαν,
1354 2787 1452 2842 καὶ
1510 2791 1676 2841 τοῦτο
1733 2786 1987 2862 προτενὲς

327 2872 421 2941 καὶ
490 2882 816 2958 ὑπερμαζῶν
881 2881 905 2917 ⁸
966 2879 1059 2934 καὶ
1135 2878 1326 2953 μεστὸν
1395 2877 1739 2952 ἀγριότητος,
1800 2876 1865 2931 τὰ
1939 2872 1986 2929 δ’

328 2974 515 3031 ἔκτοτε
546 2971 932 3048 διεσχισμένον
991 2969 1068 3032 εἷς
1127 2970 1297 3044 θῆρας
1346 2965 1711 3041 ἐμπηδῶντας
1741 2969 1762 3003 ⁴
1790 2968 1859 3041 τῇ
1889 2967 1987 3021 τοῦ

321 3062 633 3126 Ὀδυσσέως
715 3061 812 3133 νηῒ
874 3058 964 3116 καὶ
1032 3057 1262 3135 συχνοὺς
1342 3061 1448 3115 τῶῖ
1521 3055 1748 3132 ἑταίρων
1820 3076 1990 3112 κατα-

327 3153 751 3233 ϐροχθίζοντας.

394 3251 467 3314 η’.
501 3246 601 3302 Ἠν
635 3240 684 3298 δ’
711 3245 768 3299 ἓν
798 3245 878 3314 τῷ
917 3242 1151 3313 Ἰππικῷ
1206 3238 1298 3293 καὶ
1355 3237 1598 3314 χάλκεος
1624 3237 1648 3273 ⁵
1676 3237 1831 3301 ἀετὸς
1858 3235 1988 3292 ἀνα-

321 3310 602 3410 κείμενος,
648 3337 745 3389 τοῦ
794 3310 861 3388 ἰκ⁷
900 3310 1135 3389 Τυάνων
1170 3310 1561 3385 Ἀπολλωνίου
1617 3327 1798 3383 καινὸν
1862 3326 1987 3401 μεθ·
2018 3310 2063 3381 C

336 3422 542 3497 οδευμα
586 3421 675 3477 καὶ
722 3428 823 3492 τῆς
871 3418 1081 3475 ἐκείνου
1120 3418 1377 3495 γοητείας
1410 3415 1821 3494 μεγαλοπρεπὲς
1855 3435 1999 3492 μαγ-

336 3514 580 3591 γάνευμα
634 3514 678 3571 θ.
744 3506 1086 3587 Παραϐαλὼν
1143 3509 1245 3584 γάρ
1293 3528 1427 3563 πολε
1479 3507 1797 3576 Βυζαντίοις
1853 3524 1996 3580 παρ-

337 3604 550 3676 εκλήθη
580 3601 649 3660 τὰ
675 3606 783 3658 τῶν
843 3598 1018 3679 ὄφεων
1075 3599 1395 3655 κατευνάσαι
1445 3594 1698 3673 δήγματα
1726 3598 1768 3669 ⁷,
1802 3594 1889 3672 ὑφ’
1920 3593 1996 3647 ὧν

339 3688 582 3770 ἔπασχον
613 3692 813 3748 ἐκεῖνοι
867 3693 1071 3752 κακῶςο
1132 3687 1327 3763 ἄμέλει
1381 3685 1472 3742 καὶ
1532 3685 1832 3760 συνερίθοις
1874 3687 1993 3747 ταῖς

338 3782 762 3859 ἆρῥητουργίαις
810 3782 835 3817 ⁸
881 3779 1257 3859 χρησάμενος,
1296 3778 1372 3833 ὧν
1415 3776 1689 3855 ὒφηγηταὶ
1740 3771 1992 3847 δαίμονες

337 3878 426 3933 καὶ
463 3876 583 3931 ὅσοι
630 3875 698 3930 τὰ
754 3874 965 3929 τούτων
1035 3874 1056 3909 ⁸
1110 3865 1498 3946 πρεσϐεύουσιν
1527 3863 1706 3943 ὄργια,
1738 3866 1826 3921 ἐπὶ
1859 3867 1993 3937 στή-

338 3965 443 4039 λης
474 3966 754 4035 ἀνίστησιν
808 3963 961 4019 ἆετὸν
1028 3967 1094 4032 ιο,
1153 3960 1358 4032 ήδονήν
1412 3958 1660 4029 ἐνστάζον
1708 3960 1751 3995 ¹¹
1784 3959 1991 4035 ψυχαῖς

338 4056 519 4132 ὅραμα
600 4054 694 4110 καὶ
771 4059 959 4119 πεῖθον
1018 4046 1397 4132 χρονοτριϐεῖν
1454 4048 1582 4110 τοὺς
1641 4051 1787 4123 [τῆς]
1828 4047 1992 4103 αύτοῦ

336 4147 457 4211 θέας
514 4149 993 4222 κατατρυφῶντας,
1054 4144 1128 4204 ὡς
1189 4140 1316 4204 τοὺς
1372 4141 1672 4215 ὑπέχοντας
1729 4138 1896 4208 ἆκόήν
1926 4137 1995 4193 τὰ

334 4241 443 4291 τῶν
476 4236 748 4307 Σειρήνων
796 4228 1202 4305 δυσπαρόδευτα
1252 4227 1649 4304 μελῳδήματα.
1693 4229 1914 4302 Διήρκει
1945 4229 1991 4264 ¹²

343 4324 438 4395 μὶν
484 4322 589 4399 γὰρ
647 4322 722 4383 ὡς
776 4321 853 4382 εἱς
910 4326 1109 4389 πτῆσιν
1160 4320 1255 4381 τὰς
1306 4316 1594 4393 πτέρυγας·
1638 4313 1761 4393 ὄφις
1792 4313 1849 4371 δὲ
1875 4319 1995 4381 τοῖς

337 4411 495 4467 ποσὶν
555 4410 908 4485 ὑποκείμενος
972 4409 1063 4464 καὶ
1122 4405 1498 4484 λορδούμενος
1554 4406 1601 4445 ¹³
1657 4405 1733 4461 εἷς
1792 4404 1991 4468 ὁλκοὺς

335 4500 589 4576 ἄπεῖργεν
645 4499 805 4555 αὐτὸν
860 4506 961 4570 τῆς
1028 4498 1324 4579 ἀναφορᾶς,
1384 4498 1474 4551 οἷα
1529 4500 1647 4559 τοῖς
1677 4494 1866 4571 ἄκροις
1892 4497 1991 4551 τοῦ

335 4591 592 4665 σώματος
640 4590 716 4654 ὡς
775 4590 912 4664 πρὸς
969 4586 1153 4664 δῆγμα
1206 4585 1515 4667 ἐγχρίπτων
1550 4589 1597 4626 ¹⁴
1634 4591 1755 4650 ταῖς
1783 4588 1991 4661 πτερυ-

2098 648 2319 702 tantem
2351 648 2407 703 et
2435 661 2570 701 cum
2628 643 2830 700 ruditu
2886 641 3255 698 incedentem
3314 651 3542 693 necnon
3599 636 3751 694 inse-

2099 739 2369 805 quentem
2397 734 2743 804 asinarium,
2775 747 2920 803 quos
2950 729 3117 800 Aetii,
3151 727 3306 801 quod
3354 726 3537 784 Graeci
3568 726 3746 783 Nico-

2099 824 2258 896 polin
2300 828 2527 893 vocant,
2580 826 2879 896 Augustus
2929 821 3118 877 Caesar
3174 821 3455 887 erexerat,
3513 818 3748 889 quando

2101 918 2275 970 noctu
2337 930 2611 986 egressus
2679 910 3046 984 speculatum
3105 907 3345 964 Antonii
3402 906 3747 974 exercitum,

2098 1002 2395 1061 hominem
2462 1002 2703 1059 offendit
2758 999 2993 1057 asinum
3058 998 3389 1066 ducentem,
3442 995 3753 1053 sciscitan-

2100 1094 2256 1165 tique
2281 1093 2412 1164 quis
2441 1096 2612 1161 esset,
2655 1098 2707 1148 et
2746 1105 2861 1161 quo
2918 1089 3199 1160 pergeret,
3258 1085 3561 1157 respondit
3595 1083 3743 1144 ille:

2095 1182 2277 1239 Nicon
2308 1198 2497 1248 vocor,
2529 1186 2587 1239 et
2611 1180 2811 1237 asinus
2838 1194 3004 1234 mens
3032 1176 3360 1244 Nicander;
3392 1178 3450 1231 et
3476 1173 3552 1230 ad
3581 1189 3748 1231 exer-

2097 1272 2280 1329 citum
2313 1272 2553 1329 Cesaris
2584 1269 2693 1343 (10)
2726 1266 3036 1326 contendo.

2167 1363 2223 1420 7.
2256 1364 2454 1433 Neque
2482 1361 2623 1417 item
2674 1358 3090 1415 abstinuerunt
3136 1371 3169 1411 a
3198 1354 3391 1413 scrofa
3435 1356 3493 1411 et
3524 1371 3558 1410 a
3582 1351 3748 1426 lupa,

2096 1468 2224 1524 quas
2248 1455 2493 1507 Remum
2521 1454 2578 1506 et
2601 1447 2914 1506 Romulum
2937 1445 3300 1502 iactaverunt
3327 1444 3441 1515 (11)
3468 1462 3482 1513 ;
3514 1442 3615 1501 sed
3635 1443 3749 1499 mi-

2096 1541 2422 1597 nutissimas
2456 1543 2706 1596 monetae
2728 1553 2885 1594 areas
2916 1553 3115 1605 causa,
3148 1535 3297 1591 801
3361 1533 3603 1605 antiqua
3647 1532 3750 1589 illa

2094 1630 2326 1703 generis
2358 1628 2449 1685 sui
2469 1625 2978 1686 venerabilissima
3033 1626 3416 1682 monumenta
3469 1623 3531 1679 in
3562 1621 3749 1680 ofﬁci-

2094 1735 2228 1776 nam
2256 1718 2525 1775 aerariam
2585 1715 2942 1774 detulerunt.
3000 1719 3355 1787 lnsuperque
3390 1713 3583 1770 virum
3613 1727 3747 1770 cum

2090 1809 2258 1867 leone
2288 1816 2654 1881 pugnantem,
2687 1811 2745 1864 et
2796 1805 3084 1862 Niliacum
3139 1821 3380 1877 equum,
3412 1803 3514 1876 qui
3570 1820 3605 1859 a
3644 1819 3750 1876 po-

2015 1934 2062 2000 B
2093 1899 2433 2000 sterioribus
2465 1897 2728 2000 partibus
2782 1897 2843 1952 in
2898 1897 3143 2000 caudam
3180 1893 3445 2000 squamis
3484 1896 3749 2000 opertam
3822 1914 3827 1917 ‘

2096 1986 2417 2058 desinebat,
2446 1986 2840 2059 elephantem,
2875 1984 2976 2057 qui
3006 1984 3410 2056 proboscidem
3459 1981 3748 2049 vibrabat,

2095 2076 2513 2149 sphingesque,
2548 2092 2677 2147 quae
2709 2075 2781 2131 ab
2838 2072 3112 2131 anteriori
3159 2076 3321 2146 parte
3376 2071 3650 2145 speciosa
3682 2072 3751 2127 ut

2095 2166 2367 2222 mulieres
2395 2172 2580 2236 erant,
2611 2182 2646 2221 a
2663 2165 2984 2237 posteriore
3007 2163 3176 2236 quasi
3233 2163 3366 2219 fere
3396 2159 3707 2220 horribiles
3731 2175 3751 2232 ;

2096 2254 2413 2328 singularis
2436 2271 2570 2312 vero
2629 2255 2828 2310 formas
2883 2261 3063 2322 erant,
3096 2253 3232 2325 quia
3287 2251 3455 2325 quasi
3503 2249 3750 2325 pedibus

2095 2344 2432 2401 incedentes
2463 2343 2572 2401 levi
2620 2343 2846 2400 alarum
2890 2347 3053 2400 motu
3105 2342 3462 2412 ferebantur,
3520 2344 3577 2398 et
3612 2355 3749 2397 cum

2096 2432 2291 2489 avium
2320 2433 2593 2490 maximis
2626 2433 3056 2490 concertabant.
3088 2432 3353 2503 Itemque
3386 2430 3747 2486 infrenatum

2095 2540 2308 2597 equum
2338 2541 2510 2582 aures
2540 2522 2891 2596 arrigentem
2925 2539 2991 2579 ac
3020 2524 3389 2590 frementem,
3420 2520 3747 2593 lascivaque

2096 2620 2271 2687 atque
2302 2613 2568 2671 hilariter
2607 2611 3061 2670 subsultantem.
3121 2612 3210 2667 Ad
3267 2610 3385 2667 haec
3440 2610 3743 2682 antiquum

2094 2703 2239 2761 illud
2273 2704 2517 2773 malum,
2549 2702 2821 2776 Scyllam,
2881 2719 3004 2775 qua:
3058 2720 3091 2757 a
3121 2701 3328 2758 lumbis
3374 2701 3613 2774 quidem
3662 2700 3746 2757 fe-

2097 2795 2353 2851 mineam
2384 2794 2633 2851 formam
2670 2794 3027 2866 praeferebat,
3061 2791 3341 2863 illamque
3373 2808 3668 2864 procerem
3692 2794 3752 2848 et

2094 2888 2387 2957 vegetam,
2412 2885 2512 2941 sed
2542 2883 2772 2940 feritate
2806 2881 3038 2955 plenam
3073 2898 3088 2938 :
3133 2882 3343 2939 exinde
3388 2897 3523 2938 vero
3570 2881 3756 2938 divisa

2099 2973 2313 3031 eratin
2345 2973 2495 3030 feras
2523 2971 2583 3028 in
2616 2971 2841 3045 Ulyssis
2884 2988 3093 3029 navem
3152 2972 3481 3028 insilientes
3537 2978 3593 3028 et
3617 2970 3761 3027 ami-

2099 3080 2297 3123 corum
2332 3065 2459 3137 ejus
2490 3063 2707 3120 multos
2736 3064 3100 3121 devorantes.

2172 3247 2227 3304 8.
2263 3249 2396 3303 Erat
2454 3261 2625 3319 porro
2683 3245 2744 3301 in
2801 3244 3199 3317 Hippodromo
3248 3243 3447 3317 aquila
3484 3259 3645 3302 aenea
3668 3258 3761 3302 re-

2099 3337 2285 3409 posita
2368 3338 2486 3406 (12)
2566 3333 2838 3408 Apolloni
2891 3334 3103 3408 Tyanei
3156 3351 3369 3391 novum
3429 3334 3759 3404 inventum,

2100 3427 2347 3499 eiusque
2377 3425 2802 3497 praestigiarum
2833 3424 3028 3481 nobile
3085 3425 3562 3481 instrumentum.
3613 3424 3759 3480 Nam

2103 3532 2238 3573 cum
2269 3514 2588 3587 aliquando
2620 3514 2969 3586 Byzantium
3021 3514 3299 3580 venisset,
3358 3518 3595 3586 rogatus
3649 3517 3759 3582 est,

2100 3608 2165 3662 ut
2194 3605 2552 3677 serpentium
2578 3620 2806 3661 morsus
2865 3603 3106 3677 sopiret,
3138 3621 3173 3660 a
3227 3603 3444 3676 quibus
3497 3602 3760 3676 Byzantii

2097 3697 2483 3752 vexabantur.
2541 3694 2690 3749 Tum
2745 3692 2844 3749 ille
2900 3694 3139 3751 nefariis
3186 3710 3331 3750 usus
3389 3692 3757 3762 ministeriis,

2100 3799 2346 3857 quorum
2410 3783 2681 3855 magistri
2733 3783 3022 3840 daemones
3075 3787 3133 3840 et
3216 3787 3497 3855 quotquot
3551 3797 3756 3839 eorum

2098 3872 2260 3945 orgia
2292 3876 2603 3945 peragunt,
2636 3871 2790 3928 802
2814 3874 3087 3944 Aquilam
3146 3872 3430 3930 columna;
3482 3871 3754 3944 imponit,

2099 3961 2494 4035 spectaculum
2531 3961 2745 4018 animis
2772 3961 3077 4020 illecebras
3116 3963 3434 4031 instillans,
3467 3965 3753 4021 suadens-

2099 4069 2213 4126 que
2262 4056 2330 4108 ut
2395 4051 2616 4108 diutius
2675 4051 2777 4107 tali
2835 4060 3147 4125 conspectu
3206 4053 3488 4124 fruantur,
3547 4069 3757 4124 quem-

2100 4142 2419 4198 admodum
2452 4140 2514 4211 ii,
2549 4140 2647 4211 qui
2676 4141 2946 4197 Sirenum
2980 4145 3192 4199 cantus
3240 4143 3577 4209 audiebant,
3609 4142 3762 4198 difﬁ-

2101 4228 2210 4283 cile
2252 4228 2380 4285 loco
2440 4231 2843 4285 movebantur.
2894 4230 2962 4285 Et
3012 4229 3135 4286 alas
3185 4229 3419 4301 quidem
3476 4231 3651 4302 quasi
3680 4230 3754 4286 ad

2098 4317 2358 4373 volatum
2390 4318 2778 4389 explicuerat:
2808 4322 2870 4376 at
2889 4336 3125 4392 serpens
3161 4320 3408 4393 pedibus
3454 4321 3757 4392 subjectus

2100 4405 2479 4479 sinuosisque
2510 4408 2762 4465 ﬂexibus
2791 4408 3121 4479 obvolutus,
3155 4427 3189 4466 a
3214 4410 3408 4467 volatu
3456 4410 3755 4468 coercebat

2099 4498 2569 4573 illam,suprema
2599 4503 2860 4574 corporis
2882 4508 3047 4577 parte
3073 4504 3238 4577 quasi
3277 4505 3348 4562 ad
3401 4504 3754 4562 mordendas

2099 4588 2221 4648 alas
2283 4606 2346 4646 se
2376 4589 2627 4664 erigens.
2690 4593 2901 4649 Verum
2960 4592 3111 4650 nihil
3167 4593 3455 4651 efﬁciebat
3511 4608 3757 4651 venena-

329 4682 430 4753 ειν.
463 4682 631 4738 Ἥνυε
691 4676 749 4735 δὶ
806 4680 835 4734 ὁ
888 4673 1114 4741 ίοϐόλος
1174 4673 1349 4733 οὐδέν’
1409 4680 1530 4739 ταῖς
1584 4676 1687 4752 γὰρ
1727 4678 1838 4730 τῶν
1870 4674 1986 4729 ὀνύ-

2105 4686 2230 4736 tum
2260 4679 2500 4751 animal,
2561 4696 2698 4738 nam
2756 4682 3052 4753 unguibus
3103 4683 3479 4741 constrictum
3537 4682 3610 4740 ab
3632 4672 3757 4738 ’ἰω-

330 4789 450 4845 χων
506 4767 902 4845 ἐμπερονηθεὶς
964 4769 1206 4831 ἀκωκαῖς
1264 4762 1489 4822 ἔσϐεστο
1545 4767 1645 4836 τήν
1689 4766 1869 4840 ὁρμὴν
1900 4765 1986 4821 καῖ

2105 4772 2244 4842 petu
2276 4771 2671 4839 coercebatur,
2705 4787 2772 4829 ac
2811 4772 3128 4831 dormitare
3179 4773 3376 4845 potius
3426 4772 3755 4845 videbatur,

333 4859 626 4917 ὑπνώττειν
662 4857 878 4933 μᾶλλον
922 4854 1099 4915 ἐδόκει
1157 4856 1194 4928 ἢ
1254 4860 1385 4933 γοῦν
1429 4857 1568 4931 πρὸς
1596 4853 1986 4912 καταπάλαισιν

2102 4873 2279 4931 quam
2312 4875 2441 4918 cum
2497 4876 2601 4919 ave
2656 4878 2917 4935 pugnare
2970 4866 3029 4920 et
3082 4863 3155 4920 ad
3213 4863 3340 4921 alas
3366 4864 3495 4935 ejus
3534 4862 3756 4936 pertin-

1583 5027 1810 5095 Variaa
1840 5025 2165 5097 lectiones
2194 5034 2262 5098 et
2289 5039 2492 5100 notae.

401 5193 447 5231 "
477 5194 537 5253 F.
569 5191 914 5265 ἔφικνοῦμαι.
951 5264 959 5265 7
1027 5190 1083 5265 9⁵,
1105 5193 1169 5250 Β.
1204 5192 1324 5265 μὲν.
1420 5192 1497 5265 Δ1²ὀ
1532 5186 1675 5265 Οὖδέ
1706 5189 1814 5263 μὴν
1841 5194 1942 5265 τῆς
1974 5188 2159 5263 ὑαίνης
2209 5189 2359 5265 953E-

2472 5195 2516 5232 “
2547 5196 2610 5270 B2
2646 5196 2879 5270 Ῥῆμοςο

331 5265 479 5336 keri.
512 5268 573 5322 In
601 5261 662 5325 C.
692 5270 753 5322 Β.
786 5261 843 5322 et
870 5264 1044 5336 editis
1076 5261 1283 5336 legitur
1324 5281 1336 5317 ε
1369 5261 1458 5336 ΤςὶιΔ
1480 5261 2061 5336 παλαιάήσεμνώτατα.

2179 5201 2449 5299 apriles-JH
2472 5201 2516 5232 κ
2547 5201 2741 5299 ΒόΏἹξῒῆ
2754 5216 2908 5299 nec.”
2993 5201 3038 5236 ⁰⁷
3068 5201 3151 5291 Ex
3179 5203 3583 5299 emendatiotne
3613 5204 3757 5299 lack-

2256 5266 2324 5338 Β.
2355 5262 2475 5338 μέν.

2592 5267 2640 5344 ξ’
2756 5267 2857 5325 τὸν
2882 5267 3055 5328 ἵππον
3086 5274 3206 5344 τήν.
3337 5276 3357 5311 1
3394 5277 3449 5333 F.
3499 5277 3752 5332 ἂκανθω-

334 5335 538 5411 μένοις.
651 5340 672 5374 ³
706 5339 769 5395 F.
798 5334 996 5411 ταῦρύν
1020 5355 1108 5411 τε.
1135 5332 1156 5336 ⁷
1221 5337 1243 5372 ³
1273 5338 1329 5392 Β.
1356 5333 1695 5411 ’ὑπερμαζοψ
1774 5332 1835 5411 ί⁴

2104 5332 2479 5411 εμπαδῶντες.
2591 5341 2612 5377 ⁸
2652 5341 2713 5397 C.
2761 5344 2822 5401 Β.
2875 5349 2933 5401 et
2970 5332 3256 5404 editiones
3288 5345 3522 5411 χαλκός.
3633 5347 3657 5383 ⁶
3689 5349 3753 5406 F.

334 5364 538 5407 μενοις.
651 5364 672 5374 ·
706 5364 769 5395 r.
798 5364 996 5411 ταυρυν
1029 5364 1108 5393 τε.
1221 5364 1242 5372 ν
1273 5364 1329 5392 υ.
1368 5364 1695 5409 υπερμαψν.
1817 5364 1830 5370 ν
1874 5364 1935 5390 υ.

333 5410 693 5499 μαγγέὶγωμα.
858 5414 918 5499 Ε..
952 5406 1285 5499 δείγματαᾟ
1322 5408 1375 5499 n3
1500 5411 1570 5499 Β,
1591 5404 1986 5499 ἁρητουργία-ις

2104 5364 2479 5442 ζμπαυωντες.
2591 5364 2612 5377 ’
2652 5364 2713 5397 υ.
2761 5364 2822 5401 D.
2875 5364 2933 5401 Βῐο
2970 5364 3256 5404 θαιιιοηθε
3288 5364 3522 5423 χαλκος.
3633 5364 3657 5383 ⁰
3689 5364 3753 5406 1".

2167 5408 2230 5465 Ο.
2271 5406 2334 5468 Β.
2367 5412 2531 5499 e‘t_F;
2554 5411 2673 5499 ὅσοι
2724 5414 2968 5499 τούς-ων,
3001 5494 3030 5499 _
3068 5418 3117 5454 ί⁰
3144 5424 3217 5499 C;
3244 5421 3305 5499 Βἐ
3339 5420 3544 5499 εαυτόν.
3686 5426 3756 5499 ει

327 5478 387 5536 F.
421 5478 572 5535 ἆέτόν
599 5478 674 5538 ex
702 5478 1128 5539 emendatione.
1244 5480 1289 5515 “
1322 5480 1384 5536 Β.
1418 5478 1672 5535 ἐνπάτον
1711 5478 1986 5553 operarut

325 5546 691 5627 λοϐούμενος.
803 5554 848 5590 ¹⁴
873 5560 938 5611 Β.
970 5557 1029 5611 et
1057 5557 1121 5613 Β.
1156 5550 1534 5627 ἐγχρίμπτων.

2102 5495 2275 5541 rrore.
2397 5482 2444 5518 η
2491 5485 2554 5546 c.
2606 5484 2670 5543 Β.
2721 5491 2781 5545 et
2826 5489 2890 5546 F.
2940 5485 3150 5566 διῆρκι.
3185 5492 3244 5550 s.
3278 5488 3495 5569 διῇργε.
3609 5478 3749 5553 ur.

397 5668 668 5745 (10)_Yid.
692 5668 876 5743 Heyn.
906 5669 949 5727 l.
981 5686 1033 5728 c.
1066 5687 1122 5745 p.
1147 5671 1236 5728 37.
1269 5672 1351 5730 De
1370 5672 1568 5731 fabula
1595 5672 1715 5730 vid.
1741 5674 1980 5733 Sueten.

2163 5670 2278 5750 (ii)
2305 5670 2439 5732 Vid.
2475 5674 2656 5750 Heyn.
2689 5677 2727 5735 Ι.
2761 5694 2811 5737 c.

321 5743 475 5814 Aug.
507 5741 600 5801 96.

2162 5747 2274 5822 (12)
2303 5750 2438 5812 Vid.
2466 5747 2729 5825 Heinius
2755 5750 2799 5810 l.
2828 5764 2882 5812 c.
2912 5755 3088 5827 p.38.
