  <div class='ocr_page' id='page_1' title='image "/cluster/home/n/w/nwhite01/storage/ocr_20150623/139:no.1/coo.31924054870443/535.png"; bbox 0 0 4074 6396; ppageno 0'>
   <div class='ocr_carea' id='block_1_1' title="bbox 347 370 502 437">
    <p class='ocr_par' dir='ltr' id='par_1_1' title="bbox 347 370 502 437">
     <span class='ocr_line' id='line_1_1' title="bbox 347 370 502 437; baseline 0 0"><span class='ocrx_word' id='word_1_1' title='bbox 347 370 502 437; x_wconf 61' lang='lat' dir='ltr'><strong>Mt</strong></span> 
     </span>
    </p>
   </div>
   <div class='ocr_carea' id='block_1_2' title="bbox 1651 372 2426 439">
    <p class='ocr_par' dir='ltr' id='par_1_2' title="bbox 1651 372 2426 439">
     <span class='ocr_line' id='line_1_2' title="bbox 1651 372 2426 439; baseline -0.006 0"><span class='ocrx_word' id='word_1_2' title='bbox 1651 376 1957 439; x_wconf 72' lang='lat' dir='ltr'><strong>NICETIE</strong></span> <span class='ocrx_word' id='word_1_3' title='bbox 1998 372 2426 436; x_wconf 64' lang='lat' dir='ltr'><strong>CHONIATJE</strong></span> 
     </span>
    </p>
   </div>
   <div class='ocr_carea' id='block_1_3' title="bbox 3607 373 3791 439">
    <p class='ocr_par' dir='ltr' id='par_1_3' title="bbox 3607 373 3791 439">
     <span class='ocr_line' id='line_1_3' title="bbox 3607 373 3791 439; baseline -0.011 0"><span class='ocrx_word' id='word_1_4' title='bbox 3607 373 3791 439; x_wconf 76' lang='grc'><strong>1052</strong></span> 
     </span>
    </p>
   </div>
   <div class='ocr_carea' id='block_1_4' title="bbox 346 498 1985 583">
    <p class='ocr_par' dir='ltr' id='par_1_4' title="bbox 346 508 1985 583">
     <span class='ocr_line' id='line_1_4' title="bbox 346 508 1985 583; baseline -0.002 -17"><span class='ocrx_word' id='word_1_5' title='bbox 346 524 501 583; x_wconf 82' lang='lat' dir='ltr'><strong>gere,</strong></span> <span class='ocrx_word' id='word_1_6' title='bbox 560 513 747 582; x_wconf 47' lang='lat' dir='ltr'><strong>atque:</strong></span> <span class='ocrx_word' id='word_1_7' title='bbox 791 508 876 567; x_wconf 81' lang='lat' dir='ltr'><strong>ita</strong></span> <span class='ocrx_word' id='word_1_8' title='bbox 936 525 1179 583; x_wconf 90' lang='lat' dir='ltr'><strong>serpens</strong></span> <span class='ocrx_word' id='word_1_9' title='bbox 1237 513 1451 568; x_wconf 88' lang='lat' dir='ltr'><strong>tetrum</strong></span> <span class='ocrx_word' id='word_1_10' title='bbox 1509 509 1761 582; x_wconf 81' lang='lat' dir='ltr'><strong>spirans,</strong></span> <span class='ocrx_word' id='word_1_11' title='bbox 1815 525 1985 565; x_wconf 90' lang='lat' dir='ltr'><strong>suum</strong></span> 
     </span>
    </p>
   </div>
   <div class='ocr_carea' id='block_1_5' title="bbox 2098 498 3773 583">
    <p class='ocr_par' dir='ltr' id='par_1_5' title="bbox 2103 498 3773 581">
     <span class='ocr_line' id='line_1_5' title="bbox 2103 498 3773 581; baseline -0.004 -20"><span class='ocrx_word' id='word_1_12' title='bbox 2103 506 2200 561; x_wconf 86' lang='grc' dir='ltr'><strong>τοῦ</strong></span> <span class='ocrx_word' id='word_1_13' title='bbox 2268 498 2486 579; x_wconf 74' lang='grc' dir='ltr'>ὄρνιθος</span> <span class='ocrx_word' id='word_1_14' title='bbox 2549 506 2669 566; x_wconf 84' lang='grc' dir='ltr'>ταῖς</span> <span class='ocrx_word' id='word_1_15' title='bbox 2726 501 2935 560; x_wconf 80' lang='grc' dir='ltr'>ἐκείνου</span> <span class='ocrx_word' id='word_1_16' title='bbox 2990 503 3361 581; x_wconf 79' lang='grc' dir='ltr'><strong>προσφύεσθαι</strong></span> <span class='ocrx_word' id='word_1_17' title='bbox 3423 506 3651 581; x_wconf 72' lang='grc' dir='ltr'>πτέρυξι</span> <span class='ocrx_word' id='word_1_18' title='bbox 3694 509 3773 565; x_wconf 71' lang='grc'><strong>1⁸,</strong></span> 
     </span>
    </p>
   </div>
   <div class='ocr_carea' id='block_1_6' title="bbox 347 597 1995 657">
    <p class='ocr_par' dir='ltr' id='par_1_6' title="bbox 347 597 1995 657">
     <span class='ocr_line' id='line_1_6' title="bbox 347 597 1995 657; baseline -0.001 -3"><span class='ocrx_word' id='word_1_19' title='bbox 347 614 465 654; x_wconf 82' lang='lat' dir='ltr'><strong>una</strong></span> <span class='ocrx_word' id='word_1_20' title='bbox 493 615 695 655; x_wconf 87' lang='lat' dir='ltr'><strong>secum</strong></span> <span class='ocrx_word' id='word_1_21' title='bbox 727 598 1083 657; x_wconf 85' lang='lat' dir='ltr'><strong>exstinctum</strong></span> <span class='ocrx_word' id='word_1_22' title='bbox 1110 616 1399 656; x_wconf 89' lang='lat' dir='ltr'><strong>venenum</strong></span> <span class='ocrx_word' id='word_1_23' title='bbox 1424 599 1762 656; x_wconf 89' lang='lat' dir='ltr'><strong>continebat</strong></span> <span class='ocrx_word' id='word_1_24' title='bbox 1795 614 1808 654; x_wconf 89' lang='lat'><strong>:</strong></span> <span class='ocrx_word' id='word_1_25' title='bbox 1853 597 1995 653; x_wconf 91' lang='lat' dir='ltr'><strong>dum</strong></span> 
     </span>
    </p>
   </div>
   <div class='ocr_carea' id='block_1_7' title="bbox 326 686 1998 761">
    <p class='ocr_par' dir='ltr' id='par_1_7' title="bbox 326 686 1998 761">
     <span class='ocr_line' id='line_1_7' title="bbox 326 686 1998 761; baseline -0.001 -19"><span class='ocrx_word' id='word_1_26' title='bbox 326 686 585 743; x_wconf 84' lang='lat' dir='ltr'><strong>interim</strong></span> <span class='ocrx_word' id='word_1_27' title='bbox 615 688 813 760; x_wconf 80' lang='lat' dir='ltr'><strong>aquila</strong></span> <span class='ocrx_word' id='word_1_28' title='bbox 845 690 972 745; x_wconf 67' lang='lat' dir='ltr'><strong>laeto</strong></span> <span class='ocrx_word' id='word_1_29' title='bbox 1001 694 1264 761; x_wconf 87' lang='lat' dir='ltr'><strong>aspectu,</strong></span> <span class='ocrx_word' id='word_1_30' title='bbox 1297 694 1524 745; x_wconf 89' lang='lat' dir='ltr'><strong>tantum</strong></span> <span class='ocrx_word' id='word_1_31' title='bbox 1571 705 1689 744; x_wconf 91' lang='lat' dir='ltr'><strong>non</strong></span> <span class='ocrx_word' id='word_1_32' title='bbox 1720 687 1998 759; x_wconf 80' lang='lat' dir='ltr'><strong>clangens</strong></span> 
     </span>
    </p>
   </div>
   <div class='ocr_carea' id='block_1_8' title="bbox 345 777 1997 850">
    <p class='ocr_par' dir='ltr' id='par_1_8' title="bbox 345 777 1997 850">
     <span class='ocr_line' id='line_1_8' title="bbox 345 777 1997 850; baseline 0 -19"><span class='ocrx_word' id='word_1_33' title='bbox 345 792 451 848; x_wconf 88' lang='lat' dir='ltr'><strong>pro</strong></span> <span class='ocrx_word' id='word_1_34' title='bbox 481 777 745 846; x_wconf 86' lang='lat' dir='ltr'><strong>victoria,</strong></span> <span class='ocrx_word' id='word_1_35' title='bbox 805 778 976 850; x_wconf 87' lang='lat' dir='ltr'><strong>quasi</strong></span> <span class='ocrx_word' id='word_1_36' title='bbox 1019 777 1251 834; x_wconf 87' lang='lat' dir='ltr'><strong>avolare</strong></span> <span class='ocrx_word' id='word_1_37' title='bbox 1312 783 1371 835; x_wconf 91' lang='lat' dir='ltr'><strong>et</strong></span> <span class='ocrx_word' id='word_1_38' title='bbox 1422 781 1750 849; x_wconf 80' lang='lat' dir='ltr'><strong>serpentem</strong></span> <span class='ocrx_word' id='word_1_39' title='bbox 1796 791 1997 832; x_wconf 87' lang='lat' dir='ltr'><strong>secum</strong></span> 
     </span>
    </p>
   </div>
   <div class='ocr_carea' id='block_1_9' title="bbox 345 866 1998 940">
    <p class='ocr_par' dir='ltr' id='par_1_9' title="bbox 345 866 1998 940">
     <span class='ocr_line' id='line_1_9' title="bbox 345 866 1998 940; baseline -0.001 -17"><span class='ocrx_word' id='word_1_40' title='bbox 345 868 573 923; x_wconf 83' lang='lat' dir='ltr'><strong>auferre</strong></span> <span class='ocrx_word' id='word_1_41' title='bbox 601 867 868 923; x_wconf 66' lang='lat' dir='ltr'><strong>cantabat</strong></span> <span class='ocrx_word' id='word_1_42' title='bbox 898 883 910 922; x_wconf 90' lang='lat'><strong>:</strong></span> <span class='ocrx_word' id='word_1_43' title='bbox 937 868 1089 939; x_wconf 88' lang='lat' dir='ltr'><strong>quod</strong></span> <span class='ocrx_word' id='word_1_44' title='bbox 1148 884 1219 923; x_wconf 82' lang='lat' dir='ltr'><strong>ex</strong></span> <span class='ocrx_word' id='word_1_45' title='bbox 1273 872 1545 940; x_wconf 87' lang='lat' dir='ltr'><strong>aspectus</strong></span> <span class='ocrx_word' id='word_1_46' title='bbox 1610 866 1903 923; x_wconf 82' lang='lat' dir='ltr'><strong>hilaritate</strong></span> <span class='ocrx_word' id='word_1_47' title='bbox 1931 882 1998 922; x_wconf 89' lang='lat' dir='ltr'><strong>ac</strong></span> 
     </span>
    </p>
   </div>
   <div class='ocr_carea' id='block_1_10' title="bbox 345 956 1995 1028">
    <p class='ocr_par' dir='ltr' id='par_1_10' title="bbox 345 956 1995 1028">
     <span class='ocr_line' id='line_1_10' title="bbox 345 956 1995 1028; baseline 0 -16"><span class='ocrx_word' id='word_1_48' title='bbox 345 957 643 1028; x_wconf 85' lang='lat' dir='ltr'><strong>serpentis</strong></span> <span class='ocrx_word' id='word_1_49' title='bbox 669 972 809 1013; x_wconf 90' lang='lat' dir='ltr'><strong>nece</strong></span> <span class='ocrx_word' id='word_1_50' title='bbox 868 958 1317 1027; x_wconf 81' lang='lat' dir='ltr'><strong>conjectandum</strong></span> <span class='ocrx_word' id='word_1_51' title='bbox 1375 957 1764 1028; x_wconf 82' lang='lat' dir='ltr'><strong>relinquebat.</strong></span> <span class='ocrx_word' id='word_1_52' title='bbox 1814 956 1995 1020; x_wconf 88' lang='lat' dir='ltr'><strong>Quem</strong></span> 
     </span>
    </p>
   </div>
   <div class='ocr_carea' id='block_1_11' title="bbox 343 1046 1996 1118">
    <p class='ocr_par' dir='ltr' id='par_1_11' title="bbox 343 1046 1996 1118">
     <span class='ocr_line' id='line_1_11' title="bbox 343 1046 1996 1118; baseline -0.001 -16"><span class='ocrx_word' id='word_1_53' title='bbox 343 1049 673 1118; x_wconf 80' lang='lat' dir='ltr'><strong>serpentem</strong></span> <span class='ocrx_word' id='word_1_54' title='bbox 698 1046 800 1117; x_wconf 86' lang='lat' dir='ltr'><strong>qui</strong></span> <span class='ocrx_word' id='word_1_55' title='bbox 828 1047 1098 1115; x_wconf 84' lang='lat' dir='ltr'><strong>vidisset,</strong></span> <span class='ocrx_word' id='word_1_56' title='bbox 1132 1046 1379 1103; x_wconf 77' lang='lat' dir='ltr'><strong>dixisset</strong></span> <span class='ocrx_word' id='word_1_57' title='bbox 1443 1064 1600 1113; x_wconf 86' lang='lat' dir='ltr'><strong>sane,</strong></span> <span class='ocrx_word' id='word_1_58' title='bbox 1633 1046 1799 1103; x_wconf 89' lang='lat' dir='ltr'><strong>illum</strong></span> <span class='ocrx_word' id='word_1_59' title='bbox 1859 1062 1996 1102; x_wconf 89' lang='lat' dir='ltr'><strong>con-</strong></span> 
     </span>
    </p>
   </div>
   <div class='ocr_carea' id='block_1_12' title="bbox 342 1133 1995 1206">
    <p class='ocr_par' dir='ltr' id='par_1_12' title="bbox 342 1133 1995 1206">
     <span class='ocr_line' id='line_1_12' title="bbox 342 1133 1995 1206; baseline -0.001 -14"><span class='ocrx_word' id='word_1_60' title='bbox 342 1133 709 1192; x_wconf 71' lang='lat' dir='ltr'><strong>voluticnum</strong></span> <span class='ocrx_word' id='word_1_61' title='bbox 770 1152 837 1192; x_wconf 88' lang='lat' dir='ltr'><strong>ac</strong></span> <span class='ocrx_word' id='word_1_62' title='bbox 892 1135 1257 1193; x_wconf 87' lang='lat' dir='ltr'><strong>lctiferorum</strong></span> <span class='ocrx_word' id='word_1_63' title='bbox 1336 1152 1646 1194; x_wconf 87' lang='lat' dir='ltr'><strong>morsuum</strong></span> <span class='ocrx_word' id='word_1_64' title='bbox 1721 1135 1995 1206; x_wconf 89' lang='lat' dir='ltr'><strong>oblitum,</strong></span> 
     </span>
    </p>
   </div>
   <div class='ocr_carea' id='block_1_13' title="bbox 341 1223 1996 1299">
    <p class='ocr_par' dir='ltr' id='par_1_13' title="bbox 341 1223 1996 1299">
     <span class='ocr_line' id='line_1_13' title="bbox 341 1223 1996 1299; baseline -0.001 -18"><span class='ocrx_word' id='word_1_65' title='bbox 341 1223 599 1297; x_wconf 88' lang='lat' dir='ltr'><strong>reliquos</strong></span> <span class='ocrx_word' id='word_1_66' title='bbox 629 1231 930 1297; x_wconf 83' lang='lat' dir='ltr'><strong>serpentes</strong></span> <span class='ocrx_word' id='word_1_67' title='bbox 961 1225 1313 1298; x_wconf 81' lang='lat' dir='ltr'><strong>Byzantinos</strong></span> <span class='ocrx_word' id='word_1_68' title='bbox 1345 1227 1611 1299; x_wconf 83' lang='lat' dir='ltr'><strong>exemplo</strong></span> <span class='ocrx_word' id='word_1_69' title='bbox 1642 1242 1749 1284; x_wconf 92' lang='lat' dir='ltr'><strong>suo</strong></span> <span class='ocrx_word' id='word_1_70' title='bbox 1767 1225 1996 1281; x_wconf 80' lang='lat' dir='ltr'><strong>abster-</strong></span> 
     </span>
    </p>
   </div>
   <div class='ocr_carea' id='block_1_14' title="bbox 339 1316 1996 1383">
    <p class='ocr_par' dir='ltr' id='par_1_14' title="bbox 339 1316 1996 1383">
     <span class='ocr_line' id='line_1_14' title="bbox 339 1316 1996 1383; baseline -0.001 -12"><span class='ocrx_word' id='word_1_71' title='bbox 339 1329 495 1383; x_wconf 78' lang='lat' dir='ltr'><strong>rere,-</strong></span> <span class='ocrx_word' id='word_1_72' title='bbox 517 1331 584 1370; x_wconf 84' lang='lat' dir='ltr'><strong>ac</strong></span> <span class='ocrx_word' id='word_1_73' title='bbox 620 1330 859 1371; x_wconf 84' lang='lat' dir='ltr'><strong>monere</strong></span> <span class='ocrx_word' id='word_1_74' title='bbox 916 1323 978 1371; x_wconf 87' lang='lat' dir='ltr'><strong>ut</strong></span> <span class='ocrx_word' id='word_1_75' title='bbox 1037 1320 1391 1374; x_wconf 78' lang='lat' dir='ltr'><strong>conarentur</strong></span> <span class='ocrx_word' id='word_1_76' title='bbox 1448 1333 1579 1374; x_wconf 86' lang='lat' dir='ltr'><strong>sese</strong></span> <span class='ocrx_word' id='word_1_77' title='bbox 1631 1316 1693 1373; x_wconf 93' lang='lat' dir='ltr'><strong>in</strong></span> <span class='ocrx_word' id='word_1_78' title='bbox 1751 1316 1996 1371; x_wconf 86' lang='lat' dir='ltr'><strong>ﬁssurae</strong></span> 
     </span>
    </p>
   </div>
   <div class='ocr_carea' id='block_1_15' title="bbox 338 1405 1992 1480">
    <p class='ocr_par' dir='ltr' id='par_1_15' title="bbox 338 1405 1992 1480">
     <span class='ocr_line' id='line_1_15' title="bbox 338 1405 1992 1480; baseline 0.002 -19"><span class='ocrx_word' id='word_1_79' title='bbox 338 1405 725 1464; x_wconf 72' lang='lat' dir='ltr'><strong>abdere.Non</strong></span> <span class='ocrx_word' id='word_1_80' title='bbox 756 1406 949 1464; x_wconf 66' lang='lat' dir='ltr'><strong>solum</strong></span> <span class='ocrx_word' id='word_1_81' title='bbox 1008 1412 1206 1464; x_wconf 86' lang='lat' dir='ltr'><strong>autem</strong></span> <span class='ocrx_word' id='word_1_82' title='bbox 1264 1410 1337 1465; x_wconf 88' lang='lat' dir='ltr'><strong>ab</strong></span> <span class='ocrx_word' id='word_1_83' title='bbox 1396 1424 1484 1474; x_wconf 87' lang='lat' dir='ltr'><strong>ea,</strong></span> <span class='ocrx_word' id='word_1_84' title='bbox 1542 1425 1675 1480; x_wconf 63' lang='lat' dir='ltr'><strong>quis</strong></span> <span class='ocrx_word' id='word_1_85' title='bbox 1714 1408 1992 1475; x_wconf 80' lang='lat' dir='ltr'><strong>diximus,</strong></span> 
     </span>
    </p>
   </div>
   <div class='ocr_carea' id='block_1_16' title="bbox 337 1495 1996 1572">
    <p class='ocr_par' dir='ltr' id='par_1_16' title="bbox 337 1495 1996 1572">
     <span class='ocr_line' id='line_1_16' title="bbox 337 1495 1996 1572; baseline 0.001 -21"><span class='ocrx_word' id='word_1_86' title='bbox 337 1495 729 1553; x_wconf 66' lang='lat' dir='ltr'><strong>admiratione</strong></span> <span class='ocrx_word' id='word_1_87' title='bbox 789 1498 967 1570; x_wconf 65' lang='lat' dir='ltr'><strong>digna</strong></span> <span class='ocrx_word' id='word_1_88' title='bbox 1022 1503 1147 1554; x_wconf 89' lang='lat' dir='ltr'><strong>erat</strong></span> <span class='ocrx_word' id='word_1_89' title='bbox 1205 1498 1305 1554; x_wconf 88' lang='lat' dir='ltr'><strong>illa</strong></span> <span class='ocrx_word' id='word_1_90' title='bbox 1361 1498 1570 1572; x_wconf 66' lang='lat' dir='ltr'><strong>aquilae</strong></span> <span class='ocrx_word' id='word_1_91' title='bbox 1626 1500 1840 1572; x_wconf 81' lang='lat' dir='ltr'><strong>ﬁgura,</strong></span> <span class='ocrx_word' id='word_1_92' title='bbox 1891 1497 1996 1553; x_wconf 88' lang='lat' dir='ltr'><strong>sed</strong></span> 
     </span>
    </p>
   </div>
   <div class='ocr_carea' id='block_1_17' title="bbox 336 1585 1992 1657">
    <p class='ocr_par' dir='ltr' id='par_1_17' title="bbox 336 1585 1992 1657">
     <span class='ocr_line' id='line_1_17' title="bbox 336 1585 1992 1657; baseline 0.001 -16"><span class='ocrx_word' id='word_1_93' title='bbox 336 1585 517 1641; x_wconf 69' lang='lat' dir='ltr'><strong>etiam</strong></span> <span class='ocrx_word' id='word_1_94' title='bbox 544 1586 687 1657; x_wconf 83' lang='lat' dir='ltr'><strong>quia</strong></span> <span class='ocrx_word' id='word_1_95' title='bbox 715 1586 961 1643; x_wconf 76' lang='lat' dir='ltr'><strong>dim-nas</strong></span> <span class='ocrx_word' id='word_1_96' title='bbox 991 1587 1167 1644; x_wconf 88' lang='lat' dir='ltr'><strong>horas</strong></span> <span class='ocrx_word' id='word_1_97' title='bbox 1198 1604 1268 1644; x_wconf 79' lang='lat' dir='ltr'><strong>ex</strong></span> <span class='ocrx_word' id='word_1_98' title='bbox 1318 1587 1491 1644; x_wconf 85' lang='lat' dir='ltr'><strong>lineis</strong></span> <span class='ocrx_word' id='word_1_99' title='bbox 1539 1587 1850 1644; x_wconf 89' lang='lat' dir='ltr'><strong>duodecim</strong></span> <span class='ocrx_word' id='word_1_100' title='bbox 1883 1604 1992 1642; x_wconf 89' lang='lat' dir='ltr'><strong>nu-</strong></span> 
     </span>
    </p>
   </div>
   <div class='ocr_carea' id='block_1_18' title="bbox 335 1675 1990 1747">
    <p class='ocr_par' dir='ltr' id='par_1_18' title="bbox 335 1675 1990 1747">
     <span class='ocr_line' id='line_1_18' title="bbox 335 1675 1990 1747; baseline 0.001 -15"><span class='ocrx_word' id='word_1_101' title='bbox 335 1688 496 1732; x_wconf 82' lang='lat' dir='ltr'><strong>mero</strong></span> <span class='ocrx_word' id='word_1_102' title='bbox 525 1675 587 1731; x_wconf 87' lang='lat' dir='ltr'><strong>in</strong></span> <span class='ocrx_word' id='word_1_103' title='bbox 619 1675 730 1731; x_wconf 75' lang='lat' dir='ltr'><strong>alis</strong></span> <span class='ocrx_word' id='word_1_104' title='bbox 754 1676 884 1747; x_wconf 85' lang='lat' dir='ltr'><strong>ejus</strong></span> <span class='ocrx_word' id='word_1_105' title='bbox 915 1676 1117 1733; x_wconf 87' lang='lat' dir='ltr'><strong>incisis</strong></span> <span class='ocrx_word' id='word_1_106' title='bbox 1146 1677 1498 1733; x_wconf 89' lang='lat' dir='ltr'><strong>.clarissime</strong></span> <span class='ocrx_word' id='word_1_107' title='bbox 1547 1676 1848 1733; x_wconf 90' lang='lat' dir='ltr'><strong>indicabat</strong></span> <span class='ocrx_word' id='word_1_108' title='bbox 1896 1676 1990 1744; x_wconf 87' lang='lat' dir='ltr'><strong>iis,</strong></span> 
     </span>
    </p>
   </div>
   <div class='ocr_carea' id='block_1_19' title="bbox 334 1762 1991 1837">
    <p class='ocr_par' dir='ltr' id='par_1_19' title="bbox 334 1762 1991 1837">
     <span class='ocr_line' id='line_1_19' title="bbox 334 1762 1991 1837; baseline 0.001 -19"><span class='ocrx_word' id='word_1_109' title='bbox 334 1762 493 1820; x_wconf 67' lang='lat'><strong>808</strong></span> <span class='ocrx_word' id='word_1_110' title='bbox 523 1763 624 1836; x_wconf 81' lang='lat' dir='ltr'><strong>qui</strong></span> <span class='ocrx_word' id='word_1_111' title='bbox 655 1765 783 1834; x_wconf 67' lang='lat' dir='ltr'><strong>eius</strong></span> <span class='ocrx_word' id='word_1_112' title='bbox 804 1765 887 1821; x_wconf 88' lang='lat' dir='ltr'><strong>rei</strong></span> <span class='ocrx_word' id='word_1_113' title='bbox 944 1764 1115 1837; x_wconf 87' lang='lat' dir='ltr'><strong>periti</strong></span> <span class='ocrx_word' id='word_1_114' title='bbox 1168 1766 1528 1836; x_wconf 77' lang='lat' dir='ltr'><strong>accederent,</strong></span> <span class='ocrx_word' id='word_1_115' title='bbox 1562 1766 1800 1837; x_wconf 82' lang='lat' dir='ltr'><strong>quando</strong></span> <span class='ocrx_word' id='word_1_116' title='bbox 1847 1765 1991 1823; x_wconf 86' lang='lat' dir='ltr'><strong>solis</strong></span> 
     </span>
    </p>
   </div>
   <div class='ocr_carea' id='block_1_20' title="bbox 332 1851 1448 1913">
    <p class='ocr_par' dir='ltr' id='par_1_20' title="bbox 332 1851 1448 1913">
     <span class='ocr_line' id='line_1_20' title="bbox 332 1851 1448 1913; baseline 0.004 -6"><span class='ocrx_word' id='word_1_117' title='bbox 332 1851 484 1908; x_wconf 80' lang='lat' dir='ltr'><strong>radii</strong></span> <span class='ocrx_word' id='word_1_118' title='bbox 513 1851 773 1910; x_wconf 76' lang='lat' dir='ltr'><strong>nubibus</strong></span> <span class='ocrx_word' id='word_1_119' title='bbox 803 1869 922 1909; x_wconf 89' lang='lat' dir='ltr'><strong>non</strong></span> <span class='ocrx_word' id='word_1_120' title='bbox 953 1853 1448 1913; x_wconf 73' lang='lat' dir='ltr'><strong>obscurabuntur.</strong></span> 
     </span>
    </p>
   </div>
   <div class='ocr_carea' id='block_1_21' title="bbox 398 2031 1986 2106">
    <p class='ocr_par' dir='ltr' id='par_1_21' title="bbox 398 2031 1986 2106">
     <span class='ocr_line' id='line_1_21' title="bbox 398 2031 1986 2106; baseline 0.003 -20"><span class='ocrx_word' id='word_1_121' title='bbox 398 2031 456 2087; x_wconf 79' lang='lat'><strong>9.</strong></span> <span class='ocrx_word' id='word_1_122' title='bbox 483 2031 634 2099; x_wconf 78' lang='lat' dir='ltr'><strong>Quid</strong></span> <span class='ocrx_word' id='word_1_123' title='bbox 667 2032 739 2088; x_wconf 90' lang='lat' dir='ltr'><strong>de</strong></span> <span class='ocrx_word' id='word_1_124' title='bbox 760 2032 979 2089; x_wconf 86' lang='lat' dir='ltr'><strong>Helena</strong></span> <span class='ocrx_word' id='word_1_125' title='bbox 1006 2032 1108 2089; x_wconf 85' lang='lat' dir='ltr'><strong>illa</strong></span> <span class='ocrx_word' id='word_1_126' title='bbox 1136 2033 1328 2090; x_wconf 90' lang='lat' dir='ltr'><strong>dicam</strong></span> <span class='ocrx_word' id='word_1_127' title='bbox 1387 2032 1536 2091; x_wconf 85' lang='lat' dir='ltr'><strong>albis</strong></span> <span class='ocrx_word' id='word_1_128' title='bbox 1579 2033 1812 2090; x_wconf 83' lang='lat' dir='ltr'><strong>lacertis</strong></span> <span class='ocrx_word' id='word_1_129' title='bbox 1851 2034 1986 2106; x_wconf 86' lang='grc'>(13),</span> 
     </span>
    </p>
   </div>
   <div class='ocr_carea' id='block_1_22' title="bbox 330 2120 1985 2197">
    <p class='ocr_par' dir='ltr' id='par_1_22' title="bbox 330 2120 1985 2197">
     <span class='ocr_line' id='line_1_22' title="bbox 330 2120 1985 2197; baseline 0.001 -19"><span class='ocrx_word' id='word_1_130' title='bbox 330 2120 598 2195; x_wconf 74' lang='lat' dir='ltr'><strong>pulchris</strong></span> <span class='ocrx_word' id='word_1_131' title='bbox 626 2120 791 2179; x_wconf 80' lang='lat' dir='ltr'><strong>tibiis</strong></span> <span class='ocrx_word' id='word_1_132' title='bbox 818 2127 878 2179; x_wconf 89' lang='lat' dir='ltr'><strong>et</strong></span> <span class='ocrx_word' id='word_1_133' title='bbox 906 2137 1145 2194; x_wconf 86' lang='lat' dir='ltr'><strong>procera</strong></span> <span class='ocrx_word' id='word_1_134' title='bbox 1172 2126 1422 2192; x_wconf 84' lang='lat' dir='ltr'><strong>statura,</strong></span> <span class='ocrx_word' id='word_1_135' title='bbox 1455 2140 1582 2197; x_wconf 79' lang='lat' dir='ltr'><strong>quae</strong></span> <span class='ocrx_word' id='word_1_136' title='bbox 1608 2127 1795 2180; x_wconf 89' lang='lat' dir='ltr'><strong>totam</strong></span> <span class='ocrx_word' id='word_1_137' title='bbox 1826 2123 1985 2180; x_wconf 76' lang='lat' dir='ltr'><strong>Gm-</strong></span> 
     </span>
    </p>
   </div>
   <div class='ocr_carea' id='block_1_23' title="bbox 327 2210 1986 2284">
    <p class='ocr_par' dir='ltr' id='par_1_23' title="bbox 327 2210 1986 2284">
     <span class='ocr_line' id='line_1_23' title="bbox 327 2210 1986 2284; baseline 0.002 -16"><span class='ocrx_word' id='word_1_138' title='bbox 327 2210 479 2268; x_wconf 82' lang='lat' dir='ltr'><strong>ciam</strong></span> <span class='ocrx_word' id='word_1_139' title='bbox 509 2210 571 2270; x_wconf 88' lang='lat' dir='ltr'><strong>in</strong></span> <span class='ocrx_word' id='word_1_140' title='bbox 601 2211 836 2282; x_wconf 80' lang='lat' dir='ltr'><strong>Trojam</strong></span> <span class='ocrx_word' id='word_1_141' title='bbox 869 2210 1140 2284; x_wconf 82' lang='lat' dir='ltr'><strong>concivit,</strong></span> <span class='ocrx_word' id='word_1_142' title='bbox 1173 2213 1481 2284; x_wconf 66' lang='lat' dir='ltr'><strong>Trojeque</strong></span> <span class='ocrx_word' id='word_1_143' title='bbox 1541 2212 1750 2269; x_wconf 82' lang='lat' dir='ltr'><strong>excidii</strong></span> <span class='ocrx_word' id='word_1_144' title='bbox 1808 2229 1986 2271; x_wconf 86' lang='lat' dir='ltr'><strong>causa</strong></span> 
     </span>
    </p>
   </div>
   <div class='ocr_carea' id='block_1_24' title="bbox 325 2300 1984 2375">
    <p class='ocr_par' dir='ltr' id='par_1_24' title="bbox 325 2300 1984 2375">
     <span class='ocr_line' id='line_1_24' title="bbox 325 2300 1984 2375; baseline 0.001 -18"><span class='ocrx_word' id='word_1_145' title='bbox 325 2300 462 2371; x_wconf 73' lang='lat' dir='ltr'><strong>Init,</strong></span> <span class='ocrx_word' id='word_1_146' title='bbox 494 2304 629 2373; x_wconf 83' lang='lat' dir='ltr'><strong>post</strong></span> <span class='ocrx_word' id='word_1_147' title='bbox 656 2316 787 2358; x_wconf 89' lang='lat' dir='ltr'><strong>eam</strong></span> <span class='ocrx_word' id='word_1_148' title='bbox 816 2316 951 2358; x_wconf 86' lang='lat' dir='ltr'><strong>vero</strong></span> <span class='ocrx_word' id='word_1_149' title='bbox 983 2301 1241 2358; x_wconf 82' lang='lat' dir='ltr'><strong>dirutam</strong></span> <span class='ocrx_word' id='word_1_150' title='bbox 1272 2302 1345 2359; x_wconf 89' lang='lat' dir='ltr'><strong>ad</strong></span> <span class='ocrx_word' id='word_1_151' title='bbox 1375 2300 1573 2359; x_wconf 89' lang='lat' dir='ltr'><strong>Nilum</strong></span> <span class='ocrx_word' id='word_1_152' title='bbox 1605 2301 1834 2375; x_wconf 88' lang='lat' dir='ltr'><strong>appulit</strong></span> <span class='ocrx_word' id='word_1_153' title='bbox 1866 2319 1881 2359; x_wconf 87' lang='lat'><strong>:</strong></span> <span class='ocrx_word' id='word_1_154' title='bbox 1917 2318 1984 2359; x_wconf 88' lang='lat' dir='ltr'><strong>ac</strong></span> 
     </span>
    </p>
   </div>
   <div class='ocr_carea' id='block_1_25' title="bbox 324 2389 1984 2464">
    <p class='ocr_par' dir='ltr' id='par_1_25' title="bbox 324 2389 1984 2464">
     <span class='ocr_line' id='line_1_25' title="bbox 324 2389 1984 2464; baseline 0.001 -18"><span class='ocrx_word' id='word_1_155' title='bbox 324 2389 534 2446; x_wconf 83' lang='lat' dir='ltr'><strong>deinde</strong></span> <span class='ocrx_word' id='word_1_156' title='bbox 564 2392 693 2462; x_wconf 80' lang='lat' dir='ltr'><strong>post</strong></span> <span class='ocrx_word' id='word_1_157' title='bbox 720 2389 962 2464; x_wconf 83' lang='lat' dir='ltr'><strong>longum</strong></span> <span class='ocrx_word' id='word_1_158' title='bbox 998 2399 1227 2462; x_wconf 82' lang='lat' dir='ltr'><strong>tempus</strong></span> <span class='ocrx_word' id='word_1_159' title='bbox 1257 2391 1330 2448; x_wconf 90' lang='lat' dir='ltr'><strong>ad</strong></span> <span class='ocrx_word' id='word_1_160' title='bbox 1364 2391 1662 2449; x_wconf 90' lang='lat' dir='ltr'><strong>Laconum</strong></span> <span class='ocrx_word' id='word_1_161' title='bbox 1692 2407 1886 2448; x_wconf 86' lang='lat' dir='ltr'><strong>mores</strong></span> <span class='ocrx_word' id='word_1_162' title='bbox 1928 2399 1984 2448; x_wconf 90' lang='lat' dir='ltr'><strong>et</strong></span> 
     </span>
    </p>
   </div>
   <div class='ocr_carea' id='block_1_26' title="bbox 322 2477 1983 2553">
    <p class='ocr_par' dir='ltr' id='par_1_26' title="bbox 322 2477 1983 2553">
     <span class='ocr_line' id='line_1_26' title="bbox 322 2477 1983 2553; baseline 0 -17"><span class='ocrx_word' id='word_1_163' title='bbox 322 2477 625 2552; x_wconf 74' lang='lat' dir='ltr'><strong>regionem</strong></span> <span class='ocrx_word' id='word_1_164' title='bbox 653 2478 1033 2553; x_wconf 78' lang='lat' dir='ltr'><strong>remigravit?</strong></span> <span class='ocrx_word' id='word_1_165' title='bbox 1063 2479 1216 2539; x_wconf 90' lang='lat' dir='ltr'><strong>Num</strong></span> <span class='ocrx_word' id='word_1_166' title='bbox 1246 2480 1527 2538; x_wconf 86' lang='lat' dir='ltr'><strong>barbaros</strong></span> <span class='ocrx_word' id='word_1_167' title='bbox 1577 2478 1711 2536; x_wconf 89' lang='lat' dir='ltr'><strong>illos</strong></span> <span class='ocrx_word' id='word_1_168' title='bbox 1742 2480 1983 2552; x_wconf 83' lang='lat' dir='ltr'><strong>mitiga-</strong></span> 
     </span>
    </p>
   </div>
   <div class='ocr_carea' id='block_1_27' title="bbox 321 2567 1980 2642">
    <p class='ocr_par' dir='ltr' id='par_1_27' title="bbox 321 2567 1980 2642">
     <span class='ocr_line' id='line_1_27' title="bbox 321 2567 1980 2642; baseline 0.001 -17"><span class='ocrx_word' id='word_1_169' title='bbox 321 2568 413 2625; x_wconf 76' lang='lat' dir='ltr'><strong>vit</strong></span> <span class='ocrx_word' id='word_1_170' title='bbox 436 2567 467 2626; x_wconf 59' lang='grc' dir='ltr'><strong><em>ἲ</em></strong></span> <span class='ocrx_word' id='word_1_171' title='bbox 493 2585 637 2626; x_wconf 88' lang='lat' dir='ltr'><strong>num</strong></span> <span class='ocrx_word' id='word_1_172' title='bbox 687 2568 906 2627; x_wconf 77' lang='lat' dir='ltr'><strong>ferreos</strong></span> <span class='ocrx_word' id='word_1_173' title='bbox 935 2568 1222 2627; x_wconf 88' lang='lat' dir='ltr'><strong>emollivit</strong></span> <span class='ocrx_word' id='word_1_174' title='bbox 1242 2568 1436 2628; x_wconf 60' lang='lat' dir='ltr'><strong>iNibil</strong></span> <span class='ocrx_word' id='word_1_175' title='bbox 1465 2587 1608 2627; x_wconf 88' lang='lat' dir='ltr'><strong>sane</strong></span> <span class='ocrx_word' id='word_1_176' title='bbox 1635 2569 1980 2642; x_wconf 88' lang='lat' dir='ltr'><strong>hujusmodi</strong></span> 
     </span>
    </p>
   </div>
   <div class='ocr_carea' id='block_1_28' title="bbox 325 2657 2003 2734">
    <p class='ocr_par' dir='ltr' id='par_1_28' title="bbox 325 2657 2003 2734">
     <span class='ocr_line' id='line_1_28' title="bbox 325 2657 2003 2734; baseline -0.001 -18"><span class='ocrx_word' id='word_1_177' title='bbox 325 2658 556 2716; x_wconf 67' lang='lat' dir='ltr'><strong>efﬁcere</strong></span> <span class='ocrx_word' id='word_1_178' title='bbox 587 2659 801 2731; x_wconf 87' lang='lat' dir='ltr'><strong>potuit,</strong></span> <span class='ocrx_word' id='word_1_179' title='bbox 831 2675 961 2732; x_wconf 68' lang='lat' dir='ltr'><strong>quae</strong></span> <span class='ocrx_word' id='word_1_180' title='bbox 993 2657 1134 2717; x_wconf 89' lang='lat' dir='ltr'><strong>olim</strong></span> <span class='ocrx_word' id='word_1_181' title='bbox 1164 2675 1370 2717; x_wconf 87' lang='lat' dir='ltr'><strong>omnes</strong></span> <span class='ocrx_word' id='word_1_182' title='bbox 1403 2663 1765 2734; x_wconf 84' lang='lat' dir='ltr'><strong>spectatores</strong></span> <span class='ocrx_word' id='word_1_183' title='bbox 1792 2660 2003 2732; x_wconf 80' lang='lat' dir='ltr'><strong>capti-‘</strong></span> 
     </span>
    </p>
   </div>
   <div class='ocr_carea' id='block_1_29' title="bbox 318 2748 1979 2818">
    <p class='ocr_par' dir='ltr' id='par_1_29' title="bbox 318 2748 1979 2818">
     <span class='ocr_line' id='line_1_29' title="bbox 318 2748 1979 2818; baseline 0.002 -15"><span class='ocrx_word' id='word_1_184' title='bbox 318 2759 425 2805; x_wconf 80' lang='lat' dir='ltr'><strong>ves</strong></span> <span class='ocrx_word' id='word_1_185' title='bbox 457 2748 706 2806; x_wconf 76' lang='lat' dir='ltr'><strong>ducebat</strong></span> <span class='ocrx_word' id='word_1_186' title='bbox 738 2765 755 2807; x_wconf 88' lang='lat'><strong>:</strong></span> <span class='ocrx_word' id='word_1_187' title='bbox 784 2748 1018 2807; x_wconf 82' lang='lat' dir='ltr'><strong>etiamsi</strong></span> <span class='ocrx_word' id='word_1_188' title='bbox 1074 2748 1361 2807; x_wconf 85' lang='lat' dir='ltr'><strong>theatrico</strong></span> <span class='ocrx_word' id='word_1_189' title='bbox 1421 2765 1584 2807; x_wconf 88' lang='lat' dir='ltr'><strong>more</strong></span> <span class='ocrx_word' id='word_1_190' title='bbox 1640 2749 1870 2818; x_wconf 85' lang='lat' dir='ltr'><strong>vestita,</strong></span> <span class='ocrx_word' id='word_1_191' title='bbox 1921 2753 1979 2807; x_wconf 92' lang='lat' dir='ltr'><strong>et</strong></span> 
     </span>
    </p>
   </div>
   <div class='ocr_carea' id='block_1_30' title="bbox 321 2837 1979 2909">
    <p class='ocr_par' dir='ltr' id='par_1_30' title="bbox 321 2837 1979 2909">
     <span class='ocr_line' id='line_1_30' title="bbox 321 2837 1979 2909; baseline 0.001 -14"><span class='ocrx_word' id='word_1_192' title='bbox 321 2843 438 2895; x_wconf 87' lang='lat' dir='ltr'><strong>tota</strong></span> <span class='ocrx_word' id='word_1_193' title='bbox 471 2837 699 2895; x_wconf 87' lang='lat' dir='ltr'><strong>roscida</strong></span> <span class='ocrx_word' id='word_1_194' title='bbox 729 2838 1047 2909; x_wconf 75' lang='lat' dir='ltr'><strong>videretur,</strong></span> <span class='ocrx_word' id='word_1_195' title='bbox 1078 2855 1147 2897; x_wconf 90' lang='lat' dir='ltr'><strong>ac</strong></span> <span class='ocrx_word' id='word_1_196' title='bbox 1176 2838 1314 2896; x_wconf 90' lang='lat' dir='ltr'><strong>licet</strong></span> <span class='ocrx_word' id='word_1_197' title='bbox 1341 2854 1453 2897; x_wconf 73' lang='lat' dir='ltr'><strong>tere</strong></span> <span class='ocrx_word' id='word_1_198' title='bbox 1482 2839 1672 2897; x_wconf 88' lang='lat' dir='ltr'><strong>incisa</strong></span> <span class='ocrx_word' id='word_1_199' title='bbox 1717 2843 1843 2896; x_wconf 88' lang='lat' dir='ltr'><strong>tota</strong></span> <span class='ocrx_word' id='word_1_200' title='bbox 1871 2838 1979 2896; x_wconf 88' lang='lat' dir='ltr'><strong>hu-</strong></span> 
     </span>
    </p>
   </div>
   <div class='ocr_carea' id='block_1_31' title="bbox 317 2929 1974 3003">
    <p class='ocr_par' dir='ltr' id='par_1_31' title="bbox 317 2929 1974 3003">
     <span class='ocr_line' id='line_1_31' title="bbox 317 2929 1974 3003; baseline -0.001 -17"><span class='ocrx_word' id='word_1_201' title='bbox 317 2932 594 2986; x_wconf 85' lang='lat' dir='ltr'><strong>mesceret</strong></span> <span class='ocrx_word' id='word_1_202' title='bbox 623 2943 691 2986; x_wconf 87' lang='lat' dir='ltr'><strong>ac</strong></span> <span class='ocrx_word' id='word_1_203' title='bbox 714 2934 990 2987; x_wconf 77' lang='lat' dir='ltr'><strong>versaret</strong></span> <span class='ocrx_word' id='word_1_204' title='bbox 1014 2934 1074 2987; x_wconf 88' lang='lat' dir='ltr'><strong>et</strong></span> <span class='ocrx_word' id='word_1_205' title='bbox 1100 2930 1174 2987; x_wconf 92' lang='lat' dir='ltr'><strong>ad</strong></span> <span class='ocrx_word' id='word_1_206' title='bbox 1229 2930 1322 2987; x_wconf 90' lang='lat' dir='ltr'><strong>sui</strong></span> <span class='ocrx_word' id='word_1_207' title='bbox 1360 2945 1621 2988; x_wconf 87' lang='lat' dir='ltr'><strong>amorem</strong></span> <span class='ocrx_word' id='word_1_208' title='bbox 1662 2929 1974 3003; x_wconf 88' lang='lat' dir='ltr'><strong>pelliceret,</strong></span> 
     </span>
    </p>
   </div>
   <div class='ocr_carea' id='block_1_32' title="bbox 317 3018 1976 3089">
    <p class='ocr_par' dir='ltr' id='par_1_32' title="bbox 317 3018 1976 3089">
     <span class='ocr_line' id='line_1_32' title="bbox 317 3018 1976 3089; baseline 0.001 -15"><span class='ocrx_word' id='word_1_209' title='bbox 317 3033 388 3074; x_wconf 87' lang='lat' dir='ltr'><strong>ex</strong></span> <span class='ocrx_word' id='word_1_210' title='bbox 416 3018 638 3089; x_wconf 91' lang='lat' dir='ltr'><strong>tunica,</strong></span> <span class='ocrx_word' id='word_1_211' title='bbox 673 3035 742 3075; x_wconf 84' lang='lat' dir='ltr'><strong>ex</strong></span> <span class='ocrx_word' id='word_1_212' title='bbox 772 3018 1137 3087; x_wconf 80' lang='lat' dir='ltr'><strong>redimicula,</strong></span> <span class='ocrx_word' id='word_1_213' title='bbox 1176 3036 1246 3077; x_wconf 86' lang='lat' dir='ltr'><strong>ex</strong></span> <span class='ocrx_word' id='word_1_214' title='bbox 1297 3036 1532 3088; x_wconf 83' lang='lat' dir='ltr'><strong>corona,</strong></span> <span class='ocrx_word' id='word_1_215' title='bbox 1564 3037 1635 3076; x_wconf 85' lang='lat' dir='ltr'><strong>ex</strong></span> <span class='ocrx_word' id='word_1_216' title='bbox 1684 3019 1976 3077; x_wconf 91' lang='lat' dir='ltr'><strong>cincinnis</strong></span> 
     </span>
    </p>
   </div>
   <div class='ocr_carea' id='block_1_33' title="bbox 316 3106 1970 3181">
    <p class='ocr_par' dir='ltr' id='par_1_33' title="bbox 316 3106 1970 3181">
     <span class='ocr_line' id='line_1_33' title="bbox 316 3106 1970 3181; baseline -0.001 -17"><span class='ocrx_word' id='word_1_217' title='bbox 316 3106 690 3180; x_wconf 89' lang='lat' dir='ltr'><strong>capillorum,</strong></span> <span class='ocrx_word' id='word_1_218' title='bbox 721 3108 821 3180; x_wconf 87' lang='lat' dir='ltr'><strong>qui</strong></span> <span class='ocrx_word' id='word_1_219' title='bbox 849 3108 995 3181; x_wconf 89' lang='lat' dir='ltr'><strong>ipsis</strong></span> <span class='ocrx_word' id='word_1_220' title='bbox 1027 3125 1255 3165; x_wconf 63' lang='lat' dir='ltr'><strong>aranea:</strong></span> <span class='ocrx_word' id='word_1_221' title='bbox 1285 3108 1401 3166; x_wconf 87' lang='lat' dir='ltr'><strong>ﬁlis</strong></span> <span class='ocrx_word' id='word_1_222' title='bbox 1445 3109 1736 3166; x_wconf 85' lang='lat' dir='ltr'><strong>tenuiores</strong></span> <span class='ocrx_word' id='word_1_223' title='bbox 1785 3112 1970 3165; x_wconf 88' lang='lat' dir='ltr'><strong>erant.</strong></span> 
     </span>
    </p>
   </div>
   <div class='ocr_carea' id='block_1_34' title="bbox 2113 588 3788 671">
    <p class='ocr_par' dir='ltr' id='par_1_34' title="bbox 2113 588 3788 671">
     <span class='ocr_line' id='line_1_34' title="bbox 2113 588 3614 649; baseline 0.001 -1"><span class='ocrx_word' id='word_1_224' title='bbox 2113 600 2152 648; x_wconf 88' lang='lat' dir='ltr'><strong>K</strong></span> <span class='ocrx_word' id='word_1_225' title='bbox 2196 591 2213 613; x_wconf 80' lang='lat'><strong>‘</strong></span> <span class='ocrx_word' id='word_1_226' title='bbox 2248 594 2275 647; x_wconf 99' lang='lat'><strong>6</strong></span> <span class='ocrx_word' id='word_1_227' title='bbox 2351 593 2367 611; x_wconf 81' lang='lat'><strong>‘</strong></span> <span class='ocrx_word' id='word_1_228' title='bbox 2436 588 2464 611; x_wconf 87' lang='grc'>”</span> <span class='ocrx_word' id='word_1_229' title='bbox 2651 588 2676 611; x_wconf 50' lang='grc' dir='ltr'>’ί</span> <span class='ocrx_word' id='word_1_230' title='bbox 2894 591 2917 648; x_wconf 80' lang='grc' dir='ltr'>ἐ</span> <span class='ocrx_word' id='word_1_231' title='bbox 3095 593 3108 609; x_wconf 74' lang='grc'>¹</span> <span class='ocrx_word' id='word_1_232' title='bbox 3175 591 3208 649; x_wconf 89' lang='grc' dir='ltr'>λ</span> <span class='ocrx_word' id='word_1_233' title='bbox 3252 594 3267 648; x_wconf 89' lang='grc' dir='ltr'><strong>ί</strong></span> <span class='ocrx_word' id='word_1_234' title='bbox 3304 596 3332 649; x_wconf 89' lang='grc' dir='ltr'><strong>θ</strong></span> <span class='ocrx_word' id='word_1_235' title='bbox 3512 595 3525 611; x_wconf 69' lang='grc'><strong><em>⁵</em></strong></span> <span class='ocrx_word' id='word_1_236' title='bbox 3600 597 3614 614; x_wconf 69' lang='grc'>⁸</span> 
     </span>
     <span class='ocr_line' id='line_1_35' title="bbox 2158 599 3788 671; baseline 0.004 -24"><span class='ocrx_word' id='word_1_237' title='bbox 2158 614 2213 647; x_wconf 90' lang='grc' dir='ltr'><strong>αι</strong></span> <span class='ocrx_word' id='word_1_238' title='bbox 2310 614 2405 666; x_wconf 86' lang='grc' dir='ltr'><strong>μεν</strong></span> <span class='ocrx_word' id='word_1_239' title='bbox 2435 614 2556 671; x_wconf 86' lang='grc' dir='ltr'>οφις</span> <span class='ocrx_word' id='word_1_240' title='bbox 2616 614 2760 648; x_wconf 90' lang='grc' dir='ltr'>ουτω</span> <span class='ocrx_word' id='word_1_241' title='bbox 2820 615 2886 649; x_wconf 92' lang='grc' dir='ltr'><strong>πν</strong></span> <span class='ocrx_word' id='word_1_242' title='bbox 2920 615 2996 648; x_wconf 89' lang='grc' dir='ltr'><strong>ων</strong></span> <span class='ocrx_word' id='word_1_243' title='bbox 3049 614 3119 647; x_wconf 88' lang='grc' dir='ltr'><strong>τα</strong></span> <span class='ocrx_word' id='word_1_244' title='bbox 3214 615 3240 648; x_wconf 86' lang='grc' dir='ltr'><strong>ο</strong></span> <span class='ocrx_word' id='word_1_245' title='bbox 3271 616 3301 649; x_wconf 91' lang='grc' dir='ltr'><strong>σ</strong></span> <span class='ocrx_word' id='word_1_246' title='bbox 3341 615 3393 650; x_wconf 89' lang='grc' dir='ltr'><strong>ια</strong></span> <span class='ocrx_word' id='word_1_247' title='bbox 3437 615 3529 651; x_wconf 86' lang='grc' dir='ltr'><strong>και</strong></span> <span class='ocrx_word' id='word_1_248' title='bbox 3560 617 3653 652; x_wconf 89' lang='grc' dir='ltr'><strong>τον</strong></span> <span class='ocrx_word' id='word_1_249' title='bbox 3691 599 3788 654; x_wconf 74' lang='grc' dir='ltr'><strong>ἱὸν</strong></span> 
     </span>
    </p>
   </div>
   <div class='ocr_carea' id='block_1_35' title="bbox 2108 682 3786 763">
    <p class='ocr_par' dir='ltr' id='par_1_35' title="bbox 2108 682 3786 763">
     <span class='ocr_line' id='line_1_36' title="bbox 2108 682 3786 763; baseline 0.004 -26"><span class='ocrx_word' id='word_1_250' title='bbox 2108 684 2259 761; x_wconf 83' lang='grc' dir='ltr'>εἶχεν</span> <span class='ocrx_word' id='word_1_251' title='bbox 2292 683 2466 757; x_wconf 72' lang='grc' dir='ltr'>ἑαυτῷ</span> <span class='ocrx_word' id='word_1_252' title='bbox 2523 686 2946 755; x_wconf 86' lang='grc' dir='ltr'>συνθνήσκοντα·</span> <span class='ocrx_word' id='word_1_253' title='bbox 3008 685 3037 738; x_wconf 94' lang='lat'><strong>6</strong></span> <span class='ocrx_word' id='word_1_254' title='bbox 3098 682 3143 738; x_wconf 79' lang='grc' dir='ltr'>δ’</span> <span class='ocrx_word' id='word_1_255' title='bbox 3198 685 3350 750; x_wconf 87' lang='grc' dir='ltr'>ἀετὸς</span> <span class='ocrx_word' id='word_1_256' title='bbox 3391 690 3590 761; x_wconf 89' lang='grc' dir='ltr'>γαῦρον</span> <span class='ocrx_word' id='word_1_257' title='bbox 3628 689 3786 763; x_wconf 85' lang='grc' dir='ltr'>ὁρῶν</span> 
     </span>
    </p>
   </div>
   <div class='ocr_carea' id='block_1_36' title="bbox 2106 772 3787 854">
    <p class='ocr_par' dir='ltr' id='par_1_36' title="bbox 2106 772 3787 854">
     <span class='ocr_line' id='line_1_37' title="bbox 2106 772 3787 854; baseline 0.005 -28"><span class='ocrx_word' id='word_1_258' title='bbox 2106 774 2197 827; x_wconf 81' lang='grc' dir='ltr'>καὶ</span> <span class='ocrx_word' id='word_1_259' title='bbox 2236 774 2538 852; x_wconf 81' lang='grc' dir='ltr'>μονονουχὶ</span> <span class='ocrx_word' id='word_1_260' title='bbox 2588 772 2821 843; x_wconf 86' lang='grc' dir='ltr'>κλώζων</span> <span class='ocrx_word' id='word_1_261' title='bbox 2868 774 2933 828; x_wconf 67' lang='grc' dir='ltr'>τὰ</span> <span class='ocrx_word' id='word_1_262' title='bbox 2991 774 3250 845; x_wconf 78' lang='grc' dir='ltr'><strong>ἐπινίκια,</strong></span> <span class='ocrx_word' id='word_1_263' title='bbox 3293 775 3456 848; x_wconf 78' lang='grc' dir='ltr'>ὥρμα</span> <span class='ocrx_word' id='word_1_264' title='bbox 3487 780 3787 854; x_wconf 81' lang='grc' dir='ltr'>συνεξᾶραι</span> 
     </span>
    </p>
   </div>
   <div class='ocr_carea' id='block_1_37' title="bbox 2105 858 3789 943">
    <p class='ocr_par' dir='ltr' id='par_1_37' title="bbox 2105 858 3789 943">
     <span class='ocr_line' id='line_1_38' title="bbox 2105 858 3789 943; baseline 0.005 -27"><span class='ocrx_word' id='word_1_265' title='bbox 2105 861 2198 916; x_wconf 86' lang='grc' dir='ltr'>τὸν</span> <span class='ocrx_word' id='word_1_266' title='bbox 2228 858 2349 938; x_wconf 83' lang='grc' dir='ltr'>ὅφιν</span> <span class='ocrx_word' id='word_1_267' title='bbox 2392 863 2485 917; x_wconf 86' lang='grc' dir='ltr'><strong>καὶ</strong></span> <span class='ocrx_word' id='word_1_268' title='bbox 2541 861 2656 937; x_wconf 81' lang='grc' dir='ltr'><strong>ἃμα</strong></span> <span class='ocrx_word' id='word_1_269' title='bbox 2708 863 2761 918; x_wconf 78' lang='grc' dir='ltr'>οἱ</span> <span class='ocrx_word' id='word_1_270' title='bbox 2819 860 2888 917; x_wconf 87' lang='grc' dir='ltr'><strong>δι’</strong></span> <span class='ocrx_word' id='word_1_271' title='bbox 2948 861 3106 937; x_wconf 82' lang='grc' dir='ltr'>ἀέρος</span> <span class='ocrx_word' id='word_1_272' title='bbox 3166 861 3441 939; x_wconf 73' lang='grc' dir='ltr'>φέρεσθαι,</span> <span class='ocrx_word' id='word_1_273' title='bbox 3474 868 3789 943; x_wconf 86' lang='grc' dir='ltr'>τεκμαίρε-</span> 
     </span>
    </p>
   </div>
   <div class='ocr_carea' id='block_1_38' title="bbox 2109 949 3777 1032">
    <p class='ocr_par' dir='ltr' id='par_1_38' title="bbox 2109 949 3777 1032">
     <span class='ocr_line' id='line_1_39' title="bbox 2109 949 3777 1032; baseline 0.005 -28"><span class='ocrx_word' id='word_1_274' title='bbox 2109 952 2229 1006; x_wconf 83' lang='grc' dir='ltr'><strong>σθαι</strong></span> <span class='ocrx_word' id='word_1_275' title='bbox 2257 956 2422 1007; x_wconf 77' lang='grc' dir='ltr'>τοῦτο</span> <span class='ocrx_word' id='word_1_276' title='bbox 2457 949 2638 1014; x_wconf 78' lang='grc' dir='ltr'>διδοὺς</span> <span class='ocrx_word' id='word_1_277' title='bbox 2667 956 2745 1024; x_wconf 82' lang='grc' dir='ltr'>τῷ</span> <span class='ocrx_word' id='word_1_278' title='bbox 2791 956 3024 1027; x_wconf 82' lang='grc' dir='ltr'>χαροπῷ</span> <span class='ocrx_word' id='word_1_279' title='bbox 3071 956 3169 1007; x_wconf 89' lang='grc' dir='ltr'><strong>τοῦ</strong></span> <span class='ocrx_word' id='word_1_280' title='bbox 3222 952 3547 1028; x_wconf 82' lang='grc' dir='ltr'>βλὲμματος</span> <span class='ocrx_word' id='word_1_281' title='bbox 3577 957 3670 1012; x_wconf 76' lang='grc' dir='ltr'>καὶ</span> <span class='ocrx_word' id='word_1_282' title='bbox 3704 961 3777 1032; x_wconf 73' lang='grc' dir='ltr'><strong>τῇ</strong></span> 
     </span>
    </p>
   </div>
   <div class='ocr_carea' id='block_1_39' title="bbox 2108 1039 3774 1119">
    <p class='ocr_par' dir='ltr' id='par_1_39' title="bbox 2108 1039 3774 1119">
     <span class='ocr_line' id='line_1_40' title="bbox 2108 1039 3774 1119; baseline 0.004 -24"><span class='ocrx_word' id='word_1_283' title='bbox 2108 1040 2368 1115; x_wconf 87' lang='grc' dir='ltr'>νεκρώσει</span> <span class='ocrx_word' id='word_1_284' title='bbox 2397 1046 2494 1096; x_wconf 88' lang='grc' dir='ltr'><strong>τοῦ</strong></span> <span class='ocrx_word' id='word_1_285' title='bbox 2526 1039 2726 1119; x_wconf 78' lang='grc' dir='ltr'>ὄφεως,</span> <span class='ocrx_word' id='word_1_286' title='bbox 2777 1042 2835 1096; x_wconf 81' lang='grc' dir='ltr'>ὅν</span> <span class='ocrx_word' id='word_1_287' title='bbox 2886 1040 3002 1096; x_wconf 81' lang='grc' dir='ltr'><strong>εἶπὲ</strong></span> <span class='ocrx_word' id='word_1_288' title='bbox 3046 1062 3130 1105; x_wconf 90' lang='grc' dir='ltr'><strong>τις</strong></span> <span class='ocrx_word' id='word_1_289' title='bbox 3162 1039 3223 1096; x_wconf 80' lang='grc' dir='ltr'><strong>ἅν</strong></span> <span class='ocrx_word' id='word_1_290' title='bbox 3256 1039 3391 1099; x_wconf 66' lang='grc' dir='ltr'>ἰδὼν</span> <span class='ocrx_word' id='word_1_291' title='bbox 3425 1044 3471 1082; x_wconf 79' lang='grc'><strong>¹⁶</strong></span> <span class='ocrx_word' id='word_1_292' title='bbox 3503 1042 3774 1117; x_wconf 78' lang='grc' dir='ltr'>ἐπιλελη-</span> 
     </span>
    </p>
   </div>
   <div class='ocr_carea' id='block_1_40' title="bbox 2106 1128 3769 1208">
    <p class='ocr_par' dir='ltr' id='par_1_40' title="bbox 2106 1128 3769 1208">
     <span class='ocr_line' id='line_1_41' title="bbox 2106 1128 3769 1208; baseline 0.003 -25"><span class='ocrx_word' id='word_1_293' title='bbox 2106 1128 2306 1204; x_wconf 69' lang='grc' dir='ltr'>σμένον</span> <span class='ocrx_word' id='word_1_294' title='bbox 2334 1134 2441 1186; x_wconf 88' lang='grc' dir='ltr'><strong>τῶν</strong></span> <span class='ocrx_word' id='word_1_295' title='bbox 2487 1129 2709 1201; x_wconf 70' lang='grc' dir='ltr'>ἕλίξεων</span> <span class='ocrx_word' id='word_1_296' title='bbox 2752 1130 2844 1186; x_wconf 84' lang='grc' dir='ltr'><strong>καὶ</strong></span> <span class='ocrx_word' id='word_1_297' title='bbox 2890 1134 2989 1186; x_wconf 91' lang='grc' dir='ltr'><strong>τοῦ</strong></span> <span class='ocrx_word' id='word_1_298' title='bbox 3037 1128 3245 1189; x_wconf 82' lang='grc' dir='ltr'>δάκνειν</span> <span class='ocrx_word' id='word_1_299' title='bbox 3280 1131 3355 1195; x_wconf 63' lang='grc' dir='ltr'>εἲς</span> <span class='ocrx_word' id='word_1_300' title='bbox 3391 1130 3635 1208; x_wconf 83' lang='grc' dir='ltr'>ὄλεθρον,</span> <span class='ocrx_word' id='word_1_301' title='bbox 3669 1135 3769 1190; x_wconf 76' lang='grc' dir='ltr'>καὶ</span> 
     </span>
    </p>
   </div>
   <div class='ocr_carea' id='block_1_41' title="bbox 2107 1216 3761 1295">
    <p class='ocr_par' dir='ltr' id='par_1_41' title="bbox 2107 1216 3761 1295">
     <span class='ocr_line' id='line_1_42' title="bbox 2107 1216 3761 1295; baseline 0.002 -20"><span class='ocrx_word' id='word_1_302' title='bbox 2107 1220 2235 1282; x_wconf 85' lang='grc' dir='ltr'>τοὺς</span> <span class='ocrx_word' id='word_1_303' title='bbox 2291 1217 2522 1282; x_wconf 87' lang='grc' dir='ltr'>λοιποὺς</span> <span class='ocrx_word' id='word_1_304' title='bbox 2597 1220 2923 1289; x_wconf 79' lang='grc' dir='ltr'>Βυζαντίους</span> <span class='ocrx_word' id='word_1_305' title='bbox 2979 1216 3130 1295; x_wconf 70' lang='grc' dir='ltr'>ὄφεις</span> <span class='ocrx_word' id='word_1_306' title='bbox 3183 1225 3262 1294; x_wconf 81' lang='grc' dir='ltr'>τῷ</span> <span class='ocrx_word' id='word_1_307' title='bbox 3316 1223 3438 1278; x_wconf 87' lang='grc' dir='ltr'>καθ’</span> <span class='ocrx_word' id='word_1_308' title='bbox 3498 1223 3646 1279; x_wconf 78' lang='grc' dir='ltr'>αὑτὸν</span> <span class='ocrx_word' id='word_1_309' title='bbox 3709 1224 3761 1263; x_wconf 69' lang='grc'><strong>1⁷</strong></span> 
     </span>
    </p>
   </div>
   <div class='ocr_carea' id='block_1_42' title="bbox 2108 1303 3761 1388">
    <p class='ocr_par' dir='ltr' id='par_1_42' title="bbox 2108 1303 3761 1388">
     <span class='ocr_line' id='line_1_43' title="bbox 2108 1303 3761 1388; baseline 0.004 -26"><span class='ocrx_word' id='word_1_310' title='bbox 2108 1303 2380 1364; x_wconf 81' lang='grc' dir='ltr'>διασοϐεἶν</span> <span class='ocrx_word' id='word_1_311' title='bbox 2442 1305 2799 1383; x_wconf 81' lang='grc' dir='ltr'><strong>ὑποδείγματι</strong></span> <span class='ocrx_word' id='word_1_312' title='bbox 2854 1309 2945 1365; x_wconf 85' lang='grc' dir='ltr'><strong>καὶ</strong></span> <span class='ocrx_word' id='word_1_313' title='bbox 3002 1310 3209 1375; x_wconf 89' lang='grc' dir='ltr'>πείθειν</span> <span class='ocrx_word' id='word_1_314' title='bbox 3273 1317 3378 1381; x_wconf 86' lang='grc' dir='ltr'><strong>τῆς</strong></span> <span class='ocrx_word' id='word_1_315' title='bbox 3453 1312 3638 1388; x_wconf 85' lang='grc' dir='ltr'>χρείας</span> <span class='ocrx_word' id='word_1_316' title='bbox 3710 1315 3761 1351; x_wconf 77' lang='grc' dir='ltr'>ί⁸</span> 
     </span>
    </p>
   </div>
   <div class='ocr_carea' id='block_1_43' title="bbox 2106 1393 3768 1475">
    <p class='ocr_par' dir='ltr' id='par_1_43' title="bbox 2106 1393 3768 1475">
     <span class='ocr_line' id='line_1_44' title="bbox 2106 1393 3768 1475; baseline 0.003 -22"><span class='ocrx_word' id='word_1_317' title='bbox 2106 1400 2506 1474; x_wconf 71' lang='grc' dir='ltr'>ωμπειρᾶσθαι</span> <span class='ocrx_word' id='word_1_318' title='bbox 2560 1399 2650 1453; x_wconf 79' lang='grc' dir='ltr'><strong>καὶ</strong></span> <span class='ocrx_word' id='word_1_319' title='bbox 2705 1393 3097 1473; x_wconf 70' lang='grc' dir='ltr'>παραδύεσθαι.</span> <span class='ocrx_word' id='word_1_320' title='bbox 3163 1399 3241 1457; x_wconf 83' lang='grc' dir='ltr'>Ού</span> <span class='ocrx_word' id='word_1_321' title='bbox 3304 1399 3469 1475; x_wconf 86' lang='grc' dir='ltr'>μόνον</span> <span class='ocrx_word' id='word_1_322' title='bbox 3531 1399 3589 1457; x_wconf 72' lang='grc' dir='ltr'>δὲ</span> <span class='ocrx_word' id='word_1_323' title='bbox 3644 1404 3768 1458; x_wconf 77' lang='grc' dir='ltr'>καθ’</span> 
     </span>
    </p>
   </div>
   <div class='ocr_carea' id='block_1_44' title="bbox 2106 1484 3769 1562">
    <p class='ocr_par' dir='ltr' id='par_1_44' title="bbox 2106 1484 3769 1562">
     <span class='ocr_line' id='line_1_45' title="bbox 2106 1484 3769 1562; baseline 0.004 -21"><span class='ocrx_word' id='word_1_324' title='bbox 2106 1484 2206 1541; x_wconf 83' lang='grc' dir='ltr'><strong>ὅσα</strong></span> <span class='ocrx_word' id='word_1_325' title='bbox 2258 1487 2576 1562; x_wconf 84' lang='grc' dir='ltr'>εἰρήκαμεν,</span> <span class='ocrx_word' id='word_1_326' title='bbox 2633 1487 2950 1562; x_wconf 83' lang='grc' dir='ltr'>ἀξιάγαστον</span> <span class='ocrx_word' id='word_1_327' title='bbox 3009 1489 3077 1559; x_wconf 80' lang='grc' dir='ltr'>ἦν</span> <span class='ocrx_word' id='word_1_328' title='bbox 3141 1490 3299 1545; x_wconf 87' lang='grc' dir='ltr'>τουτὶ</span> <span class='ocrx_word' id='word_1_329' title='bbox 3353 1491 3417 1546; x_wconf 89' lang='grc' dir='ltr'>τὸ</span> <span class='ocrx_word' id='word_1_330' title='bbox 3476 1491 3524 1528; x_wconf 71' lang='grc'>¹⁹</span> <span class='ocrx_word' id='word_1_331' title='bbox 3581 1490 3769 1547; x_wconf 81' lang='grc' dir='ltr'>ἆὲτιον</span> 
     </span>
    </p>
   </div>
   <div class='ocr_carea' id='block_1_45' title="bbox 2105 1573 3774 1656">
    <p class='ocr_par' dir='ltr' id='par_1_45' title="bbox 2105 1573 3774 1656">
     <span class='ocr_line' id='line_1_46' title="bbox 2105 1573 3774 1656; baseline 0.004 -26"><span class='ocrx_word' id='word_1_332' title='bbox 2105 1573 2361 1649; x_wconf 64' lang='grc' dir='ltr'>εἴκασμα,</span> <span class='ocrx_word' id='word_1_333' title='bbox 2393 1575 2519 1632; x_wconf 85' lang='grc' dir='ltr'>ἀλλ’</span> <span class='ocrx_word' id='word_1_334' title='bbox 2552 1578 2636 1631; x_wconf 80' lang='grc' dir='ltr'><strong>ὅτι</strong></span> <span class='ocrx_word' id='word_1_335' title='bbox 2684 1577 2776 1632; x_wconf 85' lang='grc' dir='ltr'><strong>καὶ</strong></span> <span class='ocrx_word' id='word_1_336' title='bbox 2832 1577 2899 1632; x_wconf 82' lang='grc' dir='ltr'>τὰ</span> <span class='ocrx_word' id='word_1_337' title='bbox 2953 1581 3053 1644; x_wconf 83' lang='grc' dir='ltr'>τῆς</span> <span class='ocrx_word' id='word_1_338' title='bbox 3115 1580 3327 1655; x_wconf 67' lang='grc' dir='ltr'>ἡμέρας</span> <span class='ocrx_word' id='word_1_339' title='bbox 3376 1580 3578 1656; x_wconf 76' lang='grc' dir='ltr'>ὡρεαῖα</span> <span class='ocrx_word' id='word_1_340' title='bbox 3606 1584 3774 1655; x_wconf 67' lang='grc' dir='ltr'>τμήο</span> 
     </span>
    </p>
   </div>
   <div class='ocr_carea' id='block_1_46' title="bbox 2108 1661 3772 1747">
    <p class='ocr_par' dir='ltr' id='par_1_46' title="bbox 2108 1661 3772 1747">
     <span class='ocr_line' id='line_1_47' title="bbox 2108 1661 3772 1747; baseline 0.003 -27"><span class='ocrx_word' id='word_1_341' title='bbox 2108 1685 2251 1738; x_wconf 82' lang='grc' dir='ltr'>ματα</span> <span class='ocrx_word' id='word_1_342' title='bbox 2282 1661 2372 1719; x_wconf 82' lang='grc' dir='ltr'><strong>διὰ</strong></span> <span class='ocrx_word' id='word_1_343' title='bbox 2427 1669 2534 1720; x_wconf 89' lang='grc' dir='ltr'><strong>τῶν</strong></span> <span class='ocrx_word' id='word_1_344' title='bbox 2562 1664 2642 1725; x_wconf 67' lang='grc' dir='ltr'>,ἐν</span> <span class='ocrx_word' id='word_1_345' title='bbox 2696 1671 2815 1728; x_wconf 85' lang='grc' dir='ltr'>ταῖς</span> <span class='ocrx_word' id='word_1_346' title='bbox 2863 1666 3083 1742; x_wconf 82' lang='grc' dir='ltr'>πτέρυξι</span> <span class='ocrx_word' id='word_1_347' title='bbox 3113 1667 3543 1744; x_wconf 79' lang='grc' dir='ltr'>κεχαραγμὲνων</span> <span class='ocrx_word' id='word_1_348' title='bbox 3576 1690 3772 1747; x_wconf 84' lang='grc' dir='ltr'>γραμ-</span> 
     </span>
    </p>
   </div>
   <div class='ocr_carea' id='block_1_47' title="bbox 2106 1751 3775 1830">
    <p class='ocr_par' dir='ltr' id='par_1_47' title="bbox 2106 1751 3775 1830">
     <span class='ocr_line' id='line_1_48' title="bbox 2106 1751 3775 1830; baseline 0.005 -23"><span class='ocrx_word' id='word_1_349' title='bbox 2106 1757 2249 1826; x_wconf 84' lang='grc' dir='ltr'>μῶν,</span> <span class='ocrx_word' id='word_1_350' title='bbox 2308 1754 2487 1809; x_wconf 79' lang='grc' dir='ltr'>οὐσῶν</span> <span class='ocrx_word' id='word_1_351' title='bbox 2549 1751 2893 1824; x_wconf 78' lang='grc' dir='ltr'>δυοκαίδεκα,</span> <span class='ocrx_word' id='word_1_352' title='bbox 2952 1756 3256 1830; x_wconf 87' lang='grc' dir='ltr'>τρανότατα</span> <span class='ocrx_word' id='word_1_353' title='bbox 3316 1754 3598 1829; x_wconf 75' lang='grc' dir='ltr'>ὑπεδήλου</span> <span class='ocrx_word' id='word_1_354' title='bbox 3646 1764 3775 1823; x_wconf 87' lang='grc' dir='ltr'>τοῖς</span> 
     </span>
    </p>
   </div>
   <div class='ocr_carea' id='block_1_48' title="bbox 2017 1840 3769 1926">
    <p class='ocr_par' dir='ltr' id='par_1_48' title="bbox 2017 1840 3769 1926">
     <span class='ocr_line' id='line_1_49' title="bbox 2017 1840 3769 1926; baseline 0.005 -29"><span class='ocrx_word' id='word_1_355' title='bbox 2017 1860 2065 1926; x_wconf 82' lang='grc' dir='ltr'><strong>Β</strong></span> <span class='ocrx_word' id='word_1_356' title='bbox 2101 1842 2200 1906; x_wconf 80' lang='grc' dir='ltr'><strong>τὰς</strong></span> <span class='ocrx_word' id='word_1_357' title='bbox 2228 1842 2381 1917; x_wconf 75' lang='grc' dir='ltr'>ὄψεις</span> <span class='ocrx_word' id='word_1_358' title='bbox 2413 1841 2600 1916; x_wconf 75' lang='grc' dir='ltr'>ἔκείνῳ</span> <span class='ocrx_word' id='word_1_359' title='bbox 2650 1844 2742 1898; x_wconf 87' lang='grc' dir='ltr'><strong>σὺν</strong></span> <span class='ocrx_word' id='word_1_360' title='bbox 2791 1841 2946 1920; x_wconf 87' lang='grc' dir='ltr'>λόγῳ</span> <span class='ocrx_word' id='word_1_361' title='bbox 2986 1840 3459 1920; x_wconf 76' lang='grc' dir='ltr'>προσϐάλλουσιν,</span> <span class='ocrx_word' id='word_1_362' title='bbox 3488 1847 3648 1919; x_wconf 79' lang='grc' dir='ltr'>ἡνίκα</span> <span class='ocrx_word' id='word_1_363' title='bbox 3685 1850 3769 1925; x_wconf 77' lang='grc' dir='ltr'>μὴ</span> 
     </span>
    </p>
   </div>
   <div class='ocr_carea' id='block_1_49' title="bbox 2101 1928 3325 2009">
    <p class='ocr_par' dir='ltr' id='par_1_49' title="bbox 2101 1928 3325 2009">
     <span class='ocr_line' id='line_1_50' title="bbox 2101 1928 3325 2009; baseline 0.004 -25"><span class='ocrx_word' id='word_1_364' title='bbox 2101 1928 2353 2004; x_wconf 83' lang='grc' dir='ltr'>νεφέλαις</span> <span class='ocrx_word' id='word_1_365' title='bbox 2384 1928 2682 2009; x_wconf 77' lang='grc' dir='ltr'>ὲγνοφοῦτο</span> <span class='ocrx_word' id='word_1_366' title='bbox 2710 1930 2807 1993; x_wconf 81' lang='grc' dir='ltr'><strong>τὰς</strong></span> <span class='ocrx_word' id='word_1_367' title='bbox 2833 1929 3054 1994; x_wconf 86' lang='grc' dir='ltr'>ἀκτῖνας</span> <span class='ocrx_word' id='word_1_368' title='bbox 3086 1933 3115 1987; x_wconf 87' lang='grc' dir='ltr'>ὁ</span> <span class='ocrx_word' id='word_1_369' title='bbox 3138 1930 3325 2002; x_wconf 56' lang='grc' dir='ltr'>ἥλιος</span> 
     </span>
    </p>
   </div>
   <div class='ocr_carea' id='block_1_50' title="bbox 2170 2016 3777 2105">
    <p class='ocr_par' dir='ltr' id='par_1_50' title="bbox 2170 2016 3777 2105">
     <span class='ocr_line' id='line_1_51' title="bbox 2170 2016 3777 2105; baseline 0.005 -31"><span class='ocrx_word' id='word_1_370' title='bbox 2170 2020 2232 2076; x_wconf 84' lang='grc' dir='ltr'>θ’.</span> <span class='ocrx_word' id='word_1_371' title='bbox 2267 2018 2329 2105; x_wconf 73' lang='grc' dir='ltr'>Τί</span> <span class='ocrx_word' id='word_1_372' title='bbox 2363 2016 2485 2105; x_wconf 71' lang='grc' dir='ltr'>δὲή</span> <span class='ocrx_word' id='word_1_373' title='bbox 2537 2020 2584 2055; x_wconf 78' lang='grc'><strong>²⁰</strong></span> <span class='ocrx_word' id='word_1_374' title='bbox 2636 2018 2977 2083; x_wconf 83' lang='grc' dir='ltr'>λευκώλενος</span> <span class='ocrx_word' id='word_1_375' title='bbox 3044 2020 3235 2094; x_wconf 71' lang='grc' dir='ltr'>Ἑλένη</span> <span class='ocrx_word' id='word_1_376' title='bbox 3292 2020 3674 2105; x_wconf 87' lang='grc' dir='ltr'>καλλίσφυρός</span> <span class='ocrx_word' id='word_1_377' title='bbox 3707 2046 3777 2082; x_wconf 85' lang='grc' dir='ltr'><strong>τε</strong></span> 
     </span>
    </p>
   </div>
   <div class='ocr_carea' id='block_1_51' title="bbox 2094 2104 3769 2185">
    <p class='ocr_par' dir='ltr' id='par_1_51' title="bbox 2094 2104 3769 2185">
     <span class='ocr_line' id='line_1_52' title="bbox 2094 2104 3769 2185; baseline 0.004 -23"><span class='ocrx_word' id='word_1_378' title='bbox 2094 2106 2186 2162; x_wconf 88' lang='grc' dir='ltr'><strong>καὶ</strong></span> <span class='ocrx_word' id='word_1_379' title='bbox 2264 2104 2671 2183; x_wconf 85' lang='grc' dir='ltr'>δολιχόδειρος,</span> <span class='ocrx_word' id='word_1_380' title='bbox 2748 2110 2783 2179; x_wconf 78' lang='grc' dir='ltr'>ἡ</span> <span class='ocrx_word' id='word_1_381' title='bbox 2861 2108 2923 2163; x_wconf 85' lang='grc' dir='ltr'>τὸ</span> <span class='ocrx_word' id='word_1_382' title='bbox 2980 2108 3360 2182; x_wconf 75' lang='grc' dir='ltr'>Πανελλήνιον</span> <span class='ocrx_word' id='word_1_383' title='bbox 3419 2113 3496 2175; x_wconf 81' lang='grc' dir='ltr'><strong>είς</strong></span> <span class='ocrx_word' id='word_1_384' title='bbox 3555 2114 3769 2185; x_wconf 88' lang='grc' dir='ltr'>Τροίαν</span> 
     </span>
    </p>
   </div>
   <div class='ocr_carea' id='block_1_52' title="bbox 2092 2196 3770 2276">
    <p class='ocr_par' dir='ltr' id='par_1_52' title="bbox 2092 2196 3770 2276">
     <span class='ocr_line' id='line_1_53' title="bbox 2092 2196 3770 2276; baseline 0.004 -25"><span class='ocrx_word' id='word_1_385' title='bbox 2092 2196 2390 2273; x_wconf 81' lang='grc' dir='ltr'>ἀθροίσασα</span> <span class='ocrx_word' id='word_1_386' title='bbox 2462 2200 2552 2253; x_wconf 86' lang='grc' dir='ltr'><strong>καί</strong></span> <span class='ocrx_word' id='word_1_387' title='bbox 2626 2196 2937 2261; x_wconf 76' lang='grc' dir='ltr'>καθελοῦσα</span> <span class='ocrx_word' id='word_1_388' title='bbox 3002 2199 3226 2275; x_wconf 82' lang='grc' dir='ltr'>Τροίαν,</span> <span class='ocrx_word' id='word_1_389' title='bbox 3282 2201 3348 2255; x_wconf 72' lang='grc' dir='ltr'><strong>ἐκ</strong></span> <span class='ocrx_word' id='word_1_390' title='bbox 3423 2198 3484 2257; x_wconf 73' lang='grc' dir='ltr'>δὲ</span> <span class='ocrx_word' id='word_1_391' title='bbox 3553 2202 3770 2276; x_wconf 77' lang='grc' dir='ltr'><strong>ταύτης</strong></span> 
     </span>
    </p>
   </div>
   <div class='ocr_carea' id='block_1_53' title="bbox 2090 2284 3773 2363">
    <p class='ocr_par' dir='ltr' id='par_1_53' title="bbox 2090 2284 3773 2363">
     <span class='ocr_line' id='line_1_54' title="bbox 2090 2284 3773 2363; baseline 0.004 -21"><span class='ocrx_word' id='word_1_392' title='bbox 2090 2286 2513 2361; x_wconf 73' lang='grc' dir='ltr'>προσωκείλασα</span> <span class='ocrx_word' id='word_1_393' title='bbox 2563 2284 2752 2360; x_wconf 78' lang='grc' dir='ltr'>Νείλῳ</span> <span class='ocrx_word' id='word_1_394' title='bbox 2801 2288 3043 2352; x_wconf 75' lang='grc' dir='ltr'>κάκεῖθεν</span> <span class='ocrx_word' id='word_1_395' title='bbox 3102 2289 3257 2355; x_wconf 80' lang='grc' dir='ltr'>αὖθις</span> <span class='ocrx_word' id='word_1_396' title='bbox 3314 2289 3391 2355; x_wconf 76' lang='grc' dir='ltr'>εἷς</span> <span class='ocrx_word' id='word_1_397' title='bbox 3450 2291 3561 2363; x_wconf 71' lang='grc' dir='ltr'>ἢθη</span> <span class='ocrx_word' id='word_1_398' title='bbox 3619 2295 3663 2331; x_wconf 68' lang='grc' dir='ltr'>’ί</span> <span class='ocrx_word' id='word_1_399' title='bbox 3699 2294 3773 2349; x_wconf 76' lang='grc' dir='ltr'>τὰ</span> 
     </span>
    </p>
   </div>
   <div class='ocr_carea' id='block_1_54' title="bbox 2091 2377 3772 2461">
    <p class='ocr_par' dir='ltr' id='par_1_54' title="bbox 2091 2377 3772 2461">
     <span class='ocr_line' id='line_1_55' title="bbox 2091 2377 3772 2461; baseline 0.005 -27"><span class='ocrx_word' id='word_1_400' title='bbox 2091 2380 2363 2435; x_wconf 87' lang='grc' dir='ltr'>Λακώνων</span> <span class='ocrx_word' id='word_1_401' title='bbox 2460 2377 2838 2436; x_wconf 75' lang='grc' dir='ltr'>ἒπαναλύσασα</span> <span class='ocrx_word' id='word_1_402' title='bbox 2938 2382 3204 2458; x_wconf 84' lang='grc' dir='ltr'>χρόνιος;</span> <span class='ocrx_word' id='word_1_403' title='bbox 3307 2385 3431 2461; x_wconf 72' lang='grc' dir='ltr'><strong>Ἆρ’</strong></span> <span class='ocrx_word' id='word_1_404' title='bbox 3518 2384 3772 2458; x_wconf 74' lang='grc' dir='ltr'>ὲμείλιξε</span> 
     </span>
    </p>
   </div>
   <div class='ocr_carea' id='block_1_55' title="bbox 2089 2467 3766 2549">
    <p class='ocr_par' dir='ltr' id='par_1_55' title="bbox 2089 2467 3766 2549">
     <span class='ocr_line' id='line_1_56' title="bbox 2089 2467 3766 2549; baseline 0.005 -25"><span class='ocrx_word' id='word_1_405' title='bbox 2089 2468 2221 2535; x_wconf 81' lang='grc' dir='ltr'>τοὺς</span> <span class='ocrx_word' id='word_1_406' title='bbox 2274 2467 2738 2544; x_wconf 86' lang='grc' dir='ltr'>δυσμειλίκτους;</span> <span class='ocrx_word' id='word_1_407' title='bbox 2800 2472 2924 2543; x_wconf 72' lang='grc' dir='ltr'><strong>’Ἆρ’</strong></span> <span class='ocrx_word' id='word_1_408' title='bbox 3009 2471 3283 2546; x_wconf 77' lang='grc' dir='ltr'>ἒμάλθαξε</span> <span class='ocrx_word' id='word_1_409' title='bbox 3334 2475 3465 2536; x_wconf 80' lang='grc' dir='ltr'>τοὺς</span> <span class='ocrx_word' id='word_1_410' title='bbox 3523 2473 3766 2549; x_wconf 88' lang='grc' dir='ltr'>σιδηρό-</span> 
     </span>
    </p>
   </div>
   <div class='ocr_carea' id='block_1_56' title="bbox 2091 2558 3763 2635">
    <p class='ocr_par' dir='ltr' id='par_1_56' title="bbox 2091 2558 3763 2635">
     <span class='ocr_line' id='line_1_57' title="bbox 2091 2558 3763 2635; baseline 0.003 -19"><span class='ocrx_word' id='word_1_411' title='bbox 2091 2580 2290 2635; x_wconf 73' lang='grc' dir='ltr'>φρονας</span> <span class='ocrx_word' id='word_1_412' title='bbox 2316 2579 2330 2630; x_wconf 88' lang='grc'><strong>;</strong></span> <span class='ocrx_word' id='word_1_413' title='bbox 2363 2561 2644 2634; x_wconf 82' lang='grc' dir='ltr'>Ούμενοῦν</span> <span class='ocrx_word' id='word_1_414' title='bbox 2697 2562 2744 2605; x_wconf 67' lang='grc'>³³</span> <span class='ocrx_word' id='word_1_415' title='bbox 2800 2558 2925 2616; x_wconf 74' lang='grc' dir='ltr'>οὐδὲ</span> <span class='ocrx_word' id='word_1_416' title='bbox 2981 2561 3128 2626; x_wconf 79' lang='grc' dir='ltr'>ὅλως</span> <span class='ocrx_word' id='word_1_417' title='bbox 3156 2564 3202 2600; x_wconf 68' lang='grc'><strong>³⁸</strong></span> <span class='ocrx_word' id='word_1_418' title='bbox 3230 2563 3482 2620; x_wconf 87' lang='grc' dir='ltr'>τοιοῦτόν</span> <span class='ocrx_word' id='word_1_419' title='bbox 3514 2585 3569 2620; x_wconf 86' lang='grc' dir='ltr'><strong>τι</strong></span> <span class='ocrx_word' id='word_1_420' title='bbox 3599 2562 3763 2621; x_wconf 84' lang='grc' dir='ltr'>δεδύ-</span> 
     </span>
    </p>
   </div>
   <div class='ocr_carea' id='block_1_57' title="bbox 2089 2650 3757 2731">
    <p class='ocr_par' dir='ltr' id='par_1_57' title="bbox 2089 2650 3757 2731">
     <span class='ocr_line' id='line_1_58' title="bbox 2089 2650 3757 2731; baseline 0.002 -23"><span class='ocrx_word' id='word_1_421' title='bbox 2089 2671 2250 2721; x_wconf 87' lang='grc' dir='ltr'>νηται</span> <span class='ocrx_word' id='word_1_422' title='bbox 2297 2652 2334 2721; x_wconf 78' lang='grc' dir='ltr'><strong>ἡ</strong></span> <span class='ocrx_word' id='word_1_423' title='bbox 2392 2650 2567 2706; x_wconf 82' lang='grc' dir='ltr'>πάντα</span> <span class='ocrx_word' id='word_1_424' title='bbox 2624 2651 2819 2722; x_wconf 76' lang='grc' dir='ltr'>θεατὴν</span> <span class='ocrx_word' id='word_1_425' title='bbox 2877 2655 2956 2724; x_wconf 80' lang='grc' dir='ltr'>τῷ</span> <span class='ocrx_word' id='word_1_426' title='bbox 3005 2650 3203 2709; x_wconf 71' lang='grc' dir='ltr'>κάλλει</span> <span class='ocrx_word' id='word_1_427' title='bbox 3255 2650 3757 2731; x_wconf 81' lang='grc' dir='ltr'>δουλαγωγήσασα,</span> 
     </span>
    </p>
   </div>
   <div class='ocr_carea' id='block_1_58' title="bbox 2088 2739 3753 2821">
    <p class='ocr_par' dir='ltr' id='par_1_58' title="bbox 2088 2739 3753 2821">
     <span class='ocr_line' id='line_1_59' title="bbox 2088 2739 3753 2821; baseline 0.003 -26"><span class='ocrx_word' id='word_1_428' title='bbox 2088 2740 2283 2813; x_wconf 86' lang='grc' dir='ltr'>καίπερ</span> <span class='ocrx_word' id='word_1_429' title='bbox 2352 2739 2710 2813; x_wconf 73' lang='grc' dir='ltr'>ἑστολισμένη</span> <span class='ocrx_word' id='word_1_430' title='bbox 2780 2742 2827 2777; x_wconf 77' lang='grc'><strong>²⁴</strong></span> <span class='ocrx_word' id='word_1_431' title='bbox 2894 2746 3214 2817; x_wconf 77' lang='grc' dir='ltr'>θεατρικῶς,</span> <span class='ocrx_word' id='word_1_432' title='bbox 3289 2744 3381 2798; x_wconf 86' lang='grc' dir='ltr'><strong>καὶ</strong></span> <span class='ocrx_word' id='word_1_433' title='bbox 3459 2742 3753 2821; x_wconf 77' lang='grc' dir='ltr'>δροσώδης</span> 
     </span>
    </p>
   </div>
   <div class='ocr_carea' id='block_1_59' title="bbox 2091 2834 3761 2920">
    <p class='ocr_par' dir='ltr' id='par_1_59' title="bbox 2091 2834 3761 2920">
     <span class='ocr_line' id='line_1_60' title="bbox 2091 2834 3761 2920; baseline 0.004 -26"><span class='ocrx_word' id='word_1_434' title='bbox 2091 2834 2346 2914; x_wconf 74' lang='grc' dir='ltr'>ὁρωμένη</span> <span class='ocrx_word' id='word_1_435' title='bbox 2378 2839 2474 2893; x_wconf 81' lang='grc' dir='ltr'><strong>κάν</strong></span> <span class='ocrx_word' id='word_1_436' title='bbox 2505 2844 2586 2912; x_wconf 77' lang='grc' dir='ltr'><strong>τῷ</strong></span> <span class='ocrx_word' id='word_1_437' title='bbox 2615 2837 2814 2915; x_wconf 84' lang='grc' dir='ltr'>χαλκῷ</span> <span class='ocrx_word' id='word_1_438' title='bbox 2855 2840 2946 2895; x_wconf 86' lang='grc' dir='ltr'><strong>καὶ</strong></span> <span class='ocrx_word' id='word_1_439' title='bbox 2997 2839 3359 2915; x_wconf 76' lang='grc' dir='ltr'>ὑγραινομένη</span> <span class='ocrx_word' id='word_1_440' title='bbox 3405 2842 3548 2919; x_wconf 86' lang='grc' dir='ltr'>πρὸς</span> <span class='ocrx_word' id='word_1_441' title='bbox 3575 2841 3761 2920; x_wconf 81' lang='grc' dir='ltr'>ἔρωτα</span> 
     </span>
    </p>
   </div>
   <div class='ocr_carea' id='block_1_60' title="bbox 2086 2925 3757 3008">
    <p class='ocr_par' dir='ltr' id='par_1_60' title="bbox 2086 2925 3757 3008">
     <span class='ocr_line' id='line_1_61' title="bbox 2086 2925 3757 3008; baseline 0.003 -23"><span class='ocrx_word' id='word_1_442' title='bbox 2086 2933 2169 3000; x_wconf 78' lang='grc' dir='ltr'><strong>τῷ</strong></span> <span class='ocrx_word' id='word_1_443' title='bbox 2234 2932 2455 3003; x_wconf 80' lang='grc' dir='ltr'>χιτῶνι,</span> <span class='ocrx_word' id='word_1_444' title='bbox 2522 2932 2601 3000; x_wconf 81' lang='grc' dir='ltr'><strong>τῷ</strong></span> <span class='ocrx_word' id='word_1_445' title='bbox 2684 2925 2982 3005; x_wconf 72' lang='grc' dir='ltr'>κρηδέμνῳ</span> <span class='ocrx_word' id='word_1_446' title='bbox 3053 2932 3123 3003; x_wconf 74' lang='grc' dir='ltr'><strong>τῇ</strong></span> <span class='ocrx_word' id='word_1_447' title='bbox 3194 2932 3446 3008; x_wconf 75' lang='grc' dir='ltr'>στεφάνῃ</span> <span class='ocrx_word' id='word_1_448' title='bbox 3513 2934 3608 2989; x_wconf 84' lang='grc' dir='ltr'>καὶ</span> <span class='ocrx_word' id='word_1_449' title='bbox 3671 2939 3757 3008; x_wconf 80' lang='grc' dir='ltr'><strong>τῷ</strong></span> 
     </span>
    </p>
   </div>
   <div class='ocr_carea' id='block_1_61' title="bbox 2085 3016 3756 3097">
    <p class='ocr_par' dir='ltr' id='par_1_61' title="bbox 2085 3016 3756 3097">
     <span class='ocr_line' id='line_1_62' title="bbox 2085 3016 3756 3097; baseline 0.002 -21"><span class='ocrx_word' id='word_1_450' title='bbox 2085 3016 2337 3093; x_wconf 79' lang='grc' dir='ltr'>πλοχμῷ</span> <span class='ocrx_word' id='word_1_451' title='bbox 2365 3022 2475 3074; x_wconf 87' lang='grc' dir='ltr'><strong>τῶν</strong></span> <span class='ocrx_word' id='word_1_452' title='bbox 2513 3021 2744 3092; x_wconf 83' lang='grc' dir='ltr'>τριχῶν.</span> <span class='ocrx_word' id='word_1_453' title='bbox 2805 3018 2866 3075; x_wconf 91' lang='grc' dir='ltr'>Ὁ</span> <span class='ocrx_word' id='word_1_454' title='bbox 2927 3019 3020 3093; x_wconf 73' lang='grc' dir='ltr'>μὲν</span> <span class='ocrx_word' id='word_1_455' title='bbox 3082 3019 3185 3094; x_wconf 79' lang='grc' dir='ltr'><strong>γὰρ</strong></span> <span class='ocrx_word' id='word_1_456' title='bbox 3236 3019 3522 3097; x_wconf 82' lang='grc' dir='ltr'>ἀραχνίων</span> <span class='ocrx_word' id='word_1_457' title='bbox 3553 3022 3756 3079; x_wconf 86' lang='grc' dir='ltr'>λεπτό-</span> 
     </span>
    </p>
   </div>
   <div class='ocr_carea' id='block_1_62' title="bbox 2084 3103 3752 3182">
    <p class='ocr_par' dir='ltr' id='par_1_62' title="bbox 2084 3103 3752 3182">
     <span class='ocr_line' id='line_1_63' title="bbox 2084 3103 3752 3182; baseline 0.005 -22"><span class='ocrx_word' id='word_1_458' title='bbox 2084 3127 2241 3181; x_wconf 88' lang='grc' dir='ltr'>τερος</span> <span class='ocrx_word' id='word_1_459' title='bbox 2307 3106 2397 3175; x_wconf 77' lang='grc' dir='ltr'><strong>ἦν·</strong></span> <span class='ocrx_word' id='word_1_460' title='bbox 2465 3107 2527 3161; x_wconf 90' lang='grc' dir='ltr'>τὸ</span> <span class='ocrx_word' id='word_1_461' title='bbox 2594 3103 2650 3161; x_wconf 77' lang='grc' dir='ltr'>δὲ</span> <span class='ocrx_word' id='word_1_462' title='bbox 2718 3104 3005 3163; x_wconf 83' lang='grc' dir='ltr'>δαιδάλεον</span> <span class='ocrx_word' id='word_1_463' title='bbox 3088 3107 3397 3167; x_wconf 79' lang='grc' dir='ltr'>ἐπανὲκειτο</span> <span class='ocrx_word' id='word_1_464' title='bbox 3464 3114 3529 3169; x_wconf 68' lang='grc'><strong>’⁵.</strong></span> <span class='ocrx_word' id='word_1_465' title='bbox 3588 3115 3621 3182; x_wconf 75' lang='grc' dir='ltr'>ἡ</span> <span class='ocrx_word' id='word_1_466' title='bbox 3691 3110 3752 3169; x_wconf 81' lang='grc' dir='ltr'>δὲ</span> 
     </span>
    </p>
   </div>
   <div class='ocr_carea' id='block_1_63' title="bbox 314 3191 1985 3291">
    <p class='ocr_par' dir='ltr' id='par_1_63' title="bbox 314 3196 1974 3267">
     <span class='ocr_line' id='line_1_64' title="bbox 314 3196 1974 3267; baseline -0.001 -13"><span class='ocrx_word' id='word_1_467' title='bbox 314 3196 532 3254; x_wconf 66' lang='lat' dir='ltr'><strong>Mirum</strong></span> <span class='ocrx_word' id='word_1_468' title='bbox 562 3212 703 3253; x_wconf 83' lang='lat' dir='ltr'><strong>sane</strong></span> <span class='ocrx_word' id='word_1_469' title='bbox 737 3197 1002 3267; x_wconf 84' lang='lat' dir='ltr'><strong>undique</strong></span> <span class='ocrx_word' id='word_1_470' title='bbox 1055 3197 1368 3253; x_wconf 87' lang='lat' dir='ltr'><strong>artiﬁcium</strong></span> <span class='ocrx_word' id='word_1_471' title='bbox 1421 3198 1732 3254; x_wconf 86' lang='lat' dir='ltr'><strong>eminebat.</strong></span> <span class='ocrx_word' id='word_1_472' title='bbox 1793 3197 1974 3254; x_wconf 88' lang='lat' dir='ltr'><strong>Frons</strong></span> 
     </span>
    </p>
   </div>
   <div class='ocr_carea' id='block_1_64' title="bbox 2098 3191 3740 3291">
    <p class='ocr_par' dir='ltr' id='par_1_64' title="bbox 2098 3191 3740 3278">
     <span class='ocr_line' id='line_1_65' title="bbox 2098 3191 3740 3278; baseline 0.004 -28"><span class='ocrx_word' id='word_1_473' title='bbox 2098 3191 2254 3250; x_wconf 73' lang='grc' dir='ltr'>διέδει</span> <span class='ocrx_word' id='word_1_474' title='bbox 2308 3195 2370 3249; x_wconf 91' lang='grc' dir='ltr'>τὸ</span> <span class='ocrx_word' id='word_1_475' title='bbox 2422 3198 2466 3233; x_wconf 79' lang='grc'>³⁸</span> <span class='ocrx_word' id='word_1_476' title='bbox 2526 3193 2779 3269; x_wconf 66' lang='grc' dir='ltr'>μέτωπον</span> <span class='ocrx_word' id='word_1_477' title='bbox 2838 3202 3050 3273; x_wconf 90' lang='grc' dir='ltr'>χρυσοῦ</span> <span class='ocrx_word' id='word_1_478' title='bbox 3105 3199 3197 3253; x_wconf 85' lang='grc' dir='ltr'><strong>καὶ</strong></span> <span class='ocrx_word' id='word_1_479' title='bbox 3246 3198 3537 3278; x_wconf 86' lang='grc' dir='ltr'>τιμαλφῶν</span> <span class='ocrx_word' id='word_1_480' title='bbox 3566 3198 3740 3264; x_wconf 82' lang='grc' dir='ltr'>λίθων</span> 
     </span>
    </p>
   </div>
   <div class='ocr_carea' id='block_1_65' title="bbox 316 3282 1985 3362">
    <p class='ocr_par' dir='ltr' id='par_1_65' title="bbox 316 3283 1979 3359">
     <span class='ocr_line' id='line_1_66' title="bbox 316 3283 1979 3359; baseline 0.001 -19"><span class='ocrx_word' id='word_1_481' title='bbox 316 3284 447 3356; x_wconf 65' lang='lat' dir='ltr'><strong>qius</strong></span> <span class='ocrx_word' id='word_1_482' title='bbox 477 3283 756 3341; x_wconf 81' lang='lat' dir='ltr'><strong>redimita</strong></span> <span class='ocrx_word' id='word_1_483' title='bbox 813 3299 957 3341; x_wconf 86' lang='lat' dir='ltr'><strong>auro</strong></span> <span class='ocrx_word' id='word_1_484' title='bbox 1023 3287 1084 3342; x_wconf 84' lang='lat' dir='ltr'><strong>et</strong></span> <span class='ocrx_word' id='word_1_485' title='bbox 1143 3286 1423 3358; x_wconf 83' lang='lat' dir='ltr'><strong>gemmis,</strong></span> <span class='ocrx_word' id='word_1_486' title='bbox 1456 3286 1627 3359; x_wconf 91' lang='lat' dir='ltr'><strong>quasi</strong></span> <span class='ocrx_word' id='word_1_487' title='bbox 1685 3285 1979 3359; x_wconf 88' lang='lat' dir='ltr'><strong>pellucida</strong></span> 
     </span>
    </p>
   </div>
   <div class='ocr_carea' id='block_1_66' title="bbox 2098 3282 3736 3362">
    <p class='ocr_par' dir='ltr' id='par_1_66' title="bbox 2098 3282 3736 3362">
     <span class='ocr_line' id='line_1_67' title="bbox 2098 3282 3736 3362; baseline 0.002 -22"><span class='ocrx_word' id='word_1_488' title='bbox 2098 3284 2498 3357; x_wconf 67' lang='grc' dir='ltr'>ὅποκρινομὲνη</span> <span class='ocrx_word' id='word_1_489' title='bbox 2556 3282 2852 3360; x_wconf 85' lang='grc' dir='ltr'>διαύγειαν·</span> <span class='ocrx_word' id='word_1_490' title='bbox 2910 3287 2938 3340; x_wconf 92' lang='lat'><strong>6</strong></span> <span class='ocrx_word' id='word_1_491' title='bbox 2997 3283 3056 3341; x_wconf 74' lang='grc' dir='ltr'>δὲ</span> <span class='ocrx_word' id='word_1_492' title='bbox 3104 3287 3167 3343; x_wconf 87' lang='grc' dir='ltr'><strong>τὸ</strong></span> <span class='ocrx_word' id='word_1_493' title='bbox 3223 3295 3325 3359; x_wconf 79' lang='grc' dir='ltr'><strong>τῆς</strong></span> <span class='ocrx_word' id='word_1_494' title='bbox 3377 3293 3546 3362; x_wconf 81' lang='grc' dir='ltr'>κόμης</span> <span class='ocrx_word' id='word_1_495' title='bbox 3574 3291 3615 3324; x_wconf 87' lang='grc'><strong>²⁷</strong></span> <span class='ocrx_word' id='word_1_496' title='bbox 3642 3309 3736 3343; x_wconf 81' lang='grc' dir='ltr'>κε-</span> 
     </span>
    </p>
   </div>
   <div class='ocr_carea' id='block_1_67' title="bbox 314 3372 1979 3447">
    <p class='ocr_par' dir='ltr' id='par_1_67' title="bbox 314 3372 1979 3447">
     <span class='ocr_line' id='line_1_68' title="bbox 314 3372 1979 3447; baseline 0.002 -17"><span class='ocrx_word' id='word_1_497' title='bbox 314 3372 673 3444; x_wconf 79' lang='lat' dir='ltr'><strong>videbatur;</strong></span> <span class='ocrx_word' id='word_1_498' title='bbox 705 3372 1059 3446; x_wconf 88' lang='lat' dir='ltr'><strong>capillitium</strong></span> <span class='ocrx_word' id='word_1_499' title='bbox 1126 3375 1379 3433; x_wconf 72' lang='lat' dir='ltr'><strong>effusum</strong></span> <span class='ocrx_word' id='word_1_500' title='bbox 1436 3393 1507 3432; x_wconf 92' lang='lat' dir='ltr'><strong>ac</strong></span> <span class='ocrx_word' id='word_1_501' title='bbox 1558 3376 1746 3433; x_wconf 88' lang='lat' dir='ltr'><strong>ventis</strong></span> <span class='ocrx_word' id='word_1_502' title='bbox 1791 3377 1979 3447; x_wconf 79' lang='lat' dir='ltr'><strong>agita-</strong></span> 
     </span>
    </p>
   </div>
   <div class='ocr_carea' id='block_1_68' title="bbox 321 3460 1979 3537">
    <p class='ocr_par' dir='ltr' id='par_1_68' title="bbox 321 3460 1979 3537">
     <span class='ocr_line' id='line_1_69' title="bbox 321 3460 1979 3537; baseline 0 -18"><span class='ocrx_word' id='word_1_503' title='bbox 321 3468 447 3519; x_wconf 86' lang='lat' dir='ltr'><strong>tum</strong></span> <span class='ocrx_word' id='word_1_504' title='bbox 488 3460 709 3519; x_wconf 87' lang='lat' dir='ltr'><strong>circulo</strong></span> <span class='ocrx_word' id='word_1_505' title='bbox 769 3462 830 3519; x_wconf 91' lang='lat' dir='ltr'><strong>in</strong></span> <span class='ocrx_word' id='word_1_506' title='bbox 888 3462 1138 3536; x_wconf 83' lang='lat' dir='ltr'><strong>occipito</strong></span> <span class='ocrx_word' id='word_1_507' title='bbox 1193 3463 1387 3535; x_wconf 81' lang='lat' dir='ltr'><strong>posito</strong></span> <span class='ocrx_word' id='word_1_508' title='bbox 1443 3463 1979 3537; x_wconf 81' lang='lat' dir='ltr'><strong>constringebatur,</strong></span> 
     </span>
    </p>
   </div>
   <div class='ocr_carea' id='block_1_69' title="bbox 318 3549 1976 3626">
    <p class='ocr_par' dir='ltr' id='par_1_69' title="bbox 318 3549 1976 3626">
     <span class='ocr_line' id='line_1_70' title="bbox 318 3549 1976 3626; baseline 0.001 -18"><span class='ocrx_word' id='word_1_509' title='bbox 318 3549 457 3608; x_wconf 85' lang='lat' dir='ltr'><strong>hinc</strong></span> <span class='ocrx_word' id='word_1_510' title='bbox 477 3564 612 3609; x_wconf 83' lang='lat' dir='ltr'><strong>vero</strong></span> <span class='ocrx_word' id='word_1_511' title='bbox 634 3553 708 3608; x_wconf 85' lang='lat' dir='ltr'><strong>ad</strong></span> <span class='ocrx_word' id='word_1_512' title='bbox 734 3552 911 3609; x_wconf 87' lang='lat' dir='ltr'><strong>tibias</strong></span> <span class='ocrx_word' id='word_1_513' title='bbox 929 3569 1120 3626; x_wconf 84' lang='lat' dir='ltr'><strong>usque</strong></span> <span class='ocrx_word' id='word_1_514' title='bbox 1143 3553 1473 3610; x_wconf 79' lang='lat' dir='ltr'><strong>difﬂuebat.</strong></span> <span class='ocrx_word' id='word_1_515' title='bbox 1510 3552 1683 3610; x_wconf 88' lang='lat' dir='ltr'><strong>Labia</strong></span> <span class='ocrx_word' id='word_1_516' title='bbox 1712 3553 1976 3626; x_wconf 85' lang='lat' dir='ltr'><strong>calycum</strong></span> 
     </span>
    </p>
   </div>
   <div class='ocr_carea' id='block_1_70' title="bbox 316 3640 1981 3716">
    <p class='ocr_par' dir='ltr' id='par_1_70' title="bbox 316 3640 1981 3716">
     <span class='ocr_line' id='line_1_71' title="bbox 316 3640 1981 3716; baseline 0.001 -19"><span class='ocrx_word' id='word_1_517' title='bbox 316 3640 508 3698; x_wconf 86' lang='lat' dir='ltr'><strong>instar</strong></span> <span class='ocrx_word' id='word_1_518' title='bbox 537 3643 752 3700; x_wconf 86' lang='lat' dir='ltr'><strong>sensim</strong></span> <span class='ocrx_word' id='word_1_519' title='bbox 782 3646 1005 3716; x_wconf 89' lang='lat' dir='ltr'><strong>aperta,</strong></span> <span class='ocrx_word' id='word_1_520' title='bbox 1051 3650 1115 3699; x_wconf 91' lang='lat' dir='ltr'><strong>ut</strong></span> <span class='ocrx_word' id='word_1_521' title='bbox 1163 3643 1504 3700; x_wconf 89' lang='lat' dir='ltr'><strong>viderentur</strong></span> <span class='ocrx_word' id='word_1_522' title='bbox 1554 3658 1757 3699; x_wconf 89' lang='lat' dir='ltr'><strong>vocem</strong></span> <span class='ocrx_word' id='word_1_523' title='bbox 1805 3644 1981 3700; x_wconf 81' lang='lat' dir='ltr'><strong>emit-</strong></span> 
     </span>
    </p>
   </div>
   <div class='ocr_carea' id='block_1_71' title="bbox 317 3732 1979 3801">
    <p class='ocr_par' dir='ltr' id='par_1_71' title="bbox 317 3732 1979 3801">
     <span class='ocr_line' id='line_1_72' title="bbox 317 3732 1979 3801; baseline 0.001 -12"><span class='ocrx_word' id='word_1_524' title='bbox 317 3734 476 3789; x_wconf 86' lang='lat' dir='ltr'><strong>tere:</strong></span> <span class='ocrx_word' id='word_1_525' title='bbox 513 3732 649 3791; x_wconf 87' lang='lat' dir='ltr'><strong>hinc</strong></span> <span class='ocrx_word' id='word_1_526' title='bbox 682 3732 1074 3791; x_wconf 86' lang='lat' dir='ltr'><strong>suavissimus</strong></span> <span class='ocrx_word' id='word_1_527' title='bbox 1094 3733 1252 3790; x_wconf 90' lang='lat' dir='ltr'><strong>risus</strong></span> <span class='ocrx_word' id='word_1_528' title='bbox 1282 3749 1409 3791; x_wconf 88' lang='lat' dir='ltr'><strong>sese</strong></span> <span class='ocrx_word' id='word_1_529' title='bbox 1446 3734 1645 3790; x_wconf 88' lang='lat' dir='ltr'><strong>statim</strong></span> <span class='ocrx_word' id='word_1_530' title='bbox 1709 3733 1979 3801; x_wconf 68' lang='lat' dir='ltr'><strong>offerens,</strong></span> 
     </span>
    </p>
   </div>
   <div class='ocr_carea' id='block_1_72' title="bbox 330 3821 1979 3895">
    <p class='ocr_par' dir='ltr' id='par_1_72' title="bbox 330 3821 1979 3895">
     <span class='ocr_line' id='line_1_73' title="bbox 330 3821 1979 3895; baseline 0.001 -18"><span class='ocrx_word' id='word_1_531' title='bbox 330 3825 721 3892; x_wconf 79' lang='lat' dir='ltr'><strong>spectatorem</strong></span> <span class='ocrx_word' id='word_1_532' title='bbox 752 3821 953 3879; x_wconf 66' lang='lat' dir='ltr'><strong>latitia</strong></span> <span class='ocrx_word' id='word_1_533' title='bbox 990 3822 1274 3894; x_wconf 90' lang='lat' dir='ltr'><strong>replebat.</strong></span> <span class='ocrx_word' id='word_1_534' title='bbox 1334 3821 1650 3880; x_wconf 86' lang='lat' dir='ltr'><strong>Oculorum</strong></span> <span class='ocrx_word' id='word_1_535' title='bbox 1707 3822 1979 3895; x_wconf 82' lang='lat' dir='ltr'><strong>gratiam,</strong></span> 
     </span>
    </p>
   </div>
   <div class='ocr_carea' id='block_1_73' title="bbox 342 3909 1981 3983">
    <p class='ocr_par' dir='ltr' id='par_1_73' title="bbox 342 3909 1981 3983">
     <span class='ocr_line' id='line_1_74' title="bbox 342 3909 1981 3983; baseline 0.001 -17"><span class='ocrx_word' id='word_1_536' title='bbox 342 3909 792 3982; x_wconf 78' lang='lat' dir='ltr'><strong>superciliorum</strong></span> <span class='ocrx_word' id='word_1_537' title='bbox 852 3926 1025 3968; x_wconf 89' lang='lat' dir='ltr'><strong>arcus</strong></span> <span class='ocrx_word' id='word_1_538' title='bbox 1073 3910 1484 3983; x_wconf 89' lang='lat' dir='ltr'><strong>reliquamque</strong></span> <span class='ocrx_word' id='word_1_539' title='bbox 1512 3911 1770 3983; x_wconf 87' lang='lat' dir='ltr'><strong>corporis</strong></span> <span class='ocrx_word' id='word_1_540' title='bbox 1801 3928 1981 3967; x_wconf 89' lang='lat' dir='ltr'><strong>venu-</strong></span> 
     </span>
    </p>
   </div>
   <div class='ocr_carea' id='block_1_74' title="bbox 330 3999 1984 4072">
    <p class='ocr_par' dir='ltr' id='par_1_74' title="bbox 330 3999 1984 4072">
     <span class='ocr_line' id='line_1_75' title="bbox 330 3999 1984 4072; baseline 0.001 -17"><span class='ocrx_word' id='word_1_541' title='bbox 330 4001 541 4057; x_wconf 88' lang='lat' dir='ltr'><strong>statem</strong></span> <span class='ocrx_word' id='word_1_542' title='bbox 574 3999 777 4058; x_wconf 88' lang='lat' dir='ltr'><strong>nullus</strong></span> <span class='ocrx_word' id='word_1_543' title='bbox 808 4016 1002 4059; x_wconf 86' lang='lat' dir='ltr'><strong>sermo</strong></span> <span class='ocrx_word' id='word_1_544' title='bbox 1030 4017 1135 4072; x_wconf 90' lang='lat' dir='ltr'><strong>pro</strong></span> <span class='ocrx_word' id='word_1_545' title='bbox 1166 4001 1376 4058; x_wconf 87' lang='lat' dir='ltr'><strong>merito</strong></span> <span class='ocrx_word' id='word_1_546' title='bbox 1425 4001 1705 4072; x_wconf 82' lang='lat' dir='ltr'><strong>depingat</strong></span> <span class='ocrx_word' id='word_1_547' title='bbox 1743 4000 1899 4056; x_wconf 77' lang='lat'><strong>864</strong></span> <span class='ocrx_word' id='word_1_548' title='bbox 1927 4002 1984 4057; x_wconf 89' lang='lat' dir='ltr'><strong>et</strong></span> 
     </span>
    </p>
   </div>
   <div class='ocr_carea' id='block_1_75' title="bbox 332 4089 1986 4163">
    <p class='ocr_par' dir='ltr' id='par_1_75' title="bbox 332 4089 1986 4163">
     <span class='ocr_line' id='line_1_76' title="bbox 332 4089 1986 4163; baseline 0.002 -19"><span class='ocrx_word' id='word_1_549' title='bbox 332 4090 579 4161; x_wconf 80' lang='lat' dir='ltr'><strong>posteris</strong></span> <span class='ocrx_word' id='word_1_550' title='bbox 609 4090 1065 4159; x_wconf 83' lang='lat' dir='ltr'><strong>tradat.Verum,</strong></span> <span class='ocrx_word' id='word_1_551' title='bbox 1087 4106 1119 4146; x_wconf 92' lang='grc' dir='ltr'><strong>ο</strong></span> <span class='ocrx_word' id='word_1_552' title='bbox 1136 4090 1428 4163; x_wconf 78' lang='lat' dir='ltr'><strong>Tyndaris</strong></span> <span class='ocrx_word' id='word_1_553' title='bbox 1447 4089 1689 4160; x_wconf 84' lang='lat' dir='ltr'><strong>Helena,</strong></span> <span class='ocrx_word' id='word_1_554' title='bbox 1722 4090 1852 4163; x_wconf 85' lang='lat' dir='ltr'><strong>ipsa</strong></span> <span class='ocrx_word' id='word_1_555' title='bbox 1882 4108 1986 4163; x_wconf 90' lang='lat' dir='ltr'><strong>per</strong></span> 
     </span>
    </p>
   </div>
   <div class='ocr_carea' id='block_1_76' title="bbox 327 4179 1981 4252">
    <p class='ocr_par' dir='ltr' id='par_1_76' title="bbox 327 4179 1981 4252">
     <span class='ocr_line' id='line_1_77' title="bbox 327 4179 1981 4252; baseline 0.001 -16"><span class='ocrx_word' id='word_1_556' title='bbox 327 4194 393 4236; x_wconf 81' lang='lat' dir='ltr'><strong>se</strong></span> <span class='ocrx_word' id='word_1_557' title='bbox 422 4179 1184 4252; x_wconf 81' lang='lat' dir='ltr'><strong>pulchritudo,Gupidinum</strong></span> <span class='ocrx_word' id='word_1_558' title='bbox 1218 4179 1430 4251; x_wconf 85' lang='lat' dir='ltr'><strong>areola,</strong></span> <span class='ocrx_word' id='word_1_559' title='bbox 1462 4180 1709 4237; x_wconf 86' lang='lat' dir='ltr'><strong>Veneris</strong></span> <span class='ocrx_word' id='word_1_560' title='bbox 1765 4180 1981 4239; x_wconf 87' lang='lat' dir='ltr'><strong>sollici-</strong></span> 
     </span>
    </p>
   </div>
   <div class='ocr_carea' id='block_1_77' title="bbox 327 4267 1981 4341">
    <p class='ocr_par' dir='ltr' id='par_1_77' title="bbox 327 4267 1981 4341">
     <span class='ocr_line' id='line_1_78' title="bbox 327 4267 1981 4341; baseline 0.003 -18"><span class='ocrx_word' id='word_1_561' title='bbox 327 4267 1054 4339; x_wconf 73' lang='lat' dir='ltr'><strong>tudo,prtestantissimum</strong></span> <span class='ocrx_word' id='word_1_562' title='bbox 1076 4272 1296 4327; x_wconf 67' lang='lat' dir='ltr'><strong>natura</strong></span> <span class='ocrx_word' id='word_1_563' title='bbox 1335 4269 1580 4340; x_wconf 91' lang='lat' dir='ltr'><strong>donum,</strong></span> <span class='ocrx_word' id='word_1_564' title='bbox 1597 4268 1981 4341; x_wconf 69' lang='lat' dir='ltr'><strong>Troianorum</strong></span> 
     </span>
    </p>
   </div>
   <div class='ocr_carea' id='block_1_78' title="bbox 322 4356 1981 4420">
    <p class='ocr_par' dir='ltr' id='par_1_78' title="bbox 322 4356 1981 4420">
     <span class='ocr_line' id='line_1_79' title="bbox 322 4356 1981 4420; baseline 0.003 -6"><span class='ocrx_word' id='word_1_565' title='bbox 322 4363 382 4414; x_wconf 82' lang='lat' dir='ltr'><strong>et</strong></span> <span class='ocrx_word' id='word_1_566' title='bbox 411 4356 741 4416; x_wconf 67' lang='lat' dir='ltr'><strong>Grecorum</strong></span> <span class='ocrx_word' id='word_1_567' title='bbox 769 4358 1039 4417; x_wconf 88' lang='lat' dir='ltr'><strong>bravinm</strong></span> <span class='ocrx_word' id='word_1_568' title='bbox 1072 4376 1089 4417; x_wconf 90' lang='lat'><strong>:</strong></span> <span class='ocrx_word' id='word_1_569' title='bbox 1121 4360 1223 4416; x_wconf 91' lang='lat' dir='ltr'><strong>ubi</strong></span> <span class='ocrx_word' id='word_1_570' title='bbox 1254 4365 1424 4417; x_wconf 87' lang='lat' dir='ltr'><strong>tuum</strong></span> <span class='ocrx_word' id='word_1_571' title='bbox 1453 4360 1605 4417; x_wconf 88' lang='lat' dir='ltr'><strong>illud</strong></span> <span class='ocrx_word' id='word_1_572' title='bbox 1659 4362 1981 4420; x_wconf 90' lang='lat' dir='ltr'><strong>remedium</strong></span> 
     </span>
    </p>
   </div>
   <div class='ocr_carea' id='block_1_79' title="bbox 322 4443 1982 4519">
    <p class='ocr_par' dir='ltr' id='par_1_79' title="bbox 322 4443 1982 4519">
     <span class='ocr_line' id='line_1_80' title="bbox 322 4443 1982 4519; baseline 0.005 -18"><span class='ocrx_word' id='word_1_573' title='bbox 322 4443 525 4502; x_wconf 87' lang='lat' dir='ltr'><strong>luctus</strong></span> <span class='ocrx_word' id='word_1_574' title='bbox 563 4448 742 4519; x_wconf 82' lang='lat' dir='ltr'><strong>atque</strong></span> <span class='ocrx_word' id='word_1_575' title='bbox 798 4449 1094 4507; x_wconf 89' lang='lat' dir='ltr'><strong>malorum</strong></span> <span class='ocrx_word' id='word_1_576' title='bbox 1123 4448 1391 4506; x_wconf 90' lang='lat' dir='ltr'><strong>omnium</strong></span> <span class='ocrx_word' id='word_1_577' title='bbox 1426 4449 1777 4508; x_wconf 89' lang='lat' dir='ltr'><strong>oblivionem</strong></span> <span class='ocrx_word' id='word_1_578' title='bbox 1809 4451 1982 4509; x_wconf 88' lang='lat' dir='ltr'><strong>indu-</strong></span> 
     </span>
    </p>
   </div>
   <div class='ocr_carea' id='block_1_80' title="bbox 327 4536 1982 4608">
    <p class='ocr_par' dir='ltr' id='par_1_80' title="bbox 327 4536 1982 4608">
     <span class='ocr_line' id='line_1_81' title="bbox 327 4536 1982 4608; baseline 0.004 -15"><span class='ocrx_word' id='word_1_579' title='bbox 327 4550 485 4605; x_wconf 84' lang='lat' dir='ltr'><strong>cens,</strong></span> <span class='ocrx_word' id='word_1_580' title='bbox 515 4537 671 4608; x_wconf 85' lang='lat' dir='ltr'><strong>quod</strong></span> <span class='ocrx_word' id='word_1_581' title='bbox 702 4536 811 4594; x_wconf 89' lang='lat' dir='ltr'><strong>tibi</strong></span> <span class='ocrx_word' id='word_1_582' title='bbox 841 4555 877 4595; x_wconf 89' lang='lat' dir='ltr'><strong>a</strong></span> <span class='ocrx_word' id='word_1_583' title='bbox 904 4537 1128 4597; x_wconf 89' lang='lat' dir='ltr'><strong>Tbonis</strong></span> <span class='ocrx_word' id='word_1_584' title='bbox 1160 4555 1341 4596; x_wconf 83' lang='lat' dir='ltr'><strong>uxore</strong></span> <span class='ocrx_word' id='word_1_585' title='bbox 1391 4539 1653 4599; x_wconf 91' lang='lat' dir='ltr'><strong>oblatum</strong></span> <span class='ocrx_word' id='word_1_586' title='bbox 1702 4552 1789 4600; x_wconf 88' lang='lat' dir='ltr'><strong>est</strong></span> <span class='ocrx_word' id='word_1_587' title='bbox 1814 4544 1843 4599; x_wconf 84' lang='lat'><strong>?</strong></span> <span class='ocrx_word' id='word_1_588' title='bbox 1876 4543 1982 4602; x_wconf 89' lang='lat' dir='ltr'><strong>Ubi</strong></span> 
     </span>
    </p>
   </div>
   <div class='ocr_carea' id='block_1_81' title="bbox 322 4623 1980 4689">
    <p class='ocr_par' dir='ltr' id='par_1_81' title="bbox 322 4623 1980 4689">
     <span class='ocr_line' id='line_1_82' title="bbox 322 4623 1980 4689; baseline 0.004 -8"><span class='ocrx_word' id='word_1_589' title='bbox 322 4624 551 4683; x_wconf 61' lang='lat' dir='ltr'><strong>invicta:</strong></span> <span class='ocrx_word' id='word_1_590' title='bbox 582 4623 698 4685; x_wconf 65' lang='lat' dir='ltr'><strong>ille</strong></span> <span class='ocrx_word' id='word_1_591' title='bbox 725 4626 1014 4686; x_wconf 66' lang='lat' dir='ltr'><strong>illecebras</strong></span> <span class='ocrx_word' id='word_1_592' title='bbox 1044 4632 1158 4686; x_wconf 67' lang='lat' dir='ltr'><strong>tum</strong></span> <span class='ocrx_word' id='word_1_593' title='bbox 1186 4633 1210 4686; x_wconf 70' lang='grc' dir='ltr'><strong><em>Ρ</em></strong></span> <span class='ocrx_word' id='word_1_594' title='bbox 1238 4645 1343 4686; x_wconf 87' lang='lat' dir='ltr'><strong>cur</strong></span> <span class='ocrx_word' id='word_1_595' title='bbox 1371 4646 1488 4687; x_wconf 90' lang='lat' dir='ltr'><strong>non</strong></span> <span class='ocrx_word' id='word_1_596' title='bbox 1519 4630 1638 4688; x_wconf 88' lang='lat' dir='ltr'><strong>illis</strong></span> <span class='ocrx_word' id='word_1_597' title='bbox 1673 4648 1781 4689; x_wconf 88' lang='lat' dir='ltr'><strong>usa</strong></span> <span class='ocrx_word' id='word_1_598' title='bbox 1824 4648 1885 4689; x_wconf 90' lang='lat' dir='ltr'><strong>es</strong></span> <span class='ocrx_word' id='word_1_599' title='bbox 1918 4636 1980 4688; x_wconf 92' lang='lat' dir='ltr'><strong>ut</strong></span> 
     </span>
    </p>
   </div>
   <div class='ocr_carea' id='block_1_82' title="bbox 322 4712 1976 4793">
    <p class='ocr_par' dir='ltr' id='par_1_82' title="bbox 322 4712 1976 4793">
     <span class='ocr_line' id='line_1_83' title="bbox 322 4712 1976 4793; baseline 0.005 -22"><span class='ocrx_word' id='word_1_600' title='bbox 322 4712 460 4772; x_wconf 91' lang='lat' dir='ltr'><strong>olim</strong></span> <span class='ocrx_word' id='word_1_601' title='bbox 490 4715 748 4775; x_wconf 82' lang='lat' dir='ltr'><strong>utebaris</strong></span> <span class='ocrx_word' id='word_1_602' title='bbox 780 4717 809 4775; x_wconf 75' lang='lat' dir='ltr'><strong>‘I</strong></span> <span class='ocrx_word' id='word_1_603' title='bbox 837 4719 941 4776; x_wconf 88' lang='lat' dir='ltr'><strong>sed</strong></span> <span class='ocrx_word' id='word_1_604' title='bbox 971 4722 1114 4792; x_wconf 89' lang='lat' dir='ltr'><strong>puto</strong></span> <span class='ocrx_word' id='word_1_605' title='bbox 1143 4718 1250 4777; x_wconf 88' lang='lat' dir='ltr'><strong>tibi</strong></span> <span class='ocrx_word' id='word_1_606' title='bbox 1281 4718 1417 4776; x_wconf 86' lang='lat' dir='ltr'><strong>fatis</strong></span> <span class='ocrx_word' id='word_1_607' title='bbox 1445 4719 1802 4779; x_wconf 87' lang='lat' dir='ltr'><strong>destinatum</strong></span> <span class='ocrx_word' id='word_1_608' title='bbox 1825 4737 1976 4793; x_wconf 88' lang='lat' dir='ltr'><strong>esse,</strong></span> 
     </span>
    </p>
   </div>
   <div class='ocr_carea' id='block_1_83' title="bbox 323 4804 1982 4884">
    <p class='ocr_par' dir='ltr' id='par_1_83' title="bbox 323 4804 1982 4884">
     <span class='ocr_line' id='line_1_84' title="bbox 323 4804 1982 4884; baseline 0.004 -21"><span class='ocrx_word' id='word_1_609' title='bbox 323 4810 387 4863; x_wconf 85' lang='lat' dir='ltr'><strong>ut</strong></span> <span class='ocrx_word' id='word_1_610' title='bbox 414 4804 476 4862; x_wconf 87' lang='lat' dir='ltr'><strong>in</strong></span> <span class='ocrx_word' id='word_1_611' title='bbox 497 4810 849 4879; x_wconf 87' lang='lat' dir='ltr'><strong>potestatem</strong></span> <span class='ocrx_word' id='word_1_612' title='bbox 882 4808 1039 4883; x_wconf 81' lang='lat' dir='ltr'><strong>ignis</strong></span> <span class='ocrx_word' id='word_1_613' title='bbox 1067 4808 1320 4879; x_wconf 89' lang='lat' dir='ltr'><strong>venires,</strong></span> <span class='ocrx_word' id='word_1_614' title='bbox 1347 4824 1470 4882; x_wconf 61' lang='lat' dir='ltr'><strong>qua)</strong></span> <span class='ocrx_word' id='word_1_615' title='bbox 1523 4809 1613 4867; x_wconf 90' lang='lat' dir='ltr'><strong>vel</strong></span> <span class='ocrx_word' id='word_1_616' title='bbox 1645 4812 1703 4867; x_wconf 92' lang='lat' dir='ltr'><strong>in</strong></span> <span class='ocrx_word' id='word_1_617' title='bbox 1730 4810 1982 4884; x_wconf 77' lang='lat' dir='ltr'><strong>imagine</strong></span> 
     </span>
    </p>
   </div>
   <div class='ocr_carea' id='block_1_84' title="bbox 321 4897 1976 4968">
    <p class='ocr_par' dir='ltr' id='par_1_84' title="bbox 321 4897 1976 4968">
     <span class='ocr_line' id='line_1_85' title="bbox 321 4897 1976 4968; baseline 0.005 -17"><span class='ocrx_word' id='word_1_618' title='bbox 321 4909 432 4952; x_wconf 89' lang='lat' dir='ltr'><strong>sua</strong></span> <span class='ocrx_word' id='word_1_619' title='bbox 461 4900 818 4968; x_wconf 87' lang='lat' dir='ltr'><strong>spectatores</strong></span> <span class='ocrx_word' id='word_1_620' title='bbox 847 4897 1216 4957; x_wconf 88' lang='lat' dir='ltr'><strong>inﬂammare</strong></span> <span class='ocrx_word' id='word_1_621' title='bbox 1246 4915 1364 4958; x_wconf 92' lang='lat' dir='ltr'><strong>non</strong></span> <span class='ocrx_word' id='word_1_622' title='bbox 1395 4899 1689 4960; x_wconf 83' lang='lat' dir='ltr'><strong>cessabas.</strong></span> <span class='ocrx_word' id='word_1_623' title='bbox 1721 4900 1976 4959; x_wconf 86' lang='lat' dir='ltr'><strong>Dixerim</strong></span> 
     </span>
    </p>
   </div>
   <div class='ocr_carea' id='block_1_85' title="bbox 2074 3370 3749 3455">
    <p class='ocr_par' dir='ltr' id='par_1_85' title="bbox 2074 3370 3749 3455">
     <span class='ocr_line' id='line_1_86' title="bbox 2074 3370 3749 3455; baseline 0.002 -26"><span class='ocrx_word' id='word_1_624' title='bbox 2074 3370 2334 3455; x_wconf 62' lang='lat' dir='ltr'><strong>.xupévov</strong></span> <span class='ocrx_word' id='word_1_625' title='bbox 2400 3375 2449 3411; x_wconf 79' lang='grc'><strong>²⁸</strong></span> <span class='ocrx_word' id='word_1_626' title='bbox 2510 3376 2599 3430; x_wconf 83' lang='grc' dir='ltr'><strong>καὶ</strong></span> <span class='ocrx_word' id='word_1_627' title='bbox 2671 3371 3098 3451; x_wconf 77' lang='grc' dir='ltr'>διασοϐούμενον</span> <span class='ocrx_word' id='word_1_628' title='bbox 3158 3379 3457 3453; x_wconf 87' lang='grc' dir='ltr'>πνεύμασιν</span> <span class='ocrx_word' id='word_1_629' title='bbox 3514 3377 3749 3453; x_wconf 79' lang='grc' dir='ltr'>ὀπισθίῳ</span> 
     </span>
    </p>
   </div>
   <div class='ocr_carea' id='block_1_86' title="bbox 2089 3465 3753 3546">
    <p class='ocr_par' dir='ltr' id='par_1_86' title="bbox 2089 3465 3753 3546">
     <span class='ocr_line' id='line_1_87' title="bbox 2089 3465 3753 3546; baseline 0.004 -26"><span class='ocrx_word' id='word_1_630' title='bbox 2089 3465 2422 3538; x_wconf 85' lang='grc' dir='ltr'>ὁεσμεύματι</span> <span class='ocrx_word' id='word_1_631' title='bbox 2480 3468 2528 3504; x_wconf 77' lang='grc'><strong>²⁹</strong></span> <span class='ocrx_word' id='word_1_632' title='bbox 2577 3465 2946 3546; x_wconf 77' lang='grc' dir='ltr'>περιέσφιγγεν</span> <span class='ocrx_word' id='word_1_633' title='bbox 2997 3466 3100 3531; x_wconf 82' lang='grc' dir='ltr'>ἕως</span> <span class='ocrx_word' id='word_1_634' title='bbox 3168 3473 3394 3544; x_wconf 86' lang='grc' dir='ltr'>κνημῶν</span> <span class='ocrx_word' id='word_1_635' title='bbox 3438 3470 3753 3543; x_wconf 75' lang='grc' dir='ltr'>ἐκτεινόμε-</span> 
     </span>
    </p>
   </div>
   <div class='ocr_carea' id='block_1_87' title="bbox 2087 3552 3757 3637">
    <p class='ocr_par' dir='ltr' id='par_1_87' title="bbox 2087 3552 3757 3637">
     <span class='ocr_line' id='line_1_88' title="bbox 2087 3552 3757 3637; baseline 0.004 -28"><span class='ocrx_word' id='word_1_636' title='bbox 2087 3574 2202 3615; x_wconf 89' lang='grc' dir='ltr'>νον.</span> <span class='ocrx_word' id='word_1_637' title='bbox 2242 3556 2349 3611; x_wconf 85' lang='grc' dir='ltr'>Ἦν</span> <span class='ocrx_word' id='word_1_638' title='bbox 2415 3552 2472 3610; x_wconf 69' lang='grc' dir='ltr'>δὲ</span> <span class='ocrx_word' id='word_1_639' title='bbox 2541 3555 2631 3610; x_wconf 85' lang='grc' dir='ltr'><strong>καὶ</strong></span> <span class='ocrx_word' id='word_1_640' title='bbox 2696 3555 2762 3610; x_wconf 86' lang='grc' dir='ltr'><strong>τὰ</strong></span> <span class='ocrx_word' id='word_1_641' title='bbox 2827 3555 2995 3631; x_wconf 83' lang='grc' dir='ltr'>χείλη</span> <span class='ocrx_word' id='word_1_642' title='bbox 3042 3555 3297 3614; x_wconf 87' lang='grc' dir='ltr'>καλύκων</span> <span class='ocrx_word' id='word_1_643' title='bbox 3356 3556 3514 3630; x_wconf 86' lang='grc' dir='ltr'>δίκην</span> <span class='ocrx_word' id='word_1_644' title='bbox 3565 3557 3757 3637; x_wconf 67' lang='grc' dir='ltr'>ἡρέμα</span> 
     </span>
    </p>
   </div>
   <div class='ocr_carea' id='block_1_88' title="bbox 2078 3643 3758 3729">
    <p class='ocr_par' dir='ltr' id='par_1_88' title="bbox 2078 3643 3758 3729">
     <span class='ocr_line' id='line_1_89' title="bbox 2078 3643 3758 3729; baseline 0.004 -28"><span class='ocrx_word' id='word_1_645' title='bbox 2078 3646 2551 3722; x_wconf 82' lang='grc' dir='ltr'>-παρανοιγόμενα,</span> <span class='ocrx_word' id='word_1_646' title='bbox 2601 3646 2678 3710; x_wconf 85' lang='grc' dir='ltr'><strong>ὡς</strong></span> <span class='ocrx_word' id='word_1_647' title='bbox 2743 3645 2835 3701; x_wconf 85' lang='grc' dir='ltr'><strong>καὶ</strong></span> <span class='ocrx_word' id='word_1_648' title='bbox 2892 3643 3071 3702; x_wconf 83' lang='grc' dir='ltr'>δοκεῖν</span> <span class='ocrx_word' id='word_1_649' title='bbox 3120 3646 3333 3729; x_wconf 73' lang='grc' dir='ltr'>ἀφιέναι</span> <span class='ocrx_word' id='word_1_650' title='bbox 3402 3651 3614 3729; x_wconf 83' lang='grc' dir='ltr'>φωνήν·</span> <span class='ocrx_word' id='word_1_651' title='bbox 3683 3649 3758 3707; x_wconf 74' lang='grc' dir='ltr'><strong>τὸ</strong></span> 
     </span>
    </p>
   </div>
   <div class='ocr_carea' id='block_1_89' title="bbox 2091 3734 3763 3819">
    <p class='ocr_par' dir='ltr' id='par_1_89' title="bbox 2091 3734 3763 3819">
     <span class='ocr_line' id='line_1_90' title="bbox 2091 3734 3763 3819; baseline 0.003 -26"><span class='ocrx_word' id='word_1_652' title='bbox 2091 3734 2150 3793; x_wconf 70' lang='grc' dir='ltr'>δὲ</span> <span class='ocrx_word' id='word_1_653' title='bbox 2199 3738 2388 3813; x_wconf 83' lang='grc' dir='ltr'>χάριεν</span> <span class='ocrx_word' id='word_1_654' title='bbox 2448 3734 2714 3812; x_wconf 86' lang='grc' dir='ltr'>μειδίαμα</span> <span class='ocrx_word' id='word_1_655' title='bbox 2760 3737 2961 3804; x_wconf 70' lang='grc' dir='ltr'>εὐθέως</span> <span class='ocrx_word' id='word_1_656' title='bbox 3009 3745 3404 3814; x_wconf 87' lang='grc' dir='ltr'>προσυπαντῶν</span> <span class='ocrx_word' id='word_1_657' title='bbox 3457 3741 3547 3797; x_wconf 83' lang='grc' dir='ltr'><strong>καὶ</strong></span> <span class='ocrx_word' id='word_1_658' title='bbox 3606 3762 3763 3819; x_wconf 86' lang='grc' dir='ltr'>χαρ-</span> 
     </span>
    </p>
   </div>
   <div class='ocr_carea' id='block_1_90' title="bbox 2096 3823 3763 3906">
    <p class='ocr_par' dir='ltr' id='par_1_90' title="bbox 2096 3823 3763 3906">
     <span class='ocr_line' id='line_1_91' title="bbox 2096 3823 3763 3906; baseline 0.005 -26"><span class='ocrx_word' id='word_1_659' title='bbox 2096 3832 2271 3899; x_wconf 86' lang='grc' dir='ltr'>μονῆς</span> <span class='ocrx_word' id='word_1_660' title='bbox 2300 3823 2566 3900; x_wconf 89' lang='grc' dir='ltr'>πιμπλῶν</span> <span class='ocrx_word' id='word_1_661' title='bbox 2597 3827 2688 3883; x_wconf 87' lang='grc' dir='ltr'>τὸν</span> <span class='ocrx_word' id='word_1_662' title='bbox 2723 3827 3017 3901; x_wconf 87' lang='grc' dir='ltr'>θεώμενον,</span> <span class='ocrx_word' id='word_1_663' title='bbox 3049 3828 3139 3884; x_wconf 80' lang='grc' dir='ltr'><strong>καὶ</strong></span> <span class='ocrx_word' id='word_1_664' title='bbox 3182 3829 3245 3885; x_wconf 90' lang='grc' dir='ltr'>τὸ</span> <span class='ocrx_word' id='word_1_665' title='bbox 3291 3834 3390 3886; x_wconf 88' lang='grc' dir='ltr'><strong>τοῦ</strong></span> <span class='ocrx_word' id='word_1_666' title='bbox 3422 3828 3763 3906; x_wconf 75' lang='grc' dir='ltr'>βλέμματος</span> 
     </span>
    </p>
   </div>
   <div class='ocr_carea' id='block_1_91' title="bbox 2094 3916 3767 4000">
    <p class='ocr_par' dir='ltr' id='par_1_91' title="bbox 2094 3916 3767 4000">
     <span class='ocr_line' id='line_1_92' title="bbox 2094 3916 3767 4000; baseline 0.006 -30"><span class='ocrx_word' id='word_1_667' title='bbox 2094 3916 2366 3991; x_wconf 79' lang='grc' dir='ltr'>χαροπὸν,</span> <span class='ocrx_word' id='word_1_668' title='bbox 2414 3917 2504 3972; x_wconf 83' lang='grc' dir='ltr'><strong>καὶ</strong></span> <span class='ocrx_word' id='word_1_669' title='bbox 2551 3919 2649 3982; x_wconf 84' lang='grc' dir='ltr'><strong>τὰς</strong></span> <span class='ocrx_word' id='word_1_670' title='bbox 2697 3916 2897 3993; x_wconf 75' lang='grc' dir='ltr'>ἀψῖδας</span> <span class='ocrx_word' id='word_1_671' title='bbox 2941 3923 3049 3975; x_wconf 85' lang='grc' dir='ltr'><strong>τῶν</strong></span> <span class='ocrx_word' id='word_1_672' title='bbox 3102 3919 3344 4000; x_wconf 81' lang='grc' dir='ltr'>ὀφρύων,</span> <span class='ocrx_word' id='word_1_673' title='bbox 3375 3923 3467 3977; x_wconf 87' lang='grc' dir='ltr'><strong>καὶ</strong></span> <span class='ocrx_word' id='word_1_674' title='bbox 3501 3924 3600 3993; x_wconf 77' lang='grc' dir='ltr'>τὴν</span> <span class='ocrx_word' id='word_1_675' title='bbox 3634 3923 3767 3980; x_wconf 88' lang='grc' dir='ltr'>λοι-</span> 
     </span>
    </p>
   </div>
   <div class='ocr_carea' id='block_1_92' title="bbox 2091 4008 3773 4085">
    <p class='ocr_par' dir='ltr' id='par_1_92' title="bbox 2091 4008 3773 4085">
     <span class='ocr_line' id='line_1_93' title="bbox 2091 4008 3773 4085; baseline 0.004 -20"><span class='ocrx_word' id='word_1_676' title='bbox 2091 4009 2199 4079; x_wconf 81' lang='grc' dir='ltr'><strong>πήν</strong></span> <span class='ocrx_word' id='word_1_677' title='bbox 2253 4008 2472 4083; x_wconf 73' lang='grc' dir='ltr'>εύφυῒαν</span> <span class='ocrx_word' id='word_1_678' title='bbox 2518 4015 2615 4066; x_wconf 82' lang='grc' dir='ltr'><strong>τοῦ</strong></span> <span class='ocrx_word' id='word_1_679' title='bbox 2665 4010 2940 4085; x_wconf 85' lang='grc' dir='ltr'>σώματος,</span> <span class='ocrx_word' id='word_1_680' title='bbox 2990 4012 3090 4067; x_wconf 85' lang='grc' dir='ltr'><strong>οὐκ</strong></span> <span class='ocrx_word' id='word_1_681' title='bbox 3145 4013 3213 4084; x_wconf 77' lang='grc' dir='ltr'><strong>ἦν</strong></span> <span class='ocrx_word' id='word_1_682' title='bbox 3260 4013 3425 4070; x_wconf 84' lang='grc' dir='ltr'>ὁποῖα</span> <span class='ocrx_word' id='word_1_683' title='bbox 3469 4015 3537 4085; x_wconf 81' lang='grc' dir='ltr'>ἦν</span> <span class='ocrx_word' id='word_1_684' title='bbox 3564 4016 3611 4055; x_wconf 78' lang='grc' dir='ltr'><strong>³ο</strong></span> <span class='ocrx_word' id='word_1_685' title='bbox 3643 4014 3773 4073; x_wconf 78' lang='grc' dir='ltr'>δια-</span> 
     </span>
    </p>
   </div>
   <div class='ocr_carea' id='block_1_93' title="bbox 2091 4096 3764 4177">
    <p class='ocr_par' dir='ltr' id='par_1_93' title="bbox 2091 4096 3764 4177">
     <span class='ocr_line' id='line_1_94' title="bbox 2091 4096 3764 4177; baseline 0.008 -26"><span class='ocrx_word' id='word_1_686' title='bbox 2091 4099 2299 4173; x_wconf 83' lang='grc' dir='ltr'>γράψαι</span> <span class='ocrx_word' id='word_1_687' title='bbox 2350 4096 2508 4173; x_wconf 87' lang='grc' dir='ltr'>λόγῳ</span> <span class='ocrx_word' id='word_1_688' title='bbox 2554 4099 2647 4155; x_wconf 85' lang='grc' dir='ltr'><strong>καὶ</strong></span> <span class='ocrx_word' id='word_1_689' title='bbox 2700 4103 3042 4177; x_wconf 76' lang='grc' dir='ltr'>παραστῆσαι</span> <span class='ocrx_word' id='word_1_690' title='bbox 3088 4106 3205 4165; x_wconf 85' lang='grc' dir='ltr'>τοῖς</span> <span class='ocrx_word' id='word_1_691' title='bbox 3258 4096 3467 4163; x_wconf 78' lang='grc' dir='ltr'>ἔπειτα.</span> <span class='ocrx_word' id='word_1_692' title='bbox 3515 4104 3677 4162; x_wconf 85' lang='grc' dir='ltr'>Ἀλλ’</span> <span class='ocrx_word' id='word_1_693' title='bbox 3708 4107 3764 4162; x_wconf 85' lang='grc' dir='ltr'>ὧ</span> 
     </span>
    </p>
   </div>
   <div class='ocr_carea' id='block_1_94' title="bbox 2091 4186 3762 4273">
    <p class='ocr_par' dir='ltr' id='par_1_94' title="bbox 2091 4186 3762 4273">
     <span class='ocr_line' id='line_1_95' title="bbox 2091 4186 3762 4273; baseline 0.005 -25"><span class='ocrx_word' id='word_1_694' title='bbox 2091 4186 2358 4266; x_wconf 78' lang='grc' dir='ltr'>Τυνδαρὶς</span> <span class='ocrx_word' id='word_1_695' title='bbox 2418 4189 2635 4267; x_wconf 73' lang='grc' dir='ltr'>Ἑλένῃ,</span> <span class='ocrx_word' id='word_1_696' title='bbox 2694 4189 2906 4255; x_wconf 88' lang='grc' dir='ltr'>κάλλος</span> <span class='ocrx_word' id='word_1_697' title='bbox 2964 4191 3187 4249; x_wconf 77' lang='grc' dir='ltr'>αὐτόθεν</span> <span class='ocrx_word' id='word_1_698' title='bbox 3244 4193 3440 4269; x_wconf 85' lang='grc' dir='ltr'>καλὸν,</span> <span class='ocrx_word' id='word_1_699' title='bbox 3491 4196 3762 4273; x_wconf 84' lang='grc' dir='ltr'>Ἐρώτων</span> 
     </span>
    </p>
   </div>
   <div class='ocr_carea' id='block_1_95' title="bbox 2094 4278 3763 4362">
    <p class='ocr_par' dir='ltr' id='par_1_95' title="bbox 2094 4278 3763 4362">
     <span class='ocr_line' id='line_1_96' title="bbox 2094 4278 3763 4362; baseline 0.006 -26"><span class='ocrx_word' id='word_1_700' title='bbox 2094 4281 2410 4356; x_wconf 80' lang='grc' dir='ltr'>μόσχευμα,</span> <span class='ocrx_word' id='word_1_701' title='bbox 2488 4278 2821 4359; x_wconf 86' lang='grc' dir='ltr'>Ἀφροδίτης</span> <span class='ocrx_word' id='word_1_702' title='bbox 2907 4280 3346 4358; x_wconf 87' lang='grc' dir='ltr'>τημελούχημα,</span> <span class='ocrx_word' id='word_1_703' title='bbox 3421 4286 3763 4362; x_wconf 84' lang='grc' dir='ltr'>πανάριστον</span> 
     </span>
    </p>
   </div>
   <div class='ocr_carea' id='block_1_96' title="bbox 2092 4366 3763 4452">
    <p class='ocr_par' dir='ltr' id='par_1_96' title="bbox 2092 4366 3763 4452">
     <span class='ocr_line' id='line_1_97' title="bbox 2092 4366 3763 4452; baseline 0.005 -28"><span class='ocrx_word' id='word_1_704' title='bbox 2092 4371 2303 4447; x_wconf 76' lang='grc' dir='ltr'>φύσεως</span> <span class='ocrx_word' id='word_1_705' title='bbox 2344 4366 2604 4445; x_wconf 84' lang='grc' dir='ltr'>δώρημα,</span> <span class='ocrx_word' id='word_1_706' title='bbox 2675 4372 2883 4446; x_wconf 90' lang='grc' dir='ltr'>Τρώων</span> <span class='ocrx_word' id='word_1_707' title='bbox 2937 4373 3031 4427; x_wconf 85' lang='grc' dir='ltr'><strong>καὶ</strong></span> <span class='ocrx_word' id='word_1_708' title='bbox 3096 4370 3381 4444; x_wconf 83' lang='grc' dir='ltr'>Ἐλλήνων</span> <span class='ocrx_word' id='word_1_709' title='bbox 3442 4370 3763 4452; x_wconf 77' lang='grc' dir='ltr'>βράϐευμα,</span> 
     </span>
    </p>
   </div>
   <div class='ocr_carea' id='block_1_97' title="bbox 2090 4458 3764 4537">
    <p class='ocr_par' dir='ltr' id='par_1_97' title="bbox 2090 4458 3764 4537">
     <span class='ocr_line' id='line_1_98' title="bbox 2090 4458 3764 4537; baseline 0.009 -27"><span class='ocrx_word' id='word_1_710' title='bbox 2090 4460 2198 4515; x_wconf 82' lang='grc' dir='ltr'><strong>ποῦ</strong></span> <span class='ocrx_word' id='word_1_711' title='bbox 2253 4478 2339 4514; x_wconf 89' lang='grc' dir='ltr'><strong>σοι</strong></span> <span class='ocrx_word' id='word_1_712' title='bbox 2387 4458 2450 4513; x_wconf 87' lang='grc' dir='ltr'>τὸ</span> <span class='ocrx_word' id='word_1_713' title='bbox 2488 4460 2743 4530; x_wconf 75' lang='grc' dir='ltr'>νηπενθὲς</span> <span class='ocrx_word' id='word_1_714' title='bbox 2811 4460 2900 4516; x_wconf 84' lang='grc' dir='ltr'><strong>καὶ</strong></span> <span class='ocrx_word' id='word_1_715' title='bbox 2968 4464 3150 4516; x_wconf 83' lang='grc' dir='ltr'>κακῶν</span> <span class='ocrx_word' id='word_1_716' title='bbox 3191 4461 3442 4519; x_wconf 76' lang='grc' dir='ltr'>ἁπάντων</span> <span class='ocrx_word' id='word_1_717' title='bbox 3487 4463 3764 4537; x_wconf 65' lang='grc' dir='ltr'>ἐπίληθες</span> 
     </span>
    </p>
   </div>
   <div class='ocr_carea' id='block_1_98' title="bbox 2093 4547 3759 4631">
    <p class='ocr_par' dir='ltr' id='par_1_98' title="bbox 2093 4547 3759 4631">
     <span class='ocr_line' id='line_1_99' title="bbox 2093 4547 3759 4631; baseline 0.005 -29"><span class='ocrx_word' id='word_1_718' title='bbox 2093 4547 2405 4623; x_wconf 82' lang='grc' dir='ltr'>φάρμακον,</span> <span class='ocrx_word' id='word_1_719' title='bbox 2463 4548 2494 4602; x_wconf 82' lang='lat'>6&#39;</span> <span class='ocrx_word' id='word_1_720' title='bbox 2542 4548 2720 4611; x_wconf 84' lang='grc' dir='ltr'>Θῶνός</span> <span class='ocrx_word' id='word_1_721' title='bbox 2775 4551 2817 4586; x_wconf 82' lang='grc'><strong>³¹</strong></span> <span class='ocrx_word' id='word_1_722' title='bbox 2876 4570 2962 4606; x_wconf 91' lang='grc' dir='ltr'><strong>σοι</strong></span> <span class='ocrx_word' id='word_1_723' title='bbox 3017 4551 3343 4626; x_wconf 85' lang='grc' dir='ltr'>παράκοιτις</span> <span class='ocrx_word' id='word_1_724' title='bbox 3411 4552 3759 4631; x_wconf 75' lang='grc' dir='ltr'>ἓχαρίσατος</span> 
     </span>
    </p>
   </div>
   <div class='ocr_carea' id='block_1_99' title="bbox 2088 4632 3760 4716">
    <p class='ocr_par' dir='ltr' id='par_1_99' title="bbox 2088 4632 3760 4716">
     <span class='ocr_line' id='line_1_100' title="bbox 2088 4632 3760 4716; baseline 0.006 -24"><span class='ocrx_word' id='word_1_725' title='bbox 2088 4639 2200 4692; x_wconf 85' lang='grc' dir='ltr'>Ποῦ</span> <span class='ocrx_word' id='word_1_726' title='bbox 2232 4632 2290 4692; x_wconf 67' lang='grc' dir='ltr'>δὲ</span> <span class='ocrx_word' id='word_1_727' title='bbox 2315 4636 2384 4694; x_wconf 76' lang='grc' dir='ltr'><strong>τὰ</strong></span> <span class='ocrx_word' id='word_1_728' title='bbox 2423 4632 2615 4713; x_wconf 74' lang='grc' dir='ltr'>ἄμαχα</span> <span class='ocrx_word' id='word_1_729' title='bbox 2663 4635 2867 4716; x_wconf 86' lang='grc' dir='ltr'>φίλτρα</span> <span class='ocrx_word' id='word_1_730' title='bbox 2895 4659 2911 4712; x_wconf 87' lang='grc'>;</span> <span class='ocrx_word' id='word_1_731' title='bbox 2942 4643 3066 4702; x_wconf 84' lang='grc' dir='ltr'>Ηῶς</span> <span class='ocrx_word' id='word_1_732' title='bbox 3118 4640 3229 4716; x_wconf 78' lang='grc' dir='ltr'>οὐχ</span> <span class='ocrx_word' id='word_1_733' title='bbox 3269 4639 3500 4716; x_wconf 80' lang='grc' dir='ltr'>ἐχρήσω</span> <span class='ocrx_word' id='word_1_734' title='bbox 3526 4644 3760 4710; x_wconf 86' lang='grc' dir='ltr'>τούτοις</span> 
     </span>
    </p>
   </div>
   <div class='ocr_carea' id='block_1_100' title="bbox 2070 4724 3752 4809">
    <p class='ocr_par' dir='ltr' id='par_1_100' title="bbox 2070 4724 3752 4809">
     <span class='ocr_line' id='line_1_101' title="bbox 2070 4724 3752 4809; baseline 0.007 -28"><span class='ocrx_word' id='word_1_735' title='bbox 2070 4726 2166 4788; x_wconf 84' lang='grc' dir='ltr'><strong>’ὡς</strong></span> <span class='ocrx_word' id='word_1_736' title='bbox 2226 4724 2399 4784; x_wconf 85' lang='grc' dir='ltr'>πάλαι</span> <span class='ocrx_word' id='word_1_737' title='bbox 2453 4727 2543 4783; x_wconf 80' lang='grc' dir='ltr'><strong>καὶ</strong></span> <span class='ocrx_word' id='word_1_738' title='bbox 2592 4731 2727 4798; x_wconf 81' lang='grc' dir='ltr'>νῦν;</span> <span class='ocrx_word' id='word_1_739' title='bbox 2797 4725 2954 4785; x_wconf 87' lang='grc' dir='ltr'>Ἀλλ’</span> <span class='ocrx_word' id='word_1_740' title='bbox 3022 4727 3180 4803; x_wconf 81' lang='grc' dir='ltr'>οἶμαί</span> <span class='ocrx_word' id='word_1_741' title='bbox 3227 4750 3314 4784; x_wconf 91' lang='grc' dir='ltr'><strong>σοι</strong></span> <span class='ocrx_word' id='word_1_742' title='bbox 3364 4735 3486 4795; x_wconf 85' lang='grc' dir='ltr'>ταῖς</span> <span class='ocrx_word' id='word_1_743' title='bbox 3525 4732 3752 4809; x_wconf 82' lang='grc' dir='ltr'>μοίραις</span> 
     </span>
    </p>
   </div>
   <div class='ocr_carea' id='block_1_101' title="bbox 2086 4813 3749 4897">
    <p class='ocr_par' dir='ltr' id='par_1_101' title="bbox 2086 4813 3749 4897">
     <span class='ocr_line' id='line_1_102' title="bbox 2086 4813 3749 4897; baseline 0.005 -24"><span class='ocrx_word' id='word_1_744' title='bbox 2086 4813 2373 4892; x_wconf 73' lang='grc' dir='ltr'>πέπρωται</span> <span class='ocrx_word' id='word_1_745' title='bbox 2441 4820 2511 4891; x_wconf 77' lang='grc' dir='ltr'><strong>τῇ</strong></span> <span class='ocrx_word' id='word_1_746' title='bbox 2575 4820 2673 4873; x_wconf 83' lang='grc' dir='ltr'><strong>τοῦ</strong></span> <span class='ocrx_word' id='word_1_747' title='bbox 2735 4817 2908 4893; x_wconf 86' lang='grc' dir='ltr'>πυρὸς</span> <span class='ocrx_word' id='word_1_748' title='bbox 2956 4817 3244 4875; x_wconf 76' lang='grc' dir='ltr'>ὑποπεσεῖν</span> <span class='ocrx_word' id='word_1_749' title='bbox 3297 4819 3471 4897; x_wconf 70' lang='grc' dir='ltr'>ἐρωῇ,</span> <span class='ocrx_word' id='word_1_750' title='bbox 3514 4819 3646 4897; x_wconf 81' lang='grc' dir='ltr'>μηδ’</span> <span class='ocrx_word' id='word_1_751' title='bbox 3691 4824 3749 4881; x_wconf 75' lang='grc' dir='ltr'>ἐν</span> 
     </span>
    </p>
   </div>
   <div class='ocr_carea' id='block_1_102' title="bbox 2092 4903 3747 4984">
    <p class='ocr_par' dir='ltr' id='par_1_102' title="bbox 2092 4903 3747 4984">
     <span class='ocr_line' id='line_1_103' title="bbox 2092 4903 3747 4984; baseline 0.003 -23"><span class='ocrx_word' id='word_1_752' title='bbox 2092 4903 2261 4962; x_wconf 73' lang='grc' dir='ltr'>εἰκόνι</span> <span class='ocrx_word' id='word_1_753' title='bbox 2335 4905 2687 4982; x_wconf 74' lang='grc' dir='ltr'>παυσαμένην</span> <span class='ocrx_word' id='word_1_754' title='bbox 2778 4905 3049 4965; x_wconf 68' lang='grc' dir='ltr'>ἀνακαίειν</span> <span class='ocrx_word' id='word_1_755' title='bbox 3119 4908 3247 4972; x_wconf 75' lang='grc' dir='ltr'>τοὺς</span> <span class='ocrx_word' id='word_1_756' title='bbox 3322 4908 3567 4984; x_wconf 87' lang='grc' dir='ltr'>ὁρῶντας</span> <span class='ocrx_word' id='word_1_757' title='bbox 3663 4912 3747 4977; x_wconf 77' lang='grc' dir='ltr'><strong>εἰς</strong></span> 
     </span>
    </p>
   </div>
   <div class='ocr_carea' id='block_1_103' title="bbox 1568 5029 2507 5105">
    <p class='ocr_par' dir='ltr' id='par_1_103' title="bbox 1568 5029 2507 5105">
     <span class='ocr_line' id='line_1_104' title="bbox 1568 5029 2507 5105; baseline 0.007 -8"><span class='ocrx_word' id='word_1_758' title='bbox 1568 5029 1794 5098; x_wconf 73' lang='lat' dir='ltr'><strong>Variae</strong></span> <span class='ocrx_word' id='word_1_759' title='bbox 1830 5029 2156 5105; x_wconf 89' lang='lat' dir='ltr'><strong>lectiones</strong></span> <span class='ocrx_word' id='word_1_760' title='bbox 2197 5042 2263 5104; x_wconf 91' lang='lat' dir='ltr'><strong>et</strong></span> <span class='ocrx_word' id='word_1_761' title='bbox 2302 5043 2507 5104; x_wconf 82' lang='lat' dir='ltr'><strong>notae.</strong></span> 
     </span>
    </p>
   </div>
   <div class='ocr_carea' id='block_1_104' title="bbox 391 5154 1643 5235">
    <p class='ocr_par' dir='ltr' id='par_1_104' title="bbox 391 5154 1643 5235">
     <span class='ocr_line' id='line_1_105' title="bbox 391 5154 1643 5235; baseline 0.03 -40"><span class='ocrx_word' id='word_1_762' title='bbox 391 5154 443 5235; x_wconf 46' lang='lat'><strong>£5-</strong></span> <span class='ocrx_word' id='word_1_763' title='bbox 472 5158 536 5215; x_wconf 71' lang='grc' dir='ltr'><strong>ιε’,</strong></span> <span class='ocrx_word' id='word_1_764' title='bbox 566 5160 837 5235; x_wconf 51' lang='grc' dir='ltr'><strong>ἓτέροξιν,</strong></span> <span class='ocrx_word' id='word_1_765' title='bbox 893 5230 903 5235; x_wconf 89' lang='lat'><em>_</em></span> <span class='ocrx_word' id='word_1_766' title='bbox 951 5162 994 5199; x_wconf 80' lang='grc'>¹⁸</span> <span class='ocrx_word' id='word_1_767' title='bbox 1023 5159 1208 5219; x_wconf 78' lang='grc' dir='ltr'>εἷ’δων.</span> <span class='ocrx_word' id='word_1_768' title='bbox 1242 5164 1304 5220; x_wconf 90' lang='lat' dir='ltr'><strong>F.</strong></span> <span class='ocrx_word' id='word_1_769' title='bbox 1339 5159 1517 5219; x_wconf 79' lang='grc' dir='ltr'>είδών.</span> <span class='ocrx_word' id='word_1_770' title='bbox 1574 5233 1583 5235; x_wconf 99' lang='lat'>_</span> <span class='ocrx_word' id='word_1_771' title='bbox 1633 5167 1643 5233; x_wconf 50' lang='grc' dir='ltr'><strong>ί</strong></span> 
     </span>
    </p>
   </div>
   <div class='ocr_carea' id='block_1_105' title="bbox 316 5226 2144 5320">
    <p class='ocr_par' dir='ltr' id='par_1_105' title="bbox 316 5226 2144 5320">
     <span class='ocr_line' id='line_1_106' title="bbox 316 5226 2144 5320; baseline 0.002 0"><span class='ocrx_word' id='word_1_772' title='bbox 316 5226 533 5320; x_wconf 60' lang='lat' dir='ltr'><strong>1935‘s.-</strong></span> <span class='ocrx_word' id='word_1_773' title='bbox 565 5230 630 5288; x_wconf 77' lang='lat' dir='ltr'><strong>B-</strong></span> <span class='ocrx_word' id='word_1_774' title='bbox 662 5226 1046 5320; x_wconf 46' lang='lat'><strong>“7515‘?”-</strong></span> <span class='ocrx_word' id='word_1_775' title='bbox 1162 5237 1215 5320; x_wconf 72' lang='grc' dir='ltr'>¹¹ἶ</span> <span class='ocrx_word' id='word_1_776' title='bbox 1237 5235 1299 5320; x_wconf 69' lang='grc' dir='ltr'><strong>Ιῗ·</strong></span> <span class='ocrx_word' id='word_1_777' title='bbox 1332 5239 1493 5320; x_wconf 57' lang='lat'><strong>“=35?</strong></span> <span class='ocrx_word' id='word_1_778' title='bbox 1522 5233 1608 5320; x_wconf 74' lang='grc' dir='ltr'><strong>’ῖάτ</strong></span> <span class='ocrx_word' id='word_1_779' title='bbox 1642 5230 1691 5320; x_wconf 7' lang='grc' dir='ltr'>γ..</span> <span class='ocrx_word' id='word_1_780' title='bbox 1721 5236 1787 5320; x_wconf 69' lang='lat'><strong>3“.</strong></span> <span class='ocrx_word' id='word_1_781' title='bbox 1808 5237 1868 5293; x_wconf 84' lang='lat' dir='ltr'><strong>F-</strong></span> <span class='ocrx_word' id='word_1_782' title='bbox 1896 5238 1966 5320; x_wconf 74' lang='grc' dir='ltr'>,τί</span> <span class='ocrx_word' id='word_1_783' title='bbox 1986 5237 2050 5320; x_wconf 76' lang='grc' dir='ltr'><strong>,δ’</strong></span> <span class='ocrx_word' id='word_1_784' title='bbox 2084 5243 2144 5309; x_wconf 74' lang='grc' dir='ltr'><strong>ἡ·</strong></span> 
     </span>
    </p>
   </div>
   <div class='ocr_carea' id='block_1_106' title="bbox 323 5296 2093 5384">
    <p class='ocr_par' dir='ltr' id='par_1_106' title="bbox 323 5296 2093 5384">
     <span class='ocr_line' id='line_1_107' title="bbox 323 5296 2093 5384; baseline 0.008 -30"><span class='ocrx_word' id='word_1_785' title='bbox 323 5296 438 5384; x_wconf 68' lang='grc' dir='ltr'><strong>ξῑύό¹</strong></span> <span class='ocrx_word' id='word_1_786' title='bbox 468 5298 639 5384; x_wconf 64' lang='grc' dir='ltr'>ᾂλως.</span> <span class='ocrx_word' id='word_1_787' title='bbox 704 5377 709 5381; x_wconf 10' lang='grc' dir='ltr'><strong><em>ἢ</em></strong></span> <span class='ocrx_word' id='word_1_788' title='bbox 750 5296 880 5384; x_wconf 54' lang='grc' dir='ltr'><strong>εξἘ.</strong></span> <span class='ocrx_word' id='word_1_789' title='bbox 907 5296 981 5384; x_wconf 61' lang='grc' dir='ltr'>οξ</span> <span class='ocrx_word' id='word_1_790' title='bbox 1009 5308 1301 5384; x_wconf 81' lang='lat' dir='ltr'><strong>emendat.</strong></span> <span class='ocrx_word' id='word_1_791' title='bbox 1333 5312 1409 5384; x_wconf 85' lang='lat' dir='ltr'><strong>_C.</strong></span> <span class='ocrx_word' id='word_1_792' title='bbox 1440 5308 1503 5365; x_wconf 92' lang='grc' dir='ltr'><strong>Β.</strong></span> <span class='ocrx_word' id='word_1_793' title='bbox 1538 5308 1616 5381; x_wconf 87' lang='lat' dir='ltr'><strong>(et</strong></span> <span class='ocrx_word' id='word_1_794' title='bbox 1649 5308 1738 5384; x_wconf 67' lang='grc' dir='ltr'>Γ.)</span> <span class='ocrx_word' id='word_1_795' title='bbox 1768 5304 2093 5384; x_wconf 66' lang='grc' dir='ltr'>ἐσταλμένη.</span> 
     </span>
    </p>
   </div>
   <div class='ocr_carea' id='block_1_107' title="bbox 1633 5163 2959 5230">
    <p class='ocr_par' dir='ltr' id='par_1_107' title="bbox 1633 5163 2959 5230">
     <span class='ocr_line' id='line_1_108' title="bbox 1633 5163 2959 5230; baseline 0.005 -8"><span class='ocrx_word' id='word_1_796' title='bbox 1633 5163 1681 5202; x_wconf 88' lang='grc'><strong>¹’⁷</strong></span> <span class='ocrx_word' id='word_1_797' title='bbox 1708 5164 1772 5222; x_wconf 90' lang='grc' dir='ltr'><strong>Β.</strong></span> <span class='ocrx_word' id='word_1_798' title='bbox 1804 5167 1911 5220; x_wconf 87' lang='grc' dir='ltr'><strong>τῶν</strong></span> <span class='ocrx_word' id='word_1_799' title='bbox 1940 5168 2058 5222; x_wconf 86' lang='grc' dir='ltr'>κατ’</span> <span class='ocrx_word' id='word_1_800' title='bbox 2106 5167 2287 5224; x_wconf 76' lang='grc' dir='ltr'>αὐτόν.</span> <span class='ocrx_word' id='word_1_801' title='bbox 2337 5169 2401 5227; x_wconf 88' lang='lat' dir='ltr'><strong>F.</strong></span> <span class='ocrx_word' id='word_1_802' title='bbox 2448 5171 2555 5225; x_wconf 83' lang='grc' dir='ltr'><strong>τῶν</strong></span> <span class='ocrx_word' id='word_1_803' title='bbox 2611 5172 2729 5227; x_wconf 85' lang='grc' dir='ltr'>καθ’</span> <span class='ocrx_word' id='word_1_804' title='bbox 2779 5170 2959 5230; x_wconf 81' lang='grc' dir='ltr'>αὓτόν.</span> 
     </span>
    </p>
   </div>
   <div class='ocr_carea' id='block_1_108' title="bbox 3072 5172 3736 5236">
    <p class='ocr_par' dir='ltr' id='par_1_108' title="bbox 3072 5172 3736 5236">
     <span class='ocr_line' id='line_1_109' title="bbox 3072 5172 3736 5236; baseline -0.003 -7"><span class='ocrx_word' id='word_1_805' title='bbox 3072 5172 3122 5208; x_wconf 72' lang='grc' dir='ltr'>ίδ</span> <span class='ocrx_word' id='word_1_806' title='bbox 3176 5172 3239 5229; x_wconf 84' lang='lat' dir='ltr'><strong>C.</strong></span> <span class='ocrx_word' id='word_1_807' title='bbox 3290 5175 3354 5231; x_wconf 92' lang='lat' dir='ltr'><strong>B.</strong></span> <span class='ocrx_word' id='word_1_808' title='bbox 3407 5178 3461 5231; x_wconf 77' lang='lat' dir='ltr'><strong>et</strong></span> <span class='ocrx_word' id='word_1_809' title='bbox 3505 5173 3565 5230; x_wconf 72' lang='grc' dir='ltr'>Ρ.</span> <span class='ocrx_word' id='word_1_810' title='bbox 3609 5176 3736 5236; x_wconf 77' lang='grc' dir='ltr'>ταῖς</span> 
     </span>
    </p>
   </div>
   <div class='ocr_carea' id='block_1_109' title="bbox 2258 5239 3747 5317">
    <p class='ocr_par' dir='ltr' id='par_1_109' title="bbox 2258 5239 3747 5317">
     <span class='ocr_line' id='line_1_110' title="bbox 2258 5239 3747 5317; baseline 0.012 -30"><span class='ocrx_word' id='word_1_811' title='bbox 2258 5240 2304 5317; x_wconf 56' lang='grc' dir='ltr'>εξ</span> <span class='ocrx_word' id='word_1_812' title='bbox 2354 5245 2413 5296; x_wconf 84' lang='lat' dir='ltr'><strong>F.</strong></span> <span class='ocrx_word' id='word_1_813' title='bbox 2469 5239 2524 5303; x_wconf 73' lang='grc' dir='ltr'>ἐς</span> <span class='ocrx_word' id='word_1_814' title='bbox 2570 5242 2705 5316; x_wconf 64' lang='grc' dir='ltr'>ἢθη.</span> <span class='ocrx_word' id='word_1_815' title='bbox 2818 5246 2867 5281; x_wconf 74' lang='grc'>³³</span> <span class='ocrx_word' id='word_1_816' title='bbox 2913 5245 2974 5300; x_wconf 87' lang='lat' dir='ltr'><strong>C.</strong></span> <span class='ocrx_word' id='word_1_817' title='bbox 3027 5245 3089 5299; x_wconf 89' lang='lat' dir='ltr'><strong>B.</strong></span> <span class='ocrx_word' id='word_1_818' title='bbox 3117 5242 3179 5299; x_wconf 82' lang='grc' dir='ltr'>οὐ</span> <span class='ocrx_word' id='word_1_819' title='bbox 3222 5245 3333 5317; x_wconf 77' lang='grc' dir='ltr'>μὴν</span> <span class='ocrx_word' id='word_1_820' title='bbox 3372 5247 3487 5303; x_wconf 80' lang='grc' dir='ltr'>οὗν.</span> <span class='ocrx_word' id='word_1_821' title='bbox 3594 5244 3643 5282; x_wconf 65' lang='grc'><strong><em>’³</em></strong></span> <span class='ocrx_word' id='word_1_822' title='bbox 3673 5251 3747 5305; x_wconf 87' lang='grc' dir='ltr'>Β.</span> 
     </span>
    </p>
   </div>
   <div class='ocr_carea' id='block_1_110' title="bbox 2210 5312 3750 5389">
    <p class='ocr_par' dir='ltr' id='par_1_110' title="bbox 2210 5312 3750 5389">
     <span class='ocr_line' id='line_1_111' title="bbox 2210 5312 3750 5389; baseline 0.006 -21"><span class='ocrx_word' id='word_1_823' title='bbox 2210 5312 2258 5389; x_wconf 73' lang='lat'><strong>_’-&quot;</strong></span> <span class='ocrx_word' id='word_1_824' title='bbox 2282 5313 2367 5369; x_wconf 89' lang='lat' dir='ltr'><strong>lta</strong></span> <span class='ocrx_word' id='word_1_825' title='bbox 2397 5312 2770 5373; x_wconf 83' lang='lat' dir='ltr'><strong>emendatum</strong></span> <span class='ocrx_word' id='word_1_826' title='bbox 2803 5324 2889 5374; x_wconf 87' lang='lat' dir='ltr'><strong>est</strong></span> <span class='ocrx_word' id='word_1_827' title='bbox 2910 5317 2977 5389; x_wconf 84' lang='lat' dir='ltr'><strong>in</strong></span> <span class='ocrx_word' id='word_1_828' title='bbox 3009 5312 3298 5389; x_wconf 78' lang='lat' dir='ltr'><strong>margine</strong></span> <span class='ocrx_word' id='word_1_829' title='bbox 3323 5320 3544 5375; x_wconf 87' lang='lat' dir='ltr'><strong>codicis</strong></span> <span class='ocrx_word' id='word_1_830' title='bbox 3591 5319 3750 5376; x_wconf 88' lang='lat' dir='ltr'><strong>Bod-</strong></span> 
     </span>
    </p>
   </div>
   <div class='ocr_carea' id='block_1_111' title="bbox 308 5372 3753 5461">
    <p class='ocr_par' dir='ltr' id='par_1_111' title="bbox 308 5372 3753 5461">
     <span class='ocr_line' id='line_1_112' title="bbox 308 5372 3753 5461; baseline 0.006 -34"><span class='ocrx_word' id='word_1_831' title='bbox 308 5372 492 5461; x_wconf 65' lang='lat' dir='ltr'><strong>ieiani</strong></span> <span class='ocrx_word' id='word_1_832' title='bbox 516 5376 626 5461; x_wconf 52' lang='lat' dir='ltr'><strong>;“in</strong></span> <span class='ocrx_word' id='word_1_833' title='bbox 655 5377 1522 5461; x_wconf 36' lang='lat' dir='ltr'><strong>contextnu&#39;legitqnmpztxgro,</strong></span> <span class='ocrx_word' id='word_1_834' title='bbox 1543 5372 1902 5461; x_wconf 40' lang='lat' dir='ltr'><strong>&#39;quodLlicet</strong></span> <span class='ocrx_word' id='word_1_835' title='bbox 1928 5372 2254 5461; x_wconf 59' lang='lat' dir='ltr'><strong>suppositis</strong></span> <span class='ocrx_word' id='word_1_836' title='bbox 2282 5389 2514 5456; x_wconf 74' lang='lat' dir='ltr'><strong>punctis</strong></span> <span class='ocrx_word' id='word_1_837' title='bbox 2564 5372 2954 5461; x_wconf 11' lang='lat' dir='ltr'><strong>notatumﬁsit</strong></span> <span class='ocrx_word' id='word_1_838' title='bbox 3003 5372 3287 5461; x_wconf 65' lang='lat' dir='ltr'><strong>tanquam</strong></span> <span class='ocrx_word' id='word_1_839' title='bbox 3330 5372 3627 5461; x_wconf 38' lang='lat' dir='ltr'><strong>vitiosum,</strong></span> <span class='ocrx_word' id='word_1_840' title='bbox 3645 5372 3753 5449; x_wconf 65' lang='lat'><strong>13-</strong></span> 
     </span>
    </p>
   </div>
   <div class='ocr_carea' id='block_1_112' title="bbox 316 5446 3752 5532">
    <p class='ocr_par' dir='ltr' id='par_1_112' title="bbox 316 5446 3752 5532">
     <span class='ocr_line' id='line_1_113' title="bbox 316 5446 3752 5532; baseline 0.005 -32"><span class='ocrx_word' id='word_1_841' title='bbox 316 5454 501 5502; x_wconf 75' lang='lat' dir='ltr'><strong>nudre</strong></span> <span class='ocrx_word' id='word_1_842' title='bbox 530 5447 599 5532; x_wconf 40' lang='lat'><strong>1.3);</strong></span> <span class='ocrx_word' id='word_1_843' title='bbox 625 5452 683 5532; x_wconf 49' lang='lat' dir='ltr'><strong>at</strong></span> <span class='ocrx_word' id='word_1_844' title='bbox 854 5449 899 5484; x_wconf 83' lang='grc'><strong>³⁸</strong></span> <span class='ocrx_word' id='word_1_845' title='bbox 1018 5446 1590 5532; x_wconf 29' lang='grc' dir='ltr'>διξδεῖτοᾲμεὲτῶπονδ</span> <span class='ocrx_word' id='word_1_846' title='bbox 1925 5451 1985 5508; x_wconf 73' lang='grc' dir='ltr'>δὲ</span> <span class='ocrx_word' id='word_1_847' title='bbox 2007 5446 2112 5523; x_wconf 67' lang='grc' dir='ltr'>τῆς</span> <span class='ocrx_word' id='word_1_848' title='bbox 2149 5446 2358 5532; x_wconf 71' lang='grc' dir='ltr'>κύμης,</span> <span class='ocrx_word' id='word_1_849' title='bbox 2383 5476 2441 5532; x_wconf 75' lang='grc' dir='ltr'><strong>κ.</strong></span> <span class='ocrx_word' id='word_1_850' title='bbox 2478 5478 2528 5513; x_wconf 92' lang='grc' dir='ltr'>τ.</span> <span class='ocrx_word' id='word_1_851' title='bbox 2564 5456 2621 5516; x_wconf 89' lang='grc' dir='ltr'><strong>λ.</strong></span> <span class='ocrx_word' id='word_1_852' title='bbox 2700 5459 2749 5532; x_wconf 64' lang='lat'><strong>’3</strong></span> <span class='ocrx_word' id='word_1_853' title='bbox 2786 5459 2847 5515; x_wconf 91' lang='lat' dir='ltr'><strong>F.</strong></span> <span class='ocrx_word' id='word_1_854' title='bbox 2889 5446 3253 5532; x_wconf 61' lang='grc' dir='ltr'>κεχουμένον.</span> <span class='ocrx_word' id='word_1_855' title='bbox 3331 5463 3379 5498; x_wconf 83' lang='grc'><strong>²⁹</strong></span> <span class='ocrx_word' id='word_1_856' title='bbox 3416 5462 3482 5519; x_wconf 92' lang='grc' dir='ltr'><strong>Β.</strong></span> <span class='ocrx_word' id='word_1_857' title='bbox 3516 5446 3752 5519; x_wconf 50' lang='grc' dir='ltr'>δισκεύ-</span> 
     </span>
    </p>
   </div>
   <div class='ocr_carea' id='block_1_113' title="bbox 320 5516 1030 5593">
    <p class='ocr_par' dir='ltr' id='par_1_113' title="bbox 320 5516 1030 5593">
     <span class='ocr_line' id='line_1_114' title="bbox 320 5516 1030 5593; baseline 0.006 -23"><span class='ocrx_word' id='word_1_858' title='bbox 320 5534 518 5593; x_wconf 46' lang='lat' dir='ltr'><strong>part.“</strong></span> <span class='ocrx_word' id='word_1_859' title='bbox 550 5516 600 5553; x_wconf 81' lang='grc' dir='ltr'><strong>³ο</strong></span> <span class='ocrx_word' id='word_1_860' title='bbox 629 5518 895 5593; x_wconf 80' lang='lat' dir='ltr'><strong>Fortasse</strong></span> <span class='ocrx_word' id='word_1_861' title='bbox 925 5520 1030 5593; x_wconf 83' lang='grc' dir='ltr'>ὁπη</span> 
     </span>
    </p>
   </div>
   <div class='ocr_carea' id='block_1_114' title="bbox 1041 5523 1985 5611">
    <p class='ocr_par' dir='ltr' id='par_1_114' title="bbox 1041 5523 1981 5611">
     <span class='ocr_line' id='line_1_115' title="bbox 1041 5523 1981 5611; baseline 0.002 -34"><span class='ocrx_word' id='word_1_862' title='bbox 1041 5524 1155 5611; x_wconf 53' lang='grc' dir='ltr'>οὔχ.</span> <span class='ocrx_word' id='word_1_863' title='bbox 1188 5545 1218 5573; x_wconf 89' lang='grc'><strong>‹‹</strong></span> <span class='ocrx_word' id='word_1_864' title='bbox 1247 5523 1474 5580; x_wconf 81' lang='lat' dir='ltr'><strong>Bekker</strong></span> <span class='ocrx_word' id='word_1_865' title='bbox 1502 5545 1555 5579; x_wconf 85' lang='lat'><strong>».</strong></span> <span class='ocrx_word' id='word_1_866' title='bbox 1592 5597 1606 5611; x_wconf 47' lang='lat'>.</span> <span class='ocrx_word' id='word_1_867' title='bbox 1633 5524 1681 5560; x_wconf 78' lang='grc'><strong>³¹</strong></span> <span class='ocrx_word' id='word_1_868' title='bbox 1712 5524 1774 5581; x_wconf 88' lang='lat' dir='ltr'><strong>F.</strong></span> <span class='ocrx_word' id='word_1_869' title='bbox 1796 5525 1981 5580; x_wconf 88' lang='grc' dir='ltr'>Θώνου</span> 
     </span>
    </p>
   </div>
   <div class='ocr_carea' id='block_1_115' title="bbox 2098 5523 3748 5611">
    <p class='ocr_par' dir='ltr' id='par_1_115' title="bbox 2098 5523 3748 5611">
     <span class='ocr_line' id='line_1_116' title="bbox 2098 5523 3748 5611; baseline 0.005 -29"><span class='ocrx_word' id='word_1_870' title='bbox 2098 5547 2128 5611; x_wconf 63' lang='grc' dir='ltr'><strong>ι.</strong></span> <span class='ocrx_word' id='word_1_871' title='bbox 2163 5523 2255 5611; x_wconf 73' lang='lat' dir='ltr'><strong>§ic</strong></span> <span class='ocrx_word' id='word_1_872' title='bbox 2284 5523 2500 5611; x_wconf 56' lang='lat' dir='ltr'><strong>legitur</strong></span> <span class='ocrx_word' id='word_1_873' title='bbox 2528 5532 2703 5589; x_wconf 89' lang='lat' dir='ltr'><strong>etiam</strong></span> <span class='ocrx_word' id='word_1_874' title='bbox 2733 5530 2791 5589; x_wconf 90' lang='lat' dir='ltr'><strong>in</strong></span> <span class='ocrx_word' id='word_1_875' title='bbox 2812 5523 3144 5591; x_wconf 77' lang='lat' dir='ltr'><strong>Annalibus</strong></span> <span class='ocrx_word' id='word_1_876' title='bbox 3167 5534 3280 5605; x_wconf 86' lang='lat' dir='ltr'><strong>(ed.</strong></span> <span class='ocrx_word' id='word_1_877' title='bbox 3329 5537 3462 5594; x_wconf 87' lang='lat' dir='ltr'><strong>Par.</strong></span> <span class='ocrx_word' id='word_1_878' title='bbox 3497 5553 3556 5609; x_wconf 91' lang='lat' dir='ltr'><strong>p.</strong></span> <span class='ocrx_word' id='word_1_879' title='bbox 3594 5536 3748 5611; x_wconf 87' lang='grc'><strong>107),</strong></span> 
     </span>
    </p>
   </div>
   <div class='ocr_carea' id='block_1_116' title="bbox 315 5588 2515 5658">
    <p class='ocr_par' dir='ltr' id='par_1_116' title="bbox 315 5588 2515 5658">
     <span class='ocr_line' id='line_1_117' title="bbox 315 5588 2515 5658; baseline 0.006 -13"><span class='ocrx_word' id='word_1_880' title='bbox 315 5589 418 5646; x_wconf 90' lang='lat' dir='ltr'><strong>ubi</strong></span> <span class='ocrx_word' id='word_1_881' title='bbox 450 5588 682 5648; x_wconf 90' lang='lat' dir='ltr'><strong>Nicetas</strong></span> <span class='ocrx_word' id='word_1_882' title='bbox 712 5591 831 5649; x_wconf 87' lang='lat' dir='ltr'><strong>fere</strong></span> <span class='ocrx_word' id='word_1_883' title='bbox 860 5588 1063 5652; x_wconf 85' lang='lat' dir='ltr'><strong>eodem</strong></span> <span class='ocrx_word' id='word_1_884' title='bbox 1093 5595 1227 5652; x_wconf 86' lang='lat' dir='ltr'><strong>fuco</strong></span> <span class='ocrx_word' id='word_1_885' title='bbox 1258 5610 1431 5653; x_wconf 88' lang='lat' dir='ltr'><strong>suam</strong></span> <span class='ocrx_word' id='word_1_886' title='bbox 1462 5597 1787 5657; x_wconf 86' lang='lat' dir='ltr'><strong>orationem</strong></span> <span class='ocrx_word' id='word_1_887' title='bbox 1808 5602 2002 5658; x_wconf 88' lang='lat' dir='ltr'><strong>ornat.</strong></span> <span class='ocrx_word' id='word_1_888' title='bbox 2036 5599 2124 5657; x_wconf 83' lang='lat' dir='ltr'><strong>Cf.</strong></span> <span class='ocrx_word' id='word_1_889' title='bbox 2159 5599 2264 5658; x_wconf 90' lang='lat' dir='ltr'><strong>Od.</strong></span> <span class='ocrx_word' id='word_1_890' title='bbox 2297 5588 2515 5658; x_wconf 56' lang='lat' dir='ltr'><strong>A7228.</strong></span> 
     </span>
    </p>
   </div>
   <div class='ocr_carea' id='block_1_117' title="bbox 387 5686 1291 5785">
    <p class='ocr_par' dir='ltr' id='par_1_117' title="bbox 387 5686 1291 5785">
     <span class='ocr_line' id='line_1_118' title="bbox 387 5686 1291 5785; baseline 0.008 -21"><span class='ocrx_word' id='word_1_891' title='bbox 387 5706 503 5783; x_wconf 87' lang='grc'><strong>(13)</strong></span> <span class='ocrx_word' id='word_1_892' title='bbox 535 5706 670 5771; x_wconf 87' lang='lat' dir='ltr'><strong>Vid.</strong></span> <span class='ocrx_word' id='word_1_893' title='bbox 699 5712 921 5784; x_wconf 82' lang='lat' dir='ltr'><strong>Heyne.</strong></span> <span class='ocrx_word' id='word_1_894' title='bbox 952 5710 994 5770; x_wconf 73' lang='lat' dir='ltr'><strong>L</strong></span> <span class='ocrx_word' id='word_1_895' title='bbox 1024 5714 1081 5771; x_wconf 72' lang='grc' dir='ltr'><strong>ιι.</strong></span> <span class='ocrx_word' id='word_1_896' title='bbox 1105 5726 1171 5785; x_wconf 91' lang='lat' dir='ltr'><strong>p.</strong></span> <span class='ocrx_word' id='word_1_897' title='bbox 1192 5686 1291 5771; x_wconf 68' lang='grc'><strong>81.</strong></span> 
     </span>
    </p>
   </div>
  </div>
