4074 6404
336 369 491 435 1055

1651 365 1960 429 NICETIE
2003 366 2432 436 CHONIATJE

3611 380 3783 442 1056

335 505 572 572 bantur,
604 501 775 575 quasi
806 501 1240 574 programmate
1271 497 1551 556 rhedariae
1594 498 1958 555 dexteritatis

2107 503 2208 567 τῆς
2282 500 2634 584 διφρευτικῆς
2707 506 3120 586 προγράμματα
3186 506 3522 582 δεξιότητος,
3595 531 3773 586 μονον

332 594 454 650 situ
486 609 770 649 manuum
805 595 1034 648 tantum
1071 606 1186 646 non
1215 588 1370 646 clare
1402 586 1690 644 rhedariis
1714 596 2000 661 praecepta

325 684 556 751 dantes,
588 682 745 754 quod
777 681 851 737 ad
887 683 1100 736 metam
1133 679 1502 746 accedentes,
1538 693 1653 734 non
1705 681 2000 750 oporteret

329 772 593 830 habenas
651 772 866 840 laxare,
929 769 1033 827 sed
1092 767 1448 824 retrahendo
1507 768 1739 824 frenum
1815 784 2000 841 equos

327 863 586 934 ﬂectere,
619 879 685 918 ac
717 858 1087 932 frequentius
1111 857 1640 929 vehementiusque
1673 857 1866 914 calcar
1896 857 1998 913 ad-

324 952 484 1023 dere,
519 955 588 1008 ut
617 949 882 1024 proxime
933 952 1154 1005 metam
1209 946 1477 1004 conversi
1531 946 1852 1004 instantem
1892 946 2000 1002 ad-

327 1041 654 1098 versarium
687 1042 965 1112 cogerent
989 1037 1258 1094 latiorem
1300 1035 1616 1093 clrcuitum
1666 1037 1994 1104 decurrere,

325 1145 389 1188 se
447 1134 814 1204 postremum
896 1127 1236 1196 adventare,
1291 1126 1523 1184 etiamsi
1607 1125 1998 1182 velocioribus

333 1220 502 1293 equis
530 1220 842 1278 veheretur
871 1222 1047 1291 atque
1071 1222 1260 1275 artem
1307 1215 1619 1291 aurigandi
1671 1215 1851 1289 probe
1879 1215 2000 1273 cal-

326 1309 495 1367 leret.

394 1399 488 1456 12-
517 1398 824 1457 Enimvero
853 1397 977 1455 hec
1019 1413 1260 1472 quoque
1318 1396 1536 1454 addere
1593 1395 1788 1454 visum
1847 1399 1938 1452 eat
1979 1411 1995 1465 ;

329 1505 675 1562 quanquam
714 1489 777 1545 in
807 1488 1110 1561 proposito
1155 1503 1271 1543 non
1331 1489 1424 1544 est
1478 1484 1677 1542 omnia
1734 1485 1995 1558 perscri-

327 1581 484 1638 bere.
520 1579 860 1636 Gratiosum
884 1575 1290 1650 spectaculum
1322 1583 1380 1632 et
1419 1575 1670 1633 artiﬁcio
1726 1575 1994 1631 omnium

332 1685 480 1744 pene
509 1666 1018 1724 mirabilissimam
1050 1666 1206 1724 basis
1231 1670 1357 1722 erat
1394 1664 1644 1737 lapidea,
1676 1663 1770 1720 cui
1817 1664 2000 1736 impo-

337 1759 524 1816 situm
556 1756 798 1825 animal,
851 1757 1008 1828 quod
1076 1759 1322 1812 eatenus
1379 1754 1618 1811 nonnisi
1661 1753 1998 1810 dubitanter

2105 591 2236 669 ουχὶ
2289 589 2622 670 διαπρυσίως
2677 601 2746 672 τῇ
2814 596 3048 663 διαθέσει
3106 598 3152 636 ⁸³
3203 601 3312 654 τῶν
3369 602 3576 674 χειρῶν
3644 605 3775 664 τοῖς

2103 677 2468 759 διφρηλάταις
2495 687 2951 765 παρεγγυώμενοι
3007 690 3056 731 ⁵⁴
3110 689 3186 752 ὡς
3240 691 3352 768 χρὴ
3395 689 3777 766 προπελῶν-

2099 791 2197 834 τας
2228 777 2296 848 τῇ
2327 773 2495 851 νύσσῃ
2547 779 2624 850 μή
2676 778 2882 856 ἐφεῖναι
2928 780 2996 834 τὰ
3043 777 3272 856 χαλινὰ,
3313 778 3442 835 ἄλλ’
3496 779 3774 857 ἐγκλίνειν

2103 861 2485 939 άνασειρασμῷ
2523 867 2651 930 τοὺς
2681 866 2894 932 ’ίππους
2949 868 3040 924 καὶ
3103 873 3324 944 συνεχεῖ
3373 867 3465 924 καὶ
3522 869 3769 950 σφοδρο-

2099 950 2243 1027 τέρῳ
2283 959 2522 1028 χρῆσθαι
2573 961 2652 1028 τῷ
2709 957 2919 1031 μύωπι,
2981 959 3132 1019 ὅπως
3181 955 3621 1034 περικλώμενοι,
3665 968 3767 1032 τῆς

2101 1041 2300 1112 νύσσης
2331 1042 2592 1118 ἐχόμενοι
2635 1047 2704 1115 ⁵⁵,
2755 1047 2882 1102 ἐῶσι
2930 1047 3023 1103 τὸν
3079 1045 3445 1123 συντρέχοντα
3473 1049 3521 1085 ⁵⁸
3551 1049 3764 1107 ἀντίτε-

2101 1150 2236 1206 χνον
2274 1133 2376 1203 τὴν
2408 1133 2470 1189 ἐκ
2496 1132 2757 1207 περιόδου
2813 1137 2859 1174 ⁸⁷
2915 1135 3042 1207 ἐλᾷν
3098 1136 3190 1193 καὶ
3220 1137 3448 1193 ὕστατον
3481 1132 3752 1214 ἔρχεσθαι,

2099 1218 2196 1275 x'uv
2222 1216 2430 1284 'imtouc
2463 1220 2906 1298 δρομικωτέρους
2932 1228 3142 1301 ὴνιοχῇ
3173 1224 3267 1281 καὶ
3305 1226 3353 1264 ⁵⁸
3381 1227 3486 1297 τήν
3511 1225 3750 1303 ἁμιλλη-

2096 1310 2289 1384 τήριον
2320 1310 2525 1386 τέχνην
2557 1312 2737 1388 ὁρῷτο
2768 1315 2814 1350 ⁵9
2843 1311 3196 1378 εὐπαίδευτος
3225 1314 3292 1372 ⁸ο.

2172 1399 2264 1472 ιβ’.
2325 1400 2386 1456 'O
2452 1397 2510 1455 Si
2563 1398 2728 1477 Λόγος
2786 1401 2876 1457 καὶ
2943 1399 3087 1458 ἄλλο
3123 1423 3176 1458 τι
3216 1404 3517 1479 προσθήσει
3565 1406 3610 1442 ⁶¹
3639 1407 3762 1467 τοῖς

2098 1485 2436 1561 εἰρημένοις·
2540 1487 2668 1546 οὐδὶ
2769 1489 2874 1567 γὰρ
2951 1491 3362 1568 συγγράψασθαι
3435 1492 3505 1548 τὰ
3585 1492 3768 1550 πάντα

2096 1571 2387 1652 προῦθετο.
2455 1577 2654 1652 Χάριεν
2717 1579 2815 1648 τὴν
2884 1577 3007 1635 θέαν
3073 1581 3165 1635 καὶ
3227 1582 3332 1651 τὴν
3393 1581 3594 1658 τέχνην
3669 1604 3768 1655 μι-

2096 1669 2231 1739 κροῦ
2283 1669 2392 1720 τῶν
2444 1663 2663 1724 πάντων
2715 1669 3160 1744 θαυμασιώτερον
3215 1669 3371 1746 βάσις
3425 1670 3492 1740 ἦν
3543 1668 3763 1742 λιθίνη,

2097 1755 2187 1810 καὶ
2241 1754 2324 1810 ἐπ’
2381 1756 2555 1826 αὐτῆς
2603 1756 2965 1833 χαλκήλατον
3015 1762 3173 1828 ζῶον,
3227 1761 3376 1837 παρᾶ
3419 1764 3681 1817 τοσοῦτον
3715 1763 3768 1799 ⁸³

329 1848 538 1906 bovem
569 1847 987 1918 repraesentare
1009 1843 1424 1916 judicavisses,
1459 1849 1752 1914 quatenus
1784 1841 1982 1899 brevis-

2100 1842 2202 1898 ὸύκ
2265 1844 2674 1920 ἆναμφήριστον
2751 1847 2800 1885 ⁸³
2879 1847 3008 1923 βοῦν
3077 1847 3364 1922 εἷκονίζον,
3430 1851 3558 1925 παρ’
3629 1850 3765 1907 ὃσον

328 1935 486 1992 sima
513 1934 724 2003 cauda,
757 1949 947 2006 neque
978 1937 1098 1990 tam
1130 1933 1346 2005 amplis
1377 1931 1715 2005 palearibus
1762 1931 1986 1988 instru-

331 2028 491 2082 ctum
526 2028 654 2082 erat
683 2022 1016 2094 cuiusmodi
1051 2027 1192 2080 sunt
1221 2021 1472 2096 Egyptii
1529 2021 1706 2079 boves
1738 2035 1755 2077 :
1801 2035 1989 2093 neque

335 2113 476 2170 item
503 2113 632 2186 ejus
663 2111 888 2186 ungula
913 2116 1040 2169 erat
1068 2110 1320 2169 bisulca.
1351 2113 1551 2184 Ipsum
1591 2126 1726 2168 vero
1779 2109 1992 2167 maxil-

328 2203 405 2260 lis
435 2203 742 2260 admotum
769 2201 1007 2259 tenebat
1030 2201 1190 2259 aliud
1223 2201 1445 2258 animal
1475 2199 1800 2258 constrictu
1837 2216 1986 2272 pra;-

330 2294 561 2364 t‘ucans,
594 2293 751 2366 quod
784 2296 908 2350 toto
964 2308 1206 2365 corpore
1267 2292 1540 2366 squamis
1589 2292 1987 2360 muniebatur,

328 2382 408 2439 ita
438 2381 684 2456 asperis,
717 2385 785 2439 ut
815 2381 945 2440 sine
1004 2381 1240 2439 lesione
1294 2380 1392 2436 vix
1449 2381 1712 2453 contingi
1765 2384 1986 2453 posset.

330 2472 658 2530 Putabatur
689 2476 886 2529 autem
919 2471 1169 2529 alterum
1201 2487 1326 2528 esse
1356 2469 1672 2528 basiliscos
1696 2489 1710 2540 ;
1733 2469 1986 2526 alterum

322 2579 480 2632 vero,
515 2562 673 2635 quod
707 2563 779 2618 ad
814 2578 879 2618 os
908 2559 1072 2618 illius
1129 2561 1435 2617 admotum
1493 2565 1552 2616 et
1599 2559 1980 2617 constrictum

323 2651 662 2723 tenebatur,
695 2667 800 2724 pro
831 2651 1033 2722 aspide
1083 2649 1432 2707 habebatur.
1465 2649 1582 2708 Nec
1614 2649 1854 2706 deerant
1883 2649 1985 2721 qui

329 2742 750 2814 conjectarent,
788 2741 1036 2798 alterum
1095 2739 1386 2796 Niliacum
1444 2740 1675 2810 bovem,
1733 2739 1984 2796 alterum

328 2847 464 2888 vero
493 2829 855 2888 crocodilum
913 2846 1040 2887 esse
1096 2829 1232 2903 (16).
1291 2829 1407 2901 Ego
1441 2845 1578 2886 vero
1637 2828 1784 2885 nihil
1843 2845 1983 2886 curo

328 2919 756 2978 sententiarum
814 2918 1178 2976 varietatem.
1237 2917 1437 2976 Dicam
1513 2917 1706 2975 solum
1767 2933 1982 2974 novum

327 3009 644 3082 quodpiam
669 3007 822 3066 867
856 3007 1116 3066 certandi
1145 3024 1334 3081 genus
1363 3007 1427 3064 in
1456 3010 1706 3079 utroque
1757 3009 1983 3077 specta-

317 3102 447 3156 tum
467 3114 598 3156 esse
620 3122 636 3168 ;
662 3098 747 3155 ita
766 3101 832 3154 ut
851 3098 1024 3154 ambo
1047 3097 1271 3154 malum
1319 3096 1599 3152 inferrent
1649 3099 1708 3151 et
1755 3095 1979 3168 accipe-

319 3191 799 3260 rent,ut.iumque
828 3187 1228 3243 adversarium
1260 3186 1574 3242 conﬁceret
1610 3189 1667 3242 et
1721 3184 1980 3242 vicissim

321 3277 732 3345 conﬁceretur,
763 3281 1069 3349 superaret
1097 3280 1156 3332 et
1185 3279 1562 3347 superaretur
1587 3290 1604 3331 :
1655 3275 1827 3330 ambo
1875 3274 1982 3347 igi-

325 3373 420 3423 tur
445 3365 756 3422 vincebant
785 3368 843 3421 et
870 3363 1270 3421 vincebantur.
1329 3363 1480 3420 Nam
1537 3363 1782 3420 alterum
1841 3363 1976 3434 qui-

319 3455 589 3528 dem,pro
613 3452 890 3512 basilisco
921 3453 1213 3526 habitum,
1248 3470 1282 3509 a
1310 3454 1500 3526 capite
1529 3469 1714 3525 usque
1744 3453 1819 3509 ad
1848 3453 1976 3510 cal-

319 3557 448 3601 cem
480 3543 698 3615 pedum
729 3543 1186 3614 intumescebat,
1219 3547 1396 3615 atque
1427 3542 1822 3616 aeruginosam
1862 3548 1976 3600 toto

318 3649 561 3706 corpore
601 3649 755 3690 rana:
787 3632 980 3691 colore
1001 3632 1249 3690 viridius
1279 3637 1420 3702 erat,
1454 3633 1595 3705 quia
1632 3632 1791 3690 virus
1821 3636 1976 3690 totos

316 3722 595 3779 animalis
655 3727 821 3780 artus
898 3725 1284 3794 occupaverat
1343 3728 1398 3778 et
1454 3721 1662 3778 mortis
1720 3722 1974 3780 colorem

312 3809 635 3868 induxerat
663 3829 679 3880 ;
713 3811 772 3866 in
805 3826 957 3884 genu
990 3811 1184 3883 itaque
1223 3809 1437 3866 ﬂexum
1491 3814 1640 3881 erat,
1671 3809 1975 3866 oculorum

317 3899 472 3956 acies
526 3900 838 3969 exstincta,
897 3898 1059 3956 vitali
1119 3897 1463 3955 fortitudine
1533 3903 1973 3969 marcescente;

318 3989 437 4046 imo
467 4005 601 4047 vero
657 3989 1070 4046 aestimandum
1129 3987 1534 4060 spectantibus
1589 3985 1972 4058 relinquebat,

304 4077 424 4149 jam
459 4077 560 4135 diu
598 4083 897 4135 mortuum
927 4076 1233 4150 lapsurum
1268 4075 1468 4145 fuisse,
1487 4075 1598 4132 nisi
1630 4075 1841 4148 plantae
1875 4091 1973 4149 pe-

315 4167 458 4224 dum
490 4167 918 4226 sustinuissent
949 4183 1016 4223 ac
1047 4181 1150 4238 per
1178 4181 1242 4222 se
1271 4167 1478 4237 suapte
1503 4165 1690 4222 forma
1714 4170 1973 4222 erectum

308 4259 666 4314 servassent.
700 4256 962 4313 Alterum
995 4254 1132 4312 item
1165 4254 1386 4311 animal
1419 4253 1674 4311 maxillis
1722 4255 1970 4312 constri-

308 4351 494 4416 ctum,
521 4346 648 4418 jam
681 4344 995 4402 remissius
1025 4345 1276 4401 caudam
1316 4361 1578 4414 movens,
1609 4343 1794 4400 hianti
1849 4361 1966 4414 ore,

309 4433 470 4507 quod
506 4433 824 4492 molaribus
857 4437 1235 4506 premeretur,
1267 4436 1617 4491 contendere
1639 4433 1967 4501 videbatur,

309 4531 374 4581 ut
403 4541 436 4581 a
469 4527 638 4598 septo
671 4524 936 4581 dentium
968 4527 1026 4580 et
1055 4539 1090 4581 a
1120 4539 1317 4580 morsu
1351 4537 1481 4580 sese
1547 4523 1820 4596 eriperet.
1853 4523 1970 4581 Nec

2102 1933 2482 2009 βραχύκερκον
2531 1935 2624 2007 ἦν,
2681 1935 2822 2010 μηδὲ
2873 1937 3090 2012 βαθεῖαν
3122 1940 3372 2003 καθεικὸς
3402 1941 3448 1977 ⁸⁸
3479 1939 3766 2017 φάρυγγα,

2098 2022 2220 2078 οἳαν
2252 2023 2307 2078 oi
2336 2021 2630 2098 Αἱγύπτιοι
2683 2025 2808 2101 βόες
2854 2025 3136 2104 τρέφουσι,
3163 2029 3302 2101 μήτε
3335 2029 3446 2102 μὴν
3475 2029 3524 2066 ⁸⁸
3551 2026 3769 2104 χηλαῖς

2099 2110 2491 2186 ὁπλιζόμενον.
2544 2118 2776 2189 Συνεῖχε
2833 2110 2892 2169 δὲ
2948 2115 3108 2171 τοῦτο
3163 2120 3287 2179 ταῖς
3338 2114 3524 2193 γένυσι
3561 2118 3654 2173 καὶ
3684 2116 3770 2182 εἶς

2095 2206 2307 2276 πνῖγμα
2333 2196 2619 2257 ωνέθλιὸε
2650 2206 2789 2273 ζῶον
2826 2199 3039 2279 ἕτερον,
3086 2203 3156 2260 δι’
3210 2203 3348 2262 ὅλου
3377 2210 3476 2263 τοῦ
3504 2207 3771 2282 σώματος

2097 2287 2280 2346 λεπίσί
2337 2290 2777 2367 θωρακιζόμενον
2837 2295 2983 2350 οὕτω
3039 2294 3349 2371 τραχείαις,
3417 2296 3494 2360 ὡς
3547 2297 3640 2352 καὶ
3704 2296 3764 2354 ἐν

2095 2379 2295 2455 χαλκῷ
2353 2379 2542 2437 λυπεῖν
2595 2381 2687 2437 τὸν
2742 2381 3066 2457 ἁπτόμενον.
3106 2385 3302 2454 ᾜδετο
3334 2383 3392 2441 δὶ
3430 2385 3493 2441 τὸ
3529 2385 3624 2460 μὲν
3657 2388 3769 2462 βα-

2096 2467 2344 2525 σιλίσκον
2402 2471 2560 2542 εἶναι,
2621 2471 2684 2526 τὸ
2744 2469 2801 2528 δὲ
2859 2470 3079 2546 ἀσπίδα,
3139 2474 3200 2529 τὸ
3258 2473 3768 2550 συμμαρπτόμενον

2093 2559 2292 2616 τούτου
2323 2566 2402 2634 τῷ
2434 2561 2691 2635 στόματιο
2759 2563 2860 2618 οὐκ
2919 2561 3140 2639 ὂλίγοις
3188 2561 3246 2619 δὲ
3274 2564 3338 2621 τὸ
3373 2565 3470 2639 μὲν
3506 2564 3762 2638 Νειλῷος

2100 2651 2252 2726 βοῦς,
2311 2651 2373 2707 τὸ
2428 2648 2485 2706 δὲ
2538 2647 2893 2724 κροκόδειλος
2948 2652 3080 2707 εἶναι
3139 2651 3407 2722 εἰκάζετο.
3462 2654 3624 2727 Ἐμοὶ
3663 2655 3763 2728 μὲν

2095 2738 2191 2796 οὖν
2222 2739 2284 2796 οὐ
2320 2738 2487 2815 μέλον
2519 2744 2614 2795 τοῦ
2642 2745 2750 2795 τῶν
2795 2737 2969 2812 δοξῶν
2999 2740 3264 2815 ἀνομοίου
3293 2745 3360 2813 ⁸⁸,
3401 2743 3573 2799 εἰπεῖν
3607 2741 3666 2800 δὲ
3690 2745 3761 2800 τὸ

2092 2831 2284 2900 καινήν
2346 2850 2465 2885 τινα
2516 2831 2617 2900 τὴν
2672 2831 2717 2867 ⁸⁷
2775 2829 2958 2902 πάλην
3012 2829 3321 2909 ἀμφότερον
3368 2831 3631 2903 τίθεσθαι,
3665 2833 3765 2889 καὶ

2094 2917 2223 2994 δρᾷν
2283 2917 2334 2974 ἐν
2394 2919 2543 2994 μέρει
2601 2919 2692 2974 καὶ
2757 2918 2988 2998 πάσχειν
3072 2925 3254 2984 κακῶς
3323 2921 3413 2976 ὑπ’
3481 2920 3757 2995 ἀλλήλων

2092 3008 2340 3085 ἑκάτερα,
2397 3005 2630 3064 ὀλλύναι
2691 3023 2751 3064 τε
2775 3009 2866 3064 καὶ
2925 3005 3216 3082 ὅλλυσθαι,
3275 3009 3365 3066 καὶ
3423 3017 3640 3088 κρατεῖν
3697 3012 3755 3068 ἐν

2089 3097 2270 3169 ταύτῷ
2325 3099 2372 3135 ⁸⁸
2429 3095 2519 3152 καί
2572 3101 2906 3174 κρατεῖσθαι,
2965 3099 3056 3154 καὶ
3108 3104 3257 3172 νικᾷν
3314 3098 3483 3178 ἄμφω
3530 3101 3618 3157 καὶ
3661 3102 3758 3158 ὑπ’

2089 3186 2355 3259 ἀλλήλων
2387 3187 2871 3245 καταπαλαίεσθαι.
2917 3189 2995 3246 Τὸ
3051 3189 3145 3264 μὶν
3199 3191 3305 3267 γὰρ
3359 3191 3388 3246 ὁ
3441 3192 3528 3246 καί
3575 3213 3749 3269 φημι-

2093 3277 2322 3350 ζόμενος
2372 3277 2687 3354 βασιλίσκος
2747 3275 3009 3352 διῳδήκει
3065 3278 3204 3334 ’ἁπαν
3257 3277 3317 3336 ἐκ
3360 3278 3591 3356 κεφαλῆς
3629 3277 3736 3345 ἕως

2087 3366 2176 3422 καὶ
2208 3367 2372 3423 αὐτοῦ
2401 3371 2497 3423 τοῦ
2524 3371 2633 3424 τῶν
2665 3365 2849 3424 ποδῶν
2885 3368 3165 3443 πέλματος
3195 3371 3263 3439 σθ,
3287 3371 3378 3426 ναὶ
3407 3371 3742 3446 κατιωμένον

2089 3453 2219 3512 ὅλον
2279 3457 2343 3512 τὸ
2401 3460 2561 3531 σῶμα
2615 3457 2706 3512 καὶ
2775 3457 2908 3534 ὑπὲρ
2966 3459 3029 3514 τὸ
3088 3461 3422 3536 βατράχειον
3453 3461 3499 3498 ’⁸ο
3536 3466 3749 3537 χρῶμα

2088 3545 2383 3622 ἐχλώριζε,
2412 3551 2510 3602 τοῦ
2559 3547 2849 3624 φαρμάκου
2901 3543 3296 3623 διαδραμόντος
3338 3554 3440 3619 τήν
3466 3555 3565 3606 τοῦ
3600 3553 3750 3620 ζὼου

2089 3634 2372 3711 ξύμπασαν
2424 3633 2666 3712 διαρτίαν
2734 3638 2825 3692 καὶ
2885 3636 2963 3700 εἷς
3023 3637 3244 3701 θάνατον
3295 3640 3634 3714 χρὼσαντος·
3673 3641 3758 3706 εἷς

2087 3725 2218 3800 γόνυ
2275 3725 2456 3781 τοίνυν
2523 3723 2780 3798 συνίζανε,
2841 3727 2905 3782 τὸ
2964 3722 3121 3801 ὅμμα
3173 3721 3397 3784 ἓσϐεστο
3445 3736 3546 3800 τῆς
3579 3735 3759 3800 ζωτιι⁵

2087 3820 2191 3885 κῆς
2263 3813 2694 3891 ἐκμαρανθείσης
2771 3812 3074 3890 δυνάμεως.
3141 3815 3372 3875 Μᾶλλον
3482 3819 3579 3894 μὲν
3658 3819 3759 3877 οὖν

2089 3900 2269 3959 ἐδίδου
2323 3909 2444 3969 τοῖς
2499 3905 2668 3980 ὁρῶσι
2731 3902 2974 3976 δοξάζειν
3033 3907 3108 3968 ὡς
3165 3905 3337 3963 πάλαι
3367 3905 3428 3963 ἂν
3457 3905 3762 3983 ἀνατέτραο

2086 4013 2190 4048 πτο
2220 3993 2509 4069 νεκρωθέν,
2543 3994 2589 4049 εί
2633 3995 2708 4068 μὴ
2742 3998 2851 4050 τῶν
2902 3993 3087 4050 ποδῶν
3120 3997 3177 4050 αἱ
3211 3995 3396 4073 βάσεις
3455 3997 3765 4073 ὑπήρειδον

2086 4082 2347 4160 καὶπρὸς
2394 4083 2579 4139 στάσιν
2651 4084 2946 4159 ὑπανεῖχον
3004 4083 3209 4161 ὄρθιον.
3259 4087 3362 4144 Ἠν
3421 4083 3481 4142 δὲ
3532 4089 3625 4144 καί
3659 4088 3761 4144 θά-

2085 4191 2239 4248 τερον
2295 4171 2528 4247 ὁμοίως,
2582 4172 2645 4228 τὸ
2705 4177 2825 4236 ταῖς
2881 4173 3090 4248 γένυσιν
3141 4173 3522 4250 ἐνισχόμενον,
3568 4177 3759 4254 βραχὺ

2087 4261 2183 4336 μὲν
2240 4260 2303 4316 τὸ
2364 4262 2584 4334 οὐραῖον
2667 4260 2958 4338 ἆσπαῖρον,
3048 4262 3190 4338 μέγα
3261 4261 3319 4319 δὲ
3373 4266 3612 4341 κεχηνὸς
3671 4271 3761 4340 τῷ

2084 4351 2433 4427 ἀπάγχεσθαι
2489 4355 2559 4427 τῇ
2613 4355 2723 4408 τῶν
2777 4351 3028 4430 γομφίων
3093 4356 3319 4429 ξυνοχῇο
3380 4354 3472 4410 κάὶ
3538 4358 3758 4429 ξυντεί-

2083 4451 2262 4504 νεοθαι
2299 4440 2395 4513 μὲν
2427 4439 2584 4513 ἐῴκει
2628 4441 2721 4495 καὶ
2777 4441 2952 4517 ὀρμᾷν
3001 4444 3285 4518 πειρᾶσθαι
3316 4447 3414 4498 τοῦ
3441 4448 3552 4500 τῶν
3584 4443 3763 4502 ὀδόν-

2082 4549 2190 4584 των
2217 4525 2414 4604 ’ἑρκους
2471 4526 2746 4585 διεκδῦναι
2802 4529 2895 4585 καὶ
2953 4529 3252 4587 διεκπεσεῖν
3305 4535 3404 4588 τοῦ
3433 4532 3756 4610 χάσματος,

306 4617 538 4688 poterat
567 4618 791 4686 tamen,
821 4613 960 4686 quia
990 4629 1123 4672 cum
1155 4612 1421 4670 humeris
1466 4615 1525 4669 et
1573 4613 1968 4670 anterioribus

2094 4616 2178 4672 ›ὐκ
2208 4614 2368 4693 ἴσχυε
2399 4614 2475 4687 δὲ,
2511 4615 2595 4673 ὅτι
2623 4619 2691 4673 τὰ
2741 4619 2876 4693 μετᾶ
2920 4620 3048 4684 τοὺς
3101 4618 3290 4694 ὢμους
3323 4621 3478 4686 εὐθὺς
3517 4623 3611 4679 καὶ
3635 4629 3756 4682 τῶν

310 4707 562 4779 pedibus
592 4705 852 4780 corporis
885 4710 1106 4779 partes,
1138 4721 1267 4777 quas
1297 4706 1498 4762 caudae
1523 4705 1748 4777 junctae
1777 4708 1968 4775 erant,

309 4799 370 4856 in
401 4799 566 4859 horis
594 4800 763 4858 hiatu
794 4799 1251 4858 continebantur
1309 4797 1686 4872 maxillisque
1729 4798 1971 4854 conﬁxa

301 4892 682 4965 erant.Atque
709 4890 795 4949 ita
822 4903 951 4948 sese
979 4887 1082 4947 illa
1112 4891 1322 4946 mutua
1356 4887 1512 4946 caede
1558 4885 1966 4956 conﬁciebant,

2081 4702 2270 4762 ποδῶν
2315 4706 2444 4769 τοὺς
2483 4704 2876 4782 ἐμπροσθίους,
2933 4709 3025 4763 καὶ
3065 4708 3168 4765 ὃσα
3221 4713 3302 4782 τῷ
3358 4708 3567 4788 οὐραίῳ
3625 4734 3753 4770 συν-

2081 4793 2320 4868 ῄπτοντο
2352 4793 2492 4872 μέρη
2523 4800 2623 4851 τοῦ
2654 4796 2930 4870 σώματος,
2988 4799 3024 4867 ἡ
3066 4801 3165 4853 τοῦ
3224 4799 3498 4872 στόματος
3527 4801 3748 4879 ξυνεῖχε

2080 4881 2359 4950 διάστασις
2412 4885 2456 4923 7'
2513 4885 2606 4942 καὶ
2672 4891 2790 4950 ταῖς
2845 4885 3054 4964 γένυσιν
3139 4885 3460 4964 ἐνεπείρετο.
3517 4892 3615 4950 Καὶ
3673 4891 3742 4948 τὰ

1561 5013 1787 5082 Variae
1816 5013 2140 5084 lectiones
2180 5023 2246 5084 et
2271 5023 2478 5085 notae.

369 5152 395 5187 ⁵
448 5152 509 5209 Β.
543 5151 730 5227 θέσει.
817 5151 956 5227 fil-1.
985 5147 1443 5227 παρεγγυόμενοι.

291 5295 344 5331 ⁶⁰
375 5291 636 5354 ΙιιῸζΒ.
668 5291 919 5355 όίίθόἰίῑ.
950 5291 1294 5356 ἀπαίδευτοςῖ

1407 5294 1453 5332 ⁶¹
1489 5295 1552 5367 F._
1580 5294 1888 5367 προσθέσει.

285 5366 426 5445 φώρι
460 5385 607 5445 στον,
717 5367 778 5445 σί
795 5366 1007 5445 Βκκατ⁹
1036 5366 1202 5445 siritis.

1313 5365 1360 5402 ⁸⁸
1396 5366 1460 5422 Β.
1493 5363 1608 5436 μέν.

303 5529 457 5574 τασις
507 5509 765 5568 .Bekker.

293 5631 428 5702 erat
459 5622 628 5702 {libri
658 5628 867 5687 coloris
915 5626 1110 5702 (πέτρα
1157 5625 1300 5702 ὑπεὶρ-
1339 5623 1657 5702 τῶᾼῖππων
1683 5628 1783 5702 τὴν
1809 5646 1960 5702 καμ-

289 5698 408 5771 πὴν
475 5693 800 5771 ἃνιπηκυῖα
879 5693 1055 5781 χρόαν
1105 5693 1329 5776 uappa).
1392 5699 1477 5760 Cf.
1529 5693 1754 5775 Moysii
1807 5693 1958 5758 Hirt.

1557 5149 1602 5185 ⁸⁸
1712 5149 1793 5238 "B.
1825 5156 1882 5207 et
1910 5149 2076 5208 editt.
2107 5146 2375 5238 Exd-pevu‘.

295 5219 396 5279 δου
453 5222 763 5299 (περιόδῳ).
826 5217 887 5259 ’⁵⁸
921 5217 1187 5281 Fortasse
1212 5217 1526 5295 legendum
1554 5226 1644 5278 est
1669 5237 1684 5278 :
1712 5217 1827 5277 τίνα.
1862 5265 1876 5280 .
1906 5264 1919 5280 .
1948 5264 1963 5282 .

295 5295 344 5331 ³ο
376 5300 442 5348 Ir.
475 5295 540 5348 C.
573 5297 636 5348 Β.
668 5303 726 5348 et
752 5296 919 5348 editt.
950 5291 1294 5348 ἀπαίδευτος.
1407 5294 1453 5332 ⁶¹
1489 5295 1548 5348 F.
1580 5294 1888 5348 προσθέσει.

2126 5217 2306 5297 όρῷτο
2339 5219 2688 5286 ἀπαίδευτος.
2723 5247 2752 5275 ‹‹
2784 5217 3124 5281 'Lachmann
3158 5247 3208 5281 ».

2094 5299 2141 5348 F.
2171 5297 2446 5348 τοιοῦτον.
2557 5295 2604 5331 ⁸³
2643 5299 2702 5348 C.
2736 5298 2795 5348 B.
2824 5295 3188 5348 ἀναωήοιστον

2127 5336 2141 5351 ο
2171 5315 2234 5350 το
2245 5313 2419 5349 ιουτον
2429 5335 2446 5351 ο

287 5366 426 5445 φώρι
460 5385 607 5422 στον.
717 5367 766 5402 ⁶⁴
795 5366 858 5422 Β.
889 5370 1007 5421 κατ’
1036 5366 1202 5430 εἰκός.
1313 5365 1360 5402 ⁸⁵
1396 5366 1460 5422 Β.
1493 5365 1631 5436 μέν(
1718 5365 1767 5400 ⁸⁸
1803 5367 1858 5423 F.
1891 5365 2142 5438 ἀνομίου.
2257 5367 2277 5401 ⁸

287 5456 446 5497 amen
483 5438 716 5511 datione
743 5438 1010 5496 Bekkeri.
1041 5440 1102 5496 C.
1130 5438 1193 5495 B.
1221 5441 1280 5495 et
1309 5437 1596 5497 editiones
1630 5443 1960 5510 posuerunt
1985 5435 2280 5511 τέλματος.

2487 5150 2534 5188 ⁵⁸
2565 5151 2624 5207 Β.
2659 5151 2976 5228 συνέχοντα.
3088 5152 3132 5188 ⁸⁷
3185 5154 3244 5210 Β.
3290 5154 3394 5223 τὴν
3441 5150 3490 5208 ἐν
3534 5150 3723 5246 περιόο

2487 5219 2668 5263 ἓως-ηρ
2723 5247 2752 5263 η
2793 5225 3121 5263 [ριπηηηη
3160 5247 3187 5263 ι.
3325 5228 3373 5263 se
3411 5228 3448 5263 re
3509 5225 3709 5263 Am..-“

2257 5243 2306 5277 ιο
2339 5225 2688 5286 ἀπαίδευτος.
2723 5247 2752 5275 ‹‹
2785 5225 3124 5281 Lachmann
3158 5247 3208 5281 ».
3325 5228 3373 5263 ⁵9
3411 5228 3469 5286 F.
3509 5225 3733 5300 ὁρώτω.

2257 5297 2446 5351 ηοῦτον.
2557 5295 2604 5331 ⁸³
2643 5299 2702 5354 C.
2736 5298 2795 5352 Β.
2824 5295 3226 5371 ἀναιρήριστονς
3273 5303 3338 5355 Β.
3390 5309 3448 5356 et
3491 5299 3552 5356 F.
3593 5297 3733 5354 ἀνα-

2257 5367 2298 5401 ‘1
2334 5368 2372 5401 Π
2683 5368 2782 5401 lli-las
3013 5373 3052 5401 Ω
3127 5366 3181 5401 Ζ..
3227 5369 3410 5401 -ﬂl'l-A-a
3642 5372 3733 5401 m-

2280 5368 2298 5402 ’¹
2332 5367 2646 5442 Εἐρῳίίίίί
2683 5368 2806 5442 τήν.
2902 5366 2969 5442 μεθ
3006 5366 3073 5426 Β.
3127 5366 3433 5442 ένίταύτῳ.
3547 5372 3619 5442 ⁸⁸-
3642 5372 3744 5430 Ex

2393 5439 2438 5474 ⁷ο
2465 5439 2529 5495 Β.
2563 5438 2695 5514 ὑπὲρ
2745 5438 3096 5516 βατράχειον.
3190 5441 3231 5477 ⁷¹
3285 5438 3561 5501 Fortasse
3599 5439 3740 5498 διά-

2069 5626 2716 5701 Hirtor._nrchitecturz,
2750 5628 2848 5700 III,
2882 5628 3094 5701 p.146.

2140 5699 2252 5774 (ιο)
2281 5698 2412 5758 Vid.
2447 5701 2630 5775 Heyn.
2664 5701 2707 5760 Ι.
2739 5716 2792 5762 c.
2823 5698 2900 5774 p.’
2914 5700 3005 5759 38.
