4074 6390
314 362 473 425 1057
1730 355 1978 419 GHROI‘

2086 353 2325 417 LOGIA.

3586 356 3752 420 1038

317 499 411 572 μὶν
445 492 621 559 οὕτως
676 495 814 565 ἦσαν
876 494 967 549 ὑπ’
999 489 1241 562 ἀλλήλω
1268 490 1620 564 νεκροῦμινοι,
1658 489 1753 544 καὶ
1810 487 1971 557 κοινὴ

2087 506 2155 545 ac
2186 504 2500 546 commune
2558 490 2855 546 certamen
2912 489 3038 545 erat
3092 489 3152 545 et
3200 486 3442 561 aequalis
3469 488 3752 563 utrinque

315 588 411 661 μὶν
446 588 651 664 ἀμφοῖν
685 585 720 654 ἦ
772 580 1011 656 ἅμιλλα,
1044 581 1200 650 κοινή
1262 578 1319 635 δὲ
1367 578 1457 634 καὶ
1491 578 1747 652 ήᾶμυνα,
1778 577 1829 613 ’⁷³
1854 578 1974 631 ἱσο-

307 675 492 746 παλής
553 672 611 729 δὲ
668 675 703 741 ἠ
748 673 900 742 νίκη,
960 669 1264 747 σύντροχος
1323 665 1381 723 δὲ
1432 669 1522 723 καὶ
1610 668 1638 722 ὁ
1719 667 1969 727 θάνατος.

307 766 475 838 Ἐμοῖ
529 761 576 818 δ’
634 757 836 817 ἔπεισιν
894 759 941 796 ⁷³
1001 758 1169 815 εἰπεῖν
1231 759 1305 820 ὡς
1362 757 1424 812 τὸ
1481 757 1793 830 φθείρεσθαι
1835 755 1964 829 παρ’

308 852 576 924 ἀλλήλων
616 852 707 907 καὶ
764 850 858 904 σὺν
914 846 1191 919 ἀλλήλοις
1247 845 1547 922 ἀπάγεσθαι
1597 848 1698 915 τὴν
1759 843 1813 909 ἐς
1869 845 1971 898 θά-

321 964 480 998 νατον
564 943 632 997 τὰ
677 943 785 994 τῶν
840 942 1020 992 κακῶν
1088 936 1425 1016 κηρεσιφόροι
1491 935 1582 989 καὶ
1658 935 1969 1009 ἀνθρώποις

328 1030 553 1105 ὀλέθρια
613 1031 689 1103 μὴ
752 1028 916 1102 μόνον
966 1026 1018 1081 ἐν
1051 1025 1254 1081 εἷκόσιν
1289 1024 1373 1096 εἴη
1407 1025 1456 1060 ⁷⁴
1495 1022 1907 1093 διατυποῦσθαι,
1937 1023 1973 1093 ἢ

313 1120 401 1173 καὶ
435 1123 558 1180 τοῖς
586 1116 992 1191 ἀλκιμωτέροις
1042 1119 1149 1169 τῶν
1206 1115 1357 1184 ξώων
1419 1118 1582 1168 τοῦτο
1642 1106 1975 1185 ἐπισυμϐαί-

313 1228 448 1279 νειν,
507 1205 657 1262 ἀλλὰ
693 1207 781 1260 καὶ
847 1206 972 1278 παρ’
1033 1200 1207 1259 ἔθνεσι
1271 1204 1319 1239 ’⁷⁵
1383 1201 1647 1277 συχνάκις
1704 1202 1970 1279 γίνεσθαι,

314 1300 479 1354 ὁποῖα
534 1302 652 1358 τοῖς
700 1294 995 1369 Ῥωμαίοις
1053 1297 1189 1366 ἡμῖν
1256 1292 1651 1367 ἐπεστράτευσε
1736 1294 1805 1363 ⁷⁸,
1874 1312 1978 1369 φο-

314 1392 491 1442 νῶντοι
527 1386 647 1441 κατ’
686 1382 955 1455 ἀλλήλων
988 1383 1058 1453 ⁷⁷,
1128 1380 1406 1455 ὁλλύμενα
1448 1379 1673 1449 δυνάμει
1730 1382 1978 1456 Χριστοῦ

313 1480 412 1531 τοῦ
444 1473 926 1549 διασκορπίζοντος
960 1470 1085 1542 ἔθνη
1116 1472 1184 1526 τὰ
1212 1470 1339 1532 τοὺς
1370 1469 1652 1543 πολέμους
1683 1470 1979 1539 θέλοντα⁷⁸,

313 1563 405 1621 καὶ
449 1564 527 1636 μὴ
559 1563 856 1637 χαίροντος
886 1558 1132 1634 α’ίμπισιν,
1165 1559 1223 1621 ὅς
1268 1560 1359 1614 καὶ
1392 1556 1600 1614 δίκαιον
1652 1558 1734 1614 ἐπ’
1776 1555 1981 1613 ἀσπίδα
2093 1570 2152 1622 et
2182 1566 2522 1622 draconem.

309 1656 402 1712 καὶ
466 1654 783 1729 βασιλίσκον
846 1650 1112 1707 δείκνυσιν
1189 1648 1559 1721 ἐπιϐαίνοντα,
1629 1652 1722 1707 καὶ
1781 1650 1980 1707 λὲονται

318 1750 735 1805 καταπατοῦντα
774 1747 862 1801 καὶ
900 1743 1193 1822 δράκοντα.

1576 1869 1799 1937 Varia:
1822 1869 2147 1937 lectiones
2179 1875 2245 1935 et
2271 1874 2477 1936 notae.

2085 577 2350 647 victoria,
2384 594 2491 650 par
2518 576 2782 634 exitium.
2815 576 2954 631 Mihi
2987 579 3181 632 autem
3213 576 3273 633 in
3298 581 3556 635 mentem
3587 578 3750 636 subit

2087 666 2301 735 dicere,
2336 672 2575 723 mutuas
2605 667 2815 732 caedes,
2843 669 2900 721 et
2945 664 3097 721 868
3144 664 3415 724 lethifera
3460 668 3750 741 pernicio-

2083 772 2268 829 saque
2300 758 2372 813 ad
2420 757 2663 813 exitium
2718 756 3016 827 vergentia
3074 754 3231 811 mala
3283 771 3398 813 non
3459 758 3653 815 solum
3688 761 3749 814 in

2084 846 2444 919 imaginibus
2476 845 2723 918 exprimi
2772 860 2965 917 posse,
3019 860 3211 915 neque
3260 847 3408 918 apud
3457 847 3746 904 robustis-

2087 938 2242 993 sima
2270 937 2459 993 solum
2493 935 2771 992 animalia
2800 934 3157 1003 contingere,
3204 937 3302 990 sed
3363 936 3539 993 etiam
3590 937 3750 1009 apud

2084 1030 2292 1100 gentes
2342 1026 2716 1098 plerumque,
2777 1039 2905 1094 quas
2960 1022 3131 1079 nobis
3183 1023 3464 1081 Romanis
3520 1026 3745 1083 bellum

2087 1116 2457 1185 intulerunt;
2492 1115 2602 1171 illa:
2633 1113 2859 1170 scilicet
2890 1116 3159 1168 mutuam
3194 1113 3474 1171 adversus
3505 1131 3568 1171 se
3590 1116 3750 1187 ipsas

2086 1206 2301 1264 caedem
2335 1209 2650 1271 sectantes,
2676 1203 2897 1276 periere
2918 1202 3133 1258 virtute
3156 1201 3370 1259 Christi
3400 1204 3748 1277 dissipantis

2088 1300 2312 1368 gentes,
2347 1310 2474 1366 qua;
2499 1291 2716 1349 bellum
2744 1292 2968 1359 volunt,
3020 1307 3212 1363 neque
3260 1293 3552 1364 sanguine
3599 1309 3750 1365 gau-

2089 1384 2304 1453 dentis,
2338 1384 2440 1456 qui
2471 1384 2645 1439 eliam
2670 1384 2904 1454 justum
2937 1397 3113 1452 super
3143 1381 3409 1453 aspidem
3443 1384 3501 1438 et
3530 1381 3746 1437 basili-

2092 1492 2259 1533 scum
2284 1473 2688 1530 ambulantem
2712 1472 3030 1543 exhibet,et
3049 1471 3492 1530 conculcantem
3515 1472 3743 1530 leonem

393 2015 441 2051 τε
470 2016 657 2072 Verba
685 2014 844 2083 κοινή
890 2029 1078 2083 usque
1109 2013 1180 2067 ad
1213 2007 1390 2083 ἄμυνα
1422 2012 1638 2068 omissa
1660 2016 1801 2083 sunt
1833 2029 1866 2068 a
1891 2012 1948 2067 Β.

2086 2014 2189 2083 ‘B.
2213 2006 2271 2065 δὲ
2301 2004 2523 2083 ἔπεισιν.
2621 2009 2760 2083 7‘_F_'.
2801 2000 2905 2068 ἔτι.
2995 2007 3040 2044 ⁷⁸
3060 2010 3119 2064 F.
3152 1999 3376 2063 ἔθνεσιν.
3469 2006 3517 2045 ’⁷⁸
3544 2008 3609 2065 F.
3640 2006 3755 2063 ἑπι-

322 2088 630 2162 στράτευσε.
706 2085 753 2120 77
785 2075 848 2142 Βί
876 2094 929 2142 et
961 2075 1023 2141 Ρ.
1057 2075 1331 2160 φονοῦντα
1355 2084 1444 2137 καὶ
1475 2085 1591 2138 κατ’
1621 2081 1914 2154 αλλήλων.
1992 2082 2038 2118 ’⁷⁸
2065 2088 2130 2142 Β.
2162 2075 2288 2153 ἔθνη
2322 2082 2413 2136 καὶ
2442 2079 2569 2143 τοὺς
2596 2078 2907 2154 πολέμους.

333 2235 3752 2265 M

1507 2344 2151 2414 CHRONOLOGIA
2190 2344 2568 2413 NICETIE.

1297 2489 1460 2556 ΟυιΕ
1496 2490 1855 2551 ANNORUM
1913 2491 2003 2548 AB
2052 2491 2141 2548 EO
2198 2490 2777 2550 DESCRIPTORUM.

572 2653 638 2714 et
665 2666 891 2713 rerum
928 2642 1047 2711 sub
1080 2643 1595 2736 imperazoribus
1623 2653 1971 2735 gestarum
2006 2644 2241 2714 seriem
2262 2644 2501 2738 paucis
2530 2644 2784 2715 indicat
2807 2647 3115 2736 (auctore
3153 2646 3506 2733 FABRO’I‘O).

363 2935 517 2991 Anni
1627 2935 1740 2991 Res
1770 2937 1968 3007 gestae.

324 3006 561 3064 Christi.

576 3078 900 3151 Imperator
927 3081 1175 3151 Au:st
1203 3081 1545 3151 COMNENQS,
1578 3094 1731 3134 anno
1765 3077 1993 3146 imperii
2017 3078 2109 3147 37,
2144 3094 2340 3135 mense
2371 3080 2403 3134 4
2433 3095 2568 3135 cum
2612 3078 2880 3147 dimidio,
2916 3078 2983 3134 15

505 3150 879 3223 dieiA'ugusti
906 3150 1025 3206 vita
1052 3153 1285 3223 functus
1315 3155 1423 3207 est.
1457 3150 1642 3206 Nicet.
1680 3166 1814 3223 pag.
1846 3153 1899 3205 6.

3099 2934 3252 2991 Anni
3282 2934 3710 3008 imperatorum

3055 3078 3311 3136 Orientis
3386 3078 3746 3135 Occidentis.

3063 3150 3314 3207 JOANNIB
3425 3151 3675 3207 HENRIC.

324 3223 465 3280 1117
578 3221 1041 3278 Huic'successit
1068 3221 1323 3295 Joannes
1374 3221 1694 3279 Comenses
1738 3222 1937 3290 Filius,
1969 3222 2029 3277 in
2082 3239 2257 3295 quem
2318 3238 2587 3295 proceres
2645 3227 2703 3279 et
2762 3221 2993 3293 cognati
3043 3226 3379 3280 Gonnus.
3418 3226 3695 3292 Qum'rus.

506 3295 866 3365 conspirant.
899 3296 1248 3364 Conjuratos
1279 3294 1598 3350 clementer
1628 3300 1858 3351 tractat.
1892 3297 1944 3361 ‘l,
1976 3296 2030 3349 8.

330 3365 470 3493 :11
578 3366 982 3437 Expeditiones
1014 3365 1292 3422 adversus
1324 3366 1547 3423 Persas.
1581 3366 1635 3422 9.

330 3510 475 3565 1120

326 3580 455 3637 1121
573 3578 813 3652 Scythas
847 3586 967 3636 arte
1001 3579 1405 3652 profligat.10._

326 3653 467 3709 1122
574 3648 784 3707 Contra
812 3648 1125 3718 Triballos,
1158 3648 1306 3723 quos
1358 3650 1456 3706 alii
1509 3648 1761 3723 Servios
1796 3649 2022 3719 dicunt,
2060 3649 2495 3723 expeditionem
2546 3650 2678 3723 init.
2731 3654 2991 3718 Quatuor

502 3723 1033 3852 tiiiioiéManuelem
1066 3721 1383 3795 praesertim
1430 3728 1569 3779 natu
1620 3721 1958 3789 minimum,
2005 3722 2077 3777 ad
2118 3722 2435 3794 dignitates
2483 3722 2753 3795 publicas
2779 3723 2991 3780 evehit.

328 3868 466 3923 1123
576 3866 911 3923 Hunnicum
947 3865 1185 3922 bellum.
1224 3866 1315 3923 12.

325 3940 465 3994 1124
575 3940 866 3994 Traducto
898 3938 955 3993 in
989 3938 1282 3995 Orientem
1310 3937 1567 3994 exercitu
1601 3937 1673 3992 de
1694 3936 2119 3994 Persarmeniis
2150 3936 2451 3993 debellatis
2497 3937 2852 4008 triumphat.
2904 3938 2994 3994 13.

326 4012 467 4066 1125
576 4010 1011 4066 Persarmenios
1050 4012 1239 4067 denuo
1293 4010 1651 4083 aggreditur,
1697 4013 1754 4083 et
1794 4009 1947 4065 bello
2006 4010 2279 4083 fatigatos
2314 4026 2531 4083 pacem
2578 4013 2774 4082 petere
2817 4010 2995 4083 cogit.

504 4083 801 4153 Gangram
832 4088 1149 4153 expugnat,
1183 4080 1361 4153 quam
1377 4080 1578 4137 Persea
1601 4080 1786 4153 paulo
1810 4086 1949 4153 post
1967 4080 2229 4153 capiunt.
2265 4080 2356 4136 142

504 4098 801 4153 uangram
832 4098 1149 4153 expugnat,
1183 4099 1361 4153 quam
1394 4098 1578 4137 Persen
1611 4098 1786 4206 paulo
1810 4098 1938 4151 post
1967 4098 2229 4153 capiunt.
2265 4098 2356 4136 14.

325 4154 465 4209 1126
576 4155 639 4209 In
671 4153 931 4207 Ciliciam
964 4159 1175 4209 movet.
1194 4158 1406 4209 Bacam
1436 4152 1614 4208 castel
1646 4168 1743 4207 um
1792 4152 2260 4209 munitissimum
2313 4156 2371 4208 et
2418 4153 2785 4209 Anabarzam
2815 4168 3001 4224 expu-

328 4294 465 4347 1127
502 4224 875 4349 gustogctus
907 4292 966 4348 in
996 4293 1368 4364 leesyriam
1396 4310 1530 4349 cum
1582 4293 1911 4349 Raimundo
1956 4309 1978 4349 ε

2086 4293 2441 4350 tntioehenis
2488 4294 2811 4352 amicitiam
2860 4294 2990 4353 init.

506 4365 717 4492 Pizfetos
751 4364 1050 4490 diegitione
1079 4365 1303 4436 recipit,
1339 4365 1681 4437 Phterepum
1714 4381 1978 4437 expugna

503 4453 623 4510 peri
657 4452 743 4510 ur.
870 4474 884 4490 .
919 4507 941 4510 ῳ
1082 4506 1092 4510 Α
1214 4508 1228 4510 _
1274 4508 1284 4510 μ
1346 4507 1380 4510 __
1599 4509 1604 4510 ί
1942 4508 1964 4510 _

2093 4369 2113 4420 t
2159 4365 2379 4423 variam
2428 4367 2623 4423 Martis
2673 4365 2861 4423 aleam
2898 4384 2995 4424 ex-

318 4508 461 4565 1128
503 4506 522 4510 ⁷
573 4509 805 4583 Istrium
827 4506 1159 4583 et‘Sezerim
1196 4507 1471 4577 debellat,
1501 4512 1559 4564 et
1590 4509 1903 4565 Persarum
1941 4507 2337 4564 Iconiensium
2384 4508 2616 4565 insidiis
2661 4507 2846 4567 elusis
2894 4515 3003 4583 By-

318 4650 460 4707 1129
500 4586 773 4736 “gi-:1;
790 4580 1337 4736 ἓέἶξὲέέθάοιιίκεκο
1370 4652 1431 4708 in
1464 4651 1711 4725 gratiam
1748 4655 2000 4723 recepto,
2034 4667 2212 4708 novas
2243 4652 2644 4724 expeditiones
2693 4653 2754 4710 in
2788 4658 2997 4712 Persas

498 4726 766 4796 suscipit.
796 4727 889 4794 21,
919 4726 1012 4782 22.

318 4795 459 4850 1130
569 4796 921 4867 Tyrannum,
942 4795 1399 4867 Trapezuntium
1432 4794 1675 4853 invadit.
1706 4795 1798 4851 22.

318 4867 454 4938 1131
572 4866 781 4924 Persas
813 4866 964 4923 bello
1001 4866 1224 4938 fatigat.
1257 4868 1347 4923 23.

317 4937 461 4994 1132
543 4943 720 5012 _Dum
755 4936 1190 5012 Neocaesaream
1222 4939 1473 5007 obsidet,
1500 4938 1746 4995 Joannes
1768 4936 2081 4995 Commune
2140 4954 2321 5012 nepos
2381 4939 2454 4995 ad
2511 4938 2822 4995 Sultanum
2876 4941 3000 4996 Ico-

497 5010 763 5067 niensem
794 5009 1009 5067 deﬁcit.
1044 5010 1135 5065 24.

318 5081 460 5136 1133
572 5081 797 5138 Iterum
829 5082 889 5137 in
925 5082 1127 5138 Persas
1155 5085 1367 5138 movet.
1396 5082 1489 5137 24.

314 5151 457 5209 4134
568 5154 885 5227 Phrygiam
914 5156 1328 5227 praetervectus
1357 5150 1705 5227 provincias,
1721 5160 1775 5209 et
1815 5153 2056 5210 ﬁnitima
2100 5153 2320 5227 oppida
2366 5153 2585 5211 rectius
2643 5153 2998 5211 constituere

495 5224 717 5297 studet,
734 5224 809 5282 'et
832 5224 1161 5297 perduelles
1193 5224 1484 5297 quosdam
1509 5224 1661 5280 bello
1686 5226 1924 5297 frangit,
1953 5227 2047 5281 25.

317 5292 458 5349 1135
493 5366 530 5370 __
563 5292 894 5370 Alexiusiet
926 5292 1298 5354 Andronicus
1327 5297 1577 5354 JOANNIS
1606 5292 1871 5354 Canusii
1903 5297 2007 5353 filii
2040 5298 2245 5355 morbo
2272 5300 2542 5369 pereunt,
2583 5300 2748 5370 patre
2777 5297 2842 5355 in
2882 5296 2998 5355 bel-

492 5366 568 5424 lis
599 5369 858 5441 externis
890 5373 1197 5441 occupato.
1235 5370 1327 5425 25.

315 5436 455 5512 1136
567 5440 631 5495 In
664 5440 958 5497 Isauriam
993 5436 1409 5512 proﬁciscitur,
1440 5456 1507 5496 ac
1538 5440 1895 5512 provinciam
1928 5442 2181 5498 ordinat.
2214 5441 2307 5495 26.

307 5509 449 5585 11ἓῖ
562 5514 674 5585 lter
705 5513 763 5585 in
800 5509 1026 5585 Syriam
1058 5512 1335 5584 intendit,
1369 5519 1429 5567 ut
1460 5509 1702 5585 Latinos
1734 5514 2042 5569 Antiochia
2081 5513 2286 5585 pellat.
2322 5513 2415 5569 26.

307 5581 451 5636 1138
542 5584 627 5656 _In
659 5581 874 5640 itinere
908 5600 1105 5641 moras
1137 5581 1379 5643 nectens
1412 5590 1476 5640 ut
1503 5584 1680 5656 Syros
1710 5589 1769 5641 et
1798 5585 2007 5642 Cilices
2038 5581 2099 5641 in
2130 5601 2269 5641 suas
2310 5588 2506 5656 partes
2538 5584 2923 5656 pertraheret,

486 5653 807 5712 adventum
847 5672 1025 5714 suum
1056 5656 1439 5715 Antiochenis
1472 5653 1802 5713 denuntiat.
1831 5657 1923 5713 26.

3217 3296 3244 3351 1
3539 3296 3602 3351 11

3215 3367 3252 3421 2
3545 3369 3611 3422 12

3213 3438 3249 3493 3
3537 3438 3609 3494 13

3218 3510 3251 3564 4
3539 3509 3610 3566 14

3213 3580 3251 3635 5
3541 3582 3610 3636 15

3206 3652 3243 3707 6
3539 3653 3610 3708 16

3216 3868 3252 3921 7
3544 3865 3611 3919 17

3213 3941 3248 3994 8
3539 3938 3606 3992 18

3214 4011 3250 4065 9
3542 4009 3612 4063 19

3234 4081 3480 4139 Moritur
3505 4079 3752 4139 Hammo.

3187 4154 3255 4209 1O
3455 4152 3709 4208 LOTHAR.

3457 4229 3627 4282 Saxo.
3662 4226 3715 4281 1.

3177 4296 3241 4351 11
3567 4297 3605 4351 2

3186 4512 3254 4568 12
3577 4511 3611 4567 3

3182 4655 3247 4710 13
3576 4654 3610 4710 4

3179 4797 3250 4851 14
3573 4797 3610 4852 5

3184 4868 3253 4923 15
3575 4870 3613 4923 6

3182 4940 3251 4995 16
3572 4942 3610 4995 7

3178 5083 3244 5141 17
3570 5083 3606 5138 8

3185 5157 3251 5212 18
3573 5156 3610 5209 9

3182 5298 3251 5354 19
3543 5298 3610 5354 10

3181 5441 3253 5497 20
3543 5440 3606 5496 11

2952 5514 3017 5569 21
3054 5513 3304 5570 Moritur
3332 5512 3511 5570 Lo'rn.
3543 5513 3613 5568 12

3127 5586 3200 5641 22
3227 5589 3480 5643 Cosme.
3510 5599 3753 5641 uarius

3578 5659 3605 5711 1
