4074 6396
285 333 438 392 1065

1527 325 1867 386 FABROTI
1911 324 2437 390 GLOSSARIUM.

3543 327 3702 388 1066

285 461 592 538 ἠγοράσθη,
625 461 864 535 καθάπερ
897 459 985 514 καὶ
1017 457 1081 514 τὸ
1110 456 1336 530 ἄλογον.
1370 459 1583 515 Paulus
1639 459 1700 514 in
1751 459 1791 514 l.
1851 458 1934 515 si-

2064 478 2270 533 gnum:
2321 460 2471 535 ἅρμα
2516 463 2664 535 παρὰ
2709 461 3006 534 Ῥωμαίοις
3049 461 3194 516 ὅπλα
3231 458 3267 530 ἤ
3311 458 3464 535 δόρυ,
3496 458 3703 517 ἀσπίδα

288 555 417 627 quis
452 554 514 608 17
549 553 614 608 D.
652 551 834 606 instit.
864 555 974 606 act.
1008 549 1056 605 si
1088 550 1221 620 quis
1257 548 1563 620 mancipiis
1595 549 1681 604 vel
1718 550 1945 618 jumen-

287 647 362 700 tis
388 643 761 715 pecoribusve
812 638 1076 694 emendis
1136 638 1567 710 vendendisque
1609 637 1946 708 praepositus

288 733 380 788 sit.
416 730 682 798 Basilica,
715 728 818 786 lib.
861 745 1021 797 xvm,
1057 726 1145 782 tit.
1180 744 1219 795 ι,
1254 744 1380 798 cap.
1419 728 1517 780 17:
1570 725 1631 782 Ὁ
1699 725 1946 800 προστή-

290 841 382 881 σας
413 819 529 873 τινὰ
559 817 878 891 πιπράσκειν
912 814 1000 869 καὶ
1025 813 1307 890 ἀγοράζειν
1358 811 1590 874 δούλους
1746 811 1944 885 ἃλογα.

291 909 480 965 Etlib.
521 925 615 972 xx,
651 907 742 962 tit.
806 924 848 971 Ι,
899 921 1026 978 cap.
1087 905 1156 958 30
1210 906 1237 971 §
1285 905 1361 958 2:
1417 903 1478 958 Ὀ
1530 902 1945 975 μισθωσάμενος

290 998 520 1071 ἄλογου.
566 997 676 1052 Leo
707 996 927 1051 Tactic.
964 1012 1088 1066 cap.
1135 995 1254 1064 10§
1308 993 1419 1048 15:
1475 988 1625 1070 ἔχειν
1682 991 1782 1058 τήν
1839 995 1947 1044 τῶν

295 1085 507 1160 ἀλόγων
553 1085 897 1159 ἂποτροφήν.
929 1084 1072 1138 Vide
1104 1083 1464 1139 Glossiarum
1498 1083 1567 1137 ad
1602 1084 1946 1138 Cedrenum.

357 1169 584 1248 ’Άμϐων
622 1175 814 1243 ambo,
849 1177 1185 1245 suggestus,
1233 1171 1559 1243 pulpitum,
1591 1171 1760 1242 p.293
1778 1186 1828 1227 c.
1870 1168 1947 1232 εἷς

285 1264 378 1319 τὸν
426 1262 568 1337 ἱερὸν
632 1261 972 1332 ἀνάσταθμον
1019 1259 1220 1316 ἀνιών;
1291 1260 1416 1315 cod.
1451 1259 1542 1314 GB
1591 1257 1666 1319 εἰς
1716 1259 1807 1312 τὸν
1839 1255 1945 1329 ἅμ-

291 1350 460 1409 ϐωνα.
494 1355 750 1410 Joannes
802 1353 1239 1407 Cantacuzenus
1274 1350 1373 1405 lib.
1407 1367 1445 1417 1,
1480 1367 1606 1421 cap.
1645 1351 1704 1404 41
1743 1365 1755 1404 :
1790 1346 1936 1402 ἄνει-

294 1464 376 1497 σιν
397 1441 489 1497 ἒπὶ
519 1441 610 1495 τὸν
640 1435 868 1512 ἄμϐωνα
913 1439 940 1492 6
981 1437 1332 1512 πατριάρχης
1364 1441 1473 1493 τῶν
1525 1433 1733 1492 ἀδύτων
1767 1434 1945 1507 ἐξιών.

292 1535 477 1588 Anna.
510 1531 710 1586 Comn.
735 1528 998 1584 Alexiad.
1035 1545 1065 1582 ν
1100 1545 1112 1581 :
1161 1527 1188 1580 6
1224 1523 1281 1579 δὲ
1310 1524 1674 1600 αὐτοκράτωρ
1708 1525 1845 1580 αὐτὰ
1881 1524 1948 1579 τὰ

293 1615 563 1691 κεφάλαια
619 1614 709 1668 τὸν
765 1611 972 1669 Ἰταλὸν
1035 1609 1424 1684 ἀναθεματίσαι
1479 1609 1562 1664 ἐπ’
1601 1605 1860 1684 ἅμϐωνος
1893 1609 1945 1666 ἐν

293 1710 361 1780 τῇ
394 1704 620 1780 Μεγάλῃ
687 1699 986 1772 Ἐκκλησία
1039 1699 1338 1757 ἐκέλευσεν.
1398 1701 1538 1757 Vide
1577 1701 1946 1773 Theopbyla-

295 1802 456 1854 ctum
491 1795 705 1852 Simoc.
738 1793 883 1888 Hist.
921 1792 1163 1888 Mauuric;
1201 1791 1325 1888 lib;
1345 1808 1466 1858 vm,
1500 1808 1624 1862 cap.
1664 1792 1728 1846 10
1786 1792 1944 1847 Glos-
1977 1823 2025 1888 Β

295 1887 510 1942 sarium
572 1900 680 1938 ms.
716 1875 940 1956 ὀκρίϐας
973 1881 1002 1934 ὅ
1042 1875 1252 1952 ἄμϐων.
1285 1879 1619 1936 Grisconius
1670 1880 1946 1937 Breviarii

295 1976 596 2031 Canonum
630 1990 758 2044 cap.
797 1973 920 2040 166,
945 1971 1015 2026 de
1047 1970 1138 2025 his
1171 1970 1270 2040 qui
1305 1969 1554 2024 debeant
1585 1969 1642 2022 in
1675 1968 1946 2037 amboue,

293 2065 352 2120 id
386 2069 470 2120 est
501 2064 558 2118 in
591 2062 839 2134 pulpito,
874 2061 1145 2134 psallere.
1181 2059 1323 2114 Vide
1355 2060 1612 2116 Glossar.
1645 2061 1712 2115 ad
1745 2061 1950 2116 Cedre-

298 2171 457 2210 num.

363 2242 614 2315 Ἀμηρᾶς
673 2243 932 2297 Ameras.
992 2243 1130 2311 Pag.
1189 2239 1277 2332 21_
1317 2255 1383 2332 a;
1407 2247 1604 2295 auctor
1660 2238 1753 2294 GB
1811 2236 1950 2291 ὀποῦ

293 2328 459 2408 ἔχουν
493 2329 569 2392 εἷς
599 2330 700 2398 τὴν
721 2327 900 2383 πίστιν
932 2333 1063 2398 τῶν,
1114 2326 1201 2382 καὶ
1235 2324 1310 2389 εἷς
1363 2324 1466 2382 ’τὸν
1506 2327 1746 2402 ἀμηρᾶν.
1810 2327 1950 2383 Vide

295 2426 366 2480 ad
399 2425 567 2479 Cedr.

366 2512 614 2584 Ἀμπαρ.
669 2527 723 2580 p.
782 2509 847 2564 21
909 2525 943 2564 a
989 2508 1202 2564 ambar.
1262 2508 1455 2565 Genus
1513 2508 1814 2565 aromatis.
1865 2507 1946 2576 λν.

299 2601 641 2657 Meursium.

369 2687 633 2761 Ἀνακαρᾶ
676 2705 730 2760 p.
780 2687 886 2742 243
943 2703 998 2755 a,
1060 2686 1194 2759 μετὰ
1265 2686 1509 2761 βυκάνων
1563 2686 1653 2740 καὶ
1712 2683 1948 2760 σαλπίγ-

299 2799 413 2855 γων
437 2796 568 2834 cum
593 2776 856 2833 buccini-s
888 2780 944 2832 et
973 2776 1129 2832 tubis
1159 2793 1171 2832 :
1205 2779 1386 2833 codex
1435 2777 1526 2834 GB
1573 2772 1947 2850 ἀνακαράδων,

299 2872 514 2923 Auctor
560 2867 654 2922 GB
707 2863 916 2934 παίζειν
981 2862 1319 2938 τρουμπὲτες
1379 2861 1578 2939 ὄργανα
1648 2863 1954 2938 τουμπάκι’

296 2951 649 3029 ἀνακαράδες.

367 3040 722 3102 ’Δντίναυλον
754 3043 952 3116 p.312
981 3059 1054 3114 c.,
1102 3059 1314 3101 census
1363 3043 1560 3100 nautis
1620 3043 1948 3115 impositus.

294 3134 432 3194 Vide
465 3133 809 3191 Meursium.

362 3220 743 3278 Ἀπελατίκιον
796 3221 978 3278 clava.
1037 3227 1168 3294 Pag.
1205 3222 1307 3278 102
1342 3238 1393 3279 c.
1455 3219 1515 3276 ἐκ
1567 3219 1796 3296 σιδήρου
1845 3241 1941 3277 κο-

288 3311 468 3386 ρύνας⁶
495 3313 672 3368 codex
702 3311 793 3367 GB
823 3307 1167 3365 ἄπελατίκια.
1201 3311 1268 3366 V.
1295 3312 1512 3368 Meurs.

358 3401 700 3456 Ἀπεντεῦθεν
730 3401 1030 3457 confestim
1079 3416 1210 3473 pag.
1273 3402 1375 3456 115
1405 3401 1461 3456 b.
1515 3407 1683 3458 Anna
1733 3402 1938 3459 Cornu.

285 3491 541 3547 Alex.v:
577 3488 680 3546 Καὶ
711 3487 777 3544 τὰ
833 3489 928 3562 μὲν
987 3484 1232 3565 δόγματα
1284 3487 1595 3544 ἀπεντεῦθεν
1663 3489 1935 3563 ἀναθεμαο

287 3578 510 3648 τίζεται.
554 3585 713 3652 Saepe
745 3580 999 3636 occurrit
1029 3581 1086 3634 in
1121 3580 1406 3648 Basilicis,
1438 3584 1504 3635 ut
1534 3596 1665 3635 cum
1703 3579 1936 3637 liberla-

288 3676 406 3726 tem
445 3671 662 3727 directo
692 3671 884 3725 datam
937 3669 1117 3725 Grmci
1177 3668 1429 3724 reddunt
1484 3666 1800 3722 ἀπεντεῦθεν
1835 3665 1936 3723 δο-

288 3759 493 3826 θεῖσαν,
523 3759 659 3830 quia
690 3760 888 3813 statim
921 3758 1200 3828 competit
1231 3763 1287 3812 et
1317 3757 1445 3812 sine
1485 3757 1732 3814 haeredis
1763 3758 1936 3814 facto.

363 3847 678 3921 Ἀπόκρεως
703 3847 1176 3918 carnisprivium,
1200 3863 1328 3919 pag.
1362 3847 1467 3901 329
1494 3864 1546 3902 a.
1579 3849 1744 3903 Anna
1765 3849 1940 3905 Com-

287 3951 448 3993 nem.
479 3936 736 3993 Alexiad.
772 3935 872 3992 lib.
903 3953 1002 3993 vni
1043 3955 1057 3991 :
1091 3933 1240 3991 Κατᾶ
1285 3936 1385 4004 τὴν
1444 3936 1788 4011 παρασκευὴν
1837 3938 1939 4010 τῇς

286 4024 630 4099 Ἀπόκρεως.
666 4025 793 4081 Dixi
815 4026 885 4081 ad
915 4029 1263 4083 Cedrenum.

363 4112 808 4188 Ἀποκρισιάριος
865 4115 1094 4185 legatus
1146 4132 1276 4187 pag.
1337 4117 1400 4172 41
1457 4130 1508 4171 c.
1555 4117 1707 4172 idem
1739 4134 1792 4187 p.
1826 4117 1887 4171 41
1926 4133 1940 4173 :

289 4207 413 4264 Τοῖς
449 4223 524 4269 ,τε
577 4201 680 4274 γὰρ
737 4196 1014 4271 πρέσϐεσι’
1077 4203 1258 4258 codex
1313 4205 1404 4259 GB
1482 4203 1941 4278 ἀποκρισιαρίοις.

287 4297 543 4350 Joannes
590 4291 867 4348 Moschus
924 4293 1243 4349 Limonarii
1275 4311 1403 4367 cap.
1434 4295 1504 4350 88
1536 4313 1549 4351 :
1583 4295 1668 4349 ὅτι
1717 4293 1947 4369 ἀποκρι-

289 4377 500 4453 σιάριος
544 4381 612 4449 ἦν
643 4374 924 4434 κοινοϐίου
963 4384 1072 4436 τῶν
1131 4387 1310 4454 μερῶν
1366 4382 1665 4456 Ἀπαμίας.
1716 4385 1944 4442 Manuel

288 4470 595 4543 Moschop.
638 4469 764 4543 περὶ
795 4466 954 4544 σχεδ.
987 4465 1227 4544 πρέσϐυς
1255 4471 1283 4526 6
1342 4470 1780 4548 ἀποκρισιάριος.
1837 4474 1943 4530 Pa-

286 4542 911 4633 piaszapocrisiarius
964 4542 1211 4633 legatus.
1272 4562 1412 4618 Vide
1468 4542 1540 4619 ad
1598 4542 1944 4621 Gedrenum.
1977 4542 2026 4606 θ

363 4646 625 4724 ’¹Αρκλαι,
660 4651 810 4723 p.88
842 4651 925 4722 b.,
981 4651 1267 4707 machinae
1328 4657 1491 4708 extra
1543 4669 1741 4709 muros
1790 4653 1948 4709 urbis

291 4739 716 4812 prominentes.
771 4739 832 4794 V.
869 4740 1080 4796 Meurs.
1109 4741 1357 4798 Basilica
1386 4745 1574 4797 autem
1608 4759 1802 4797 arcam
1853 4740 1949 4816 ἅρ-

281 4828 426 4886 κλαν
457 4834 714 4898 vertunt,
748 4829 851 4885 lib.
884 4846 1010 4896 vm,
1047 4830 1135 4887 tit.
1157 4833 1214 4898 2,
1248 4847 1373 4903 cap.
1413 4832 1536 4899 101,
1584 4837 1641 4888 et
1704 4833 1952 4904 Cyrillus

287 4921 362 4976 ad
396 4919 435 4973 l.
476 4919 542 4973 19
573 4920 600 4987 §
633 4919 656 4972 1
696 4923 759 4974 Ι).
794 4919 902 4974 loc.
940 4919 1114 4974 Basil.
1164 4920 1254 4976 tit.
1289 4925 1308 4974 1
1349 4938 1396 4975 c.
1435 4921 1519 4974 19.
1578 4920 1688 4976 Leo
1747 4922 1947 4978 Gram,

287 5009 590 5065 maticus:
645 5006 749 5062 Καὶ
813 5007 910 5067 τὰς
968 5004 1272 5081 λεγομένας
1313 5005 1516 5082 ἄρκλας
1558 5007 1609 5062 ἐν
1643 5013 1772 5062 πᾶσι
1803 5029 1953 5064 κατε-

294 5097 550 5151 σκεύασεν
581 5100 698 5156 τοῖς
731 5090 1018 5168 ἐμϐόλοις,
1059 5095 1319 5172 ἀργύριόν
1359 5118 1416 5152 τε
1443 5096 1578 5152 κατᾶ
1638 5105 1782 5171 μῖνα
1836 5103 1951 5162 τοῖς

291 5185 520 5240 ἐνταῦθα
548 5184 959 5259 κατακειμένοις
989 5185 1183 5256 πὲνησι
1207 5182 1476 5244 δίδοσσαι.

368 5272 625 5346 Ἀρματα
646 5291 828 5344 arma,
860 5292 992 5348 pag.
1023 5277 1113 5344 42,
1146 5277 1272 5343 122,
1303 5279 1428 5334 246.
1463 5282 1572 5334 Leo
1602 5278 1952 5336 Grammati-

284 5377 398 5418 cus
431 5376 446 5416 :
479 5360 673 5426 πάντες
710 5362 845 5441 ιγιὶιρ
885 5363 952 5418 τὰ
1010 5362 1228 5438 ἅρματα
1266 5367 1357 5421 καὶ
1399 5366 1461 5420 τὰ
1517 5365 1750 5439 λωρίκια
1807 5363 1954 5445 ἔρρι-

280 5452 395 5524 ψαν
427 5449 505 5511 εἷς
533 5453 636 5520 τὴν
669 5449 819 5512 ὁδόν.
852 5459 1071 5511 Auctor
1092 5457 1178 5511 (ΞΒ
1214 5473 1227 5511 :
1260 5456 1350 5509 καὶ
1384 5456 1410 5510 ὁ
1443 5455 1682 5531 Χριστὸς
1715 5457 1956 5512 ὁπούπα-

279 5539 376 5623 Θεν
407 5535 481 5594 δι’
511 5540 660 5613 ἡμὰς
689 5541 817 5605 τοὺς
867 5542 1188 5620 ἀνθρώπους
1237 5545 1326 5599 καὶ
1382 5545 1478 5601 τὸν
1548 5547 1777 5623 σταυρὸν
1849 5553 1952 5621 μᾶς

272 5622 484 5683 ἔδωκεν
515 5628 689 5685 ὅπλον
739 5629 830 5686 λαὶ
892 5631 1057 5709 μέγαν
1100 5630 1248 5708 ἂρμα
1308 5633 1385 5697 εἷς
1445 5637 1508 5690 τὸ
1573 5637 1636 5690 vd
1686 5622 1952 5711 ννικοῦμεν

272 5715 414 5800 τοὺς
471 5716 704 5794 ἐχθροὺς
761 5721 993 5793 ὁρατοὺς
1049 5724 1340 5800 ἀοράτους.
1393 5725 1755 5782 Glossarium
1843 5744 1951 5785 ms.

271 5799 434 5864 ἔντεα
501 5806 569 5862 τὰ
623 5805 773 5862 ὅπλα
821 5809 856 5879 ἢ
909 5810 977 5864 τὰ
1036 5809 1272 5886 ἃρματα.
1338 5813 1798 5887 Etymologicum
1846 5819 1958 5874 Ma-

572 5930 839 5990 PATROL.
890 5932 998 5992 Gn.
1049 5932 1376 5994 CXXXIX.

2050 544 2139 600 καὶ
2180 545 2420 621 Θώρακα.
2453 547 2597 604 Vide
2627 550 2698 603 ad
2730 550 3057 604 Cedrenum
3092 553 3148 603 et
3175 545 3540 603 Glossarium
3584 547 3703 602 No-

2055 636 2293 692 rnicum.

2123 723 2558 798 Ἀρχιζούπυνος
2620 742 2675 797 p.
2735 726 2799 780 61
2865 727 2924 792 d,
2977 726 3078 797 qui
3139 727 3291 797 apud
3370 724 3705 798 Cpolitanos

2052 808 2572 888 πρωτοϐεστιάριος.
2604 815 2670 869 V.
2704 814 3047 872 Meursium.

2123 909 2376 975 ’Άσημον
2429 910 2728 977 argentum
2758 922 2811 974 p.
2847 904 2972 958 344.
3003 903 3387 972 Theophanes
3418 904 3477 960 in
3532 908 3706 960 Hera-

2051 994 2160 1050 clio
2187 1012 2200 1049 :
2236 993 2333 1048 Καὶ
2365 993 2580 1066 ἄσημον
2613 993 2703 1047 καὶ
2736 990 3042 1066 ὁλοσηρικὰ
3073 991 3287 1064 ἱμάτια.
3337 995 3702 1051 Glossarium

2056 1101 2230 1139 manu
2263 1090 2594 1139 exaratum:
2631 1083 2897 1154 Ἀσήμιον
2939 1080 3194 1156 ἄργυρος.
3257 1085 3538 1138 Dixerunt
3593 1084 3702 1154 igi-

2055 1178 2143 1227 tur
2175 1172 2410 1244 ἆσημον,
2444 1172 2679 1243 ἀσήμιον
2719 1180 2776 1228 et
2824 1169 3052 1244 ἂσήμιν.
3104 1175 3318 1226 Auctor
3351 1172 3479 1228 GB:
3544 1174 3707 1226 Λιθο-

2058 1261 2461 1336 μαργαριτάρια
2514 1260 2721 1333 ἀσήμιν
2788 1259 2879 1314 καὶ
2979 1259 3270 1338 χρυσάφιν.
3349 1261 3706 1331 Plerumque

2055 1357 2247 1407 autem
2308 1368 2411 1424 pro
2465 1355 2703 1423 argento
2757 1367 2872 1406 non
2906 1350 3158 1422 signato.
3209 1351 3513 1421 Moschop.
3573 1346 3706 1422 Περὶ

2054 1435 2206 1513 σχεδ⁸
2235 1440 2448 1512 ἄσημον
2470 1437 2728 1512 ἀργύριον
2759 1437 2821 1492 τὸ
2866 1438 2941 1509 μή
2982 1435 3416 1512 κεχαραγμένον.

2125 1531 2366 1599 ’Άσπρον
2427 1525 2649 1594 album,
2706 1543 2835 1598 pag.
2896 1525 3021 1580 223.
3074 1526 3425 1580 (thronicum
3459 1525 3707 1581 Alexan-

2053 1616 2322 1670 drinum:
2358 1614 2601 1689 Φορὲσας
2633 1614 2888 1693 στέφανον
2925 1615 3212 1686 Ῥωμαίων
3257 1612 3346 1666 καί
3403 1609 3702 1687 χλαμύδην

2053 1700 2284 1778 ἂσπρην.
2345 1705 2691 1761 Anastasius
2747 1704 3187 1760 Bibliotecarius
3239 1706 3296 1759 iu
3347 1703 3497 1764 Hist.
3526 1704 3702 1773 ﬁEccl.

2053 1797 2292 1866 portavit
2316 1811 2574 1850 coronam
2604 1798 2657 1849 et
2685 1794 3026 1865 chlamydem
3053 1793 3476 1866 imperatoriam
3495 1794 3700 1851 albam.

2055 1887 2436 1959 Theophanes
2481 1886 2704 1941 dixerat
2761 1882 3026 1962 χλαμύδα
3094 1881 3388 1958 βασιλικήν
3463 1882 3700 1957 ἄσπρην.

2053 1977 2350 2032 Scholium
2375 1977 2445 2032 ad
2471 1993 2630 2031 oram
2648 1976 2852 2031 Timaei
2879 1975 3039 2031 Locri
3066 1974 3188 2049 περὶ
3207 1977 3386 2050 ψυχᾶς
3399 1972 3593 2047 κόσμῳ
3609 1977 3704 2028 καί

2055 2064 2266 2141 φύσιος,
2301 2066 2356 2120 in
2382 2068 2540 2137 regio
2573 2080 2681 2119 ms.
2710 2081 2722 2120 :
2749 2063 2973 2138 Σταγών
2999 2059 3140 2116 ἐστιν
3171 2063 3198 2116 6
3230 2059 3524 2136 λεγόμενος
3565 2061 3707 2136 ὀρεί-

2057 2153 2274 2233 χάλκος
2303 2149 2431 2222 ἤτοι
2460 2151 2524 2208 τὸ
2555 2153 2758 2227 ἄσπρον
2786 2149 3086 2227 χάλκωμα.
3116 2157 3331 2209 Auctor
3369 2152 3461 2208 GB
3502 2151 3706 2225 ἄσπρον

2056 2243 2197 2299 ὡσὰν
2229 2242 2292 2297 τὸ
2322 2240 2486 2316 γᾶλα·
2523 2242 2667 2298 Hinc
2698 2240 2978 2315 ἆσπρίζειν
3009 2241 3070 2298 in
3111 2241 3309 2298 codice
3353 2241 3561 2297 Nicetis
3592 2241 3702 2310 GB,

2057 2335 2212 2407 quod
2246 2338 2334 2390 est
2365 2329 2760 2388 Λευκαίνεσθαι.
2793 2333 2896 2387 Est
2926 2335 2983 2387 et
3015 2332 3245 2387 nummi
3283 2347 3491 2403 genus.
3533 2330 3704 2387 Nice-

2056 2430 2148 2480 tas
2197 2441 2254 2495 p.
2306 2422 2411 2477 265
2459 2438 2510 2488 c,
2569 2416 2879 2483 διακοσίους
2918 2426 3027 2477 etc.
3065 2438 3077 2476 :
3113 2419 3292 2476 codex
3360 2419 3451 2476 ΟΒ
3503 2418 3702 2491 ἄσπρα.

2057 2511 2548 2584 Astrampsychus
2595 2510 2654 2566 in
2705 2511 3067 2586 Πυθαγορικῷ
3111 2505 3472 2583 λαξευτηρίῳ’
3532 2505 3704 2576 Δῆλοι

2057 2598 2231 2656 δὲκαὶ
2262 2600 2387 2674 περὶ
2447 2600 2664 2676 ἀσπρῶν
2723 2600 2859 2654 εἶναι
2897 2602 3066 2654 ταῦτα
3116 2595 3168 2652 ἐν
3223 2592 3447 2670 κιϐωτῷ
3503 2598 3538 2666 ἢ
3603 2598 3702 2668 βα-

2057 2689 2260 2762 λαντίῳ
2290 2688 2325 2757 ἢ
2369 2687 2574 2761 σάκκῳ,
2607 2689 2906 2745 Rationale
2936 2689 3162 2762 imperii
3191 2689 3300 2744 sub
3348 2687 3704 2760 imperatore

2056 2781 2251 2836 Alexio
2310 2779 2652 2836 Comneno:
2711 2777 2791 2834 T6
2855 2777 2950 2850 μὲν
3008 2776 3270 2853 χάραγμα
3320 2772 3568 2849 νόμισμα
3613 2772 3704 2829 διὰ

2055 2869 2306 2945 τραχὲων
2366 2865 2586 2942 ἄσπρων
2641 2866 2994 2940 νομισμάτων
3048 2865 3413 2922 ἀπαιτεῖσθαι.
3456 2863 3704 2938 Cyrillus

2058 2959 2394 3033 patriarcha
2413 2959 2521 3016 CP.
2569 2963 2770 3014 contra
2807 2958 2946 3014 Jud.
2976 2952 3201 3031 ξέστειλε
3256 2955 3560 3033 γράμματα
3616 2952 3708 3009 καὶ

2059 3047 2327 3124 ὁρισμοὺς
2366 3045 2456 3101 καὶ
2491 3047 2638 3118 μαζῆ
2667 3045 2757 3100 καὶ
2796 3043 2994 3120 ἂσπρα.

2134 3137 2421 3208 Αὐθέντης,
2465 3135 2763 3208 αὖθεντεία,
2803 3133 3099 3205 αὐθεντεῖν,
3149 3131 3455 3205 δυναστεία,
3512 3133 3708 3191 Domi-

2062 3245 2191 3297 nus,
2224 3227 2570 3294 dominatio,
2605 3227 2914 3282 dominari.
2947 3227 3007 3283 P.
3043 3227 3147 3282 110
3175 3227 3206 3280 d
3258 3225 3358 3294 τὴν
3406 3223 3704 3290 Παιονικὴν

2045 3317 2515 3393 παραληψόμενον
2580 3313 2911 3370 δυναστείαν·
2974 3317 3102 3373 cod.
3199 3318 3287 3373 ΟΒ
3363 3312 3691 3370 αὖθεντείαν.

2045 3410 2106 3464 S.
2141 3408 2427 3464 Maximus
2446 3406 2692 3478 epistola
2721 3407 2794 3461 ad
2822 3407 3193 3480 Zygomalam
3227 3425 3241 3462 :
3276 3405 3338 3460 τὸ
3370 3401 3544 3478 ὄνομα
3595 3409 3696 3472 τῆς

2043 3497 2351 3558 αὐθεντείας
2383 3516 2501 3552 σου.
2569 3497 2791 3553 Auctor
2834 3512 3163 3569 anonymus
3203 3497 3262 3552 in
3294 3495 3440 3552 libro
3473 3497 3573 3568 qui
3602 3496 3688 3550 in-

2044 3589 2322 3646 scribitur
2374 3580 2628 3659 διήγησις
2684 3583 2950 3658 ἆξαίρετος
3008 3581 3350 3659 Βελθάἱνδρου
3395 3588 3492 3638 τοῦ
3544 3587 3686 3638 Ῥω-

2047 3675 2230 3751 μαίου·
2279 3676 2607 3749 τυραννικῶς
2650 3673 2958 3728 αὖθέντευεν
2993 3672 3068 3734 ὡς
3127 3673 3351 3747 φυσικὸς
3405 3671 3685 3742 αὐθέντης.

2042 3770 2299 3824 Joannes
2329 3766 2634 3819 Cantacuz.
2683 3779 2738 3834 p.
2788 3764 2940 3818 756:
2991 3761 3262 3832 Αὖθέντης
3307 3765 3415 3816 τῶν
3483 3760 3691 3826 θαλασ-

2046 3860 2176 3910 σῶν.
2210 3864 2377 3913 Anna
2405 3853 2702 3908 Comnena
2733 3851 2996 3909 Alexiad.
3038 3869 3139 3908 vm
3173 3869 3186 3909 :
3246 3851 3423 3908 Κακὸν
3465 3856 3694 3925 πρᾶγμα

2045 3944 2182 4017 πρὸς
2213 3943 2304 3996 τὸν
2331 3937 2472 3995 ἴδιον
2504 3937 2894 4016 ἐπανέρχεσθαι
2949 3940 3237 4012 αὐθέντην.
3286 3941 3652 4014 Phrynichus
3678 3957 3692 3996 :

2049 4031 2324 4100 Αὖθὲντης
2357 4026 2634 4102 μηδέποτε
2663 4031 2849 4103 χρήσῃ
2883 4030 2958 4090 ὡς
2991 4028 3078 4084 ἐπὶ
3125 4032 3222 4084 τοῦ
3271 4025 3562 4096 δεσπότου,
3623 4027 3698 4089 ὡς

2049 4123 2102 4176 οἱ
2131 4120 2255 4196 περὶ
2285 4120 2351 4174 τὰ
2379 4115 2704 4193 δικαστήρια
2732 4117 2975 4194 ῥήτορες.
3031 4119 3176 4176 Vide
3241 4119 3315 4175 ad
3372 4119 3696 4174 Cedrenum

2048 4213 2108 4267 in
2141 4209 2424 4278 αὐθέντης.

2849 4349 2894 4399 Β

2126 4482 2417 4557 Βαίουλος,
2448 4481 2790 4560 παιδοκόμος
2829 4504 2886 4560 p.
2920 4488 3025 4543 306
3055 4488 3113 4560 d,
3163 4487 3418 4560 bajulus.
3449 4487 3595 4544 Vide
3623 4488 3697 4545 ad

2055 4577 2402 4634 Cedrenum.

2125 4665 2313 4722 Βάλκα
2338 4663 2530 4741 βάρκα.
2563 4667 2624 4724 Ρ.
2670 4667 2777 4722 346
2818 4668 2876 4736 b,
2920 4666 2984 4722 1:6
3037 4663 3096 4721 δὲ
3150 4665 3352 4738 ταύτης
3419 4666 3697 4745 ἐφόλκιον⁸

2056 4757 2237 4814 codex
2267 4757 2354 4811 GB
2389 4754 2587 4830 βάΑκα.
2621 4755 3044 4812 Constantinus
3079 4756 3550 4830 Harmenopulus
3572 4757 3704 4811 Bre-

2055 4847 2220 4902 viarii
2245 4845 2345 4900 lib.
2399 4861 2462 4913 ιι,
2507 4846 2596 4901 tit.
2633 4846 2720 4911 11,
2773 4847 2800 4914 §
2843 4847 2926 4902 9:
2979 4844 3093 4914 Τὴν
3129 4848 3328 4906 κοινῶς
3400 4844 3706 4920 λεγομένην

2059 4933 2290 5009 βάλκαν.
2323 4935 2427 4991 Vir
2445 4935 2655 4990 doctus
2685 4932 3000 5005 legendum
3053 4935 3294 5007 putabat
3329 4933 3530 5009 βάρκαν
3563 4952 3576 4990 :
3607 4937 3710 4990 Re-

2057 5025 2133 5095 gii
2166 5031 2361 5080 tamen
2395 5024 2623 5081 codices
2654 5021 2800 5078 nihil
2837 5028 3087 5080 mutant.
3119 5025 3338 5080 Auctor
3365 5023 3452 5083 Gb
3480 5041 3494 5080 :
3525 5023 3586 5080 Ὁ
3613 5021 3707 5077 κό-

2063 5134 2170 5189 μης
2240 5114 2443 5189 βᾶρκαν
2512 5107 2726 5188 ἔρριψεν
2773 5113 2971 5188 τρανὴν
3037 5113 3174 5169 κατᾶ
3241 5112 3540 5186 θαλάσσης.
3609 5116 3708 5173 Est

2059 5212 2254 5261 autem
2290 5201 2469 5278 βάλκα
2505 5221 2607 5260 seu
2665 5201 2838 5278 βάρκα
2878 5203 3071 5274 bii-ca,
3105 5205 3345 5278 scapha.
3398 5207 3599 5262 Exstat
3645 5207 3703 5260 in

2061 5294 2282 5351 Glossis
2314 5309 2344 5348 e
2375 5292 2668 5350 Glossario
2693 5293 2936 5350 Arabico
2968 5294 3092 5351 Lat.
3118 5293 3395 5352 collectis.
3431 5294 3704 5352 Paulinus

2061 5383 2321 5440 carmine
2351 5384 2420 5439 ad
2453 5381 2792 5455 Cytherium
2828 5399 2842 5438 :

2325 5526 2390 5582 Ut
2428 5540 2563 5600 mag:
2590 5525 2813 5600 salubri
2841 5525 3004 5582 barca
3033 5529 3285 5599 perfugio
3322 5532 3464 5600 foret

2511 5597 2696 5669 Puppi
2722 5608 2992 5670 superstes
3021 5597 3259 5658 obrutae.

2135 5737 2442 5813 Βάραγγος.
2477 5737 2537 5794 Ρ.
2571 5739 2679 5794 362
2709 5756 2762 5811 a,
2801 5739 2876 5812 μὴ
2919 5734 3065 5814 ἔχων
3118 5739 3484 5810 ὑπασπιστῆν,
3537 5739 3718 5797 codex

2062 5828 2153 5922 Gl}
2189 5826 2485 5901 βάραγγον.
2527 5828 2589 5883 Et
2617 5845 2671 5900 p.
2724 5829 2831 5885 362
2889 5847 2921 5885 a
2953 5829 2980 5883 6
3023 5824 3080 5884 δὲ
3125 5827 3253 5892 τοὺς
3311 5827 3719 5906 πελεκοφόρους

3359 5949 3439 6013 34
