4074 6390
342 359 498 420 103⁸7

1690 345 1999 408 NICETIE
2038 345 2464 411 CHONIATE

3617 346 3789 409 £068

341 487 730 559 ἐκκλησιάσαςο
765 485 921 543 idem
963 482 1142 541 codex
1203 476 1529 557 βαράγγους.
1575 480 1744 536 Anna
1796 482 1994 534 Comn.

2120 475 2301 550 μάτων
2333 480 2423 534 καὶ
2457 477 2714 556 βουλλῶν
2742 473 3114 556 βεϐαιωθῆναι
3144 476 3340 533 πάντα.
3376 479 3788 551 Menologium

342 579 502 636 Alex.
544 594 600 635 tv
636 593 650 634 :
683 574 745 632 Ὀ
788 577 895 629 τῶν
950 572 1231 649 βαράγγων
1283 566 1511 645 ἡγεμὼν
1575 564 1874 640 Ἀμπίτης.
1937 566 1999 624 ν.

343 668 607 726 Glossar.
640 666 711 722 ad
743 665 1092 722 Cedrenum.

413 751 719 833 Βαρδάριος
775 770 906 827 pag.
932 752 1062 824 ;325
1118 752 1181 820 b,
1229 749 1357 821 lege
1404 747 1487 805 ibi
1532 744 1763 819 Ἀεειός.
1796 745 2000 833 Eusta-

342 832 508 907 thius
535 842 635 902 Ἰλ.
670 844 749 909 Λ“,
792 861 852 917 p.
889 843 995 898 830
1026 859 1085 897 n.
1122 840 1211 910 10,
1244 839 1283 895 l.
1305 856 1350 895 ιι
1374 856 1393 893 :
1426 834 1557 913 Περὶ
1584 836 1678 891 τὸν
1707 839 1814 890 εἴτε
1852 832 2000 905 ἄξιον

343 940 453 994 εῖτε
483 930 810 1008 Βαρδάριὸν.
845 932 993 1004 Lege
1023 926 1253 998 Ἀξειόν.

420 1022 793 1100 βαρδαριῶται
826 1039 882 1094 p.
914 1020 1025 1075 220
1054 1020 1115 1087 d,
1147 1017 1199 1073 oi.
1258 1017 1326 1072 τὰ
1380 1010 1715 1093 ἶσγινοϐαφῆ
1765 1015 1999 1094 φοροῦνο

346 1135 435 1177 τες
491 1107 817 1189 ῥαϐδοῦχοι·
897 1109 1078 1167 codex
1133 1108 1243 1180 ΟΒ,
1319 1102 1719 1181 βαρδαριῶται,
1784 1103 2002 1161 milites

345 1201 694 1260 stationarii.
727 1198 874 1256 Vide
904 1197 1243 1255 Meursium.

418 1284 739 1363 Βάσμουλοι
772 1286 917 1346 levis
948 1291 1258 1343 armaturas
1290 1284 1526 1355 milites.
1566 1284 1631 1340 P.
1681 1282 1753 1340 50
1790 1282 1854 1350 b,
1908 1279 2002 1335 καὶ

344 1376 510 1453 ψιλὸν
545 1381 645 1433 τοῦ
673 1379 929 1453 στρατοῐν
962 1376 1142 1433 codex
1171 1374 1264 1432 GB
1288 1370 1632 1450 βάσμουλοι.

418 1465 754 1542 Βεστιάριον.
816 1466 876 1523 Ρ.
934 1466 1006 1521 98
1061 1484 1094 1521 a
1144 1462 1220 1526 εἰς
1266 1463 1331 1518 τὸ
1386 1462 1663 1537 βασίλειον
1725 1462 1998 1533 ταμιεῖον

344 1560 524 1618 codex
555 1558 646 1615 GB
681 1554 1009 1631 βεστιάριον.
1043 1555 1146 1611 Hic
1165 1554 1349 1627 igitur
1396 1550 1704 1627 βεστιάριον
1744 1557 1827 1607 est
1858 1566 2000 1606 tera-

345 1651 498 1707 rium
532 1667 546 1707 :
580 1648 711 1706 vide
741 1645 1019 1703 Iudicem.
1057 1644 1216 1701 Alias
1266 1641 1575 1718 βεστιάριον
1618 1657 1725 1697 seu
1780 1638 1999 1696 vestia-

346 1742 502 1797 rium
523 1739 807 1811 accipitur
836 1753 941 1809 pro
980 1735 1104 1792 loco
1137 1735 1196 1790 in
1230 1751 1346 1806 quo
1376 1739 1566 1791 vestes
1604 1732 2003 1788 reconduntur

349 1830 711 1889 Glossarium
763 1844 873 1885 ms.
938 1823 1221 1900 βεστιάρον
1277 1820 1422 1895 παρᾶ
1477 1818 1775 1895 Ῥωμαίοις
1831 1816 2001 1880 τόπος

350 1914 473 1983 ἔνθα
501 1919 537 1988 ἡ
570 1914 834 1993 ἀναγκαία
859 1913 1147 1969 ἀπόκειται
1177 1910 1361 1983 ἐσθής.
1396 1911 1506 1969 Leo
1547 1908 2000 1968 Grammaticus:

348 2006 552 2079 ταύτην
592 2003 992 2081 καταγαγόντες
1052 1994 1247 2073 ἔθηκαν
1277 1998 1329 2056 ἐν
1380 2002 1460 2071 τῷ
1517 1996 1833 2073 βεστιαρίῳ.
1893 1996 2003 2053 Ve-

351 2100 552 2158 stiario
583 2102 781 2156 autem
814 2095 1162 2171 praepositus
1198 2086 1544 2165 ἀϐεστιαριος
1576 2089 1645 2161 (‘7)
1676 2089 2003 2145 dicebatur.

2112 573 2357 642 Augusti
2411 573 2471 629 d.
2530 574 2650 630 3i:
2724 571 2972 650 Ἕχὸυσα
3030 565 3300 649 σφραγίδα
3358 564 3449 623 διὰ
3506 569 3787 649 χρυσίνης

2116 655 2385 730 βούλλης.
2420 661 2566 720 Hinc
2599 658 2916 737 βουλλεύειν
2950 660 3184 717 Nicetes
3217 677 3273 732 p.
3326 659 3431 715 133
3460 676 3491 716 c
3549 659 3642 715 καὶ
3712 661 3792 716 τὰ

2111 746 2401 825 φασκώλια
2431 746 2683 827 σφραγῖδι
2729 746 3166 823 διασημαίνεται·
3225 749 3406 806 codex
3458 748 3548 806 CB
3600 749 3787 825 βουλ-

2113 836 2283 897 λιύει.
2315 840 2485 897 Sexta
2515 840 2775 914 synodus
2795 839 2902 896 GP.
2947 842 3059 896 act.
3082 839 3115 894 3
3145 854 3158 893 :
3194 835 3344 913 Ηρὸς
3401 837 3629 902 τούτοις
3685 840 3786 896 καὶ

2109 929 2177 982 τὰ
2228 926 2528 983 αὖθεντικὰ
2588 922 2841 981 συνοδικὰ
2914 919 3332 1001 βεϐουλλομένα
3394 942 3523 983 cum
3580 927 3671 986 his
3726 938 3787 987 σι

2110 1016 2432 1074 authentica
2489 1017 2767 1091 Synodica
2816 1016 3059 1084 bullam,
3100 1019 3160 1072 et
3187 1020 3299 1071 act.
3334 1016 3404 1070 15
3438 1032 3453 1071 :
3481 1017 3571 1087 κᾳὶ
3605 1038 3780 1092 προε-

2109 1105 2336 1179 κόμισεν
2370 1106 2398 1162 ὁ
2428 1105 2590 1167 αὐτὸς
2630 1099 3025 1167 εὐλαϐὲστατος
3078 1102 3466 1179 Πολυχρὸνιος
3539 1107 3769 1186 χαρτίον

2114 1189 2582 1271 βεϐουλλωμὲνον
2617 1191 2708 1249 διὰ
2741 1190 2987 1271 βούλλας
3033 1191 3374 1264 ἐκτυπούσης
3450 1196 3757 1272 μονόγραμ-

2115 1304 2217 1359 μον
2250 1282 2636 1360 Ηολυχρονίου
2667 1280 3046 1359 ὁμολογητοῦ.
3079 1282 3310 1340 Bullare
3343 1287 3412 1340 ut
3440 1284 3503 1341 in
3532 1285 3654 1342 Vita
3695 1287 3765 1343 S.

2110 1376 2351 1433 Joannis
2384 1374 2845 1449 Eleemosynarii
2868 1390 2997 1446 cap.
3025 1373 3121 1442 51,
3151 1372 3447 1445 pittacium
3469 1373 3773 1442 bullatum,

2111 1466 2182 1522 Et
2208 1457 2647 1519 ἀποϐουλλεύειν
2679 1462 3021 1521 disbullare.
3046 1462 3371 1521 Concilium
3395 1466 3631 1519 sextum
3662 1465 3779 1520 ΟΡ.

2111 1560 2224 1612 act.
2271 1554 2386 1610 15:
2448 1546 2999 1613 Ἀποϐουλλωθέντος
3059 1554 3158 1607 τοῦ
3213 1551 3469 1607 τοιούτου
3534 1550 3779 1628 χάρτου.

2108 1644 2402 1716 Interpres
2435 1658 2449 1699 :
2480 1643 2545 1699 Et
2575 1642 2876 1699 disbullata
2907 1646 2989 1698 est
3019 1641 3339 1715 hujasmodi
3364 1646 3645 1699 chartula.

2181 1731 2466 1805 Βουτζίον,
2513 1730 2789 1809 βουττίον,
2854 1732 3073 1807 βοῦττις
3132 1749 3302 1806 cupa.
3361 1733 3468 1790 328
3517 1735 3553 1790 d
3609 1738 3781 1787 οἴνων

2110 1818 2323 1897 δοχεῖα·
2357 1823 2536 1879 codex
2568 1822 2668 1880 GB
2695 1818 2941 1897 βούτζια.
2984 1823 3096 1879 Leo
3127 1822 3295 1880 Tact.
3342 1839 3470 1896 cap.
3498 1824 3588 1895 15,
3619 1823 3651 1897 §
3679 1825 3781 1892 75,

2118 1910 2343 1988 βουττία
2368 1907 2573 1967 τέλεια.
2606 1912 2946 1969 Theodorus
2969 1911 3399 1984 HermOpolites
3429 1913 3515 1969 sic
3543 1929 3787 1984 expres-

2116 2004 2196 2061 sit
2222 2002 2410 2076 legem
2441 2004 2546 2060 206
2576 2003 2643 2061 D.
2677 2002 2749 2061 de
2778 2003 2935 2061 verb.
2966 2002 3121 2077 sign.
3150 2000 3345 2076 οῖνημᾶ
3386 2000 3551 2072 σκεύη
3607 2000 3781 2077 λέγο-

2120 2112 2213 2166 μεν
2264 2090 2390 2167 περὶ
2426 2093 2527 2161 τήν
2589 2088 2778 2163 ληνόν.
2840 2092 2909 2149 Oi
2940 2087 2998 2146 δὶ
3054 2090 3209 2155 πίθοι
3264 2090 3357 2146 καὶ
3406 2091 3463 2146 αἱ
3497 2092 3781 2166 βουττεις.

348 2190 511 2246 Idem
570 2189 721 2259 Leo;
779 2178 1064 2240 ἀπέστειλε
1113 2181 1411 2237 Πεντάκιον
1491 2179 1585 2236 τὸν
1664 2172 1994 2251 ἂϐεστιάριοη

2120 2187 2265 2240 Hero
2294 2182 2781 2240 Mathematicus:
2820 2179 3024 2258 βούτης
3077 2181 3149 2250 ἧς
3207 2181 3242 2251 ἠ
3303 2179 3414 2236 ἄνω
3469 2178 3778 2256 διάμετρος

350 2277 539 2337 αὐτοῦ.
590 2283 736 2334 Item
800 2275 1112 2351 ΙΙροκὸπιον
1168 2272 1288 2345 ⁸τὸν
1384 2264 1724 2343 ἀϐεστιάριον
1816 2265 2003 2323 αὐτοῦ.

350 2368 583 2426 Primus
619 2371 814 2425 autem
847 2365 1157 2437 praefectus
1190 2361 1446 2419 vestiarii
1497 2351 2004 2433 πρωτοϐεστιάριος

350 2458 675 2526 dicebatur,
706 2456 817 2521 vel,
850 2459 913 2511 ut
939 2454 1173 2527 opinor,
1203 2450 1567 2526 πριμικήριος
1624 2449 1722 2501 τοῦ
1789 2443 2005 2522 βασιλι-

347 2550 451 2602 κοῦ
485 2545 816 2622 βεστιαρίου,
852 2549 915 2600 ut
956 2544 1114 2617 apud
1152 2542 1427 2600 eumdem
1480 2540 1738 2595 Leonem
1788 2538 2005 2595 Gram-

349 2638 655 2695 maticnm.

421 2724 598 2801 Βίγλα
634 2723 853 2798 vigilia,
884 2722 1159 2782 excubiae.
1204 2721 1263 2778 P.
1293 2720 1366 2777 85
1405 2735 1436 2776 c
1483 2713 1709 2792 δεσμοῖς
1753 2713 1847 2771 καὶ
1904 2735 2003 2790 φυ-

350 2812 546 2877 λακαῖς
574 2810 954 2889 ἰνισχημένος⁶
987 2813 1170 2870 codex
1205 2810 1294 2868 GB
1348 2807 1586 2886 βίγλαις.
1635 2806 2000 2865 Glossarium

350 2921 465 2963 ms'
502 2901 674 2981 βίγλα
698 2899 1033 2979 φρυκτωρία.
1066 2900 1489 2958 Constantinus
1527 2895 1884 2971 Porphyrog.
1941 2896 2001 2951 in

345 2995 598 3053 Tacticis
634 3009 650 3051 :
689 2990 1036 3069 Ὀφείλουσιν
1102 2988 1159 3043 αἱ
1219 2983 1413 3065 βίγλαι
1457 2992 1560 3055 τῆς
1610 2983 1804 3046 νυκτὸς
1883 2987 2004 3058 μετ’

346 3081 648 3161 ἀσφαλείας
677 3079 866 3150 πολλῆ
909 3078 1173 3154 γίνεσθαι.
1229 3075 1612 3148 Theophanes
1670 3074 1729 3129 in
1779 3072 2000 3130 Theod.

2113 2268 2297 2327 ποδῶν
2352 2274 2417 2341 ζ’,
2477 2266 2533 2326 δὲ
2588 2270 2737 2327 κάτω
2796 2268 2982 2326 ποδῶν
3047 2272 3117 2342 η’.
3178 2272 3568 2329 Provinciales
3613 2275 3787 2331 boum

2114 2362 2340 2418 dicunt.
2375 2361 2520 2417 Hinc
2548 2359 2932 2436 βουττοποιός,
2956 2360 3174 2417 Glossa:
3199 2360 3499 2418 Pbiloxeni
3535 2366 3550 2418 ξ
3582 2368 3784 2435 Doga-

2114 2452 2241 2508 rius
2273 2448 2657 2525 βουττοποιός.

2185 2537 2424 2609 Βύζανον
2459 2539 2732 2596 sacculus
2752 2556 2811 2612 p.
2842 2539 2968 2595 3’78.
3001 2537 3150 2595 Vide
3182 2538 3529 2596 Meursium.

2185 2629 2613 2705 Βυζομάχαιρον
2650 2631 2810 2688 ensis
2838 2646 3026 2703 genus
3055 2647 3114 2703 p.
3144 2630 3274 2689 223.
3299 2630 3615 2689 Meursius.

2913 2770 2954 2821 Γ

2185 2900 2426 2975 Γεμάτος
2483 2902 2717 2974 plenus.
2757 2903 2976 2959 Auctor
3028 2903 3118 2959 GB
3171 2898 3417 2977 γεμάτην
3472 2902 3602 2978 μίαν
3638 2925 3784 2960 σακ-

2111 2987 2338 3048 κούλαν.
2370 2991 2702 3063 Stephanus
2740 2990 3040 3049 Sachlices
3074 3008 3088 3047 :
3150 2987 3548 3068 μεδυστροπίες
3602 3014 3776 3049 κακο-

2112 3078 2381 3156 γνωμίαις
2433 3078 2657 3154 πλήρης
2728 3077 2793 3135 νά
2848 3100 2907 3134 νε
2962 3078 3213 3157 γεμάτοι.
3275 3082 3422 3139 Hinc
3458 3080 3779 3157 γεματίζειν

342 3174 380 3245 ἡ
421 3170 479 3228 δὶ
512 3169 678 3249 βίγλα
705 3172 911 3247 γνοῦσα
928 3166 1205 3238 ἐδήλωσεν
1239 3164 1387 3238 αὐτῷ
1452 3162 1800 3221 Anastasius
1829 3178 1849 3222 ε
1897 3176 1994 3235 qua

2120 3170 2381 3243 implere,
2435 3170 2593 3227 Idem
2642 3169 3012 3241 Stephanus:
3073 3170 3406 3247 Ἐγεμάτισε
3446 3174 3543 3227 τοῦ
3582 3171 3769 3248 χοίρου

583 3223 1158 3319 hatthd—iainum'iavit
1184 3257 1259 3314 ei.
1290 3223 1432 3311 Vide
1462 3253 1649 3311 Gloss.
1693 3252 1766 3309 ad
1799 3223 2001 3308 Cedre-
2037 3223 2082 3295 (ἶ
3439 3223 3501 3316 in
3517 3223 3622 3316 usii

344 3368 489 3410 num
521 3355 579 3408 et
609 3349 894 3407 Iudicem.

382 3436 647 3514 ‘BXa‘ttOV
678 3455 909 3513 pannus
939 3435 1161 3495 sericus
1200 3452 1258 3509 p.
1289 3434 1362 3490 50
1391 3450 1441 3492 c.
1494 3433 1558 3489 ln
1587 3430 1882 3488 Glossario
1924 3431 1996 3488 ad

341 3531 671 3607 ngrenurn
695 3530 778 3586 sic
809 3529 1162 3601 scripseram
1197 3543 1211 3583 :
1245 3547 1273 3576 «
1308 3523 1501 3580 Blatta
1529 3537 1809 3595 purpura.
1834 3520 1999 3577 Salo-

342 3637 478 3679 mon
509 3625 619 3678 etc.
654 3620 1008 3677 Fortunatus
1031 3622 1142 3674 etc.
1203 3612 1431 3691 βλατίον
1481 3628 1715 3685 pannus
1755 3610 1993 3668 sericas.

344 3696 767 3769 Cbnstantinus
790 3714 902 3765 etc.
936 3728 966 3758 »
1008 3706 1330 3781 Operarum
1370 3703 1508 3760 vitio
1551 3700 1717 3757 aliter
1773 3700 1998 3756 editum

344 3805 453 3859 est.
522 3800 756 3857 Nicetes
802 3796 1020 3870 νήματα
1074 3791 1293 3869 σηρικάο
1353 3793 1533 3850 codex
1591 3790 1703 3857 GB,
1776 3786 1995 3862 βλατία,

348 3888 715 3947 Glossarium
740 3892 906 3944 vetus
940 3885 1238 3942 illustriss.
1272 3882 1382 3937 viri
1414 3880 1473 3937 P.
1506 3879 1787 3953 chuierii
1819 3883 1999 3934 Fran-

346 3980 451 4037 cia:
482 3977 811 4035 cancellarii
838 3993 852 4032 :
881 3969 1133 4029 Ἐπιπλα
1183 3970 1478 4049 ὠμοφόρια
1524 3967 1739 4041 ἱμάτια,
1794 3966 1997 4040 κυρίως

348 4064 407 4122 δὲ
450 4068 518 4122 τά
567 4064 658 4120 ἐπὶ
716 4067 833 4125 τοῖς
912 4067 1070 4124 ναοῖς
1118 4057 1461 4134 ἐξηρτημένα
1525 4054 1775 4132 βλαττία.
1818 4060 1995 4112 Auum

345 4160 651 4215 Comnenaa
698 4153 989 4211 Alexiadie
1027 4154 1131 4209 lib.
1194 4167 1278 4218 ιιι,
1331 4146 1564 4224 βλαττία
1621 4153 1762 4203 sunt
1806 4152 1997 4203 vestes

343 4263 663 4321 purpura:
712 4243 783 4300 At
831 4240 1018 4297 ἑκατὸν
1065 4238 1461 4313 τεσσαράκοντά
1514 4234 1674 4292 πέντε
1742 4233 1993 4310 χιλιάδες

339 4339 448 4390 τῶν
477 4331 837 4406 νομισμάτων
890 4329 981 4385 καὶ
1029 4330 1097 4386 τὰ
1152 4327 1339 4383 ὲκατὸν
1403 4323 1630 4401 βλαττία
1686 4321 1991 4394 ἐστάλησαν

343 4420 434 4479 διὰ
475 4427 574 4477 τοῦ
595 4417 1060 4496 πρωτοπροὲδρου
1091 4414 1523 4475 Κωνσταντίνου.

415 4510 655 4588 Βολερός
687 4508 1220 4585 propugnaculum,
1245 4506 1553 4563 boulevart.
1599 4504 1740 4562 Vide
1796 4504 1988 4560 Meur-

342 4620 519 4661 SIUDD.

412 4690 673 4750 Βοῦκινον
713 4689 981 4748 buccina.
1021 4687 1278 4743 Joannes
1322 4682 1697 4756 Curopalates
1730 4700 1743 4739 :
1794 4680 1987 4739 Βουκίο

335 4804 443 4838 νων
472 4781 507 4852 ἢ
542 4779 865 4855 σαλπίγγων
898 4776 934 4847 ἢ
968 4774 1144 4832 ἄλλου
1165 4774 1310 4835 τιΛὸς
1342 4770 1567 4847 σημείου
1629 4772 1705 4846 μὴ
1739 4768 1987 4831 δοθέντος

333 4876 566 4947 τρανῶς.
615 4869 1032 4929 Constantinus
1080 4868 1139 4923 in
1186 4866 1442 4922 Tacticis
1475 4881 1490 4920 :
1528 4863 1695 4920 Ὅσον
1764 4857 1986 4915 δύναται

333 4961 547 5039 ἀκούειν
572 4960 759 5039 φωνὴν
796 4957 1050 5035 βουκίνου
1089 4954 1125 5025 ἢ
1194 4953 1522 5030 σάληιγγος.
1583 4954 1729 5007 Hinc
1791 4950 1987 5026 βουκι-

332 5038 569 5127 νάτωρες
609 5052 763 5124 apud
795 5050 1068 5108 eumdem
1100 5045 1573 5104 Constantinum.
1608 5042 1724 5098 Alii
1761 5038 1981 5116 βύκινον

333 5146 558 5216 dicunt,
599 5150 766 5199 Anna
800 5141 1094 5198 Comnena
1142 5137 1302 5194 Alex.
1342 5150 1483 5192 vm:
1538 5130 1690 5189 Μετὰ
1748 5129 1981 5207 βυκίνων

331 5233 423 5288 καὶ
461 5230 803 5306 σαλπίγγων.
828 5228 973 5285 Vide
1001 5226 1367 5285 Glossarium
1400 5224 1472 5281 ad
1504 5222 1852 5279 Cedrenum.

402 5319 620 5377 Βοῦκλα
648 5318 883 5385 bucula,
917 5317 1117 5375 fibula.
1141 5316 1211 5375 V.
1243 5315 1587 5374 Meursium.

400 5407 742 5487 Βουγλίδιον.
824 5402 1324 5483 Θησαυροφύλακας
1409 5401 1704 5464 Θυλάκους’
1802 5402 1984 5459 codex

328 5502 421 5559 ΟΒ
475 5495 788 5575 βουγλίδια,
821 5494 1118 5555 sacculos.

400 5585 640 5664 βούλλα,
674 5582 1017 5662 βουκλεύειν,
1060 5576 1523 5652 ἀποϐουλλιόειν,
1577 5581 1760 5651 bulla,
1815 5579 1980 5652 sigil-

320 5681 466 5750 lum,
507 5678 753 5746 bullare,
785 5673 1125 5733 disbullare.
1151 5672 1212 5730 Ρ.
1243 5674 1315 5728 65
1340 5675 1373 5729 b
1421 5668 1726 5750 σφραγῖδάς
1755 5688 1815 5723 τε
1841 5666 1982 5724 τού-

320 5785 441 5829 τοις
470 5761 772 5822 ἰπιϐαλών.
804 5763 987 5821 eode:
1014 5762 1107 5818 (ΞΒ
1144 5757 1413 5836 βούλλας.
1472 5760 1799 5818 Concilium
1847 5757 1978 5815 Flo-

320 5856 620 5915 rentinum
649 5870 798 5914 sese.
841 5852 953 5909 25:
999 5849 1214 5924 Ὠρισεν
1249 5849 1278 5904 ὁ
1330 5845 1585 5924 βασιλεὺς
1634 5842 1724 5902 διὰ
1787 5864 1945 5925 γραμ

2180 3347 2419 3405 Γενικόν.
2478 3349 2620 3408 Vide
2696 3349 3061 3409 Glossarium
3119 3351 3194 3409 ad
3278 3352 3621 3418 Cedrenum,
3705 3358 3768 3408 et

2107 3438 2450 3497 Meursium.

2178 3530 2363 3601 Γεῦμα
2395 3526 2712 3600 prandium
2748 3528 2809 3585 Ρ.
2839 3529 2913 3583 70
2966 3527 3004 3583 b
3064 3524 3324 3599 ἐνστάσης
3381 3525 3565 3582 τοίνυν
3620 3522 3776 3601 ὥρας

2106 3612 2351 3691 ἀρίστοιν
2386 3616 2564 3675 codex
2592 3615 2683 3675 ΗΒ
2710 3614 3013 3690 γεύματος.
3049 3619 3262 3674 Auctor
3318 3618 3412 3674 GB
3468 3613 3775 3691 ἐδάκρυσαν

2107 3702 2435 3789 ᾅμφότεροι,
2467 3698 2653 3759 ἔπειτα
2684 3703 2838 3768 θέσαν
2866 3698 3069 3773 τάόλα,
3095 3702 3418 3781 ἐγεύθησαν.

2181 3792 2392 3871 Γνίφων
2423 3811 2637 3868 parcus
2668 3811 2725 3867 p.
2759 3796 2883 3851 396.

2185 3882 2527 3957 Γούργουρος
2557 3882 2829 3958 gurgulio
2861 3901 2917 3957 p.
2949 3884 3056 3941 296
3073 3884 3141 3940 V.
3176 3885 3512 3943 Meursium.

2176 3966 2531 4041 Γυϐεντίζειν.
2566 3977 2626 4028 Ρ.
2663 3974 2768 4028 384-
2805 3990 2858 4041 c,
2890 3975 3071 4031 codex
3101 3974 3195 4031 GB
3250 3968 3525 4048 ἐπεμϐοᾷν
3586 3976 3782 4034 inter-

2110 4068 2373 4136 pretatur
2396 4056 2756 4137 γυϐεντίζειν.
2790 4062 3179 4136 proclamare.

2174 4151 2423 4227 Γυρεύειν
2481 4152 2785 4222 ἀναζητεῖν,
2855 4170 3134 4226 quaerere,
3190 4153 3458 4213 circuire.
3506 4154 3569 4211 P.
3624 4156 3780 4214 70d

2105 4247 2307 4298 auctor
2335 4241 2426 4299 GB
2476 4241 2533 4297 in
2590 4241 2873 4299 historica
2930 4242 3262 4299 narratione
3310 4244 3381 4300 de
3429 4243 3718 4302 Belisario
3756 4264 3780 4305 :

2101 4332 2306 4407 Χώρας
2336 4329 2556 4397 πολλὰς
2586 4329 2820 4407 ἐγῦρησε
2855 4332 2949 4387 καὶ
3014 4332 3324 4408 τοπαρχίας
3383 4335 3474 4388 καὶ
3531 4333 3780 4410 κάστρα.

2099 4419 2282 4485 Τόπος
2337 4419 2498 4475 αὐτὸν
2560 4418 2659 4474 οὐκ
2703 4419 2892 4495 ¹ἤρεσεν
2950 4420 3014 4475 τὸ
3069 4420 3134 4476 νὰ
3179 4423 3643 4497 προσκαρτερήσει
3700 4423 3782 4481 τᾶ

2106 4531 2244 4586 μξρη
2275 4516 2378 4580 τῆς
2412 4506 2718 4580 ’Δνατολῆς
2747 4512 2963 4587 γυρεύει
2994 4509 3088 4565 καὶ
3154 4510 3450 4585 Τουρκίας.
3523 4512 3779 4590 Ἐγύρη-

2021 4601 2067 4666 D
2099 4620 2208 4671 σεν,
2240 4596 2427 4672 ἐδίωξε
2458 4598 2586 4662 τούς
2616 4596 2819 4662 τόπους
2850 4599 2941 4654 καὶ
2989 4598 3058 4655 τὰ
3120 4600 3346 4675 κάστρα.
3406 4603 3776 4675 Stephanus

2100 4689 2397 4748 Sachllces
2433 4715 2449 4761 ς
2478 4690 2591 4759 Τὴν
2624 4688 2819 4744 νύκταν
2854 4689 2994 4747 ἁποῦ
3050 4692 3300 4765 περπατή
3333 4690 3543 4765 γυρίζει
3580 4692 3774 4767 ἅρμα-

2094 4776 2348 4852 τομένος-
2380 4781 2574 4837 Item:
2625 4774 2840 4833 Πολλοὶ
2898 4777 3167 4854 ἐγύρησαν
3208 4779 3455 4835 σκοτεινὰ
3514 4778 3607 4834 καὶ
3659 4780 3774 4851 ἤλ-

2095 4870 2247 4924 θασιν
2295 4865 2666 4945 πληγόμενοι.
2747 4867 2907 4925 Alias
2975 4866 3216 4943 γυριύειν
3314 4872 3624 4943 exponitur
3698 4874 3766 4929 in

2096 4976 2304 5033 gyrum
2339 4958 2663 5024 includere,
2691 4961 2756 5014 ut
2781 4957 3028 5015 Cedreni
3084 4976 3144 5030 p.
3183 4958 3291 5017 547
3339 4977 3395 5027 a,
3426 4962 3516 5016 vel
3548 4959 3753 5028 redire,

2097 5055 2162 5111 Ut
2198 5049 2444 5108 Joannis
2472 5046 2859 5103 Cantacuzeni
2891 5063 2948 5119 p.
2995 5049 3103 5103 757
3156 5044 3373 5123 ἇγύρισε
3399 5048 3532 5121 ξμετ’
3577 5043 3750 5122 εὐχα-

2095 5137 2329 5213 ριστίας,
2352 5152 2479 5192 cum
2514 5137 2847 5207 gratiarum
2875 5139 3093 5194 actione
3112 5154 3364 5196 reversus
3383 5148 3475 5196 est.

2898 5276 2938 5325 A

2165 5404 2390 5475 Δεήσιις
2420 5402 2604 5461 libelli
2634 5405 2934 5478 supplices
2962 5422 3023 5480 p.
3079 5407 3186 5464 474
3219 5407 3275 5464 b.
3332 5407 3625 5465 Constant
3676 5405 3776 5466 De

2096 5495 2255 5553 adm.
2288 5494 2436 5567 imp.
2465 5510 2587 5567 cap.
2617 5494 2682 5549 51
2720 5512 2734 5551 :
2770 5493 2871 5549 Καὶ
2899 5492 2927 5549 ὁ
2959 5493 3047 5549 ἐπὶ
3072 5498 3181 5551 τῶν
3216 5493 3457 5568 δεήσεων
3516 5494 3775 5555 libello-

2092 5600 2218 5642 rum
2246 5584 2526 5657 magister.
2557 5581 2702 5642 Vide
2732 5584 2806 5641 ad
2833 5585 3182 5643 Cedrenum.

2091 5759 2126 5819 λ
2164 5667 2449 5741 Δελήτίον.
2492 5669 2683 5731 Gloss.
2743 5688 2887 5732 mss.
2939 5671 3007 5730 D.
3059 5673 3318 5734 Cancell.
3374 5669 3635 5747 δελήτιον
3665 5669 3778 5733 δὲ-

2132 5780 2249 5819 εαρ.

2161 5780 2425 5908 ἒῗσποινα
2451 5844 2744 5926 βασίλισσα
2773 5867 2832 5926 p.
2885 5852 2989 5910 £57
3043 5854 3102 5912 d.
3161 5852 3416 5930 Oppiani
3481 5851 3778 5915 Scholig-
