4074 6390
287 378 443 441 1069

286 603 444 666 λάκις
475 603 746 658 πιστεύειν
787 605 856 676 τῇ
908 599 1193 673 δεσποίνῃ.

355 689 705 772 Δηφενδεύειν
764 691 1074 749 defendere
1107 705 1240 761 pag.
1274 688 1400 744 378.
1452 686 1778 743 Concilium
1812 685 1943 740 Flo-

283 784 578 838 rentinum
639 799 783 838 sess.
841 782 914 835 25
962 797 1020 852 p.
1051 779 1159 833 565
1216 778 1357 833 edit.
1393 777 1530 848 Reg.
1572 774 1942 831 Andronicus

276 873 482 929 Junior
513 875 570 928 in
599 873 920 945 diplomate
947 887 1051 942 pro
1083 867 1511 924 Monembasiot
1539 867 1692 938 apud
1717 865 1913 920 Phran

281 977 404 1016 zem
439 978 452 1016 :
485 962 646 1016 ’Όθεν
682 958 946 1036 ὀφείλωσι
996 953 1276 1030 διατηρεῖν
1309 953 1505 1014 αὐτοὺς
1563 951 1639 1014 εἷς
1697 954 1797 1022 τὴν
1827 971 1942 1005 τοι-

282 1049 449 1119 αύτην
498 1048 858 1124 ἀνειόχλησιν
898 1047 986 1102 καὶ
1029 1043 1386 1124 δεφένδευσιν.
1447 1043 1733 1100 Sultanus
1773 1044 1944 1112 Egy-

284 1140 366 1212 pti
403 1140 461 1195 in
503 1141 675 1212 epist.
708 1141 779 1196 ad
811 1142 976 1195 Joan.
1010 1138 1482 1192 Cantacuzenum
1513 1135 1657 1205 imp.
1687 1133 1944 1187 historiis

281 1229 550 1299 ejusdem
605 1229 767 1286 Cant.
826 1226 931 1282 lib.
963 1243 1042 1296 ιν,
1075 1224 1266 1281 c.14:
1323 1221 1410 1278 Νὰ
1467 1215 1669 1294 ἔχωσιν
1724 1217 1942 1294 ἀγάπην

284 1315 373 1370 καὶ
409 1312 766 1392 δεφένδευσιν.

355 1406 808 1479 Δισκοποτῆριον.
851 1405 1144 1461 Cedrenus
1202 1419 1258 1474 p.
1317 1402 1424 1456 557
1470 1417 1504 1456 a
1560 1399 1946 1468 εΔισκοποτή-

285 1515 400 1570 ριον
460 1495 566 1570 γὰρ
632 1494 969 1569 προσήνεγκε
1021 1493 1090 1564 τῇ
1157 1487 1383 1566 Μεγάλῃ
1422 1485 1744 1559 Ἐκκλησία.
1800 1489 1945 1544 Vide

280 1585 460 1641 Notas
492 1584 792 1640 eruditiss.
829 1582 1013 1653 patris
1034 1580 1242 1636 Jocobi
1271 1579 1443 1635 Goar.

349 1669 704 1745 Δομέστικος.
765 1667 946 1746 Μέγας
1026 1665 1351 1741 δομέστικος
1422 1683 1675 1739 magnus
1735 1667 1944 1722 dome-

275 1762 483 1830 sticus,
543 1761 772 1832 primus
833 1760 987 1815 inter
1045 1773 1248 1814 omnes
1303 1758 1682 1813 domesticos.
1774 1757 1945 1812 Anna

1531 371 1867 434 FABItOTI
1914 371 2260 433 GLOSSAll
2277 373 2434 434 [UM.

281 519 410 571 stes
443 534 500 587 p.
537 515 604 569 40
637 511 940 589 βασίλειαν,
975 508 1278 565 δέσποιναν.
1311 508 1643 565 Cedrenus:
1677 507 1765 575 Μὴ
1797 501 1940 560 πολ-

2060 505 2305 561 Flandro
2371 523 2385 561 :

3549 372 3705 434 1070

2447 499 2803 578 Παλίμϐολον
2865 506 2996 580 ὑπὲρ
3077 503 3338 582 ὄστρακον
3392 503 3484 561 καὶ
3537 499 3706 560 κύϐον

2052 594 2469 652 mutabiliorem
2523 599 2728 652 tessera
2762 614 2775 653 :
2809 599 2989 654 codex
3030 597 3138 654 GB.
3184 595 3318 670 ὑπὲρ
3349 595 3556 668 ζάριον.
3588 597 3710 650 Au-

2050 689 2176 741 ctor
2204 685 2297 740 GB
2326 684 2386 740 in
2412 685 2691 742 historica
2721 689 3055 744 narratione
3087 687 3157 743 de
3187 686 3498 743 Belisario:
3534 681 3708 750 Κοιλῆ

2047 773 2116 828 τὰ
2175 772 2330 846 ζάρια
2396 773 2424 827 ὁ
2484 775 2740 848 ζαριστὴς
2798 774 2889 828 καὶ
2961 769 3159 836 τάϐλες
3220 775 3404 843 παίζει
3475 769 3708 846 ὁμάδην.

2051 866 2264 919 Auctor
2320 863 2471 920 alius
2522 867 2611 919 GB
2655 881 2669 925 :
2729 864 2834 921 Καὶ
2886 863 2953 918 τὰ
3007 862 3204 918 ταυλία
3246 864 3336 918 καὶ
3392 865 3458 918 τὰ
3507 863 3710 938 χαρτία

2049 951 2140 1004 καὶ
2201 951 2357 1024 ζάρια
2403 951 2465 1006 νὰ
2517 951 2582 1007 τὰ
2631 953 2885 1008 καύσουν.
2947 954 3092 1009 Hinc
3147 954 3410 1028 ζαριστής
3469 954 3706 1010 aleator.

2053 1043 2208 1096 Mem
2243 1057 2256 1097 ε
2289 1041 2350 1096 Ὁ
2392 1043 2648 1117 ζαριστής
2679 1043 2988 1114 καθήμενος
3019 1039 3108 1096 διὰ
3155 1039 3348 1116 κέρδος
3409 1039 3528 1116 ἔχει
3579 1040 3711 1116 θάρ-

2053 1130 2168 1204 ῥος.
2203 1131 2271 1187 Et
2300 1133 2751 1206 πρωτοζαριστής
2783 1133 3026 1190 ibidem.
3075 1134 3368 1188 Truncate
3400 1137 3594 1188 autem
3625 1131 3711 1198 ζά-

2053 1240 2145 1295 ρια
2198 1221 2469 1279 dicebant
2527 1240 2629 1293 pro
2691 1221 2908 1296 ἀζάρια.
2971 1213 3308 1295 Stephanus
3364 1221 3706 1278 Sachlices:

2052 1308 2311 1386 Δεύτερον
2369 1304 2770 1383 συμϐουλεύσω
2823 1332 2881 1366 σε
2939 1311 3008 1368 τὰ
3061 1309 3259 1386 ἀζάρια
3313 1311 3378 1365 νὰ
3435 1311 3707 1383 μισήσεις.

2052 1401 2318 1458 Malaxus
2366 1401 2425 1457 in
2483 1401 2731 1459 historia
2787 1402 3305 1475 patriarcharum:
3357 1400 3617 1468 Ἐπαιζαν
3643 1396 3712 1452 τὰ

2051 1489 2264 1563 ἆζάρια.

2123 1578 2377 1650 Ζαπέτια,
2411 1597 2468 1654 p.
2504 1582 2625 1640 182.
2657 1581 2805 1638 Vide
2835 1581 3158 1638 Meursium
3193 1580 3254 1636 in
3289 1578 3565 1655 τζεφέτον.

2123 1667 2398 1730 Ζούπανσς
2436 1670 2747 1742 prtsfectus
2780 1670 3042 1738 vestiarii
3081 1670 3386 1742 principis.
3417 1669 3485 1725 V.
3519 1667 3707 1726 Gloss.

2054 1758 2269 1815 Meurs.
2303 1763 2361 1816 et
2413 1761 2484 1816 ad
2516 1760 2990 1818 Constantinum.
3026 1759 3107 1818 De
3165 1759 3506 1817 administr.
3564 1759 3708 1832 imp.

277 1853 600 1907 Commena
627 1849 889 1904 Alexiad.
915 1865 958 1904 Il
995 1864 1007 1904 :
1039 1845 1140 1900 Τόν
1179 1846 1239 1900 τέ
1303 1865 1438 1900 ποτε
1486 1845 1647 1918 μέγαν
1695 1841 1940 1916 δομέστι-

2060 1865 2109 1905 c.
2140 1849 2230 1905 29.

277 1960 372 1994 κον
416 1941 508 1993 νῦν
571 1935 804 2012 βασιλέα
857 1942 976 2000 τοῖς
1033 1933 1340 2012 βασιλείοις
1378 1933 1703 2004 πελάζοντα.
1755 1935 1942 1992 Theo-

285 2031 467 2086 dorus
524 2027 906 2100 Hermopolit.
963 2027 1066 2082 lib.
1129 2043 1228 2096 vn,
1283 2026 1376 2081 tit.
1432 2026 1519 2082 11.
1579 2024 1944 2095 Nicephorus

281 2118 568 2190 Gregoras
601 2118 700 2174 lib.
740 2135 820 2187 ιιι,
843 2119 1095 2173 Joannes
1128 2116 1524 2188 Curopalates,
1559 2115 1740 2187 p.863
1774 2113 1830 2168 b.

352 2205 581 2274 Δούκας,
615 2203 894 2276 δούκαινα,
938 2201 1061 2273 δούξ
1121 2206 1236 2261 dux
1292 2222 1352 2277 p.
1410 2205 1562 2260 52c.
1614 2201 1940 2260 Concilium

278 2298 730 2354 Florentinum:
785 2295 1109 2369 Μαρκέσιοι,
1168 2292 1354 2348 κύντοι
1410 2292 1500 2347 καὶ
1560 2289 1837 2353 δουκάδες.
1874 2292 1938 2347 Β.

283 2388 736 2461 Chrysostomus
766 2386 1015 2459 epistola
1047 2386 1115 2441 12
1146 2402 1160 2441 :
1194 2382 1293 2438 Καὶ
1321 2382 1427 2458 γὰρ
1464 2382 1558 2437 τὸν
1610 2380 1797 2457 κύριόν
1835 2400 1940 2453 μου

273 2475 365 2531 τὸν
397 2471 565 2530 δοῦκα
603 2474 696 2529 τὸν
746 2469 994 2550 γαμϐρὸν
1056 2472 1223 2528 αὐτοῦ
1278 2469 1485 2551 σφόδρα
1539 2469 1936 2545 παρεσκεύασαν

272 2565 398 2639 περὶ
430 2565 578 2636 ἡμᾶς
611 2560 933 2619 διακεῖσθαι.
974 2565 1143 2620 Anna
1172 2564 1472 2619 Comnena
1498 2562 1760 2618 Alexiad.
1797 2577 1935 2617 vm:

274 2655 438 2726 Αὐτῷ
470 2656 550 2725 τῷ
590 2650 743 2708 δουκὶ
804 2653 902 2708 τοῦ
958 2652 1279 2724 Ῥωμαϊκοῦ
1339 2649 1542 2706 στόλου
1599 2647 1937 2724 περιέπεσεν.

276 2745 423 2801 Hinc
455 2739 681 2812 δουκική
720 2741 868 2817 ἀρχὴ
939 2761 997 2816 p.
1051 2743 1144 2797 67.
1176 2741 1554 2814 Curopalates
1586 2759 1642 2814 p.
1703 2741 1808 2796 857
1841 2736 1944 2794 διέ-

275 2854 394 2888 πων
427 2829 686 2902 δουκικὴν
718 2831 921 2905 ἀρχήν.
972 2832 1159 2888 Nicet.
1215 2848 1272 2904 p.
1335 2832 1441 2886 293
1496 2830 1532 2886 b
1589 2831 1624 2898 ἡ
1684 2825 1942 2884 δούκαινα

279 2921 636 2997 Εὐφροσύνη.
668 2922 814 2979 Vide
843 2921 1206 2978 Glossarium
1239 2921 1311 2977 ad
1368 2921 1538 2977 Cedr.
1595 2919 1657 2976 in
1703 2936 1759 2977 ν.
1795 2915 1940 2988 δούξ,

277 3017 336 3070 et
365 3013 558 3070 Gloss.
595 3012 900 3068 Nomicum
931 3011 992 3067 in
1041 3011 1244 3068 eadem
1275 3010 1550 3068 dictione.

351 3099 813 3177 Δραγουμανίζειν
841 3100 1218 3173 interpretem
1255 3115 1446 3173 agere.
1497 3103 1564 3158 V.
1617 3098 1836 3157 Meurs.
1871 3099 1946 3157 ad

279 3191 581 3249 Constant.
617 3197 698 3247 De
719 3190 1026 3248 administ.
1059 3189 1204 3263 imp.
1233 3206 1284 3246 c.
1317 3189 1407 3246 43.

1085 3335 1126 3390 Ε

350 3478 717 3556 Ἐγκουσῆτος
773 3477 862 3536 vol
919 3474 1251 3553 ἒγκουσάτος
1307 3479 1576 3534 onustus.
1634 3475 1704 3531 ν.
1737 3479 1930 3534 Meur-

276 3569 454 3627 sium.

345 3658 638 3732 Ἑξάμιτος
697 3659 1014 3726 examitus,
1075 3657 1249 3730 panni
1307 3654 1480 3714 seriei
1535 3672 1720 3727 genus
1755 3697 1771 3726 ,
1829 3670 1933 3727 pro

279 3766 396 3820 quo
429 3755 697 3806 auctores
758 3748 1092 3806 Latinitatis
1149 3748 1366 3803 infima:
1425 3747 1697 3803 samitus.
1732 3746 1937 3801 Petrus

284 3839 582 3896 Blesensis
613 3839 864 3911 epistola
892 3839 963 3894 66
997 3856 1011 3894 :
1046 3841 1117 3894 De
1171 3854 1311 3894 zona
1357 3853 1528 3893 aurea
1585 3840 1638 3892 et
1695 3833 1938 3892 lumbari

283 3932 453 3986 serico
487 3938 538 3985 et
559 3931 779 4000 samito,
808 3933 858 3986 et
888 3929 1018 3985 otiis
1045 3929 1253 4000 xeniis,
1276 3943 1402 4000 qum
1413 3946 1516 4001 per
1544 3929 1778 3985 latorem
1795 3941 1940 3998 prx-

285 4021 523 4075 sentium
552 4018 616 4074 de
654 4025 841 4075 vestra
900 4019 1478 4090 largitione-suscepi,
1537 4034 1651 4073 ηοη
1706 4022 1944 4088 quantas

284 4109 423 4176 volo,
456 4107 550 4164 sed
579 4117 822 4178 quantas
864 4108 1042 4177 valeo,
1099 4110 1280 4178 refero
1322 4107 1471 4164 vobis
1499 4111 1699 4176 grates.
1729 4105 1943 4162 Gallice

285 4213 474 4252 εαηιιδ.

361 4279 730 4350 Ἐξωκιόνιον.
764 4285 830 4338 Ρ.
881 4282 983 4338 159
1017 4299 1068 4351 o,
1122 4283 1274 4353 apud
1309 4283 1571 4340 Nicetam
1606 4283 1824 4338 editum
1858 4285 1948 4337 est

286 4364 388 4439 ἔξω
420 4368 660 4436 Κιόνιον,
692 4371 950 4428 exterius
982 4371 1274 4438 Cionium,
1318 4373 1743 4429 monasterium
1768 4374 1949 4443 quod-

287 4461 447 4516 dam.
484 4461 654 4533 Apud
704 4462 1031 4518 Cedrenum
1082 4459 1393 4530 έξωκιόνιον
1456 4462 1761 4530 scribitur,
1793 4461 1946 4534 apud

2858 1995 2902 2048 H

2122 2122 2354 2199 Ἡμέραι
2385 2125 2733 2198 simpliciter
2761 2130 2820 2183 et
2846 2128 2964 2181 κατ’
2989 2125 3190 2204 ἐξοχὴν
3212 2126 3558 2184 dicebantur
3585 2127 3712 2184 dies

2051 2214 2432 2312 hebdomadas
2463 2231 2582 2288 qua
2611 2233 2824 2289 passus
2855 2222 2944 2274 est
2972 2217 3258 2273 Christus.
3289 2218 3600 2273 Meursius.

2903 2363 2925 2418 Ι

2120 2495 2372 2552 Ἰνκλῖνοι
2407 2515 2460 2569 p.
2493 2498 2600 2553 267
2631 2514 2664 2554 a
2693 2497 2884 2567 Angli,
2917 2497 3062 2554 alias
3093 2495 3390 2573 Ἀγγλέζοι
3447 2496 3534 2553 vel
3591 2496 3715 2570 Ἐγ-

2048 2587 2259 2659 κλέζοι,
2293 2593 2350 2644 et
2379 2583 2740 2663 Ἐγκλητέρα,
2772 2587 2925 2660 apud
2957 2592 3256 2644 auctorem
3287 2587 3402 2646 (ΞΒ.

2121 2677 2320 2753 Ἴμφας
2403 2676 2619 2732 infans.
2697 2675 3067 2734 Glossarium
3141 2676 3452 2733 Nomicum
3537 2671 3718 2753 ῗμφας

2050 2767 2272 2837 νήπιος.

2123 2852 2420 2913 Ἰνδικτιών
2453 2855 2718 2914 indictio.
2747 2855 2806 2912 P.
2847 2855 2950 2911 194
2981 2857 3012 2912 d
3047 2859 3105 2912 et
3153 2856 3258 2912 142
3306 2871 3336 2910 c
3385 2859 3490 2924 τῆς
3519 2851 3712 2928 τρίτης

2053 2946 2450 3018 ἐπινεμήσεως
2508 2943 2688 3000 codex
2741 2943 2833 3000 GB
2867 2940 3225 3007 ἶνδικτιῶνος.
3286 2942 3354 2999 ν.
3388 2942 3578 3000 Gloss.
3637 2943 3711 3000 ad

2056 3037 2409 3092 Cedrenum.

2855 3179 2899 3235 K

2105 3323 2498 3403 Καϐαλλάριος
2530 3325 2905 3394 caballarius,
2947 3341 3149 3400 eques.
3183 3326 3607 3384 Constantinus
3637 3326 3700 3384 in

2034 3420 2285 3480 Tacticis
2319 3435 2332 3474 :
2368 3417 2530 3472 Οὗτοι
2579 3411 2637 3470 δὲ
2674 3413 2872 3478 πάντες
2921 3415 2974 3470 οἱ
3031 3409 3404 3489 καϐαλλάριοι
3463 3416 3515 3470 o't
3545 3415 3702 3470 κατά-

2037 3527 2267 3590 φρακτοι
2311 3507 2397 3561 καὶ
2434 3506 2485 3560 οἱ
2521 3505 2596 3578 μὴ
2629 3505 3020 3578 κατάφρακτοι.
3050 3508 3115 3562 In
3175 3505 3374 3562 codice
3424 3506 3511 3561 ΟΒ
3542 3505 3696 3578 lege-

2037 3601 2214 3656 batur
2241 3590 2652 3667 καϐαλλαρικὸν
2692 3594 3022 3668 στράτευμα,
3081 3598 3149 3651 ut
3205 3595 3360 3666 apud
3414 3596 3697 3651 Constan-

2037 3689 2229 3745 tinum
2278 3678 2667 3758 καϐαλλαρικὴ
2725 3683 3044 3761 παράταξις,
3102 3691 3156 3740 et
3205 3678 3694 3758 καϐαΛλαρικεύειν

2041 3776 2323 3849 equitare.
2373 3773 2610 3830 Manuel
2665 3773 2961 3846 Moschop.
3030 3773 3154 3848 περὶ
3213 3769 3366 3848 σχεδ’
3425 3771 3697 3840 κελητίζω

2039 3861 2449 3922 καϐαλλικεύω.
2500 3861 2930 3935 Theophanes:
2984 3855 3432 3924 Καϐαλλικεύσας
3489 3858 3548 3916 δὲ
3605 3860 3696 3916 σὺν

2044 3952 2344 4015 διακοσίοις
2378 3950 2689 4026 ἀνθρώποις
2716 3951 2902 4007 αὐτοῦ.
2945 3952 3364 4010 Constantinus
3396 3953 3455 4008 in
3504 3953 3700 4009 Tacti-

2044 4047 2128 4104 cis
2162 4061 2176 4101 :
2214 4043 2353 4100 Ἀπὸ
2389 4039 2647 4114 μεγάλων
2711 4039 2812 4116 γὰρ
2871 4035 3138 4095 κινδύνων
3177 4044 3348 4096 ταῦτα
3378 4037 3707 4110 διασώζουσι

2045 4131 2319 4194 πολλάκις
2380 4131 2448 4186 τὰ
2502 4129 2759 4205 ίππάρια,
2819 4129 2909 4184 καὶ
2963 4127 3035 4184 δι’
3092 4128 3271 4184 αὐτῶν
3309 4128 3439 4192 τοὺς
3508 4123 3710 4184 καϐαλ-

2047 4221 2366 4282 λικεύοντας
2407 4219 2562 4274 αὐτά.
2597 4220 2962 4277 Glossarium
2997 4219 3284 4278 ineditum
3321 4218 3708 4294 εὈχούμενος

2046 4311 2137 4366 καὶ
2193 4307 2570 4384 ἐποχούμενος
2635 4309 2664 4361 ὁ
2739 4301 3035 4363 ἐπιϐαίνων
3104 4309 3192 4364 καὶ
3269 4305 3707 4366 καϐαλλικεύων.

2047 4401 2150 4457 Cui
2182 4398 2538 4456 contrarium
2572 4402 2662 4454 est
2699 4391 3250 4453 ἆποκαϐαλλικεύειν.
3287 4399 3392 4456 Leo
3412 4400 3712 4455 Gramma-

2049 4489 2248 4544 ticus:
2310 4485 2412 4543 Καὶ
2472 4478 3024 4547 ἀποκαϐαλλικεύσας
3056 4485 3084 4540 ὁ
3155 4490 3410 4563 Κροῦμος
3453 4484 3709 4556 έκάθησεν

285 4550 571 4606 Codinum
604 4550 664 4606 in
698 4551 1036 4624 Originibus
1069 4551 1386 4622 Cpolitanis
1413 4551 1502 4607 bis
1525 4547 1841 4623 ἐξακιόνιον,
1883 4568 1940 4619 ιιι

2060 4575 2140 4632 ἐπὶ
2205 4578 2303 4630 τοῦ
2364 4571 2614 4652 ἐδάφους,
2656 4572 2747 4628 καὶ
2803 4574 2896 4630 τὸν
2951 4573 3125 4630 ’ἰππον
3193 4573 3360 4632 αὐτοῦ
3426 4573 3636 4650 ἐκράτει
3678 4575 3707 4629 ὁ

284 4639 442 4712 apud
487 4640 865 4696 Anastasium
901 4641 1414 4697 Bibliothecarium
1472 4641 1531 4696 in
1573 4639 1818 4697 historia
1847 4657 1939 4697 ec-
1973 4625 2020 4689 D
3156 4625 3605 4723 δξὸὲξιτθξιξξῑςξ

283 4729 663 4787 clesiastica:
714 4729 776 4785 in
824 4731 1136 4787 Exacionio
1190 4731 1417 4804 quidam
1484 4731 1659 4802 falsus
1714 4733 1947 4787 eremita

286 4820 548 4876 Nicotaus
582 4822 828 4889 nomine,
876 4829 928 4876 et
960 4821 1188 4892 quidam
1216 4838 1342 4876 cum
1389 4836 1450 4877 eo
1489 4820 1812 4892 blasphemi,
1846 4828 1944 4876 etc.

359 4905 712 4977 Ἐπενδύτης.
741 4911 801 4966 P.
855 4911 958 4964 159
989 4913 1041 4966 d.
1078 4909 1336 4966 Glossar.
1398 4926 1511 4965 ms.
1546 4910 1613 4966 D.
1647 4910 1948 4966 Cancella-

287 4999 357 5054 rii
390 5003 446 5055 et
476 5000 688 5055 Suidas
740 5016 754 5054 :
802 4995 1134 5069 Ἐπενδότης
1189 4997 1252 5053 τὸ
1313 4996 1578 5052 ἐσώτατον
1639 4998 1887 5072 ἱμάτιον,
1919 4999 1948 5052 ὅ

283 5085 375 5140 καὶ
422 5086 760 5160 ὑποκάμισον
808 5085 1046 5163 λέγεται.
1119 5088 1308 5145 Gloss.
1368 5091 1720 5145 Graeco-Lat.
1766 5090 1952 5145 Ἐπεν-

287 5172 454 5245 δύτης
485 5181 718 5245 instata,
751 5181 1063 5250 superaria.
1097 5179 1342 5246 Quidam
1377 5174 1671 5248 ἒπενδύτην
1728 5185 1948 5235 vestem

291 5265 655 5334 scapularem
687 5269 1150 5341 interpretantur
1180 5269 1336 5340 apud
1387 5275 1658 5325 sanctum
1687 5267 1949 5326 Athana;

289 5353 470 5422 sium,
501 5355 561 5412 in
589 5357 725 5414 Vita
756 5357 815 5418 S.
849 5358 1106 5430 Antonii,
1141 5361 1284 5416 tom.
1319 5357 1392 5426 II,
1427 5374 1484 5431 p.
1519 5358 1645 5415 479.

1100 5501 1141 5558 Ζ

358 5641 626 5718 Ζαγάριον
686 5645 852 5702 canis
909 5633 1232 5703 irenaticus.
1291 5642 1624 5700 Demetrius
1679 5631 1953 5701 Hieraco-

288 5723 485 5804 scphii
511 5749 643 5805 cap.
669 5733 773 5789 186
807 5751 819 5790 :
853 5730 1073 5811 Πάρεχε
1103 5736 1184 5807 τῷ
1221 5731 1464 5809 ,ζαγαρίῳ
1522 5728 1600 5793 εἷς
1657 5731 1719 5786 τὸ
1754 5736 1951 5808 φαγεῖν

284 5817 379 5874 καὶ
419 5828 1006 5894 προθυμοποιηθῆναι.

359 5906 526 5983 Ζάρια
557 5915 792 5969 tesserae
824 5928 955 5984 pag.
988 5913 1292 5972 358.1dem
1323 5911 1557 5970 Nicetes
1579 5911 1636 5967 in
1671 5911 1954 5974 Balduino

2122 4751 2542 4832 Καγκελλάριος
2601 4751 2918 4828 λογοθέτης.
2969 4753 3374 4823 cancellarius,
3431 4758 3708 4826 quaestor.

2052 4845 2198 4902 Vide
2229 4845 2531 4916 Cujacium
2584 4845 2656 4900 ad
2697 4843 2810 4915 leg.
2869 4844 2905 4897 2
2961 4844 3086 4900 cod.
3142 4844 3213 4899 de
3273 4843 3438 4916 petit.
3500 4843 3706 4902 honor.

2055 4933 2268 4991 sublat.
2302 4939 2358 4990 et
2388 4934 2456 4989 ad
2493 4933 2604 5005 leg.
2641 4932 2749 4988 ult.
2784 4933 2854 4988 de
2895 4932 3149 4987 discuss.
3200 4931 3301 4988 lib.
3333 4949 3388 5001 x,
3423 4933 3482 4987 C.
3516 4936 3572 4988 et
3601 4935 3706 4989 Pa-

2055 5028 2163 5080 rat.
2196 5024 2254 5078 in
2286 5023 2390 5078 lib.
2425 5039 2464 5088 ι,
2499 5022 2626 5077 cod.
2660 5021 2750 5078 tit.
2789 5021 2878 5077 30.
2911 5021 3018 5085 Qui
3061 5021 3228 5093 regite
3261 5020 3555 5093 majestati
3588 5037 3711 5092 pro-

2054 5113 2250 5170 ximus
2284 5113 2464 5182 sedet,
2505 5111 2802 5167 secundus
2845 5114 2978 5182 post
3009 5126 3227 5182 regem,
3262 5115 3323 5166 ut
3362 5111 3438 5166 ait
3495 5115 3705 5167 Petrus

2056 5201 2334 5258 Cellensis
2353 5201 2423 5256 de
2453 5198 2797 5254 cancellario
2829 5197 2896 5255 R.
2932 5199 3158 5271 Anglia
3186 5201 3358 5271 epist.
3379 5199 3487 5256 ult.
3521 5199 3626 5269 lib,
3649 5217 3668 5255 ι
3692 5214 3707 5254 :

2059 5293 2194 5362 Qum
2223 5291 2396 5360 enim,
2432 5288 2642 5360 inquit,
2675 5288 3229 5360 proportionalitatis
3278 5289 3546 5346 habitudo
3572 5290 3714 5345 inter

2057 5381 2320 5439 abbatem
2369 5379 2666 5435 Cellensem
2711 5386 2764 5434 et
2791 5378 3188 5435 cancellarium
3245 5379 3390 5450 regis
3445 5379 3662 5449 Anglia
3690 5380 3715 5432 .9

2056 5474 2206 5529 Pene
2232 5486 2345 5528 non
2396 5477 2474 5525 est
2505 5467 2868 5539 comparatio,
2899 5467 2997 5526 ubi
3025 5483 3137 5525 non
3165 5471 3250 5525 est
3276 5468 3714 5526 existimationis

2058 5561 2361 5634 adoptatio.
2393 5558 2706 5615 Secundum
2759 5565 2878 5631 post
2936 5575 3124 5629 regem
3153 5559 3214 5614 in
3258 5565 3498 5630 quatuor
3526 5559 3717 5628 regnis

2058 5649 2178 5722 quis
2213 5652 2265 5706 te
2312 5648 2533 5721 ignorat
2573 5648 2602 5702 ‘t
2632 5646 2813 5702 Erant
2843 5650 2901 5703 et
2949 5646 3285 5704 cancellarii
3316 5645 3715 5713 ecclesiastici,

2059 5739 2236 5797 Sexta
2266 5738 2528 5812 synodus
2567 5736 2676 5793 ΟΡ.
2717 5738 2830 5794 act.
2863 5737 2895 5790 8
2930 5753 2944 5793 :
3006 5733 3283 5812 Στέφανος
3329 5731 3579 5796 διάκονος
3627 5728 3718 5786 καὶ

2059 5825 2487 5904 καγκελλάριος.
2545 5824 2817 5882 Meminit
2869 5825 3211 5897 Sigebertus
3279 5820 3720 5882 Gemblacensis

2060 5919 2310 5978 Joannis
2343 5919 2617 5977 Romanis
2647 5913 2916 5972 Ecclesiae
2947 5914 3304 5980 canaellarii,
3331 5914 3432 5986 qui
3455 5907 3722 5968 Paschali
