4074 6420
390 359 539 424 1071

1710 362 2032 425 NICETJE
2072 363 2498 428 CHONIATxE

3650 365 3825 426 1072

370 512 536 568 papa)
567 496 885 564 successit;
909 512 1087 569 quem
1120 496 1389 553 omnium
1421 495 2031 564 scribarum,notario-
2058 501 2106 566 Α
2154 495 2207 554 b.
2240 502 2374 570 etp.
2407 500 2514 556 ult.
2543 499 2601 557 d.
2631 499 2767 556 edit.
2831 498 3000 555 Rom.
3056 497 3358 554 Bessarion
3390 496 3715 554 cardinalis
3740 500 3827 556 ad.

367 602 503 641 rum
534 590 593 641 et
630 584 1069 642 scriniariorum
1104 586 1425 657 principem
1459 583 1699 656 quidam
1743 585 2029 655 interpre-

368 680 594 732 tantur.
627 675 1067 731 Onomasticum
1099 680 1265 731 vetus
1301 692 1315 731 :
1348 674 1682 730 cancellarii
1713 672 2029 749 ἀρχιγραμ-

372 769 584 838 ματεῑς.
649 764 911 821 Meminit
949 773 1004 820 et
1056 765 1307 821 civitatis
1357 763 1689 821 cancellani
1719 764 2026 820 concilium

366 854 761 912 Florentinum
795 869 936 911 sees.
970 855 1079 910 21:
1140 848 1445 927 Λεονάρδος
1505 852 1780 927 ’Δρετῖνος
1825 850 2027 921 ταύτης

366 948 470 1010 τῆς
500 941 719 1004 πόλεως
751 938 1179 1018 καγκελλάριος.

441 1029 797 1103 Καλαμάριον
837 1032 1233 1101 calamarium,
1295 1032 1793 1088 atramentarium.
1826 1034 1891 1085 P.
1922 1029 2029 1085 382

369 1136 403 1180 ο
462 1121 514 1175 οἱ
574 1118 633 1174 δὲ
684 1118 923 1198 γραφέας
990 1117 1243 1183 δόνακας.
1303 1121 1493 1179 Codex
1549 1121 1640 1177 ΘΒ
1686 1117 2025 1193 καλαμάρια.

368 1210 516 1269 Vide
549 1213 884 1269 Meursium.

440 1298 855 1377 Καλαφατίζειν.
915 1305 979 1357 Ρ.
1062 1302 1167 1356 349
1227 1318 1261 1357 a
1318 1298 1686 1370 ἐπισκευάζειν
1773 1298 1842 1354 τὰ
1912 1302 2024 1353 τῶν

366 1385 667 1468 σκαφιδίων
702 1389 997 1463 ὑπόσαθρα.
1042 1391 1229 1447 Codex
1286 1391 1377 1446 GB
1432 1386 1840 1466 καλαφατίζειν.
1880 1390 2027 1445 Pro-

362 1481 641 1539 vinciales
689 1481 990 1552 galafalar
1044 1481 1270 1548 dicunt,
1329 1481 1742 1538 commissuras
1787 1479 2023 1536 navium

362 1570 613 1626 rimasve
643 1568 917 1626 solidare.
947 1569 1085 1625 Vide
1113 1569 1448 1626 Meursium.

432 1653 767 1733 Καλόγηρος
801 1655 1075 1728 μονάζων,
1136 1658 1458 1715 monachus
1500 1675 1556 1728 p.
1616 1658 1723 1712 328
1754 1656 1810 1712 d.
1840 1656 2019 1713 Joan-

366 1763 472 1804 nes
496 1746 762 1802 Moschus
792 1746 1107 1802 Limonarii
1150 1763 1276 1818 cap.
1311 1749 1378 1800 27
1410 1764 1425 1802 :
1456 1743 1809 1820 Καλλόγηρε,
1849 1741 1940 1799 διὰ
1964 1744 2020 1799 τί

359 1832 536 1896 οὕτως
567 1837 794 1932 ποιεῖς)
826 1833 1121 1890 Palladius
1153 1835 1438 1891 Lausiacas
1470 1851 1596 1906 cap.
1631 1836 1733 1890 103
1767 1851 1781 1890 :
1814 1831 2019 1908 Δακρό-
2048 1866 2097 1932 Β

362 1943 457 1985 σας
490 1922 582 1977 οὖν
620 1920 960 1996 καλόγηρος.
994 1923 1142 1979 Vide
1181 1923 1465 1980 Iudicem.

435 2008 778 2084 Καμαλαύκα
820 2009 941 2082 ἐρὲα
1005 2016 1108 2080 τῆς
1174 2010 1441 2089 κεφαλῆς,
1503 2029 1558 2085 p.
1618 2013 1726 2068 303
1782 2014 1840 2068 d.
1881 2013 2021 2070 Vide

358 2101 613 2160 Glossar.
640 2101 712 2157 ad
744 2101 1089 2160 Cedrenum.

436 2188 667 2264 Καμᾶρα
696 2188 849 2263 ἁψίς,
882 2191 1094 2259 fornix,
1151 2208 1209 2261 p.
1267 2191 1369 2247 361
1423 2207 1458 2247 a
1517 2191 1651 2248 Vide
1688 2191 1874 2248 Gloss.
1913 2191 2016 2247 LL.

361 2280 741 2352 Antiquarum
774 2279 836 2335 in
866 2280 1133 2335 Camars.

435 2369 678 2442 Καμὲρα.
714 2368 973 2442 Καμὲρας
1014 2366 1307 2445 κούφωμα,
1349 2387 1406 2440 ρ.
1435 2371 1508 2425 70
1550 2370 1605 2426 1).
1665 2369 1728 2425 in
1786 2371 2019 2441 puriore

361 2459 560 2515 Graeco
594 2457 898 2530 ὑπόνομος,
947 2458 1163 2516 cloaca.

432 2544 809 2620 Καμπανίζειν
841 2544 1211 2617 ταλαντεύειν,
1253 2548 1593 2619 ponderare,
1626 2565 1683 2619 p.
1714 2547 1820 2602 344
1849 2550 1906 2603 (1.

434 2634 667 2708 Κάμπος
698 2653 957 2708 campus,
992 2654 1049 2708 p.
1080 2638 1146 2693 31
1178 2655 1231 2693 a.
1262 2638 1422 2694 Idem
1478 2655 1535 2708 p.
1564 2638 1628 2691 51
1701 2634 1777 2697 εἷς
1814 2656 2019 2710 τραπε-

361 2722 533 2794 ζῶόες
575 2724 806 2800 χωρίον.
847 2726 1037 2782 Codex
1078 2727 1172 2782 (ΞΒ
1199 2722 1446 2798 κάμπον.
1487 2727 1624 2783 Item
1680 2744 1733 2795 p.
1773 2728 1894 2793 101,
1928 2724 2015 2780 ἐπὶ

359 2811 577 2870 πεδίου.
647 2816 807 2871 Idem
865 2816 1044 2872 codex
1106 2815 1353 2887 κάμπου.
1393 2816 1616 2872 Auctor
1671 2815 1762 2872 GB
1814 2813 1944 2877 ὅλος
1987 2816 2016 2870 ὁ

358 2903 581 2976 κάμπος
640 2896 833 2980 ἔγεμεν
871 2900 1087 2977 ἂρματα
1152 2903 1243 2957 καὶ
1310 2900 1553 2976 δοξάρια.
1595 2903 1827 2978 Δοξάρια
1880 2910 2017 2961 sunt

359 3010 546 3051 arcus.
581 2994 722 3050 Vide
752 2994 1104 3050 Glossarium
1136 2994 1207 3049 ad
1238 2995 1585 3050 Cedrenum.
1974 2994 1977 2997 ’

432 3080 760 3138 Κανικλειου
833 3082 970 3153 τιμή
1032 3082 1273 3139 caniclei
1350 3082 1706 3154 praafectura,
1785 3100 2015 3139 summa

2150 586 2529 660 paedagogum
2570 587 2823 644 ﬁliorum
2858 589 3093 643 Thomas
3125 584 3434 658 Palaeologi
3480 603 3494 640 :
3536 584 3625 642 Νὰ
3660 583 3826 641 ἰδοῦν

2144 670 2499 747 καρδινάλην.
2550 678 2817 735 Occurrit
2872 692 3026 748 saepe
3082 676 3142 731 in
3182 676 3427 731 concilio
3468 675 3825 735 Florentino

2144 768 2201 819 et
2230 764 2475 822 Laonico
2519 764 2922 838 Chalcondyle.
2963 766 3108 820 Vide
3138 764 3210 819 de
3247 763 3341 820 his
3380 765 3699 821 Meursium
3754 774 3822 824 et

2143 850 2419 909 Vossium
2453 870 2759 926 nunquam
2793 857 2921 912 sine
2972 854 3144 910 laude
3198 853 3515 909 dicendum
3546 858 3618 910 de
3648 854 3816 913 vitiis

2141 945 2453 1001 sermonis.

2211 1029 2409 1093 Κάσσις
2450 1034 2654 1090 cassis.
2688 1033 3103 1089 Constantinus
3134 1032 3192 1089 in
3231 1032 3484 1088 Tacticis
3517 1049 3532 1088 :
3590 1032 3806 1107 Ἐχέτω

2139 1115 2197 1173 δὲ
2235 1119 2264 1173 ὁ
2294 1120 2456 1189 πεζὸν
2494 1122 2585 1175 καὶ
2624 1117 2902 1179 κασσίδαν.
2935 1122 3006 1176 Ει
3050 1123 3119 1177 de
3175 1121 3644 1177 administrando
3683 1126 3796 1178 im-

2138 1211 2343 1280 peric:
2403 1209 2708 1285 Διηνοίχθη
2772 1211 2965 1284 μικρὸν
3016 1208 3080 1264 τὸ
3141 1213 3239 1264 τοῦ
3294 1207 3569 1264 κασσιδίου
3624 1211 3787 1266 αὐτοῦ

2135 1296 2393 1353 πέταλον.
2426 1299 2807 1370 TheOphanes
2837 1302 2895 1355 in
2955 1298 3219 1356 Heraclio
3254 1315 3267 1353 :
3298 1295 3541 1355 Ἔλαϐον
3573 1300 3637 1353 τὰ
3661 1299 3796 1354 λου-

2138 1385 2283 1460 ρίκια
2336 1387 2515 1442 αὐτῶν
2571 1387 2663 1443 καὶ
2720 1388 2816 1449 τὰς
2867 1383 3121 1450 κασσίδας
3189 1387 3280 1443 καὶ
3335 1387 3514 1443 πάντα
3565 1388 3633 1444 τὰ
3698 1387 3801 1463 ἄρ-

2137 1494 2299 1547 ματα.

2204 1561 2542 1619 Καστέλλιον
2619 1566 2943 1623 castellum.
3013 1565 3406 1638 Theophanes
3467 1583 3481 1622 :
3545 1567 3641 1622 Ἐκ
3696 1571 3803 1620 τοῦ

2130 1650 2459 1708 καστελλίου
2507 1651 2802 1724 ἀπέλυσαν,
2860 1656 3000 1711 item
3068 1652 3146 1716 εἷς
3203 1653 3265 1708 τὸ
3326 1653 3643 1729 Παπουρίου
3707 1675 3803 1710 και

2130 1739 2376 1799 στέλλιν.
2412 1743 2553 1800 Vide
2583 1744 2950 1801 Glossarium
2980 1745 3052 1800 ad
3085 1744 3442 1816 Cedrenum)

2205 1832 2423 1906 Κάστρα
2478 1829 2694 1893 πόλεις’
2747 1835 2928 1891 codex
2979 1834 3072 1890 GB
3125 1832 3352 1906 κάστρα.
3416 1832 3640 1890 ϐιοεεω
3706 1837 3809 1891 isi-

2132 1922 2558 1995 dorizBurgos
2617 1930 2830 1980 castra.
2884 1922 3049 1978 Alias
3108 1921 3341 1997 κάπρον
3404 1923 3643 1993 ponitur
3694 1941 3806 1995 pro

2127 2009 2368 2067 castello
2396 2027 2498 2067 seu
2531 2011 2655 2068 loco
2688 2013 2876 2068 muris
2935 2011 3187 2068 munito.
3222 2015 3387 2067 Anna
3441 2012 3651 2067 Comn.
3687 2013 3800 2069 lib.

2124 2115 2222 2155 vm
2256 2119 2271 2157 :
2303 2097 2453 2155 Ei'cco
2490 2103 2591 2154 τοῦ
2616 2098 2853 2175 κάπρου
2884 2106 2941 2158 et
2969 2097 3165 2169 ἐξῆλθε
3218 2103 3317 2154 τοῦ
3347 2098 3607 2174 κάστρου.
3640 2103 3803 2160 Hinc

2123 2187 2554 2265 ἐρωτόιιαστρον.
2613 2195 2829 2248 Auctor
2914 2192 3004 2247 (ΞΒ
3060 2189 3155 2251 τὰς
3211 2187 3798 2267 πικρογλυκοχάριτα,

2122 2284 2220 2337 τοῦ
2249 2279 2660 2357 ὲρωτοκάστρου
2699 2282 2923 2338 τούτου.
2982 2284 3088 2339 Vel
3148 2301 3251 2356 pro
3308 2284 3520 2341 castris
3554 2285 3796 2352 ;Theo-

2124 2374 2346 2444 phanes
2377 2370 2430 2425 ἒν
2458 2377 2574 2433 τοῖς
2611 2371 2865 2447 κάστροις
2896 2372 3051 2445 ὑμῶν
3082 2370 3401 2445 εὑρίσκομεν
3431 2370 3653 2434 αὐτούς.

2194 2458 2577 2516 Καταλλάκται
2642 2455 3029 2516 κολλυϐισταί.
3092 2462 3285 2518 Codex
3344 2462 3436 2517 GB
3503 2459 3796 2517 γαταλλα-

2120 2552 2265 2608 κταί.
2308 2552 2671 2609 Glossarium
2705 2570 2816 2609 ms.
2871 2546 3281 2627 ἀργυραμοιϐὸς
3341 2551 3370 2604 ὁ
3399 2549 3800 2622 καταλλάκτης

2120 2639 2158 2711 ἤ
2196 2640 2287 2695 καὶ
2316 2639 2345 2693 ὁ
2377 2638 2715 2715 χρυσοχόος.
2748 2643 2796 2696 Α
2825 2636 3213 2708 καταλλάττω,
3242 2640 3405 2712 quod
3435 2648 3524 2697 est
3556 2658 3797 2713 permu~

2125 2734 2209 2801 to,
2239 2730 2575 2799 changeurs.

2192 2818 2468 2896 Κάτεργον
2516 2818 2769 2876 triremis
2828 2836 2883 2891 p.
2945 2820 3014 2874 38
3054 2834 3105 2874 c.
3159 2817 3315 2874 idem
3358 2835 3414 2891 p.
3478 2818 3547 2874 49
3605 2836 3641 2875 a
3697 2815 3794 2874 διὰ

2118 2911 2571 2983 ταχυναυτουσῶν
2601 2912 2769 2977 νηῶν.
2805 2908 2995 2965 Codex
3038 2907 3130 2964 GB
3176 2905 3481 2983 κατέργων.
3514 2908 3581 2963 ν.
3614 2925 3791 2965 eum-

2120 2997 2249 3054 dem
2284 3015 2340 3069 p.
2374 2999 2479 3053 230
2508 2999 2567 3066 b,
2610 3003 2668 3055 et
2696 2998 2955 3054 Iudicem
3007 2997 3069 3053 in
3128 2994 3307 3070 γόργα
3363 2996 3618 3072 κάτεργα.
3664 3002 3785 3052 Au-

2120 3092 2245 3142 ctor
2273 3085 2367 3142 GB
2398 3084 2634 3159 κάτεργα
2687 3083 2796 3140 ἀπὸ
2859 3084 2960 3154 τήν
3005 3082 3256 3141 Βενετιαν
3287 3084 3388 3153 τήν
3417 3083 3779 3158 πολυχρυσοο

363 3173 639 3243 dignitas.
690 3169 1029 3228 Κανικλείων
1059 3173 1143 3228 vel
1176 3171 1204 3226 ὁ
1236 3169 1324 3225 ἐπὶ
1353 3169 1691 3239 κανικλείου,
1723 3189 1851 3243 pag.
1883 3174 2000 3241 176=

2130 3174 2311 3248 μὲνην.

359 3262 603 3319 caniclei
635 3261 957 3332 praefectus.
1000 3262 1114 3316 Leo
1152 3261 1608 3318 Grammaticus:
1642 3260 2012 3318 Δουλεύσαντα

360 3350 630 3423 πρότερον
672 3344 945 3421 Βασιλείῳ
979 3349 1263 3425 μαγίστρῳ
1292 3349 1379 3406 καὶ
1439 3346 1756 3424 κανικλείῳ.
1799 3353 1957 3409 Idem
1993 3368 2007 3407 :

346 3437 579 3511 Συμεὼν
621 3438 649 3492 ὁ
712 3435 802 3492 ἐπὶ
861 3441 959 3492 τοῦ
1016 3434 1352 3495 κανικλείου.
1395 3440 1540 3498 Vide
1578 3441 1768 3498 Gloss.
1800 3442 1869 3497 ad
1903 3442 2009 3496 Ce-

349 3530 598 3585 drenum
632 3532 690 3584 et
720 3532 888 3584 notas
928 3529 1299 3599 posteriores.

421 3615 741 3691 Κανίσγειον
773 3634 876 3689 pro
924 3615 1224 3691 κανίσκιον,
1275 3618 1556 3690 sportula,
1599 3620 2002 3689 honorarium,

349 3707 572 3763 donum
607 3724 665 3778 p.
699 3706 801 3762 331
872 3723 923 3763 c.
977 3710 1190 3764 Auctor
1244 3707 1338 3763 GB
1395 3709 1452 3763 in
1505 3709 1650 3779 Hist,
1686 3715 1898 3765 narrat.
1930 3711 2001 3767 de

340 3796 664 3853 Belisario:
713 3792 1001 3850 Ἔστειλαν
1069 3794 1314 3851 κανίσκια
1368 3795 1459 3850 καὶ
1492 3794 1661 3871 δῶρα.
1724 3799 1865 3855 Item
1896 3798 1994 3852 πό-

340 3904 437 3938 σον
474 3884 715 3939 κανίσκιν
749 3880 943 3960 ἔφερον
974 3883 1152 3939 αὐτοί.
1184 3885 1253 3943 ν.
1287 3886 1452 3943 Joan.
1513 3887 1734 3943 Mosch.
1769 3888 1999 3945 Limon-

335 3992 387 4031 c.
424 3976 547 4047 160,
580 3977 793 4033 Meurs.
821 3977 892 4031 ad
925 3977 1121 4032 Const.
1161 3977 1236 4032 De
1267 3978 1485 4032 admin.
1548 3978 1685 4047 imp.
1742 3993 1869 4048 cap.
1903 3979 1989 4032 46.

406 4064 729 4121 Καππάσιον
760 4062 942 4120 πῖλον.
976 4065 1037 4121 Ρ.
1071 4067 1141 4121 86
1175 4065 1227 4122 b.
1275 4066 1464 4121 Codex
1519 4066 1612 4121 GB
1658 4067 1989 4124 καππάσιον.

331 4153 397 4210 In
440 4155 636 4210 Indice
696 4154 867 4210 etiam
928 4155 1084 4224 legas
1142 4153 1508 4221 καππούζιον,
1548 4151 1736 4209 πῖλον.
1779 4160 1991 4211 Auctor

323 4243 415 4298 GB
475 4241 571 4297 καὶ
666 4240 835 4319 φόρυν
902 4239 1373 4316 παλαιυγοῦνελον
1469 4241 1575 4296 ἀπὸ
1644 4240 1830 4298 πολλὰ
1894 4264 1986 4299 κα-

324 4331 582 4401 πούτζια.

400 4415 680 4496 Καράϐιον
725 4423 941 4494 navigii
1000 4438 1185 4491 genus
1240 4439 1296 4495 p.
1360 4422 1428 4477 15
1483 4423 1538 4477 d.
1621 4423 1876 4480 isidorus
1926 4426 1983 4482 in

326 4510 551 4568 Glossis
593 4528 607 4568 :
641 4511 891 4568 Carabus
924 4528 1098 4582 parva
1123 4511 1345 4583 scapha
1369 4528 1438 4568 ex
1467 4512 1679 4569 vimine
1701 4517 1759 4569 et
1805 4516 1979 4571 corio.

2193 3263 2797 3338 Κατηχουμενεῖαιοοει
2844 3263 2905 3319 in
2962 3263 3179 3335 quibus
3210 3263 3440 3321 stabant
3486 3261 3762 3317 catechu-

2120 3356 2275 3411 meni
2308 3374 2362 3427 p.
2394 3355 2500 3409 294
2532 3371 2581 3411 c.
2623 3353 2859 3409 Collatia
2916 3357 2977 3411 Β.
3031 3354 3267 3410 Maximi
3328 3352 3592 3425 martyris
3620 3367 3761 3407 cum

2115 3444 2438 3501 Theodosio
2470 3445 2660 3517 Episc.
2692 3445 2902 3500 Caesar.
2931 3445 3084 3501 inter
3137 3444 3500 3500 Collectanea
3530 3444 3774 3497 Anasta-

2114 3534 2185 3591 sii
2218 3551 2232 3590 :
2266 3536 2572 3591 Aseendunt
2624 3534 2693 3590 ad
2724 3551 2848 3589 eum
2903 3536 2964 3588 in
3018 3533 3495 3590 catechumenium
3526 3533 3774 3588 ecclesia?

2112 3626 2288 3695 ipsius
2315 3623 3027 3680 monasterii.Anastasius
3050 3622 3399 3680 Bibliothec.
3421 3624 3480 3678 in
3513 3622 3781 3679 Historia

2108 3713 2554 3769 ecclesiastica:
2617 3713 2678 3767 Et
2732 3712 3166 3768 ascendentibus
3219 3729 3322 3783 per
3379 3727 3548 3770 senem
3592 3716 3784 3783 portae

2104 3817 2391 3857 ascensum
2422 3801 2482 3855 in
2512 3798 2921 3856 catechumenia
2949 3800 3213 3857 ecclesiae.
3252 3798 3356 3855 Alii
3420 3799 3640 3855 habent
3671 3816 3781 3857 ca-

2103 3890 2448 3946 techumena.
2480 3890 2712 3944 Simeon
2756 3889 3305 3945 Thessalonicensis
3336 3890 3618 3945 adversus
3653 3889 3779 3945 has-

2103 3995 2261 4035 reses
2292 3981 2441 4050 apud
2506 3978 2748 4034 Leonem
2801 3977 3076 4033 Allatium
3109 3979 3180 4033 de
3237 3977 3521 4033 Narthece
3551 3981 3781 4038 veteris

2101 4066 2366 4122 Ecclesiae
2403 4066 2553 4139 p.91
2617 4066 2757 4122 edit.
2817 4066 3001 4122 Paris.
3063 4064 3343 4139 Νάρθηκες
3395 4062 3454 4120 δὲ
3513 4061 3776 4140 λέγονται

2094 4154 2354 4224 ἤτοιτῶν
2394 4157 2529 4209 νεῶν
2586 4154 2756 4228 ἀρχαὶ
2813 4154 2904 4209 καὶ
2960 4159 3431 4230 κατηχουμενεῖα,
3464 4154 3590 4225 ἢτοι
3649 4160 3772 4211 τῶν

2094 4241 2535 4320 κατηχουμένων
2577 4245 2605 4299 ὁ
2640 4243 2813 4307 οἶκος.
2847 4246 2938 4301 Sic
2970 4247 3146 4301 etiam
3180 4244 3461 4302 scribitur
3493 4246 3551 4301 in
3579 4246 3776 4301 Chro-

2094 4335 2420 4408 nographia
2466 4335 2674 4392 Leonis
2712 4334 3108 4391 Grammatici.
3146 4335 3211 4390 V.
3255 4334 3494 4391 Meursii
3523 4334 3774 4392 Glossa-

2094 4424 2249 4480 rium
2287 4424 2401 4480 GB.

2166 4424 2437 4568 ἰζῗτὲἒῗαι
2470 4513 2911 4586 impedimenta,
2964 4512 3211 4570 sarcinas
3251 4530 3308 4583 p.
3338 4512 3447 4568 253
3478 4514 3535 4570 d.
3597 4513 3773 4572 Idem

323 4603 469 4659 Aliae
501 4602 720 4659 Glossa:
755 4618 770 4659 :
804 4602 1060 4659 Carabus
1091 4601 1378 4658 navicula.
1412 4607 1629 4659 Auctor
1659 4605 1749 4661 ΟΒ
1779 4605 1986 4660 τεκτώ-

2130 4619 2230 4674 Iug.
2279 4602 2387 4656 253
2443 4601 2596 4657 circa.
2662 4601 2861 4671 ﬁnem,
2915 4599 3017 4669 τὴν
3082 4596 3139 4654 δὲ
3194 4598 3506 4669 ἀποσκευὴν
3563 4604 3770 4662 πᾶσαν,

321 4711 489 4760 νησαν
519 4690 706 4745 ἑκατὸν
734 4684 971 4766 καράϐια
1002 4688 1093 4744 καὶ
1154 4691 1430 4764 τριήρεις,
1472 4692 1611 4747 item
1656 4692 1756 4762 τήν
1820 4693 1981 4768 ὑγρὰν

323 4769 615 4856 ἐῖπλήρωσε
653 4782 887 4855 κάτεργα
924 4780 1012 4835 καὶ
1071 4774 1328 4853 καράϐια.
1393 4781 1610 4838 (Ηοεεειθ
1655 4783 1748 4839 GB
1803 4783 1981 4840 Joan-

321 4873 414 4927 nis
464 4871 652 4929 Vossii
707 4873 814 4927 viri
874 4870 1299 4927 eruditissimi:
1360 4869 1781 4945 Ἀνερμάτιστο,
1830 4876 1978 4940 ναῦς,

313 4956 546 5031 καράϐιν
590 4955 1000 5035 ἀσαϐούρωτον.
1059 4960 1170 5015 Leo
1209 4960 1633 5015 Graminaticus
1666 4977 1680 5015 :
1712 4957 1977 5032 Ἐξῆλθον

310 5051 416 5101 τοῦ
473 5043 762 5122 καραϐἰου.
805 5051 952 5106 Hinc
1011 5042 1377 5121 καραϐοποιΐα
1434 5048 1644 5104 Leonis
1702 5049 1862 5106 Tact.
1924 5068 1973 5108 c.

311 5137 403 5206 20,
445 5138 594 5209 δτι,
627 5142 685 5195 et
712 5131 1146 5213 πρωτοκάραϐος
1190 5137 1601 5193 navicularius.
1652 5140 1721 5193 V.
1780 5142 1972 5201 eumd.

312 5225 489 5282 Leon.
523 5241 575 5283 ο.
608 5226 695 5295 19,
726 5228 755 5294 §
782 5227 837 5281 8.
870 5228 1202 5295 Constant.,
1234 5225 1315 5281 De
1346 5225 1500 5280 adrn.
1552 5224 1690 5297 imp.
1711 5213 1848 5300 cap.
1879 5230 1970 5286 51.

383 5311 750 5390 Καρδινάριος
792 5316 880 5372 vel
912 5313 1234 5390 καρδινάλις
1292 5316 1608 5374 cardinalis
1648 5334 1705 5390 p.
1738 5321 1865 5388 401,
1919 5341 1967 5381 c.

308 5406 565 5464 Joannes
596 5406 724 5463 VIII
768 5407 838 5461 ad
891 5406 1065 5462 Basil.
1116 5406 1311 5462 Const.
1365 5410 1421 5462 et
1479 5406 1641 5464 Alex.
1699 5412 1866 5482 epist.
1905 5414 1971 5471 Ut

300 5507 426 5568 post
454 5496 617 5564 huius
644 5496 985 5568 patriarchae
1008 5497 1215 5551 obitum
1246 5494 1442 5550 nullus
1458 5495 1525 5550 de
1558 5495 1725 5555 laici:
1753 5500 1847 5557 vel
1870 5520 1967 5559 cu-

2095 4689 2285 4746 Codex
2315 4688 2431 4758 GB,
2462 4690 2750 4745 κατοῦναν.
2784 4690 2991 4745 Auctor
3021 4689 3135 4757 (ΞΒ,
3193 4686 3318 4764 ’Δφ’
3347 4685 3478 4742 ὅτου
3510 4683 3566 4741 ’δὲ
3612 4685 3768 4762 ἐγεύ-

2093 4780 2260 4850 θησαν
2293 4777 2384 4833 καὶ
2414 4781 2604 4851 πεῖραν
2631 4776 2693 4830 τὸ
2723 4775 2991 4850 τραπέζῃ,
3033 4771 3282 4850 ἐμϐαίνει
3334 4776 3437 4845 τήν
3487 4777 3759 4830 κατοῦνάν

2088 4890 2172 4932 τις
2202 4874 2301 4937 τῆς
2334 4863 2686 4944 φεδροκάζας.
2718 4866 2865 4923 Vide
2895 4867 3175 4922 Iudicem.

2161 4955 2612 5013 Κατουνοτόπιον
2666 4955 2861 5025 σκηνή,
2910 4956 3250 5025 tentorium,
3300 4953 3743 5011 tabernaculum

2088 5066 2143 5120 p.
2175 5050 2284 5103 240
2316 5050 2373 5105 b.
2408 5051 2550 5107 Vide
2591 5046 2932 5105 Meursium.

2159 5135 2444 5193 Καύκαλον
2478 5138 2885 5195 simulacrum.
2919 5151 2976 5206 p.
3027 5134 3099 5190 95
3154 5133 3190 5189 d
3249 5130 3499 5207 χελώνης
3549 5125 3734 5198 μίμη-

2087 5243 2182 5300 μα·
2217 5229 2394 5284 codex
2453 5228 2544 5284 GB
2599 5221 2899 5282 καύκαλον.
2960 5223 3100 5280 Vide
3139 5227 3334 5279 tamen
3388 5215 3745 5276 Salmasium

2082 5315 2245 5373 Notis
2276 5317 2336 5371 in
2374 5317 2744 5390 Spartianum
2776 5333 2831 5386 p.
2862 5313 2965 5370 152
2994 5311 3188 5371 collat.
3220 5315 3277 5369 2.

2151 5415 2391 5487 Καῦχος.
2420 5416 2484 5472 Ρ.
2537 5416 2639 5470 313
2675 5416 2711 5470 d
2752 5411 2985 5487 ἐραστὴς
3027 5406 3219 5479 αὒτῆς.
3253 5410 3444 5467 Codex
3474 5406 3570 5465 GD
3610 5408 3761 5461 καῦ-

2077 5522 2182 5582 χος
2210 5501 2302 5558 καὶ
2333 5501 2527 5580 φύλος.
2563 5505 2901 5578 Legendum
2933 5502 3172 5557 videtur
3200 5502 3404 5559 καῢκος
3431 5493 3523 5552 καὶ
3553 5493 3761 5570 φίλος,

303 5585 542 5642 rialz'bus
597 5587 657 5640 in
710 5584 1120 5656 patriarchatus
1178 5585 1418 5655 eiz'gatur
1468 5586 1553 5641 vel
1618 5597 1968 5648 consecretur
2080 5600 2143 5651 ut
2171 5596 2371 5655 καῦκος
2404 5593 2480 5651 sit
2507 5594 2755 5661 amicus,
2803 5593 2956 5648 sicut
3012 5592 3186 5643 καῦκα
3217 5588 3432 5656 amica,
3464 5584 3765 5642 concubi-

297 5674 529 5741 honore,
561 5675 679 5730 nisi
704 5673 771 5730 de
799 5673 1181 5729 cardinalz'bus
1201 5674 1550 5743 presbyteris,
1582 5683 1689 5731 etc.
1724 5678 1962 5737 Photius

2130 5702 2168 5741 ι.
2203 5684 2697 5757 Astrampsychus
2756 5681 2811 5737 ἐν
2840 5685 2922 5753 τῷ
2974 5684 3338 5757 Πυθαγορικῷ
3369 5677 3760 5754 λαζευτηρίῳο

293 5762 613 5833 patriarcha
648 5763 728 5819 ita
772 5760 968 5819 Graece
1026 5763 1332 5829 convertit,
1381 5759 1445 5814 ἐκ
1497 5765 1605 5816 τῶν
1663 5760 1959 5839 πρεσϐυτέ-

2070 5771 2124 5844 ἐξ
2154 5770 2329 5835 αἰτίας
2358 5775 2466 5826 τῶν
2493 5768 2703 5827 παίδων
2733 5770 2826 5827 καὶ
2862 5776 2965 5841 τῆς
2999 5771 3225 5836 καύκας.
3258 5773 3394 5838 Qum
3447 5773 3505 5827 et
3539 5766 3759 5843 μαύκα,

298 5868 408 5929 ρων
454 5855 561 5906 τῶν
618 5846 1013 5927 καρδιναλίων.
1056 5852 1191 5909 Vide
1237 5867 1338 5908 vm
1377 5852 1584 5922 synod.
1627 5853 1730 5913 ΟΡ.
1763 5874 1821 5930 p.
1854 5866 1960 5923 466

2130 5865 2213 5921 ide
2244 5864 2526 5921 Iudicem.
