4074 6454
341 464 496 524 1073
1611 445 1952 510 FABROTI
1995 442 2532 508 GLOSSARIUM.
3612 452 3767 511 {0‘4

412 591 677 652 Κελλίον.
720 594 778 649 Ρ.
835 591 941 648 326
995 608 1028 645 a
1089 587 1157 641 τὰ
1186 583 1274 640 ἒπὶ
1317 589 1416 652 τῆς
1458 580 1742 658 θεραπείας
1784 572 1972 648 λειογὲ-

2183 574 2475 648 Κοντάριον
2525 586 2749 645 contus,
2811 579 2978 636 basta
3031 595 3066 651 p
3147 579 3218 634 23
3276 595 3330 645 ο,
3372 575 3772 654 δεξιοστροφεῖν

340 708 455 742 νεια
516 683 794 759 μειράκια.
838 683 1026 738 Codex
1083 679 1205 745 GB,
1263 674 1339 729 Τὰ
1393 676 1494 728 τοῦ
1547 668 1779 759 κελλίου
1817 666 1968 759 ἀὐτο

2116 659 2360 737 δοράτια.
2429 667 2619 722 Codex
2673 668 2784 736 GB,
2867 667 3148 736 κοντάρια.
3220 667 3578 724 Glossarium
3657 685 3767 727 ms.

339 749 708 830 παιδοποῦλα,
751 774 821 827 Et
875 788 932 842 p.
962 769 1088 833 342,
1150 765 1262 839 Πρὸ
1321 769 1419 832 τῆς
1465 758 1743 829 βασιλείου
1781 754 1994 822 κλίνης.
2113 749 2314 824 δόρατα
2343 753 2410 808 τὰ
2447 755 2726 826 κοντάρια,
2771 754 3063 834 λογχάρια,
3097 757 3235 812 item
3277 756 3457 828 ξυστοὶ
3517 756 3586 810 τὰ
3639 776 3766 810 κον-

342 867 529 923 Codex
559 864 650 919 GB
691 841 915 918 habet:
953 856 1193 913 Κελλίου
1222 857 1320 907 τοῦ
1360 854 1621 912 κοιτῶνος
1645 847 1833 902 αὐτοῦ.
1867 845 1972 900 Mo-

2108 841 2285 916 τάρια.
2331 845 2664 901 Eustathius
2709 847 2776 901 ad
2811 846 3020 917 Odyss.
3052 862 3072 900 1
3103 863 3122 900 :
3179 843 3356 913 Δῆλον
3414 842 3470 899 δὲ
3524 843 3610 900 ὅτι
3674 847 3764 901 τὸν

345 955 661 1025 schopulus
692 951 815 1024 περὶ
845 945 998 1024 σχεδ·
1035 943 1269 1003 Κελλίον
1307 946 1501 1001 κοινῶς
1532 939 1595 994 τὸ
1651 937 1779 1012 παρ’
1831 936 2002 990 Ἀττι-
2109 930 2344 1004 ῥηθέντα
2375 934 2678 1008 Ὁμηρικὸν
2738 933 2928 989 κοντὸν
2988 934 3049 987 τὸ
3107 934 3236 1008 παρ’
3293 935 3432 1006 ἡμῖν
3472 935 3764 1006 κοντάριον

340 1050 458 1104 κοῖς
492 1041 787 1113 δωμάτιον,
831 1042 966 1095 item
1026 1035 1224 1090 κοιτὼν
1265 1032 1730 1106 καταχρηστικῶς
1787 1027 1850 1080 τὸ
1889 1043 1972 1078 κοι

2110 1018 2414 1093 ὑπεκόρισε.
2448 1024 2988 1097 Astrampsychus:
3042 1023 3137 1078 Καὶ
3202 1023 3408 1097 μακρόν
3463 1043 3514 1076 τι
3567 1023 3763 1094 ὅμοιον

337 1139 442 1196 νῶς
475 1109 781 1206 λεγύμενον-
805 1127 1054 1197 κελλίον,
1079 1124 1408 1183 cubiculum
1437 1125 1636 1179 lectus.

2105 1109 2391 1186 κονταρίῳ.
2435 1113 2822 1184 Menologium
2868 1130 3054 1168 mens.
3087 1115 3222 1183 Apr.
3279 1115 3336 1168 d.
3369 1115 3460 1168 23.
3497 1114 3600 1169 Leo
3650 1116 3760 1171 Ta-

408 1202 794 1294 Κεντηνάριον,
857 1216 1273 1274 centenarium.
1341 1211 1722 1282 Theophanes
1780 1224 1793 1261 :
1855 1210 1972 1258 Φασ

2104 1202 2236 1257 ctic.
2279 1219 2403 1274 cap.
2441 1204 2528 1268 12,
2561 1203 3099 1294 §50.‘Constantin.
3142 1202 3203 1258 in
3231 1203 3389 1258 Tact.
3437 1221 3489 1273 p.
3531 1205 3584 1260 6.
3637 1205 3762 1260 Mo-

333 1313 440 1388 γὰρ
473 1288 634 1366 αὐτὸν
655 1288 662 1294 1
685 1309 848 1386 χίλια
885 1308 951 1360 τὰ
1007 1304 1330 1376 κεντηνάρια
1389 1295 1805 1363 δεδαπανηκέναι
1864 1313 1997 1368 χρυ·
2105 1291 2424 1388 schOpulus
2455 1290 2578 1366 περὶ
2612 1288 2778 1388 σχεδῖ
2803 1289 2942 1364 Δόρυ
2979 1291 3042 1346 τὸ
3071 1290 3377 1365 κοντάριον,
3401 1292 3540 1348 item
3573 1291 3760 1367 λόγχη

332 1377 449 1454 σίου
483 1397 534 1453 ἓν
564 1377 745 1468 τούτῷ
776 1399 856 1466 τῷ
889 1393 1096 1465 στόλῳ.
1126 1392 1438 1461 Gregorius
1467 1385 1968 1452 Turonensis,hist

2100 1377 2163 1468 τὸ
2210 1380 2519 1454 κοντάριον.
2589 1381 2938 1438 Scholiastes
2995 1381 3260 1452 Oppiani,
3321 1399 3376 1450 p.
3437 1382 3508 1435 70
3565 1388 3618 1436 et
3671 1383 3761 1437 90.

328 1507 386 1558 v,
415 1506 542 1559 cap.
577 1489 646 1541 19
681 1503 694 1541 :
721 1467 1081 1541 rThesa—urum
1112 1482 1399 1536 habentem
1451 1494 1620 1549 supra
1674 1475 1835 1530 mille
1865 1490 1972 1528 aur

2100 1467 2248 1524 Hinc
2278 1469 2615 1542 κονταράτος
2643 1475 2815 1527 conto
2839 1473 3121 1526 armatus.
3152 1469 3264 1526 Leo
3295 1471 3349 1526 d.
3383 1472 3410 1538 §
3438 1470 3510 1524 50
3539 1473 3596 1525 et
3622 1474 3650 1539 §
3673 1470 3761 1538 41,

333 1583 670 1634 centenaria.
706 1573 1008 1645 Appendix
1043 1589 1056 1626 :
1092 1571 1442 1639 Recipiebant
1498 1569 1614 1620 tria
1670 1564 1992 1619 centenaria
2100 1561 2155 1613 et
2197 1575 2320 1628 cap.
2359 1560 2447 1628 18,
2479 1560 2509 1633 §
2537 1561 2627 1613 27.

328 1668 460 1722 auri
489 1664 655 1720 annis
680 1663 935 1734 singulis.
970 1659 1114 1715 Vide
1148 1658 1359 1715 Isidor.
1387 1672 1504 1721 xv1,
1526 1655 1627 1722 2/4;
1649 1653 1990 1722 Procopium

330 1761 494 1828 Περσ.
538 1759 604 1807 α’.

404 1839 736 1920 Κεφαλάδαι.
772 1843 834 1898 Ρ.
865 1841 972 1895 209
1004 1856 1037 1895 a
1085 1836 1136 1890 oi.
1191 1835 1290 1898 τὰς
1350 1831 1650 1906 δημοσίους
1683 1833 1987 1900 ἀναζωννυ-

2172 1647 2642 1726 Κονταρεξίφαρον
2684 1667 2740 1720 p.
2774 1649 2881 1704 259
2911 1665 2964 1720 α,
2990 1649 3051 1704 in
3083 1649 3280 1706 codice
3324 1649 3417 1705 GB
3449 1648 3762 1720 exponitur

2103 1734 2288 1812 βέλος,
2322 1741 2546 1809 sagitta.

2170 1825 2378 1889 Κόντος
2411 1830 2528 1884 dux
2561 1829 2867 1896 exercitus,
2901 1827 2990 1885 vel
3032 1845 3252 1898 comes,
3310 1834 3501 1895 comta,
3562 1847 3618 1901 p.
3661 1830 3756 1884 198

336 1915 502 2006 μένοι·
541 1931 738 2006 ἀρχάς.
801 1930 991 1985 Codex
1047 1928 1158 1993 GB,
1214 1919 1535 2001 κεφαλάδαι.
1600 1926 1814 1978 Auctor
1871 1922 1964 1977 GB

2099 1920 2155 1976 b.
2181 1919 2546 1990 Nicephorus
2569 1920 2872 2006 Gregoras,
2897 1919 2997 1976 lib.
3031 1936 3109 1975 11:
3142 1916 3354 1973 Κόντου
3386 1915 3755 2006 Κεφαληνίας.

331 2024 431 2079 Καὶ
457 2023 614 2095 πεῖρε
665 2020 756 2074 καὶ
785 2019 917 2079 τοὺς
950 2016 1219 2091 ἄρχοντας
1252 2017 1439 2068 πασῶν
1472 2016 1579 2065 τῶν
1614 2008 1984 2066 καστελλείων

2097 2013 2313 2064 Auctor
2343 2010 2435 2066 GB
2464 2014 2566 2076 τῆς
2595 2004 2762 2074 δύσης
2823 2008 2874 2062 οἱ
2931 2007 3199 2077 αὐθέντες,
3261 2005 3510 2082 ῥηγάδες,
3543 2007 3748 2076 κὸντοι,

329 2090 759 2190 manassias“
810 2106 902 2168 οὕς
962 2090 1108 2180 εῖχεν
1179 2102 1283 2172 ὅλη
1344 2104 1379 2170 ἡ
1417 2099 1763 2175 Ἐγκλιτέρα.
1797 2103 1900 2165 Qui
1935 2108 1988 2157 et
2093 2097 2410 2170 πριγκιποι,
2445 2094 2729 2164 δουκάδες,
2759 2090 3154 2190 καϐαλλάριοι-

332 2202 624 2256 καπετάνοι
656 2200 743 2256 vel
773 2197 1106 2252 καπιτάνιοι.
1149 2201 1364 2249 Auctor
1393 2193 1506 2260 GB,
1568 2193 1622 2246 in
1674 2192 1818 2246 Hist.
1857 2200 1982 2246 nat-

323 2298 432 2348 rat.
482 2292 552 2346 de
613 2289 937 2346 Belisario:
1001 2283 1099 2338 Καὶ
1156 2281 1455 2336 καπετάνον
1512 2281 1730 2350 ποιήσω
1790 2299 1846 2332 σε
1904 2278 1984 2341 ἐφ’

321 2380 460 2449 ’ὀλην
521 2381 620 2448 τὴν
683 2373 953 2450 ἀρμάδαν.
998 2374 1322 2432 Concilium
1382 2369 1776 2427 Florentinum
1836 2387 1983 2425 sese.

2166 2185 2478 2261 Κούκουρον
2571 2183 2829 2262 γορυθὸς,
2919 2188 3110 2245 theca.
3190 2187 3610 2244 Constantinus
3693 2189 3752 2243 in

2090 2282 2245 2334 Tact.
2283 2277 2416 2333 Οἷον
2459 2276 2682 2351 τοξάρια
2733 2275 2868 2349 μετᾶ
2935 2276 3210 2351 θηκαρίων
3275 2277 3470 2348 αὐτῶν,
3504 2275 3752 2350 σαγίττας

2096 2362 2234 2436 μετὰ
2262 2361 2600 2437 κουκούρων.
2637 2365 2780 2421 Vide
2813 2371 2979 2422 notas
3025 2368 3093 2422 ad
3123 2367 3404 2422 Joannem
3443 2367 3750 2423 Cantacuz.

321 2473 393 2525 25
427 2464 731 2526 εἝστειλα
753 2465 853 2539 γὰρ
891 2465 1028 2518 κατά
1066 2463 1158 2516 τὸν
1218 2461 1405 2534 καιρὸν
1459 2457 1782 2513 καπὲτάνιον
1817 2457 1868 2512 ἐν
1914 2461 1983 2531 τῇ
2090 2472 2145 2526 p.
2178 2454 2304 2509 998.

328 2557 540 2628 Βενετίᾳ
600 2555 885 2628 ἑτοιμάσαι
977 2551 1233 2628 κάτεργα.
1288 2551 1602 2622 Capitanei.
1663 2548 1980 2606 Concilium

329 2648 684 2717 Ephesinum
745 2652 855 2701 act.
891 2645 974 2699 7:
1034 2640 1604 2712 Magniﬁcentissimus
1660 2640 1984 2709 capitaneus

327 2738 580 2810 principi
608 2741 658 2792 et
705 2737 847 2792 clero
906 2737 1147 2806 scripsit.
1208 2733 1349 2787 Vide
1378 2731 1562 2788 Gloss.
1595 2731 1666 2786 ad
1697 2731 1861 2786 Cedr.
1921 2731 1981 2784 in

324 2825 614 2880 καπετάνοι
656 2835 708 2881 et
741 2827 996 2882 Iudicem
1030 2824 1089 2878 in
1119 2817 1453 2898 κεφαλάδας.

400 2912 717 2992 Κεφαλάρεα
748 2921 1042 2969 armatura
1071 2912 1279 2984 capitis
1309 2925 1616 2981 equorum.
1657 2910 1722 2966 V.
1766 2910 1976 2966 Meurs.

393 3001 847 3077 Κεφαλατικεύειν
890 3003 1099 3058 ducere
1131 3000 1453 3058 cohortem.
1484 2998 1552 3054 V.
1607 2999 1863 3054 Indicam
1918 2998 1977 3054 in

315 3091 644 3171 κεφαλάδας.

2163 2539 2371 2598 Κούλα.
2405 2546 2470 2600 In
2503 2543 2701 2602 codice
2733 2544 2848 2611 GB,
2880 2548 2942 2600 ut
2973 2545 3148 2602 refert
3165 2545 3416 2603 Wolﬁus
3445 2545 3506 2601 in
3532 2546 3746 2602 variis:

2087 2629 2426 2705 Ἀκρόπολις
2457 2633 2518 2688 in
2545 2633 2780 2705 puriore
2809 2637 3029 2690 Graaco.
3064 2636 3126 2692 V.
3159 2635 3492 2692 Meursium.

2159 2719 2502 2795 Κουμπανία.
2570 2723 2631 2779 Ρ.
2689 2723 2796 2778 293
2849 2723 2884 2780 b
2937 2739 2951 2778 :
3011 2723 3287 2796 Φρατρίαν
3347 2721 3436 2777 καὶ
3493 2722 3747 2793 σύστημα

2087 2810 2470 2884 ποιησάμενοι.
2540 2811 2732 2867 Codex
2817 2812 2934 2879 GB,
3031 2810 3356 2885 Κουμπανία
3422 2811 3520 2884 μία
3599 2809 3744 2886 γινό-

2132 2920 2263 2957 ενοι.

2090 2921 2263 2974 μενοι.

2157 2987 2360 3045 Κουνία
2395 2987 2703 3064 σπάργανα,
2735 2989 3050 3049 cunabula.

2156 3091 2501 3164 Κούντουρος
2562 3107 2768 3162 equus.
2824 3093 2964 3162 Pag.
3051 3091 3143 3159 69,
3204 3088 3356 3148 Μετὰ
3393 3094 3738 3164 κουντούρων

392 3181 808 3260 Κεφαλατίκιον.
869 3181 1038 3237 Joan.
1089 3180 1325 3236 Cantac.
1358 3196 1400 3245 I,
1458 3179 1575 3234 48:
1634 3175 1972 3248 Ἀπεστάλης

2097 3179 2173 3234 ιαὶ
2205 3179 2420 3254 ἀλόγων
2445 3173 2776 3253 Ἀραϐικῶν.
2809 3180 2905 3236 Sic
2937 3181 3076 3253 legit
3107 3180 3417 3237 Meursius.
3444 3181 3746 3251 Fragmen-

315 3272 392 3334 εἷς
431 3273 494 3326 τὸ
529 3269 718 3334 αὐτόθι
759 3266 1166 3347 κεφαλατίκιον.
1201 3267 1268 3322 V.
1303 3266 1732 3340 Capitaneatus.

392 3359 720 3433 Κλεισοῦραι
773 3355 1098 3432 δυσχωρίαι,
1145 3357 1414 3420 clusurte,
1465 3355 1695 3425 angusti
1754 3354 1967 3410 aditus.

321 3452 643 3522 Procopius
671 3447 794 3523 περῖ
856 3445 1166 3519 κτισμάτων
1197 3445 1263 3518 γ’,
1296 3442 1509 3500 Τούτου
1541 3440 1597 3496 δὲ
1624 3447 1725 3497 τοῦ
1757 3442 1970 3521 χωρίου

319 3539 584 3606 ἐπέκεινα,
645 3539 771 3593 ὅσον
839 3536 898 3590 ἐκ
971 3535 1215 3608 σημείων
1300 3533 1444 3588 ὀκτὼ
1524 3533 1781 3606 μάλιστα,
1867 3527 1968 3608 ὅρη

317 3630 572 3702 ἀπότομα
646 3627 737 3682 καὶ
792 3626 1128 3680 παντάπασιν
1215 3620 1483 3693 ἀδιὲξοδα,
1567 3620 1812 3694 ξυνιόντα
1895 3621 1972 3684 εἰς

316 3716 541 3788 ἄλληλα
609 3717 920 3779 στενωποὺς
976 3713 1368 3790 ἀπεργάζονται
1427 3709 1522 3766 δύο
1594 3710 1836 3789 ἄγχιστά
1891 3732 1968 3781 πη

315 3806 590 3878 ἀλλήλοιν
649 3804 828 3876 ὄντας,
888 3807 1091 3880 οὓσπερ
1157 3805 1473 3877 νενομίκασι
1524 3801 1847 3877 κλεισούρας
1884 3824 1970 3857 κα-

318 3898 454 3954 λεῖν.
491 3898 849 3956 Glossarium
902 3913 988 3953 ms
1023 3915 1036 3953 :
1069 3888 1346 3969 Ἑμϐολὴ,
1397 3890 1713 3968 κλεισοῦρα,
1759 3889 1971 3955 ε’ἰσοδος

314 3988 657 4049 στενότατος.
691 3986 1099 4060 Theophylact.
1150 3987 1360 4041 Simoc.
1414 3985 1561 4040 Hist.
1596 3983 1836 4040 Mauric.
1871 4001 1970 4053 vn,

313 4096 439 4151 cap.
474 4081 559 4134 14.
600 4085 761 4132 Anna
791 4078 994 4132 Comn.
1038 4076 1139 4132 lib.
1190 4091 1246 4130 v.
1281 4075 1472 4131 Gloss.
1520 4074 1590 4130 ad
1625 4075 1970 4131 Cedrenum.

386 4161 657 4223 Κλίϐανον
741 4166 827 4220 vel
904 4158 1190 4216 κλιϐἀνιον
1281 4163 1482 4218 lorica.
1553 4163 1972 4219 Constantinus

311 4256 669 4325 Porphyrog.
700 4254 764 4308 in
791 4252 1043 4308 Tacticis
1078 4269 1092 4308 :
1122 4251 1220 4304 Τὸν
1245 4247 1302 4304 δὲ
1320 4245 1697 4324 καϐαλλάριον
1731 4250 1970 4324 ἐξώπλι-

316 4345 403 4408 ζον
437 4341 724 4416 λωρικίοις
781 4339 872 4393 καὶ
901 4334 1211 4399 κλιϐανιοις
1250 4335 1287 4406 ἤ
1318 4335 1571 4412 σιδηροῖς
1612 4335 1649 4408 ἤ
1692 4339 1796 4394 ἀπὸ
1835 4341 1968 4411 κρά-

311 4449 419 4484 των
453 4427 877 4504 πεπλεγμένοις.
932 4428 1078 4485 Hinc
1109 4421 1482 4502 κλιϐανάριοι,
1543 4429 1614 4484 de
1662 4431 1870 4500 quibus
1909 4431 1970 4486 in

315 4521 502 4577 Gloss.
537 4521 797 4576 Nomico.

388 4610 575 4683 Κύμης
603 4628 819 4679 comes,
853 4627 910 4682 p.
959 4610 1084 4680 243,
1147 4609 1214 4665 O't
1276 4611 1375 4664 τοῦ
1432 4607 1632 4664 στόλου
1668 4613 1766 4664 τοῦ
1811 4611 1967 4685 βασι-

315 4699 476 4762 λὲωςο
511 4703 661 4757 alius
691 4703 870 4757 codex
902 4717 917 4758 :
952 4699 1019 4756 Οἱ
1069 4701 1168 4753 τοῦ
1229 4696 1518 4774 βασιλικοῦ
1557 4698 1756 4755 στόλου
1788 4700 1970 4774 κόμη-

307 4811 419 4855 τες,
454 4791 844 4859 imperatoriae
878 4791 1084 4845 classis
1143 4790 1400 4846 comites.
1451 4789 1596 4847 Vide
1653 4792 1969 4849 Meursium

306 4881 369 4937 in
391 4899 444 4937 ν.
477 4880 680 4950 κόμης,
713 4884 771 4934 et
801 4879 1004 4935 Codin.
1039 4879 1110 4932 de
1139 4878 1290 4933 ofﬁc.

382 4970 798 5042 Κομμερκεῦσαι
857 4963 1190 5035 τελωνῆσαι.
1241 4963 1594 5040 Κομμὲρκιον
1672 4970 1828 5025 enim
1884 4979 1971 5026 est

311 5061 613 5116 tributum.
659 5058 915 5124 Nicetas,
969 5074 1022 5127 p.
1082 5057 1211 5124 247,
1263 5055 1352 5110 καὶ
1411 5054 1476 5108 τὰ
1530 5053 1701 5110 πλοῖα
1759 5057 1970 5114 τούτων

308 5144 749 5222 ἡργυρολόγουν·
784 5147 965 5203 codex
994 5145 1085 5201 GB
1117 5140 1504 5220 ἐκομέρκευον,
1539 5151 1710 5202 Anna
1768 5151 1965 5205 conm,

313 5236 565 5293 Alcxiad.
599 5253 654 5290 v1
685 5252 699 5291 :
730 5235 837 5304 Τὴν
897 5233 1194 5309 ἐμπορείαν
1250 5233 1437 5294 αὐτοῖς
1503 5233 1742 5307 ἀζήμιον
1772 5234 1932 5307 ἐποιή

314 5344 443 5378 σατο
509 5327 561 5379 ἐν
620 5327 817 5387 πάσαις
883 5330 1004 5388 ταῖς
1071 5323 1175 5378 ὑπὸ
1230 5323 1330 5390 τήν
1398 5322 1638 5393 ἐξουσίαν
1677 5326 1968 5398 Ῥωμαίων

313 5412 554 5487 χώραις,
583 5412 722 5470 ὥστε
762 5414 960 5476 ἁνέτως
997 5411 1392 5485 ἐμπορεύεσθαι
1449 5415 1539 5468 καὶ
1606 5415 1740 5468 κατὰ
1775 5417 1837 5470 τὸ
1870 5416 1968 5470 αὖ·

307 5508 424 5564 τοῖς
459 5504 749 5578 βουλετὸν,
812 5505 950 5577 μήτε
1007 5503 1102 5575 μὲν
1162 5502 1294 5576 ὑπὲρ
1333 5501 1734 5577 κουμερκίουῆ
1787 5505 1970 5578 ὲτὲρας

307 5594 454 5654 τινὸς
496 5593 827 5667 εἰσπράξεως
880 5597 962 5664 τῷ
1018 5590 1273 5664 δημοσίῳ
1314 5591 1772 5663 εἰσκομιζομένης
1803 5591 1972 5666 παρέ-

309 5700 430 5756 χειν
462 5681 598 5756 ἄχρι
645 5681 736 5735 καὶ
779 5677 986 5736 ὀϐολοῦ
1027 5681 1141 5744 ἑνὸς
1196 5680 1326 5754 ὑπὲρ
1384 5681 1736 5754 κουμερκίου,
1767 5685 1970 5740 tributi

313 5773 568 5826 nomine.
599 5773 660 5824 1n
696 5769 1016 5840 diplomate
1047 5769 1364 5824 Andronici
1399 5769 1657 5823 Junioris
1691 5785 1704 5822 :
1749 5768 1845 5822 Καὶ
1888 5766 1969 5823 δι-

313 5853 481 5912 δῶσιν
551 5858 716 5932 χάριν
782 5857 1082 5929 κομερκίου
1125 5857 1199 5919 εἷς
1242 5855 1523 5927 ποσότητα
1582 5858 1970 5930 νουμισμάτων

314 5945 502 6002 ἑκατὸν
544 5946 894 6020 νουμίσματα
927 5945 1044 6001 δύο.
1085 5946 1230 6003 Vide
1278 5947 1634 6004 Glossarium
1679 5949 1748 6004 ad
1801 5951 1971 6008 Cedr.

2011 3276 2210 3375 ctum
2281 3287 2394 3326 ms.
2455 3269 2584 3343 Περὶ
2651 3266 3030 3337 πηλικότητπ
3070 3272 3180 3324 τῶν
3248 3267 3482 3343 μέτρων
3548 3268 3640 3322 καὶ
3705 3270 3742 3337 ἡ

2083 3362 2210 3435 παρ’
2265 3361 2400 3432 ἡμῖν
2443 3357 2832 3430 ἐπινενοημὲνη
2873 3357 2951 3420 εἷς
3011 3358 3307 3434 ὑπουργίαν
3348 3359 3456 3414 τῶν
3527 3357 3741 3434 βασιλιο

2073 3453 2184 3503 κῶν
2235 3448 2579 3521 προσ-τάξεων
2622 3447 2844 3522 ἀλλαγή
2888 3445 2979 3500 διὰ
3044 3451 3155 3502 τῶν
3186 3446 3532 3522 κουντούρων
3577 3447 3742 3520 μίλια

2074 3539 2119 3591 b'
2149 3537 2320 3612 ἤγουν
2356 3533 2548 3591 στάδια
2595 3539 2696 3608 με’.
2746 3539 2954 3594 Exstat
3009 3539 3069 3592 in
3129 3538 3484 3595 bibliotheca
3543 3539 3738 3608 Regia-

2075 3627 2433 3683 Glossarium
2466 3643 2573 3683 ms.
2610 3643 2623 3681 :
2660 3623 2894 3700 Βὲρεδον
2923 3626 2985 3680 τὸ
3014 3620 3373 3700 κοϐύτουρον.
3409 3627 3738 3698 Legendum

2072 3714 2422 3788 κούντουρον.
2493 3719 2633 3771 Item
2706 3711 2997 3790 βηρήδοις,
3068 3713 3286 3784 ἵπποις,
3352 3713 3730 3788 κουντούροις.

2075 3807 2220 3860 Hinc
2251 3804 2780 3878 ἀποκουντουρίζειν.
2825 3807 3034 3860 Auctor
3080 3805 3170 3861 GB
3206 3821 3313 3862 ms.
3374 3802 3472 3857 Καὶ
3530 3801 3734 3874 ἀπήτις

2074 3899 2148 3973 φᾶ
2174 3893 2264 3948 καὶ
2293 3893 2491 3970 γλύψει
2545 3913 2603 3947 σε
2652 3893 2778 3947 τότε
2833 3891 3323 3967 ἆποκουντουρίζη,
3355 3897 3413 3950 et
3457 3912 3726 3947 κουντου-

2077 3983 2307 4060 ριάριος,
2344 3985 2443 4056 qui
2503 4000 2648 4055 equo
2681 3983 2916 4054 publico
2947 3984 3143 4039 utitur.
3201 3983 3543 4038 Theodorus
3587 3983 3725 4039 Her-

2077 4073 2402 4145 mopolites,
2437 4074 2537 4129 lib.
2569 4089 2670 4139 vn,
2704 4073 2792 4128 tit.
2826 4075 2880 4140 8,
2923 4071 3222 4143 explicans
3254 4071 3441 4142 legem
3473 4075 3508 4125 2
3538 4072 3605 4126 D.
3656 4073 3728 4127 de

2075 4166 2134 4220 in
2151 4167 2254 4236 jus
2285 4179 2409 4219 voc.
2445 4165 2557 4219 ibi:
2577 4163 2680 4219 Sed
2706 4179 2807 4219 nec
2834 4178 2959 4218 eum
2978 4164 3073 4234 qui
3093 4178 3233 4233 equo
3253 4163 3472 4232 publica
3492 4165 3548 4218 in
3562 4178 3730 4218 causa

2073 4253 2309 4324 publica
2337 4253 2770 4308 transvehatur:
2802 4247 2964 4314 Οὔτε,
3018 4251 3230 4322 inquit,
3291 4249 3384 4304 τὸν
3438 4247 3731 4322 δημοσίοις

2071 4341 2266 4404 ’ἰπποις
2319 4337 2410 4394 διὰ
2476 4337 2745 4412 δημοσίαν
2790 4340 2979 4414 χρείαν
3035 4338 3413 4414 ἐποχούμενον
3481 4337 3608 4409 ἤτοι
3636 4341 3730 4396 τὸν

2073 4448 2330 4502 κουντουρ
2342 4428 2536 4504 ιάριον.

2147 4526 2487 4602 Κουρσάριος
2573 4527 2779 4598 pirata,
2868 4527 3081 4597 praedo.
3178 4526 3541 4583 Glossarium
3619 4544 3728 4584 ms.

2078 4614 2358 4692 Πειραταί,
2388 4613 2824 4686 καταποντισταί,
2862 4617 3205 4690 κουρσάριοι,
3253 4618 3511 4673 corsaire.

2149 4709 2411 4779 Κοῢρσον,
2460 4702 2794 4778 κουρσεύειν.
2854 4705 3151 4760 Cedrenus
3204 4721 3260 4776 p.
3303 4704 3411 4761 477
3466 4721 3517 4761 o.
3575 4707 3724 4762 Gon-

2077 4797 2372 4852 stantinus
2403 4795 2758 4866 Porphyrog.
2818 4797 2876 4849 in
2909 4795 3159 4850 Tacticis
3193 4810 3206 4848 :
3237 4793 3348 4848 Ἳνα
3384 4793 3420 4861 ἢ
3463 4792 3514 4847 ἐν
3545 4799 3722 4869 καιρῷ

2074 4882 2324 4957 πολέμου
2373 4880 2409 4952 ἥ
2477 4881 2530 4938 ἐν
2591 4883 2767 4955 καιρῴ
2831 4881 3066 4954 κούρσου
3126 4881 3485 4955 βαστάζωσιν.
3537 4887 3719 4940 Theo-

2077 4975 2299 5048 phanes
2333 4990 2346 5028 :
2383 4971 2480 5029 Καὶ
2549 4970 2610 5026 ού
2639 4969 3030 5046 κουρσεύομεν.
3100 4972 3438 5027 Anastasius
3468 4989 3488 5027 :
3531 4975 3720 5030 Incur-

2072 5067 2252 5121 siones
2279 5079 2390 5118 non
2438 5063 2694 5133 facimus.
2740 5063 2932 5117 Item:
3001 5059 3381 5133 Κουρσεύομεν
3433 5062 3524 5116 καὶ
3589 5060 3722 5139 ἄφα-

2073 5151 2289 5224 νίζομεν
2319 5150 2416 5211 τὰς
2449 5151 2637 5223 χώρας
2696 5147 2891 5204 αὐτῶν.
2952 5150 3289 5205 Anastasius
3323 5167 3335 5204 :
3362 5153 3646 5208 Irruemus
3673 5163 3725 5208 et

2077 5241 2581 5298 exterminabimus
2610 5241 2890 5308 regionem
2913 5238 3182 5310 ipsorum.
3207 5239 3345 5294 Vide
3374 5241 3627 5298 indicem
3661 5244 3720 5298 in

2075 5334 2300 5400 κοῦρσα,
2339 5325 2674 5402 κουρσεύειν,
2715 5334 2850 5394 etc.,
2883 5333 2940 5383 et
2997 5327 3358 5384 Glossarium
3389 5330 3462 5384 ad
3514 5331 3724 5386 Cedre-

2073 5437 2222 5477 num
2250 5421 2310 5474 in
2343 5435 2480 5474 voce
2509 5419 2732 5474 eadem.
2793 5421 2854 5474 In
2921 5415 3232 5492 κούρσωρες
3297 5425 3485 5475 autem
3537 5420 3638 5478 lin.
3673 5424 3725 5489 8,

2073 5527 2108 5566 a
2138 5511 2254 5564 fine
2284 5508 2404 5577 lege
2432 5515 2804 5578 protocursor.

2147 5593 2465 5653 Κουστωδία
2497 5597 2782 5654 custodia.
2831 5596 3308 5669 Theophylactus
3367 5598 3436 5652 ad
3501 5614 3629 5670 cap.
3664 5602 3731 5653 2‘7

2076 5688 2325 5742 Matthaei
2384 5704 2398 5742 :
2454 5682 2779 5740 Κουστωδία
2837 5681 2894 5739 δὲ
2949 5681 3161 5760 λέγεται
3217 5685 3363 5760 παρὰ
3427 5685 3728 5758 Ῥωμαίοις

2075 5777 2110 5844 ἡ
2144 5771 2384 5847 φυλακή.
2419 5772 2562 5836 Τοὺς
2618 5771 2708 5828 οὖν
2771 5771 2858 5828 ἐπὶ
2897 5774 2960 5828 τὸ
3018 5772 3307 5852 φυλάττειν
3363 5773 3726 5850 τεταγμένους

2076 5858 2412 5935 στρατιώτας
2441 5856 2776 5914 κουστωδίαν
2821 5858 3098 5930 ὀνομάζει.
3137 5861 3202 5914 Et
3257 5861 3326 5913 ad
3383 5861 3518 5915 Acta
3583 5877 3728 5931 apo-

2078 5951 2385 6017 stolorum,
2419 5967 2540 6021 cap.
2573 5966 2611 6005 x
2643 5964 2659 6006 :
2696 5946 2892 6002 Ἰστέον
2935 5944 2993 6002 δὲ
3030 5943 3115 6001 ὅτι
3143 5947 3180 6016 ἡ
3245 5947 3339 6018 μὲν
3370 5949 3563 6020 σπεῖρα
3603 5943 3724 6002 δια-
