4074 6420
344 413 499 474 10⁸75

1667 402 1989 465 ΝΠΣΕῚνΕ
2027 400 2449 461 GHONlAT/E

3614 399 3794 462 1076

339 545 539 600 κοσίων
582 541 697 599 ἐστὶ
737 537 1110 618 στρατιωτῶν,
1166 540 1203 609 ἡ
1247 536 1306 593 δὲ
1362 532 1672 592 κουπωδὶα
1717 533 2002 605 ἑξήκοντα.
2035 536 2090 604 Α
2119 531 2284 589 cticis
2317 548 2332 589 :
2366 530 2502 605 Ἔχε
2531 526 2592 586 δὲ
2629 531 2721 586 καὶ
2778 525 3183 606 μαγγαναρίους
3237 527 3328 584 καὶ
3385 525 3789 609 λεπτουργοὺς

339 635 698 692 Glossarium
758 650 867 690 ms.
924 649 938 688 :
983 625 1301 688 Κουστωδία
1349 627 1412 681 τὸ
1478 624 1806 699 στράτευμα,
1857 620 1992 696 ὅπερ

347 719 543 796 βάνδον
582 720 647 777 οἰΔ
673 723 946 795 Ῥωμαῖοι
1004 712 1319 775 καλοῦσιν(
1350 716 1610 774 Utuntur
1670 713 1998 769 Alexander

339 812 678 883 Monachus,
711 814 779 869 de
837 810 1169 868 inventione
1215 812 1275 864 8.
1321 806 1523 862 Cracis
1562 822 1575 874 ;
1610 803 1843 859 Simeon
1874 802 1993 858 Me-

336 903 687 974 taphrastes,
719 903 776 957 in
812 892 1076 973 Lengino
1107 915 1121 965 ;
1156 896 1397 954 Alexius
1445 894 1770 951 Rharturus
1808 892 1989 947 doclr.

332 989 442 1047 ult.
476 980 1024 1057 Pentecoetarium';
1077 985 1369 1045 Palladius
1398 982 1655 1040 historia)
1697 979 1996 1038 Lausiacaa

328 1095 459 1152 cap.
491 1081 563 1135 86
592 1080 652 1137 in
687 1080 821 1135 ﬁne.

397 1164 846 1243 Κουζασθλάγηέ.
911 1167 1062 1223 Vide
1120 1164 1441 1223 Meursium
1522 1161 1584 1218 in
1642 1160 1847 1217 eadem
1903 1158 1995 1215 di-

325 1258 541 1332 ctione,
573 1264 632 1317 et
659 1258 914 1327 κουτζός.

400 1345 656 1423 Κρασίον,
686 1349 889 1404 vinum
924 1362 938 1404 :
971 1345 1148 1403 hodie
1185 1342 1368 1419 κρασί.

401 1432 616 1507 Κώδηξ.
649 1436 860 1494 Codex.
898 1435 1154 1492 Isidorus
1182 1431 1508 1489 Pelusiotae
1553 1430 1586 1485 4
1615 1427 1848 1501 epistol.
1878 1426 1950 1481 94
1978 1440 1993 1481 :

330 1527 400 1585 Οἱ
431 1529 540 1581 τῶν
568 1518 877 1599 νομοθετῶν
905 1521 1161 1585 κώδικες.
1195 1524 1259 1581 V.
1291 1521 1550 1578 Glossar.
1581 1519 1655 1579 ad
1683 1517 1853 1575 Cedr.

1140 1662 1187 1712 A

401 1791 626 1868 Λαρδία.
656 1796 719 1850 Ρ.
752 1793 859 1849 32-2
910 1807 963 1859 c,
1023 1788 1141 1845 ὕεια
1170 1786 1328 1863 κρέα.
1385 1786 1579 1844 Codex
1624 1783 1740 1850 GB,
1772 1777 1992 1855 λάρδια.

329 1872 551 1943 Glossae
596 1882 846 1955 Cyrilli:
897 1875 1136 1953 Λάρδος,
1198 1877 1442 1935 laridus.
1496 1873 1878 1946 Theophanes
1933 1873 1992 1928 in

326 1975 662 2033 Justiniano
695 1990 709 2029 :
743 1969 908 2030 Οῗνου
951 1970 1045 2043 μὲν
1072 1968 1176 2046 γὰρ
1224 1966 1317 2022 καὶ
1347 1961 1554 2039 λάρδου
1610 1962 1703 2019 καὶ
1733 1960 1988 2017 παντοίον

329 2061 510 2126 εἴδους
543 2060 758 2118 εὖθυνία
786 2060 878 2130 ἧν.
910 2060 1091 2118 Hodie
1123 2054 1286 2131 λάρδι
1317 2057 1538 2114 dicunt.

404 2153 620 2229 Λεγιών
652 2151 826 2224 legio.
858 2151 918 2208 S.
973 2147 1333 2206 Athanasius
1364 2146 1426 2202 in
1455 2142 1806 2229 Metaphrasi
1835 2139 1993 2229 Psal:

332 2226 566 2302 morum
597 2257 705 2298 ms.
740 2238 886 2312 psal.
917 2254 1105 2307 Lxxw,
1134 2252 1289 2293 vers.
1322 2237 1389 2291 17
1422 2250 1438 2291 :
1472 2232 1552 2291 Τὸ
1608 2228 1826 2301 πλῆθος
1892 2226 1990 2285 τοῦ

331 2331 608 2408 λεγεῶνας
631 2330 696 2386 τὸ
724 2329 823 2391 τὰς
850 2328 951 2397 τήν
1015 2321 1250 2384 ἄϐυσσον
1312 2320 1590 2380 ἀπελθών.
1650 2320 1991 2394 Procopius,

331 2407 457 2496 περὶ
486 2440 676 2493 κτισμ.
722 2418 1026 2473 Ἰουστιν.;
1088 2412 1306 2490 Λεγεὼν
1363 2408 1423 2466 δὲ
1480 2411 1509 2465 ὁ
1567 2407 1733 2486 λόγος
1789 2408 1990 2465 ἐπωνο-

334 2510 557 2585 μάζετο.
587 2507 1055 2580 Theophylactus
1085 2505 1156 2562 ad
1189 2520 1318 2576 cap.
1347 2518 1478 2559 xxvx
1507 2500 1716 2558 Matth.
1739 2516 1752 2555 :
1777 2498 1988 2574 Λεγιὼν

329 2601 436 2677 γάρ
506 2597 619 2654 ἐστι
675 2597 740 2653 τὸ
800 2594 1052 2672 μέγιστον
1107 2594 1296 2670 τάγμα
1359 2587 1724 2665 ἑξακισχίλιοι
1780 2588 1991 2652 ἱππεῖς.

323 2691 486 2748 Adde
514 2689 816 2746 Peanium
844 2685 1105 2758 Eutrapii
1138 2683 1521 2757 Metapbrast.
1557 2698 1615 2754 p.
1644 2679 1718 2735 70
1755 2684 1813 2745 et
1862 2678 1986 2737 101.

321 2781 621 2837 Constant.
657 2777 729 2833 de
757 2778 960 2833 Them.
1007 2776 1226 2832 Orient.
1262 2773 1346 2830 th.
1406 2788 1444 2829 ι.
1505 2769 1755 2843 Oppiani
1785 2768 1988 2826 Schol.

322 2887 381 2942 p.
443 2868 531 2925 44.
588 2867 807 2924 Rufum
861 2866 920 2922 in
980 2866 1089 2922 LL.
1142 2863 1310 2920 milit.
1370 2860 1669 2932 Moschop.
1717 2858 1988 2915 Alexium

322 2957 679 3014 Rharturnm
712 2957 898 3014 doctr.
931 2956 1041 3012 ult.
1072 2959 1301 3010 Graecos
1332 2952 1423 3010 ad.
1461 2953 1505 3008 Ι.
1548 2967 1610 3006 ιι.
1643 2948 1715 3006 de
1762 2947 1859 3005 his
1887 2946 1989 3019 qui

319 3052 444 3105 not.
475 3046 583 3103 inf.

396 3133 687 3210 Λειεοὺρία
729 3134 977 3192 luxuria.
1008 3133 1149 3190 Vide
1180 3130 1389 3189 Leonis
1417 3128 1681 3198 Tactiea,
1737 3142 1869 3198 cap.
1899 3124 1991 3193 20,

320 3232 352 3301 ο
377 3228 470 3294 83,
499 3231 558 3283 et
586 3226 669 3281 ibi
694 3223 1034 3281 Meursium.

2104 620 2196 676 καὶ
2230 618 2479 695 χαλκεῖς.
2513 622 2651 680 Vide
2682 622 2752 677 ad
2787 622 3133 678 Cedrenum.

2175 704 2536 785 Μαγκλάϐιον
2606 710 2817 778 lorum,
2874 709 3193 782 ﬂagellum,
3237 709 3427 767 fustis.
3481 710 3544 767 P.
3575 712 3691 768 212
3722 731 3783 771 ο.

2106 804 2186 856 Δι’
2260 796 2549 854 ἂλλακτῶν
2608 795 2889 854 ἐπαίδευσε
2937 795 3177 857 δώδεκα.
3245 798 3437 855 Codex
3489 801 3609 869 GB,
3672 803 3783 857 Διὰ

2109 882 2495 964 μαγκλαϐίων.
2535 887 2899 947 Constantia.
2933 887 3013 943 De
3072 888 3230 943 sdm.
3290 888 3432 959 imp.
3490 904 3617 962 cap.
3652 891 3720 946 51
3758 908 3778 949 :

2102 980 2307 1031 Τοῦτον
2355 974 2445 1033 διὰ
2502 971 2866 1053 μαγκλαϐίων
2925 972 3177 1049 σφοδρῶς
3240 974 3603 1051 ὑπεξήρχετο.
3660 981 3775 1038 Leo

2103 1066 2584 1123 Grammaticus:
2637 1064 2887 1141 ’Δγαγών
2947 1061 3147 1127 αὖτοὺς
3202 1065 3294 1119 καὶ
3361 1064 3769 1140 ἀπογυμνώσας

2103 1150 2268 1228 ἔτυψε
2300 1148 2635 1229 μαγκλάϐια.
2688 1155 2783 1212 Sic
2822 1156 2882 1211 in
2940 1155 3120 1225 Regio
3176 1155 3423 1223 codice;
3474 1156 3590 1230 lege
3617 1178 3758 1233 μαγ-

2101 1238 2382 1306 γλαϐίοις.
2415 1246 2561 1302 Item
2594 1242 2981 1318 στρατηλάτην
3048 1247 3167 1306 τοῖς
3223 1245 3557 1318 προσήκουσι
3611 1267 3756 1323 μαγ-

2101 1326 2355 1394 κλαϐιοις
2413 1331 2776 1410 ἐσωφρόνησε.
2841 1331 2985 1388 Hinc
3072 1325 3483 1405 μαγκλαϐίτης.
3570 1340 3713 1391 Item
3746 1354 3769 1394 ι

2103 1422 2214 1475 Τοῦ
2245 1417 2522 1492 Ἀρσενίου
2570 1413 2842 1486 ἐπιϐουλή
2901 1416 2992 1472 καὶ
3049 1414 3273 1473 Παύλου
3345 1413 3775 1493 μαγκλαϐιτῶν.

2105 1512 2248 1568 Item
2286 1527 2299 1566 ε
2332 1512 2419 1584 Τῇ
2485 1506 2583 1565 τοῦ
2642 1503 3024 1585 μαγκλαϐιτου
3074 1507 3194 1582 ἀξίᾳ
3249 1509 3510 1582 τιμηθεὶς
3571 1509 3623 1565 ἐν
3693 1515 3779 1585 τῷ

2104 1597 2242 1673 οἴκῳ
2292 1602 2400 1655 τῶν
2474 1599 2762 1676 μαγγάνων
2837 1597 3068 1674 διῃτᾶτο
3151 1598 3488 1673 τὴρόμενος.
3548 1603 3782 1660 Auctor

2104 1690 2363 1746 incertus
2394 1690 2466 1747 de
2498 1688 3019 1747 castrametatione
3049 1689 3109 1745 in
3142 1689 3283 1746 bibl.
3337 1690 3479 1762 Reg.
3513 1688 3622 1745 Σὺν
3652 1695 3780 1754 τοῖς

2106 1772 2509 1853 μαγκλαὸίταις
2559 1777 2925 1848 στηκέτωσαν.
2959 1778 3103 1835 Vide
3158 1778 3503 1851 Cedrenum,
3543 1798 3602 1854 p.
3665 1782 3780 1838 622

2105 1873 2168 1937 B,
2209 1878 2265 1926 et
2296 1869 2379 1926 ibi
2410 1874 2578 1926 notas
2611 1869 2966 1942 posteriores
2986 1868 3382 1926 eruditissimi
3412 1870 3519 1926 viri
3563 1871 3776 1928 Jacobi

2099 1958 2270 2017 Goar.

2173 2045 2470 2124 Μάγουλον
2501 2064 2672 2122 gena.
2701 2048 2948 2122 Cyrillus
2980 2048 3317 2121 patriarcha
3337 2048 3445 2106 ΟΡ.
3468 2049 3776 2109 Adversus

2100 2142 2330 2199 Judazos
2353 2158 2480 2214 cap.
2513 2142 2571 2211 2,
2603 2145 2810 2213 quaest.
2847 2157 2866 2196 ι
2900 2158 2915 2198 :
2947 2139 3175 2202 Ὁποῖός
3234 2160 3318 2195 σοι
3352 2136 3502 2216 δώσῃ
3541 2140 3636 2197 ’ἐνα
3667 2142 3775 2218 ῥά..

2100 2251 2281 2305 πισμα
2342 2229 2420 2293 εἷς
2477 2229 2542 2286 τὸ
2607 2223 2697 2286 ἕνα
2765 2230 3082 2305 μάγουλον,
3121 2229 3345 2305 γύρισαί
3399 2251 3499 2286 του
3554 2231 3646 2288 καὶ
3707 2235 3775 2289 τὸ

2100 2317 2268 2377 ἄλλο.
2312 2325 2528 2378 Auctor
2583 2320 2678 2377 GB
2710 2316 2963 2393 μάγουλα
3002 2315 3389 2393 ῥοδοκόκκινα,
3448 2315 3779 2379 αὖτόϐαπτα

2100 2410 2167 2467 τὰ
2201 2408 2393 2485 χείλη.
2434 2410 2628 2468 Gloss.
2664 2427 2773 2468 ms.
2815 2404 3008 2486 γνάθοι
3041 2409 3317 2483 μάγουλα,
3358 2411 3497 2469 item
3547 2410 3776 2487 παρειαῖ

2101 2499 2158 2555 αἳ
2212 2499 2398 2576 γνάθοι
2456 2496 2585 2567 ἢτοι
2640 2498 2710 2553 τὰ
2774 2494 3047 2572 μάγουλα.
3125 2498 3270 2557 Hinc
3316 2498 3775 2575 κατομάγουλον.

2101 2590 2331 2647 Nicetas
2360 2607 2416 2661 p.
2456 2589 2566 2645 238
2597 2605 2632 2644 a
2684 2587 2784 2655 τὴν
2840 2587 2991 2642 κάτω
3048 2585 3204 2664 γένυν
3259 2587 3594 2663 τρομαλείαν
3654 2587 3773 2646 δει-

2097 2676 2243 2741 κνύς.
2275 2678 2469 2735 Codex
2498 2679 2616 2749 (ΞΒ,
2644 2675 3055 2753 Κατομάγουλα
3106 2680 3216 2733 τῶν
3279 2681 3526 2752 γενειῶν.
3581 2679 3773 2739 Hodie

2104 2764 2355 2845 μάγουλο
2386 2767 2608 2824 dicunt.

2173 2861 2563 2937 Μακελλάριος
2625 2863 2842 2933 lanius,
2900 2864 3174 2921 laniator.
3227 2865 3770 2939 Astrampsychus:

2102 2950 2279 3023 Δηλοῖ
2332 2949 2388 3008 δὲ
2418 2951 2557 3008 εἶναι
2613 2952 2705 3008 τὸν
2762 2950 3040 3028 ἄνθρωπον
3102 2951 3458 3029 μακελλᾶρην
3507 2954 3598 3012 καὶ
3658 2955 3774 3030 μά-

2099 3062 2303 3118 γειρον.
2350 3043 2530 3100 Hodie
2564 3040 2905 3118 μακελάρης.

2174 3130 2388 3190 Μαλίον
2457 3133 2722 3206 capillus.
2780 3134 2919 3206 Pag.
2978 3134 3085 3190 382
3134 3135 3197 3201 d,
3251 3133 3358 3192 Καὶ
3413 3135 3509 3198 τὰς
3558 3137 3765 3211 τρίχας

2104 3221 2596 3297 συνεστραμμένας.
2675 3224 2863 3280 Codex
2959 3224 3073 3293 ΕΒ,
3133 3220 3327 3296 μαλία.
3413 3227 3757 3284 Ammianus

387 3285 620 3382 Λέυίτης
678 3312 898 3382 Levita,
958 3311 1265 3368 diaconus.
1323 3307 1514 3374 Gloss.
1572 3321 1688 3363 ms.
1748 3299 1970 3371 λευίτης

2111 3285 2496 3371 lnthoi.'1'ib.
2554 3329 2619 3382 ιι,
2676 3329 2806 3385 cap.
2862 3314 2958 3381 52,
3014 3285 3193 3387 epiér.
3225 3314 3318 3370 5:
3366 3314 3462 3369 Καὶ
3516 3310 3757 3385 στόλων,

317 3400 588 3463 διάκονος.
629 3400 915 3473 Corippus
939 3400 1010 3455 93
1044 3414 1061 3455 :

351 3514 358 3519 α
384 3492 525 3549 Hinc
548 3491 867 3548 Levilarum
899 3488 1243 3547 venerabilis
1279 3488 1409 3545 ordo
1436 3492 1755 3544 canentum.

307 3582 466 3641 Nihil
498 3581 864 3655 frequentius
893 3579 955 3636 in
985 3579 1157 3636 libris
1180 3580 1445 3647 Patrum.
1470 3577 1616 3634 Hinc
1635 3573 1974 3633 archilevita

298 3689 402 3747 pro
461 3671 898 3729 archidiacono.
956 3666 1254 3727 Goﬂridus
1324 3668 1495 3740 epist.
1558 3667 1648 3733 17,
1702 3665 1804 3721 lib.
1865 3680 1969 3721 ιιι

299 3762 599 3820 Indiscrete
626 3762 901 3835 gloriosus
934 3768 1115 3818 tester
1147 3758 1504 3827 archilevita,
1531 3761 1641 3813 etc.
1682 3754 1971 3811 Nimirum

307 3851 463 3922 quod
500 3852 693 3907 Aaron
722 3853 781 3906 et
836 3849 943 3905 filii
1003 3849 1136 3919 ejus
1194 3851 1373 3919 atque
1415 3845 1621 3902 Levita:
1651 3843 1710 3900 in
1753 3841 1973 3913 templo

304 3939 572 4008 fuerunt,
606 3939 715 3995 hoc
746 3937 1005 4011 episcopi
1061 3941 1119 3993 et
1158 3936 1484 4010 presbyteri
1514 3937 1572 3991 et
1599 3931 1827 3990 diaconi
1858 3929 1970 4000 sibi

307 4027 614 4085 vindicant
644 4028 704 4085 in
743 4027 1011 4094 ecclesia,
1034 4034 1097 4082 ut
1127 4026 1211 4082 ait
1237 4025 1646 4097 Hieronymus,
1681 4021 1852 4094 epist.
1878 4020 1969 4076 85.

385 4113 573 4185 Λίζιος
603 4117 984 4185 domesticus,
1015 4115 1263 4184 amicus,
1296 4132 1352 4187 p.
1400 4113 1467 4168 18
1523 4129 1574 4169 ο.
1634 4118 1850 4168 Auctor
1879 4109 1970 4166 GB

314 4203 495 4275 λίζιός
524 4225 623 4260 του
651 4203 823 4279 ἐγίνη.
855 4203 998 4261 Vide
1028 4204 1282 4261 Iudicem
1338 4207 1397 4261 et
1445 4201 1685 4258 Meuraii
1715 4199 1970 4257 Glossar.

383 4294 680 4371 Λογιστής.
755 4294 819 4350 Ρ.
878 4293 948 4348 37
1028 4293 1064 4349 d
1120 4292 1268 4350 alius
1341 4293 1523 4349 codex
1601 4287 1970 4364 λογαριαστήν

306 4384 501 4441 habet.
550 4383 697 4439 Vide
754 4384 1040 4439 Zonaram
1099 4383 1172 4439 ad
1203 4398 1335 4438 can.
1374 4382 1462 4448 10,
1495 4397 1661 4438 conc.
1691 4382 1727 4434 7
1752 4395 1969 4437 aecum.

306 4490 410 4529 seu
445 4475 686 4529 Nicmnaa
720 4487 761 4527 ιι
793 4472 1020 4544 synodi.
1089 4470 1391 4543 Moschop.
1431 4469 1564 4545 Περὶ
1622 4465 1778 4544 σχεδ.
1813 4486 1865 4542 p.
1903 4469 1971 4525 47

298 4560 362 4616 in
394 4559 525 4615 (ine.
560 4558 642 4617 De
670 4557 904 4632 logista.
953 4559 1153 4629 Cujac.
1204 4559 1277 4617 ad
1338 4558 1377 4614 l.
1445 4558 1517 4614 30
1560 4558 1623 4615 C.
1656 4557 1738 4614 De
1768 4557 1966 4617 decur.

2085 3399 2316 3474 μάλιον,
2371 3400 2685 3475 πωγώνιον,
2743 3397 2922 3474 ὥμιον
2992 3395 3118 3472 ἔξω,
3176 3399 3238 3458 ἐκ
3287 3401 3500 3459 τούτων
3553 3405 3589 3473 ἡ
3646 3407 3755 3459 νῦν

2081 3486 2369 3563 εὐδοκιμεῖ
2412 3488 2592 3569 σοφία.
2625 3492 2842 3547 Auctor
2870 3491 2982 3559 GB,
3014 3491 3174 3567 Ἔχει
3236 3489 3413 3565 μαλια
3445 3489 3757 3571 χρυσᾶφω-

2079 3599 2146 3635 τα
2174 3577 2267 3635 ῗ¹σα
2297 3582 2400 3646 τῆς
2422 3578 2649 3649 ἡλικίας
2675 3584 2798 3649 τῆς.
2832 3580 3016 3637 Hodie
3050 3578 3211 3654 μάλι.

2151 3667 2381 3745 Μανάρα
2410 3675 2633 3726 securis
2663 3687 2718 3740 p.
2748 3670 2875 3725 227.
2908 3669 3165 3727 Utuntur
3205 3672 3380 3729 etiam
3416 3673 3607 3731 hodie.

2153 3754 2489 3833 Μανδρεύειν
2524 3759 2719 3832 p.268
2767 3775 2821 3815 a.
2877 3754 3107 3833 Μάνδρα
3165 3765 3257 3817 est
3314 3765 3762 3822 monasterium.

2078 3848 2445 3922 Epiphanius
2503 3848 2711 3904 heresi
2767 3849 2919 3905 80':
2975 3849 3065 3905 Ἐν
3124 3848 3518 3926 μοναστηρίοις
3581 3850 3763 3925 ὑπάρ-

2079 3957 2275 4014 χοντες
2306 3933 2483 3993 εἷ’τουν
2542 3933 2825 4012 μάνδραις.
2888 3938 3038 3996 Hinc
3099 3936 3437 4015 μανδρεύειν.
3471 3941 3711 4000 Nicetas
3749 3961 3769 4002 :

2079 4026 2271 4094 Αὐτὴν
2328 4024 2501 4082 ἐκεῖσε
2557 4023 2912 4101 ἐμάνδρευσε,
2968 4029 3320 4085 monacham
3378 4030 3533 4089 fecit.
3590 4036 3769 4088 Μαν-

2081 4111 2288 4191 δρεύειν
2330 4121 2524 4173 autem
2555 4116 2705 4172 dixit
2742 4120 2806 4174 ut
2833 4115 3025 4173 Latini
3059 4118 3437 4175 monachare.
3462 4119 3773 4177 Goﬂ’ridus

2083 4205 2532 4263 Vindocinensis
2563 4222 2641 4274 1v,
2673 4205 2848 4277 epist.
2886 4207 2992 4262 13:
3042 4206 3239 4265 Subita
3295 4224 3555 4279 pressum
3597 4211 3780 4281 inﬁr-

2077 4298 2271 4353 mitate
2291 4296 2689 4352 monac-hastis.
2720 4295 2792 4352 Et
2849 4295 3024 4368 epist.
3074 4297 3145 4352 50
3179 4313 3192 4353 :
3252 4297 3397 4367 Quos
3427 4304 3780 4360 monasterio

2076 4392 2270 4443 nostra
2294 4383 2703 4442 monachandos
2724 4385 2902 4442 misit.

2151 4471 2507 4530 Μανουάλιον
2592 4474 3055 4545 candelabrum,
3137 4474 3315 4534 hodie
3426 4475 3772 4556 καντιλιέρι,

2078 4562 2430 4619 chandelier.
2466 4562 2605 4621 Vide
2637 4562 2981 4619 Meursium.

299 4648 340 4705 l.
374 4650 409 4705 3
446 4652 507 4716 C,
539 4650 612 4707 de
640 4648 735 4706 his
765 4648 864 4720 qui
897 4665 983 4721 sp.
1018 4664 1180 4705 mun.
1243 4662 1397 4704 ause.
1456 4653 1514 4705 et
1571 4648 1611 4704 l.
1672 4648 1739 4703 15
1796 4646 1862 4703 D.
1899 4647 1971 4703 de

2159 4650 2393 4708 Μάππα.
2427 4649 2642 4707 Μάππα
2672 4649 3012 4727 στρογγύλη.
3050 4653 3193 4711 Vide
3223 4655 3507 4715 Iudicem.

305 4758 503 4800 οχοιιε.

378 4831 592 4908 Λόγγος
623 4831 790 4899 locus
838 4835 1146 4904 angustus.
1196 4828 1341 4888 Vide
1371 4830 1719 4898 Cedrenum,
1773 4845 1831 4902 p.
1863 4828 1969 4885 407

307 4937 363 4977 a.
396 4925 455 4976 et
479 4920 722 4978 Meursii
751 4918 937 4976 Gloss.

380 5006 689 5082 Λογοοέτης
773 5009 1199 5068 cancellarius.
1260 5008 1407 5066 Vide
1476 5007 1834 5066 Glossarium
1893 5006 1965 5063 ad

312 5097 654 5153 Cedrenum.

373 5182 713 5259 Λωρίκαινον
746 5186 1080 5258 loricatam,
1112 5188 1305 5245 instar
1335 5187 1559 5259 loricae.
1656 5228 1661 5229 κ

373 5276 568 5348 Δῶρος
604 5290 659 5346 p.
693 5274 763 5328 86
821 5292 870 5331 ο.
906 5274 1098 5345 Ἔξανε
1152 5273 1393 5338 πολλαῖς
1423 5273 1514 5330 διὰ
1543 5272 1758 5351 λώρων·
1794 5276 1972 5333 codex

301 5366 392 5421 (ΞΒ
430 5358 757 5441 μαγκλάϐια
785 5360 914 5428 δοὺς
941 5363 1151 5424 πολλά.
1182 5367 1320 5425 Vide
1349 5369 1421 5426 ad
1453 5367 1620 5426 Cedr.

1113 5502 1170 5558 M

376 5624 801 5701 Μαγγανίτζασα
885 5640 1281 5699 manganum,
1366 5628 1642 5689 machina
1722 5627 1925 5686 bellica
1959 5666 1976 5696 ,

310 5712 468 5771 idem
503 5716 655 5793 quod
708 5711 1001 5788 μάγγανον.
1038 5716 1097 5772 Ρ.
1142 5718 1265 5787 106,
1325 5722 1526 5774 auctor
1555 5718 1683 5775 GB:
1745 5719 1978 5788 Στήσαν-

314 5820 403 5864 τες
437 5801 753 5879 μαγγανικᾶ
796 5798 1103 5877 ἐπολέμουν
1137 5804 1201 5859 τὸ
1258 5806 1510 5881 κάπρον.
1572 5807 1718 5865 Hinc
1770 5826 1976 5883 μαγγα-

314 5889 468 5965 άριος
520 5894 623 5966 qui
669 5910 960 5965 mangana
1023 5894 1282 5954 conﬁcit.
1334 5896 1751 5956 Constantinus
1781 5897 1842 5954 in
1880 5899 1983 5956 Ta-

2149 4740 2482 4815 Μαππάριος
2534 4740 2891 4813 mapparius,
2955 4741 3055 4813 qui
3122 4759 3399 4816 mappam
3481 4747 3543 4803 in
3604 4748 3769 4806 circo

2077 4829 2361 4886 mittebat.
2423 4828 2571 4885 Vide
2623 4829 2945 4886 Meursium
3005 4835 3062 4888 et
3108 4831 3478 4892 Glossarium
3514 4837 3585 4892 ad
3640 4840 3757 4894 Ce-

2075 4919 2346 4976 drenum.

2148 5006 2457 5084 Μαρκέσιος
2529 5007 2815 5079 marchio,
2876 5017 2938 5066 ιιι
2995 5010 3057 5068 in
3116 5013 3339 5085 synodo
3410 5014 3743 5071 Florentina

2082 5095 2377 5171 μαρκὲσιος
2405 5099 2510 5161 τῆς
2542 5094 2868 5171 Φερῥαρίας.
2898 5098 3047 5157 Vide—
3070 5100 3393 5174 Gregoram
3428 5118 3521 5159 vn.

2148 5185 2536 5255 Ματζουκάνη,
2612 5185 2964 5257 ματζούκιον,
3059 5193 3365 5261 ματζοῢκα.
3425 5190 3761 5248 Constanti-

2082 5294 2194 5334 nus
2220 5276 2447 5334 Taotic.
2477 5292 2534 5348 p.
2570 5276 2637 5332 19
2670 5292 2684 5332 :
2744 5275 3066 5353 Τζικούρια,
3129 5276 3461 5356 βαρδούκια,
3518 5281 3768 5353 ματζοὺ-

2081 5385 2194 5423 κια.
2229 5365 2342 5421 Leo
2372 5364 2533 5421 Tact.
2559 5382 2690 5437 cap.
2726 5365 2794 5421 14
2822 5365 2853 5439 §
2883 5367 2955 5422 84
2986 5384 3001 5425 :
3064 5367 3137 5424 Ἤ
3197 5369 3493 5445 σικουρίων
3529 5367 3563 5439 ἦ
3624 5391 3776 5443 ματ-

2089 5451 2341 5524 ζουκίων.
2371 5453 2708 5526 Stephanus
2756 5455 3106 5515 Sachlices:
3167 5459 3468 5529 Ματζοῢκα
3526 5458 3776 5535 πολεμῷ

2083 5542 2177 5599 τὸν
2210 5540 2407 5615 ἄνεμον
2436 5541 2502 5597 va‘:
2536 5537 2705 5616 δύρω.

2156 5634 2381 5705 Μαῦρος
2414 5633 2596 5703 niger.
2632 5636 2691 5690 P.
2729 5632 2800 5688 35
2828 5634 2890 5701 d,
2952 5634 3046 5706 Τῷ
3108 5631 3165 5690 δὲ
3219 5638 3416 5712 μέλανι
3474 5638 3775 5714 χρώματι.

2086 5723 2280 5781 Codex
2363 5722 2479 5790 GB,
2553 5721 2769 5796 μαύρῳ.
2836 5722 3275 5797 Theophanes:
3334 5727 3437 5784 Καὶ
3499 5726 3779 5804 βαλόντες

2090 5808 2278 5887 σαγὶον
2339 5813 2571 5884 μαῦρον.
2634 5810 2821 5868 Hodie
2890 5829 3123 5886 quoque
3172 5815 3235 5874 in
3294 5835 3404 5876 usu
3452 5824 3564 5876 est.
3618 5820 3779 5880 Vide

2093 5900 2413 5959 Meursium
2444 5899 2518 5958 ad
2548 5915 2678 5972 cap.
2711 5900 2781 5958 12
2834 5902 3131 5964 Constant.
3161 5905 3245 5966 De
3264 5908 3479 5971 admin
3500 5908 3652 5982 imp.
