4074 6390
284 409 436 474 1ΟΠ

354 539 650 615 Mill-ﬂos.
683 537 829 594 Vide
852 535 1070 592 Meurs.

356 611 646 700 Μεσάξων.
692 629 756 684 Ρ.
817 628 909 697 38,
968 624 1097 680 Τῶν
1141 613 1427 692 δημοσίων
1467 611 1543 676 εἷς
1573 611 1756 690 φορῶν
1785 623 1950 685 φρον-

284 723 496 792 τιστήν.
530 721 722 779 Codex
743 717 832 773 GB
867 711 1192 787 μεσάζοντα.

350 812 607 876 ,Μιτάτον
658 823 954 883 synagoga
1001 808 1444 858 Saracenorum.
1498 796 1564 850 V.
1605 787 1948 848 Meursium.

367 902 546 963 Μιτὺς
579 898 685 974 ῥίν,
721 913 898 954 nasus
927 897 997 951 V.
1031 889 1374 948 Meursium.

377 994 607 1062 Μνῆμαι
636 985 954 1050 memorias,
1013 999 1114 1037 seu
1155 973 1540 1036 anniversarii
1581 971 1683 1028 SS.
1718 968 1842 1024 dies
1881 964 1954 1020 ad

294 1083 598 1140 colendam
631 1093 836 1136 eorum
871 1069 1213 1129 memoriam
1243 1063 1524 1122 instituti.
1553 1063 1806 1117 Joannes
1830 1055 1956 1110 Hie-

291 1170 772 1243 rosolymitanus,
831 1165 934 1219 lib.
995 1179 1058 1217 ιιι
1116 1159 1176 1214 in
1233 1157 1659 1226 Stratagemata
1702 1148 1764 1204 B.
1806 1145 1952 1201 Job:

286 1265 586 1333 Propterea
631 1265 686 1313 et.
733 1252 1027 1310 memorias
1076 1251 1402 1303 Sanctorum
1452 1243 1711 1312 facimus,
1759 1245 1810 1293 et
1852 1251 1952 1306 pa-

287 1359 510 1407 rentum
541 1356 857 1402 nostrorum
886 1341 971 1397 vel
1001 1339 1307 1395 amicorum
1354 1334 1416 1389 in
1460 1331 1568 1401 ﬁde
1598 1324 1958 1384 morientium

288 1443 474 1500 devote
524 1438 854 1495 memoriam
899 1433 1143 1502 agimus,
1195 1431 1305 1483 etc.
1355 1421 1699 1480 Anastasius
1738 1415 1955 1474 Biblio-

286 1530 580 1586 thecarius
611 1527 672 1582 in
712 1521 968 1580 Historia
998 1515 1432 1575 ecclesiastica:
1490 1513 1677 1567 Festus
1734 1509 1957 1562 senator

286 1619 440 1674 urbis
481 1621 667 1674 Romm
693 1614 899 1669 missus
931 1609 1001 1664 ad
1032 1605 1392 1662 Anastasium
1420 1604 1648 1672 propter
1687 1595 1955 1668 quasdam

289 1705 488 1763 civiles
519 1704 818 1768 utilitates,
866 1696 1164 1752 memorias
1210 1692 1524 1746 sanctorum
1567 1683 1955 1757 apostolorum

290 1796 594 1868 festivitate
623 1789 831 1862 majori
883 1786 1042 1860 petiit
1093 1778 1388 1839 celebrari.
1445 1777 1700 1848 Μνημεῖα
1729 1776 1954 1836 autem,

294 1861 422 1958 una;
455 1887 512 1939 et
543 1861 833 1938 memorias
868 1877 1038 1956 dicta,
1073 1876 1214 1928 sunt.
1262 1870 1387 1924 loca
1441 1867 1541 1922 SS.
1603 1861 1955 1935 Martyribus

292 1953 502 2030 dicata.
535 1972 599 2026 B.
635 1953 999 2041 Augustinus
1030 1958 1269 2034 epistola
1301 1957 1404 2012 137
1433 1971 1445 2010 :
1479 1955 1622 2010 Nam
1651 1961 1702 2008 et
1728 1967 1825 2006 nos
1855 1966 1954 2003 no-

290 2067 469 2120 vimus
526 2059 842 2116 Mediolani
893 2055 1041 2126 apud
1089 2049 1418 2103 memoriam
1481 2051 1816 2108 sanctorum,
1859 2038 1955 2092 ubi

290 2151 639 2210 mirabiliter
675 2159 725 2205 et
756 2145 1085 2203 terribiliter
1140 2139 1411 2194 daemones
1455 2135 1806 2205 conﬁtentur,
1840 2133 1949 2183 etc.

363 2239 628 2309 Μονάζων
676 2241 739 2293 Ρ.
805 2236 925 2290 111.
985 2232 1044 2286 b.
1111 2226 1243 2284 Καθ’
1301 2217 1763 2288 ἐαυτὸνῖδιάζωνο
1800 2217 1952 2272 alius

289 2332 468 2391 codex
530 2307 804 2401 μονάζων.
890 2322 1037 2378 Hinc
1125 2313 1398 2372 monachi
1467 2327 1570 2368 seu
1633 2307 1952 2382 μονάζοντες

289 2422 450 2490 dicti,
485 2399 588 2491 qui
625 2415 950 2474 solitariam
1003 2416 1058 2465 et
1101 2406 1390 2480 privatam
1423 2403 1596 2458 vitam
1626 2399 1948 2470 elegerunt.

290 2512 601 2583 Gregorius
645 2510 717 2564 de
767 2504 1048 2563 euntibus
1077 2495 1522 2568 Hierosolyma:
1585 2486 1738 2547 Ἐπεί
1768 2484 1949 2542 τοίνυν

292 2599 394 2656 εἰσί
423 2619 568 2661 τινες
619 2601 726 2651 τῶν
773 2595 866 2649 τὸν
921 2591 1138 2666 μονήρη
1189 2584 1282 2642 καὶ
1333 2579 1606 2652 ἰδιάζοντα
1638 2578 1755 2653 βίον
1791 2577 1952 2631 ἐπαν-

293 2689 612 2764 ῃρημένων,
645 2687 730 2748 οἷς
763 2682 814 2738 ἐν
853 2664 1003 2756 μέρει
1037 2670 1310 2737 εὐσεϐείας
1354 2672 1666 2745 νενόμισται
1710 2665 1772 2722 τὸ
1820 2664 1953 2726 τοὺς

291 2779 343 2833 ἐν
368 2775 778 2852 Ἱεροσολύμοις
807 2774 1012 2832 τόπους
1041 2765 1198 2823 ἰδεῖν.

363 2847 627 2936 Μονάζων
655 2847 1006 2928 monachus,
1037 2877 1093 2932 p.
1129 2857 1232 2914 135
1278 2856 1336 2910 b.
1399 2849 1764 2909 Glossarium
1801 2847 1951 2900 ms.:

295 2954 622 3033 μοναδικοὺς
655 2949 1038 3027 ἀναχωρητᾶς,
1069 2942 1105 3017 ἤ
1138 2943 1328 3005 ἅπλῶς
1361 2941 1712 3017 μονάζοντας.

357 3046 740 3118 Μοναστήριον
782 3024 1255 3119 *φροντιστήριοη
1308 3029 1755 3089 monasterium.
1797 3024 1954 3082 Tho-

293 3155 418 3194 mas
468 3115 779 3207 Magister:
825 3115 1252 3203 *Φροντιστήρια
1309 3121 1378 3176 τὰ
1438 3115 1790 3174 διδασκαλεῖα
1843 3116 1951 3168 τῶν

1559 378 1897 451 FABROTI
1944 365 2489 437 GLOSSARIUM.

1979 513 2024 577 Α
2130 499 2314 558 Νύκτα
2368 512 2500 554 nox.
2534 512 2590 566 p.
2627 491 2728 549 127
2775 489 2836 559 b,
2863 485 3076 577 vumdq.
3109 484 3300 542 Codex
3350 481 3467 551 GB,
3498 477 3695 540 νύκτας

3562 349 3722 408 1078

2065 591 2395 663 Stephanus
2425 583 2759 641 Sachlices:
2807 579 2917 648 Τὴν
2964 575 3155 633 νύκταν
3194 570 3380 650 πόρνει
3411 573 3725 644 περπατοῦν

2061 677 2154 735 καὶ
2181 675 2411 732 κλέπται
2435 673 2524 728 καὶ
2559 670 2826 749 φονίσκοι.

2865 830 2913 868 h—d

2135 991 2320 1047 Ξενών
2354 1004 2564 1046 xenon.
2624 988 2689 1041 P.
2749 983 2854 1040 285
2901 999 2953 1049 a,
3015 979 3092 1042 εἷς
3143 980 3523 1050 νοσοκομεῖον.
3558 975 3724 1030 Alius

2065 1083 2244 1140 codex
2297 1080 2514 1150 ξενῶνα.
2575 1074 2790 1132 Justin.
2844 1072 2985 1127 Nov.
3051 1069 3172 1135 111,
3213 1085 3339 1139 cap.
3403 1067 3456 1136 1,
3512 1064 3721 1134 ξενῶσι.

2063 1172 2332 1228 Julianus
2369 1174 2510 1224 Nov.
2547 1166 2650 1221 101
2679 1161 3026 1220 xenonibus.
3058 1159 3152 1213 Sic
3202 1161 3374 1213 etiam
3401 1156 3542 1211 Nov.
3575 1156 3719 1210 Just.

2026 1247 2033 1252 ’
2066 1262 2165 1318 131
2200 1277 2251 1316 c.
2286 1262 2374 1325 10,
2407 1257 2521 1313 Jul.
2558 1255 2680 1323 119,
2716 1269 2766 1309 c.
2813 1253 2898 1306 11.
2935 1247 3327 1318 Menologium
3359 1244 3514 1300 Junii
3554 1244 3623 1296 27
3656 1245 3728 1298 de

2065 1352 2428 1423 Sampsone:
2471 1346 2600 1414 -Τῆς
2659 1341 2907 1416 ἰατρικῆς
2974 1338 3077 1410 γὰρ
3159 1333 3472 1405 ἐπιστήμης
3544 1331 3610 1400 ἦν
3672 1328 3725 1384 ἐν

2064 1442 2254 1515 πεὶρῃ,
2311 1437 2402 1494 καὶ
2452 1435 2546 1491 τὸν
2617 1429 2848 1508 βασιλέα
2904 1427 3284 1485 Ἰουστινιανὸν
3333 1423 3536 1494 ἀνιάτῳ
3567 1421 3727 1484 πάθει

2064 1524 2459 1605 περιπεσοῦντα
2516 1524 2730 1579 ἰάσατο.
2788 1521 2886 1577 Ἐκ
2935 1517 3135 1573 τούτου
3168 1515 3195 1570 ὁ
3241 1511 3496 1590 βασιλεὺς
3557 1512 3722 1585 ὑπερ-

2065 1618 2319 1694 αγασθεὶς
2373 1616 2473 1685 τὴν
2547 1612 2745 1687 ἀρετὴν
2812 1613 2910 1664 τοῦ
2967 1603 3162 1680 ἀνδρὸς
3207 1603 3300 1659 καὶ
3355 1597 3514 1662 σέϐας
3573 1598 3724 1670 αὐτῷ

2063 1705 2378 1779 ἀπονέμων,
2437 1704 2529 1759 τὸν
2590 1701 2843 1776 μέγιστον
2903 1697 3053 1752 οἷκον
3114 1690 3202 1750 καί
3262 1685 3593 1766 περιϐόητον
3651 1684 3725 1742 δι’

2063 1797 2230 1852 αὐτοῦ
2286 1791 2564 1868 ἀνεγείρας
2664 1790 2862 1860 ξενῶνα
2926 1783 3301 1854 κατεσκεύασε,
3375 1779 3466 1836 καὶ
3533 1797 3722 1832 σκευο-

1984 1890 2029 1952 Β
2061 1885 2278 1964 φύλακα
2302 1887 2401 1954 τῆς
2457 1885 2554 1937 τοῦ
2611 1883 2744 1936 Θεοῦ
2795 1875 3057 1953 Μεγάλης
3091 1869 3423 1942 Ἐκκλησίας
3453 1868 3721 1937 κατέστη-

2061 1955 2170 2033 im.
2202 1974 2443 2046 Niceph.
2478 1971 2618 2028 Call.
2665 1971 2752 2040 ιι,
2808 1970 2911 2023 18:
2980 1960 3179 2036 Χωρία
3223 1961 3290 2016 τὰ
3347 1955 3616 2014 κάλλιστα
3645 1955 3720 2011 ὧν

2059 2066 2210 2141 εἶχεν
2285 2062 2500 2132 αὐτόθι,
2577 2061 2694 2120 τοῖς
2790 2057 2957 2111 αὐτοῦ
3033 2055 3250 2125 ξενῶσιν
3329 2043 3717 2125 ἀπεχαρίζετο.

2058 2133 2288 2214 Manuel
2359 2150 2769 2222 Moschopulus
2833 2144 2956 2219 περὶ
3019 2137 3172 2216 σχεδ·
3242 2136 3452 2196 Κοιτὼν
3516 2133 3719 2210 κυρίως

2063 2245 2158 2319 μὲν
2231 2241 2379 2304 οίκος
2455 2239 2484 2295 ὁ
2558 2235 2835 2315 περιέχων
2907 2230 3099 2293 κοίτας
3173 2224 3415 2298 πολλὰς,
3490 2224 3564 2286 ὡς
3668 2222 3721 2277 οἱ

2060 2335 2303 2410 ξενῶνες.

2867 2449 2912 2506 Ο

2128 2601 2423 2678 ,Ομφίκιον
2503 2599 2570 2654 ut
2641 2594 2706 2652 in
2790 2590 2985 2665 priore
3067 2583 3342 2654 editione,
3437 2594 3540 2653 pro
3619 2575 3718 2654 ὀφ-

2059 2670 2265 2771 φίξιιον,
2299 2695 2367 2748 ut
2395 2707 2455 2763 p.
2486 2688 2593 2744 316
2623 2701 2653 2742 c
2695 2681 2975 2740 ofﬁcium.
3036 2676 3177 2734 Vide
3235 2674 3308 2730 ad
3367 2670 3716 2726 Cedrenum.

2129 2758 2416 2840 Ὀσπίτιον
2470 2775 2815 2848 hospitium.
2882 2769 3019 2841 Pag.
3078 2765 3186 2821 525
3259 2766 3314 2819 et
3371 2761 3496 2815 347.
3557 2758 3714 2812 Idem

2061 2891 2115 2944 p.
2147 2873 2255 2928 325
2285 2873 2344 2938 b,
2375 2845 2738 2943 ἀπρόσμαχον
2765 2858 3137 2940 οἰκητήριον.
3187 2853 3380 2944 Codex
3421 2849 3511 2906 (ΞΒ
3557 2845 3719 2900 ὀσπί-

2056 2936 2192 3020 τιον.
2225 2965 2291 3018 v.
2333 2936 2466 3016 indi
2516 2936 3051 3026 Aistrampsycbus:
3085 2946 3238 3002 Ἓστι
3293 2938 3351 2996 δὲ
3379 2939 3442 2995 τὸ
3472 2936 3719 2993 ὀσπίτιον

2057 3055 2220 3108 τοῦτο
2257 3050 2332 3112 εἷς
2363 3053 2536 3103 πᾶσαν
2591 3025 2784 3119 πρᾶξιν
2840 3034 3112 3112 τυχηρόν.
3144 3031 3454 3090 Rationale
3485 3025 3718 3100 imperii

2061 3144 2174 3200 sub
2202 3141 2346 3213 imp.
2378 3137 2574 3195 Alexio
2625 3113 2956 3190 Comneno:
3015 3119 3343 3199 Ἐσχιδεύθη
3373 3119 3437 3174 τὸ
3471 3113 3718 3172 ὀσπίτιον

467 3223 479 3241 θ
707 3224 715 3240 Ι
982 3217 994 3237 9
1059 3216 1068 3230 ν
1177 3214 1202 3233 (Ι
1693 3209 1716 3220 υ
2291 3208 2307 3213 -

285 3225 618 3321 φιλοσοφωγ-
653 3229 915 3321 Λεῖοινξξ)
949 3214 976 3271 δ
1035 3217 1095 3269 ἀν
1143 3233 1288 3321 οξτο)
1335 3209 1403 3321 “ia
1449 3208 1748 3321 “39:3”?!
1780 3222 1947 3321 δξῗξω
1989 3252 2031 3321 C
2061 3232 2227 3287 αὐτοῦ
2259 3229 2414 3306 ἐγγὺς
2441 3231 2540 3282 τοῦ
2572 3219 2922 3298 ίπποδρόμου
2960 3213 3324 3288 διακείμενον.
3358 3210 3720 3268 Glossarium

2268 3320 2273 3321 ,
2574 3315 2586 3321 -
2674 3312 2686 3321 ι
2867 3305 2911 3321 ,κ
3025 3306 3052 3321 ι.
3183 3304 3205 3321 τ
3438 3301 3511 3321 Ινι
3535 3319 3622 3321 ,,__,
3657 3295 3718 3321 __\.

285 3291 510 3389 στήρια,
566 3313 639 3373 ὡς
699 3291 798 3375 της
867 3301 1038 3368 ὅντως
1105 3301 1436 3382 φιλοσοφίας
1499 3296 1748 3352 ἐνταυθοῖ
1789 3291 1943 3367 μελε-

286 3385 562 3478 τωμὲνης.
596 3403 758 3459 Idem
789 3400 907 3455 fere
938 3393 1172 3454 Manuel
1203 3388 1618 3461 Moschopulus
1649 3385 1708 3440 in
1739 3399 1943 3440 vocum

294 3471 614 3551 Atticarum
671 3491 885 3562 ecloga.
945 3487 1103 3542 Idem
1165 3479 1290 3556 περὶ
1349 3474 1504 3555 σχεδ’
1561 3475 1852 3548 Παρθενεῖα
1878 3471 1946 3526 τὰ

298 3583 658 3658 μοναστήρια,
689 3585 744 3637 et
775 3579 1022 3651 σεμνεῖον
1056 3572 1118 3628 τὸ
1155 3569 1542 3645 μοναστήριον.

364 3649 661 3747 Movaitxi
718 3649 990 3736 πολιτεία,
1050 3672 1116 3720 ut
1183 3659 1428 3717 Cedreni
1489 3673 1545 3728 p.
1602 3653 1708 3709 329
1771 3652 1831 3722 b,
1893 3649 1955 3706 et

297 3744 654 3838 Curopalalae
688 3776 815 3833 pag.
847 3757 953 3813 817
1002 3771 1052 3811 c.
1111 3754 1226 3808 Nec
1255 3749 1435 3821 igitur
1464 3744 1784 3818 quidquam
1819 3757 1946 3795 mu-

299 3857 538 3913 tandum
569 3853 630 3908 in
662 3831 910 3906 Hormiae
967 3840 1234 3909 historia,
1287 3834 1520 3894 tametsi
1560 3832 1729 3890 aliter
1757 3831 1946 3886 visum

295 3960 530 4002 summo
552 3941 706 4014 juris
739 3935 987 3994 antistiti
1039 3933 1254 3998 Paret,
1295 3926 1356 3984 in
1403 3925 1532 3984 cod.
1569 3922 1652 3979 tit.
1685 3922 1741 3993 3,
1772 3919 1874 3976 lib.
1909 3935 1951 3985 1,

295 4040 361 4093 ut
393 4039 450 4092 et
483 4033 701 4090 ibidem
734 4026 975 4084 docebo.

365 4123 592 4198 Μόσχος
649 4134 912 4184 muscus,
963 4111 1244 4172 aromatis
1300 4124 1513 4182 genus.
1573 4103 1714 4160 Vide
1761 4105 1951 4159 Meur-

294 4231 474 4273 slum.

369 4297 591 4358 Μοῦλα.
651 4300 713 4354 Ρ.
771 4295 878 4350 295
933 4310 989 4363 a,
1044 4289 1304 4362 ἡμίονον.
1339 4285 1531 4342 Codex
1568 4281 1684 4348 GB,
1719 4275 1950 4352 μοῢλαν.

298 4390 618 4448 Alexander
644 4385 983 4443 Trallianus
1011 4379 1116 4436 lib.
1150 4395 1192 4446 ι,
1234 4392 1362 4448 cap.
1434 4374 1504 4429 15
1545 4388 1558 4427 :
1618 4371 1866 4423 Πεσεῖται
1898 4363 1956 4420 δὲ

297 4480 385 4537 ἐὰν
435 4477 630 4555 τρίχας
681 4470 808 4531 ὄνου
853 4471 945 4526 καὶ
1009 4465 1227 4544 μούλης
1288 4459 1684 4534 ὑποθυμιάσῃς.
1747 4461 1957 4513 Auctor

301 4572 393 4629 GB
439 4546 618 4643 μοέλα
664 4557 1093 4628 κολοστολίστη.
1152 4555 1298 4612 Ηίιιο
1359 4547 1603 4626 μουλίων
1659 4547 1840 4604 mulio
1896 4546 1954 4601 in

298 4660 587 4727 Basilicis,
617 4657 657 4712 l.
694 4672 785 4723 Lx,
817 4657 845 4724 ᾗ
874 4656 904 4706 7
940 4651 1005 4706 D.
1038 4650 1148 4705 loc.

372 4721 721 4818 Μουσοίῖριον
772 4721 990 4798 litteris
1045 4733 1504 4795 Musulmanicm.
1555 4729 1648 4787 Sic
1685 4721 1957 4800 μουσουλ-

305 4838 541 4914 μανίζειν
573 4813 1066 4890 Musulmanicam
1116 4823 1456 4896 religionem
1508 4817 1786 4892 profiteri.
1819 4813 1960 4872 Vide

301 4928 619 4988 Meursium
651 4923 710 4979 in
743 4938 809 4978 eo
841 4918 1037 4976 verbo.

371 5010 803 5091 Μούρτζουφλος
835 5004 1275 5080 superciliosus.
1308 4999 1451 5057 Vide
1479 4997 1816 5055 Meursium.

1105 5149 1150 5203 N

378 5301 569 5376 Νερόν.
605 5303 668 5357 In
701 5297 899 5356 Indice
955 5289 1172 5359 ἄντλον,
1219 5285 1399 5362 νερόν,
1454 5281 1962 5376 aqua._Maximus

305 5367 616 5466 episcopus
675 5385 966 5458 Margunii
1027 5379 1232 5438 homil.
1297 5393 1351 5433 1:
1410 5373 1496 5432 Νὰ
1523 5369 1838 5428 ἀποδίδεται
1869 5367 1963 5424 καὶ

305 5459 380 5544 είς
413 5481 474 5536 τὸ
502 5459 651 5554 νερὸν
679 5476 768 5531 καὶ
802 5475 878 5536 εἷς
907 5472 972 5527 τὸ
999 5473 1128 5544 πῦρ.
1156 5470 1375 5525 Auctor
1404 5465 1558 5521 alius
1590 5463 1703 5530 GB,
1736 5459 1963 5534 Πὸρηκα

308 5571 754 5648 μικροπόταμον,
810 5563 902 5641 καὶ
960 5561 1035 5624 εἷς
1090 5559 1152 5614 τὸ
1210 5556 1363 5634 νερὸν
1407 5554 1470 5609 τὸ
1506 5552 1663 5627 μέσον
1698 5549 1832 5631 φλὸξ
1865 5553 1960 5605 τοῦ

300 5662 470 5734 πυρὸς
502 5659 787 5732 ἐξήρχετο.

317 5783 320 5786 ~
375 5729 752 5820 Νοσοκομεῖον
785 5741 1215 5801 nosocomium.
1273 5739 1441 5794 Locus
1496 5732 1850 5802 venerabilis,
1901 5729 1961 5783 in

305 5858 414 5917 quo
442 5838 640 5910 (egroti
687 5832 940 5890 homines
986 5837 1276 5888 curantur.
1316 5825 1584 5882 Julianus
1613 5825 1964 5879 Antecessor

276 5937 424 5992 Nov.
456 5932 524 5998 7,
563 5941 693 5997 cap.
729 5924 779 5979 1.

2063 3339 2172 3378 ms.
2208 3295 2454 3392 Ηέτάυρα
2499 3315 2592 3371 καὶ
2633 3312 2701 3368 τὰ
2749 3295 2973 3364 ’σανίδια
3025 3306 3082 3360 ἓν
3153 3304 3238 3365 οἷς
3297 3301 3622 3377 στεγάζομεν
3654 3295 3724 3352 τὰ

2061 3409 2300 3468 ὀσπίτια.
2377 3390 2570 3466 Utitur
2621 3402 2904 3474 Georgius
2962 3394 3388 3453 Alexandrinus
3460 3391 3521 3446 in
3595 3390 3724 3445 Vita

2059 3498 2480 3574 Chrysostomi,
2531 3497 2782 3552 Joannes
2835 3490 3278 3545 Cantacuzcnus
3317 3484 3419 3538 aut
3448 3479 3719 3536 sultanus

2058 3568 2318 3664 Egppti,
2348 3589 2410 3644 in
2460 3585 2646 3658 Epist.
2688 3583 2758 3638 ad
2807 3581 3275 3635 Cantacuzenum
3303 3571 3445 3642 imp.
3480 3587 3539 3642 p.
3567 3568 3716 3638 756;

2060 3658 2382 3738 Concilium
2433 3674 2781 3731 Chalcedon.
2839 3672 2950 3724 act.
2993 3666 3099 3734 11;
3159 3659 3600 3718 Constantinus.
3634 3658 3717 3714 De

2063 3766 2542 3837 administimp.,
2575 3763 2809 3819 Gracus
2857 3758 3074 3826 Interp.
3127 3751 3360 3807 Basilio.
3407 3748 3509 3804 lib.
3542 3763 3715 3817 XLVII,

2062 3861 2155 3918 tit.
2209 3859 2260 3924 1,
2311 3857 2371 3912 in
2415 3854 2677 3924 iterpret.
2735 3848 2827 3916 Is;
2893 3843 3100 3903 Lucius
3155 3841 3224 3896 32
3281 3839 3349 3895 D.
3415 3838 3492 3893 De
3522 3837 3719 3924 donat.

2067 3919 2438 4013 Ηοάἱοσπίτη
2471 3919 2560 3998 vel
2590 3938 2736 3993 σπίτι
2789 3935 3011 3991 dicunt.
3042 3933 3260 3987 Auctor
3291 3927 3406 3997 GB,
3440 3919 3716 3997 Ἐμπένης

2069 4039 2165 4113 at;
2204 4039 2323 4097 ταῖς
2356 4029 2648 4111 φαμιλίαις
2713 4025 2780 4080 τὰ
2839 4021 3044 4092 σπήτια
3100 4014 3457 4096 δυσφανίζεις.
3490 4013 3726 4071 Alexius

2066 4103 2416 4192 liherturus,
2437 4103 2605 4178 Vdoct.
2640 4117 2697 4173 2.
2728 4111 3036 4171 Bessarion
3065 4104 3380 4164 cardinalis
3427 4103 3596 4176 epist.
3653 4103 3724 4158 ad

2069 4219 2292 4293 pmdag.
2326 4214 2578 4269 ﬁliorum
2609 4208 2846 4264 Thomas
2878 4197 3206 4293 P_alaeologi.

2137 4282 2479 4377 Οόννάρχης.
2545 4302 2610 4353 Ρ.
2674 4297 2740 4350 47
2803 4293 2841 4349 d
2901 4291 2961 4346 in
3020 4288 3134 4345 alio
3193 4284 3409 4348 codice,
3444 4282 3571 4352 Ῥήξ
3614 4284 3723 4336 τῶν

2067 4369 2362 4472 Οὓγγρωνξ
2375 4369 2760 4448 Glossarium
2818 4398 2952 4472 ms._
2985 4379 3051 4436 D.
3099 4373 3463 4444 Cancellarii,
3525 4369 3722 4429 Οὕννοι

2069 4486 2121 4541 οἱ
2152 4470 2415 4558 Οῧγγροι.
2450 4477 2592 4533 Vide
2622 4490 2757 4548 pag.
2788 4470 2981 4529 eamd.
3015 4486 3068 4525 a.

2143 4550 2316 4647 "cui;
2337 4572 2510 4628 obses
2540 4585 2597 4640 p.
2627 4566 2735 4621 263
2794 4564 2855 4620 b.
2913 4560 3126 4616 Eadem
3158 4574 3229 4647 p.
3249 4555 3355 4610 263
3399 4571 3432 4610 a
3463 4550 3722 4628 βασιλεὺς

1988 4622 2034 4686 D
2068 4663 2126 4720 δὲ
2171 4622 2594 4721 egebit—sivi;
2643 4657 2752 4710 τῶν
2809 4649 2859 4720 ἐξ
2920 4622 3178 4722 αἳματος-
3210 4622 3484 4717 ὁμήρους..
3535 4645 3726 4700 Codex

2068 4757 2160 4814 GB
2202 4748 2416 4826 ὅψιδας.
2473 4745 2858 4816 Theophanes
2914 4739 2976 4795 in
3035 4739 3258 4794 Leone:
3321 4730 3582 4806 Αέγοντες
3639 4732 3723 4786 δτι

2069 4841 2292 4917 δίδομεν
2327 4840 2456 4912 ὑμῖν
2489 4831 2685 4910 ὅψιδας
2724 4829 2792 4886 τὰ
2829 4829 2991 4885 τέκνα
3017 4827 3202 4897 ἡμῶν.

2138 4911 2411 5006 ’ὀψώνιον
2463 4924 2798 4996 cpsonium,
2856 4914 3238 4989 stipendium.
3323 4911 3724 4969 Theodoretus

2068 5025 2126 5080 in
2158 4998 2466 5095 epistolam
2497 5013 2659 5071 Pauli
2707 5011 2777 5067 ad
2837 5007 3134 5095 Romanos
3186 5019 3313 5095 cap.
3345 5003 3418 5058 6:
3478 4998 3723 5061 Εἰκότως

2067 5111 2159 5167 καὶ
2195 5088 2306 5164 ’τὸν
2371 5102 2562 5181 μισθὸν
2610 5099 2846 5173 ὀψώνιον
2924 5089 3211 5163 κέκληκεν
3273 5088 3560 5163 ὀνομάζειν
3619 5089 3723 5165 γὰρ

2069 5198 2213 5257 οὕτω
2243 5196 2406 5277 φίλον
2438 5191 2587 5263 αὐτῷ
2625 5190 2686 5245 τὸ
2719 5183 3110 5262 στρατιωτικὸν
3139 5180 3465 5256 σιτηρέσιον.
3500 5181 3724 5236 Andro-

2066 5291 2236 5350 nicus
2255 5264 2462 5345 unior
2481 5282 2543 5338 in
2573 5279 2892 5353 diplomate
2917 5291 3017 5346 pro
3040 5268 3519 5328 Monembasiotis
3541 5286 3555 5325 :
3581 5264 3723 5325 Οὸδὶ

2069 5378 2222 5434 αὐτοὶ
2255 5371 2518 5451 ὀφείλωσι
2567 5367 2728 5444 χάριν
2785 5361 3145 5451 μαγειρίαςῗῆ
3205 5359 3446 5432 ὀψωνίου
3477 5359 3512 5429 ἢ
3546 5356 3722 5413 ἄλλου

2065 5469 2210 5530 τινὸς
2245 5449 2563 5536 ζητήματος
2593 5457 2841 5514 ἀπαιτεῖν
2869 5475 2923 5508 τι
2954 5453 3004 5526 ἐξ
3037 5450 3236 5508 αὐτῶν.
3269 5450 3338 5507 V.
3363 5449 3724 5506 Glossarium

2069 5561 2143 5616 ad
2175 5557 2523 5613 Cedrenum.

2872 5672 2919 5728 H

2137 5806 2450 5866 Πακτώνειν
2491 5802 2732 5880 pacisci.
2792 5799 2935 5856 Vide
2997 5795 3320 5854 Meursium
3368 5793 3439 5851 ad
3466 5794 3719 5849 Constan

2070 5903 2142 5959 de
2164 5897 2464 5957 administ.
2498 5894 2643 5966 imp.
2674 5908 2725 5948 c.
2757 5890 2848 5946 44.
