2037 3195
176 205 253 237 1079

212 272 373 304 Ιῐαλπῖνος.
399 273 548 301 Palatinus
576 282 605 309 p.
632 274 683 301 156
711 273 738 301 b.
760 268 922 300 'l’ulntinus
939 272 1002 307 quis
1019 274 1041 304 Α

173 318 210 346 sit
225 318 344 354 explicat
361 318 488 346 Nicetes.
506 318 585 346 Alias
602 318 722 346 Palatini
741 326 846 346 nomen
867 317 1002 353 generale

172 368 228 397 est,
243 371 336 399 eoque
352 371 454 391 omnes
478 364 666 391 continentur
681 364 731 399 qui
745 364 775 392 in
791 371 873 391 sacro
888 362 1001 390 Palatio

173 409 309 436 militant.
339 408 380 436 De
405 408 513 444 quibus
541 409 605 435 vids
634 409 685 436 lib.
711 417 751 436 xu
774 408 844 436 Cod.
861 409 907 436 tit.
923 407 1002 435 23θι

172 454 218 486 28,
248 455 277 481 et
297 454 336 481 ibi
367 453 540 489 Cujacium;
567 453 718 481 Julianum
735 455 954 481 Antecessorem
971 453 1000 481 in

174 498 300 526 Scholiis
316 498 350 525 ad
367 497 514 525 Novellam
529 500 574 531 22,
602 505 665 534 cap.
691 498 737 531 82,
753 498 934 526 Glossarium
952 497 1002 526 Isi-

174 543 236 571 dori
262 543 290 570 in
322 542 472 576 Basilides.
504 546 543 570 De
572 543 713 571 Palatinis
736 543 801 570 vide
815 543 902 570 etiam
919 542 1000 570 Glos-

172 587 281 615 sarium
298 587 462 619 Nomicurn,
477 589 505 615 et
515 595 580 623 quae
590 587 700 615 ibidem
717 588 947 616 observavimus.

207 631 293 659 Πάνον
309 640 435 667 pannus,
452 631 574 660 linteum
599 640 666 668 pag.
688 632 740 660 243
756 635 785 660 et
799 632 862 661 365.
880 631 1003 660 Basilica

168 676 221 704 li‘o.
238 685 322 709 xxxv.
339 676 384 703 tit.
401 677 427 710 1,
451 684 515 712 cap.
541 677 586 711 22,
616 677 630 710 §
656 676 693 704 6:
721 676 925 715 Σφραγισθῆναι
942 674 1001 703 δια-

169 721 240 755 θήκη
271 719 378 757 λέγεται
407 720 430 747 εἱ
463 719 509 747 καὶ
537 720 568 748 τὸ
597 720 690 748 πανίον
718 720 744 748 ἂν
783 721 806 757 ᾧ
833 717 1001 756 ἐμϐάλλεται

171 765 336 803 σφραγισθῇ.
366 766 406 793 Ex
431 766 454 793 Ῐ.
484 767 528 793 22.
561 765 595 793 D.
619 766 670 802 qui
699 767 804 794 testam
834 766 889 793 fac.
921 773 1000 801 pose.

171 817 239 838 nam
269 809 356 837 etiam
385 808 481 836 πανίον
509 810 655 844 dioebant,
687 812 718 837 ut
743 810 819 845 apud
843 809 945 837 Codin.
964 811 1002 837 De

172 853 248 881 ofﬁc.
264 853 361 880 πανίον
376 852 507 890 κίτρινον.
538 854 648 882 Auctor
663 854 707 881 GB
732 854 762 882 in
779 853 920 881 historica
934 861 1003 881 nar-

172 899 228 926 rat.
259 898 298 925 De
328 897 487 926 Boliaario:
516 897 603 925 Πανία
631 898 824 936 χρυσοῢφαντα
853 896 1002 935 ἒκρέμασαν

173 941 211 972 εἷς
240 940 334 979 τείχη.
364 942 550 970 Andronicus
576 943 732 997 juniornii‘i
763 943 932 997 diplomate'
950 951 1001 978 pro
1017 964 1041 997 Β

172 986 437 1015 Monembasiotis:
467 988 501 1014 'H
539 987 637 1014 πανίου
671 986 689 1021 ἢ
719 986 891 1015 λινοκόκκου.
921 987 1000 1015 Idem

172 1030 291 1059 Nicetas
308 1039 336 1066 p.
351 1031 404 1059 312
426 1030 527 1068 πραταὶ
553 1033 607 1058 τῶν
637 1030 748 1063 ὀθονῶν.
766 1032 859 1059 Codex
883 1031 929 1060 GB
949 1041 1002 1058 πα-

170 1075 318 1111 νοπράται.

208 1122 300 1150 nua;
334 1120 432 1156 ἱερεύς,
465 1122 609 1148 sacerdos.
640 1122 787 1149 Cedrenus
827 1130 854 1156 p.
885 1121 939 1148 342
969 1129 1001 1148 c:

171 1164 224 1192 Τὸν
255 1163 384 1201 βαὶουλον
422 1164 503 1191 αὐτοῦ
537 1167 627 1192 παπᾶν
658 1165 780 1200 ἐποίησε.
809 1167 917 1193 Auctor
946 1166 1002 1193 GH:

172 1209 259 1245 Κροῦν
290 1208 316 1235 οἱ
344 1209 485 1245 καμπάνες
527 1207 637 1243 δυνατὰ,

173 1251 227 1286 δες⁷
243 1252 288 1280 καὶ
305 1252 429 1289 ψάλλουν
444 1252 496 1285 ἔως
522 1254 567 1281 τὸν
595 1252 716 1291 οὐρανόν.
736 1254 828 1286 Πάπας
845 1257 939 1282 autem
957 1263 989 1282 V8

173 1297 249 1324 πάπα
265 1306 316 1333 pro
333 1299 469 1333 pontiﬁce
484 1299 516 1326 Β.
534 1300 662 1327 sumitur
678 1307 704 1334 p.
723 1300 774 1326 130
792 1300 819 1326 b.

212 1341 478 1378 11αρακοιμώμενος.
509 1343 637 1370 Joannes
666 1344 897 1377 Cantacuzenus,
919 1343 968 1371 lib.
984 1352 1002 1378 ι,

175 1394 200 1414 c.
231 1387 266 1414 2:
297 1387 337 1422 Τῇ
366 1388 415 1413 τοῦ
444 1387 693 1423 παρακοιμωμένου
722 1388 907 1424 τετιμημένου
932 1387 1002 1423 ἀξίᾳ.

176 1431 357 1458 Constantin.
378 1434 417 1459 De
443 1433 522 1460 adm.
550 1432 619 1468 imp.
643 1441 706 1468 cap.
721 1433 774 1460 43:
792 1431 937 1459 Βασιλείου
956 1434 1004 1459 τοῦ

176 1475 426 1512 παρακοιμωμὲνου
454 1476 541 1506 οἶκος.
572 1477 712 1511 Codinus,
742 1477 782 1504 De
810 1478 886 1504 offic.
904 1478 935 1504 '0
953 1486 1005 1504 πα-

684 1211 871 1246 μαζωνοῦνται
910 1209 1004 1235 iuni-

175 1519 383 1556 ρακοιμώμενος
408 1521 457 1546 τοῦ
485 1522 618 1551 κοιτῶνος
648 1520 799 1557 εὑρίσκεται
829 1520 936 1559 κεφαλὴ
951 1523 1004 1548 τῶν

173 1562 253 1599 ἐντῷ
281 1565 393 1590 κοιτῶνι
423 1562 622 1592 παιδοπούλων
651 1565 695 1591 καὶ
725 1567 778 1592 τῶν
804 1565 1003 1602 κοιτωναρίων.

172 1609 229 1637 Leo
264 1608 500 1636 Grammaticus:
530 1609 585 1636 Τοῦ
615 1607 643 1636 δὲ
665 1610 801 1646 βασιλέως
823 1608 1004 1647 διερχομένου

172 1651 198 1679 ἐν
222 1653 256 1688 τῇ
272 1651 444 1689 προελεύσει,
476 1653 586 1680 ὐπισθεν
618 1640 758 1684 Βαόίλειος
782 1640 936 1691 περιεπόίτει
954 1665 1002 1686 φο·
1020 1640 1040 1672 C

170 1699 223 1734 ρῶν
241 1698 443 1735 σκαραμάγγιον
470 1698 538 1734 μετὰ
564 1699 691 1734 σπαθίου,
723 1699 760 1730 ὡς
791 1698 851 1731 ἔθος
875 1703 934 1730 τοῖς
950 1710 1002 1727 πα-

172 1740 405 1778 ρακοιμωμένοις.
426 1743 702 1771 Paracmmomenus
719 1745 810 1780 igitur
825 1745 957 1780 gladium
974 1748 1002 1773 et

175 1787 412 1822 scaramangium
428 1787 613 1823 imperatoris
630 1789 749 1817 ferebat.
762 1789 957 1817 V.Meursium
975 1793 1003 1818 et

176 1831 357 1859 Glossarium
375 1836 507 1859 nostrum
525 1833 559 1859 nd
572 1833 816 1869 Cedrenum,-rrapi
832 1835 880 1860 τοῦ
901 1836 1001 1865 κοςτῶ-

175 1886 222 1906 νος
239 1875 461 1911 προκαθημένου.
484 1877 554 1904 Vide
570 1879 723 1905 Cantacuz.
743 1879 762 1911 Ι,
779 1878 823 1906 48.

216 1920 377 1956 Παραμονή.
421 1920 489 1956 Pag.
528 1921 591 1956 364,
634 1921 823 1960 Πελεκυφόρος
852 1920 1001 1959 βάρϐαρος.

178 1964 274 1992 Codex
303 1965 349 1992 (ΞΒ
379 1966 537 2001 παραμονή.
566 1967 616 1994 Est
644 1970 741 1994 autem
777 1968 922 2003 παραμονή
951 1977 1002 1995 cu-

177 2010 281 2042 stodia,
319 2010 415 2037 statio.
460 2010 626 2046 Stephanus
671 2012 699 2038 in
730 2012 945 2041 Commentario
974 2013 1003 2040 in

178 2054 339 2082 Aristotelis
365 2055 550 2083 Rhetoricam
572 2056 714 2084 hactenus
735 2057 857 2090 inedito,
872 2058 1003 2093 Τυραννί-

176 2096 222 2128 δος
239 2097 267 2125 δὲ
282 2097 363 2129 τέλος
374 2099 482 2137 φυλακὴ
498 2098 581 2137 ἤγουν
597 2099 742 2137 λεγόμεναι
758 2102 923 2138 παραμοναί.

213 2142 402 2179 Harpe-adpth
437 2144 567 2179 portella.
598 2146 771 2173 Anastasius
799 2146 936 2174 Biblioth.
968 2148 1003 2175 rle

175 2187 243 2214 vitis
265 2187 370 2214 Pontif.
396 2189 604 2216 Constantinus
622 2190 649 2216 in
666 2190 809 2218 Tacticis:
827 2191 1003 2228 Ηαραπόρτια

177 2229 206 2258 δὲ
224 2231 309 2267 μικρὰ
324 2229 510 2269 περισσότερα.
528 2232 601 2260 Vide
617 2234 650 2260 ad
669 2235 735 2262 Ced.

215 2276 385 2312 Παρασκευή,
421 2279 452 2303 Ρ.
496 2278 558 2312 342,
602 2277 632 2304 Ἣ
676 2277 741 2312 ’ὲγτη
784 2281 837 2306 τῶν
880 2280 1003 2316 ἡμερῶν.

179 2322 261 2349 Alius
289 2322 379 2349 codex
408 2323 577 2358 παρασκευή.
603 2323 668 2350 Dies
703 2327 813 2358 sextus,
830 2325 891 2352 dies
908 2325 1002 2353 Vene-
1019 2325 1041 2356 D

177 2366 228 2394 ris.
246 2367 276 2394 V.
295 2367 331 2394 ad
348 2367 430 2394 Cedr.
456 2369 485 2394 et
512 2367 692 2395 Glossarium
718 2369 1002 2397 Arabico-Latinum.

213 2413 314 2441 Πασιας
340 2412 425 2439 Bassa
453 2412 528 2447 apud
554 2412 673 2440 Turcas.
702 2413 756 2440 Τὸν
786 2413 922 2448 Πασιάτην
937 2414 1004 2440 Θεό-

177 2454 277 2492 δωρον.
293 2456 366 2483 Vide
382 2456 540 2484 Msursium
558 2457 586 2484 in
617 2465 644 2485 v.
662 2457 770 2488 πασίας.

212 2499 301 2531 Πάτος
318 2501 433 2535 divitiae,
448 2501 540 2529 dives.
559 2502 628 2529 Vide
644 2502 814 2531 Meursium.

214 2543 371 2581 Πάτροκλον
388 2546 546 2579 excusatio,
564 2549 728 2581 praetextas.
747 2548 778 2574 V.
796 2547 965 2576 Meursinm.

214 2586 422 2624 Ποδαρο·5λλιον
449 2589 531 2617 sella.
563 2593 594 2619 Ρ,
622 2591 675 2618 383
698 2600 714 2619 a
739 2590 777 2621 εἰς
801 2589 893 2627 ἕδρας.
910 2593 1005 2621 Codex

177 2633 222 2661 (ΞΒ
243 2631 443 2670 ποδαρούλλια,
464 2635 637 2663 Eustathius
659 2636 693 2663 ad
719 2636 821 2672 Odyss.
839 2637 863 2671 η’
879 2646 906 2672 p.
925 2638 1002 2671 1571,

177 2686 207 2705 n.
223 2678 276 2705 20:
295 2676 382 2712 Δηλοῖ
397 2676 426 2704 δὶ
440 2676 608 2716 (ἀνδράχλη)
632 2680 663 2707 τὸ
690 2679 836 2712 ἴδιωτικῶς
855 2685 1003 2718 γυναικεῖον

176 2719 389 2759 ποδαρούλλιον.

213 2767 304 2803 ἰιόρτα
320 2775 386 2803 pag.
405 2767 455 2794 108
485 2769 514 2795 et
542 2769 606 2796 368.
636 2770 716 2799 Idem
741 2780 770 2808 p.
798 2772 832 2799 44
847 2771 935 2804 πύλας
951 2774 1005 2800 τῶν

175 2810 296 2839 πόλεων.
325 2811 421 2840 Codex
450 2811 496 2840 (ΞΒ
524 2812 638 2849 πόρτας.
667 2815 722 2843 Leo
749 2817 831 2845 Tact.
863 2825 927 2853 cap.
960 2818 1003 2851 tt,

175 2857 256 2892 §48z
272 2855 446 2892 Ἐμπροσθεν
472 2858 527 2882 τῶν
552 2861 671 2894 παρ-τῶν.
696 2860 751 2888 Leo
771 2861 1003 2890 Grammaticus:

175 2900 229 2927 Καὶ
255 2898 371 2936 μηδενὸς
405 2899 601 2936 ἀνθισταμένου
637 2902 789 2940 ἀνοίξαντες
822 2905 870 2936 τὰς
904 2905 1006 2942 πόρτας

189 2943 320 2980 ἶσήγαγον
343 2943 422 2971 αὐτὸν
445 2943 484 2974 εἷς
502 2944 552 2978 τὴν
575 2944 670 2974 πόλιν.
691 2949 796 2977 Auctor
825 2949 889 2977 GB:
920 2949 1006 2978 Ἦλθιι

837 206 991 237 NlCET/E
1013 206 1224 237 ΟΗΟΝΙΑΤᾹΞ

1810 210 1903 241 1080

1059 272 1103 298 καὶ
1137 270 1284 300 ἐκνπέλαϐε
1315 275 1364 300 τοῦ
1397 273 1515 311 κάστρου
1552 285 1581 302 τε
1613 275 1660 307 τὰς
1693 276 1810 315 πόρτας,
1846 280 1900 307 καὶ

1057 317 1158 354 πόρταν
1187 317 1297 355 ηὕρικεν
1331 318 1459 357 λαμπρὰν
1494 319 1519 356 ἐξ
1553 319 1709 358 ἀδαμάντου
1743 323 1835 353 λίθου.
1853 325 1898 354 ν.

1057 362 1090 390 ad
1108 362 1282 391 Cedrenum.

1091 405 1334 444 Πορφυρογένητος
1363 408 1635 445 porphyrogenitus.
1681 411 1725 439 ’Ev
1755 414 1789 449 τῇ
1820 424 1895 452 πορ-

1055 451 1127 490 φύρᾳ
1154 451 1262 489 τεχθείς
1289 453 1494 482 Christodulus
1523 455 1583 483 sive
1610 455 1737 485 Joannes
1751 459 1838 487 Cant.
1857 451 1889 488 in

1055 498 1142 532 epist.
1172 499 1207 525 ad
1236 498 1356 526 Nilum:
1387 501 1419 527 In
1457 508 1586 536 purpura
1616 503 1746 537 genitus.
1780 505 1892 533 Idatius

1054 542 1188 578 Episcop.
1219 543 1312 570 Fastis
1341 544 1574 573 Consularibus:
1603 547 1664 582 Ipso
1703 556 1776 576 anno
1804 554 1888 577 natu:

1054 590 1093 614 est
1124 587 1266 614 Honorius
1294 587 1375 615 nobis
1403 588 1433 616 in
1464 591 1608 625 purpuris.
1640 592 1880 629 Porphyrogeniti

1054 631 1122 659 dicti
1152 631 1196 659 vel
1226 632 1305 668 quod
1332 633 1392 661 nali
1421 642 1549 670 purpura
1574 636 1787 672 exciperentur,
1802 641 1884 674 patre

1054 676 1113 711 iam
1132 677 1306 712 imperatore
1337 677 1406 714 (huc
1435 678 1538 706 alludit
1566 680 1686 709 Proclus
1709 685 1782 710 orat.
1799 682 1888 716 [1,10—

1055 728 1146 756 quens
1175 721 1211 748 de
1239 721 1373 750 Christo:
1412 722 1442 750 Ὁ
1469 722 1596 759 βασιλεὺς
1624 728 1675 759 τῆς
1718 724 1799 761 δόξης
1829 721 1890 758 ἀνθ’

1054 763 1220 802 ἁλουργίδας
1248 766 1282 792 τὰ
1310 766 1475 804 σπάργανα),
1505 769 1548 796 vel
1565 779 1580 796 ει
1596 770 1684 798 domo
1707 770 1737 798 in
1754 780 1813 807 qua
1827 773 1891 800 Au-

1054 812 1145 845 gustae
1173 810 1336 846 pariebant.
1358 812 1503 840 Constant.
1537 815 1704 843 Manasscs:
1738 815 1889 855 Πορφῦραν

1054 853 1234 889 ὀνομάζουσιν
1254 854 1355 882 ἐκεῖνον
1384 856 1430 883 τὸν
1462 856 1594 885 οἰκίσκον.
1624 859 1707 887 Anna
1735 853 1890 889 Com-uena

1054 897 1212 931 Alexiadis,
1248 898 1299 927 lib.
1335 908 1384 928 v1:
1415 901 1490 928 Κατὰ
1523 902 1554 928 τὸ
1588 902 1778 941 ἀφωρισμένον
1799 904 1892 932 πάλαι

1054 944 1114 973 ταῖς
1151 943 1306 974 nuto-Scott:
1343 946 1396 971 τῶν
1431 944 1581 982 βασιλίδων
1611 945 1717 984 οἷ’κημα
1746 948 1791 975 ἐπὶ
1825 952 1894 981 ταῖς

1056 985 1150 1013 ὠδῖσιν
1185 987 1320 1024 εὑρηκώς.
1355 988 1500 1027 Πορφύραν
1529 992 1610 1018 τοῦτο
1635 991 1760 1024 ἀνέκαθεν
1782 993 1894 1030 ὀνομά-

1057 1033 1157 1066 ζουσιν,
1178 1030 1203 1068 ἐξ
1233 1032 1264 1059 οὗ
1293 1032 1338 1060 καὶ
1365 1033 1398 1060 τὸ
1425 1036 1479 1061 τῶν
1512 1037 1761 1073 πορφυρογενήτων
1799 1035 1894 1074 ὄνομα

1056 1075 1094 1106 εἰς
1113 1077 1162 1111 τήν
1191 1077 1354 1113 οἰκουμένην
1386 1077 1524 1115 διέδραμε.
1556 1081 1636 1109 Adde
1666 1082 1714 1109 lib.
1745 1091 1796 1117 VII,
1827 1092 1891 1112 non

1058 1122 1151 1168 multo
1181 1125 1246 1158 post
1276 1124 1402 1150 initium.
1443 1125 1521 1153 Idem
1563 1128 1711 1155 Manesses
1750 1129 1890 1168 πορφυρό-

1058 1164 1140 1192 mnia
1168 1168 1297 1203 appellat
1326 1177 1392 1196 cum
1423 1170 1472 1205 qui
1504 1170 1530 1197 in
1557 1180 1686 1207 purpura
1716 1164 1892 1208 natuslerst,

1059 1210 1101 1242 in,
1119 1212 1251 1239 versibus
1282 1213 1331 1248 qui
1363 1213 1507 1242 habentur
1533 1215 1560 1242 in
1588 1216 1665 1244 calce
1693 1217 1760 1245 libri
1778 1218 1896 1247 calamo

1060 1256 1178 1282 exarati.

1058 1311 1263 1353 μορκφιιρόπαις,
1280 1312 1359 1353 γόνος
1376 1312 1573 1353 αὐσονάνακςος
1591 1316 1809 1353 καρτεροθύμου,

1058 1346 1239 1398 levium:
1252 1346 1427 1398 Militaui:
1435 1349 1592 1398 ἔδμιιξλίηε
1603 1346 1794 1398 ripest“

1059 1383 1091 1420 ᾮ
1106 1381 1169 1420 γέρα
1185 1381 1280 1420 πρῶὲα
1293 1381 1645 1423 ’σεϐάστοκραέόρίης’νεῖμ’
1661 1381 1835 1426 ὁ”φυτεῦοίας.

1096 1435 1216 1473 Πρίγκιψ
1246 1438 1390 1474 princeps.
1428 1440 1611 1476 Nicephorus
1652 1441 1808 1478 Gregoras.
1838 1451 1893 1472 IV:

1060 1480 1179 1517 Ηρίγκιψ
1210 1480 1404 1516 Πελοπονήσου
1438 1482 1483 1510 καί
1525 1485 1648 1522 ’Δχαίας.
1692 1487 1893 1523 Menologium

1060 1533 1158 1551 mense
1175 1525 1250 1552 Maio
1267 1526 1312 1553 die
1327 1527 1381 1553 24:
1413 1529 1459 1553 'Qv
1491 1528 1516 1554 oi
1543 1528 1590 1564 μὲν
1615 1529 1685 1563 ἦσαν
1714 1530 1835 1566 κόμητες
1862 1532 1891 1558 οἱ

1060 1567 1088 1595 δὲ
1103 1566 1253 1605 τριϐοὖνοι,
1275 1570 1300 1596 οἱ
1322 1569 1349 1597 δὲ
1373 1571 1530 1610 πρίγκιπες.
1547 1574 1627 1602 Adde
1644 1575 1886 1610 Cantacnzenum,

1060 1621 1087 1648 p.
1113 1614 1176 1647 753,
1201 1617 1312 1642 Annam
1343 1617 1482 1644 Comnen.
1513 1617 1592 1646 Alex.
1626 1618 1677 1647 lib.
1710 1627 1750 1654 ιιι,
1774 1621 1802 1647 et
1817 1627 1883 1655 quas

1056 1658 1150 1685 dicam
1168 1659 1195 1685 in
1213 1659 1361 1688 Glossario
1377 1662 1495 1689 Nomico
1511 1671 1537 1688 ν.
1554 1663 1684 1700 πρίγκιψ.

1092 1700 1199 1738 Προϐἑα
1236 1704 1330 1739 pellis,
1362 1706 1532 1733 membrana
1564 1716 1629 1744 pag.
1656 1709 1719 1736 281.
1749 1708 1826 1737 Idem
1855 1717 1888 1746 p.

1056 1748 1108 1774 235
1134 1756 1150 1775 ιι
1174 1748 1218 1774 καὶ
1245 1746 1333 1785 δέῤῥιν
1362 1749 1523 1786 ἐξημμένον.
1555 1752 1649 1780 Codex
1674 1753 1731 1789 GB,
1755 1750 1888 1790 προϐἑαν.

1057 1793 1147 1820 Hodie
1163 1790 1275 1829 προϐία.

1092 1836 1226 1874 Πρόεδρος
1244 1839 1382 1875 pontifex,
1408 1840 1542 1875 antistes,
1568 1842 1674 1877 praesul
1691 1851 1720 1878 p.
1739 1843 1801 1877 140,
1817 1851 1843 1871 c.
1860 1845 1894 1872 et

1056 1889 1084 1917 p.
1119 1883 1171 1909 393
1203 1881 1375 1920 προεδρεύων
1409 1884 1553 1921 ἱερατικῶς
1586 1887 1636 1918 τῆς
1661 1886 1780 1918 πόλεως.
1802 1891 1894 1916 Anna

1056 1926 1204 1954 Coninmia
1222 1928 1347 1955 Alexiad.
1372 1938 1429 1956 vn:
1461 1930 1527 1966 Ὁρᾷ
1555 1930 1601 1957 τὸν
1632 1934 1682 1965 τῆς
1707 1930 1892 1967 Χαλκηδόνος

1056 1969 1188 2007 πρόεδρον
1227 1971 1326 1999 Λέοντα
1364 1973 1412 2007 τὴν
1459 1974 1598 2011 ἱερατικὴν
1643 1975 1744 2010 στολὴν
1782 1977 1894 2015 ἠμφιε-

1057 2014 1162 2051 σμένον.
1180 2016 1417 2053 Theophylnctus
1442 2020 1609 2053 Simocalta,
1634 2021 1707 2048 Hist.
1733 2014 1892 2050 Mauricii:-

1057 2069 1111 2093 nae,
1128 2060 1178 2088 lib.
1196 2069 1236 2094 In,
1254 2070 1316 2096 cap.
1340 2064 1357 2089 2
1377 2071 1382 2089 :
1410 2063 1474 2090 Μετ’
1491 2063 1522 2090 οὐ
1539 2063 1610 2091 πολὺ
1627 2062 1655 2091 δὲ
1674 2065 1720 2092 τὸν
1736 2068 1788 2100 τῆς
1811 2068 1895 2094 Κων-

1057 2104 1196 2139 στοιντίνης
1212 2104 1344 2142 πρόεδρον
1369 2107 1381 2133 ὁ
1409 2108 1557 2145 στρατηγὸς
1583 2109 1622 2139 εἷς
1646 2108 1677 2136 τὸ
1702 2109 1894 2146 στρατόπεδον

1056 2147 1223 2185 πρεσϐευτήν
1247 2149 1422 2187 διεπέμπετο.
1456 2153 1508 2180 Alii
1535 2151 1664 2190 πρόεδροι
1693 2157 1778 2182 erant
1807 2156 1897 2185 Pala-

1057 2195 1121 2227 tini,
1147 2195 1181 2221 de
1204 2195 1311 2230 quibus
1335 2197 1476 2224 Meursius
1502 2198 1530 2225 in
1559 2198 1612 2226 hac
1644 2199 1781 2227 dictione.
1804 2201 1899 2230 Anna

1056 2239 1203 2266 Comnena
1223 2239 1351 2269 Aiexiad.
1367 2250 1403 2268 n:
1429 2242 1476 2277 Τῷ
1490 2244 1544 2269 τῶν
1561 2241 1701 2280 προέδρων
1729 2245 1898 2280 τετιμηκὼς

1058 2283 1203 2318 ἀξιώματι.
1226 2285 1315 2312 Erant
1345 2290 1440 2314 autem
1472 2295 1595 2316 numero
1622 2288 1732 2324 plures,
1759 2292 1789 2317 et
1811 2290 1897 2319 inter

1057 2336 1106 2355 eos
1137 2329 1290 2362 primarius
1320 2329 1549 2368 πρωτοπρόεδρος
1588 2332 1751 2362 dicebatur.
1779 2335 1893 2364 Eadem

1061 2376 1144 2399 Anna
1176 2373 1224 2400 lib.
1253 2382 1303 2401 HI:
1338 2374 1506 2409 Ἐστάλησαν
1527 2375 1572 2403 διὰ
1590 2378 1638 2404 τοῦ
1656 2377 1894 2416 πρωτοπροὲδρου

1061 2420 1118 2444 Κων
1124 2417 1274 2446 σταντίιιου,

1095 2462 1254 2499 Πρόκοιτος.
1285 2465 1317 2496 V,
1343 2464 1474 2493 Glossar.
1505 2466 1541 2494 ad
1577 2467 1661 2494 Ccdr.
1683 2468 1714 2495 in
1748 2469 1890 2505 παρακοι-

1061 2508 1199 2544 μώμενος.

1098 2554 1235 2590 Ιιρόκυψις
1270 2556 1452 2590 prospectus.
1491 2556 1562 2584 Vide
1602 2558 1636 2585 nd
1672 2557 1805 2587 Codicum
1841 2557 1884 2585 De

1060 2598 1173 2626 ofﬁciis,

1097 2642 1257 2679 Προσώψιον
1277 2644 1386 2671 faciale.
1409 2646 1439 2672 V.
1459 2645 1628 2674 Meursium.

1095 2685 1320 2723 Πρωτεκδιιιεῖον.
1347 2689 1419 2716 Vide
1444 2689 1535 2717 Gloss.
1559 2691 1593 2718 ad
1622 2693 1784 2721 Cedrenum
1811 2693 1842 2721 in
1864 2702 1895 2722 ν.

1059 2729 1200 2765 Ἔκδικος,
1216 2736 1243 2759 et
1261 2732 1421 2762 Meursium
1433 2735 1460 2761 in
1478 2735 1580 2763 eadem
1597 2744 1677 2765 voce.

1095 2777 1364 2813 Πρωτοασηκρήτης.
1404 2778 1474 2810 Quis
1528 2780 1672 2809 diceretur
1719 2780 1898 2820 ἀσηκρήτης,

1061 2821 1144 2847 docet
1159 2820 1340 2849 Glossarium
1359 2822 1395 2850 ad
1415 2823 1590 2852 Cedrenum.
1607 2825 1713 2855 Suidas
1727 2826 1758 2854 in
1774 2827 1900 2863 Etyma-

1061 2865 1154 2900 logico
1172 2873 1227 2892 ms.
1245 2874 1335 2901 penes
1351 2867 1444 2894 virum
1472 2867 1708 2898 illustrissimum
1722 2872 1755 2900 D.
1773 2871 1899 2901 Petrum

1060 2909 1240 2943 Segulerium
1284 2910 1414 2938 Francia;
1456 2913 1687 2943 cancellarium:
1717 2915 1903 2953 ’Λσηκρήτης

1063 2951 1234 2992 ὑπογραφεὺς
1273 2953 1287 2980 ὁ
1324 2956 1383 2986 τοῖς
1417 2957 1474 2983 τῶν
1516 2957 1687 2994 κρατούντῶν
1727 2951 1901 2997 μυστήρίοις
