4074 6388
1564 400 1912 467 FABROTI
1955 392 2489 460 GLOSSARIUM.
3568 371 3723 434 1082

1685 532 1956 606 διαλέκτῳ
1989 583 1996 601 Α

2115 529 2268 585 ἱπτω.
2335 527 2404 584 Ut
2453 525 2596 597 quin
2647 538 2779 578 vera
2819 518 2988 578 lectio
3041 517 3119 573 sit
3173 513 3325 586 apud
3375 512 3637 568 Nicctam
3670 509 3727 564 et

2074 601 2233 677 recta
2285 615 2615 675 emendatio
2673 611 2831 683 apud
2902 610 3176 674 Leonem,
3253 601 3522 659 dubitare
3606 612 3722 653 non

2075 710 2263 767 liceat.
2351 706 2670 776 Utrumque
2723 703 2896 773 igitur
2968 701 3026 752 et
3088 692 3371 768 ῥιπτάριον
3435 693 3495 747 et
3538 685 3724 762 ῥικτά-

2076 818 2196 874 ριον
2229 805 2447 853 rectum
2482 798 2592 850 est.

2145 885 2302 960 Ῥόγα
2360 882 2740 954 stipendium,
2794 892 2952 948 roga.
3010 873 3144 944 Pag.
3174 871 3266 937 38,
3294 870 3388 939 79,
3411 869 3539 933 27-3,
3571 865 3675 921 327
3709 879 3726 923 :

2078 979 2329 1049 Συνήθης
2377 973 2615 1047 διανομὴ
2674 975 2784 1028 τῶν
2841 965 3281 1044 στρατευμάτων,
3341 961 3725 1033 Nicephorus.

2080 1072 2190 1127 Leo
2221 1046 2656 1124 Grammaticus
2685 1080 2697 1119 :
2727 1060 2820 1129 Μὴ
2851 1060 2948 1114 τοῦ
2970 1054 3170 1110 στόλου
3201 1054 3300 1122 τήν
3332 1046 3730 1122 νενομισμένην

2081 1159 2244 1237 ῥόγαν
2303 1151 2586 1216 λαϐόντες.
2685 1149 3024 1208 Hnastasius
3099 1141 3610 1205 Bibliothecarius,
3667 1139 3726 1193 in

313 1230 662 1331 subievabat;
735 1230 1201 1337 Ttplwtoo‘tpé‘twp‘
1265 1230 1487 1328 q-rimus
1571 1230 1966 1326 imperialium
2081 1230 2334 1306 Historia
2391 1243 2803 1308 ecclesiastica,
2865 1253 3019 1293 anno
3071 1232 3323 1290 Heraclii
3372 1231 3442 1286 22
3493 1245 3507 1285 :
3558 1230 3730 1283 Erant

314 1317 851 1415 stratarum:-Arna
884 1317 1090 1408 Comn.
1122 1317 1440 1404 Allex..vu:
1476 1317 1706 1418 Μιχαὴλ
1751 1361 1966 1417 πρωτο-
2079 1347 2269 1396 autem
2289 1335 2517 1408 quidam
2547 1331 2795 1388 Arabum
2834 1328 3001 1400 juxta
3055 1325 3380 1396 positorum,
3436 1319 3533 1390 qui
3582 1317 3730 1373 acci-

315 1443 565 1519 στράτωρ
595 1440 1001 1515 αὐτοκράτορος
1031 1442 1130 1492 τοῦ
1174 1433 1362 1493 δοῦκα.
1395 1439 1467 1491 ν.
1535 1408 1849 1491 Meursium
1915 1434 1974 1488 et

2119 1429 2304 1486 iebant
2334 1427 2402 1482 ab
2432 1421 2866 1492 imperatoribus
2913 1432 3072 1489 rogas
3130 1411 3420 1485 pauxillas
3450 1408 3521 1464 ad
3548 1416 3732 1463 custo-

2080 1501 2346 1575 diendum
2393 1514 2635 1570 entomia
2683 1507 2852 1566 eremi
2901 1508 3006 1578 (sic
3072 1504 3279 1575 legitur
3331 1501 3389 1557 in
3445 1501 3481 1554 2
3537 1512 3732 1552 mss.:

2083 1610 2144 1665 in
2174 1607 2470 1663 Thuanzeo
2501 1605 2695 1656 autem
2727 1597 2940 1654 ctomia
3000 1611 3100 1665 pro
3161 1591 3392 1656 stomia,
3452 1591 3520 1644 ut
3575 1585 3732 1658 apud

1124 1689 1164 1744 Ρ
2081 1693 2501 1767 Theophanem
2533 1689 2755 1762 στόμια,
2787 1703 2914 1759 quae
2947 1691 3085 1740 sunt
3114 1682 3346 1752 fauces).
3382 1677 3586 1736 Eodem
3606 1691 3731 1732 vero

1951 1822 1970 1878 ἶ
2083 1791 2326 1856 tempore
2357 1783 2507 1878 venit
2533 1778 2760 1851 quidam
2787 1774 2950 1878 spado
2993 1772 3227 1878 daturus
3263 1767 3520 1823 militum
3548 1781 3734 1878 cogas.

2084 1853 2305 1934 Etcum
2349 1868 2622 1926 venissent
2679 1865 2876 1922 Arabes
2933 1860 3230 1918 secundum
3284 1853 3736 1914 consuetudinem

2084 1969 2365 2039 accepturi
2423 1978 2617 2033 rogum
2674 1975 2852 2026 suam,
2913 1965 3022 2012 etc.
3060 1951 3488 2025 TheOphanes:
3531 1941 3730 2002 Ααϐεῖν

2081 2059 2182 2127 τήν
2213 2033 2380 2132 "eam
2458 2048 2662 2118 αὐτῶν,
2714 2051 2883 2104 Anna
2941 2047 3221 2101 Comneu.
3273 2040 3434 2096 Alex.
3470 2053 3567 2094 πε
3625 2033 3732 2093 Τὸν

2088 2126 2440 2222 πατριάρχῆν
2509 2144 2660 2216 σφῶν
2717 2137 2921 2208 ἠξίωσε
2980 2133 3116 2208 μετὰ
3172 2127 3521 2222 ὠςξάλόγου
3553 2126 3736 2222 ῥόγας.

2090 2241 2238 2295 Hinc
2297 2215 2534 2309 ῥονεύειν
2561 2215 2565 2216 ί
2594 2246 2849 2301 erogare.
2908 2227 3116 2284 Idem:
3178 2222 3283 2279 Καὶ
3342 2217 3614 2294 σωρεύσας
3648 2215 3740 2269 τὸν

301 421 453 484 1081

303 550 776 626 ὑπηρετούμενος.
825 547 984 607 Οὕτω
1034 544 1180 620 ποιρᾶ
1234 545 1303 616 τῇ
1373 537 1627 596 Λῦσονίδι

302 644 366 699 τὸ
404 642 726 718 ἀσηκρήτης
757 637 933 711 ἄνομα
977 633 1067 690 ἐπὶ
1112 637 1232 695 τοῖς
1295 627 1622 704 μυστηρίοις
1685 636 1962 700 μεθερμη-

303 712 562 787 νεόεσθὰιΙ
584 727 866 804 βούλεται.
897 722 1420 799 Πρωτοασκηρήτης
1451 724 1649 775 autem
1707 720 1797 772 est
1852 712 1966 786 pri-

315 839 446 878 mus
479 839 509 874 a
543 820 781 876 secretis
814 835 826 872 :
862 819 1028 871 erant
1061 814 1216 870 enim
1271 811 1490 884 plures.
1549 808 1962 864 Protosecreta-

313 914 436 968 rius
469 911 528 966 in
561 905 1009 981 Hypomnestico
1044 905 1114 960 de
1144 899 1461 958 Anastasio
1495 893 1891 970 apocrisiario.

385 995 834 1073 Πρωτονοτάριος
886 994 1242 1052 notariorum
1303 987 1686 1062 primicerius,
1745 984 1967 1056 primus

312 1091 463 1147 inter
495 1090 772 1145 notarios.
805 1086 949 1140 Vide
981 1085 1051 1138 ad
1083 1082 1433 1138 Cedrenum.

386 1175 856 1252 Πρωτοστράτωρ.
889 1175 1128 1237 Strator,
1163 1171 1261 1242 qui
1299 1170 1608 1240 {dominum
1641 1166 1702 1222 in
1752 1179 1966 1236 equum

314 1535 564 1592 Glossar.
600 1537 857 1589 nostrum
893 1531 964 1586 ad
1001 1529 1348 1585 Cedrenum.

388 1836 549 1892 Ῥάσα
591 1853 742 1900 rasa,
804 1841 990 1891 vestes
1047 1831 1403 1888 monasticae.
1465 1832 1529 1885 P.
1600 1829 1703 1884 175
1755 1843 1806 1883 ο.
1866 1826 1947 1882 Κα

319 1933 419 1990 τῖς
449 1930 557 1981 τῶν
586 1922 908 1999 ἐσθημάτων
946 1915 1283 1996 μεταϐολῆς.
1331 1921 1523 1978 Codex
1578 1919 1666 1974 GB
1725 1915 1974 1972 habebat
2003 1910 2052 1978 B

325 2015 480 2092 ρἀα.
513 2016 659 2072 Hinc
691 2013 1034 2090 ῥασοφορεῖν.
1073 2010 1375 2066 Balsamon
1405 2009 1479 2064 ad
1528 2025 1657 2064 can.
1689 2007 1725 2062 5
1775 2005 1979 2078 synodi

325 2109 433 2164 ΟΡ.
493 2123 550 2178 p.
607 2105 712 2160 560
772 2119 852 2160 a:
919 2097 1292 2163 Εἷσελθόντων
1353 2097 1431 2159 εἷς
1493 2098 1833 2170 μοναστήρια
1887 2093 1980 2148 καὶ

327 2191 798 2271 ῥασοιροροόντων.
829 2193 900 2246 Et
930 2191 990 2246 in
1023 2207 1152 2246 can.
1189 2189 1256 2244 19
1280 2189 1340 2244 S.
1402 2186 1577 2244 Basil.
1636 2186 1706 2241 ad
1765 2183 1979 2254 Amph.

324 2279 434 2340 Κᾶν
467 2281 570 2357 γὰρ
644 2281 718 2354 μή
787 2278 1040 2352 ἀποκαρῇ
1094 2296 1200 2346 τις,
1259 2272 1406 2329 ἀλλὰ
1465 2273 1842 2349 ῥασοφορήσῃ.
1916 2273 1985 2328 Et

337 2369 657 2448 ῥασοφόροι.
695 2370 845 2426 Bals.
871 2368 927 2425 d.
960 2384 1018 2439 p.
1049 2367 1156 2421 56o
1199 2366 1254 2421 b.
1314 2364 1460 2419 Vide
1519 2365 1816 2434 Hugonem
1876 2361 1987 2418 Mc.

333 2461 586 2516 nardum
645 2457 718 2513 ad
775 2456 1159 2512 Concordiam
1219 2451 1557 2525 regularum
1588 2449 1985 2507 sancliBeue-

334 2549 503 2605 dicti.

404 2636 554 2705 Ῥήξ,
605 2635 778 2709 ῥήγας
829 2647 932 2690 rex
987 2650 1046 2706 p.
1109 2632 1212 2688 109
1241 2648 1287 2688 s-
1319 2635 1488 2686 Anna
1519 2628 1989 2686 ComnenyAlex.

337 2742 443 2784 VIII
479 2743 492 2781 :
525 2725 743 2800 Ῥηγῶν
787 2741 847 2776 τε
902 2720 993 2776 καὶ
1055 2717 1264 2775 δουκῶν
1324 2719 1416 2774 καὶ
1464 2719 1750 2792 κομήτων.
1804 2718 1994 2774 Theo-

337 2816 557 2889 phanes
591 2831 605 2870 :
636 2814 809 2886 Ῥῆγα
834 2808 1068 2872 καλέσας
1112 2809 1300 2864 ἑαυτὸν
1354 2814 1459 2885 γῆς
1526 2827 1585 2862 τε
1642 2806 1732 2862 καὶ
1788 2805 1994 2862 θαλάσ-

339 2923 463 2974 σης.
528 2907 672 2959 Item
733 2900 875 2974 Πρὸς
932 2893 1173 2955 Ζιλίτϐιν
1227 2899 1321 2954 τὸν
1375 2898 1515 2972 ῥῆγα
1565 2899 1676 2952 τῶν
1749 2892 1996 2953 Οὕννων.

338 2999 555 3051 Auctor
612 2993 738 3049 GB:
807 2992 1008 3066 Γοργὸν
1067 2988 1280 3059 πεζε·5ει
1349 2987 1623 3064 πρόσκυνα
1675 2984 1998 3060 statim».

344 3081 472 3158 δρος
532 3081 625 3136 τὸν
696 3079 886 3157 ῥήγαν.
947 3079 1009 3136 Ὁ
1063 3078 1236 3155 ῥήγας
1265 3081 1463 3132 τοῦτον
1513 3073 1752 3131 κατιδὼν
1811 3072 2000 3130 πολλᾶ

337 3173 792 3250 γονυκλιτοῦντα.
848 3170 994 3227 Vide
1053 3169 1336 3237 Iudicem,
1397 3172 1453 3224 et
1510 3167 1866 3223 Glossarium
1927 3165 2001 3222 ad

341 3263 687 3320 Cedrenum.

416 3351 632 3423 Ῥήτωρ
692 3348 789 3421 qui
852 3347 1172 3419 scripturas
1233 3345 1416 3401 instar
1491 3344 1738 3402 oratoris
1817 3341 2002 3400 eccle-

359 3439 589 3496 siastici
645 3435 1149 3509 interpretabatur.
1207 3433 1353 3489 Vide
1409 3433 1728 3489 Meursium
1783 3434 1867 3504 ;iu
1941 3448 2010 3488 ea

395 3529 627 3584 iclione.

395 3531 405 3540 ’
449 3531 484 3582 li
614 3569 627 3584 .

349 3531 754 3691 ὼῗΡῗκῗεΞριον.
806 3617 870 3671 Ρ.
927 3614 1028 3669 109
1087 3611 1212 3669 ato
1269 3608 1400 3686 δόρυ
1446 3608 1614 3667 mum
1673 3609 2008 3683 COdBX‘GB’

363 3707 665 3783 ῥικτάριον,
725 3705 958 3773 hastile,
1024 3703 1304 3774 jaculum.
1368 3702 1637 3760 Dicebam
1695 3701 2009 3774 legendum

360 3798 643 3873 ῥιπτάριον
675 3815 709 3853 a
739 3793 938 3870 ρίπτω,
969 3796 1121 3865 quod
1159 3795 1228 3850 de
1264 3792 1463 3865 jaculo
1512 3792 1743 3859 dicitur,
1793 3791 2012 3846 Glossaa

359 3884 782 3960 Cyrilli,{5i1ruo
835 3883 924 3939 ἐπὶ
975 3881 1251 3952 ἂκοντίου,
1303 3882 1481 3954 jacio,
1532 3881 1779 3954 jaculor,
1839 3879 2011 3953 proii-

359 3979 467 4036 cio.
527 3978 883 4035 Glossarium
944 3991 1053 4030 ms.
1113 3973 1388 4048 Βηρύτται
1439 3972 1506 4026 τὰ
1539 3968 1816 4046 ῥιπτάρια.
1863 3970 2013 4026 Con-

360 4069 649 4125 stantinus
681 4067 739 4121 in
770 4066 935 4121 Tact.
965 4081 1023 4136 p.
1072 4065 1148 4120 3:
1213 4059 1418 4119 Ἀλλοι
1471 4057 1528 4116 δὲ
1581 4059 1688 4115 ἀπὸ
1749 4058 2013 4134 μακρόθεν

357 4151 638 4233 ἕρῥιπτον,
679 4153 755 4213 ὡς
823 4150 1062 4226 ε’ἰρηται,
1119 4151 1188 4204 τὰ
1239 4149 1521 4225 ῥιπτάρια.
1579 4151 1644 4206 Et
1677 4167 1732 4221 p.
1767 4151 1836 4203 42
1867 4166 1880 4204 :
1915 4145 2011 4207 Εἰς

355 4244 420 4296 τὸ
453 4241 660 4316 ῥίπτειν
702 4238 960 4314 ῥιπτάρια
1003 4238 1095 4292 καὶ
1160 4236 1422 4311 μὲναυλα.
1472 4239 1619 4294 Hinc
1678 4233 2009 4309 βιπταρίζειν

352 4330 624 4400 jaculari.
684 4330 826 4384 Item
885 4329 1080 4382 Const.
1143 4345 1197 4399 p.
1261 4327 1293 4381 4
1329 4343 1342 4383 :
1377 4326 1508 4382 Οἴον
1563 4325 1597 4395 ἢ
1639 4323 1943 4393 τοξεύοντες
1975 4320 2010 4392 ἢ

363 4417 794 4492 ῥιπταρίζοντες.
827 4421 900 4472 Et
931 4436 982 4488 ι).
1021 4416 1090 4471 44
1121 4431 1136 4472 :
1167 4415 1281 4472 Ἳνα
1338 4414 1475 4468 ὅπου
1541 4413 1770 4486 ἁρμόζει
1819 4410 2013 4487 ῥιπτα-

367 4508 489 4582 ρίζῃ
521 4504 762 4567 εὐκόλως
791 4505 930 4561 κατὰ
993 4508 1101 4559 τῶν
1159 4502 1470 4577 πολεμίων.
1530 4504 1601 4560 Ει
1658 4501 2010 4577 ῥιπταράτοι,

2091 2325 2457 2404 περισωθέντα
2486 2322 2616 2380 λοὸν
2649 2321 2709 2378 ὲκ
2758 2324 2867 2375 τῶν
2893 2317 3165 2398 διαφόρων
3219 2310 3460 2404 πόλεων,
3518 2308 3744 2404 ἒρ-ό-γευῗ

2093 2397 2179 2474 «ei
2212 2415 2432 2478 αὐτούς.
2463 2416 2526 2474 γ.
2556 2411 2750 2469 varias
2785 2411 2855 2467 ad
2887 2409 3174 2476 Nioetam,
3209 2422 3265 2478 p.
3293 2403 3418 2474 131,
3448 2405 3508 2458 et
3533 2397 3744 2464 ,Wolﬁi

2098 2509 2386 2577 Iudicem,
2422 2509 2478 2561 et
2510 2502 2767 2560 Glossar.
2801 2500 2872 2555 ad
2904 2498 3067 2554 Cedr.

2171 2594 2370 2654 Ῥούτα
2417 2601 2570 2662 ruta,
2621 2588 2956 2659 multitudo,
3010 2585 3218 2659 globus
3276 2581 3552 2638 militum.
3606 2577 3754 2634 Vide

2101 2692 2310 2750 Maura.

2171 2782 2401 2854 Ῥοῦχον
2457 2791 2632 2834 rocus
2693 2773 2782 2829 vel
2840 2787 3070 2838 roccus,
3128 2783 3261 2841 pag.
3302 2765 3432 2835 213,
3464 2763 3592 2854 213,
3622 2761 3752 2828 251,

2100 2873 2228 2928 381.
2261 2864 2747 2939 Astrampsychus
2779 2863 2838 2918 in
2887 2859 3159 2933 Πυθαγορ.
3193 2854 3407 2924 λαζεοτι
3444 2871 3456 2909 :
3523 2853 3755 2939 Ῥοῦχον

2102 2958 2379 3016 κόκκινον.
2413 2936 2665 3015 Ite—meis:
2696 2956 2759 3006 τὸ
2799 2950 2856 3006 ε’.
2910 2947 3186 3006 Ὀσπίτιον
3218 2941 3387 3014 δηλοῖ
3415 2941 3491 3004 εἷς
3555 2936 3757 3001 παῖδας

2103 3049 2196 3106 καὶ
2255 3042 2465 3102 εἷ’σοδον
2524 3043 2615 3099 καὶ
2666 3038 2923 3114 εὐτυχίαν
2967 3037 3056 3094 καὶ
3116 3038 3317 3090 καῦκαν
3399 3031 3490 3086 καὶ
3577 3029 3756 3105 ῥοῦχα

2107 3135 2315 3195 πολλά.
2347 3133 2596 3210 Cyrinus
2631 3113 2956 3204 patriarcha
3004 3127 3151 3182 CP.:
3213 3121 3312 3178 Διά
3364 3120 3427 3176 νᾶ
3485 3113 3632 3193 λάϐῃ
3689 3117 3756 3172 τὰ

2029 3265 2073 3333 C
2113 3227 2290 3302 ῥοῦχα
2319 3245 2436 3297 σου,
2472 3219 2564 3284 δός
2593 3240 2690 3276 του
2729 3216 2910 3274 καὶτὸ
2963 3211 3303 3287 ὑποκάμισόν
3364 3229 3482 3264 σου.
3540 3212 3761 3264 Auctor

2121 3319 2205 3333 ην.
2258 3313 2321 3333 nl
2546 3311 2708 3333 ’-ξυμ
2766 3303 3140 3333 _-_.-.-.r.....'._-..
3241 3301 3466 3333 ΛᾹΑἰιὲη
3506 3299 3528 3333 Ι
3594 3297 3758 3333 Doni-

2116 3297 2486 3390 CBﬂpoaawa
2533 3311 2710 3386 ροὖχα
2765 3303 3164 3378 καναξαμύτου.
3232 3299 3528 3358 Additioi
3594 3297 3758 3370 Capi-

2113 3409 2223 3465 tul.
2259 3407 2442 3464 Carol.
2471 3421 2520 3460 c.
2552 3405 2625 3458 22
2657 3422 2668 3436 ·
2703 3403 2768 3457 Et
2795 3398 3023 3474 pedules
3050 3397 3210 3469 paria
3238 3397 3493 3466 quatuor,
3546 3405 3762 3447 roceum

2115 3513 2313 3554 unum.
2348 3495 2443 3552 Sic
2473 3493 2686 3566 legitur
2715 3497 2875 3547 tomo
2907 3487 2954 3545 II
2985 3483 3373 3544 Conciliorum
3399 3480 3615 3538 Galliis.

2917 3646 2956 3694 Σ

2189 3789 2426 3851 Σάϐανον
2481 3793 2749 3850 linteum.
2811 3786 3105 3845 Hierocles
3163 3785 3322 3842 Artis
3404 3779 3762 3838 veterinariaa

2119 3887 2220 3944 lib.
2254 3905 2312 3954 ιι,
2345 3903 2468 3957 cap.
2527 3883 2644 3938 98:
2706 3882 2916 3935 Λοῦσον
2965 3877 3057 3932 τὸν
3111 3874 3278 3929 ἳππσν
3335 3872 3425 3928 καὶ
3483 3869 3762 3944 ἂπόμαξον

2119 3955 2860 4036 σαϐάνοις.’Τιιεοτηηθειυε
2891 3968 3172 4034 .ibidemf
3222 3965 3304 4036 Τῇ
3351 3959 3409 4016 δὲ
3463 3955 3591 4032 ἕκτῃ
3648 3957 3767 4030 ἐξα-

2115 4065 2298 4141 γαγὼν
2354 4065 2454 4132 τῆς
2503 4061 2711 4140 ιιάτνης
2769 4056 2967 4112 λοῦσον
3024 4053 3115 4109 καὶ
3164 4050 3443 4126 ἆπόμαξον
3508 4043 3764 4112 σαϐάνοις

2117 4139 2409 4227 Vegetius,
2439 4139 2563 4215 Art,
2598 4155 2707 4205 vet.
2743 4147 2951 4212 lib.m,
2976 4163 3026 4202 ο.
3071 4146 3140 4199 47
3173 4162 3186 4200 :
3249 4143 3481 4197 Subanis
3524 4139 3766 4195 validio-

2117 4245 2274 4318 ribus
2303 4244 2665 4312 abstergetur.
2694 4237 2934 4294 Collatio
2965 4233 3230 4306 Carthag.
3267 4249 3309 4287 ιι
3367 4247 3498 4287 cum
3556 4234 3760 4286 Donat.

2120 4334 2358 4406 Cumque
2388 4333 2538 4386 intra
2569 4329 2841 4384 sabanum
2868 4327 3126 4382 volumen
3158 4321 3368 4380 sehedce
3413 4319 3765 4376 membrana-

2118 4439 2247 4477 rum
2276 4437 2374 4492 pro
2401 4422 2560 4491 parte
2581 4417 2947 4488 descriptum,
2982 4420 3093 4469 etc.

2192 4510 2443 4584 Σάγισμα
2502 4508 2811 4562 instratum
2869 4502 3024 4574 equi.
3113 4498 3764 4571 Leo,Grammaticus:

363 4617 420 4672 p.
453 4601 522 4653 42
563 4597 678 4653 τΟἱ
735 4592 792 4650 δὲ
850 4594 1174 4672 ῥιπταράτοι
1232 4591 1510 4670 ὠφελοῦσι
1539 4590 1628 4648 καί
1659 4589 1850 4663 ἔξωθεν
1909 4597 2011 4660 τῆς
2043 4636 2088 4702 D
2120 4602 2241 4656 Τῶν
2288 4583 2478 4652 ίῖππων
2536 4592 2858 4668 ἀμφοτέρων
2915 4595 3024 4646 τῶν
3114 4591 3294 4663 μερῶν
3390 4583 3763 4662 διερχομένων

620 4693 647 4702 ..
765 4692 827 4702 ..ι
908 4685 920 4702 ο
1207 4686 1221 4702 ι
1397 4701 1417 4702 ,,
1447 4687 1464 4702 ιι
1536 4701 1545 4702 ,
1637 4701 1643 4702 ,
1680 4686 1696 4702 ιι
1742 4701 1786 4702 κη
1951 4684 1983 4702 n
2233 4687 2247 4702 ι
2437 4689 2464 4700 ~
2759 4683 2773 4702 I
2881 4701 2884 4702 ,
2963 4681 3099 4702 11-...
3179 4677 3344 4702 1333---.
3406 4674 3564 4702 ...ἶ-ἓ-.
3622 4673 3733 4702 1..--

361 4693 704 4762 παραταγῆς.
765 4692 837 4743 Et
895 4685 1253 4759 ῥιπταριστής
1314 4687 1468 4758 apud
1525 4686 1795 4742 eumdem
1849 4702 1901 4754 p.
1950 4684 2003 4738 8;

362 4783 579 4835 Verum
611 4779 669 4832 in
707 4775 899 4832 indice
928 4774 1127 4831 Wolﬂi
1159 4775 1434 4831 scribitur
1463 4771 1762 4847 ῥικτάριον.
1796 4773 2009 4828 Emen-

360 4870 566 4926 demus
595 4866 778 4923 obiter
817 4866 1062 4920 Leonem
1107 4863 1323 4922 Tactic.
1383 4880 1510 4936 cap.
1562 4863 1618 4932 9,
1677 4867 1705 4932 §
1760 4862 1850 4928 58,
1911 4860 2012 4917 ubi

361 4958 582 5016 editum
615 4962 703 5011 est
727 4973 740 5010 :
768 4953 912 5015 Τοὺς
945 4949 1003 5007 δὲ
1044 4949 1373 5028 λεγομένους
1413 4951 1634 5027 ψιλοὺς,
1690 4949 2009 5024 σκουτάρια,

363 5047 588 5102 ἀκόντια
647 5043 838 5119 μικρὰ,
895 5041 1198 5117 τζικούρια.
1261 5043 1592 5116 Legendum
1654 5041 1811 5099 enim
1853 5058 2011 5094 σκου-

363 5137 542 5212 τάρια,
578 5133 851 5209 ῥικτάρια,
883 5129 1126 5199 ἀκόντια,
1200 5130 1369 5206 μικρὰ
1407 5129 1729 5206 τζηκούρια,
1761 5133 1825 5186 ut
1871 5147 2010 5186 con-

368 5232 486 5282 stat
515 5244 582 5283 ex
606 5227 714 5281 hac
743 5223 982 5280 Joannis
1038 5222 1212 5278 Cbeci
1263 5222 1734 5293 interpretatione
1777 5237 1790 5274 :
1851 5220 2012 5276 Leues

366 5324 547 5372 autem
587 5315 820 5371 habeant
859 5315 1015 5368 scuta
1043 5328 1235 5385 parva,
1273 5310 1566 5381 rhictaria,
1589 5309 1803 5382 jacula,
1835 5310 2017 5365 (zicu-

363 5407 452 5462 ria
479 5423 673 5478 parva.
707 5405 803 5459 Sic
835 5403 1010 5459 etiam
1070 5403 1364 5474 legebatur
1405 5401 1466 5458 in
1522 5400 1784 5472 ejusdem
1843 5399 2013 5455 Cbeci

361 5494 512 5552 libro
541 5510 668 5565 cap.
702 5495 757 5563 5,
785 5493 816 5566 §
844 5493 896 5564 3,
923 5491 1196 5566 ῥικτάρια,
1224 5489 1530 5565 τζικούρια.
1563 5489 1679 5547 Nec
1736 5489 2014 5545 audiendi

360 5588 499 5640 sunt
519 5582 626 5637 viri
659 5583 834 5650 docti,
861 5581 960 5654 qui
996 5586 1200 5653 putant
1271 5577 1529 5655 ῥιπτάρια
1585 5578 1802 5634 melius
1861 5593 2013 5636 esse.

359 5672 724 5730 Glossarium
758 5687 934 5726 manu
969 5674 1293 5738 exaratum,
1329 5671 1476 5740 quod
1507 5668 1791 5724 utendum
1818 5667 2014 5738 accepi

358 5780 429 5818 ex
459 5761 815 5818 bibliotheca
845 5759 1243 5816 illustrissimi
1301 5758 1678 5815 Cancellarii:
1722 5756 2014 5824 Ἀκινάκις,

358 5848 840 5923 σπαθομάχαιρον,
901 5847 1168 5921 ῥικτάριν,
1231 5844 1362 5921 δόρυ
1420 5845 1454 5915 ἢ
1534 5845 1786 5900 ἀκόντιον
1868 5847 2013 5920 Περ-

359 5940 534 6001 σικόν.
597 5939 710 5996 Sed
779 5939 829 5993 ei
886 5937 1060 5994 hodie
1119 5937 1301 5996 Graeci
1359 5936 1533 6012 ῥικτω
1619 5936 1826 5994 dicunt
1909 5953 2014 6008 pro

2123 4687 2258 4763 μετὰ
2287 4689 2506 4762 χρυσῶν
2539 4683 2911 4760 σαγισμάτων.
2963 4681 3128 4747 Item,
3179 4677 3345 4750 Εὗρεν
3403 4674 3564 4730 αὐτὸν
3621 4673 3765 4728 ἐντε-

2113 4773 2408 4850 τυλιμένον
2439 4773 2491 4830 ἐν
2521 4777 2601 4846 τῷ
2632 4770 2922 4849 σαγίσματι
2951 4768 3048 4823 τοῦ
3081 4765 3257 4840 δεξιοῦ
3286 4763 3481 4822 ἵππου.

2187 4864 2444 4942 Σαγίττα.
2479 4865 2539 4920 Ρ.
2573 4865 2642 4918 44
2673 4863 2706 4917 d
2735 4857 2932 4935 βέλους
2965 4857 3137 4917 ἐντὸς.
3183 4858 3374 4912 Codex
3424 4855 3515 4911 GB
3575 4852 3764 4928 σαγίτ-

2114 4975 2232 5018 τας.
2265 4956 2334 5012 Ν.
2366 4955 2604 5011 Suidam
2645 4954 2704 5008 in
2753 4944 2994 5017 ἄϐλητα.
3041 4945 3426 5017 TheOphanes
3483 4943 3542 4999 in
3583 4945 3765 5000 lIera-

2117 5046 2228 5104 ciio
2259 5065 2272 5104 :
2307 5046 2562 5118 Ἔμειναν
2613 5041 2706 5096 ἀπ’
2764 5037 3030 5108 ἀλλήλων
3115 5035 3221 5090 ἀπὸ
3304 5031 3399 5089 δύο
3474 5033 3763 5108 σαγίττων.

2119 5135 2388 5192 Chronic.
2425 5132 2579 5188 Alex.
2623 5130 2707 5199 Ἐξ
2767 5127 2834 5197 ἧς
2888 5121 3053 5182 ἔλαϐε
3109 5123 3385 5200 σαγίττας.
3436 5123 3766 5180 Constanti-

2121 5243 2251 5282 mus
2280 5226 2338 5280 iu
2369 5227 2525 5279 Tact.
2560 5225 2668 5277 Leo
2697 5220 2852 5276 Tact.
2898 5235 3024 5290 cap.
3070 5219 3157 5286 12,
3219 5215 3248 5289 §
3283 5216 3348 5269 61
3378 5231 3393 5271 :
3461 5211 3600 5269 Ἀπὸ
3649 5212 3768 5274 ἑνὸς

2119 5307 2540 5390 σαγιττοϐόλου.
2595 5309 2742 5365 Hinc
2810 5304 3154 5381 σαγιττὰτωρ
3213 5305 3534 5377 sagittator,
3606 5305 3764 5376 apud

2119 5405 2313 5461 cumd.
2353 5407 2598 5458 Leonem
2630 5417 2680 5456 c.
2715 5400 2767 5467 4,
2792 5401 2819 5467 §
2848 5399 2916 5452 57
2947 5401 3005 5452 et
3035 5413 3084 5453 c.
3117 5397 3172 5465 7,
3205 5397 3233 5463 §
3264 5395 3332 5448 57
3366 5411 3379 5449 :
3413 5399 3468 5450 et
3516 5412 3764 5469 σαγιττο-

2118 5490 2294 5556 ποιοί,
2319 5492 2377 5546 d.
2412 5507 2539 5562 cap.
2572 5490 2625 5556 4,
2657 5489 2684 5556 §
2716 5487 2808 5556 50,
2840 5489 2898 5542 et
2927 5485 3374 5541 Constantinum
3410 5485 3467 5538 in
3498 5485 3656 5538 Tact.

2191 5578 2504 5654 Σαγμᾶρια..
2551 5577 2724 5633 Num.
2761 5576 2882 5643 116,
2917 5574 3000 5630 Τὰ
3032 5573 3354 5648 σκευοφόρα.
3405 5572 3599 5629 Codex
3653 5571 3770 5640 (ΞΒ,

2121 5669 2421 5746 σπγμάρια.
2453 5667 2740 5724 Animalia
2771 5681 2895 5738 qua:
2957 5663 3380 5735 impedimenta
3425 5667 3483 5717 et
3511 5662 3770 5718 sarcinas

2119 5768 2364 5818 vezeunt.
2400 5757 2812 5815 Constantinus
2849 5758 2905 5811 in
2938 5755 3098 5810 Tact.
3127 5771 3182 5825 p.
3220 5754 3322 5807 16:
3385 5751 3572 5824 Ἑχειν
3639 5770 3770 5824 σαγ-

2124 5849 2316 5926 μάριον
2350 5843 2425 5904 ἔν.
2457 5847 2690 5905 Servius
2722 5846 2783 5901 in
2815 5862 2833 5900 ι
2862 5844 3132 5900 ιΈηεὶάοε
3165 5859 3178 5896 :
3209 5843 3276 5896 Et
3325 5841 3423 5898 hoc
3473 5843 3536 5896 in
3575 5839 3772 5897 multis

2118 5939 2434 5998 nominibus
2457 5935 2861 5998 observandum
2889 5936 2986 6002 est,
3014 5940 3076 5989 ut
3116 5946 3286 6004 genus
3343 5945 3415 5986 ea:
3460 5927 3764 5999 adiectione
