4074 6442
349 439 502 502 1085

1609 432 1946 496 FABBOTI
1989 429 2495 502 οιοεεΑιιιυΜ
2507 479 2521 492 .

3627 433 3781 496 1086

428 568 775 628 Σουππέδιον
859 571 1238 645 suppedium,
1311 570 1782 644 suppedaueum,
1866 564 1968 620 ὑπο

2121 582 2280 639 γραις
2346 564 2436 619 καὶ
2499 561 3010 641 μποιλαιστρερίδες,
3067 563 3196 639 τόξα
3272 564 3364 620 καὶ
3422 563 3778 642 τοξατόρους,

352 660 571 733 πόδιον,
603 663 924 720 scabellum
957 663 1111 734 quod
1146 661 1392 734 pedibus
1422 659 1754 730 subjicitur.

424 751 787 824 Σπαρτζοὶμιοι
842 749 1141 825 ἐπαυχένια
1206 747 1559 824 ἀγλαΐσματον
1645 745 1706 801 ἐκ
1793 748 2007 822 τριχῶν

353 842 682 918 συγκείμενα
722 839 974 910 ἱππείων,
1007 858 1065 914 p.
1103 840 1204 897 120
1233 856 1286 897 c.

431 928 690 985 Στούδιον
736 933 1161 991 monasterium
1206 930 1279 985 ab
1336 926 1538 985 Studio
1589 929 1824 982 auctore
1877 923 2007 996 ejus

358 1026 784 1093 nuncupatum,
819 1021 991 1091 cujus
1023 1020 1296 1076 meminit
1335 1018 1556 1074 Justin.
1587 1016 1729 1072 Nov.
1761 1015 1831 1069 59
1861 1031 1913 1072 c.
1946 1015 2000 1070 6.

349 1111 647 1170 Cedrenus
680 1125 695 1163 :
722 1110 778 1162 Ὀ
806 1112 905 1164 τοῦ
939 1104 1207 1162 Στουδίου
1238 1106 1565 1182 ἡγούμενος.
1598 1104 2000 1176 Theophanes:

351 1195 584 1252 Πλάτῶν
652 1198 744 1252 καὶ
802 1195 1086 1272 Θεόδωρος
1146 1194 1449 1272 ἡγούμενοι
1505 1195 1604 1262 τῆς
1666 1198 1840 1265 μονῆς
1907 1194 2004 1246 τοῦ

353 1283 622 1348 Στουδίου
654 1288 1005 1344 Anastasius
1035 1288 1118 1342 ita
1145 1285 1339 1354 vertit,
1373 1283 1545 1354 Plato
1582 1299 1650 1348 ac
1692 1283 2003 1340 Theodorus

351 1379 647 1449 hegumeni
675 1377 878 1434 Studii.

420 1465 635 1539 Στράτα
693 1471 897 1533 strata,
957 1465 1068 1522 iter
1124 1481 1254 1537 pag.
1303 1464 1396 1521 26.
1439 1462 1806 1522 Glossarium
1839 1480 1997 1521 ms.:

349 1552 509 1615 Ὀδὸς
540 1557 574 1624 ἡ
608 1555 835 1630 στράτα.
865 1557 1080 1611 Auctor
1112 1554 1224 1624 GB,
1286 1551 1626 1626 Ἐκροὶτησας
1685 1556 1784 1621 τῆς
1844 1553 2000 1624 ξενη-

342 1645 493 1706 τείας
519 1644 618 1712 τήν
663 1644 914 1718 στράταν.
976 1644 1187 1700 Italico.
1227 1643 1436 1710 strada,
1493 1646 1552 1698 et
1608 1643 1998 1715 compositum

340 1729 649 1810 διστράτον,
685 1735 930 1792 bivium.

415 1821 790 1901 Σχολαρίκιον
820 1823 1069 1896 inauris.
1104 1822 1292 1888 Gloss.
1350 1840 1462 1890 ms.
1496 1840 1510 1882 :
1557 1823 1813 1881 Ἐνώτιον
1859 1841 1999 1898 σχο-

342 1909 614 1988 Λαρίκιον.

1147 2061 1186 2109 Τ

407 2190 726 2253 Ταϐελλίων
787 2197 1042 2260 tabellio.
1102 2199 1419 2271 ProcOpius
1460 2196 1704 2255 ἀνεκδοτ.
1738 2217 1804 2272 pr
1837 2201 1939 2256 124
1971 2216 1986 2256 :

330 2287 540 2362 ’Όνπερ
593 2280 942 2342 ταϐελλίωνα
990 2284 1219 2342 καλοῦσι.
1250 2288 1538 2362 Ῥωμαῖοι.
1573 2290 1718 2347 Vide
1750 2286 1986 2347 Glossa-

333 2379 490 2434 rium
511 2378 842 2436 Nomicum.

404 2460 643 2521 Ταϐλίον
700 2461 890 2536 κύϐος,
952 2467 1166 2537 tabula,
1227 2485 1286 2541 p.
1344 2469 1470 2524 358.
1551 2473 1765 2526 Auctor
1844 2469 1982 2525 GB:

330 2554 438 2609 Καὶ
467 2554 535 2609 τὰ
593 2553 794 2610 ταυλία
822 2553 912 2610 καὶ
939 2555 1008 2611 τὰ
1041 2554 1244 2632 χαρτία
1271 2555 1362 2610 καὶ
1405 2556 1560 2631 ζάριοι
1605 2556 1670 2611 νὰ
1725 2555 1792 2612 τὰ
1848 2556 1984 2612 καύ-

331 2663 479 2700 σουν.
518 2645 877 2703 Glossarium
910 2662 1019 2703 ms.
1055 2663 1069 2702 :
1104 2644 1301 2702 Πεττοὶ
1335 2646 1402 2701 τὰ
1448 2645 1611 2719 βόλια
1659 2645 1710 2701 ἐν
1759 2645 1840 2709 οἷς
1885 2667 1984 2702 τα-

337 2728 606 2802 ϐλίζουσι.
646 2736 790 2808 Lege
818 2731 1042 2795 ταϐλία.
1075 2737 1360 2793 Dicebant
1415 2743 1473 2794 et
1525 2731 1759 2806 τάϐλην,
1813 2742 1878 2793 ut
1923 2738 1985 2795 in

329 2825 593 2896 Agathias
625 2825 968 2882 Scholastici
999 2826 1422 2899 epigrammate
1457 2827 1772 2900 Antbolog.
1805 2827 1906 2884 lib.
1940 2845 1982 2897 ι,

329 2929 457 2984 cap.
488 2915 553 2969 61
593 2931 605 2969 :
639 2913 857 2986 Ταύλην
893 2913 1116 2992 φεύγετε
1143 2913 1363 2976 πάντες.

399 2997 720 3077 Ταϐλισμὸς
754 3010 1045 3079 stuprum.
1082 3006 1221 3062 Vide
1252 3005 1614 3074 Meursium.

398 3089 648 3163 Ταξίδιον
741 3095 826 3150 vel
911 3090 1202 3167 ταξείδιον.
1296 3099 1405 3153 Leo
1499 3095 1979 3154 Grammaticus:

327 3177 584 3259 ’Λφόϐως
638 3179 974 3252 συνεξελθεῖν
1031 3185 1143 3258 μετ’
1203 3183 1382 3239 αὐτῶν
1444 3181 1497 3240 ἐν
1568 3187 1648 3257 τῷ
1705 3181 1980 3258 ταξειδίῳ.

324 3272 466 3330 Vide
497 3272 865 3330 Glossarium
897 3274 1163 3331 Gedreni.

393 3357 616 3433 Ταρίδες
647 3362 980 3420 dromones.
1012 3363 1208 3420 [R347
1264 3366 1319 3419 d1
1361 3359 1673 3438 δρομώνων-
1719 3363 1973 3441 ἱππαγω-

321 3452 454 3525 γῶν.
487 3450 678 3506 Codex
712 3453 802 3508 GB
836 3447 1096 3525 ταρίδων.

399 3535 576 3595 Τένδα
603 3545 705 3596 aut
745 3538 900 3595 τὲντα
948 3541 1290 3612 tentorium,
1343 3542 1809 3612 tabernaculum,
1870 3560 1972 3616 pa-

318 3628 480 3700 pilio.
543 3635 606 3686 P.
665 3632 773 3686 240
833 3631 886 3700 b,
947 3631 1050 3700 τήν
1109 3631 1316 3701 σκηνὴν
1379 3629 1580 3688 εἰσιών.
1632 3633 1822 3688 Codex
1878 3633 1968 3689 (ΞΒ

313 3717 517 3774 τένταν.
552 3723 660 3777 Leo
689 3723 846 3778 Tact.
905 3738 1033 3793 cap.
1085 3722 1141 3792 5,
1201 3725 1338 3791 §9:
1398 3721 1720 3796 Φροντίσεις
1775 3718 1832 3776 δὲ
1877 3719 1967 3777 καὶ

313 3807 623 3882 ἑτοιμάσεις
681 3811 772 3866 καὶ
828 3811 925 3874 τὰς
976 3809 1270 3886 λεγομένας
1321 3807 1511 3874 τὲνδας
1568 3811 1659 3867 καὶ
1704 3811 1971 3888 ἆτεγείας,

311 3899 499 3955 lendas
557 3911 607 3957 et
667 3905 899 3972 ategias.
956 3903 1172 3976 Ategia
1231 3907 1371 3960 sunt
1426 3896 1687 3976 καλύϐαι,
1747 3902 1966 3974 σκηναί.

312 3987 605 4062 Josephus
662 3988 756 4047 ἀλ.
841 3993 898 4062 ὃ,
958 4008 1008 4048 c.
1089 3993 1156 4048 31
1219 4009 1233 4050 :
1295 3991 1446 4049 Ἐπεὶ
1522 3997 1966 4063 σκηνοποιεῖσθαι

311 4076 514 4140 πάντας
570 4072 692 4142 ἔθος
748 4083 828 4153 τῷ
881 4081 1020 4154 Θεῷ.
1080 4081 1330 4139 Rufinus
1414 4081 1805 4152 Aquileiensis
1883 4083 1967 4140 ita

311 4169 484 4224 vertit
512 4168 615 4223 lib.
648 4185 747 4238 vn,
781 4186 907 4240 cap.
966 4171 1080 4224 12:
1143 4171 1419 4238 Quoniam
1469 4174 1692 4243 αἰθρίαις
1751 4171 1814 4227 in
1866 4173 1966 4231 ho—

308 4271 496 4310 norem
529 4257 624 4311 Dei
675 4259 927 4328 componi
964 4259 1026 4311 in
1077 4259 1278 4328 templo
1335 4259 1402 4313 ab
1431 4259 1687 4314 omnibus
1719 4276 1830 4317 mos
1858 4267 1962 4317 est.

301 4343 394 4396 Sic
453 4342 792 4414 legendum.
863 4347 1290 4402 Constantinus
1344 4346 1504 4403 Tact.
1562 4364 1619 4420 p.
1656 4350 1724 4404 12
1753 4352 1810 4406 et
1838 4349 1906 4405 44
1944 4366 1958 4407 :

303 4427 766 4500 Theophanesin
807 4432 1156 4488 Theodosio.
1201 4439 1309 4490 Leo
1342 4432 1775 4490 Grammaticus
1810 4452 1825 4491 :
1860 4434 1960 4489 Καὶ

309 4516 586 4573 κατελθὼν
620 4518 700 4584 εἲς
724 4521 825 4588 τῆς
855 4517 952 4576 τοῦ
984 4519 1252 4596 Καίσαρος
1282 4522 1489 4580 τὲντοιν.
1530 4523 1717 4581 Gloss.
1746 4524 1910 4582 Juris
1941 4543 1956 4581 :

2117 653 2593 728 Τζαγγροτοξάτας
2626 656 2852 712 Nicelas
2887 662 3056 713 vocat
3101 674 3161 729 p.
3200 657 3303 712 348
3333 673 3365 711 a
3397 660 3452 711 et
3480 656 3578 712 361
3613 673 3666 713 a.

2192 744 2560 810 Τζακισθῆναι
2638 745 2994 819 Θραυσθῆνοιι,
3078 745 3350 815 sauciari,
3457 744 3774 817 vulnerari;

2121 849 2176 904 p.
2212 833 2317 887 123
2347 833 2385 888 d

2187 920 2449 996 Τζεφὲτον
2481 922 2758 977 aromatis
2781 938 2990 994 genus.
3014 922 3082 978 V.
3116 925 3455 980 Meursium.

2189 1009 2552 1085 Τζουκούριον
2589 1011 2830 1067 securis.
2866 1014 2932 1067 V.
2962 1013 3303 1067 Meursium.

2188 1093 2670 1154 Τούϐλοιπλίνθοι
2701 1099 2884 1170 ὀπταί,
2910 1101 3115 1156 lateres
3149 1101 3317 1167 cocti,
3349 1101 3415 1156 V.
3451 1101 3771 1162 Meuasium

2114 1187 2174 1244 in
2201 1181 2502 1244 τούϐουλα.

2189 1279 2378 1356 Τοῦφα
2404 1279 2588 1354 τιάρα.
2621 1285 2872 1338 Zonaras
2908 1283 2969 1338 in
3004 1281 3215 1338 Basilio
3247 1282 3584 1356 Porphyrog

2184 1369 2503 1446 Τρεναίτιον
2540 1371 2718 1427 ﬁbula
2749 1388 2806 1443 p.
2837 1371 2928 1426 69.
2961 1373 3022 1428 V.
3057 1372 3111 1427 in
3145 1367 3376 1446 βούκλα.

2185 1458 2502 1531 Τυμπάνιον
2535 1459 2688 1532 pilea
2740 1459 3053 1518 mulierum
3112 1459 3553 1531 Cpolitanarum
3612 1466 3768 1535 tym-

2115 1549 2254 1621 pani
2285 1548 2895 1614 formamgreterentia.
2929 1549 2991 1607 V.
3033 1549 3372 1606 Meursium.

2928 1691 2962 1738 Γ

2181 1804 2572 1881 Ὑποκοὶμισον,
2626 1809 2684 1866 Ρ.
2740 1809 2846 1866 343
2902 1809 2963 1880 b,
3044 1809 3136 1864 τὸν
3213 1804 3449 1885 ἔσχατον
3534 1816 3767 1886 χιτῶνα.

2109 1896 2301 1954 Codex
2355 1898 2448 1954 GB
2493 1895 2860 1971 ὑποκάμισον.
2920 1900 3174 1956 Codinus
3232 1900 3291 1955 in
3369 1895 3764 1976 παρεκϐολοιῖς·

2109 1991 2209 2040 Και
2258 1985 2320 2040 τὸ
2375 1986 2594 2059 ἱμάτιον
2656 1987 2824 2042 αὐτοῦ
2879 1988 2968 2042 καὶ
3032 1987 3096 2042 τὸ
3158 1988 3499 2062 ὖποκάμισον
3537 1990 3763 2065 βρακίον

2099 2076 2191 2131 καὶ
2229 2077 2292 2131 τό
2334 2076 2678 2153 σρικτούριον
2707 2078 2798 2132 καὶ
2843 2079 2906 2133 τὸ
2963 2079 3272 2155 φακεώΑιον
3331 2079 3496 2135 αὐτοῦ
3546 2077 3759 2138 λαϐών.

2099 2166 2464 2224 Glossarium
2508 2184 2620 2223 ms.
2657 2165 3032 2239 τἙπενδύτης
3060 2169 3123 2223 τὸ
3182 2167 3452 2225 ἐσώτατον
3517 2170 3764 2244 ἱμάτιον,

2098 2257 2126 2312 ὃ
2163 2255 2504 2329 ὑποκάμισον
2525 2254 2760 2332 λέγεται.
2796 2259 2934 2316 Vide
2963 2277 3144 2331 supra
3173 2260 3232 2317 in
3264 2259 3498 2338 ῥοῦχον.

2811 2406 2861 2455 Φ

2170 2550 2512 2626 Φλάμουλον
2561 2554 2892 2626 ﬂamulum,
2952 2555 3250 2628 vexillum,
3311 2575 3368 2630 p.
3416 2559 3541 2615 300.
3601 2559 3754 2616 Gon-

2093 2643 2392 2700 stantinus
2411 2643 2472 2700 in
2497 2645 2748 2700 Tacticis
2775 2645 2885 2700 :Tti
2913 2642 3214 2721 φλοίμουλα
3246 2643 3478 2716 ἑκάστης
3501 2646 3752 2722 τούρμας

2092 2729 2127 2798 ἢ
2163 2726 2438 2806 δρούγγου
2475 2728 2615 2793 ἰδίοις
2671 2732 2843 2807 χρόας
2890 2727 3058 2807 ἔχειν.
3119 2736 3371 2793 Basilius
3415 2739 3473 2792 in
3507 2738 3755 2795 Nauma-

2093 2820 2322 2878 obicis:
2359 2820 2695 2895 Ηροσθετέον
2742 2820 2800 2877 δὲ
2841 2823 3060 2885 τούτοις
3085 2825 3175 2878 καὶ
3241 2823 3588 2901 τριηραύλην
3653 2827 3747 2882 καὶ

2095 2906 2415 2980 κελευστήν·
2477 2905 2590 2966 ἔστι
2659 2909 2716 2966 δὲ
2773 2913 2801 2966 ὁ
2873 2912 2967 2986 μὲν
3035 2908 3423 2990 ἷϐουκινάτωρ,
3485 2913 3745 2972 ὀδὲιὸτὸ

2091 2997 2417 3076 φλάμουλον
2451 3000 2734 3076 γατάχων.
2765 3003 2856 3058 Sic
2887 3002 3098 3076 legitur
3125 3005 3184 3059 in
3223 3008 3400 3076 Regio
3433 3007 3748 3079 exemplari

2093 3092 2150 3144 et
2207 3085 2623 3166 φλαμουλίσκια
2695 3093 2849 3163 apud
2922 3093 3194 3150 eumdem
3271 3097 3743 3152 Constantinum.

2093 3176 2302 3234 Dicunt
2403 3183 2458 3235 et
2535 3177 2877 3257 φλάμμουρα
2948 3181 3036 3238 vel
3111 3181 3429 3257 φλάμουρα.
3513 3185 3745 3243 Manuel

2095 3266 2396 3340 Moschop.
2445 3267 2576 3341 Περὶ
2640 3265 2854 3343 σχεδῶν
2917 3285 2932 3325 :
2983 3275 3208 3342 Σημαῖοι
3260 3271 3322 3326 τὸ
3400 3269 3744 3348 φλάμουρον,

2088 3372 2450 3428 quamquam
2507 3359 2567 3413 in
2624 3359 2740 3418 alio
2793 3360 2994 3421 codice
3025 3403 3028 3408 .
3059 3361 3271 3432 legitur
3299 3359 3652 3438 φλάμουλον,
3687 3373 3747 3422 ut

2088 3451 2398 3512 annotatur
2432 3447 2494 3503 in
2533 3449 2732 3505 variis.
2764 3451 2977 3506 Auctor
3007 3451 3138 3507 GB:
3209 3451 3304 3506 Καὶ
3364 3453 3621 3522 στήσασιν
3677 3454 3744 3509 τὰ

2086 3527 2434 3608 φλάμμουρα
2481 3534 2604 3588 στὸν
2667 3539 2878 3610 τεῖχον.
2939 3537 3063 3594 Nisi
3121 3539 3267 3595 forte
3325 3540 3635 3611 legendum
3670 3542 3744 3598 sit

2086 3619 2447 3696 φλάμπουρα.
2484 3623 2681 3680 Idem:
2720 3625 2928 3680 Λοιπὸν
2985 3625 3140 3681 αὐτοὶ
3197 3628 3523 3703 Χριστιανοὶ
3573 3630 3743 3706 ἀκαρ-

2084 3713 2274 3783 τεροῦν
2339 3711 2404 3765 νὰ
2461 3707 2643 3766 δοῦσιν
2693 3711 2945 3786 σημάδην
3009 3716 3149 3790 μέγα
3205 3714 3570 3794 φλάμπουρον
3649 3718 3742 3774 τὸν

2087 3799 2314 3873 σταυρὸν
2346 3803 2444 3853 τοῦ
2476 3799 2703 3876 Κυρίου.
2765 3803 2916 3861 Hinc
2971 3801 3466 3881 φλαμπουριάρης.
3522 3811 3742 3866 Auctor

2081 3888 2198 3958 GB,
2230 3891 2289 3946 in
2315 3890 2602 3947 Ilistorica
2635 3893 2966 3950 narratione
2998 3895 3068 3950 de
3099 3895 3377 3952 Belisario
3412 3915 3426 3953 :
3460 3895 3561 3954 Καὶ
3588 3898 3624 3967 ἡ
3676 3898 3739 3952 σύ

2080 3978 2181 4048 ἧσε
2250 3975 2738 4056 φλαμπουριάρης,
2795 3983 3243 4042 ﬂammularius.
3294 3989 3514 4042 Verum
3591 3988 3738 4044 nihil

2083 4070 2456 4124 mutandum.
2520 4070 2677 4126 Idem
2732 4076 2936 4127 auctor
2976 4091 2994 4126 :
3043 4070 3273 4147 ’Έῤῥαξε
3348 4074 3411 4128 τὸ
3496 4073 3738 4150 καράϐη,

2081 4153 2295 4211 ἔστεσαν
2362 4157 2704 4234 φλάμμουρα
2752 4156 2961 4218 πολλά.
3020 4162 3166 4218 Vide
3231 4163 3591 4222 Glossarium
3660 4169 3732 4223 ad

2079 4250 2430 4305 Cedrenum.

2151 4335 2457 4413 Φεγγάριον
2491 4336 2650 4394 luna.
2681 4339 2822 4396 Vide
2851 4342 3193 4398 Meursium.

2149 4432 2378 4508 Φόρεμα
2435 4432 2633 4504 στολή,
2694 4438 2892 4495 vestis.
2951 4438 3274 4498 Concilium
3329 4443 3732 4502 Florentinum

2075 4538 2223 4580 sese.
2259 4525 2364 4581 16:
2398 4523 2705 4604 Φοφεμὲνοι
2749 4526 2967 4592 πάντες.
3018 4530 3265 4588 Vertunt
3298 4550 3312 4590 :
3357 4551 3558 4591 omnes
3597 4554 3730 4594 cum

302 4603 474 4662 Τένδα
523 4608 587 4663 τὸ
645 4610 937 4684 σφαιρικὸν
1008 4607 1386 4686 διετεταμὲνος
1442 4611 1690 4690 ὕφασμα·
1785 4609 1958 4668 τένδω

2101 4613 2262 4670 ιαοτίε
2295 4603 2578 4673 vestibus.

305 4694 409 4784 γᾷρ
466 4696 528 4751 τὸ
616 4679 890 4758 διατείνω.
972 4679 1310 4761 Promiscue
1391 4679 1606 4776 igitur-
1663 4698 1822 4758 τένδοι
1875 4703 1968 4761 vel

2149 4702 2330 4776 Φόρος
2375 4702 2567 4779 ἀγορά,
2626 4705 2842 4764 forum.
2915 4709 2980 4765 In
3035 4709 3354 4784 diplomate
3411 4714 3730 4772 Andronici

303 4783 482 4842 τέντα.
515 4789 606 4846 Sic
649 4789 800 4847 Galli
834 4795 1008 4862 tento,
1038 4792 1165 4850 Itali
1209 4793 1393 4850 tenda.

378 4880 694 4952 Τετραρεῖαι
727 4896 862 4952 pag.
917 4882 1040 4951 119,
1074 4883 1176 4938 sed
1235 4883 1525 4940 Meursius
1577 4881 1718 4954 legit
1768 4901 1971 4958 πετρασι

309 4971 472 5041 ρεῖαι.
505 4969 653 5024 Sunt
683 4973 1182 5044 autempetrariw
1216 4973 1499 5031 machinae
1532 4973 1773 5038 bellicas,

380 5057 588 5131 Τετράς
620 5059 746 5117 dies
769 5062 1059 5118 Mercurii.
1082 5063 1286 5120 Petrus
1316 5062 1781 5132 Alexandrinus,
1833 5081 1962 5123 can.

309 5147 432 5203 15:
493 5145 725 5222 Τετράδι
771 5149 874 5224 γὰρ
934 5150 1023 5205 καὶ
1087 5155 1400 5226 παρασκευῇ
1483 5150 1818 5224 νηπευτὲον,
1874 5156 1968 5226 die

303 5237 562 5295 Mercurii
589 5245 642 5295 et
683 5242 920 5298 Veneris
938 5243 1338 5314 jejunandum.

377 5325 760 5403 Τζαγγοὶτορες
864 5331 1174 5404 sagittarii,
1279 5337 1370 5389 est
1468 5334 1625 5390 enim
1721 5335 1964 5411 τζάγγρα

300 5429 473 5472 arcus
508 5435 563 5489 p.
592 5419 664 5472 53
693 5436 746 5475 a.
782 5421 942 5478 Idem
977 5439 1031 5494 p.
1068 5422 1158 5489 87,
1191 5417 1458 5492 ἐκηϐόλοι
1502 5422 1768 5495 Ῥωμαῖοι
1818 5427 1958 5482 Cod.

295 5503 412 5573 GB,
449 5505 588 5574 μετὰ
650 5510 927 5585 ζαγγρῶν.
979 5512 1232 5568 Joannes
1291 5514 1752 5582 Cantaeuzenus,
1807 5515 1956 5572 Hist.

291 5593 395 5648 lib.
433 5610 474 5659 Ι,
521 5611 650 5668 cap.
701 5599 757 5666 3,
822 5615 879 5670 p.
944 5600 1092 5656 108:
1153 5603 1272 5657 Τῶν
1333 5597 1393 5654 ἐκ
1439 5600 1610 5671 τόξων
1659 5607 1960 5658 Λατινικῶν

290 5684 399 5734 τῶν
471 5679 785 5757 λεγομένων
839 5691 1132 5764 τζαγγρῶν
1191 5688 1456 5768 ἀφιέντων
1546 5690 1705 5766 βέλη.
1790 5699 1960 5751 Anna

285 5771 590 5830 Comnena
616 5776 883 5835 Alexiad.
915 5795 1017 5836 vm
1051 5799 1064 5838 :
1100 5781 1180 5837 Τὸ
1207 5780 1437 5853 μὲνοῦν
1485 5775 1594 5835 ἀπὸ
1645 5787 1746 5851 τῆς
1791 5782 1958 5858 τζάγ-

292 5880 434 5937 γρας
500 5860 666 5937 βέλος
718 5862 956 5937 ἐμπεσὸν
1017 5867 1092 5930 εἷς
1120 5869 1182 5924 τὸ
1232 5867 1393 5945 ἄκρον
1427 5875 1525 5939 τῆς
1556 5870 1810 5945 κόρυθος,
1843 5877 1954 5931 etc.

291 5952 514 6009 Auctor
547 5953 662 6021 GB,
687 5953 746 6011 in
781 5955 1064 6016 Historica
1099 5963 1314 6020 narrat.
1339 5968 1412 6019 de
1441 5959 1758 6022 Belisario:
1785 5961 1958 6038 Τζάγ·

2073 4790 2373 4850 Junioris:
2420 4795 2518 4848 τοῦ
2566 4794 2794 4853 σπανίου
2859 4799 2957 4852 τοῦ
3009 4794 3061 4852 ἓν
3119 4802 3198 4871 τῷ
3272 4801 3426 4877 φόρῳ
3501 4801 3726 4858 πωλου-

2077 4878 2260 4955 μένου.
2292 4883 2561 4941 Occurrit
2593 4885 2836 4958 passim.

2146 4972 2472 5046 Φουρκίζειν
2532 4971 2620 5046 ἐπὶ
2681 4971 2956 5042 σκόλοπος
3015 4977 3387 5052 ἀπαιωρῆσαι,
3426 4983 3513 5046 γ.
3576 4985 3726 5042 Har-

2072 5077 2304 5135 menop.
2339 5069 2391 5118 et
2420 5063 2508 5118 Gl.
2543 5065 2815 5130 adCedr.
2849 5065 2908 5121 in
2940 5062 3278 5142 φουλκίζειν.

2142 5161 2440 5216 Φωσσάτον
2555 5161 2777 5232 ξενικόν.
2857 5164 3064 5223 Purior
3151 5173 3345 5232 textus
3421 5169 3724 5249 Εενολογία.

2068 5251 2298 5308 Externi
2335 5251 2575 5310 milites.
2617 5249 2924 5309 Φωσσάτον
2957 5273 3059 5327 pro
3090 5258 3298 5315 castris
3346 5277 3414 5316 ex
3470 5265 3723 5320 exercitu

2067 5341 2205 5412 poni
2238 5340 2464 5396 dudum
2497 5341 2871 5398 observatum
2905 5347 3012 5400 est.
3048 5345 3267 5404 ldatius
3298 5349 3611 5424 episcopus
3661 5353 3723 5410 in

2066 5430 2251 5485 Fastis
2278 5429 2730 5488 consularibus:
2767 5433 2829 5489 Et
2863 5433 2981 5506 ipso
3013 5451 3159 5492 anno
3188 5441 3465 5509 profectus
3494 5449 3574 5498 est
3622 5443 3722 5500 Va-

2065 5521 2181 5577 lens
2211 5522 2484 5590 Augustus
2521 5537 2590 5577 ea:
2619 5522 2754 5578 urbe
2784 5524 2854 5579 ad
2879 5527 3172 5596 fossatum.
3213 5529 3374 5586 Anna
3430 5531 3725 5590 Comnena

2065 5610 2323 5666 Alexiad.
2382 5626 2528 5665 VIII:
2587 5611 2914 5684 Προσὲτοιξεν
2996 5611 3085 5668 διὰ
3157 5618 3360 5681 παντὸς
3437 5622 3722 5696 φωσσάτου

2063 5695 2485 5773 διακηρυκεῢσαί
2517 5698 2607 5753 τὶν
2643 5699 2695 5761 ἐς
2715 5701 2814 5770 τήν
2871 5699 3060 5777 αὔριον
3113 5703 3384 5780 πόλεμον,
3449 5695 3721 5768 MoschO-

2061 5788 2260 5859 pultis,
2328 5787 2455 5860 περὶ
2521 5785 2755 5862 σχεδῶν·
2813 5791 3108 5848 Φωσσοὶτον
3186 5795 3214 5848 ὁ
3273 5797 3520 5870 στρατός.
3572 5801 3716 5858 Vide

2061 5876 2248 5943 Gloss.
2276 5878 2354 5939 ad
2378 5879 2726 5936 Cedrenum.
2761 5883 2938 5937 Hodie
2969 5883 3250 5956 φουσσάτο
3282 5887 3504 5956 dicunt.

2130 5970 2363 6042 Φρὲριος
2392 5968 2589 6040 frater,
2606 5969 2892 6026 Gallicum
2916 5972 3084 6044 frére.
