4052 6406
315 420 345 481 ι
357 422 473 482 08⁸7

383 532 859 627 Φροντιστήριον..
900 530 1066 609 Joan.
1093 552 1327 609 Cantac.
1365 568 1409 620 ι,
1465 551 1536 607 22
1570 569 1582 607 :
1626 550 1723 614 Εἰς
1752 543 1806 606 ἔν
1855 555 1963 606 τῶν

308 640 766 720 φροντιστηρίων.
824 641 893 696 ν.
962 639 1226 711 Suidam,
1302 645 1361 698 et
1430 658 1564 714 sup.
1660 641 1721 697 in
1799 659 1966 712 μονα-

310 732 557 806 στήριον.

1113 878 1169 933 Χ

380 1000 745 1077 Χαμαιζίκιον
777 1000 1153 1058 instrumenti
1190 1002 1393 1059 musici
1416 1019 1621 1074 genus.
1656 1003 1965 1059 Meursius.

379 1086 772 1164 Χαμικηλάδες
805 1090 1003 1148 avium
1033 1108 1242 1163 genus.
1266 1092 1572 1148 Meursius.

381 1178 650 1238 Χαντάκια
711 1180 902 1238 fossae.
959 1180 1030 1236 Η.
1080 1181 1210 1251 264,
1263 1179 1390 1241 τοὺς
1444 1176 1736 1256 διώρυχας.
1777 1182 1970 1238 Codex

305 1270 399 1327 GB
430 1266 726 1344 χαντάκια.
1858 1286 1863 1289 ·

377 1355 811 1433 Χαρτουλάριον.
857 1357 922 1415 In
981 1358 1215 1429 puriore
1281 1360 1476 1416 Greco
1535 1357 1967 1438 χάρτουλάριον,

309 1447 748 1517 chartularium,
791 1446 1360 1521 chartophylacium,
1391 1448 1701 1506 scrinium.

386 1533 801 1611 Χαρτουλάριος
841 1536 1251 1595 chartutarius.
1286 1537 1432 1594 Vide
1471 1538 1659 1596 Gloss.
1698 1544 1967 1596 nostrum

319 1627 696 1685 Nominicum
728 1625 788 1681 in
822 1642 892 1682 ea
920 1625 1194 1683 dictione.

387 1717 523 1791 Χερν
534 1709 814 1785 ιὸὁξυστον
845 1715 994 1790 [583]
1005 1758 1020 1773 .

385 1800 822 1880 Χοιρομάνὸριον
855 1804 1071 1880 aug-.954,
1105 1806 1276 1873 suile,
1308 1807 1465 1864 hara.

386 1892 650 1968 Χρύσινος
709 1895 957 1962 solidus,
1032 1912 1267 1953 aureus.
1364 1896 1713 1955 Theodoret.
1817 1898 1967 1956 Ilist.

313 1982 471 2040 Eccl.
505 2001 569 2050 ιι,
602 2000 730 2056 cap.
791 1985 859 2040 13
887 2000 907 2040 .'
968 1982 1280 2040 Ἀπέστειλε
1317 1985 1705 2047 πεντακοσίους
1774 1986 1969 2062 χρυσί-

1638 420 1691 479 Ν
1694 419 1947 481 ΙΟΕΤΕ
1987 418 2421 482 CHONIA'I‘IE

3575 416 3769 479 1088

2074 571 2197 612 νους
2230 551 2399 621 αὐτῷ.
2456 551 2741 623 Epiphan.
2774 549 2967 606 Schol.
2999 548 3285 605 ita‘vertit
3316 564 3330 604 :
3393 549 3756 619 Quingentos

2076 642 2277 697 solidos
2323 642 2645 698 destinauit.
2703 641 2857 712 Trip.
2909 656 2963 709 v,
2998 655 3125 709 cap.
3162 638 3248 693 17.
3280 638 3578 709 Josephus
3612 642 3756 712 epi-
3792 712 3801 718 _

2077 746 2292 802 scopus
2323 730 2648 786 Metonens.
2680 730 2738 785 in
2770 745 2917 799 resp.
2954 729 3027 783 ad
3072 726 3338 783 libellum
3382 727 3551 784 Marii
3616 730 3760 787 Me-

2075 819 2362 892 tropolim
2393 819 2606 891 Ephesi
2640 836 2654 874 :
2689 819 2818 878 Τοῖς
2875 813 3264 890 Φλορεντίνοις
3326 815 3573 888 μηνύσας
3647 815 3758 873 δα-

2074 912 2247 962 νεῖσαι
2335 905 2482 979 αὐτῷ
2564 906 3002 979 τεσσαράκροντα
3085 902 3351 980 χιλιάδας
3434 904 3745 980 χροσίνων.

2076 994 2390 1052 ἀπέστειλεν
2459 994 2646 1058 αὐτοῖς
2730 996 2832 1063 τὴν
2926 994 3122 1068 μίτραν
3198 993 3366 1049 αὐτοῦ
3445 992 3735 1071 ἐνέχυρον,

2078 1089 2444 1160 Nicephorus
2474 1087 2773 1153 Callistus,
2821 1103 2900 1155 x1,
2934 1086 3044 1141 48:
3088 1080 3470 1158 Ὀγδοήκοντα
3534 1087 3739 1162 ’χρυσία

2074 1196 2206 1238 νους
2248 1176 2593 1230 ἀπαιτεῖσθαι
2623 1173 2903 1234 κελεύσας.

2150 1258 2616 1339 Χρυσόϐουλλων.
2657 1266 2849 1321 Aurea
2874 1263 3056 1320 bulla.
3092 1264 3230 1335 Pap.
3282 1265 3353 1319 34
3394 1281 3446 1335 c,
3499 1264 3731 1337 Τράμμα

2028 1340 2031 1345 ’
2074 1354 2574 1430 ἐρυθροσήμαντον.
2604 1355 2799 1410 Codex
2852 1355 2968 1418 GB,
3018 1345 3463 1427 χρυσόϐουλλον.
3541 1355 3738 1425 Ιωρο-

2074 1457 2229 1504 rator
2257 1449 2416 1503 enim
2446 1446 2499 1503 ei
2520 1446 2924 1502 subscribebat
2953 1445 3278 1500 cinnabari.
3298 1449 3459 1500 Anna
3482 1450 3744 1503 Comne-

2076 1554 2153 1593 na
2179 1536 2440 1592 Alexiad.
2474 1534 2577 1591 lib.
2606 1550 2739 1591 vui:
2789 1532 2947 1607 Ηαρᾶ
2988 1533 3085 1586 τοῦ
3134 1532 3543 1607 αὐτοκράτορος
3590 1552 3744 1607 χρυ-

2076 1620 2387 1680 σόϐουλλον
2440 1622 2603 1698 λόγον
2664 1619 3133 1695 ἐνσεσημασμὲνον
3193 1618 3284 1676 διὰ
3341 1621 3749 1697 κινναλάρεως,

2077 1715 2151 1775 ὡς
2182 1712 2324 1785 ἔθος,
2352 1710 2442 1768 διὰ
2473 1710 2770 1787 βασιλικῆς
2802 1708 2976 1783 δεξιᾶς
3010 1705 3221 1767 λαϐών.
3285 1713 3592 1769 Constant.
3666 1716 3752 1770 De

2077 1804 2303 1861 admin.
2358 1805 2495 1874 imp.
2542 1795 2993 1876 χρυσοϐουλλίου
3042 1798 3243 1876 χωρίς.
3293 1792 3541 1875 Niceph.
3591 1802 3746 1859 Call.

2080 1892 2180 1948 lib.
2215 1909 2331 1962 xw,
2363 1909 2489 1964 cap.
2522 1892 2610 1948 43.
2641 1892 2788 1948 Vide
2836 1890 3202 1948 Glossarium
3250 1891 3323 1947 ad
3384 1891 3746 1950 Cedrenum.

315 2108 2237 2140 Μ

779 2243 1773 2435 NICETfE
1834 2127 1840 2129 ᾗ
1906 2127 3755 2439 ί]Ηόιῆᾖῖ

505 2518 721 2570 MAGNI
774 2519 1197 2573 LOGOTHETE
1250 2520 1731 2585 SECRETORUM,
1789 2522 2213 2575 INSPECTORIS
2269 2523 2355 2574 ET
2420 2522 2666 2575 JUDICIS
2722 2522 2896 2582 VELI,
2949 2522 3306 2575 PREFECTI
3361 2523 3560 2575 SACRI

1871 2603 2184 2656 CUBICULI

1656 2710 2438 2862 THESAURUS

1108 2964 2304 3143 ORTHODOXAE
2424 2973 2973 3149 FIDEI.

367 3349 457 3400 AD
511 3348 975 3402 CLARISSIMUM
1028 3351 1253 3403 VIRUM
1312 3356 1376 3407 D.
1437 3355 1853 3486 ΙΟΑΝΙΞΕΜΜΑ
1908 3357 1961 3409 S.
2016 3358 2307 3417 ANDREA,
2363 3357 2926 3411 CARCASSONENSIS
2981 3357 3312 3410 ECCLESI/E
3372 3353 3701 3417 DECANUM,

1667 3471 1680 3486 .
1795 3437 2052 3486 ORELLII
2109 3438 2445 3486 EPISTOLA.

1667 3471 1680 3486 .
1737 3437 2052 3489 MORELLII
2109 3438 2445 3491 EPISTOLA.

400 3574 554 3632 Evici
588 3578 846 3646 tandem,
880 3579 1253 3637 ornatissime
1282 3581 1395 3651 vir,
1425 3583 1580 3655 quod
1609 3583 1962 3657 jampridem
1994 3586 2145 3643 votis
2176 3586 2451 3643 omnibus
2481 3586 2855 3660 exoptabam,
2885 3588 3061 3657 atque
3109 3601 3187 3641 an
3237 3583 3585 3641 umbilicum
3620 3597 3759 3653 per-

328 3672 469 3730 duxi
504 3676 840 3734 monodiam
873 3675 1036 3734 illam
1068 3679 1368 3737 Michaelis
1396 3680 1711 3753 Choniatm,
1745 3684 2015 3755 praesulis
2045 3684 2446 3753 Atheniensis,
2478 3702 2594 3755 qua
2631 3685 2841 3741 Nicetis
2890 3682 3087 3740 fratris
3135 3681 3442 3754 exsequias
3476 3680 3766 3736 cohones-

325 3774 434 3830 tat.
469 3773 551 3829 Ea
577 3780 755 3846 certe,
787 3781 852 3832 ut
880 3776 1074 3833 dicam
1106 3780 1262 3850 quod
1295 3796 1385 3837 res
1414 3784 1526 3848 est,
1557 3781 1655 3837 diu
1691 3798 1783 3837 me
1812 3798 2165 3853 suspensum
2197 3781 2406 3848 tenuit,
2438 3787 2674 3855 propter
2693 3782 2954 3838 salebras
2999 3781 3132 3837 illas
3184 3796 3333 3852 pene
3385 3779 3709 3834 continuas
3748 3795 3765 3835 :

232 3872 239 3875 ⁷
326 3887 691 3945 cursumque
721 3874 1007 3932 hactenus
1046 3882 1338 3934 remorata
1368 3884 1478 3950 est,
1510 3880 1714 3951 quain
1741 3879 1952 3937 Nicetis
1982 3879 2281 3937 Thesauro
2332 3880 2477 3936 satis
2519 3881 2763 3937 feliciter
2809 3880 3219 3953 procedebam,
3272 3879 3539 3949 quamvis
3588 3877 3647 3931 in
3684 3893 3768 3933 eo

332 3985 563 4043 quoque
593 3971 776 4029 libros
805 3974 1051 4046 aliquot,
1084 3978 1409 4048 praesertim
1444 3977 1666 4049 priores
1696 3982 1754 4033 et
1783 3978 2129 4049 posteriores
2156 3995 2268 4035 non
2305 3979 2675 4050 paucioribus
2723 3978 2968 4034 salebris
3016 3982 3304 4034 scatentes
3343 3976 3755 4046 deprehende-

329 4071 464 4128 rim.
498 4072 634 4137 Quae
668 4088 761 4128 me
791 4090 967 4129 causa
998 4075 1299 4147 permovit,
1328 4079 1391 4131 ut
1419 4091 1519 4131 eos
1549 4076 1736 4148 primo
1775 4092 2001 4148 quoque
2046 4080 2308 4150 tempore
2350 4078 2822 4148 transcriberem,
2873 4076 3197 4148 Latinoque
3246 4091 3507 4131 sermone
3556 4075 3763 4131 dona-

325 4187 474 4238 rem,
508 4187 582 4226 ne
612 4170 660 4225 si
695 4170 918 4227 diutius
952 4171 1269 4238 differrem,
1304 4191 1336 4228 a
1366 4173 1567 4230 blattis
1594 4171 1909 4244 ἀνηκέστως
1941 4175 2344 4232 exederentur.
2377 4177 2491 4231 Eos
2522 4176 2590 4231 ad
2626 4179 2683 4230 te
2714 4175 2940 4230 mittere
2970 4175 3161 4230 visum
3210 4178 3319 4241 est,
3367 4173 3767 4229 ornatissime

325 4270 438 4340 vir,
472 4274 756 4343 tanquam
782 4269 1026 4340 laboris,
1056 4287 1228 4342 quem
1260 4275 1315 4327 te
1345 4277 1579 4330 auctore
1610 4289 1764 4329 anno
1795 4273 2016 4331 Christi
2047 4274 2184 4331 1560
2237 4275 2489 4347 suscepi,
2548 4274 2876 4346 primitias;
2927 4273 3023 4346 qui
3067 4272 3117 4328 si
3150 4271 3476 4343 arriserint,
3508 4289 3765 4343 operam

335 4370 489 4427 daho
517 4374 580 4425 ut
611 4369 816 4442 reliqui
848 4370 1146 4443 sigillatim
1177 4372 1635 4443 subsequantur,
1660 4373 2010 4446 justumque
2039 4374 2327 4431 Thesauri
2359 4374 2641 4430 librorum
2674 4390 3005 4440 numerum,
3029 4387 3240 4444 nempe
3267 4372 3340 4426 27
3368 4371 3742 4443 adimpleant

326 4473 504 4540 atque
533 4468 612 4524 ita
642 4467 876 4525 Nicetes
898 4467 1018 4541 ille,
1051 4484 1228 4541 quem
1259 4467 1348 4525 vel
1381 4485 1452 4526 ex
1479 4469 1821 4541 Annalibus,
1854 4471 1953 4543 qui
1991 4487 2109 4528 non
2159 4472 2238 4528 ita
2284 4472 2508 4544 pridem
2556 4472 2629 4528 ab
2669 4471 2923 4543 Oporino
2969 4470 3107 4527 udili
3163 4473 3324 4536 sunt,
3356 4474 3645 4541 tanquam
3681 4489 3765 4528 ex

330 4564 633 4642 unguibus
664 4566 914 4636 leonem,
947 4565 1110 4623 facile
1138 4583 1648 4641 cognoscas,nunc
1683 4571 1915 4627 tandem
1947 4571 2067 4627 tuis
2099 4569 2379 4643 auspiciis
2410 4576 2468 4626 et
2497 4571 2837 4643 sumptibus
2860 4587 2895 4626 a
2925 4569 3182 4627 tenebris
3213 4568 3769 4642 vindicetur.Cujus

326 4666 598 4725 beneficii
626 4666 862 4723 nomine
891 4667 1046 4722 bona
1077 4667 1390 4737 posteritas
1419 4667 1523 4724 tibi
1552 4668 1773 4740 gratias
1803 4669 2164 4724 immortales
2196 4667 2450 4736 habebit,
2484 4668 2587 4724 ubi
2615 4669 2909 4725 resciverit
2948 4667 3413 4724 vetustissimum
3458 4668 3763 4733 Thesauri

327 4765 700 4824 Orthodoxias
732 4764 882 4822 beati
910 4765 1124 4822 Nicetis
1150 4765 1438 4822 Choniataa
1469 4765 1881 4839 exemplar:(ut
1909 4767 2063 4836 quod
2096 4783 2127 4821 a
2157 4765 2514 4837 Nicetaﬁpso
2546 4766 2914 4839 descriptum
2963 4766 3063 4836 sit)
3114 4772 3240 4837 post
3284 4767 3546 4822 auctoris
3593 4782 3761 4822 mor-

353 4881 447 4921 em
475 4867 547 4923 ad
580 4863 919 4921 Michaelem
952 4864 1291 4921 Choniatem
1319 4864 1761 4920 Atheniensium
1795 4863 2103 4935 praesulem
2133 4864 2294 4920 velut
2324 4864 2695 4921 hereditario
2718 4865 2854 4935 jure
2882 4862 3210 4931 transiisse,
3259 4879 3377 4934 quo
3425 4866 3564 4921 item
3598 4881 3756 4919 mor-

325 4971 428 5019 tuo
457 4964 518 5021 in
550 4980 764 5021 manus
793 4963 1081 5020 Theodori
1113 4962 1447 5019 Soutariotae
1475 4963 1685 5020 Levita;
1722 4963 1988 5036 Cyziceni
2016 4964 2274 5030 venisse,
2304 4963 2571 5031 Cyziceni
2600 4963 2851 5031 venisse,
2886 4963 3207 5036 Cyzicoque
3256 4980 3290 5019 a
3326 4964 3526 5020 Turcis
3553 4972 3746 5018 vasta-

330 5067 394 5118 ta
424 5064 482 5117 in
515 5061 998 5135 frequentissima
1026 5060 1129 5117 illa
1156 5058 1458 5135 καλοιερῶν
1485 5058 1807 5137 ἆγιορειτῶν
1840 5078 1955 5117 mor

2083 5061 2214 5131 sris,
2248 5078 2374 5133 quas
2405 5069 2539 5117 sunt
2570 5060 2627 5115 in
2661 5060 2808 5117 Atho
2854 5070 3072 5130 monte,
3130 5063 3498 5134 deportatum
3527 5078 3541 5115 :
3570 5062 3738 5127 atque

327 5160 470 5216 inde
526 5160 767 5216 tandem
827 5159 1112 5216 Lutetiam
1170 5160 1508 5230 adductum,
1567 5158 1887 5225 venaleque
1948 5177 1982 5217 a
2024 5161 2216 5218 Graeco
2266 5161 2522 5232 quodam
2572 5159 2898 5231 expositum
2959 5158 3155 5215 nullos
3221 5164 3324 5215 aut
3383 5174 3589 5233 paucos
3647 5156 3753 5212 ad-

341 5257 579 5315 n‘odum
613 5262 905 5330 emptores
937 5265 1169 5313 nactum
1199 5259 1455 5331 (propter
1484 5256 1908 5315 deformitatem
1947 5258 2251 5326 nimirum,
2285 5261 2352 5313 ut
2402 5258 2676 5331 )Esopum
2724 5257 2894 5313 illum
2951 5256 3339 5314 fabulatorem
3396 5256 3555 5329 olim)
3607 5272 3763 5328 prae-

341 5362 432 5415 ter
480 5371 665 5413 unum
693 5355 976 5413 Joannem
1010 5373 1043 5413 a
1072 5356 1819 5430 Sancto:Andrea,cujuse
1859 5357 2215 5414 bibliotheca
2265 5356 2400 5412 boni
2449 5364 2736 5427 auctores,
2788 5355 2960 5413 hodie
3009 5356 3332 5429 praesertim
3383 5355 3591 5424 Graeci,
3640 5372 3769 5414 non

334 5457 508 5515 aliter
554 5455 712 5512 exire
742 5458 1014 5527 possunt,
1045 5458 1224 5527 atque
1253 5471 1323 5512 ex
1365 5472 1516 5528 equo
1583 5456 1831 5528 Trojano
1887 5457 2026 5514 boni
2089 5455 2325 5526 milites,
2383 5460 2440 5511 et
2497 5470 2567 5511 ex
2597 5454 2867 5513 Isocratis
2898 5453 3098 5512 schola
3138 5458 3400 5512 oratores
3429 5453 3645 5510 exiisse
3677 5453 3768 5510 fe—

336 5562 569 5617 runtur.

404 5660 571 5714 Certe
598 5659 660 5711 tu
694 5656 766 5712 de
794 5654 1116 5711 vetussimo
1146 5652 1247 5711 illo
1272 5652 1771 5726 exemplari'idem
1802 5653 2217 5723 subodoratus,
2256 5654 2411 5726 quod
2444 5654 2716 5711 Xanthus
2748 5652 2847 5710 ille
2875 5654 2948 5709 de
2967 5652 3202 5724 lEsopo,
3257 5654 3514 5724 pretium
3565 5653 3774 5712 Graeco

338 5755 690 5824 numerasti,
718 5752 1129 5824 exemplarque
1160 5751 1304 5807 mihi
1334 5753 1718 5809 commissum
1747 5752 2124 5809 evolvendum
2160 5754 2401 5822 curasti,
2435 5753 2672 5809 tandem
2726 5750 3089 5819 deprehensa
3144 5747 3417 5826 ἐπιγραφὴ
3472 5766 3591 5807 non
3639 5767 3774 5807 car-

335 5855 584 5919 bonum,
622 5858 688 5909 ut
716 5851 777 5907 in
809 5850 1111 5922 proverbio
1139 5855 1249 5918 est,
1279 5851 1380 5906 sed
1414 5850 1745 5907 orthodoxa
1777 5850 1911 5906 ﬁdei
1942 5851 2311 5907 Thesaurum
2343 5852 2400 5905 in
2436 5850 2668 5922 paginis
2698 5848 2817 5905 illis
2838 5850 2954 5907 situ
2978 5854 3035 5906 et
3065 5849 3337 5921 squalore
3359 5851 3439 5906 ita
3460 5849 3774 5922 obductis,
