4052 6370
274 347 431 407 1089
1729 318 2202 384 ΤΗΕΞΑΠΒΠΞ
2215 362 2230 376 .
3541 303 3698 367 1090

280 483 340 531 ut
375 477 481 530 nisi
521 477 650 545 post
684 469 900 526 multas
930 463 1162 536 vigilias
1193 459 1307 531 legi
1340 456 1656 530 potuerint,
1681 453 2016 508 delitescere
2060 447 2337 504 ostendit.
2388 446 2518 502 Mox
2566 459 2626 499 se
2671 442 2845 497 index
2893 455 3120 511 quoque
3162 436 3370 508 aperit,
3403 453 3503 490 scu
3540 435 3699 490 cien-

284 577 454 645 chus,
487 592 602 645 quo
635 585 870 627 summa
900 565 1182 620 librorum
1214 558 1496 615 Thesauri
1528 556 1720 626 capita
1752 555 2045 617 notantur,
2074 566 2108 604 a
2137 549 2340 604 Niceta
2371 546 2498 618 ipso
2529 550 2586 600 et
2624 543 2982 614 compositus
3010 545 3067 597 et
3098 539 3378 611 scriptus,
3410 536 3692 606 quemad-

289 675 532 730 modum
564 675 618 726 et
648 667 782 724 libri
811 680 1014 722 omnes
1044 660 1220 731 hujus
1251 657 1466 729 aperis,
1501 651 1753 724 exceptis
1787 651 2019 704 duobus
2065 646 2305 712 ultimis,
2341 644 2442 716 qui
2486 662 2516 695 a
2567 643 2869 698 Theodoro
2912 639 3240 695 Scutariota
3284 634 3484 707 scripti
3544 638 3704 701 sunt,

289 775 387 846 qui
416 772 744 828 Monodiam
776 778 1006 838 quoque
1039 758 1329 817 Michaelis
1362 753 1666 825 scripsisse
1689 751 1936 806 videtur.
1967 746 2256 803 Theodori
2285 743 2622 821 αὐτόγραφον
2661 758 2732 798 ex
2774 739 3096 814 appendiee
3142 737 3214 792 ad
3263 737 3519 792 indicem
3571 735 3704 791 libri

283 875 355 929 25
387 871 618 942 colligo.

361 933 675 1025 Variaualia
704 961 983 1036 opuscula
1006 963 1068 1013 ut
1097 953 1300 1020 Alexii,
1333 949 1633 1007 Michaelis
1679 952 1736 1004 et
1777 946 2011 1018 Josephi
2060 941 2840 1011 Constantinopolitanorum
2890 933 3382 1008 patriarcharum,
3413 933 3707 992 Eustathii

292 1076 348 1128 et
377 1067 670 1136 Germani,
703 1027 1072 1120 Nicaenorum
1114 1053 1456 1129 przssuium,
1489 1049 1779 1106 Eustathii
1814 1050 1892 1104 Ro

2115 1043 2238 1117 περὶ
2273 1040 2368 1096 δύο
2401 1039 2651 1118 ἀδελφῶν
2693 1035 2975 1092 λαϐόντων
3025 1030 3121 1087 δύο
3161 1027 3422 1108 ἀδελφὰς,
3455 1034 3564 1091 hoc
3593 1041 3703 1106 est,

290 1170 362 1225 de
395 1169 624 1224 duobus
657 1128 941 1219 fratribus
974 1128 1356 1212 duassorores
1391 1149 1768 1215 ducentibus,
1804 1146 1994 1201 Alexit
2021 1142 2302 1200 Comneni
2333 1137 2700 1212 imperatoris
2721 1128 3168 1210 χρυσόϐουλλος,
3195 1152 3293 1192 seu
3313 1137 3492 1191 Aurea
3514 1133 3704 1190 bulla:

291 1268 590 1325 sacerdotis
621 1261 908 1331 cuiusdam
937 1257 1007 1313 ad
1036 1255 1217 1310 Etiam
1248 1253 1534 1308 Cretensen
1567 1246 1692 1319 περὶ
1721 1263 1891 1319 προσκ

2112 1287 2125 1311 ,
2159 1245 2269 1296 etc.
2305 1239 2542 1312 (quibus
2590 1235 2887 1307 exemplar
2928 1236 3088 1292 velut
3139 1237 3476 1308 μυροθήκιον
3521 1234 3707 1306 quod-

291 1369 427 1423 dam
453 1365 730 1420 reiertum
764 1358 870 1418 est)
902 1356 1037 1426 quis
1073 1347 1520 1420 lranscripserit,
1553 1344 1717 1400 nulla
1747 1344 2082 1414 conjectura
2111 1354 2353 1410 prorsus
2385 1334 2612 1407 assequi
2659 1333 2901 1407 possim.
2962 1335 3122 1389 Idem
3184 1334 3254 1388 de
3299 1331 3708 1404 phil030phico

291 1465 546 1537 quodam
581 1457 710 1531 Περὶ
740 1458 839 1520 τῆς
905 1454 1014 1506 τῶν
1044 1452 1238 1522 ψυχῶν
1265 1445 1602 1518 εἷσκρίσεως,
1634 1447 1692 1498 et
1740 1439 1891 1496 Ecclc

2101 1454 2142 1492 ιο
2201 1437 2273 1492 de
2333 1433 2744 1489 Armeniorum
2799 1431 3005 1487 haeresi
3065 1431 3502 1496 commentario,
3549 1429 3701 1486 idem

292 1527 465 1619 etiam
500 1561 571 1616 de
607 1527 930 1629 appendice
960 1550 1061 1604 illa
1092 1546 1300 1612 sentio,
1333 1561 1463 1616 quae
1495 1542 1644 1596 libro
1675 1539 1932 1595 secundo
1965 1536 2224 1592 adhaeret
2258 1549 2270 1583 :
2305 1549 2440 1589 cum
2473 1537 2672 1587 tamen
2704 1530 2772 1586 ad
2815 1530 2886 1583 25
2946 1529 3260 1600 pertineat,
3313 1533 3377 1584 ut
3413 1545 3482 1584 ex
3513 1527 3706 1585 verbis

293 1659 564 1732 pauculis
591 1627 930 1712 Scutariotae
964 1646 1142 1702 indici
1175 1645 1389 1700 Nicetes
1418 1639 1630 1696 additis
1665 1637 1857 1694 videre
1887 1641 1997 1703 est,
2031 1634 2133 1706 qui
2163 1633 2546 1705 appendicem
2595 1628 2754 1684 illam
2805 1645 2936 1699 quas
2967 1633 3137 1684 antea
3166 1627 3615 1684 desiderabatur
3648 1628 3708 1682 in

292 1763 410 1816 ﬁne
432 1757 664 1813 25.1ibri
691 1753 904 1809 alicubi
938 1753 1224 1818 repertam
1255 1759 1317 1798 se
1349 1739 1662 1796 attexuisse
1705 1737 1980 1793 affirmat.

366 1865 498 1914 Jam
530 1863 595 1911 ut
624 1870 805 1925 pauca
844 1851 914 1904 de
948 1848 1064 1901 vita
1121 1844 1312 1900 obiter
1368 1840 1605 1908 addam,
1665 1853 1793 1908 quae
1850 1846 1974 1890 tum
2020 1849 2089 1889 ex
2134 1830 2408 1887 monodia
2439 1827 2761 1898 Michaelis,
2785 1831 2910 1882 tum
2938 1828 3240 1884 Thesauro
3270 1827 3398 1900 ipso
3430 1826 3705 1900 colligere

340 1968 482 2014 οιυι.

340 1978 482 2014 οιυι.

301 1978 332 2033 p
369 2055 614 2111 Colossa
649 2045 901 2104 Asiatica
938 2042 1040 2098 illa
1069 2039 1275 2097 civitas
1307 2051 1482 2108 quam
1517 2035 1581 2088 Β.
1613 2031 1777 2088 Pauli
1812 2029 2071 2103 Epistula
2119 2026 2468 2092 nobilitavit,
2520 2024 2630 2082 hoc
2682 2022 3104 2079 Choniatarum
3155 2025 3401 2080 fratrum
3454 2043 3560 2098 par
3607 2025 3714 2080 Mi-

302 2151 563 2210 chaelem
596 2151 652 2203 et
681 2145 940 2201 Nicetam
972 2138 1178 2194 tulisse
1208 2135 1458 2199 videtur,
1495 2135 1561 2187 ut
1584 2129 1791 2202 colligo
1825 2145 1890 2184 ex

2143 2126 2216 2179 22
2245 2123 2374 2180 libri
2406 2141 2481 2193 ιν,
2514 2123 2614 2179 ubi
2647 2123 2705 2176 in
2735 2121 2986 2194 τέσσαρες
3015 2119 3104 2174 καὶ
3145 2117 3380 2176 δεκατῶν
3425 2122 3717 2180 haereseos

303 2253 581 2315 antithesi
609 2249 770 2307 Pauli
800 2247 993 2301 locum
1022 2258 1090 2297 ex
1120 2237 1368 2311 epistola
1397 2236 1466 2291 ad
1492 2233 1867 2291 Colossenses
1893 2249 1903 2284 ι

2119 2246 2206 2295 us,
2239 2229 2316 2284 ila
2339 2226 2545 2283 scribit
2578 2242 2590 2279 :
2622 2224 2713 2284 Ὠς
2755 2223 2783 2277 ὁ
2831 2220 3048 2284 Παῦλος
3090 2222 3141 2277 ἐν
3182 2226 3252 2297 τῇ
3282 2223 3418 2296 πρὸς
3454 2224 3582 2288 τοὺς
3609 2243 3719 2279 πα-

298 2357 532 2433 τριώτας
571 2371 663 2423 μοι
695 2345 994 2404 Κολοσπεῖς
1023 2335 1291 2410 ἐπιστολῇ
1321 2332 1590 2409 θεολογεῖ.
1616 2338 1689 2388 Ut
1722 2341 1898 2388 taceat

2154 2327 2462 2384 Choniates
2493 2325 2897 2382 Colossensem
2931 2323 3262 2398 significare
3291 2325 3720 2398 videatur,quae

305 2458 460 2513 enim
498 2454 698 2508 civitas
730 2448 979 2503 αοιοεεω
1011 2441 1172 2509 olim,
1208 2447 1408 2510 postea
1440 2438 1666 2489 mutato
1701 2431 1932 2486 nomine
1963 2430 2153 2484 Χῶναι
2194 2428 2353 2483 dicta
2401 2428 2510 2494 est,
2571 2428 2635 2479 ut
2682 2424 2743 2479 in
2797 2424 3198 2496 manuscripto
3238 2424 3492 2495 quodam
3533 2423 3724 2480 lexico

301 2555 436 2624 legi,
469 2550 624 2622 quod
662 2549 728 2602 D.
771 2549 1136 2600 Vascosanus
1169 2534 1569 2610 typographus
1601 2532 1671 2586 de
1703 2529 1914 2586 litteris
1944 2537 1998 2584 et
2027 2525 2328 2583 litterariis
2360 2524 2574 2595 optime
2601 2522 2846 2579 meritus
2873 2521 3029 2579 inter
3059 2521 3244 2578 multa
3282 2521 3398 2578 alia
3437 2524 3720 2580 vetustis-

301 2619 460 2707 sima
489 2619 844 2716 exemplaria
878 2641 1070 2706 habet,
1105 2635 1380 2692 manibus
1415 2630 1720 2702 cujusdam
1753 2645 1820 2683 ex
1851 2623 2150 2683 Michaelis
2181 2622 2352 2679 Pselli
2383 2620 2751 2678 auditoribus
2780 2619 3162 2693 descriptum.
3198 2621 3262 2677 In
3290 2637 3356 2677 eo
3377 2620 3463 2676 sic
3481 2619 3556 2676 ad
3586 2637 3720 2678 ver-

309 2751 452 2806 bum
488 2749 730 2803 habetur
761 2761 775 2799 :
810 2737 1146 2806 Κολλασσαῖ,
1176 2732 1337 2795 πόλις
1365 2727 1628 2805 Φρυγίας,
1659 2727 1713 2781 αἱ
1750 2729 1838 2781 νῦν
1869 2725 2165 2800 λεγόμεναι
2193 2726 2411 2794 Χῶναι,
2443 2717 2565 2783 ὅθεν
2594 2717 2683 2773 καὶ
2715 2716 3081 2780 Κολασσαεῖς.

376 2845 620 2904 Michael
655 2841 966 2900 Choniates
998 2845 1138 2892 natu
1171 2836 1356 2906 major
1387 2849 1420 2887 a
1452 2833 1616 2903 patre
1645 2845 1715 2884 ex
1749 2827 1885 2882 Asia
1915 2823 2256 2898 Byzantium
2289 2822 2578 2877 deductus
2627 2824 2737 2884 est,
2790 2819 2885 2874 ubi
2936 2835 3071 2875 cum
3121 2821 3252 2890 post
3282 2818 3471 2890 prima
3503 2817 3718 2876 littera-

311 2965 440 3003 rum
477 2943 749 3000 tirocinia
783 2937 1101 3009 majoribus
1133 2931 1462 3004 disciplinis
1495 2929 1760 2983 animum
1792 2925 1870 2980 ita
1903 2921 2272 2989 excoluisset,
2306 2923 2370 2974 ut
2394 2920 2517 2990 jam
2551 2918 2702 2973 inter
2745 2917 3101 2988 professores
3153 2921 3513 2986 censeretur,
3552 2917 3720 2975 Nice.

307 3052 427 3101 tam
465 3045 701 3097 fratrem
735 3036 1064 3111 parvulum,
1097 3032 1272 3102 ulqui
1304 3043 1510 3086 novem
1545 3039 1728 3080 annos
1757 3028 1932 3078 natus
1963 3024 2140 3087 esset,
2174 3023 2231 3073 et
2271 3017 2462 3089 ipsdm
2496 3033 2530 3071 a
2555 3019 2718 3088 patre
2748 3016 3070 3071 deductum
3103 3013 3314 3072 litteris
3365 3018 3421 3070 et
3453 3016 3722 3072 moribus

301 3141 742 3200 informandum
778 3136 1019 3206 accepit,
1053 3130 1211 3203 quod
1235 3131 1400 3186 tanta
1429 3143 1591 3195 cura,
1625 3123 1818 3179 studio
1851 3125 1907 3177 et
1935 3119 2132 3176 labore
2164 3117 2425 3190 perfecit,
2479 3119 2543 3171 ut
2590 3114 2824 3172 Nicetas
2875 3118 3030 3170 artes
3072 3130 3278 3172 omnes
3326 3131 3457 3188 quas
3487 3120 3628 3171 sunt
3659 3117 3718 3172 in

304 3241 613 3313 disciplina
646 3234 1015 3294 mediocriter
1041 3232 1305 3296 edoctus,
1337 3230 1674 3297 temporum
1705 3236 1981 3277 successu
2014 3219 2083 3274 ad
2114 3220 2346 3273 tantum
2379 3213 2679 3285 dignitatis
2713 3213 3014 3285 fastigium
3057 3217 3485 3287 conscenderit,
3521 3221 3584 3272 ut
3613 3232 3720 3273 nec

306 3312 649 3400 Michaelem
685 3335 882 3392 fratris
913 3341 967 3388 et
997 3327 1294 3400 discipuli,
1327 3340 1432 3380 nec
1463 3323 1710 3395 patriam
1743 3319 1887 3375 civis
1915 3317 2125 3373 Nicetis
2157 3314 2478 3386 pmniteret.
2510 3312 2767 3368 Tandem
2797 3329 2930 3367 vero
2962 3329 3091 3367 cum
3142 3313 3480 3371 Michaelem
3526 3316 3722 3388 ponti-

310 3443 477 3498 ficem
512 3439 746 3496 Athenae
779 3435 997 3490 sortitae
1027 3432 1243 3496 essent,
1278 3424 1502 3480 Nicetes
1533 3423 1592 3477 in
1625 3419 1952 3476 scribarum
1992 3415 2503 3488 imperatoriorum
2539 3427 2872 3480 numerum,
2933 3411 3257 3485 imperante
3303 3418 3430 3472 tum
3458 3415 3721 3472 Manuele

215 3567 218 3570 ·
304 3541 628 3603 Conineno,
663 3535 904 3590 allectus
935 3537 1042 3584 est.

378 3641 617 3706 Verum,
651 3633 792 3705 prob
825 3626 1022 3685 dolor!
1068 3641 1136 3680 ea
1169 3624 1226 3678 in
1260 3627 1526 3692 tempora
1556 3616 1916 3679 inciderunt,
1950 3629 2076 3684 quae
2108 3610 2306 3666 virtuti
2340 3609 2574 3664 illorum
2610 3623 2680 3664 ne
2710 3612 3053 3680 emergeret,
3095 3610 3343 3666 multum
3388 3611 3618 3668 obstare
3649 3612 3729 3668 vi-

309 3742 622 3803 debaniur,
657 3734 871 3805 quibus
904 3721 1606 3792 Constantinopolitanum
1642 3713 1956 3786 imperium
2012 3711 2344 3784 principum
2397 3708 2527 3780 plus
2579 3724 2758 3778 quam
2811 3708 3048 3780 tragicis
3095 3709 3416 3767 sceleribus
3456 3711 3731 3769 inclinari

313 3844 582 3910 cceperal,
614 3827 929 3888 Andronici
956 3821 1276 3896 praesertim
1311 3815 1588 3874 Comneni
1618 3813 1947 3883 tyrannide,
1975 3809 2071 3880 qui
2096 3807 2291 3863 Alexio
2327 3811 2533 3876 nepote
2566 3806 2632 3859 13
2674 3809 2880 3877 agente
2923 3823 3144 3862 annum
3199 3806 3348 3864 clam
3401 3809 3732 3882 interfecto,

315 3937 629 4008 imperium
665 3929 980 3986 invaserat.
1015 3923 1200 3992 Hujus
1231 3916 1600 3991 tyrannidem
1635 3912 1862 3983 fugiens
1923 3908 2156 3965 Nicetes
2214 3905 2284 3960 ad
2339 3903 2492 3974 juris
2540 3903 2724 3958 civilis
2771 3904 3032 3960 studium
3080 3905 3338 3975 secessit,
3371 3907 3430 3961 in
3485 3925 3599 3978 quo
3649 3911 3733 3966 ita

317 4001 626 4107 promovit,
653 4036 708 4084 ut
747 4020 1132 4098 quadriennio
1166 4022 1298 4090 post
1328 4031 1461 4070 cum
1496 4010 1842 4084 parricidam
1870 4005 2260 4061 Andronicum
2295 4001 2498 4073 proelio
2529 4001 2730 4057 fusum
2781 4002 3039 4057 Isaacius
3091 4002 3347 4074 Angelus
3394 4005 3589 4077 populi
3637 4005 3732 4061 lu-

318 4132 524 4188 dibriis
552 4125 934 4199 exposuisset,
987 4117 1340 4186 camelaeque
1389 4111 1667 4167 scabiosa:
1713 4105 2053 4178 impositum
2114 4102 2690 4170 circumvectumque
2739 4098 3133 4171 ignominioso
3197 4101 3380 4156 occidi
3425 4103 3738 4174 jussisset,

313 4223 879 4292 Constantinopolim
921 4217 1080 4274 velut
1111 4211 1464 4286 postliminio
1497 4224 1762 4264 reversus
1796 4211 1908 4270 est,
1939 4203 2215 4274 brevique
2247 4200 2314 4254 ad
2352 4199 2603 4270 majores
2632 4199 2920 4254 bonorum
2971 4200 3193 4271 gradus
3233 4206 3486 4272 evectus,
3514 4204 3734 4277 quibus

319 4328 598 4382 continua
630 4323 1049 4392 imperatorum
1083 4313 1232 4368 serie
1262 4309 1608 4382 perfunctus
1641 4308 1749 4370 est,
1783 4303 1850 4358 ad
1883 4317 1948 4356 ea
2007 4315 2196 4372 usque
2247 4302 2516 4369 tempora
2565 4296 2784 4367 quibus
2830 4295 2891 4353 in
2930 4296 3232 4354 Gallorum
3261 4294 3738 4377 Venetorumque

322 4443 534 4483 manus
564 4424 874 4492 imperium
906 4408 1612 4482 Constantinopolitanum
1647 4401 1873 4460 recidit.

393 4525 634 4580 Constat
663 4518 820 4576 enim
853 4517 941 4588 (ut
972 4511 1272 4569 historiam
1301 4506 1582 4564 continua
1612 4517 1808 4560 rerum
1841 4501 2136 4572 gestarum
2169 4494 2319 4552 serie
2352 4494 2657 4567 deducam)
2686 4495 2975 4552 Isaacium
3009 4498 3290 4572 Angelum
3331 4501 3734 4573 aequissimum

318 4621 643 4696 principem
675 4618 747 4674 ab
782 4612 969 4670 Alexio
1005 4609 1225 4667 minore
1257 4610 1432 4662 tratre
1463 4602 1647 4660 oculis
1681 4599 1968 4671 privatum
2016 4595 2203 4650 fuisse
2247 4594 2373 4666 (per
2422 4608 2721 4649 summum
2772 4593 2969 4650 scelus
3020 4612 3153 4652 eum
3179 4604 3526 4669 excacante,
3557 4617 3589 4656 a
3619 4593 3736 4674 quo

322 4737 533 4793 magna
564 4715 815 4789 pecunia
846 4712 1184 4780 redemptus
1214 4724 1244 4762 e
1273 4703 1533 4761 Turcicis
1567 4699 1836 4756 manibus
1868 4694 2101 4767 fuerat),
2133 4697 2306 4765 atque
2337 4692 2481 4748 adeo
2515 4692 2850 4748 carceribus
2913 4695 3217 4751 detentum
3272 4697 3454 4753 donec
3504 4698 3738 4759 Alexius

317 4789 499 4875 Issaei
535 4815 692 4870 ﬁlius
724 4827 894 4883 opem
928 4805 1197 4862 Balduini
1233 4801 1494 4867 Flandri,
1525 4797 1821 4855 Gallorum
1851 4793 2325 4862 Venetorumque
2358 4789 2696 4861 principum
2743 4789 3107 4862 imploraret,
3150 4797 3352 4864 pactus
3394 4795 3536 4850 3000
3581 4814 3735 4854 mar-

321 4937 422 4975 cas
452 4915 577 4972 auri
610 4915 1088 4974 commeatusque
1121 4902 1373 4975 capiam,
1405 4899 1454 4955 si
1485 4904 1584 4954 aut
1607 4897 1729 4967 ipse
1757 4893 1937 4959 solus,
1967 4893 2220 4946 autcum
2255 4892 2415 4959 patre
2447 4888 2666 4944 Isaacio
2713 4889 3045 4945 carceribus
3093 4895 3217 4946 tum
3267 4892 3500 4950 detento
3552 4896 3737 4968 impe-

319 5021 476 5074 rium
510 5013 898 5084 recuperaret.
966 5022 968 5024 '

393 5113 540 5172 Galli
577 5109 871 5183 principes
901 5108 1021 5158 tam
1049 5098 1268 5171 insigni
1300 5113 1436 5152 casu
1472 5093 1612 5150 moti
1645 5089 2005 5165 Byzantium,
2026 5089 2208 5144 fracta
2237 5089 2600 5183 catenarquae
2633 5084 2703 5140 ab
2737 5085 2878 5142 urbe
2909 5087 2982 5142 ad
3016 5088 3216 5145 Peram
3259 5093 3609 5167 extenditur,
3640 5112 3740 5153 ex-

321 5181 610 5283 pugnant,
647 5207 1009 5276 fugienteque
1044 5198 1240 5253 Alexio
1273 5192 1574 5250 fratricida
1606 5188 1892 5261 Isaacium
1920 5186 2190 5251 liberant,
2225 5187 2282 5239 et
2312 5181 2574 5238 Alexium
2610 5187 2740 5252 post
2770 5182 3018 5241 subitam
3053 5187 3239 5258 patris
3271 5196 3516 5248 mortem
3548 5196 3738 5266 (squa-

323 5309 440 5364 lore
471 5309 623 5363 enim
651 5304 899 5361 carceris
931 5298 1180 5361 obsitus,
1212 5308 1424 5365 purum
1460 5289 1830 5358 liberumque
1875 5283 2086 5341 cmlum
2144 5283 2289 5338 ferre
2337 5296 2451 5336 non
2503 5281 2786 5352 patuerat)
2835 5283 3241 5355 imperatorem
3285 5288 3510 5346 dicunt.
3570 5291 3738 5350 Hunc

324 5425 557 5479 quoque
589 5406 757 5476 paulo
793 5406 922 5473 post
951 5393 1304 5467 Mursyphus
1332 5391 1571 5463 quidam
1605 5386 1735 5456 (vel,
1768 5390 1834 5440 ut
1870 5383 1990 5453 alii,
2025 5379 2315 5454 Myrtilus)
2356 5377 2635 5479 ignobilis
2685 5380 2888 5436 fraude
2937 5381 3304 5443 innocentem
3351 5391 3581 5459 occidit,
3636 5394 3739 5464 qui

323 5477 612 5579 tyrannus
642 5521 777 5560 cum
811 5503 1028 5557 frustra
1057 5515 1088 5551 a
1111 5512 1172 5551 se
1205 5491 1474 5549 hostibus
1505 5486 1900 5560 opposuisset,
1933 5483 2156 5538 amissa
2179 5479 2413 5534 tandem
2463 5477 2607 5533 urbe
2645 5478 3149 5554 Constantinopoli
3193 5488 3304 5542 sub
3356 5495 3584 5547 noctem
3617 5510 3739 5550 me-

323 5575 480 5661 diam
515 5621 650 5659 cum
688 5615 886 5665 uxore,
920 5594 1224 5668 pellicibus
1255 5599 1308 5646 et
1337 5590 1616 5645 thesauro
1650 5583 1792 5640 clam
1822 5581 2074 5652 aufugit,
2114 5576 2413 5650 pauloque
2462 5579 2594 5646 post
2639 5575 2700 5632 in
2751 5577 3145 5652 PelOponneso
3194 5591 3398 5658 captus
3464 5593 3521 5645 et
3548 5589 3609 5646 in
3643 5607 3738 5647 ur-

319 5705 452 5760 bem
486 5704 772 5758 retractus
803 5694 1166 5753 interficitur.
1205 5690 1350 5748 Urbs
1382 5687 1580 5757 itaque
1613 5699 1764 5740 anno
1795 5679 2009 5738 Christi
2043 5678 2182 5733 1202
2210 5673 2448 5731 Francis
2477 5676 2536 5730 et
2567 5674 2795 5734 Venetis
2823 5694 2891 5734 ea
2921 5679 3047 5753 lege
3077 5683 3279 5754 cessit,
3325 5689 3392 5741 ut
3439 5686 3588 5744 Galli
3619 5689 3742 5746 Ca3-

315 5820 507 5861 sarem
541 5802 789 5869 Gallum,
820 5795 1025 5852 Veneti
1055 5789 1449 5864 patriarcham
1474 5785 1766 5841 Venatum
1797 5783 2022 5839 darent.
2058 5777 2152 5835 Illi
2198 5773 2558 5832 Balduidum
2610 5775 2952 5850 Flandrum,
3001 5780 3061 5836 hi
3109 5783 3396 5843 Thomam
3428 5792 3738 5848 Mauroce-

315 5921 463 5964 num
493 5921 561 5962 ex
590 5905 759 5977 pacto
800 5897 1108 5954 dederunt.
1137 5891 1418 5966 Reliquias
1449 5888 1778 5947 Graecorum
1812 5880 1999 5940 Latini
2032 5876 2291 5938 nominis
2323 5873 2453 5934 odio
2483 5875 2925 5952 Adrianopolim
2957 5885 3562 5960 secesserunt,ibique
3591 5889 3744 5948 The.
