4052 6384
316 335 469 400 1091
1642 333 1916 396 ΝΙΟΕΤᾸ

2156 330 2408 398 ΝΙἈΤλΕ
3577 334 3756 397 1002

313 472 560 532 odorum
587 468 884 536 Lascarin,
913 467 1097 527 Alexii
1137 482 1437 542 generum,
1496 467 1596 540 qui
1659 484 1786 526 eam
1845 467 2143 527 civitatem
2200 471 2441 529 nomine
2495 470 2654 529 dotis
2703 472 3030 543 acceperat,
3078 468 3498 543 imperatorem
3547 470 3756 544 elege-

311 576 472 645 runt,
505 586 681 645 quam
753 586 886 627 cum
961 568 1113 626 Galli
1186 583 1394 642 capere
1466 578 1836 639 conarentur,
1910 576 2118 642 captus
2191 573 2283 628 est
2354 571 2700 642 Baldninus,
2745 578 2799 628 et
2874 574 3148 627 mortuus
3220 573 3426 627 exacto
3502 570 3751 643 imperii

314 690 493 730 anno.

382 772 455 829 Et
484 772 606 828 hac
636 775 725 828 est
755 769 856 827 illa
886 768 1102 837 clades,
1134 782 1314 839 quam
1361 784 1394 824 a
1436 767 1659 825 Latinis
1709 783 2046 841 perpessam
2096 768 2380 827 Graeciam
2429 770 2598 827 toties
2647 767 3029 841 conqueritur
3073 767 3134 825 in
3182 768 3453 825 Monodia
3491 768 3751 826 Michael

311 870 656 939 Choniatea,
686 885 803 942 quo
834 868 1075 940 quidem
1106 870 1368 937 tempore
1388 865 1637 923 Athenis
1668 882 1897 938 quoque
1925 869 2277 941 expugnatis
2306 869 2608 942 beataeque
2638 868 2835 925 Maria)
2866 865 3088 940 templo
3118 873 3365 937 exterso,
3397 866 3621 925 electus
3651 873 3751 927 est

310 968 374 1025 in
403 967 663 1026 insulam
692 970 836 1036 Coo,
866 965 942 1023 ad
969 963 1277 1022 Prodromi
1305 963 1748 1022 monasterium.
1781 964 2011 1023 Nicetas
2039 969 2211 1024 antea
2239 970 2574 1041 expugnata
2602 983 2637 1024 a
2670 964 2887 1023 Latinis
2913 964 3445 1038 Constantinopoli,
3476 966 3744 1039 virgine-

310 1083 422 1141 que
453 1067 555 1124 illa
577 1064 1035 1123 Bellissariotide
1064 1079 1096 1120 e
1126 1062 1400 1120 manibus
1428 1062 1618 1120 hostis
1658 1068 1874 1136 erepta,
1908 1080 2086 1137 quam
2117 1069 2316 1138 postea
2372 1064 2541 1122 duxit
2601 1079 2841 1122 uxorem
2883 1064 3078 1137 (cujus
3123 1063 3401 1121 facinoris
3446 1079 3586 1137 ergo
3636 1065 3743 1124 Mi-

314 1164 481 1222 chael
509 1179 644 1221 eum
670 1162 1029 1231 Abrahamo,
1059 1160 1275 1231 lsaaco,
1312 1160 1534 1229 Davidi,
1567 1161 1692 1219 Levi
1722 1166 1780 1218 et
1809 1162 2068 1220 Simeoni
2111 1163 2370 1236 praefert,
2414 1161 2646 1236 ipsique
2691 1162 2948 1235 Christo,
2998 1154 3530 1238 ὑπερϐολικωτέρως
3564 1179 3720 1235 sane,

305 1280 642 1338 comparem
674 1262 855 1335 facit),
887 1262 1167 1329 Nicmam,
1199 1277 1325 1335 quas
1356 1260 1638 1335 Bithynia
1666 1261 2008 1335 metropolis
2038 1270 2147 1333 est,
2177 1279 2241 1320 se
2268 1262 2615 1331 contulerat,
2639 1261 2740 1319 ubi
2768 1262 2926 1334 quod
2958 1266 3262 1333 supererat
3290 1262 3419 1319 vitis
3447 1260 3725 1322 litterario

305 1362 425 1422 otio
453 1362 841 1436 impenderet.
875 1363 1036 1428 Quod
1064 1361 1301 1433 quidem
1329 1364 1547 1433 quanta
1575 1359 1881 1434 diligentia
1903 1360 2220 1434 laboreque
2248 1360 2588 1439 praestiterit
2614 1363 2931 1431 testantur,
2979 1364 3380 1433 aeternumque
3433 1361 3740 1418 testaban-

307 1465 406 1520 tur
430 1460 640 1518 divinas
665 1459 1132 1529 lucubrationes,
1164 1474 1306 1533 quas
1335 1459 1395 1515 in
1426 1459 1534 1516 hoc
1564 1476 1714 1532 opus
1736 1475 1867 1517 vere
1897 1474 2140 1519 aureum
2171 1462 2495 1535 congessit,
2522 1462 2798 1532 tantoque
2823 1457 3067 1516 artificio
3087 1459 3168 1515 ab
3201 1458 3343 1531 ipsis
3371 1459 3579 1516 Adami
3607 1461 3739 1531 pri-

304 1559 550 1617 mordiis
573 1559 643 1615 ad
678 1573 781 1615 sua
813 1575 1000 1631 usque
1033 1564 1290 1631 tempora
1319 1557 1578 1625 deduxit,
1609 1562 1675 1614 ut
1705 1556 1995 1615 hmreseon
2029 1576 2156 1632 quis
2186 1560 2341 1617 inter
2369 1559 2607 1617 Judsros
2637 1556 2938 1630 Graecique
2970 1557 3351 1630 philosophos
3397 1562 3535 1614 ante
3565 1557 3741 1615 Chri-

303 1662 461 1717 stum
493 1664 692 1716 natum
724 1660 1086 1727 exarserunt,
1119 1660 1178 1713 et
1202 1673 1237 1711 ι
1264 1654 1497 1714 Christo
1529 1659 1663 1712 nato
1694 1655 1848 1713 inter
1875 1673 1974 1714 eos
2017 1658 2118 1731 qui
2168 1672 2303 1714 cum
2354 1674 2421 1715 ex
2467 1657 2751 1715 diametro
2804 1654 3178 1730 dogmatibus
3217 1655 3432 1713 Christi
3461 1656 3740 1713 adversa-

305 1762 534 1826 rentur,
566 1756 881 1814 Christiani
911 1758 1130 1823 tamen,
1165 1770 1279 1810 non
1311 1770 1482 1811 secus
1514 1757 1689 1826 atque
1716 1762 1936 1811 veteres
1967 1755 2051 1811 illi
2080 1755 2362 1813 Socratici
2396 1755 2598 1813 haberi
2628 1754 3079 1823 contendebant,
3114 1755 3283 1826 quasi
3332 1754 3739 1828 hypotyposin

301 1856 619 1928 quamdam
648 1852 974 1926 posteritati
1004 1852 1358 1910 consecrarit
1388 1868 1403 1909 :
1437 1868 1555 1923 qua
1585 1850 1876 1921 consulta,
1908 1852 1954 1909 si
1986 1853 2141 1924 quod
2174 1853 2488 1926 aliquando
2519 1852 2766 1910 dubium
2798 1851 2871 1910 de
2900 1853 3076 1909 rebus
3118 1850 3337 1909 divinis
3365 1851 3739 1924 suboriatnr,

304 1956 495 2029 possit
518 1956 719 2013 statim
751 1954 949 2011 videre
976 1957 1165 2010 utram
1198 1954 1258 2009 in
1292 1956 1516 2025 partem
1546 1953 1970 2010 deﬂectendum
2002 1953 2097 2011 sit.
2133 1959 2255 2011 Hoc
2285 1959 2631 2029 argumento
2664 1952 2856 2022 multi,
2892 1954 3101 2019 fateor,
3131 1959 3265 2009 ante
3292 1952 3557 2010 Nicetam
3587 1957 3743 2012 scri-

304 2056 575 2126 pserunt,
608 2052 705 2109 sed
736 2050 961 2121 Niceta,
991 2050 1041 2107 si
1082 2065 1336 2107 errorem
1370 2051 1441 2107 de
1468 2050 1720 2123 Spiritus
1749 2051 1939 2108 sancti
1969 2050 2346 2125 processione
2387 2052 2592 2109 demas
2639 2052 2835 2124 (quem
2887 2053 3093 2107 contra
3142 2049 3375 2107 Latinos
3432 2050 3740 2109 mordicus

302 2151 523 2224 tuetur)
563 2149 790 2207 felicius
820 2148 1046 2207 nullus.
1084 2149 1185 2205 Hic
1214 2148 1371 2206 enim
1404 2154 1793 2222 praeterquam
1826 2149 1981 2221 quod
2015 2166 2083 2207 ex
2115 2149 2454 2208 auctoribus
2485 2150 2746 2223 profanis
2795 2148 3131 2206 Graecorum
3173 2148 3446 2216 haereses,
3492 2149 3740 2207 Judaao-

299 2265 432 2306 rum
462 2265 533 2306 ex
560 2247 744 2305 sacris
776 2246 1000 2317 Bibliis,
1033 2247 1497 2305 Christianorum
1527 2264 1597 2306 ex
1626 2247 2032 2306 ecclesiasticis
2063 2249 2463 2323 scriptoribus,
2499 2248 2773 2322 Dionysio
2806 2245 3179 2318 Areopagita,
3223 2240 3565 2317 'At‘hanasio,
3609 2247 3737 2303 Eu-

298 2349 486 2415 sebio,
516 2344 903 2419 Tertulliano,
938 2346 1288 2421 Epiphanio,
1321 2346 1565 2416 Irenaeo,
1593 2346 2029 2419 Chrysostomo,
2062 2347 2299 2414 Basilio,
2330 2347 2745 2420 Philostorgio,
2783 2344 3090 2402 Theodoro
3138 2344 3575 2417 Mopsuesteno,
3620 2345 3732 2403 So-

298 2457 476 2519 crate,
502 2451 847 2515 Sozomeno,
876 2444 1253 2516 Theodorito,
1284 2445 1601 2520 Gregoriis,
1636 2446 1860 2516 Photio,
1889 2445 2276 2515 Damasceno,
2309 2445 2544 2520 Cyrillo,
2573 2444 2908 2519 Euthymio,
2941 2445 3270 2516 Eustathio,
3322 2444 3556 2502 Nicolao
3603 2444 3731 2501 Me-

297 2547 598 2619 thonensi,
632 2548 905 2613 Maximo,
934 2543 1367 2618 Amphilochia,
1402 2544 1624 2602 Thoma
1655 2543 2108 2617 Indicopleusta,
2138 2549 2350 2615 Leone,
2381 2549 2518 2614 etc.,
2552 2549 2836 2619 tanquam
2868 2547 2983 2604 mel
3017 2563 3155 2619 apes
3175 2546 3356 2602 variis
3381 2560 3452 2600 ex
3481 2543 3733 2600 ﬂoribus

296 2646 357 2702 in
389 2645 540 2704 hanc
569 2645 1005 2704 floridissimam
1036 2642 1438 2717 anthologiam
1471 2642 1728 2718 collegit,
1759 2643 2082 2702 antitheses
2114 2660 2351 2718 quoque
2404 2644 2679 2718 subjecit,
2740 2646 2957 2719 quibus
3014 2644 3276 2719 plumbei
3306 2644 3728 2701 hmreticorum

297 2747 587 2821 pugiones
616 2745 781 2804 nullo
814 2744 1045 2819 negotio
1076 2744 1494 2801 retundantur.
1527 2742 1829 2818 Superest,
1859 2744 1949 2801 vir
1976 2744 2376 2817 Ornatissime,
2408 2749 2474 2801 ut
2502 2761 2572 2802 ex
2598 2744 2712 2804 hoc
2742 2747 2907 2811 quasi
2938 2745 3286 2803 diverticulo
3337 2744 3399 2801 in
3440 2743 3597 2801 viam
3629 2760 3726 2801 re-

295 2846 488 2919 diens,
518 2844 693 2903 etiam
725 2850 900 2917 atque
931 2842 1105 2901 etiam
1128 2848 1183 2900 te
1212 2859 1409 2917 regem
1439 2846 1617 2916 atque
1649 2843 1926 2911 obtester,
1960 2849 2025 2900 ut
2053 2843 2160 2901 has
2188 2844 2467 2905 Thesauri
2497 2844 2587 2902 tui
2634 2844 2945 2917 primitias,
2994 2847 3367 2919 primamque
3412 2859 3604 2901 meam
3652 2842 3720 2901 in

294 2942 509 3001 Graecis
583 2943 876 3001 vertendis
947 2941 1365 3013 experientiam
1437 2939 1578 2998 boni
1655 2940 1894 2999 consula

2121 2958 2168 2999 tn
2240 2941 2332 2999 vel
2406 2942 2711 3015 proverbio
2787 2941 3092 3019 συγγνώμη
3167 2940 3558 3017 πρωτοπείρῳ,
3633 2941 3721 2997 sic

293 3042 452 3100 enim
529 3043 600 3101 ad
674 3042 933 3116 reliquos
1005 3040 1219 3099 Nicetm
1293 3038 1478 3099 libros
1550 3032 1680 3114 tibi,
1768 3044 1827 3098 et
1899 3056 2007 3114 per
2095 3044 2156 3098 te
2246 3040 2361 3115 piis
2434 3042 2712 3102 omnibus
2788 3044 3222 3102 consecrandos
3296 3042 3544 3101 alacrior
3613 3057 3714 3098 ac-

294 3145 523 3202 cedam.

577 3266 739 3339 Vale,
768 3266 860 3323 vir
878 3264 1222 3323 clarissime.

291 3468 331 3525 b
365 3395 670 3525 iLlilé%t1i$,
700 3411 770 3452 ex
798 3393 1126 3452 doctissimi
1149 3393 1323 3465 juxta
1352 3395 1412 3451 et
1438 3391 1863 3450 humanissimi
1893 3391 2000 3452 viri
2030 3397 2096 3451 D.
2127 3392 2429 3453 Michaelis
2458 3395 2773 3459 Vascosani
2802 3395 3207 3471 typographia,
3254 3396 3328 3454 ad
3370 3394 3507 3455 Idus
3534 3393 3707 3452 Octo-

334 3486 362 3525 r
386 3485 414 3525 s
598 3509 614 3524 .

334 3485 414 3525 ιίι
453 3485 614 3525 1301.

1450 3702 1810 3761 ΑΝυειο
1869 3702 2029 3760 MAI
2083 3704 2542 3764 HONITUM.

1627 3827 1846 3901 (Spicil.
1881 3828 2049 3887 Rom.
2079 3832 2224 3887 tom.
2252 3829 2367 3903 IV).

1961 3983 2033 3998 —‘

354 4082 563 4139 Nicetes
589 4079 896 4148 Choniatce,
925 4079 1142 4153 seculis
1172 4080 1379 4153 Christi
1407 4096 1489 4135 xu
1516 4085 1572 4137 et
1608 4095 1711 4153 xm
1739 4079 1905 4145 clari,
1966 4081 2273 4153 Thesaurus
2324 4079 2655 4139 orthodoxae
2708 4079 2866 4153 ﬁdei,
2904 4080 2973 4153 ab
3029 4096 3097 4136 eo
3154 4087 3274 4151 post
3316 4086 3641 4153 occupatam
3671 4098 3714 4137 α

289 4123 1069 4225 Latinisuilonstantindpolim
1102 4153 1175 4225 in,
1193 4150 1391 4225 exsilio
1421 4152 1770 4225 compositus,
1792 4123 1928 4207 satis
1956 4152 2248 4225 philologis
2276 4156 2433 4209 notus
2459 4123 2773 4208 erat.wNa'm
2821 4123 2871 4208 ei
2921 4123 3713 4225 Μοηιῖαῑῖσοηίιῖἕνίξκϐνέεεᾶ

285 4225 726 4295 Palseographia,
758 4232 809 4280 et
838 4223 1124 4279 Fabricius
1154 4224 1217 4279 Β.
1254 4223 1311 4279 G.
1345 4223 1398 4279 Τ.
1438 4223 1501 4279 VI
1526 4224 1762 4289 cd.oet.,
1796 4236 2009 4295 necnon
2067 4225 2124 4278 in
2168 4222 2299 4279 'nov.
2353 4224 2404 4279 Τ.
2465 4224 2585 4292 VII;
2634 4226 2768 4280 item
2794 4224 3110 4280 Bandinius
3141 4227 3201 4279 in
3232 4224 3395 4280 Codd.
3431 4222 3521 4280 Gr.
3555 4225 3709 4279 Lau-

285 4302 430 4352 rent.
470 4294 538 4352 ν.
571 4294 619 4360 1,
651 4305 704 4354 et
732 4298 793 4351 in
825 4300 1071 4353 Nonum.
1100 4295 1243 4351 Ecct.
1277 4296 1370 4368 Gr.
1401 4295 1456 4351 Τ.
1489 4296 1561 4351 ll!
1578 4311 1598 4356 ;
1629 4296 1852 4350 Cakus
1881 4294 2108 4365 insuper
2135 4295 2374 4368 aliique,
2405 4295 2621 4353 doctum
2651 4296 2751 4354 hoc
2774 4303 2939 4368 atque
2964 4304 3284 4368 exoptatum
3310 4296 3519 4368 Nicetes
3561 4312 3715 4368 opus

280 4372 874 4440 commemoraverunt.
908 4373 1060 4440 Bene,
1076 4371 1268 4440 tamen
1298 4366 1363 4421 de
1390 4381 1455 4421 eo
1466 4381 1607 4440 prae
1635 4368 1854 4440 exteris
1876 4368 2066 4440 meriti
2090 4376 2220 4440 sunt
2249 4366 2711 4438 Moutfauconius,
2741 4366 2856 4440 qui
2871 4368 3006 4423 XXII
3030 4367 3303 4440 librorum
3323 4366 3405 4440 (id
3426 4370 3502 4423 est
3531 4366 3705 4440 totius

281 4439 487 4511 operis)
517 4442 844 4511 argumenta
870 4436 1131 4511 protulit,
1163 4453 1232 4511 ex
1260 4452 1427 4508 eoque
1455 4437 2022 4511 Fabriciusrepetivit
2051 4455 2067 4506 ;
2096 4436 2587 4511 multoque'magis
2633 4436 2834 4511 Petrus
2875 4439 3179 4506 Moreltius,
3230 4452 3264 4495 a
3320 4436 3427 4511 quo
3459 4438 3712 4510 quinque

283 4508 496 4584 priores
524 4512 658 4584 libri
684 4508 881 4584 Latine
907 4509 1125 4584 vulgati
1149 4510 1431 4584 fuerunt;
1466 4510 1706 4582 denique
1734 4508 2047 4567 Bandinius
2078 4512 2179 4582 qui
2205 4512 2265 4567 in
2284 4508 2543 4567 menum.
2574 4510 2815 4567 iudicem
2841 4520 3133 4568 auctorum
3155 4508 3494 4583 operumque
3518 4508 3716 4568 cmite-

282 4580 434 4654 icuit,
466 4583 664 4655 quibus
688 4582 906 4655 Hicetas
937 4583 998 4655 in
1028 4580 1297 4655 Thesauro
1327 4582 1529 4655 utitur,

357 4650 494 4724 Quae
521 4671 646 4711 cum
674 4652 757 4709 ita
784 4668 840 4710 se
871 4651 1156 4719 haberent,
1188 4650 1617 4725 doluiequidem
1647 4657 1759 4708 tam
1779 4654 1951 4725 (utilis
1975 4651 2161 4725 operis
2191 4652 2287 4707 vim
2314 4660 2570 4725 coeptam,
2596 4657 2649 4709 et
2673 4653 3133 4725 quidemLatine
3160 4651 3710 4722 tantummodo,edi—

284 4723 489 4783 tionem
521 4746 536 4795 ;
569 4734 745 4798 neque
776 4726 1254 4798 tamenmeipsum
1276 4723 1363 4798 uel
1393 4726 1537 4798 vires
1582 4725 1678 4798 vel
1708 4723 1886 4798 otium
1930 4723 2324 4798 (hortabantur,
2347 4723 2417 4798 ut
2463 4723 2697 4781 tantum
2724 4732 2862 4781 anus
2915 4724 3269 4797 laboremque
3305 4725 3650 4798 susciperem
3681 4744 3699 4785 :

280 4794 602 4872 quanquam
632 4794 694 4872 in_
720 4813 853 4872 mss.
884 4794 1161 4872 codicibus
1185 4796 1421 4872 (mirum
1444 4795 1638 4872 dictu}
1671 4795 1688 4867 )
1755 4794 2092 4872 ipsissimum
2152 4795 2405 4852 Moreliii
2470 4803 2852 4872 apographum
2882 4800 3085 4872 ﬁrme
3128 4794 3191 4853 ei
3210 4796 3517 4872 Latinead
3541 4812 3645 4854 nos
3674 4813 3708 4854 e

281 4866 464 4926 Gallia
488 4870 623 4926 olim
660 4868 904 4924 delatum
936 4866 1071 4934 vidi,
1102 4868 1264 4938 cuius
1302 4870 1371 4937 is,
1406 4876 1465 4922 ut
1494 4866 1637 4936 dixi,
1669 4866 1895 4939 nonnisi
1922 4867 2219 4923 minimam
2245 4879 2461 4935 partem
2491 4866 2663 4925 edidit
2683 4866 2708 4937 ’;
2740 4867 2987 4938 eiusdem
3013 4883 3140 4925 vero
3179 4870 3360 4939 operis
3407 4869 3569 4937 longe
3597 4886 3706 4923 an-

280 4940 489 5011 tiquius
519 4940 808 5007 exemplar
836 4939 1193 4995 nanciscebar
1221 4940 1281 5011 in
1312 4939 1649 5010 bombycinis
1671 4937 1877 4994 chartis
1903 4939 2219 5011 paulogpost
2248 4943 2489 4995 auctoris
2517 4945 2746 4997 atatem
2771 4937 3058 5011 scriptum,
3095 4940 3187 4995 sed
3210 4937 3403 4995 imulto
3452 4941 3705 5011 strictius

282 5009 349 5066 ac
372 5027 523 5067 more
547 5016 955 5080 excerptorum.
982 5010 1292 5077 cuiusmodi
1353 5009 1596 5066 alterum
1651 5009 1915 5066 codicem
1963 5009 2293 5067 bibliotheca
2331 5010 2638 5067 Bodleiano
2700 5009 2928 5079 retinet,
2971 5015 3104 5066 teste
3166 5011 3438 5067 Fabricio.
3471 5009 3700 5080 Decrevi

279 5082 467 5151 itaque
492 5082 831 5154 gwtabiliora
854 5081 1058 5138 saltem
1087 5089 1339 5154 excerpta
1367 5098 1441 5137 ea:
1476 5083 1751 5137 Vaticanis
1815 5080 2097 5138 codicibus
2160 5082 2342 5140 Graece
2392 5084 2666 5149 excitare,
2733 5099 2832 5154 cap
2846 5092 2895 5139 to
2939 5083 3103 5139 initio
3133 5100 3173 5139 a
3204 5082 3539 5154 Morcllianae
3564 5079 3688 5154 edi-

277 5154 447 5277 tlionis
470 5152 606 5236 ﬁne,
636 5153 911 5278 ngrn‘irum
940 5171 975 5210 a
1002 5163 1159 5211 sexto
1188 5150 1351 5222 libro,
1382 5154 1505 5226 qui,
1536 5156 1597 5209 ut
1624 5153 2007 5224 cognoscimus
2036 5170 2109 5211 ea:
2139 5155 2544 5227 Montfuuconii
2571 5150 2923 5221 summai-iis,
2955 5156 3016 5210 in
3038 5153 3342 5211 Macedonii
3385 5150 3694 5228 praesertim

302 5237 488 5278 lares:
514 5239 671 5278 versa
707 5239 741 5278 a
769 5240 856 5278 ur.

302 5232 489 5280 πενθεῖ
514 5232 856 5283 versabatur.
