4052 6378
281 344 435 408 1093

1748 337 2239 403 THBSAURUS.

3560 342 3710 400 1094

1273 710 1688 806 INDEX
1759 707 2432 806 LIBRORUM
2496 711 2738 806 XIV

1766 913 1828 957 QU
1838 912 1882 948 IB
1893 913 1948 949 τε
1981 912 2197 950 οοΜι-Ατ

1005 1074 1288 1134 NICET/E
1342 1072 1721 1130 CHONIATZE
1775 1071 2204 1130 THESAURUS
2261 1073 2730 1131 ORTHODOXzE
2785 1075 2998 1132 FIDEl.

882 1411 1073 1484 Τόμος
1101 1412 1345 1484 πρῶτος.

359 1530 447 1586 Ἐν
496 1531 578 1600 τῷ
633 1525 841 1601 πρώτῳ
880 1525 1040 1598 τόμῳ
1106 1523 1168 1578 τὸ
1246 1521 1566 1596 προοίμιον.
1629 1520 1766 1576 Εἶτα
1822 1518 1946 1594 περὶ

286 1615 466 1691 Ἀδὰμ
538 1616 628 1671 καὶ
702 1636 867 1670 τινων
952 1614 1199 1689 ἀρχαίων
1255 1607 1465 1687 ἂνδρῶν
1526 1609 1794 1686 εὑρόντων
1851 1609 1949 1672 τὰς

287 1705 687 1780 εῗκονουργίας.
765 1703 897 1777 Περὶ
988 1706 1098 1757 τῶν
1183 1698 1522 1771 Ἑλληνικῶν
1604 1698 1946 1774 μυστηρίων.

285 1796 416 1872 Περὶ
447 1793 768 1870 Πυθαγόρου
825 1793 916 1847 καὶ
972 1790 1283 1861 Πλάτωνος,
1338 1789 1428 1844 καὶ
1483 1791 1686 1865 ἓτὲρων
1718 1785 1951 1866 φιλοσό-

287 1907 402 1964 φων
433 1884 661 1940 καὶτῶν
709 1881 878 1953 δοξῶν
930 1882 1126 1938 αὐτῶν.
1177 1881 1308 1957 Περὶ
1355 1883 1464 1935 τῶν
1494 1879 1768 1955 τεσσάρων
1800 1899 1950 1934 στοι-

289 1977 480 2052 χείων,
517 1975 647 2051 Περὶ
680 1974 912 2049 οὐρανοῦ
959 1973 1050 2028 καὶ
1099 1979 1226 2048 γῆς,
1275 1975 1372 2027 τοῦ
1406 1968 1679 2041 ζωδιακοῦ
1719 1969 1948 2037 κύκλου,

287 2073 396 2123 τῶν
446 2067 705 2122 ἀπλανῶν
763 2065 855 2119 καὶ
915 2062 1210 2132 πλανητῶν
1265 2061 1522 2137 ἀστέρων.
1580 2061 1708 2136 Περὶ
1756 2081 1947 2134 κομη-

287 2159 419 2226 τῶν,
483 2153 686 2231 ’ἰριδος,
743 2156 983 2232 πᾶχνου,
1043 2149 1362 2227 παρηλίων,
1404 2156 1512 2206 τῶν
1548 2154 1810 2225 σεισμῶν,
1842 2151 1948 2206 τῶν

291 2246 528 2318 ἀνέμων,
597 2243 687 2299 καὶ
759 2248 871 2299 τῶν
947 2243 1305 2317 πρηστήρων.
1385 2241 1489 2296 Καὶ
1565 2234 1751 2295 ἔκτοτε
1823 2240 1945 2314 περὶ

292 2332 667 2408 Ἰουδαϊσμοῦ.
715 2332 846 2408 Περὶ
897 2337 1006 2388 τῶν
1059 2331 1280 2406 χρυσῶν
1334 2328 1625 2404 δαμάλεων
1654 2329 1750 2383 τοῦ
1784 2330 1950 2404 Ἰερο-

297 2421 466 2497 6οάμ.
518 2424 650 2498 Περὶ
705 2425 1082 2499 Σαμαρειτῶν.
1132 2420 1260 2496 Περὶ
1313 2416 1589 2490 Ἐσσηνῶν
1635 2419 1722 2474 καὶ
1757 2416 1948 2473 ἄλλων

294 2518 462 2568 τινῶν
529 2514 916 2588 αἱρεσιαρχῶψ
993 2510 1118 2586 περὶ
1194 2505 1604 2576 Σαδδουκαίων,
1681 2514 1951 2583 Γραμμα-

292 2603 454 2673 τὲων,
557 2600 868 2677 Φαρισαίων
965 2593 1482 2675 ἡμεροϐαπτιστῶν,
1577 2595 1667 2654 καὶ
1770 2597 1948 2673 Ἥρω-

299 2689 522 2748 διανῶν.

869 2821 1059 2896 Τόμος
1109 2817 1381 2895 δεύτερος.

365 2960 452 3015 Ἐν
502 2962 584 3032 τῷ
636 2955 870 3034 δευτέρῳ
925 2955 1106 3031 τόμῳ,
1171 2957 1296 3032 περὶ
1353 2957 1454 3025 τῆς
1510 2953 1662 3030 ἁγίας
1720 2950 1957 3030 Τριάδος

298 3047 574 3126 διαφόρων
633 3047 688 3102 αἱ
747 3047 996 3125 χρήσεις.
1031 3049 1283 3117 Ἔπειτα,
1327 3044 1452 3119 περὶ
1519 3041 1788 3120 ἀγγέλων.
1826 3043 1955 3118 Περὶ

299 3141 629 3216 ἀνθρώπων.
665 3137 924 3218 Διάφοροι
984 3135 1134 3208 δόξαι
1185 3137 1310 3212 περὶ
1365 3139 1466 3192 νοῦ
1507 3134 1597 3190 καὶ
1629 3139 1840 3213 ψυχῆς,
1867 3132 1957 3190 καὶ

299 3224 484 3286 ἔκτοτε
512 3229 638 3307 περὶ
668 3228 898 3304 ἀρετῶν.

907 3361 1092 3439 Τόμος
1139 3358 1350 3436 τρίτος.

373 3501 502 3576 Περὶ
551 3502 743 3578 φωνῶν
800 3500 1120 3576 προφητῶν,
1179 3493 1473 3567 δηλουσῶν
1527 3497 1626 3565 τήν
1687 3494 1742 3550 ἐν
1800 3492 1958 3570 σαρκὶ

298 3589 596 3666 παρουσίαν
655 3593 753 3646 τοῦ
801 3587 932 3642 Υἱοῦ
983 3591 1080 3642 τοῦ
1129 3589 1294 3657 Θεοῦ,
1339 3587 1401 3641 τὸ
1452 3583 1542 3640 διὰ
1591 3589 1826 3658 σταυροῦ
1856 3584 1958 3640 πά-

301 3668 414 3747 θος,
468 3681 558 3734 καὶ
619 3681 721 3749 τήν
778 3678 1088 3733 ἀνάστασιν.
1157 3677 1288 3751 Περὶ
1341 3681 1442 3745 τῆς
1503 3671 1836 3748 συλλήψεως
1867 3671 1958 3729 καὶ

301 3776 410 3826 τῶν
473 3769 569 3826 δύο
626 3770 837 3850 φύσεων
890 3771 989 3824 τοῦ
1047 3769 1304 3842 Χριστοῦ.
1339 3764 1470 3841 Περὶ
1523 3764 1956 3835 Ἐνυποστάτων,

299 3860 424 3938 περὶ
481 3860 859 3934 Ὀμοουσίων,
916 3857 1040 3934 περὶ
1098 3854 1588 3930 ⁸ομοὒποστάτων,
1638 3854 1762 3932 περὶ
1823 3855 1960 3910 ὑπο-

302 3957 561 4022 στατικῆς
627 3951 872 4013 ἱνώσεως
935 3948 1026 4003 καὶ
1087 3945 1371 4024 διαφορᾶς.
1425 3947 1554 4022 Περὶ
1621 3946 1955 4021 προσώπων.

305 4042 436 4119 Περὶ
504 4043 738 4120 φύσεως.
811 4039 939 4114 Περὶ
1044 4041 1270 4116 φθορᾶς·
1372 4036 1495 4112 περί
1563 4041 1803 4116 φθαρτοῦ
1868 4036 1958 4091 καὶ

303 4132 603 4212 ἀφθάρτου.
662 4134 912 4196 Ἕκτοτε,

306 4223 569 4296 ἐνσάρκου
627 4219 964 4290 οἰκονομίας.
1024 4218 1154 4289 Περὶ
1210 4219 1306 4270 τοῦ
1353 4216 1564 4290 τρόπου
1613 4222 1713 4284 τῆς
1745 4213 1962 4271 ἀντιδό-

307 4330 464 4370 σεως.
515 4308 649 4381 Περὶ
698 4310 794 4360 τοῦ
845 4304 928 4360 ὅτι
970 4310 1116 4360 πᾶσα
1160 4306 1196 4374 ἡ
1248 4302 1367 4369 θεία
1419 4303 1578 4377 φύσις
1631 4301 1682 4357 ὲν
1733 4309 1832 4377 μιᾷ
1858 4309 1997 4362 τῶν,

307 4397 502 4466 ἑαυτῆς
571 4395 916 4452 ὑποστάσεων
979 4394 1166 4465 ἠνώθη
1251 4396 1322 4466 τῇ
1397 4390 1714 4467 ἀνθρωπίνῃ
1783 4391 1960 4469 φύσει,

304 4485 396 4542 καὶ
464 4486 526 4542 οὗ
592 4485 754 4561 μέρος
822 4482 991 4559 μὲρειο
1057 4483 1148 4538 καὶ
1209 4478 1367 4558 ἕτερα
1437 4477 1668 4558 διάφορα
1734 4481 1964 4552 καθεξῆς

303 4576 428 4652 περὶ
459 4583 558 4647 τῆς
591 4574 1051 4651 ἐνανθρωπήσεως
1074 4577 1174 4628 τοῦ
1205 4573 1332 4627 Υἳοῢ
1359 4575 1457 4628 τοῦ
1487 4573 1642 4628 Θεοῦ.

876 4710 1057 4783 Τόμος
1107 4709 1386 4784 τέταρτος.

375 4849 462 4905 Ἐν
496 4845 675 4918 τούτῳ
739 4848 944 4898 κεῖνται
1005 4847 1170 4898 πᾶσαι
1227 4842 1284 4897 αἱ
1342 4839 1575 4897 παλαιαὶ
1626 4837 1859 4917 αἱρέσεις
1908 4843 1962 4898 αἱ

303 4936 650 5011 ἀναφανεῖσαι
713 4933 881 5010 μέχρι
941 4938 1044 5001 τῆς
1104 4930 1316 5005 Ἀρείου
1385 4929 1665 5005 αἱρέσεως.
1715 4932 1958 5009 Ἐγράςρη

303 5026 395 5081 καὶ
453 5024 645 5100 πρώτη
678 5025 713 5092 ἡ
743 5027 840 5078 τοῦ
899 5021 1154 5096 Σίμωνος
1217 5019 1419 5094 α’ίρεσιν
1453 5021 1541 5074 καὶ
1591 5022 1625 5090 ἡ
1676 5019 1761 5076 ἐπ’
1792 5021 1960 5091 αὐτὴν

307 5113 642 5191 ἀντίρρησις.
706 5112 936 5186 Δευτέρα
994 5113 1028 5180 ἡ
1088 5113 1196 5165 τῶν
1262 5107 1634 5166 Νικολαϊτῶν.
1693 5109 1862 5184 Τρίτη
1925 5113 1960 5182 ἡ

307 5207 414 5257 τῶν
481 5204 1004 5274 Καρποκρατιανῶν.
1075 5197 1318 5273 Τετάρτη
1379 5200 1416 5270 ἡ
1472 5202 1569 5253 τοῦ
1610 5197 1960 5260 Βαλεντίνου.

310 5294 538 5362 Πὲμπτη
607 5293 643 5360 ἡ
718 5295 822 5346 τοῦ
887 5286 1262 5362 Πτολεμαίου,
1325 5282 1452 5358 ἕκτη
1495 5289 1531 5358 ἡ
1571 5285 1667 5342 τοῦ
1709 5289 1959 5362 Μάρκου.

306 5372 552 5454 Ἑϐδόμη
612 5380 650 5448 ἡ
707 5381 818 5434 τῶν
875 5373 1315 5450 Ἀσκοδροῦγων.
1374 5372 1580 5451 Ὁγδύη
1638 5377 1675 5445 ἡ
1723 5379 1822 5430 τοῦ
1852 5380 1962 5434 K0-

302 5463 600 5544 λορϐάσου.
659 5467 886 5539 Ἐννάτη
945 5469 980 5537 ἡ
1042 5471 1148 5522 τῶν
1205 5467 1446 5544 Οφιτῶν,
1508 5465 1721 5536 Λεκάτη
1780 5468 1815 5536 ἡ
1860 5471 1959 5522 τοῦ

1981 2773 2032 2839 Β

2657 1411 2847 1469 Τογηιιε
2873 1414 3112 1485 primus.

2131 1524 2194 1579 In
2226 1525 2416 1596 primo
2449 1525 2598 1582 libro
2657 1529 3027 1599 prooemium.
3083 1530 3304 1588 Deinde
3361 1534 3430 1590 de
3468 1534 3720 1606 Adamo,

2058 1618 2116 1670 et
2147 1615 2217 1672 de
2246 1617 2609 1688 quibusdam
2643 1621 2901 1693 antiquis
2931 1623 3071 1680 viris
3121 1625 3221 1698 qui
3267 1626 3718 1685 simulacrorum

2059 1705 2352 1762 fictionem
2389 1708 2832 1766 adinvenerunt.
2882 1711 2964 1768 De
3013 1714 3308 1786 mysteriis
3358 1716 3716 1789 Graecorum,

2058 1792 2138 1850 De
2172 1793 2502 1867 Pythagora
2533 1805 2584 1852 et
2627 1796 2881 1868 Platone,
2925 1801 3112 1873 deque
3141 1802 3272 1861 aliis
3323 1804 3718 1880 philosophis,

2059 1899 2124 1940 ac
2156 1884 2227 1940 de
2255 1903 2457 1942 eorum
2516 1887 2914 1960 opinionibus.
2972 1891 3055 1949 De
3111 1899 3364 1965 quatuor
3393 1896 3714 1968 elementis.

2058 1973 2139 2029 De
2173 1975 2316 2030 coelo
2347 1979 2403 2030 et
2433 1979 2605 2032 terra.
2660 1983 2743 2034 De
2810 1979 3025 2036 circulo
3086 1981 3338 2043 Zodiaci.
3403 1985 3483 2042 De
3530 1986 3719 2045 stellis

2061 2061 2188 2118 ﬁxis
2219 2067 2279 2119 et
2309 2064 2378 2120 de
2437 2065 2791 2122 errantibus.
2851 2068 2932 2124 De
2989 2071 3252 2127 cometis.
3311 2072 3391 2128 De
3438 2074 3603 2146 iride,
3648 2077 3719 2130 de

2057 2153 2288 2223 pruina,
2322 2153 2394 2209 de
2429 2153 2682 2222 Pareliis,
2716 2157 2788 2212 de
2841 2160 3013 2214 terra;
3064 2160 3345 2230 motibus,
3378 2163 3448 2218 de
3511 2164 3715 2227 ventis,

2058 2241 2128 2296 de
2159 2243 2547 2300 Presteribus.
2609 2245 2830 2302 Deinde
2885 2255 3073 2305 autem
3133 2250 3205 2306 de
3254 2251 3581 2309 Judaismo.
3636 2257 3714 2309 De

2057 2333 2295 2389 Esseuis
2325 2339 2382 2389 et
2413 2334 2544 2391 aliis
2575 2337 2928 2408 quibusdam
2967 2339 3393 2399 haeresiarcbis.
3443 2349 3524 2400 De
3568 2344 3713 2400 Sad-

2056 2423 2292 2494 ducaeis,
2353 2424 2424 2480 de
2478 2425 2715 2496 Scribis,
2773 2427 3106 2502 Pbariseeis,
3162 2430 3709 2505 Hemerobaptistis,

2058 2509 2423 2570 Herodianis.

2615 2820 2808 2877 Tomus
2835 2821 3126 2879 secundus.

2134 2954 2198 3008 In
2230 2953 2488 3011 secundo
2518 2958 2698 3028 tomo,
2731 2957 2803 3014 de
2834 2962 3039 3015 sancta
3090 2959 3377 3018 Trinitate
3423 2963 3715 3020 variorum

2062 3039 2214 3097 loca.
2251 3043 2465 3114 Deinde
2504 3044 2578 3099 de
2623 3046 2870 3118 angelis.
2916 3048 2997 3104 De
3053 3047 3417 3108 hominibus.
3467 3053 3716 3110 Diversae

2063 3131 2366 3188 sententiae
2397 3133 2469 3188 de
2497 3132 2795 3192 intellectu
2824 3139 2881 3192 et
2913 3135 3128 3195 anima.
3174 3141 3381 3198 Postea
3430 3142 3501 3198 de
3528 3141 3718 3199 virtu-

2063 3219 2243 3277 tibus.

2671 3367 2860 3426 Tomus
2889 3369 3104 3426 tertius.

2133 3503 2216 3555 De
2243 3499 2488 3558 vocibus
2519 3501 2957 3576 prophetarum,
2991 3505 3118 3562 Filii
3149 3506 3253 3563 Dei
3301 3507 3363 3564 in
3415 3524 3586 3566 carne
3615 3511 3720 3566 ad-

2061 3590 2299 3643 ventum
2343 3588 2804 3662 declarantibus,
2861 3610 3086 3651 necnon
3147 3597 3339 3654 crucis
3388 3587 3752 3670 passionem.

2063 3680 2120 3733 et
2139 3679 2623 3736 resurrectionem
2637 3724 2650 3736 .
2686 3683 2761 3738 De
2783 3684 3157 3756 conceptione
3177 3693 3231 3742 et
3249 3686 3478 3744 duabus
3498 3691 3727 3746 naturis

2063 3766 2297 3823 Christi.
2342 3767 2420 3823 De
2465 3768 2907 3843 Enbypostatis,
2958 3774 3029 3830 de
3078 3775 3724 3852 Consubstantialibus,

2064 3855 2134 3911 de
2168 3857 2712 3931 llomobypostatis,
2747 3867 2850 3917 aut
2879 3863 3058 3919 simul
3099 3865 3453 3938 hypostatis,
3504 3869 3576 3925 de
3622 3869 3724 3943 by-

2067 3948 2354 4019 postatica
2388 3950 2600 4007 unione
2658 3959 2715 4008 et
2773 3953 3119 4010 differentia.
3180 3960 3260 4013 De
3313 3956 3602 4015 Personis.
3647 3965 3725 4016 De

2065 4042 2294 4094 natura.
2329 4043 2410 4094 De
2440 4041 2850 4112 corrUptione:
2901 4043 2972 4099 de
3015 4045 3384 4117 corruptibili
3433 4052 3489 4103 et
3535 4047 3726 4104 incor-

997 4129 1227 4203 χρήσεις
1293 4131 1401 4181 τῶν
1459 4125 1629 4202 ἆγίων
1682 4125 1808 4201 περὶ
1860 4133 1955 4195 τῆς

2077 4125 2360 4197 ruptibili.
2397 4132 2607 4185 Postea
2637 4129 2765 4187 loca
2803 4135 3145 4190 Sanctorum
3195 4135 3266 4190 dc
3312 4139 3636 4193 mconomia
3665 4137 3726 4193 in

2072 4232 2266 4284 carne,
2298 4215 2422 4271 sive
2451 4218 2522 4273 de
2549 4217 2970 4277 incarnatione.
3019 4227 3096 4278 De
3145 4224 3219 4295 (l)
3270 4226 3442 4281 modo
3475 4227 3727 4282 retribu-

2070 4303 2265 4359 tionis.
2300 4305 2464 4370 Quod
2496 4310 2616 4362 tota
2647 4313 2858 4365 natura
2888 4310 3086 4368 divina
3115 4312 3172 4367 in
3203 4330 3320 4368 una
3350 4331 3416 4370 ex
3467 4317 3593 4372 suis
3619 4317 3726 4389 hy-

2071 4393 2406 4464 postasibus
2440 4395 2606 4452 unita
2630 4397 2708 4452 sit
2737 4397 3007 4457 humanae
3065 4407 3308 4474 naturas,
3360 4416 3472 4460 non
3526 4411 3721 4462 autem

2068 4500 2203 4555 pars
2235 4485 2386 4556 parti
2423 4501 2436 4540 :
2469 4489 2525 4542 et
2553 4485 2667 4543 alia
2692 4488 2852 4545 varia
2881 4493 3014 4561 post
3043 4490 3165 4548 hinc
3207 4493 3276 4549 de
3325 4493 3726 4553 incarnatione

2071 4573 2197 4630 Filii
2229 4574 2352 4633 Dei.

2641 4715 2836 4772 Tomus
2873 4727 3131 4788 quartus.

2140 4849 2204 4903 In
2235 4849 2344 4906 hoc
2403 4849 2698 4908 habentur
2756 4869 2963 4910 omnes
3019 4858 3242 4912 veteres
3299 4856 3552 4915 hereses
3597 4876 3730 4932 quae

2068 4955 2253 5009 usque
2283 4939 2354 4994 ad
2409 4941 2534 4997 Arii
2587 4941 2858 4998 hmresim
2906 4950 3295 5001 emerserunt.
3355 4947 3548 5004 Prima
3596 4966 3731 5007 vero

2069 5027 2329 5085 Simonis
2361 5028 2597 5085 heresis
2621 5031 2994 5102 describitur,
3026 5049 3156 5088 eum
3193 5035 3320 5105 ejus
3351 5036 3720 5093 refutatione.

2066 5117 2350 5182 Secunda,
2381 5118 2822 5189 Nicolaitarum,
2853 5121 3070 5189 Tertia,
3117 5125 3732 5196 Carpocratianorum,

2067 5206 2301 5273 Quarta,
2337 5206 2646 5276 Valentini,
2680 5209 2918 5278 Quinta,
2951 5210 3266 5270 Ptolemaei.
3301 5215 3490 5286 Sexta,
3523 5216 3729 5285 Marci,

2070 5295 2356 5366 Septima,
2393 5297 2894 5369 Ascodrugorum,
2927 5299 3158 5368 Octava,
3193 5303 3513 5373 Colorbasi,
3547 5305 3732 5363 Nona-

2067 5382 2439 5456 Ophitarum,
2499 5385 2755 5456 Decima,
2809 5389 3057 5447 Prodici.
3109 5390 3454 5463 Undecima,
3495 5395 3736 5466 Cajano-

2069 5489 2224 5530 rum.
2259 5474 2634 5546 Duodecimn,
2663 5475 3097 5537 Sethianorum.
3128 5480 3364 5538 Decima
3392 5485 3584 5552 tertia,
3617 5489 3731 5541 Ar-

298 5527 594 5627 Ilp'08ix00.
651 5527 1033 5627 ’Ev85xai1'q'i‘,
1095 5559 1203 5610 τῶν
1266 5527 1509 5610 Ϊζαῖνῶν.
1570 5527 1860 5627 Δωδεκάτη
1919 5557 1955 5626 ἡ

2112 5527 2222 5530 ,
2260 5527 2282 5528 ί
2329 5527 2634 5546 «anno,
2664 5527 3097 5537 .---___----__..
3128 5527 3364 5538 ..-ω-η.
3395 5527 3584 5552 ..,.....,
3617 5527 3726 5541 ...η

2072 5562 2497 5622 cbonticorum.
2527 5566 2752 5623 Decima
2783 5577 3008 5641 quarta,
3057 5572 3333 5628 Cerdonis
3379 5577 3438 5629 et
3481 5572 3732 5631 Marcio-

294 5651 407 5703 τῶν
439 5649 748 5719 Σηθιανῶν.
808 5642 1245 5720 Τρισκαιδεκάτη
1305 5645 1341 5715 ἠ
1397 5645 1508 5698 τῶν
1553 5645 1954 5718 ’Λρχοντικῶν.

369 5804 448 5881 (1)
479 5805 541 5865 Id
575 5805 687 5871 est,
719 5802 786 5861 de
815 5802 1038 5859 ratione
1067 5800 1590 5862 communicationis
1617 5800 1973 5862 idiomatum.

2068 5652 2182 5710 nis.
2216 5651 2454 5712 Decima
2486 5656 2691 5728 quinta
2713 5657 2981 5717 Luciani.
3011 5659 3247 5720 Decima
3277 5665 3463 5736 sexta,
3484 5662 3728 5737 Apellis.
