  <div class='ocr_page' id='page_1' title='image "/cluster/home/n/w/nwhite01/storage/ocr_20150623/139:no.1/coo.31924054870443/557.png"; bbox 0 0 4052 6388; ppageno 0'>
   <div class='ocr_carea' id='block_1_1' title="bbox 340 350 497 412">
    <p class='ocr_par' dir='ltr' id='par_1_1' title="bbox 340 350 497 412">
     <span class='ocr_line' id='line_1_1' title="bbox 340 350 497 412; baseline 0 -1"><span class='ocrx_word' id='word_1_1' title='bbox 340 350 497 412; x_wconf 76' lang='grc'>1095</span> 
     </span>
    </p>
   </div>
   <div class='ocr_carea' id='block_1_2' title="bbox 1664 338 2440 404">
    <p class='ocr_par' dir='ltr' id='par_1_2' title="bbox 1664 338 2440 404">
     <span class='ocr_line' id='line_1_2' title="bbox 1664 338 2440 404; baseline 0.004 -3"><span class='ocrx_word' id='word_1_2' title='bbox 1664 339 1977 402; x_wconf 68' lang='lat' dir='ltr'><strong>NICETJE</strong></span> <span class='ocrx_word' id='word_1_3' title='bbox 2016 338 2440 404; x_wconf 67' lang='lat' dir='ltr'><strong>CHONIATE</strong></span> 
     </span>
    </p>
   </div>
   <div class='ocr_carea' id='block_1_3' title="bbox 3606 341 3789 406">
    <p class='ocr_par' dir='ltr' id='par_1_3' title="bbox 3606 341 3789 406">
     <span class='ocr_line' id='line_1_3' title="bbox 3606 341 3789 406; baseline -0.005 0"><span class='ocrx_word' id='word_1_4' title='bbox 3606 341 3789 406; x_wconf 83' lang='grc'><strong>1096</strong></span> 
     </span>
    </p>
   </div>
   <div class='ocr_carea' id='block_1_4' title="bbox 339 474 1986 556">
    <p class='ocr_par' dir='ltr' id='par_1_4' title="bbox 339 474 1986 556">
     <span class='ocr_line' id='line_1_4' title="bbox 339 474 1986 556; baseline -0.009 -13"><span class='ocrx_word' id='word_1_5' title='bbox 339 485 576 543; x_wconf 89' lang='lat' dir='ltr'><strong>Decima</strong></span> <span class='ocrx_word' id='word_1_6' title='bbox 598 481 871 556; x_wconf 87' lang='lat' dir='ltr'><strong>septima,</strong></span> <span class='ocrx_word' id='word_1_7' title='bbox 902 479 1367 538; x_wconf 87' lang='lat' dir='ltr'><strong>Severianorum.</strong></span> <span class='ocrx_word' id='word_1_8' title='bbox 1394 476 1633 534; x_wconf 87' lang='lat' dir='ltr'><strong>Decima</strong></span> <span class='ocrx_word' id='word_1_9' title='bbox 1660 474 1986 543; x_wconf 54' lang='lat' dir='ltr'><strong>octava,Ta:</strong></span> 
     </span>
    </p>
   </div>
   <div class='ocr_carea' id='block_1_5' title="bbox 2099 474 3788 556">
    <p class='ocr_par' dir='ltr' id='par_1_5' title="bbox 2111 474 3788 553">
     <span class='ocr_line' id='line_1_5' title="bbox 2111 474 3788 553; baseline 0.002 -22"><span class='ocrx_word' id='word_1_10' title='bbox 2111 474 2679 550; x_wconf 69' lang='grc' dir='ltr'><strong>Τεσσαρεσκαιδεκάτή</strong></span> <span class='ocrx_word' id='word_1_11' title='bbox 2726 478 2763 547; x_wconf 79' lang='grc' dir='ltr'><strong>ἡ</strong></span> <span class='ocrx_word' id='word_1_12' title='bbox 2818 481 2918 533; x_wconf 86' lang='lat' dir='ltr'><strong>toﬁ</strong></span> <span class='ocrx_word' id='word_1_13' title='bbox 2965 474 3251 553; x_wconf 76' lang='grc' dir='ltr'><strong>Κέρδωνος</strong></span> <span class='ocrx_word' id='word_1_14' title='bbox 3288 477 3380 532; x_wconf 79' lang='grc' dir='ltr'><strong>καὶ</strong></span> <span class='ocrx_word' id='word_1_15' title='bbox 3410 478 3788 552; x_wconf 80' lang='grc' dir='ltr'><strong>Μαρκίωνος.</strong></span> 
     </span>
    </p>
   </div>
   <div class='ocr_carea' id='block_1_6' title="bbox 340 561 1986 638">
    <p class='ocr_par' dir='ltr' id='par_1_6' title="bbox 340 565 1986 638">
     <span class='ocr_line' id='line_1_6' title="bbox 340 565 1986 638; baseline -0.009 -6"><span class='ocrx_word' id='word_1_16' title='bbox 340 576 510 632; x_wconf 86' lang='lat' dir='ltr'><strong>tiani.</strong></span> <span class='ocrx_word' id='word_1_17' title='bbox 542 573 779 630; x_wconf 88' lang='lat' dir='ltr'><strong>Decima</strong></span> <span class='ocrx_word' id='word_1_18' title='bbox 808 588 987 638; x_wconf 88' lang='lat' dir='ltr'><strong>none,</strong></span> <span class='ocrx_word' id='word_1_19' title='bbox 1018 569 1468 626; x_wconf 88' lang='lat' dir='ltr'><strong>Encratitarum.</strong></span> <span class='ocrx_word' id='word_1_20' title='bbox 1504 565 1986 637; x_wconf 81' lang='lat' dir='ltr'><strong>Vigesima,Mon-</strong></span> 
     </span>
    </p>
   </div>
   <div class='ocr_carea' id='block_1_7' title="bbox 2099 561 3787 638">
    <p class='ocr_par' dir='ltr' id='par_1_7' title="bbox 2117 561 3787 636">
     <span class='ocr_line' id='line_1_7' title="bbox 2117 561 3787 636; baseline 0.004 -19"><span class='ocrx_word' id='word_1_21' title='bbox 2117 561 2579 635; x_wconf 82' lang='grc' dir='ltr'><strong>Πεντεκαιδεκάτη</strong></span> <span class='ocrx_word' id='word_1_22' title='bbox 2609 567 2644 635; x_wconf 81' lang='grc' dir='ltr'>ἡ</span> <span class='ocrx_word' id='word_1_23' title='bbox 2672 570 2770 621; x_wconf 81' lang='grc' dir='ltr'><strong>τοῦ</strong></span> <span class='ocrx_word' id='word_1_24' title='bbox 2819 570 3146 624; x_wconf 80' lang='grc' dir='ltr'><strong>Λουκιανοῦ.</strong></span> <span class='ocrx_word' id='word_1_25' title='bbox 3178 562 3569 636; x_wconf 81' lang='grc' dir='ltr'><strong>Ἑξκαιδεκὰτη</strong></span> <span class='ocrx_word' id='word_1_26' title='bbox 3602 567 3639 636; x_wconf 72' lang='grc' dir='ltr'>ἡ</span> <span class='ocrx_word' id='word_1_27' title='bbox 3673 572 3787 623; x_wconf 86' lang='lat' dir='ltr'><strong>toﬁ</strong></span> 
     </span>
    </p>
   </div>
   <div class='ocr_carea' id='block_1_8' title="bbox 345 653 2001 733">
    <p class='ocr_par' dir='ltr' id='par_1_8' title="bbox 345 653 2001 733">
     <span class='ocr_line' id='line_1_8' title="bbox 345 653 2001 733; baseline -0.008 -12"><span class='ocrx_word' id='word_1_28' title='bbox 345 666 715 721; x_wconf 87' lang='lat' dir='ltr'><strong>tanistarum.</strong></span> <span class='ocrx_word' id='word_1_29' title='bbox 770 661 1062 733; x_wconf 65' lang='lat' dir='ltr'><strong>Vigesima</strong></span> <span class='ocrx_word' id='word_1_30' title='bbox 1110 659 1320 731; x_wconf 86' lang='lat' dir='ltr'><strong>prima,</strong></span> <span class='ocrx_word' id='word_1_31' title='bbox 1383 653 2001 724; x_wconf 81' lang='lat' dir='ltr'><strong>Quintillianistarum,</strong></span> 
     </span>
    </p>
   </div>
   <div class='ocr_carea' id='block_1_9' title="bbox 346 742 1996 822">
    <p class='ocr_par' dir='ltr' id='par_1_9' title="bbox 346 742 1996 822">
     <span class='ocr_line' id='line_1_9' title="bbox 346 742 1996 822; baseline -0.008 -12"><span class='ocrx_word' id='word_1_32' title='bbox 346 752 950 822; x_wconf 84' lang='lat' dir='ltr'><strong>Priscillianistarum,</strong></span> <span class='ocrx_word' id='word_1_33' title='bbox 978 747 1388 820; x_wconf 86' lang='lat' dir='ltr'><strong>Pepuzilarum</strong></span> <span class='ocrx_word' id='word_1_34' title='bbox 1420 748 1478 799; x_wconf 90' lang='lat' dir='ltr'><strong>et</strong></span> <span class='ocrx_word' id='word_1_35' title='bbox 1520 742 1996 815; x_wconf 78' lang='lat' dir='ltr'><strong>Artotyritarum.</strong></span> 
     </span>
    </p>
   </div>
   <div class='ocr_carea' id='block_1_10' title="bbox 345 832 2000 916">
    <p class='ocr_par' dir='ltr' id='par_1_10' title="bbox 345 832 2000 916">
     <span class='ocr_line' id='line_1_10' title="bbox 345 832 2000 916; baseline -0.008 -17"><span class='ocrx_word' id='word_1_36' title='bbox 345 844 642 916; x_wconf 81' lang='lat' dir='ltr'><strong>Vigesima</strong></span> <span class='ocrx_word' id='word_1_37' title='bbox 699 841 977 909; x_wconf 90' lang='lat' dir='ltr'><strong>secunda,</strong></span> <span class='ocrx_word' id='word_1_38' title='bbox 1045 834 1819 902; x_wconf 70' lang='lat' dir='ltr'><strong>Tessarescaedecaticarum,</strong></span> <span class='ocrx_word' id='word_1_39' title='bbox 1880 832 2000 887; x_wconf 82' lang='lat' dir='ltr'><strong>sive</strong></span> 
     </span>
    </p>
   </div>
   <div class='ocr_carea' id='block_1_11' title="bbox 343 921 1994 998">
    <p class='ocr_par' dir='ltr' id='par_1_11' title="bbox 343 921 1994 998">
     <span class='ocr_line' id='line_1_11' title="bbox 343 921 1994 998; baseline -0.008 -9"><span class='ocrx_word' id='word_1_40' title='bbox 343 932 1024 998; x_wconf 87' lang='lat' dir='ltr'><strong>Quartodecimanorum.</strong></span> <span class='ocrx_word' id='word_1_41' title='bbox 1104 925 1401 998; x_wconf 84' lang='lat' dir='ltr'><strong>Vigesima</strong></span> <span class='ocrx_word' id='word_1_42' title='bbox 1449 923 1623 978; x_wconf 86' lang='lat' dir='ltr'><strong>tertia</strong></span> <span class='ocrx_word' id='word_1_43' title='bbox 1678 921 1994 991; x_wconf 78' lang='lat' dir='ltr'><strong>Alogorum</strong></span> 
     </span>
    </p>
   </div>
   <div class='ocr_carea' id='block_1_12' title="bbox 344 1011 1996 1091">
    <p class='ocr_par' dir='ltr' id='par_1_12' title="bbox 344 1011 1996 1091">
     <span class='ocr_line' id='line_1_12' title="bbox 344 1011 1996 1091; baseline -0.007 -14"><span class='ocrx_word' id='word_1_44' title='bbox 344 1028 408 1078; x_wconf 90' lang='lat' dir='ltr'><strong>ut</strong></span> <span class='ocrx_word' id='word_1_45' title='bbox 436 1029 661 1079; x_wconf 86' lang='lat' dir='ltr'><strong>vocant.</strong></span> <span class='ocrx_word' id='word_1_46' title='bbox 695 1019 988 1091; x_wconf 83' lang='lat' dir='ltr'><strong>Vigesima</strong></span> <span class='ocrx_word' id='word_1_47' title='bbox 1019 1020 1229 1089; x_wconf 90' lang='lat' dir='ltr'><strong>quarta</strong></span> <span class='ocrx_word' id='word_1_48' title='bbox 1260 1016 1742 1071; x_wconf 87' lang='lat' dir='ltr'><strong>Adamianorum.</strong></span> <span class='ocrx_word' id='word_1_49' title='bbox 1775 1011 1996 1082; x_wconf 84' lang='lat' dir='ltr'><strong>Vigesi-</strong></span> 
     </span>
    </p>
   </div>
   <div class='ocr_carea' id='block_1_13' title="bbox 343 1100 1993 1183">
    <p class='ocr_par' dir='ltr' id='par_1_13' title="bbox 343 1100 1993 1183">
     <span class='ocr_line' id='line_1_13' title="bbox 343 1100 1993 1183; baseline -0.008 -14"><span class='ocrx_word' id='word_1_50' title='bbox 343 1128 441 1168; x_wconf 90' lang='lat' dir='ltr'><strong>ma</strong></span> <span class='ocrx_word' id='word_1_51' title='bbox 470 1111 700 1183; x_wconf 83' lang='lat' dir='ltr'><strong>quinta,</strong></span> <span class='ocrx_word' id='word_1_52' title='bbox 732 1110 1167 1180; x_wconf 73' lang='lat' dir='ltr'><strong>Sampsaaorum</strong></span> <span class='ocrx_word' id='word_1_53' title='bbox 1198 1111 1255 1160; x_wconf 93' lang='lat' dir='ltr'><strong>et</strong></span> <span class='ocrx_word' id='word_1_54' title='bbox 1303 1105 1715 1160; x_wconf 75' lang='lat' dir='ltr'><strong>Elcesasorum.</strong></span> <span class='ocrx_word' id='word_1_55' title='bbox 1771 1100 1993 1171; x_wconf 72' lang='lat' dir='ltr'><strong>Vigesi-</strong></span> 
     </span>
    </p>
   </div>
   <div class='ocr_carea' id='block_1_14' title="bbox 344 1192 1991 1267">
    <p class='ocr_par' dir='ltr' id='par_1_14' title="bbox 344 1192 1991 1267">
     <span class='ocr_line' id='line_1_14' title="bbox 344 1192 1991 1267; baseline -0.007 -11"><span class='ocrx_word' id='word_1_56' title='bbox 344 1218 442 1256; x_wconf 88' lang='lat' dir='ltr'><strong>ma</strong></span> <span class='ocrx_word' id='word_1_57' title='bbox 500 1204 681 1267; x_wconf 82' lang='lat' dir='ltr'><strong>sexta,</strong></span> <span class='ocrx_word' id='word_1_58' title='bbox 732 1196 1293 1254; x_wconf 88' lang='lat' dir='ltr'><strong>Theodotianorum.</strong></span> <span class='ocrx_word' id='word_1_59' title='bbox 1350 1192 1649 1265; x_wconf 82' lang='lat' dir='ltr'><strong>Vigesima</strong></span> <span class='ocrx_word' id='word_1_60' title='bbox 1716 1192 1991 1261; x_wconf 75' lang='lat' dir='ltr'><strong>septima,</strong></span> 
     </span>
    </p>
   </div>
   <div class='ocr_carea' id='block_1_15' title="bbox 342 1278 1991 1358">
    <p class='ocr_par' dir='ltr' id='par_1_15' title="bbox 342 1278 1991 1358">
     <span class='ocr_line' id='line_1_15' title="bbox 342 1278 1991 1358; baseline -0.008 -11"><span class='ocrx_word' id='word_1_61' title='bbox 342 1290 505 1347; x_wconf 80' lang='grc' dir='ltr'><strong>Νοοιί</strong></span> <span class='ocrx_word' id='word_1_62' title='bbox 534 1295 591 1345; x_wconf 90' lang='lat' dir='ltr'><strong>et</strong></span> <span class='ocrx_word' id='word_1_63' title='bbox 621 1288 844 1346; x_wconf 81' lang='lat' dir='ltr'><strong>Novati.</strong></span> <span class='ocrx_word' id='word_1_64' title='bbox 880 1285 1174 1358; x_wconf 86' lang='lat' dir='ltr'><strong>Vigesima</strong></span> <span class='ocrx_word' id='word_1_65' title='bbox 1203 1289 1425 1351; x_wconf 86' lang='lat' dir='ltr'><strong>octava,</strong></span> <span class='ocrx_word' id='word_1_66' title='bbox 1473 1281 1727 1338; x_wconf 89' lang='lat' dir='ltr'><strong>Sabellii.</strong></span> <span class='ocrx_word' id='word_1_67' title='bbox 1768 1278 1991 1348; x_wconf 73' lang='lat' dir='ltr'><strong>Vigesi-</strong></span> 
     </span>
    </p>
   </div>
   <div class='ocr_carea' id='block_1_16' title="bbox 341 1368 1990 1446">
    <p class='ocr_par' dir='ltr' id='par_1_16' title="bbox 341 1368 1990 1446">
     <span class='ocr_line' id='line_1_16' title="bbox 341 1368 1990 1446; baseline -0.008 -11"><span class='ocrx_word' id='word_1_68' title='bbox 341 1395 437 1435; x_wconf 87' lang='lat' dir='ltr'><strong>ma</strong></span> <span class='ocrx_word' id='word_1_69' title='bbox 464 1395 643 1446; x_wconf 87' lang='lat' dir='ltr'><strong>nona,</strong></span> <span class='ocrx_word' id='word_1_70' title='bbox 675 1373 954 1433; x_wconf 77' lang='lat' dir='ltr'><strong>Marcelli.</strong></span> <span class='ocrx_word' id='word_1_71' title='bbox 981 1373 1325 1446; x_wconf 82' lang='lat' dir='ltr'><strong>Trigesima,</strong></span> <span class='ocrx_word' id='word_1_72' title='bbox 1370 1370 1837 1433; x_wconf 87' lang='lat' dir='ltr'><strong>Valesianorum,</strong></span> <span class='ocrx_word' id='word_1_73' title='bbox 1870 1368 1990 1423; x_wconf 90' lang='lat' dir='ltr'><strong>sive</strong></span> 
     </span>
    </p>
   </div>
   <div class='ocr_carea' id='block_1_17' title="bbox 337 1455 1988 1535">
    <p class='ocr_par' dir='ltr' id='par_1_17' title="bbox 337 1455 1988 1535">
     <span class='ocr_line' id='line_1_17' title="bbox 337 1455 1988 1535; baseline -0.007 -13"><span class='ocrx_word' id='word_1_74' title='bbox 337 1467 841 1525; x_wconf 83' lang='lat' dir='ltr'><strong>Valentianorum.</strong></span> <span class='ocrx_word' id='word_1_75' title='bbox 880 1464 1205 1535; x_wconf 83' lang='lat' dir='ltr'><strong>Trigesima</strong></span> <span class='ocrx_word' id='word_1_76' title='bbox 1262 1461 1477 1533; x_wconf 89' lang='lat' dir='ltr'><strong>prima,</strong></span> <span class='ocrx_word' id='word_1_77' title='bbox 1537 1458 1829 1532; x_wconf 82' lang='lat' dir='ltr'><strong>Origenis,</strong></span> <span class='ocrx_word' id='word_1_78' title='bbox 1889 1455 1988 1512; x_wconf 89' lang='lat' dir='ltr'><strong>ubi</strong></span> 
     </span>
    </p>
   </div>
   <div class='ocr_carea' id='block_1_18' title="bbox 336 1544 1985 1628">
    <p class='ocr_par' dir='ltr' id='par_1_18' title="bbox 336 1544 1985 1628">
     <span class='ocr_line' id='line_1_18' title="bbox 336 1544 1985 1628; baseline -0.007 -15"><span class='ocrx_word' id='word_1_79' title='bbox 336 1557 605 1628; x_wconf 70' lang='lat' dir='ltr'><strong>quaedam</strong></span> <span class='ocrx_word' id='word_1_80' title='bbox 629 1556 702 1611; x_wconf 90' lang='lat' dir='ltr'><strong>de</strong></span> <span class='ocrx_word' id='word_1_81' title='bbox 730 1554 949 1621; x_wconf 84' lang='lat' dir='ltr'><strong>anima,</strong></span> <span class='ocrx_word' id='word_1_82' title='bbox 982 1557 1037 1607; x_wconf 87' lang='lat' dir='ltr'><strong>et</strong></span> <span class='ocrx_word' id='word_1_83' title='bbox 1068 1549 1357 1608; x_wconf 78' lang='lat' dir='ltr'><strong>enarratio</strong></span> <span class='ocrx_word' id='word_1_84' title='bbox 1406 1547 1547 1605; x_wconf 81' lang='lat' dir='ltr'><strong>dicti</strong></span> <span class='ocrx_word' id='word_1_85' title='bbox 1595 1544 1935 1617; x_wconf 83' lang='lat' dir='ltr'><strong>bujusmodi</strong></span> <span class='ocrx_word' id='word_1_86' title='bbox 1970 1560 1985 1601; x_wconf 90' lang='lat'><strong>:</strong></span> 
     </span>
    </p>
   </div>
   <div class='ocr_carea' id='block_1_19' title="bbox 337 1633 1990 1716">
    <p class='ocr_par' dir='ltr' id='par_1_19' title="bbox 337 1633 1990 1716">
     <span class='ocr_line' id='line_1_19' title="bbox 337 1633 1990 1716; baseline -0.007 -16"><span class='ocrx_word' id='word_1_87' title='bbox 337 1644 610 1716; x_wconf 76' lang='lat' dir='ltr'><strong>Cuiusque</strong></span> <span class='ocrx_word' id='word_1_88' title='bbox 637 1658 769 1715; x_wconf 87' lang='lat' dir='ltr'><strong>opus</strong></span> <span class='ocrx_word' id='word_1_89' title='bbox 798 1641 966 1714; x_wconf 79' lang='lat' dir='ltr'><strong>quale</strong></span> <span class='ocrx_word' id='word_1_90' title='bbox 990 1644 1083 1707; x_wconf 78' lang='lat' dir='ltr'><strong>sit,</strong></span> <span class='ocrx_word' id='word_1_91' title='bbox 1114 1639 1257 1711; x_wconf 82' lang='lat' dir='ltr'><strong>ignis</strong></span> <span class='ocrx_word' id='word_1_92' title='bbox 1290 1636 1548 1709; x_wconf 75' lang='lat' dir='ltr'><strong>probabit</strong></span> <span class='ocrx_word' id='word_1_93' title='bbox 1575 1636 1617 1689; x_wconf 85' lang='grc'><strong>¹.</strong></span> <span class='ocrx_word' id='word_1_94' title='bbox 1665 1633 1990 1705; x_wconf 78' lang='lat' dir='ltr'><strong>Trigesima</strong></span> 
     </span>
    </p>
   </div>
   <div class='ocr_carea' id='block_1_20' title="bbox 335 1722 1985 1802">
    <p class='ocr_par' dir='ltr' id='par_1_20' title="bbox 335 1722 1985 1802">
     <span class='ocr_line' id='line_1_20' title="bbox 335 1722 1985 1802; baseline -0.008 -11"><span class='ocrx_word' id='word_1_95' title='bbox 335 1734 615 1802; x_wconf 87' lang='lat' dir='ltr'><strong>secunda,</strong></span> <span class='ocrx_word' id='word_1_96' title='bbox 648 1730 808 1789; x_wconf 91' lang='lat' dir='ltr'><strong>Pauli</strong></span> <span class='ocrx_word' id='word_1_97' title='bbox 840 1728 1225 1787; x_wconf 87' lang='lat' dir='ltr'><strong>Samosateni.</strong></span> <span class='ocrx_word' id='word_1_98' title='bbox 1257 1726 1586 1799; x_wconf 85' lang='lat' dir='ltr'><strong>Trigesima</strong></span> <span class='ocrx_word' id='word_1_99' title='bbox 1623 1725 1814 1792; x_wconf 87' lang='lat' dir='ltr'><strong>tertia,</strong></span> <span class='ocrx_word' id='word_1_100' title='bbox 1861 1722 1985 1779; x_wconf 88' lang='lat' dir='ltr'><strong>Ma-</strong></span> 
     </span>
    </p>
   </div>
   <div class='ocr_carea' id='block_1_21' title="bbox 336 1812 1986 1889">
    <p class='ocr_par' dir='ltr' id='par_1_21' title="bbox 336 1812 1986 1889">
     <span class='ocr_line' id='line_1_21' title="bbox 336 1812 1986 1889; baseline -0.007 -11"><span class='ocrx_word' id='word_1_101' title='bbox 336 1823 693 1878; x_wconf 59' lang='lat' dir='ltr'><strong>nichaeorum</strong></span> <span class='ocrx_word' id='word_1_102' title='bbox 724 1827 781 1876; x_wconf 89' lang='lat' dir='ltr'><strong>et</strong></span> <span class='ocrx_word' id='word_1_103' title='bbox 809 1818 1214 1875; x_wconf 86' lang='lat' dir='ltr'><strong>Cubricorum.</strong></span> <span class='ocrx_word' id='word_1_104' title='bbox 1245 1815 1570 1889; x_wconf 83' lang='lat' dir='ltr'><strong>Trigesima</strong></span> <span class='ocrx_word' id='word_1_105' title='bbox 1599 1817 1827 1886; x_wconf 87' lang='lat' dir='ltr'><strong>quarta,</strong></span> <span class='ocrx_word' id='word_1_106' title='bbox 1851 1812 1986 1867; x_wconf 87' lang='lat' dir='ltr'><strong>Hie-</strong></span> 
     </span>
    </p>
   </div>
   <div class='ocr_carea' id='block_1_22' title="bbox 334 1902 2031 1987">
    <p class='ocr_par' dir='ltr' id='par_1_22' title="bbox 334 1902 2031 1987">
     <span class='ocr_line' id='line_1_22' title="bbox 334 1902 2031 1987; baseline -0.005 -21"><span class='ocrx_word' id='word_1_107' title='bbox 334 1910 678 1967; x_wconf 88' lang='lat' dir='ltr'><strong>racitarum.</strong></span> <span class='ocrx_word' id='word_1_108' title='bbox 735 1906 1064 1987; x_wconf 82' lang='lat' dir='ltr'><strong>Trigesima</strong></span> <span class='ocrx_word' id='word_1_109' title='bbox 1138 1903 1362 1978; x_wconf 88' lang='lat' dir='ltr'><strong>quinta,</strong></span> <span class='ocrx_word' id='word_1_110' title='bbox 1436 1902 2031 1975; x_wconf 81' lang='lat' dir='ltr'><strong>Collyridianorum.‘.</strong></span> 
     </span>
    </p>
   </div>
   <div class='ocr_carea' id='block_1_23' title="bbox 334 1992 1985 2073">
    <p class='ocr_par' dir='ltr' id='par_1_23' title="bbox 334 1992 1985 2073">
     <span class='ocr_line' id='line_1_23' title="bbox 334 1992 1985 2073; baseline -0.006 -17"><span class='ocrx_word' id='word_1_111' title='bbox 334 2000 659 2073; x_wconf 81' lang='lat' dir='ltr'><strong>Trigesima</strong></span> <span class='ocrx_word' id='word_1_112' title='bbox 688 2004 870 2067; x_wconf 81' lang='lat' dir='ltr'><strong>sexta,</strong></span> <span class='ocrx_word' id='word_1_113' title='bbox 904 1996 1415 2061; x_wconf 87' lang='lat' dir='ltr'><strong>Massalianorum,</strong></span> <span class='ocrx_word' id='word_1_114' title='bbox 1433 1994 1554 2049; x_wconf 87' lang='lat' dir='ltr'><strong>sive</strong></span> <span class='ocrx_word' id='word_1_115' title='bbox 1575 1992 1985 2048; x_wconf 87' lang='lat' dir='ltr'><strong>Encbitarum:</strong></span> 
     </span>
    </p>
   </div>
   <div class='ocr_carea' id='block_1_24' title="bbox 335 2079 1992 2158">
    <p class='ocr_par' dir='ltr' id='par_1_24' title="bbox 335 2079 1992 2158">
     <span class='ocr_line' id='line_1_24' title="bbox 335 2079 1992 2158; baseline -0.008 -11"><span class='ocrx_word' id='word_1_116' title='bbox 335 2090 436 2147; x_wconf 88' lang='lat' dir='ltr'><strong>ubi</strong></span> <span class='ocrx_word' id='word_1_117' title='bbox 467 2088 830 2147; x_wconf 85' lang='lat' dir='ltr'><strong>enumeratio</strong></span> <span class='ocrx_word' id='word_1_118' title='bbox 861 2086 1177 2158; x_wconf 89' lang='lat' dir='ltr'><strong>impiorum</strong></span> <span class='ocrx_word' id='word_1_119' title='bbox 1204 2086 1545 2154; x_wconf 82' lang='lat' dir='ltr'><strong>dogmatum</strong></span> <span class='ocrx_word' id='word_1_120' title='bbox 1586 2081 1850 2154; x_wconf 81' lang='lat' dir='ltr'><strong>ejusdem</strong></span> <span class='ocrx_word' id='word_1_121' title='bbox 1882 2079 1992 2134; x_wconf 62' lang='lat' dir='ltr'><strong>hae-</strong></span> 
     </span>
    </p>
   </div>
   <div class='ocr_carea' id='block_1_25' title="bbox 331 2170 1991 2249">
    <p class='ocr_par' dir='ltr' id='par_1_25' title="bbox 331 2170 1991 2249">
     <span class='ocr_line' id='line_1_25' title="bbox 331 2170 1991 2249; baseline -0.007 -13"><span class='ocrx_word' id='word_1_122' title='bbox 331 2180 499 2237; x_wconf 89' lang='lat' dir='ltr'><strong>resis.</strong></span> <span class='ocrx_word' id='word_1_123' title='bbox 534 2178 863 2249; x_wconf 80' lang='lat' dir='ltr'><strong>Trigesima</strong></span> <span class='ocrx_word' id='word_1_124' title='bbox 887 2176 1158 2247; x_wconf 87' lang='lat' dir='ltr'><strong>septima,</strong></span> <span class='ocrx_word' id='word_1_125' title='bbox 1206 2173 1745 2229; x_wconf 88' lang='lat' dir='ltr'><strong>Corinthianorum.</strong></span> <span class='ocrx_word' id='word_1_126' title='bbox 1800 2170 1991 2241; x_wconf 84' lang='lat' dir='ltr'><strong>Trige-</strong></span> 
     </span>
    </p>
   </div>
   <div class='ocr_carea' id='block_1_26' title="bbox 331 2261 1990 2335">
    <p class='ocr_par' dir='ltr' id='par_1_26' title="bbox 331 2261 1990 2335">
     <span class='ocr_line' id='line_1_26' title="bbox 331 2261 1990 2335; baseline -0.008 -9"><span class='ocrx_word' id='word_1_127' title='bbox 331 2270 485 2325; x_wconf 89' lang='lat' dir='ltr'><strong>sima</strong></span> <span class='ocrx_word' id='word_1_128' title='bbox 514 2276 735 2335; x_wconf 84' lang='lat' dir='ltr'><strong>octava,</strong></span> <span class='ocrx_word' id='word_1_129' title='bbox 770 2267 1138 2321; x_wconf 89' lang='lat' dir='ltr'><strong>lcetioorum.</strong></span> <span class='ocrx_word' id='word_1_130' title='bbox 1190 2262 1518 2333; x_wconf 74' lang='lat' dir='ltr'><strong>Trigesima</strong></span> <span class='ocrx_word' id='word_1_131' title='bbox 1559 2276 1736 2328; x_wconf 90' lang='lat' dir='ltr'><strong>nona,</strong></span> <span class='ocrx_word' id='word_1_132' title='bbox 1786 2261 1990 2315; x_wconf 84' lang='lat' dir='ltr'><strong>Gnosi-</strong></span> 
     </span>
    </p>
   </div>
   <div class='ocr_carea' id='block_1_27' title="bbox 333 2349 1986 2427">
    <p class='ocr_par' dir='ltr' id='par_1_27' title="bbox 333 2349 1986 2427">
     <span class='ocr_line' id='line_1_27' title="bbox 333 2349 1986 2427; baseline -0.007 -14"><span class='ocrx_word' id='word_1_133' title='bbox 333 2357 699 2415; x_wconf 87' lang='lat' dir='ltr'><strong>macborum.</strong></span> <span class='ocrx_word' id='word_1_134' title='bbox 775 2353 1253 2427; x_wconf 83' lang='lat' dir='ltr'><strong>Quadragesima,</strong></span> <span class='ocrx_word' id='word_1_135' title='bbox 1336 2349 1986 2421; x_wconf 68' lang='lat' dir='ltr'><strong>Thoetoysychitarum.</strong></span> 
     </span>
    </p>
   </div>
   <div class='ocr_carea' id='block_1_28' title="bbox 333 2437 1987 2517">
    <p class='ocr_par' dir='ltr' id='par_1_28' title="bbox 333 2437 1987 2517">
     <span class='ocr_line' id='line_1_28' title="bbox 333 2437 1987 2517; baseline -0.007 -14"><span class='ocrx_word' id='word_1_136' title='bbox 333 2446 795 2517; x_wconf 81' lang='lat' dir='ltr'><strong>Quadragesima</strong></span> <span class='ocrx_word' id='word_1_137' title='bbox 827 2444 1035 2516; x_wconf 86' lang='lat' dir='ltr'><strong>prima,</strong></span> <span class='ocrx_word' id='word_1_138' title='bbox 1081 2439 1608 2513; x_wconf 78' lang='lat' dir='ltr'><strong>Chrystolytorum.</strong></span> <span class='ocrx_word' id='word_1_139' title='bbox 1657 2437 1987 2507; x_wconf 84' lang='lat' dir='ltr'><strong>Quadrage-</strong></span> 
     </span>
    </p>
   </div>
   <div class='ocr_carea' id='block_1_29' title="bbox 333 2523 1988 2605">
    <p class='ocr_par' dir='ltr' id='par_1_29' title="bbox 333 2523 1988 2605">
     <span class='ocr_line' id='line_1_29' title="bbox 333 2523 1988 2605; baseline -0.008 -12"><span class='ocrx_word' id='word_1_140' title='bbox 333 2536 478 2593; x_wconf 88' lang='lat' dir='ltr'><strong>sima</strong></span> <span class='ocrx_word' id='word_1_141' title='bbox 504 2535 781 2605; x_wconf 88' lang='lat' dir='ltr'><strong>secunda,</strong></span> <span class='ocrx_word' id='word_1_142' title='bbox 840 2530 1417 2603; x_wconf 86' lang='lat' dir='ltr'><strong>Ethnophronorum,</strong></span> <span class='ocrx_word' id='word_1_143' title='bbox 1476 2527 1597 2584; x_wconf 89' lang='lat' dir='ltr'><strong>sive</strong></span> <span class='ocrx_word' id='word_1_144' title='bbox 1650 2542 1851 2582; x_wconf 88' lang='lat' dir='ltr'><strong>eorum</strong></span> <span class='ocrx_word' id='word_1_145' title='bbox 1893 2523 1988 2597; x_wconf 87' lang='lat' dir='ltr'><strong>qui</strong></span> 
     </span>
    </p>
   </div>
   <div class='ocr_carea' id='block_1_30' title="bbox 333 2613 1986 2687">
    <p class='ocr_par' dir='ltr' id='par_1_30' title="bbox 333 2613 1986 2687">
     <span class='ocr_line' id='line_1_30' title="bbox 333 2613 1986 2687; baseline -0.007 -8"><span class='ocrx_word' id='word_1_146' title='bbox 333 2639 469 2679; x_wconf 90' lang='lat' dir='ltr'><strong>cum</strong></span> <span class='ocrx_word' id='word_1_147' title='bbox 503 2622 763 2678; x_wconf 87' lang='lat' dir='ltr'><strong>Ethnicis</strong></span> <span class='ocrx_word' id='word_1_148' title='bbox 794 2615 1541 2687; x_wconf 74' lang='lat' dir='ltr'><strong>sentiunt.Quadragesima</strong></span> <span class='ocrx_word' id='word_1_149' title='bbox 1562 2614 1753 2684; x_wconf 82' lang='lat' dir='ltr'><strong>tertia,</strong></span> <span class='ocrx_word' id='word_1_150' title='bbox 1786 2613 1986 2669; x_wconf 84' lang='lat' dir='ltr'><strong>Parer-</strong></span> 
     </span>
    </p>
   </div>
   <div class='ocr_carea' id='block_1_31' title="bbox 335 2703 1987 2779">
    <p class='ocr_par' dir='ltr' id='par_1_31' title="bbox 335 2703 1987 2779">
     <span class='ocr_line' id='line_1_31' title="bbox 335 2703 1987 2779; baseline -0.007 -9"><span class='ocrx_word' id='word_1_151' title='bbox 335 2720 770 2777; x_wconf 78' lang='lat' dir='ltr'><strong>meneniarum,</strong></span> <span class='ocrx_word' id='word_1_152' title='bbox 802 2710 921 2765; x_wconf 90' lang='lat' dir='ltr'><strong>sive</strong></span> <span class='ocrx_word' id='word_1_153' title='bbox 951 2722 1148 2763; x_wconf 87' lang='lat' dir='ltr'><strong>eorum</strong></span> <span class='ocrx_word' id='word_1_154' title='bbox 1184 2705 1285 2779; x_wconf 90' lang='lat' dir='ltr'><strong>qui</strong></span> <span class='ocrx_word' id='word_1_155' title='bbox 1316 2720 1491 2777; x_wconf 87' lang='lat' dir='ltr'><strong>prave</strong></span> <span class='ocrx_word' id='word_1_156' title='bbox 1535 2703 1867 2777; x_wconf 85' lang='lat' dir='ltr'><strong>Scripturas</strong></span> <span class='ocrx_word' id='word_1_157' title='bbox 1900 2704 1987 2759; x_wconf 89' lang='lat' dir='ltr'><strong>in-</strong></span> 
     </span>
    </p>
   </div>
   <div class='ocr_carea' id='block_1_32' title="bbox 330 2792 1986 2875">
    <p class='ocr_par' dir='ltr' id='par_1_32' title="bbox 330 2792 1986 2875">
     <span class='ocr_line' id='line_1_32' title="bbox 330 2792 1986 2875; baseline -0.005 -16"><span class='ocrx_word' id='word_1_158' title='bbox 330 2806 751 2875; x_wconf 87' lang='lat' dir='ltr'><strong>terpretantur.</strong></span> <span class='ocrx_word' id='word_1_159' title='bbox 786 2796 1248 2869; x_wconf 79' lang='lat' dir='ltr'><strong>Quadragesima</strong></span> <span class='ocrx_word' id='word_1_160' title='bbox 1277 2792 1986 2867; x_wconf 87' lang='lat' dir='ltr'><strong>quarta,Meletianorum.</strong></span> 
     </span>
    </p>
   </div>
   <div class='ocr_carea' id='block_1_33' title="bbox 2109 649 3790 730">
    <p class='ocr_par' dir='ltr' id='par_1_33' title="bbox 2109 649 3790 730">
     <span class='ocr_line' id='line_1_33' title="bbox 2109 649 3790 730; baseline 0.001 -22"><span class='ocrx_word' id='word_1_161' title='bbox 2109 650 2381 724; x_wconf 84' lang='grc' dir='ltr'><strong>Ἀπελλῆ.</strong></span> <span class='ocrx_word' id='word_1_162' title='bbox 2412 651 2880 726; x_wconf 82' lang='grc' dir='ltr'><strong>Ἐπτακαιδεκάτη</strong></span> <span class='ocrx_word' id='word_1_163' title='bbox 2925 657 2961 723; x_wconf 77' lang='grc' dir='ltr'><strong>ἡ</strong></span> <span class='ocrx_word' id='word_1_164' title='bbox 3009 659 3118 711; x_wconf 85' lang='grc' dir='ltr'><strong>τῶν</strong></span> <span class='ocrx_word' id='word_1_165' title='bbox 3166 649 3531 730; x_wconf 74' lang='grc' dir='ltr'><strong>Σεϐερισινῶν.</strong></span> <span class='ocrx_word' id='word_1_166' title='bbox 3563 655 3790 710; x_wconf 79' lang='grc' dir='ltr'><strong>Ὀκτω-</strong></span> 
     </span>
    </p>
   </div>
   <div class='ocr_carea' id='block_1_34' title="bbox 2107 739 3777 815">
    <p class='ocr_par' dir='ltr' id='par_1_34' title="bbox 2107 739 3777 815">
     <span class='ocr_line' id='line_1_34' title="bbox 2107 739 3777 815; baseline 0.004 -20"><span class='ocrx_word' id='word_1_167' title='bbox 2107 739 2400 813; x_wconf 80' lang='grc' dir='ltr'><strong>καιδεκάτη</strong></span> <span class='ocrx_word' id='word_1_168' title='bbox 2461 744 2496 813; x_wconf 78' lang='grc' dir='ltr'>ἡ</span> <span class='ocrx_word' id='word_1_169' title='bbox 2554 747 2649 799; x_wconf 88' lang='lat' dir='ltr'><strong>toﬁ</strong></span> <span class='ocrx_word' id='word_1_170' title='bbox 2687 747 2978 803; x_wconf 78' lang='grc' dir='ltr'><strong>Τατιανοῢ.</strong></span> <span class='ocrx_word' id='word_1_171' title='bbox 3038 741 3515 815; x_wconf 78' lang='grc' dir='ltr'><strong>Ἐννεακαιδεκάτη</strong></span> <span class='ocrx_word' id='word_1_172' title='bbox 3568 746 3603 814; x_wconf 79' lang='grc' dir='ltr'>ἡ</span> <span class='ocrx_word' id='word_1_173' title='bbox 3655 750 3777 801; x_wconf 80' lang='grc' dir='ltr'><strong>τῶν</strong></span> 
     </span>
    </p>
   </div>
   <div class='ocr_carea' id='block_1_35' title="bbox 2107 831 3771 908">
    <p class='ocr_par' dir='ltr' id='par_1_35' title="bbox 2107 831 3771 908">
     <span class='ocr_line' id='line_1_35' title="bbox 2107 831 3771 908; baseline 0.002 -22"><span class='ocrx_word' id='word_1_174' title='bbox 2107 831 2495 908; x_wconf 83' lang='grc' dir='ltr'>Ἐγκρατιτῶν.</span> <span class='ocrx_word' id='word_1_175' title='bbox 2529 833 2765 904; x_wconf 78' lang='grc' dir='ltr'>Εἰκοστή</span> <span class='ocrx_word' id='word_1_176' title='bbox 2821 836 2856 904; x_wconf 78' lang='grc' dir='ltr'><strong>ἡ</strong></span> <span class='ocrx_word' id='word_1_177' title='bbox 2908 838 3015 890; x_wconf 80' lang='grc' dir='ltr'><strong>τῶν</strong></span> <span class='ocrx_word' id='word_1_178' title='bbox 3067 835 3479 893; x_wconf 79' lang='grc' dir='ltr'><strong>Μοντανιστῶν.</strong></span> <span class='ocrx_word' id='word_1_179' title='bbox 3521 833 3771 904; x_wconf 80' lang='grc' dir='ltr'><strong>Εἰκοστή</strong></span> 
     </span>
    </p>
   </div>
   <div class='ocr_carea' id='block_1_36' title="bbox 2104 920 3776 997">
    <p class='ocr_par' dir='ltr' id='par_1_36' title="bbox 2104 920 3776 997">
     <span class='ocr_line' id='line_1_36' title="bbox 2104 920 3776 997; baseline 0.002 -22"><span class='ocrx_word' id='word_1_180' title='bbox 2104 921 2295 995; x_wconf 80' lang='grc' dir='ltr'><strong>πρώτη</strong></span> <span class='ocrx_word' id='word_1_181' title='bbox 2330 923 2365 992; x_wconf 79' lang='grc' dir='ltr'>ἠ</span> <span class='ocrx_word' id='word_1_182' title='bbox 2397 926 2503 977; x_wconf 81' lang='grc' dir='ltr'><strong>τῶν</strong></span> <span class='ocrx_word' id='word_1_183' title='bbox 2533 920 2905 980; x_wconf 82' lang='grc' dir='ltr'><strong>Κυντιλιανῶν</strong></span> <span class='ocrx_word' id='word_1_184' title='bbox 2937 922 3028 977; x_wconf 83' lang='grc' dir='ltr'>καὶ</span> <span class='ocrx_word' id='word_1_185' title='bbox 3071 920 3503 997; x_wconf 83' lang='grc' dir='ltr'><strong>ΙΙρισκιλιανῶν,</strong></span> <span class='ocrx_word' id='word_1_186' title='bbox 3534 923 3629 978; x_wconf 79' lang='grc' dir='ltr'>καὶ</span> <span class='ocrx_word' id='word_1_187' title='bbox 3664 930 3776 979; x_wconf 87' lang='grc' dir='ltr'><strong>Πε-</strong></span> 
     </span>
    </p>
   </div>
   <div class='ocr_carea' id='block_1_37' title="bbox 2104 1010 3773 1089">
    <p class='ocr_par' dir='ltr' id='par_1_37' title="bbox 2104 1010 3773 1089">
     <span class='ocr_line' id='line_1_37' title="bbox 2104 1010 3773 1089; baseline 0.003 -24"><span class='ocrx_word' id='word_1_188' title='bbox 2104 1016 2400 1081; x_wconf 82' lang='grc' dir='ltr'><strong>πουζιτῶν,</strong></span> <span class='ocrx_word' id='word_1_189' title='bbox 2451 1011 2542 1068; x_wconf 80' lang='grc' dir='ltr'><strong>καὶ</strong></span> <span class='ocrx_word' id='word_1_190' title='bbox 2590 1014 3005 1089; x_wconf 83' lang='grc' dir='ltr'><strong>Ἀρτοτυριτῶν.</strong></span> <span class='ocrx_word' id='word_1_191' title='bbox 3060 1012 3294 1083; x_wconf 66' lang='grc' dir='ltr'><strong>Εἰκοστή</strong></span> <span class='ocrx_word' id='word_1_192' title='bbox 3341 1010 3565 1089; x_wconf 73' lang='grc' dir='ltr'><strong>δευτέρα</strong></span> <span class='ocrx_word' id='word_1_193' title='bbox 3600 1016 3629 1084; x_wconf 67' lang='grc' dir='ltr'>η</span> <span class='ocrx_word' id='word_1_194' title='bbox 3661 1018 3773 1070; x_wconf 80' lang='grc' dir='ltr'>τῶν</span> 
     </span>
    </p>
   </div>
   <div class='ocr_carea' id='block_1_38' title="bbox 2103 1100 3765 1177">
    <p class='ocr_par' dir='ltr' id='par_1_38' title="bbox 2103 1100 3765 1177">
     <span class='ocr_line' id='line_1_38' title="bbox 2103 1100 3765 1177; baseline 0.002 -23"><span class='ocrx_word' id='word_1_195' title='bbox 2103 1101 2781 1174; x_wconf 81' lang='grc' dir='ltr'><strong>Τεσσαρεσκαιδεκατιτῶν.</strong></span> <span class='ocrx_word' id='word_1_196' title='bbox 2841 1101 3075 1172; x_wconf 83' lang='grc' dir='ltr'>Είκοστή</span> <span class='ocrx_word' id='word_1_197' title='bbox 3128 1102 3291 1176; x_wconf 90' lang='grc' dir='ltr'>τρίτη</span> <span class='ocrx_word' id='word_1_198' title='bbox 3350 1103 3387 1172; x_wconf 77' lang='grc' dir='ltr'><strong>ἡ</strong></span> <span class='ocrx_word' id='word_1_199' title='bbox 3445 1107 3554 1158; x_wconf 82' lang='grc' dir='ltr'><strong>τῶν</strong></span> <span class='ocrx_word' id='word_1_200' title='bbox 3599 1100 3765 1177; x_wconf 86' lang='grc' dir='ltr'>λεγο-</span> 
     </span>
    </p>
   </div>
   <div class='ocr_carea' id='block_1_39' title="bbox 2106 1187 3748 1266">
    <p class='ocr_par' dir='ltr' id='par_1_39' title="bbox 2106 1187 3748 1266">
     <span class='ocr_line' id='line_1_39' title="bbox 2106 1187 3748 1266; baseline 0.005 -25"><span class='ocrx_word' id='word_1_201' title='bbox 2106 1188 2281 1259; x_wconf 78' lang='grc' dir='ltr'><strong>μὲνων</strong></span> <span class='ocrx_word' id='word_1_202' title='bbox 2310 1187 2590 1266; x_wconf 86' lang='grc' dir='ltr'><strong>’Λλόγων.</strong></span> <span class='ocrx_word' id='word_1_203' title='bbox 2621 1190 2856 1260; x_wconf 76' lang='grc' dir='ltr'><strong>Εἰκοστή</strong></span> <span class='ocrx_word' id='word_1_204' title='bbox 2886 1190 3115 1266; x_wconf 78' lang='grc' dir='ltr'><strong>τετάρτη</strong></span> <span class='ocrx_word' id='word_1_205' title='bbox 3167 1193 3203 1261; x_wconf 81' lang='grc' dir='ltr'>ὴ</span> <span class='ocrx_word' id='word_1_206' title='bbox 3246 1196 3357 1247; x_wconf 82' lang='grc' dir='ltr'><strong>τῶν</strong></span> <span class='ocrx_word' id='word_1_207' title='bbox 3391 1188 3748 1263; x_wconf 80' lang='grc' dir='ltr'><strong>Ἀὃαμιανῶν.</strong></span> 
     </span>
    </p>
   </div>
   <div class='ocr_carea' id='block_1_40' title="bbox 2101 1276 3756 1354">
    <p class='ocr_par' dir='ltr' id='par_1_40' title="bbox 2101 1276 3756 1354">
     <span class='ocr_line' id='line_1_40' title="bbox 2101 1276 3756 1354; baseline 0 -20"><span class='ocrx_word' id='word_1_208' title='bbox 2101 1276 2335 1349; x_wconf 78' lang='grc' dir='ltr'><strong>Εἰκοστή</strong></span> <span class='ocrx_word' id='word_1_209' title='bbox 2390 1280 2617 1353; x_wconf 79' lang='grc' dir='ltr'>πὲμπτη</span> <span class='ocrx_word' id='word_1_210' title='bbox 2676 1282 2711 1350; x_wconf 77' lang='grc' dir='ltr'><strong>ἡ</strong></span> <span class='ocrx_word' id='word_1_211' title='bbox 2766 1284 2875 1335; x_wconf 82' lang='grc' dir='ltr'><strong>τῶν</strong></span> <span class='ocrx_word' id='word_1_212' title='bbox 2934 1280 3236 1354; x_wconf 83' lang='grc' dir='ltr'><strong>Σαμψαίων</strong></span> <span class='ocrx_word' id='word_1_213' title='bbox 3276 1280 3368 1335; x_wconf 85' lang='grc' dir='ltr'><strong>καὶ</strong></span> <span class='ocrx_word' id='word_1_214' title='bbox 3409 1278 3756 1340; x_wconf 84' lang='grc' dir='ltr'><strong>Ἐλκεσαίων.</strong></span> 
     </span>
    </p>
   </div>
   <div class='ocr_carea' id='block_1_41' title="bbox 2102 1364 3763 1441">
    <p class='ocr_par' dir='ltr' id='par_1_41' title="bbox 2102 1364 3763 1441">
     <span class='ocr_line' id='line_1_41' title="bbox 2102 1364 3763 1441; baseline -0.001 -17"><span class='ocrx_word' id='word_1_215' title='bbox 2102 1366 2335 1438; x_wconf 79' lang='grc' dir='ltr'><strong>Εἰκοστή</strong></span> <span class='ocrx_word' id='word_1_216' title='bbox 2393 1364 2522 1440; x_wconf 65' lang='grc' dir='ltr'><strong>ἕκτη</strong></span> <span class='ocrx_word' id='word_1_217' title='bbox 2580 1371 2617 1439; x_wconf 78' lang='grc' dir='ltr'><strong>ἡ</strong></span> <span class='ocrx_word' id='word_1_218' title='bbox 2669 1373 2779 1425; x_wconf 81' lang='grc' dir='ltr'><strong>τῶν</strong></span> <span class='ocrx_word' id='word_1_219' title='bbox 2839 1366 3231 1427; x_wconf 83' lang='grc' dir='ltr'><strong>Θεοδοτιανῶν.</strong></span> <span class='ocrx_word' id='word_1_220' title='bbox 3273 1369 3510 1439; x_wconf 76' lang='grc' dir='ltr'><strong>Εἰκοστή</strong></span> <span class='ocrx_word' id='word_1_221' title='bbox 3545 1364 3763 1441; x_wconf 76' lang='grc' dir='ltr'><strong>ἑϐδόμη</strong></span> 
     </span>
    </p>
   </div>
   <div class='ocr_carea' id='block_1_42' title="bbox 2097 1455 3766 1534">
    <p class='ocr_par' dir='ltr' id='par_1_42' title="bbox 2097 1455 3766 1534">
     <span class='ocr_line' id='line_1_42' title="bbox 2097 1455 3766 1534; baseline 0.002 -23"><span class='ocrx_word' id='word_1_222' title='bbox 2097 1458 2133 1527; x_wconf 81' lang='grc' dir='ltr'>ἡ</span> <span class='ocrx_word' id='word_1_223' title='bbox 2190 1461 2288 1512; x_wconf 82' lang='grc' dir='ltr'><strong>τοῦ</strong></span> <span class='ocrx_word' id='word_1_224' title='bbox 2347 1458 2567 1529; x_wconf 80' lang='grc' dir='ltr'><strong>Νοήτου</strong></span> <span class='ocrx_word' id='word_1_225' title='bbox 2621 1458 2713 1513; x_wconf 81' lang='grc' dir='ltr'><strong>καὶ</strong></span> <span class='ocrx_word' id='word_1_226' title='bbox 2763 1463 2862 1513; x_wconf 80' lang='grc' dir='ltr'><strong>τοῦ</strong></span> <span class='ocrx_word' id='word_1_227' title='bbox 2921 1459 3198 1519; x_wconf 87' lang='grc' dir='ltr'><strong>Ναυάτου.</strong></span> <span class='ocrx_word' id='word_1_228' title='bbox 3245 1457 3483 1529; x_wconf 66' lang='grc' dir='ltr'><strong>Εἴκοστή</strong></span> <span class='ocrx_word' id='word_1_229' title='bbox 3516 1455 3695 1534; x_wconf 82' lang='grc' dir='ltr'><strong>ὀγδόη</strong></span> <span class='ocrx_word' id='word_1_230' title='bbox 3727 1460 3766 1528; x_wconf 73' lang='grc' dir='ltr'><strong>ἡ</strong></span> 
     </span>
    </p>
   </div>
   <div class='ocr_carea' id='block_1_43' title="bbox 2097 1540 3769 1623">
    <p class='ocr_par' dir='ltr' id='par_1_43' title="bbox 2097 1540 3769 1623">
     <span class='ocr_line' id='line_1_43' title="bbox 2097 1540 3769 1623; baseline 0.002 -21"><span class='ocrx_word' id='word_1_231' title='bbox 2097 1550 2196 1602; x_wconf 90' lang='lat' dir='ltr'><strong>toﬁ</strong></span> <span class='ocrx_word' id='word_1_232' title='bbox 2228 1540 2558 1607; x_wconf 78' lang='grc' dir='ltr'>Σαϐελλίου.</span> <span class='ocrx_word' id='word_1_233' title='bbox 2608 1547 2847 1616; x_wconf 82' lang='grc' dir='ltr'><strong>Εἰκοστή</strong></span> <span class='ocrx_word' id='word_1_234' title='bbox 2902 1548 3091 1620; x_wconf 73' lang='grc' dir='ltr'>ἒννάτη</span> <span class='ocrx_word' id='word_1_235' title='bbox 3148 1550 3184 1619; x_wconf 77' lang='grc' dir='ltr'>ἠ</span> <span class='ocrx_word' id='word_1_236' title='bbox 3241 1551 3340 1603; x_wconf 91' lang='lat' dir='ltr'><strong>toﬁ</strong></span> <span class='ocrx_word' id='word_1_237' title='bbox 3399 1546 3769 1623; x_wconf 75' lang='grc' dir='ltr'><strong>Μαρκέλλου.</strong></span> 
     </span>
    </p>
   </div>
   <div class='ocr_carea' id='block_1_44' title="bbox 2096 1634 3774 1713">
    <p class='ocr_par' dir='ltr' id='par_1_44' title="bbox 2096 1634 3774 1713">
     <span class='ocr_line' id='line_1_44' title="bbox 2096 1634 3774 1713; baseline -0.001 -21"><span class='ocrx_word' id='word_1_238' title='bbox 2096 1636 2407 1709; x_wconf 86' lang='grc' dir='ltr'><strong>Τριακοστή</strong></span> <span class='ocrx_word' id='word_1_239' title='bbox 2476 1638 2512 1707; x_wconf 75' lang='grc' dir='ltr'><strong>ἡ</strong></span> <span class='ocrx_word' id='word_1_240' title='bbox 2579 1639 2686 1692; x_wconf 80' lang='grc' dir='ltr'><strong>τῶν</strong></span> <span class='ocrx_word' id='word_1_241' title='bbox 2754 1634 3108 1708; x_wconf 82' lang='grc' dir='ltr'><strong>Οὖαλησίων.</strong></span> <span class='ocrx_word' id='word_1_242' title='bbox 3184 1637 3492 1713; x_wconf 88' lang='grc' dir='ltr'><strong>Τριακοστή</strong></span> <span class='ocrx_word' id='word_1_243' title='bbox 3561 1638 3774 1711; x_wconf 82' lang='grc' dir='ltr'>πρώτη</span> 
     </span>
    </p>
   </div>
   <div class='ocr_carea' id='block_1_45' title="bbox 2095 1723 3779 1803">
    <p class='ocr_par' dir='ltr' id='par_1_45' title="bbox 2095 1723 3779 1803">
     <span class='ocr_line' id='line_1_45' title="bbox 2095 1723 3779 1803; baseline 0.001 -25"><span class='ocrx_word' id='word_1_244' title='bbox 2095 1725 2130 1794; x_wconf 78' lang='grc' dir='ltr'><strong>ἡ</strong></span> <span class='ocrx_word' id='word_1_245' title='bbox 2178 1728 2274 1779; x_wconf 90' lang='lat' dir='ltr'><strong>toﬁ</strong></span> <span class='ocrx_word' id='word_1_246' title='bbox 2330 1723 2663 1802; x_wconf 79' lang='grc' dir='ltr'><strong>Ὠριγένους,</strong></span> <span class='ocrx_word' id='word_1_247' title='bbox 2730 1723 2781 1780; x_wconf 79' lang='grc' dir='ltr'><strong>ἐν</strong></span> <span class='ocrx_word' id='word_1_248' title='bbox 2932 1726 3019 1780; x_wconf 75' lang='grc' dir='ltr'>καὶ</span> <span class='ocrx_word' id='word_1_249' title='bbox 3080 1725 3205 1803; x_wconf 86' lang='grc' dir='ltr'>περὶ</span> <span class='ocrx_word' id='word_1_250' title='bbox 3262 1727 3448 1802; x_wconf 78' lang='grc' dir='ltr'>ψυχῆς</span> <span class='ocrx_word' id='word_1_251' title='bbox 3494 1746 3639 1797; x_wconf 82' lang='grc' dir='ltr'><strong>τινα⁹</strong></span> <span class='ocrx_word' id='word_1_252' title='bbox 3678 1725 3779 1781; x_wconf 85' lang='grc' dir='ltr'>καὶ</span> 
     </span>
    </p>
   </div>
   <div class='ocr_carea' id='block_1_46' title="bbox 2096 1811 3775 1893">
    <p class='ocr_par' dir='ltr' id='par_1_46' title="bbox 2096 1811 3775 1893">
     <span class='ocr_line' id='line_1_46' title="bbox 2096 1811 3775 1893; baseline 0.001 -25"><span class='ocrx_word' id='word_1_253' title='bbox 2096 1811 2356 1889; x_wconf 75' lang='grc' dir='ltr'><strong>ἐξήγησις</strong></span> <span class='ocrx_word' id='word_1_254' title='bbox 2423 1818 2522 1871; x_wconf 88' lang='lat' dir='ltr'><strong>toﬁ</strong></span> <span class='ocrx_word' id='word_1_255' title='bbox 2606 1813 2925 1893; x_wconf 74' lang='grc' dir='ltr'>ἀπορρήτου</span> <span class='ocrx_word' id='word_1_256' title='bbox 2995 1813 3027 1870; x_wconf 73' lang='grc' dir='ltr'>ὅ</span> <span class='ocrx_word' id='word_1_257' title='bbox 3092 1836 3276 1892; x_wconf 72' lang='grc' dir='ltr'><strong>φησιν,</strong></span> <span class='ocrx_word' id='word_1_258' title='bbox 3365 1814 3630 1870; x_wconf 80' lang='grc' dir='ltr'><strong>Ἐκάστου</strong></span> <span class='ocrx_word' id='word_1_259' title='bbox 3704 1815 3775 1870; x_wconf 81' lang='grc' dir='ltr'>τὸ</span> 
     </span>
    </p>
   </div>
   <div class='ocr_carea' id='block_1_47' title="bbox 2095 1895 3773 1977">
    <p class='ocr_par' dir='ltr' id='par_1_47' title="bbox 2095 1895 3773 1977">
     <span class='ocr_line' id='line_1_47' title="bbox 2095 1895 3773 1977; baseline 0.002 -23"><span class='ocrx_word' id='word_1_260' title='bbox 2095 1895 2249 1976; x_wconf 80' lang='grc' dir='ltr'>ἔργον</span> <span class='ocrx_word' id='word_1_261' title='bbox 2315 1900 2506 1956; x_wconf 88' lang='grc' dir='ltr'>όποῖὸν</span> <span class='ocrx_word' id='word_1_262' title='bbox 2580 1900 2715 1973; x_wconf 75' lang='grc' dir='ltr'>ἐστι,</span> <span class='ocrx_word' id='word_1_263' title='bbox 2756 1902 2821 1958; x_wconf 88' lang='grc' dir='ltr'><strong>τὸ</strong></span> <span class='ocrx_word' id='word_1_264' title='bbox 2885 1906 2993 1977; x_wconf 79' lang='grc' dir='ltr'>πῦρ</span> <span class='ocrx_word' id='word_1_265' title='bbox 3078 1899 3389 1976; x_wconf 82' lang='grc' dir='ltr'><strong>δοκιμάσει.</strong></span> <span class='ocrx_word' id='word_1_266' title='bbox 3447 1903 3773 1977; x_wconf 78' lang='grc' dir='ltr'><strong>Τριακοστή</strong></span> 
     </span>
    </p>
   </div>
   <div class='ocr_carea' id='block_1_48' title="bbox 2096 1990 3773 2070">
    <p class='ocr_par' dir='ltr' id='par_1_48' title="bbox 2096 1990 3773 2070">
     <span class='ocr_line' id='line_1_48' title="bbox 2096 1990 3773 2070; baseline 0.001 -22"><span class='ocrx_word' id='word_1_267' title='bbox 2096 1990 2320 2068; x_wconf 76' lang='grc' dir='ltr'><strong>δευτέρα</strong></span> <span class='ocrx_word' id='word_1_268' title='bbox 2350 1996 2385 2062; x_wconf 78' lang='grc' dir='ltr'>ἡ</span> <span class='ocrx_word' id='word_1_269' title='bbox 2418 1993 2641 2050; x_wconf 75' lang='grc' dir='ltr'>Παύλου</span> <span class='ocrx_word' id='word_1_270' title='bbox 2690 1998 2789 2051; x_wconf 82' lang='grc' dir='ltr'><strong>τοῦ</strong></span> <span class='ocrx_word' id='word_1_271' title='bbox 2840 1993 3224 2067; x_wconf 83' lang='grc' dir='ltr'><strong>Σαμοσατέως.</strong></span> <span class='ocrx_word' id='word_1_272' title='bbox 3255 1996 3566 2070; x_wconf 80' lang='grc' dir='ltr'><strong>Τρισκοστὴ</strong></span> <span class='ocrx_word' id='word_1_273' title='bbox 3595 1993 3773 2069; x_wconf 81' lang='grc' dir='ltr'>τρίτη</span> 
     </span>
    </p>
   </div>
   <div class='ocr_carea' id='block_1_49' title="bbox 2096 2078 3777 2159">
    <p class='ocr_par' dir='ltr' id='par_1_49' title="bbox 2096 2078 3777 2159">
     <span class='ocr_line' id='line_1_49' title="bbox 2096 2078 3777 2159; baseline 0.001 -22"><span class='ocrx_word' id='word_1_274' title='bbox 2096 2082 2131 2152; x_wconf 82' lang='grc' dir='ltr'>ἡ</span> <span class='ocrx_word' id='word_1_275' title='bbox 2182 2086 2291 2137; x_wconf 82' lang='grc' dir='ltr'>τῶν</span> <span class='ocrx_word' id='word_1_276' title='bbox 2365 2084 2685 2159; x_wconf 80' lang='grc' dir='ltr'><strong>Μανιχαίων</strong></span> <span class='ocrx_word' id='word_1_277' title='bbox 2743 2084 2835 2139; x_wconf 84' lang='grc' dir='ltr'>καὶ</span> <span class='ocrx_word' id='word_1_278' title='bbox 2894 2078 3241 2159; x_wconf 74' lang='grc' dir='ltr'><strong>Κουὸρίκων.</strong></span> <span class='ocrx_word' id='word_1_279' title='bbox 3297 2084 3614 2158; x_wconf 86' lang='grc' dir='ltr'><strong>Τριακοστή</strong></span> <span class='ocrx_word' id='word_1_280' title='bbox 3679 2105 3777 2139; x_wconf 78' lang='grc' dir='ltr'><strong>τε·</strong></span> 
     </span>
    </p>
   </div>
   <div class='ocr_carea' id='block_1_50' title="bbox 2094 2169 3779 2248">
    <p class='ocr_par' dir='ltr' id='par_1_50' title="bbox 2094 2169 3779 2248">
     <span class='ocr_line' id='line_1_50' title="bbox 2094 2169 3779 2248; baseline 0.001 -23"><span class='ocrx_word' id='word_1_281' title='bbox 2094 2169 2266 2245; x_wconf 79' lang='grc' dir='ltr'>τάρτη</span> <span class='ocrx_word' id='word_1_282' title='bbox 2325 2172 2361 2240; x_wconf 74' lang='grc' dir='ltr'>ἡ</span> <span class='ocrx_word' id='word_1_283' title='bbox 2410 2175 2521 2226; x_wconf 83' lang='grc' dir='ltr'>τῶν</span> <span class='ocrx_word' id='word_1_284' title='bbox 2562 2175 2891 2248; x_wconf 83' lang='grc' dir='ltr'><strong>Ἱερακιτῶν.</strong></span> <span class='ocrx_word' id='word_1_285' title='bbox 2952 2173 3267 2247; x_wconf 87' lang='grc' dir='ltr'><strong>Τριακοστή</strong></span> <span class='ocrx_word' id='word_1_286' title='bbox 3321 2171 3546 2244; x_wconf 80' lang='grc' dir='ltr'>πὲμπτη</span> <span class='ocrx_word' id='word_1_287' title='bbox 3578 2173 3615 2241; x_wconf 79' lang='grc' dir='ltr'>ἠ</span> <span class='ocrx_word' id='word_1_288' title='bbox 3649 2175 3779 2227; x_wconf 77' lang='grc' dir='ltr'><strong>τῶν</strong></span> 
     </span>
    </p>
   </div>
   <div class='ocr_carea' id='block_1_51' title="bbox 2101 2255 3772 2336">
    <p class='ocr_par' dir='ltr' id='par_1_51' title="bbox 2101 2255 3772 2336">
     <span class='ocr_line' id='line_1_51' title="bbox 2101 2255 3772 2336; baseline -0.001 -20"><span class='ocrx_word' id='word_1_289' title='bbox 2101 2255 2573 2331; x_wconf 80' lang='grc' dir='ltr'><strong>Κολλυριδιανῶν.</strong></span> <span class='ocrx_word' id='word_1_290' title='bbox 2615 2262 2928 2336; x_wconf 88' lang='grc' dir='ltr'><strong>Τριακοστή</strong></span> <span class='ocrx_word' id='word_1_291' title='bbox 2981 2256 3111 2330; x_wconf 66' lang='grc' dir='ltr'><strong>ἕκτη</strong></span> <span class='ocrx_word' id='word_1_292' title='bbox 3144 2263 3180 2330; x_wconf 78' lang='grc' dir='ltr'>ἡ</span> <span class='ocrx_word' id='word_1_293' title='bbox 3213 2264 3323 2316; x_wconf 78' lang='grc' dir='ltr'>τῶν</span> <span class='ocrx_word' id='word_1_294' title='bbox 3354 2258 3772 2318; x_wconf 81' lang='grc' dir='ltr'><strong>Μασσαλιανῶν</strong></span> 
     </span>
    </p>
   </div>
   <div class='ocr_carea' id='block_1_52' title="bbox 2093 2344 3774 2425">
    <p class='ocr_par' dir='ltr' id='par_1_52' title="bbox 2093 2344 3774 2425">
     <span class='ocr_line' id='line_1_52' title="bbox 2093 2344 3774 2425; baseline 0.001 -22"><span class='ocrx_word' id='word_1_295' title='bbox 2093 2349 2218 2417; x_wconf 75' lang='grc' dir='ltr'><strong>ἢτοι</strong></span> <span class='ocrx_word' id='word_1_296' title='bbox 2277 2347 2552 2424; x_wconf 78' lang='grc' dir='ltr'><strong>Εὖχιτῶν,</strong></span> <span class='ocrx_word' id='word_1_297' title='bbox 2611 2348 2663 2404; x_wconf 78' lang='grc' dir='ltr'><strong>ὲν</strong></span> <span class='ocrx_word' id='word_1_298' title='bbox 2723 2348 2761 2425; x_wconf 69' lang='grc' dir='ltr'><strong><em>ᾖ</em></strong></span> <span class='ocrx_word' id='word_1_299' title='bbox 2818 2349 2908 2405; x_wconf 80' lang='grc' dir='ltr'>καὶ</span> <span class='ocrx_word' id='word_1_300' title='bbox 2968 2349 3341 2423; x_wconf 82' lang='grc' dir='ltr'><strong>ἆπαρίθμησις</strong></span> <span class='ocrx_word' id='word_1_301' title='bbox 3386 2354 3494 2405; x_wconf 82' lang='grc' dir='ltr'><strong>τῶν</strong></span> <span class='ocrx_word' id='word_1_302' title='bbox 3543 2344 3774 2405; x_wconf 79' lang='grc' dir='ltr'><strong>ἂισεϐὣν</strong></span> 
     </span>
    </p>
   </div>
   <div class='ocr_carea' id='block_1_53' title="bbox 2095 2433 3771 2514">
    <p class='ocr_par' dir='ltr' id='par_1_53' title="bbox 2095 2433 3771 2514">
     <span class='ocr_line' id='line_1_53' title="bbox 2095 2433 3771 2514; baseline 0.001 -23"><span class='ocrx_word' id='word_1_303' title='bbox 2095 2433 2393 2513; x_wconf 83' lang='grc' dir='ltr'><strong>δογμάτων</strong></span> <span class='ocrx_word' id='word_1_304' title='bbox 2442 2443 2550 2507; x_wconf 81' lang='grc' dir='ltr'><strong>τῆς</strong></span> <span class='ocrx_word' id='word_1_305' title='bbox 2600 2437 2768 2508; x_wconf 80' lang='grc' dir='ltr'>αὐτῆς</span> <span class='ocrx_word' id='word_1_306' title='bbox 2828 2438 3108 2510; x_wconf 79' lang='grc' dir='ltr'><strong>αἱρέσεως.</strong></span> <span class='ocrx_word' id='word_1_307' title='bbox 3166 2439 3478 2514; x_wconf 89' lang='grc' dir='ltr'><strong>Τριακοστή</strong></span> <span class='ocrx_word' id='word_1_308' title='bbox 3539 2434 3771 2513; x_wconf 71' lang='grc' dir='ltr'><strong>ἑϐδόμη</strong></span> 
     </span>
    </p>
   </div>
   <div class='ocr_carea' id='block_1_54' title="bbox 2094 2524 3776 2603">
    <p class='ocr_par' dir='ltr' id='par_1_54' title="bbox 2094 2524 3776 2603">
     <span class='ocr_line' id='line_1_54' title="bbox 2094 2524 3776 2603; baseline 0.003 -24"><span class='ocrx_word' id='word_1_309' title='bbox 2094 2526 2130 2595; x_wconf 74' lang='grc' dir='ltr'>ἡ</span> <span class='ocrx_word' id='word_1_310' title='bbox 2190 2529 2300 2580; x_wconf 81' lang='grc' dir='ltr'><strong>τῶν</strong></span> <span class='ocrx_word' id='word_1_311' title='bbox 2361 2528 2756 2602; x_wconf 81' lang='grc' dir='ltr'><strong>Κηρινθιανῶν.</strong></span> <span class='ocrx_word' id='word_1_312' title='bbox 2814 2529 3120 2603; x_wconf 83' lang='grc' dir='ltr'><strong>Τριακοστή</strong></span> <span class='ocrx_word' id='word_1_313' title='bbox 3176 2524 3349 2603; x_wconf 83' lang='grc' dir='ltr'>ὀγδόη</span> <span class='ocrx_word' id='word_1_314' title='bbox 3408 2530 3444 2597; x_wconf 82' lang='grc' dir='ltr'><strong>ἡ</strong></span> <span class='ocrx_word' id='word_1_315' title='bbox 3483 2531 3593 2583; x_wconf 81' lang='grc' dir='ltr'><strong>τῶν</strong></span> <span class='ocrx_word' id='word_1_316' title='bbox 3622 2528 3776 2585; x_wconf 84' lang='grc' dir='ltr'><strong>Ἱκε-</strong></span> 
     </span>
    </p>
   </div>
   <div class='ocr_carea' id='block_1_55' title="bbox 2094 2615 3772 2692">
    <p class='ocr_par' dir='ltr' id='par_1_55' title="bbox 2094 2615 3772 2692">
     <span class='ocr_line' id='line_1_55' title="bbox 2094 2615 3772 2692; baseline 0.002 -22"><span class='ocrx_word' id='word_1_317' title='bbox 2094 2619 2200 2670; x_wconf 80' lang='grc' dir='ltr'><strong>τῶν</strong></span> <span class='ocrx_word' id='word_1_318' title='bbox 2251 2618 2331 2687; x_wconf 83' lang='grc'><strong>(2)</strong></span> <span class='ocrx_word' id='word_1_319' title='bbox 2389 2618 2720 2689; x_wconf 71' lang='grc' dir='ltr'><strong>ςὶκετικῶν).</strong></span> <span class='ocrx_word' id='word_1_320' title='bbox 2778 2618 3087 2692; x_wconf 86' lang='grc' dir='ltr'><strong>Τριακοστή</strong></span> <span class='ocrx_word' id='word_1_321' title='bbox 3148 2615 3334 2688; x_wconf 74' lang='grc' dir='ltr'>ἐινάτη</span> <span class='ocrx_word' id='word_1_322' title='bbox 3367 2619 3403 2687; x_wconf 79' lang='grc' dir='ltr'><strong>ἡ</strong></span> <span class='ocrx_word' id='word_1_323' title='bbox 3443 2621 3553 2673; x_wconf 82' lang='grc' dir='ltr'>τῶν</span> <span class='ocrx_word' id='word_1_324' title='bbox 3603 2623 3772 2674; x_wconf 87' lang='grc' dir='ltr'><strong>Γνω-</strong></span> 
     </span>
    </p>
   </div>
   <div class='ocr_carea' id='block_1_56' title="bbox 2095 2705 3771 2783">
    <p class='ocr_par' dir='ltr' id='par_1_56' title="bbox 2095 2705 3771 2783">
     <span class='ocr_line' id='line_1_56' title="bbox 2095 2705 3771 2783; baseline 0.002 -24"><span class='ocrx_word' id='word_1_325' title='bbox 2095 2705 2375 2780; x_wconf 84' lang='grc' dir='ltr'><strong>σιμάχων.</strong></span> <span class='ocrx_word' id='word_1_326' title='bbox 2436 2707 2853 2780; x_wconf 81' lang='grc' dir='ltr'><strong>Τεσσαρακοστή</strong></span> <span class='ocrx_word' id='word_1_327' title='bbox 2887 2708 2922 2776; x_wconf 83' lang='grc' dir='ltr'>ἡ</span> <span class='ocrx_word' id='word_1_328' title='bbox 2953 2709 3059 2761; x_wconf 80' lang='grc' dir='ltr'>τῶν</span> <span class='ocrx_word' id='word_1_329' title='bbox 3121 2709 3577 2783; x_wconf 81' lang='grc' dir='ltr'><strong>Θνητοψυχιτῶν.</strong></span> <span class='ocrx_word' id='word_1_330' title='bbox 3620 2709 3771 2764; x_wconf 87' lang='grc' dir='ltr'><strong>Τεσ-</strong></span> 
     </span>
    </p>
   </div>
   <div class='ocr_carea' id='block_1_57' title="bbox 2097 2795 3763 2872">
    <p class='ocr_par' dir='ltr' id='par_1_57' title="bbox 2097 2795 3763 2872">
     <span class='ocr_line' id='line_1_57' title="bbox 2097 2795 3763 2872; baseline 0.003 -25"><span class='ocrx_word' id='word_1_331' title='bbox 2097 2795 2404 2869; x_wconf 81' lang='grc' dir='ltr'><strong>σαρακοστὴ</strong></span> <span class='ocrx_word' id='word_1_332' title='bbox 2434 2795 2627 2870; x_wconf 82' lang='grc' dir='ltr'>πρώτη</span> <span class='ocrx_word' id='word_1_333' title='bbox 2682 2796 2718 2865; x_wconf 76' lang='grc' dir='ltr'><strong>ἡ</strong></span> <span class='ocrx_word' id='word_1_334' title='bbox 2767 2798 2876 2850; x_wconf 82' lang='grc' dir='ltr'><strong>τῶν</strong></span> <span class='ocrx_word' id='word_1_335' title='bbox 2908 2795 3295 2872; x_wconf 83' lang='grc' dir='ltr'>Χρυσολυτῶν.</span> <span class='ocrx_word' id='word_1_336' title='bbox 3328 2797 3763 2872; x_wconf 78' lang='grc' dir='ltr'><strong>Τεσσαρακοστὴ</strong></span> 
     </span>
    </p>
   </div>
   <div class='ocr_carea' id='block_1_58' title="bbox 332 2878 3762 2965">
    <p class='ocr_par' dir='ltr' id='par_1_58' title="bbox 332 2878 3762 2965">
     <span class='ocr_line' id='line_1_58' title="bbox 332 2878 3762 2965; baseline -0.001 -20"><span class='ocrx_word' id='word_1_337' title='bbox 332 2887 555 2965; x_wconf 67' lang='grc' dir='ltr'><strong>δευτέρα</strong></span> <span class='ocrx_word' id='word_1_338' title='bbox 581 2889 617 2958; x_wconf 76' lang='grc' dir='ltr'><strong>ἡ</strong></span> <span class='ocrx_word' id='word_1_339' title='bbox 648 2891 757 2944; x_wconf 80' lang='grc' dir='ltr'><strong>τῶν</strong></span> <span class='ocrx_word' id='word_1_340' title='bbox 795 2884 1192 2961; x_wconf 81' lang='grc' dir='ltr'><strong>Ἐθνοφρόνων.</strong></span> <span class='ocrx_word' id='word_1_341' title='bbox 1242 2880 1662 2957; x_wconf 78' lang='grc' dir='ltr'><strong>Τεσσαρακοστῆ</strong></span> <span class='ocrx_word' id='word_1_342' title='bbox 1716 2878 1874 2955; x_wconf 89' lang='grc' dir='ltr'>τρίτη</span> <span class='ocrx_word' id='word_1_343' title='bbox 1936 2882 1972 2951; x_wconf 81' lang='grc' dir='ltr'><strong>ἡ</strong></span> <span class='ocrx_word' id='word_1_344' title='bbox 2031 2886 2143 2938; x_wconf 83' lang='grc' dir='ltr'><strong>τῶν</strong></span> <span class='ocrx_word' id='word_1_345' title='bbox 2201 2885 2704 2958; x_wconf 83' lang='grc' dir='ltr'><strong>Παραρμηνευτῶν.</strong></span> <span class='ocrx_word' id='word_1_346' title='bbox 2739 2883 2837 2942; x_wconf 85' lang='grc' dir='ltr'><strong>Καὶ</strong></span> <span class='ocrx_word' id='word_1_347' title='bbox 2871 2885 3276 2961; x_wconf 85' lang='grc' dir='ltr'><strong>τεσσαρακοστή</strong></span> <span class='ocrx_word' id='word_1_348' title='bbox 3304 2884 3539 2961; x_wconf 82' lang='grc' dir='ltr'>τετάρτη</span> <span class='ocrx_word' id='word_1_349' title='bbox 3574 2887 3611 2956; x_wconf 78' lang='grc' dir='ltr'><strong>ἡ</strong></span> <span class='ocrx_word' id='word_1_350' title='bbox 3642 2891 3762 2941; x_wconf 82' lang='grc' dir='ltr'>τῶν</span> 
     </span>
    </p>
   </div>
   <div class='ocr_carea' id='block_1_59' title="bbox 335 2976 701 3035">
    <p class='ocr_par' dir='ltr' id='par_1_59' title="bbox 335 2976 701 3035">
     <span class='ocr_line' id='line_1_59' title="bbox 335 2976 701 3035; baseline -0.003 0"><span class='ocrx_word' id='word_1_351' title='bbox 335 2976 701 3035; x_wconf 83' lang='grc' dir='ltr'><strong>Μελιτιανῶν.</strong></span> 
     </span>
    </p>
   </div>
   <div class='ocr_carea' id='block_1_60' title="bbox 927 3109 1395 3181">
    <p class='ocr_par' dir='ltr' id='par_1_60' title="bbox 927 3109 1395 3181">
     <span class='ocr_line' id='line_1_60' title="bbox 927 3109 1395 3181; baseline -0.011 -13"><span class='ocrx_word' id='word_1_352' title='bbox 927 3111 1118 3168; x_wconf 82' lang='lat' dir='ltr'><strong>Tomus</strong></span> <span class='ocrx_word' id='word_1_353' title='bbox 1154 3109 1395 3181; x_wconf 83' lang='lat' dir='ltr'><strong>quintus.</strong></span> 
     </span>
    </p>
   </div>
   <div class='ocr_carea' id='block_1_61' title="bbox 407 3267 1993 3347">
    <p class='ocr_par' dir='ltr' id='par_1_61' title="bbox 407 3267 1993 3347">
     <span class='ocr_line' id='line_1_61' title="bbox 407 3267 1993 3347; baseline -0.008 -11"><span class='ocrx_word' id='word_1_354' title='bbox 407 3279 473 3336; x_wconf 90' lang='lat' dir='ltr'><strong>In</strong></span> <span class='ocrx_word' id='word_1_355' title='bbox 503 3277 614 3334; x_wconf 88' lang='lat' dir='ltr'><strong>hoc</strong></span> <span class='ocrx_word' id='word_1_356' title='bbox 643 3280 827 3345; x_wconf 89' lang='lat' dir='ltr'><strong>tomo,</strong></span> <span class='ocrx_word' id='word_1_357' title='bbox 852 3272 1107 3347; x_wconf 85' lang='lat' dir='ltr'><strong>primum</strong></span> <span class='ocrx_word' id='word_1_358' title='bbox 1139 3272 1210 3328; x_wconf 90' lang='lat' dir='ltr'><strong>de</strong></span> <span class='ocrx_word' id='word_1_359' title='bbox 1227 3270 1382 3339; x_wconf 82' lang='lat' dir='ltr'><strong>Ario,</strong></span> <span class='ocrx_word' id='word_1_360' title='bbox 1417 3270 1571 3326; x_wconf 87' lang='lat' dir='ltr'><strong>unde</strong></span> <span class='ocrx_word' id='word_1_361' title='bbox 1589 3267 1885 3342; x_wconf 74' lang='lat' dir='ltr'><strong>prodierit,</strong></span> <span class='ocrx_word' id='word_1_362' title='bbox 1919 3269 1993 3324; x_wconf 92' lang='lat' dir='ltr'><strong>de</strong></span> 
     </span>
    </p>
   </div>
   <div class='ocr_carea' id='block_1_62' title="bbox 335 3359 1991 3433">
    <p class='ocr_par' dir='ltr' id='par_1_62' title="bbox 335 3359 1991 3433">
     <span class='ocr_line' id='line_1_62' title="bbox 335 3359 1991 3433; baseline -0.008 -7"><span class='ocrx_word' id='word_1_363' title='bbox 335 3372 565 3426; x_wconf 87' lang='lat' dir='ltr'><strong>statura</strong></span> <span class='ocrx_word' id='word_1_364' title='bbox 594 3370 652 3424; x_wconf 87' lang='lat' dir='ltr'><strong>et</strong></span> <span class='ocrx_word' id='word_1_365' title='bbox 700 3363 967 3421; x_wconf 87' lang='lat' dir='ltr'><strong>moribus</strong></span> <span class='ocrx_word' id='word_1_366' title='bbox 1015 3363 1163 3433; x_wconf 85' lang='lat' dir='ltr'><strong>ejus,</strong></span> <span class='ocrx_word' id='word_1_367' title='bbox 1212 3361 1286 3417; x_wconf 90' lang='lat' dir='ltr'><strong>ds</strong></span> <span class='ocrx_word' id='word_1_368' title='bbox 1322 3360 1523 3432; x_wconf 82' lang='lat' dir='ltr'><strong>impiis</strong></span> <span class='ocrx_word' id='word_1_369' title='bbox 1554 3359 1817 3431; x_wconf 86' lang='lat' dir='ltr'><strong>ejusdem</strong></span> <span class='ocrx_word' id='word_1_370' title='bbox 1848 3359 1991 3431; x_wconf 84' lang='lat' dir='ltr'><strong>dog-</strong></span> 
     </span>
    </p>
   </div>
   <div class='ocr_carea' id='block_1_63' title="bbox 335 3446 1989 3528">
    <p class='ocr_par' dir='ltr' id='par_1_63' title="bbox 335 3446 1989 3528">
     <span class='ocr_line' id='line_1_63' title="bbox 335 3446 1989 3528; baseline -0.007 -13"><span class='ocrx_word' id='word_1_371' title='bbox 335 3458 591 3516; x_wconf 90' lang='lat' dir='ltr'><strong>matibus</strong></span> <span class='ocrx_word' id='word_1_372' title='bbox 620 3471 634 3512; x_wconf 89' lang='lat'><strong>:</strong></span> <span class='ocrx_word' id='word_1_373' title='bbox 668 3457 740 3512; x_wconf 91' lang='lat' dir='ltr'><strong>de</strong></span> <span class='ocrx_word' id='word_1_374' title='bbox 769 3453 1017 3528; x_wconf 77' lang='lat' dir='ltr'><strong>synodo,</strong></span> <span class='ocrx_word' id='word_1_375' title='bbox 1050 3467 1177 3525; x_wconf 71' lang='lat' dir='ltr'><strong>quas</strong></span> <span class='ocrx_word' id='word_1_376' title='bbox 1223 3450 1384 3508; x_wconf 89' lang='lat' dir='ltr'><strong>illius</strong></span> <span class='ocrx_word' id='word_1_377' title='bbox 1426 3466 1599 3506; x_wconf 89' lang='lat' dir='ltr'><strong>causa</strong></span> <span class='ocrx_word' id='word_1_378' title='bbox 1640 3448 1843 3505; x_wconf 66' lang='lat' dir='ltr'><strong>Nicaeae</strong></span> <span class='ocrx_word' id='word_1_379' title='bbox 1881 3446 1989 3504; x_wconf 91' lang='lat' dir='ltr'><strong>ha-</strong></span> 
     </span>
    </p>
   </div>
   <div class='ocr_carea' id='block_1_64' title="bbox 330 3538 1985 3617">
    <p class='ocr_par' dir='ltr' id='par_1_64' title="bbox 330 3538 1985 3617">
     <span class='ocr_line' id='line_1_64' title="bbox 330 3538 1985 3617; baseline -0.008 -11"><span class='ocrx_word' id='word_1_380' title='bbox 330 3549 454 3606; x_wconf 87' lang='lat' dir='ltr'><strong>bita</strong></span> <span class='ocrx_word' id='word_1_381' title='bbox 480 3552 616 3617; x_wconf 89' lang='lat' dir='ltr'><strong>est;</strong></span> <span class='ocrx_word' id='word_1_382' title='bbox 672 3548 744 3603; x_wconf 91' lang='lat' dir='ltr'><strong>de</strong></span> <span class='ocrx_word' id='word_1_383' title='bbox 802 3545 1186 3602; x_wconf 87' lang='lat' dir='ltr'><strong>subversione</strong></span> <span class='ocrx_word' id='word_1_384' title='bbox 1242 3548 1298 3598; x_wconf 89' lang='lat' dir='ltr'><strong>et</strong></span> <span class='ocrx_word' id='word_1_385' title='bbox 1356 3539 1735 3598; x_wconf 86' lang='lat' dir='ltr'><strong>damnatione</strong></span> <span class='ocrx_word' id='word_1_386' title='bbox 1792 3538 1920 3610; x_wconf 83' lang='lat' dir='ltr'><strong>eius</strong></span> <span class='ocrx_word' id='word_1_387' title='bbox 1970 3554 1985 3593; x_wconf 88' lang='lat'><strong>:</strong></span> 
     </span>
    </p>
   </div>
   <div class='ocr_carea' id='block_1_65' title="bbox 330 3629 1987 3712">
    <p class='ocr_par' dir='ltr' id='par_1_65' title="bbox 330 3629 1987 3712">
     <span class='ocr_line' id='line_1_65' title="bbox 330 3629 1987 3712; baseline -0.007 -14"><span class='ocrx_word' id='word_1_388' title='bbox 330 3643 504 3712; x_wconf 85' lang='lat' dir='ltr'><strong>atque</strong></span> <span class='ocrx_word' id='word_1_389' title='bbox 533 3638 754 3696; x_wconf 86' lang='lat' dir='ltr'><strong>ibidem</strong></span> <span class='ocrx_word' id='word_1_390' title='bbox 786 3635 1067 3693; x_wconf 87' lang='lat' dir='ltr'><strong>memoria</strong></span> <span class='ocrx_word' id='word_1_391' title='bbox 1094 3633 1301 3707; x_wconf 81' lang='lat' dir='ltr'><strong>synodi</strong></span> <span class='ocrx_word' id='word_1_392' title='bbox 1332 3631 1721 3688; x_wconf 86' lang='lat' dir='ltr'><strong>Ariminensis</strong></span> <span class='ocrx_word' id='word_1_393' title='bbox 1758 3648 1774 3699; x_wconf 85' lang='lat'><strong>;</strong></span> <span class='ocrx_word' id='word_1_394' title='bbox 1822 3629 1987 3687; x_wconf 87' lang='lat' dir='ltr'><strong>simi-</strong></span> 
     </span>
    </p>
   </div>
   <div class='ocr_carea' id='block_1_66' title="bbox 326 3720 1976 3802">
    <p class='ocr_par' dir='ltr' id='par_1_66' title="bbox 326 3720 1976 3802">
     <span class='ocr_line' id='line_1_66' title="bbox 326 3720 1976 3802; baseline -0.005 -17"><span class='ocrx_word' id='word_1_395' title='bbox 326 3729 575 3802; x_wconf 88' lang='lat' dir='ltr'><strong>literque</strong></span> <span class='ocrx_word' id='word_1_396' title='bbox 606 3729 678 3785; x_wconf 91' lang='lat' dir='ltr'><strong>de</strong></span> <span class='ocrx_word' id='word_1_397' title='bbox 708 3728 934 3801; x_wconf 79' lang='lat' dir='ltr'><strong>synodo</strong></span> <span class='ocrx_word' id='word_1_398' title='bbox 965 3724 1244 3782; x_wconf 63' lang='lat' dir='ltr'><strong>Seleucia</strong></span> <span class='ocrx_word' id='word_1_399' title='bbox 1284 3722 1603 3779; x_wconf 86' lang='lat' dir='ltr'><strong>celebrata.</strong></span> <span class='ocrx_word' id='word_1_400' title='bbox 1653 3720 1868 3777; x_wconf 78' lang='lat' dir='ltr'><strong>Deinde</strong></span> <span class='ocrx_word' id='word_1_401' title='bbox 1894 3736 1976 3776; x_wconf 86' lang='lat' dir='ltr'><strong>re-</strong></span> 
     </span>
    </p>
   </div>
   <div class='ocr_carea' id='block_1_67' title="bbox 326 3807 1986 3891">
    <p class='ocr_par' dir='ltr' id='par_1_67' title="bbox 326 3807 1986 3891">
     <span class='ocr_line' id='line_1_67' title="bbox 326 3807 1986 3891; baseline -0.009 -12"><span class='ocrx_word' id='word_1_402' title='bbox 326 3821 532 3879; x_wconf 86' lang='lat' dir='ltr'><strong>futatio</strong></span> <span class='ocrx_word' id='word_1_403' title='bbox 564 3820 693 3891; x_wconf 90' lang='lat' dir='ltr'><strong>ejus</strong></span> <span class='ocrx_word' id='word_1_404' title='bbox 724 3834 759 3873; x_wconf 91' lang='lat' dir='ltr'><strong>a</strong></span> <span class='ocrx_word' id='word_1_405' title='bbox 789 3814 958 3873; x_wconf 86' lang='lat' dir='ltr'><strong>nobis</strong></span> <span class='ocrx_word' id='word_1_406' title='bbox 988 3815 1293 3870; x_wconf 89' lang='lat' dir='ltr'><strong>adornata.</strong></span> <span class='ocrx_word' id='word_1_407' title='bbox 1325 3811 1535 3868; x_wconf 85' lang='lat' dir='ltr'><strong>Postea</strong></span> <span class='ocrx_word' id='word_1_408' title='bbox 1590 3807 1883 3866; x_wconf 83' lang='lat' dir='ltr'><strong>enarratio</strong></span> <span class='ocrx_word' id='word_1_409' title='bbox 1912 3807 1986 3864; x_wconf 88' lang='lat' dir='ltr'><strong>de</strong></span> 
     </span>
    </p>
   </div>
   <div class='ocr_carea' id='block_1_68' title="bbox 329 3897 1984 3974">
    <p class='ocr_par' dir='ltr' id='par_1_68' title="bbox 329 3897 1984 3974">
     <span class='ocr_line' id='line_1_68' title="bbox 329 3897 1984 3974; baseline -0.009 -7"><span class='ocrx_word' id='word_1_410' title='bbox 329 3910 508 3967; x_wconf 86' lang='lat' dir='ltr'><strong>rebus</strong></span> <span class='ocrx_word' id='word_1_411' title='bbox 542 3907 697 3964; x_wconf 80' lang='lat' dir='ltr'><strong>Aetii</strong></span> <span class='ocrx_word' id='word_1_412' title='bbox 726 3910 785 3963; x_wconf 89' lang='lat' dir='ltr'><strong>et</strong></span> <span class='ocrx_word' id='word_1_413' title='bbox 832 3903 1126 3961; x_wconf 87' lang='lat' dir='ltr'><strong>Eunomii.</strong></span> <span class='ocrx_word' id='word_1_414' title='bbox 1176 3901 1462 3974; x_wconf 86' lang='lat' dir='ltr'><strong>Deinceps</strong></span> <span class='ocrx_word' id='word_1_415' title='bbox 1510 3898 1717 3972; x_wconf 86' lang='lat' dir='ltr'><strong>capita,</strong></span> <span class='ocrx_word' id='word_1_416' title='bbox 1768 3897 1984 3969; x_wconf 82' lang='lat' dir='ltr'><strong>quibus</strong></span> 
     </span>
    </p>
   </div>
   <div class='ocr_carea' id='block_1_69' title="bbox 325 3991 1981 4073">
    <p class='ocr_par' dir='ltr' id='par_1_69' title="bbox 325 3991 1981 4073">
     <span class='ocr_line' id='line_1_69' title="bbox 325 3991 1981 4073; baseline -0.008 -18"><span class='ocrx_word' id='word_1_417' title='bbox 325 3997 699 4073; x_wconf 84' lang='lat' dir='ltr'><strong>(Eunomius)</strong></span> <span class='ocrx_word' id='word_1_418' title='bbox 731 3996 978 4067; x_wconf 87' lang='lat' dir='ltr'><strong>probare</strong></span> <span class='ocrx_word' id='word_1_419' title='bbox 1010 3993 1245 4056; x_wconf 86' lang='lat' dir='ltr'><strong>nititur,</strong></span> <span class='ocrx_word' id='word_1_420' title='bbox 1309 3991 1516 4045; x_wconf 76' lang='lat' dir='ltr'><strong>Filium</strong></span> <span class='ocrx_word' id='word_1_421' title='bbox 1578 3997 1699 4058; x_wconf 85' lang='lat' dir='ltr'><strong>post</strong></span> <span class='ocrx_word' id='word_1_422' title='bbox 1753 3991 1981 4042; x_wconf 86' lang='lat' dir='ltr'><strong>Patrem</strong></span> 
     </span>
    </p>
   </div>
   <div class='ocr_carea' id='block_1_70' title="bbox 323 4075 1982 4147">
    <p class='ocr_par' dir='ltr' id='par_1_70' title="bbox 323 4075 1982 4147">
     <span class='ocr_line' id='line_1_70' title="bbox 323 4075 1982 4147; baseline -0.008 -3"><span class='ocrx_word' id='word_1_423' title='bbox 323 4091 516 4143; x_wconf 90' lang='lat' dir='ltr'><strong>ortum</strong></span> <span class='ocrx_word' id='word_1_424' title='bbox 550 4090 608 4142; x_wconf 89' lang='lat' dir='ltr'><strong>et</strong></span> <span class='ocrx_word' id='word_1_425' title='bbox 639 4089 971 4140; x_wconf 76' lang='lat' dir='ltr'><strong>creaturam</strong></span> <span class='ocrx_word' id='word_1_426' title='bbox 1013 4097 1163 4137; x_wconf 90' lang='lat' dir='ltr'><strong>esse.</strong></span> <span class='ocrx_word' id='word_1_427' title='bbox 1213 4078 1335 4135; x_wconf 91' lang='lat' dir='ltr'><strong>Sub</strong></span> <span class='ocrx_word' id='word_1_428' title='bbox 1395 4078 1515 4133; x_wconf 67' lang='lat' dir='ltr'><strong>haec</strong></span> <span class='ocrx_word' id='word_1_429' title='bbox 1560 4075 1982 4147; x_wconf 72' lang='lat' dir='ltr'><strong>propositiones</strong></span> 
     </span>
    </p>
   </div>
   <div class='ocr_carea' id='block_1_71' title="bbox 326 4167 1976 4248">
    <p class='ocr_par' dir='ltr' id='par_1_71' title="bbox 326 4167 1976 4248">
     <span class='ocr_line' id='line_1_71' title="bbox 326 4167 1976 4248; baseline -0.007 -16"><span class='ocrx_word' id='word_1_430' title='bbox 326 4176 594 4248; x_wconf 65' lang='lat' dir='ltr'><strong>quendam</strong></span> <span class='ocrx_word' id='word_1_431' title='bbox 627 4172 907 4229; x_wconf 58' lang='lat' dir='ltr'><strong>harelica:</strong></span> <span class='ocrx_word' id='word_1_432' title='bbox 936 4171 1085 4227; x_wconf 84' lang='lat' dir='ltr'><strong>Aetii</strong></span> <span class='ocrx_word' id='word_1_433' title='bbox 1119 4175 1175 4225; x_wconf 87' lang='lat' dir='ltr'><strong>et</strong></span> <span class='ocrx_word' id='word_1_434' title='bbox 1205 4167 1494 4236; x_wconf 85' lang='lat' dir='ltr'><strong>Eunomii,</strong></span> <span class='ocrx_word' id='word_1_435' title='bbox 1527 4182 1847 4237; x_wconf 87' lang='lat' dir='ltr'><strong>earumque</strong></span> <span class='ocrx_word' id='word_1_436' title='bbox 1888 4181 1976 4221; x_wconf 86' lang='lat' dir='ltr'><strong>re-</strong></span> 
     </span>
    </p>
   </div>
   <div class='ocr_carea' id='block_1_72' title="bbox 321 4254 1977 4331">
    <p class='ocr_par' dir='ltr' id='par_1_72' title="bbox 321 4254 1977 4331">
     <span class='ocr_line' id='line_1_72' title="bbox 321 4254 1977 4331; baseline -0.007 -9"><span class='ocrx_word' id='word_1_437' title='bbox 321 4266 639 4322; x_wconf 80' lang='lat' dir='ltr'><strong>fulationes</strong></span> <span class='ocrx_word' id='word_1_438' title='bbox 670 4281 705 4318; x_wconf 88' lang='lat' dir='ltr'><strong>a</strong></span> <span class='ocrx_word' id='word_1_439' title='bbox 735 4262 903 4318; x_wconf 85' lang='lat' dir='ltr'><strong>nobis</strong></span> <span class='ocrx_word' id='word_1_440' title='bbox 932 4259 1279 4331; x_wconf 66' lang='lat' dir='ltr'><strong>conscriptis</strong></span> <span class='ocrx_word' id='word_1_441' title='bbox 1311 4274 1325 4313; x_wconf 89' lang='lat'><strong>:</strong></span> <span class='ocrx_word' id='word_1_442' title='bbox 1361 4261 1418 4314; x_wconf 90' lang='lat' dir='ltr'><strong>et</strong></span> <span class='ocrx_word' id='word_1_443' title='bbox 1447 4260 1649 4330; x_wconf 84' lang='lat' dir='ltr'><strong>postea</strong></span> <span class='ocrx_word' id='word_1_444' title='bbox 1685 4254 1814 4313; x_wconf 90' lang='lat' dir='ltr'><strong>loca</strong></span> <span class='ocrx_word' id='word_1_445' title='bbox 1842 4272 1977 4311; x_wconf 89' lang='lat' dir='ltr'><strong>san-</strong></span> 
     </span>
    </p>
   </div>
   <div class='ocr_carea' id='block_1_73' title="bbox 325 4351 847 4412">
    <p class='ocr_par' dir='ltr' id='par_1_73' title="bbox 325 4351 847 4412">
     <span class='ocr_line' id='line_1_73' title="bbox 325 4351 847 4412; baseline -0.011 0"><span class='ocrx_word' id='word_1_446' title='bbox 325 4360 551 4412; x_wconf 89' lang='lat' dir='ltr'><strong>ctorum</strong></span> <span class='ocrx_word' id='word_1_447' title='bbox 586 4351 847 4408; x_wconf 89' lang='lat' dir='ltr'><strong>Patrum.</strong></span> 
     </span>
    </p>
   </div>
   <div class='ocr_carea' id='block_1_74' title="bbox 934 4548 1362 4605">
    <p class='ocr_par' dir='ltr' id='par_1_74' title="bbox 934 4548 1362 4605">
     <span class='ocr_line' id='line_1_74' title="bbox 934 4548 1362 4605; baseline -0.012 0"><span class='ocrx_word' id='word_1_448' title='bbox 934 4549 1127 4605; x_wconf 85' lang='lat' dir='ltr'><strong>Tomus</strong></span> <span class='ocrx_word' id='word_1_449' title='bbox 1154 4548 1362 4603; x_wconf 72' lang='lat' dir='ltr'><strong>sextus.</strong></span> 
     </span>
    </p>
   </div>
   <div class='ocr_carea' id='block_1_75' title="bbox 395 4668 1984 4742">
    <p class='ocr_par' dir='ltr' id='par_1_75' title="bbox 395 4668 1984 4742">
     <span class='ocr_line' id='line_1_75' title="bbox 395 4668 1984 4742; baseline -0.007 -6"><span class='ocrx_word' id='word_1_450' title='bbox 395 4684 478 4737; x_wconf 91' lang='lat' dir='ltr'><strong>De</strong></span> <span class='ocrx_word' id='word_1_451' title='bbox 536 4673 875 4733; x_wconf 89' lang='lat' dir='ltr'><strong>Macedonio</strong></span> <span class='ocrx_word' id='word_1_452' title='bbox 929 4669 1481 4739; x_wconf 88' lang='lat' dir='ltr'><strong>Pneumatomacho,</strong></span> <span class='ocrx_word' id='word_1_453' title='bbox 1540 4669 1659 4727; x_wconf 85' lang='lat' dir='ltr'><strong>sive</strong></span> <span class='ocrx_word' id='word_1_454' title='bbox 1731 4668 1984 4742; x_wconf 88' lang='lat' dir='ltr'><strong>Spiritus</strong></span> 
     </span>
    </p>
   </div>
   <div class='ocr_carea' id='block_1_76' title="bbox 324 4759 1985 4826">
    <p class='ocr_par' dir='ltr' id='par_1_76' title="bbox 324 4759 1985 4826">
     <span class='ocr_line' id='line_1_76' title="bbox 324 4759 1985 4826; baseline -0.007 0"><span class='ocrx_word' id='word_1_455' title='bbox 324 4768 517 4826; x_wconf 88' lang='lat' dir='ltr'><strong>sancti</strong></span> <span class='ocrx_word' id='word_1_456' title='bbox 575 4768 764 4823; x_wconf 87' lang='lat' dir='ltr'><strong>hoste.</strong></span> <span class='ocrx_word' id='word_1_457' title='bbox 823 4765 887 4820; x_wconf 90' lang='lat' dir='ltr'><strong>In</strong></span> <span class='ocrx_word' id='word_1_458' title='bbox 947 4762 1057 4818; x_wconf 90' lang='lat' dir='ltr'><strong>hoc</strong></span> <span class='ocrx_word' id='word_1_459' title='bbox 1113 4765 1271 4817; x_wconf 88' lang='lat' dir='ltr'><strong>tomo</strong></span> <span class='ocrx_word' id='word_1_460' title='bbox 1329 4759 1543 4815; x_wconf 89' lang='lat' dir='ltr'><strong>iterum</strong></span> <span class='ocrx_word' id='word_1_461' title='bbox 1624 4768 1985 4815; x_wconf 84' lang='lat' dir='ltr'><strong>memoratur</strong></span> 
     </span>
    </p>
   </div>
   <div class='ocr_carea' id='block_1_77' title="bbox 325 4849 1982 4926">
    <p class='ocr_par' dir='ltr' id='par_1_77' title="bbox 325 4849 1982 4926">
     <span class='ocr_line' id='line_1_77' title="bbox 325 4849 1982 4926; baseline -0.004 -13"><span class='ocrx_word' id='word_1_462' title='bbox 325 4862 502 4915; x_wconf 81' lang='lat' dir='ltr'><strong>Arius</strong></span> <span class='ocrx_word' id='word_1_463' title='bbox 528 4863 589 4914; x_wconf 91' lang='lat' dir='ltr'><strong>et</strong></span> <span class='ocrx_word' id='word_1_464' title='bbox 616 4858 747 4926; x_wconf 86' lang='lat' dir='ltr'><strong>ejus</strong></span> <span class='ocrx_word' id='word_1_465' title='bbox 776 4852 1013 4911; x_wconf 65' lang='lat' dir='ltr'><strong>assecla</strong></span> <span class='ocrx_word' id='word_1_466' title='bbox 1049 4877 1064 4921; x_wconf 87' lang='lat'><strong>;</strong></span> <span class='ocrx_word' id='word_1_467' title='bbox 1094 4857 1222 4907; x_wconf 88' lang='lat' dir='ltr'><strong>tum</strong></span> <span class='ocrx_word' id='word_1_468' title='bbox 1252 4852 1369 4906; x_wconf 91' lang='lat' dir='ltr'><strong>duo</strong></span> <span class='ocrx_word' id='word_1_469' title='bbox 1404 4849 1659 4915; x_wconf 86' lang='lat' dir='ltr'><strong>Eusebii,</strong></span> <span class='ocrx_word' id='word_1_470' title='bbox 1711 4849 1982 4907; x_wconf 85' lang='lat' dir='ltr'><strong>Nicomo-</strong></span> 
     </span>
    </p>
   </div>
   <div class='ocr_carea' id='block_1_78' title="bbox 327 4936 1981 5014">
    <p class='ocr_par' dir='ltr' id='par_1_78' title="bbox 327 4936 1981 5014">
     <span class='ocr_line' id='line_1_78' title="bbox 327 4936 1981 5014; baseline -0.007 -9"><span class='ocrx_word' id='word_1_471' title='bbox 327 4948 552 5005; x_wconf 88' lang='lat' dir='ltr'><strong>diensis</strong></span> <span class='ocrx_word' id='word_1_472' title='bbox 579 4944 848 5002; x_wconf 88' lang='lat' dir='ltr'><strong>videlicet</strong></span> <span class='ocrx_word' id='word_1_473' title='bbox 874 4947 933 4999; x_wconf 84' lang='lat' dir='ltr'><strong>et</strong></span> <span class='ocrx_word' id='word_1_474' title='bbox 978 4942 1049 5006; x_wconf 90' lang='lat' dir='ltr'><strong>is,</strong></span> <span class='ocrx_word' id='word_1_475' title='bbox 1083 4940 1183 5014; x_wconf 89' lang='lat' dir='ltr'><strong>qui</strong></span> <span class='ocrx_word' id='word_1_476' title='bbox 1211 4939 1269 4995; x_wconf 87' lang='lat' dir='ltr'><strong>in</strong></span> <span class='ocrx_word' id='word_1_477' title='bbox 1302 4942 1558 4995; x_wconf 75' lang='lat' dir='ltr'><strong>Caesarea</strong></span> <span class='ocrx_word' id='word_1_478' title='bbox 1606 4936 1922 4994; x_wconf 61' lang='lat' dir='ltr'><strong>Palestina;</strong></span> <span class='ocrx_word' id='word_1_479' title='bbox 1965 4953 1981 4994; x_wconf 91' lang='lat'><strong>:</strong></span> 
     </span>
    </p>
   </div>
   <div class='ocr_carea' id='block_1_79' title="bbox 327 5028 1982 5101">
    <p class='ocr_par' dir='ltr' id='par_1_79' title="bbox 327 5028 1982 5101">
     <span class='ocr_line' id='line_1_79' title="bbox 327 5028 1982 5101; baseline -0.007 -7"><span class='ocrx_word' id='word_1_480' title='bbox 327 5038 400 5094; x_wconf 89' lang='lat' dir='ltr'><strong>de</strong></span> <span class='ocrx_word' id='word_1_481' title='bbox 430 5037 489 5093; x_wconf 89' lang='lat' dir='ltr'><strong>S.</strong></span> <span class='ocrx_word' id='word_1_482' title='bbox 525 5033 849 5091; x_wconf 83' lang='lat' dir='ltr'><strong>Athanasio</strong></span> <span class='ocrx_word' id='word_1_483' title='bbox 894 5049 907 5088; x_wconf 93' lang='lat'>:</span> <span class='ocrx_word' id='word_1_484' title='bbox 942 5033 1015 5088; x_wconf 90' lang='lat' dir='ltr'><strong>de</strong></span> <span class='ocrx_word' id='word_1_485' title='bbox 1033 5031 1093 5088; x_wconf 91' lang='lat' dir='ltr'><strong>S.</strong></span> <span class='ocrx_word' id='word_1_486' title='bbox 1142 5029 1316 5087; x_wconf 84' lang='lat' dir='ltr'><strong>Paulo</strong></span> <span class='ocrx_word' id='word_1_487' title='bbox 1365 5028 1716 5085; x_wconf 86' lang='lat' dir='ltr'><strong>confessore.</strong></span> <span class='ocrx_word' id='word_1_488' title='bbox 1772 5032 1847 5083; x_wconf 90' lang='lat' dir='ltr'><strong>De</strong></span> <span class='ocrx_word' id='word_1_489' title='bbox 1887 5044 1982 5101; x_wconf 78' lang='lat' dir='ltr'><strong>sy-</strong></span> 
     </span>
    </p>
   </div>
   <div class='ocr_carea' id='block_1_80' title="bbox 330 5115 1982 5181">
    <p class='ocr_par' dir='ltr' id='par_1_80' title="bbox 330 5115 1982 5181">
     <span class='ocr_line' id='line_1_80' title="bbox 330 5115 1982 5181; baseline -0.005 0"><span class='ocrx_word' id='word_1_490' title='bbox 330 5125 485 5181; x_wconf 91' lang='lat' dir='ltr'><strong>nodo</strong></span> <span class='ocrx_word' id='word_1_491' title='bbox 512 5123 861 5180; x_wconf 86' lang='lat' dir='ltr'><strong>Sardieensi.</strong></span> <span class='ocrx_word' id='word_1_492' title='bbox 912 5122 1001 5177; x_wconf 92' lang='lat' dir='ltr'><strong>De</strong></span> <span class='ocrx_word' id='word_1_493' title='bbox 1074 5118 1442 5177; x_wconf 78' lang='lat' dir='ltr'><strong>restitutione</strong></span> <span class='ocrx_word' id='word_1_494' title='bbox 1498 5115 1823 5174; x_wconf 80' lang='lat' dir='ltr'><strong>Macedonii</strong></span> <span class='ocrx_word' id='word_1_495' title='bbox 1918 5115 1982 5173; x_wconf 88' lang='lat' dir='ltr'><strong>in</strong></span> 
     </span>
    </p>
   </div>
   <div class='ocr_carea' id='block_1_81' title="bbox 328 5204 1982 5281">
    <p class='ocr_par' dir='ltr' id='par_1_81' title="bbox 328 5204 1982 5281">
     <span class='ocr_line' id='line_1_81' title="bbox 328 5204 1982 5281; baseline -0.005 -11"><span class='ocrx_word' id='word_1_496' title='bbox 328 5214 612 5270; x_wconf 86' lang='lat' dir='ltr'><strong>thronum</strong></span> <span class='ocrx_word' id='word_1_497' title='bbox 640 5208 1379 5281; x_wconf 87' lang='lat' dir='ltr'><strong>Constantinopolitanum,</strong></span> <span class='ocrx_word' id='word_1_498' title='bbox 1410 5211 1469 5263; x_wconf 87' lang='lat' dir='ltr'><strong>et</strong></span> <span class='ocrx_word' id='word_1_499' title='bbox 1497 5206 1570 5262; x_wconf 89' lang='lat' dir='ltr'><strong>de</strong></span> <span class='ocrx_word' id='word_1_500' title='bbox 1594 5205 1724 5277; x_wconf 86' lang='lat' dir='ltr'><strong>ejus</strong></span> <span class='ocrx_word' id='word_1_501' title='bbox 1753 5204 1813 5260; x_wconf 90' lang='lat' dir='ltr'><strong>in</strong></span> <span class='ocrx_word' id='word_1_502' title='bbox 1842 5221 1982 5262; x_wconf 85' lang='lat' dir='ltr'><strong>san-</strong></span> 
     </span>
    </p>
   </div>
   <div class='ocr_carea' id='block_1_82' title="bbox 330 5295 1982 5370">
    <p class='ocr_par' dir='ltr' id='par_1_82' title="bbox 330 5295 1982 5370">
     <span class='ocr_line' id='line_1_82' title="bbox 330 5295 1982 5370; baseline -0.004 -12"><span class='ocrx_word' id='word_1_503' title='bbox 330 5307 486 5359; x_wconf 87' lang='lat' dir='ltr'><strong>ctam</strong></span> <span class='ocrx_word' id='word_1_504' title='bbox 543 5300 895 5357; x_wconf 86' lang='lat' dir='ltr'><strong>Trinitatem</strong></span> <span class='ocrx_word' id='word_1_505' title='bbox 950 5297 1313 5370; x_wconf 87' lang='lat' dir='ltr'><strong>blasphemis</strong></span> <span class='ocrx_word' id='word_1_506' title='bbox 1358 5297 1554 5362; x_wconf 88' lang='lat' dir='ltr'><strong>dictis,</strong></span> <span class='ocrx_word' id='word_1_507' title='bbox 1613 5295 1982 5369; x_wconf 83' lang='lat' dir='ltr'><strong>maximeque</strong></span> 
     </span>
    </p>
   </div>
   <div class='ocr_carea' id='block_1_83' title="bbox 328 5385 1981 5459">
    <p class='ocr_par' dir='ltr' id='par_1_83' title="bbox 328 5385 1981 5459">
     <span class='ocr_line' id='line_1_83' title="bbox 328 5385 1981 5459; baseline -0.002 -14"><span class='ocrx_word' id='word_1_508' title='bbox 328 5388 392 5446; x_wconf 87' lang='lat' dir='ltr'><strong>in</strong></span> <span class='ocrx_word' id='word_1_509' title='bbox 414 5392 686 5445; x_wconf 88' lang='lat' dir='ltr'><strong>sanctum</strong></span> <span class='ocrx_word' id='word_1_510' title='bbox 705 5387 1009 5459; x_wconf 89' lang='lat' dir='ltr'><strong>Spiritum.</strong></span> <span class='ocrx_word' id='word_1_511' title='bbox 1039 5385 1259 5444; x_wconf 87' lang='lat' dir='ltr'><strong>Deinde</strong></span> <span class='ocrx_word' id='word_1_512' title='bbox 1280 5394 1476 5443; x_wconf 84' lang='lat' dir='ltr'><strong>autem</strong></span> <span class='ocrx_word' id='word_1_513' title='bbox 1499 5385 1810 5455; x_wconf 83' lang='lat' dir='ltr'><strong>enarratio,</strong></span> <span class='ocrx_word' id='word_1_514' title='bbox 1835 5400 1981 5458; x_wconf 84' lang='lat' dir='ltr'><strong>quo-</strong></span> 
     </span>
    </p>
   </div>
   <div class='ocr_carea' id='block_1_84' title="bbox 400 5567 824 5631">
    <p class='ocr_par' dir='ltr' id='par_1_84' title="bbox 400 5567 824 5631">
     <span class='ocr_line' id='line_1_84' title="bbox 400 5567 824 5631; baseline 0.005 -8"><span class='ocrx_word' id='word_1_515' title='bbox 400 5568 425 5623; x_wconf 93' lang='lat' dir='ltr'>I</span> <span class='ocrx_word' id='word_1_516' title='bbox 454 5567 588 5628; x_wconf 85' lang='lat' dir='ltr'><strong>Cor.</strong></span> <span class='ocrx_word' id='word_1_517' title='bbox 620 5587 703 5631; x_wconf 80' lang='grc' dir='ltr'><strong>ιιι.</strong></span> <span class='ocrx_word' id='word_1_518' title='bbox 735 5570 824 5628; x_wconf 70' lang='lat' dir='ltr'><strong>i3.</strong></span> 
     </span>
    </p>
   </div>
   <div class='ocr_carea' id='block_1_85' title="bbox 2011 4499 2059 4566">
    <p class='ocr_par' dir='ltr' id='par_1_85' title="bbox 2011 4499 2059 4566">
     <span class='ocr_line' id='line_1_85' title="bbox 2011 4499 2059 4566; baseline 0 0"><span class='ocrx_word' id='word_1_519' title='bbox 2011 4499 2059 4566; x_wconf 93' lang='lat' dir='ltr'><strong>D</strong></span> 
     </span>
    </p>
   </div>
   <div class='ocr_carea' id='block_1_86' title="bbox 2672 3106 3180 3183">
    <p class='ocr_par' dir='ltr' id='par_1_86' title="bbox 2672 3106 3180 3183">
     <span class='ocr_line' id='line_1_86' title="bbox 2672 3106 3180 3183; baseline 0.006 -20"><span class='ocrx_word' id='word_1_520' title='bbox 2672 3106 2853 3182; x_wconf 87' lang='grc' dir='ltr'><strong>Τόμος</strong></span> <span class='ocrx_word' id='word_1_521' title='bbox 2910 3107 3180 3183; x_wconf 76' lang='grc' dir='ltr'><strong>πέμπτος.</strong></span> 
     </span>
    </p>
   </div>
   <div class='ocr_carea' id='block_1_87' title="bbox 2170 3260 3741 3350">
    <p class='ocr_par' dir='ltr' id='par_1_87' title="bbox 2170 3260 3741 3350">
     <span class='ocr_line' id='line_1_87' title="bbox 2170 3260 3741 3350; baseline -0.001 -23"><span class='ocrx_word' id='word_1_522' title='bbox 2170 3270 2262 3327; x_wconf 86' lang='grc' dir='ltr'>Ἐν</span> <span class='ocrx_word' id='word_1_523' title='bbox 2318 3273 2399 3343; x_wconf 81' lang='grc' dir='ltr'>τῷ</span> <span class='ocrx_word' id='word_1_524' title='bbox 2453 3269 2691 3345; x_wconf 65' lang='grc' dir='ltr'>τοιούτῳ</span> <span class='ocrx_word' id='word_1_525' title='bbox 2746 3276 2968 3347; x_wconf 82' lang='grc' dir='ltr'>πρῶτον</span> <span class='ocrx_word' id='word_1_526' title='bbox 3019 3272 3144 3348; x_wconf 77' lang='grc' dir='ltr'>περὶ</span> <span class='ocrx_word' id='word_1_527' title='bbox 3178 3260 3302 3330; x_wconf 74' lang='grc' dir='ltr'><strong>¹τοῖ’)</strong></span> <span class='ocrx_word' id='word_1_528' title='bbox 3361 3271 3584 3350; x_wconf 79' lang='grc' dir='ltr'><strong>Ἀρείου,</strong></span> <span class='ocrx_word' id='word_1_529' title='bbox 3616 3271 3741 3335; x_wconf 80' lang='grc' dir='ltr'><strong>ὃθεν</strong></span> 
     </span>
    </p>
   </div>
   <div class='ocr_carea' id='block_1_88' title="bbox 2097 3355 3755 3437">
    <p class='ocr_par' dir='ltr' id='par_1_88' title="bbox 2097 3355 3755 3437">
     <span class='ocr_line' id='line_1_88' title="bbox 2097 3355 3755 3437; baseline 0.002 -24"><span class='ocrx_word' id='word_1_530' title='bbox 2097 3355 2376 3436; x_wconf 80' lang='grc' dir='ltr'><strong>ὥρμηται,</strong></span> <span class='ocrx_word' id='word_1_531' title='bbox 2409 3359 2499 3416; x_wconf 80' lang='grc' dir='ltr'><strong>καὶ</strong></span> <span class='ocrx_word' id='word_1_532' title='bbox 2530 3361 2653 3437; x_wconf 83' lang='grc' dir='ltr'><strong>περὶ</strong></span> <span class='ocrx_word' id='word_1_533' title='bbox 2711 3367 2812 3432; x_wconf 84' lang='grc' dir='ltr'>τῆς</span> <span class='ocrx_word' id='word_1_534' title='bbox 2868 3360 3093 3432; x_wconf 76' lang='grc' dir='ltr'>ἡλικίας</span> <span class='ocrx_word' id='word_1_535' title='bbox 3122 3363 3214 3418; x_wconf 85' lang='grc' dir='ltr'>καὶ</span> <span class='ocrx_word' id='word_1_536' title='bbox 3241 3366 3341 3420; x_wconf 82' lang='grc' dir='ltr'><strong>τοῦ</strong></span> <span class='ocrx_word' id='word_1_537' title='bbox 3371 3361 3534 3435; x_wconf 75' lang='grc' dir='ltr'>ἤθους</span> <span class='ocrx_word' id='word_1_538' title='bbox 3564 3359 3755 3431; x_wconf 78' lang='lat' dir='ltr'><strong>aﬁtoﬁ,</strong></span> 
     </span>
    </p>
   </div>
   <div class='ocr_carea' id='block_1_89' title="bbox 2095 3444 3764 3528">
    <p class='ocr_par' dir='ltr' id='par_1_89' title="bbox 2095 3444 3764 3528">
     <span class='ocr_line' id='line_1_89' title="bbox 2095 3444 3764 3528; baseline 0.003 -25"><span class='ocrx_word' id='word_1_539' title='bbox 2095 3449 2186 3504; x_wconf 86' lang='grc' dir='ltr'>καὶ</span> <span class='ocrx_word' id='word_1_540' title='bbox 2237 3453 2344 3505; x_wconf 82' lang='grc' dir='ltr'>τῶν</span> <span class='ocrx_word' id='word_1_541' title='bbox 2399 3444 2609 3505; x_wconf 76' lang='grc' dir='ltr'>ἀσεϐῶν</span> <span class='ocrx_word' id='word_1_542' title='bbox 2669 3448 2981 3528; x_wconf 77' lang='grc' dir='ltr'><strong>δογμάτων,</strong></span> <span class='ocrx_word' id='word_1_543' title='bbox 3040 3448 3132 3508; x_wconf 83' lang='grc' dir='ltr'><strong>καὶ</strong></span> <span class='ocrx_word' id='word_1_544' title='bbox 3177 3458 3279 3523; x_wconf 76' lang='grc' dir='ltr'><strong>τῆς</strong></span> <span class='ocrx_word' id='word_1_545' title='bbox 3337 3453 3390 3509; x_wconf 80' lang='grc' dir='ltr'><strong>ἐν</strong></span> <span class='ocrx_word' id='word_1_546' title='bbox 3448 3452 3644 3524; x_wconf 75' lang='grc' dir='ltr'><strong>Νικαίᾳ</strong></span> <span class='ocrx_word' id='word_1_547' title='bbox 3684 3449 3764 3508; x_wconf 73' lang='grc' dir='ltr'><strong>δι’</strong></span> 
     </span>
    </p>
   </div>
   <div class='ocr_carea' id='block_1_90' title="bbox 2095 3536 3771 3619">
    <p class='ocr_par' dir='ltr' id='par_1_90' title="bbox 2095 3536 3771 3619">
     <span class='ocr_line' id='line_1_90' title="bbox 2095 3536 3771 3619; baseline 0.004 -27"><span class='ocrx_word' id='word_1_548' title='bbox 2095 3538 2261 3594; x_wconf 81' lang='grc' dir='ltr'>αὐτὸν</span> <span class='ocrx_word' id='word_1_549' title='bbox 2356 3539 2625 3611; x_wconf 78' lang='grc' dir='ltr'><strong>συστάσης</strong></span> <span class='ocrx_word' id='word_1_550' title='bbox 2691 3536 2945 3613; x_wconf 81' lang='grc' dir='ltr'>συνόδου,</span> <span class='ocrx_word' id='word_1_551' title='bbox 3011 3542 3103 3597; x_wconf 78' lang='grc' dir='ltr'><strong>καὶ</strong></span> <span class='ocrx_word' id='word_1_552' title='bbox 3186 3548 3289 3613; x_wconf 81' lang='grc' dir='ltr'><strong>τῆς</strong></span> <span class='ocrx_word' id='word_1_553' title='bbox 3374 3548 3771 3619; x_wconf 76' lang='grc' dir='ltr'><strong>καταστροφῆς</strong></span> 
     </span>
    </p>
   </div>
   <div class='ocr_carea' id='block_1_91' title="bbox 2094 3626 3772 3707">
    <p class='ocr_par' dir='ltr' id='par_1_91' title="bbox 2094 3626 3772 3707">
     <span class='ocr_line' id='line_1_91' title="bbox 2094 3626 3772 3707; baseline 0.001 -23"><span class='ocrx_word' id='word_1_554' title='bbox 2094 3627 2282 3685; x_wconf 77' lang='grc' dir='ltr'><strong>αὐτοῦ.</strong></span> <span class='ocrx_word' id='word_1_555' title='bbox 2330 3628 2422 3684; x_wconf 84' lang='grc' dir='ltr'><strong>Ἐν</strong></span> <span class='ocrx_word' id='word_1_556' title='bbox 2487 3626 2669 3702; x_wconf 77' lang='grc' dir='ltr'>ταότῷ</span> <span class='ocrx_word' id='word_1_557' title='bbox 2728 3626 2786 3685; x_wconf 75' lang='grc' dir='ltr'><strong>δὲ</strong></span> <span class='ocrx_word' id='word_1_558' title='bbox 2840 3630 2930 3685; x_wconf 86' lang='grc' dir='ltr'><strong>καὶ</strong></span> <span class='ocrx_word' id='word_1_559' title='bbox 2995 3631 3152 3705; x_wconf 84' lang='grc' dir='ltr'><strong>μνεία</strong></span> <span class='ocrx_word' id='word_1_560' title='bbox 3204 3638 3307 3702; x_wconf 83' lang='grc' dir='ltr'>τῆς</span> <span class='ocrx_word' id='word_1_561' title='bbox 3366 3630 3419 3688; x_wconf 73' lang='grc' dir='ltr'><strong>ἰν</strong></span> <span class='ocrx_word' id='word_1_562' title='bbox 3470 3633 3772 3707; x_wconf 72' lang='grc' dir='ltr'><strong>’Δριμήνῳ</strong></span> 
     </span>
    </p>
   </div>
   <div class='ocr_carea' id='block_1_92' title="bbox 2092 3715 3771 3798">
    <p class='ocr_par' dir='ltr' id='par_1_92' title="bbox 2092 3715 3771 3798">
     <span class='ocr_line' id='line_1_92' title="bbox 2092 3715 3771 3798; baseline 0.004 -26"><span class='ocrx_word' id='word_1_563' title='bbox 2092 3716 2396 3794; x_wconf 71' lang='grc' dir='ltr'>γενομένης</span> <span class='ocrx_word' id='word_1_564' title='bbox 2427 3715 2685 3792; x_wconf 82' lang='grc' dir='ltr'>συνόδου,</span> <span class='ocrx_word' id='word_1_565' title='bbox 2741 3719 3003 3784; x_wconf 75' lang='grc' dir='ltr'>ὡσαύτως</span> <span class='ocrx_word' id='word_1_566' title='bbox 3060 3722 3152 3777; x_wconf 88' lang='grc' dir='ltr'><strong>καὶ</strong></span> <span class='ocrx_word' id='word_1_567' title='bbox 3206 3728 3307 3793; x_wconf 84' lang='grc' dir='ltr'><strong>τῆς</strong></span> <span class='ocrx_word' id='word_1_568' title='bbox 3359 3721 3414 3778; x_wconf 76' lang='grc' dir='ltr'><strong>ἐν</strong></span> <span class='ocrx_word' id='word_1_569' title='bbox 3465 3721 3771 3798; x_wconf 77' lang='grc' dir='ltr'>Σιλευκείᾳ</span> 
     </span>
    </p>
   </div>
   <div class='ocr_carea' id='block_1_93' title="bbox 2090 3805 3771 3889">
    <p class='ocr_par' dir='ltr' id='par_1_93' title="bbox 2090 3805 3771 3889">
     <span class='ocr_line' id='line_1_93' title="bbox 2090 3805 3771 3889; baseline 0.004 -26"><span class='ocrx_word' id='word_1_570' title='bbox 2090 3813 2191 3877; x_wconf 82' lang='grc' dir='ltr'>τῆς</span> <span class='ocrx_word' id='word_1_571' title='bbox 2247 3805 2538 3882; x_wconf 88' lang='grc' dir='ltr'>Ἰσαυρίας.</span> <span class='ocrx_word' id='word_1_572' title='bbox 2595 3810 2823 3866; x_wconf 82' lang='grc' dir='ltr'>Ἐκτοτι</span> <span class='ocrx_word' id='word_1_573' title='bbox 2874 3810 3014 3885; x_wconf 85' lang='grc' dir='ltr'>πρὸς</span> <span class='ocrx_word' id='word_1_574' title='bbox 3065 3815 3234 3868; x_wconf 78' lang='grc' dir='ltr'>ταῦτα</span> <span class='ocrx_word' id='word_1_575' title='bbox 3306 3812 3551 3889; x_wconf 73' lang='grc' dir='ltr'><strong>ἡμετέρα</strong></span> <span class='ocrx_word' id='word_1_576' title='bbox 3609 3812 3771 3869; x_wconf 83' lang='grc' dir='ltr'>ἀντί-</span> 
     </span>
    </p>
   </div>
   <div class='ocr_carea' id='block_1_94' title="bbox 2092 3893 3768 3974">
    <p class='ocr_par' dir='ltr' id='par_1_94' title="bbox 2092 3893 3768 3974">
     <span class='ocr_line' id='line_1_94' title="bbox 2092 3893 3768 3974; baseline 0.004 -23"><span class='ocrx_word' id='word_1_577' title='bbox 2092 3906 2258 3961; x_wconf 86' lang='grc' dir='ltr'><strong>θεσις.</strong></span> <span class='ocrx_word' id='word_1_578' title='bbox 2321 3897 2417 3953; x_wconf 89' lang='grc' dir='ltr'><strong>Ἐκ</strong></span> <span class='ocrx_word' id='word_1_579' title='bbox 2469 3893 2526 3952; x_wconf 76' lang='grc' dir='ltr'><strong>δὲ</strong></span> <span class='ocrx_word' id='word_1_580' title='bbox 2581 3898 2777 3953; x_wconf 81' lang='grc' dir='ltr'>τούτου</span> <span class='ocrx_word' id='word_1_581' title='bbox 2837 3896 3097 3974; x_wconf 77' lang='grc' dir='ltr'>διήγησις</span> <span class='ocrx_word' id='word_1_582' title='bbox 3156 3903 3266 3955; x_wconf 82' lang='grc' dir='ltr'><strong>τῶν</strong></span> <span class='ocrx_word' id='word_1_583' title='bbox 3325 3901 3462 3956; x_wconf 85' lang='grc' dir='ltr'><strong>κατὰ</strong></span> <span class='ocrx_word' id='word_1_584' title='bbox 3511 3901 3768 3974; x_wconf 78' lang='grc' dir='ltr'><strong>Ἀέτιον,</strong></span> 
     </span>
    </p>
   </div>
   <div class='ocr_carea' id='block_1_95' title="bbox 2089 3985 3768 4067">
    <p class='ocr_par' dir='ltr' id='par_1_95' title="bbox 2089 3985 3768 4067">
     <span class='ocr_line' id='line_1_95' title="bbox 2089 3985 3768 4067; baseline 0.004 -27"><span class='ocrx_word' id='word_1_585' title='bbox 2089 3985 2179 4041; x_wconf 79' lang='grc' dir='ltr'><strong>καὶ</strong></span> <span class='ocrx_word' id='word_1_586' title='bbox 2219 3986 2312 4040; x_wconf 86' lang='grc' dir='ltr'><strong>τὸν</strong></span> <span class='ocrx_word' id='word_1_587' title='bbox 2373 3985 2669 4059; x_wconf 81' lang='grc' dir='ltr'>Εὐνόμιον.</span> <span class='ocrx_word' id='word_1_588' title='bbox 2722 3986 2820 4042; x_wconf 84' lang='grc' dir='ltr'><strong>Καὶ</strong></span> <span class='ocrx_word' id='word_1_589' title='bbox 2879 3986 3069 4067; x_wconf 72' lang='grc' dir='ltr'><strong>ἐφεξῆς</strong></span> <span class='ocrx_word' id='word_1_590' title='bbox 3120 3989 3393 4065; x_wconf 75' lang='grc' dir='ltr'><strong>κεφάλαια</strong></span> <span class='ocrx_word' id='word_1_591' title='bbox 3422 3987 3491 4045; x_wconf 84' lang='grc' dir='ltr'><strong>δι’</strong></span> <span class='ocrx_word' id='word_1_592' title='bbox 3524 3988 3599 4044; x_wconf 86' lang='grc' dir='ltr'><strong>ὧν</strong></span> <span class='ocrx_word' id='word_1_593' title='bbox 3631 4013 3768 4047; x_wconf 86' lang='grc' dir='ltr'><strong>πει-</strong></span> 
     </span>
    </p>
   </div>
   <div class='ocr_carea' id='block_1_96' title="bbox 2090 4071 3769 4155">
    <p class='ocr_par' dir='ltr' id='par_1_96' title="bbox 2090 4071 3769 4155">
     <span class='ocr_line' id='line_1_96' title="bbox 2090 4071 3769 4155; baseline 0.007 -29"><span class='ocrx_word' id='word_1_594' title='bbox 2090 4077 2249 4148; x_wconf 87' lang='grc' dir='ltr'>ρᾶται</span> <span class='ocrx_word' id='word_1_595' title='bbox 2311 4071 2478 4144; x_wconf 80' lang='grc' dir='ltr'><strong>δεῖξαι</strong></span> <span class='ocrx_word' id='word_1_596' title='bbox 2527 4074 2619 4129; x_wconf 88' lang='grc' dir='ltr'><strong>τὸν</strong></span> <span class='ocrx_word' id='word_1_597' title='bbox 2678 4075 2805 4130; x_wconf 64' lang='lat' dir='ltr'><strong>my</strong></span> <span class='ocrx_word' id='word_1_598' title='bbox 2867 4075 3197 4153; x_wconf 81' lang='grc' dir='ltr'>ὑστερογενῆ</span> <span class='ocrx_word' id='word_1_599' title='bbox 3250 4082 3348 4133; x_wconf 81' lang='grc' dir='ltr'>τοῦ</span> <span class='ocrx_word' id='word_1_600' title='bbox 3406 4078 3618 4155; x_wconf 78' lang='grc' dir='ltr'><strong>Ηατρὸς</strong></span> <span class='ocrx_word' id='word_1_601' title='bbox 3660 4083 3769 4137; x_wconf 77' lang='grc' dir='ltr'><strong>καὶ</strong></span> 
     </span>
    </p>
   </div>
   <div class='ocr_carea' id='block_1_97' title="bbox 2085 4161 3768 4238">
    <p class='ocr_par' dir='ltr' id='par_1_97' title="bbox 2085 4161 3768 4238">
     <span class='ocr_line' id='line_1_97' title="bbox 2085 4161 3768 4238; baseline 0.005 -20"><span class='ocrx_word' id='word_1_602' title='bbox 2085 4161 2307 4237; x_wconf 82' lang='grc' dir='ltr'><strong>κτίσμα.</strong></span> <span class='ocrx_word' id='word_1_603' title='bbox 2367 4162 2470 4220; x_wconf 86' lang='grc' dir='ltr'><strong>Καὶ</strong></span> <span class='ocrx_word' id='word_1_604' title='bbox 2550 4164 2687 4238; x_wconf 82' lang='grc' dir='ltr'>μετὰ</span> <span class='ocrx_word' id='word_1_605' title='bbox 2744 4168 2916 4221; x_wconf 78' lang='grc' dir='ltr'>ταῦτα</span> <span class='ocrx_word' id='word_1_606' title='bbox 2973 4164 3145 4230; x_wconf 78' lang='grc' dir='ltr'><strong>θέσεις</strong></span> <span class='ocrx_word' id='word_1_607' title='bbox 3200 4165 3345 4231; x_wconf 77' lang='grc' dir='ltr'>τιδὲς</span> <span class='ocrx_word' id='word_1_608' title='bbox 3402 4171 3499 4223; x_wconf 88' lang='lat' dir='ltr'><strong>toﬁ</strong></span> <span class='ocrx_word' id='word_1_609' title='bbox 3533 4170 3768 4226; x_wconf 80' lang='grc' dir='ltr'><strong>Ἀετίου</strong></span> 
     </span>
    </p>
   </div>
   <div class='ocr_carea' id='block_1_98' title="bbox 2087 4250 3771 4332">
    <p class='ocr_par' dir='ltr' id='par_1_98' title="bbox 2087 4250 3771 4332">
     <span class='ocr_line' id='line_1_98' title="bbox 2087 4250 3771 4332; baseline 0.006 -25"><span class='ocrx_word' id='word_1_610' title='bbox 2087 4250 2178 4307; x_wconf 86' lang='grc' dir='ltr'><strong>καὶ</strong></span> <span class='ocrx_word' id='word_1_611' title='bbox 2234 4255 2334 4306; x_wconf 90' lang='lat' dir='ltr'><strong>toﬁ</strong></span> <span class='ocrx_word' id='word_1_612' title='bbox 2392 4250 2670 4327; x_wconf 81' lang='grc' dir='ltr'><strong>Εὐνομίου</strong></span> <span class='ocrx_word' id='word_1_613' title='bbox 2724 4253 3013 4327; x_wconf 76' lang='grc' dir='ltr'>αἱρετικαὶ,</span> <span class='ocrx_word' id='word_1_614' title='bbox 3069 4253 3157 4311; x_wconf 81' lang='grc' dir='ltr'><strong>καὶ</strong></span> <span class='ocrx_word' id='word_1_615' title='bbox 3213 4255 3513 4332; x_wconf 78' lang='grc' dir='ltr'>ἀνατροπαὶ</span> <span class='ocrx_word' id='word_1_616' title='bbox 3541 4257 3771 4317; x_wconf 81' lang='grc' dir='ltr'>τούτων</span> 
     </span>
    </p>
   </div>
   <div class='ocr_carea' id='block_1_99' title="bbox 2087 4342 3772 4426">
    <p class='ocr_par' dir='ltr' id='par_1_99' title="bbox 2087 4342 3772 4426">
     <span class='ocr_line' id='line_1_99' title="bbox 2087 4342 3772 4426; baseline 0.007 -30"><span class='ocrx_word' id='word_1_617' title='bbox 2087 4346 2483 4422; x_wconf 76' lang='grc' dir='ltr'><strong>συγγραφεῖσαι</strong></span> <span class='ocrx_word' id='word_1_618' title='bbox 2541 4342 2690 4420; x_wconf 82' lang='grc' dir='ltr'>παρὰ</span> <span class='ocrx_word' id='word_1_619' title='bbox 2771 4345 2958 4418; x_wconf 75' lang='grc' dir='ltr'><strong>ἡμῶν.</strong></span> <span class='ocrx_word' id='word_1_620' title='bbox 3003 4345 3147 4426; x_wconf 24' lang='grc' dir='ltr'><strong>’Καὶ</strong></span> <span class='ocrx_word' id='word_1_621' title='bbox 3232 4348 3369 4421; x_wconf 81' lang='grc' dir='ltr'><strong>μετὰ</strong></span> <span class='ocrx_word' id='word_1_622' title='bbox 3450 4352 3623 4405; x_wconf 76' lang='grc' dir='ltr'>ταῦτα</span> <span class='ocrx_word' id='word_1_623' title='bbox 3704 4352 3772 4408; x_wconf 79' lang='grc' dir='ltr'><strong>αἱ</strong></span> 
     </span>
    </p>
   </div>
   <div class='ocr_carea' id='block_1_100' title="bbox 2088 4430 2682 4507">
    <p class='ocr_par' dir='ltr' id='par_1_100' title="bbox 2088 4430 2682 4507">
     <span class='ocr_line' id='line_1_100' title="bbox 2088 4430 2682 4507; baseline 0.007 -22"><span class='ocrx_word' id='word_1_624' title='bbox 2088 4431 2320 4507; x_wconf 75' lang='grc' dir='ltr'>χρήσεις</span> <span class='ocrx_word' id='word_1_625' title='bbox 2348 4436 2459 4487; x_wconf 82' lang='grc' dir='ltr'><strong>τῶν</strong></span> <span class='ocrx_word' id='word_1_626' title='bbox 2488 4430 2682 4506; x_wconf 80' lang='grc' dir='ltr'><strong>ἁγίων.</strong></span> 
     </span>
    </p>
   </div>
   <div class='ocr_carea' id='block_1_101' title="bbox 2715 4545 3120 4623">
    <p class='ocr_par' dir='ltr' id='par_1_101' title="bbox 2715 4545 3120 4623">
     <span class='ocr_line' id='line_1_101' title="bbox 2715 4545 3120 4623; baseline 0.012 -20"><span class='ocrx_word' id='word_1_627' title='bbox 2715 4548 2904 4623; x_wconf 89' lang='grc' dir='ltr'>Τόμος</span> <span class='ocrx_word' id='word_1_628' title='bbox 2946 4545 3120 4612; x_wconf 72' lang='grc' dir='ltr'><strong>ἕκτος.</strong></span> 
     </span>
    </p>
   </div>
   <div class='ocr_carea' id='block_1_102' title="bbox 2163 4669 3768 4756">
    <p class='ocr_par' dir='ltr' id='par_1_102' title="bbox 2163 4669 3768 4756">
     <span class='ocr_line' id='line_1_102' title="bbox 2163 4669 3768 4756; baseline 0.007 -29"><span class='ocrx_word' id='word_1_629' title='bbox 2163 4670 2296 4747; x_wconf 84' lang='grc' dir='ltr'><strong>Περὶ</strong></span> <span class='ocrx_word' id='word_1_630' title='bbox 2354 4669 2701 4729; x_wconf 80' lang='grc' dir='ltr'><strong>Μακεδονίου</strong></span> <span class='ocrx_word' id='word_1_631' title='bbox 2753 4677 2853 4730; x_wconf 91' lang='lat' dir='ltr'><strong>toﬁ</strong></span> <span class='ocrx_word' id='word_1_632' title='bbox 2911 4678 3410 4753; x_wconf 86' lang='grc' dir='ltr'><strong>πνευματομάχου.</strong></span> <span class='ocrx_word' id='word_1_633' title='bbox 3469 4682 3559 4738; x_wconf 85' lang='grc' dir='ltr'>Ἐν</span> <span class='ocrx_word' id='word_1_634' title='bbox 3588 4678 3648 4737; x_wconf 77' lang='grc' dir='ltr'><strong>δὲ</strong></span> <span class='ocrx_word' id='word_1_635' title='bbox 3673 4688 3768 4756; x_wconf 81' lang='grc' dir='ltr'>τῷ</span> 
     </span>
    </p>
   </div>
   <div class='ocr_carea' id='block_1_103' title="bbox 2088 4760 3765 4841">
    <p class='ocr_par' dir='ltr' id='par_1_103' title="bbox 2088 4760 3765 4841">
     <span class='ocr_line' id='line_1_103' title="bbox 2088 4760 3765 4841; baseline 0.007 -26"><span class='ocrx_word' id='word_1_636' title='bbox 2088 4760 2325 4834; x_wconf 77' lang='grc' dir='ltr'>τοιούτῳ</span> <span class='ocrx_word' id='word_1_637' title='bbox 2390 4760 2548 4835; x_wconf 86' lang='grc' dir='ltr'>τόμῳ</span> <span class='ocrx_word' id='word_1_638' title='bbox 2608 4762 2765 4834; x_wconf 88' lang='grc' dir='ltr'><strong>μνεία</strong></span> <span class='ocrx_word' id='word_1_639' title='bbox 2819 4762 2989 4820; x_wconf 86' lang='grc' dir='ltr'>πάλιν</span> <span class='ocrx_word' id='word_1_640' title='bbox 3046 4769 3143 4820; x_wconf 91' lang='lat' dir='ltr'><strong>toﬁ</strong></span> <span class='ocrx_word' id='word_1_641' title='bbox 3211 4767 3427 4841; x_wconf 78' lang='grc' dir='ltr'><strong>’Δρείου</strong></span> <span class='ocrx_word' id='word_1_642' title='bbox 3487 4768 3580 4824; x_wconf 85' lang='grc' dir='ltr'><strong>καὶ</strong></span> <span class='ocrx_word' id='word_1_643' title='bbox 3645 4774 3765 4826; x_wconf 78' lang='grc' dir='ltr'>τῶν</span> 
     </span>
    </p>
   </div>
   <div class='ocr_carea' id='block_1_104' title="bbox 2092 4848 3762 4934">
    <p class='ocr_par' dir='ltr' id='par_1_104' title="bbox 2092 4848 3762 4934">
     <span class='ocr_line' id='line_1_104' title="bbox 2092 4848 3762 4934; baseline 0.006 -30"><span class='ocrx_word' id='word_1_644' title='bbox 2092 4849 2414 4934; x_wconf 72' lang='grc' dir='ltr'><strong>συμφρόνων</strong></span> <span class='ocrx_word' id='word_1_645' title='bbox 2465 4850 2633 4923; x_wconf 76' lang='grc' dir='ltr'>αὐτῷ,</span> <span class='ocrx_word' id='word_1_646' title='bbox 2681 4850 2772 4906; x_wconf 88' lang='grc' dir='ltr'>καὶ</span> <span class='ocrx_word' id='word_1_647' title='bbox 2821 4855 2930 4907; x_wconf 81' lang='grc' dir='ltr'>τῶν</span> <span class='ocrx_word' id='word_1_648' title='bbox 2988 4848 3085 4908; x_wconf 77' lang='grc' dir='ltr'><strong>δύο</strong></span> <span class='ocrx_word' id='word_1_649' title='bbox 3126 4849 3403 4911; x_wconf 79' lang='grc' dir='ltr'><strong>Εὗσεὸίων</strong></span> <span class='ocrx_word' id='word_1_650' title='bbox 3434 4862 3533 4912; x_wconf 89' lang='lat' dir='ltr'><strong>toﬁ</strong></span> <span class='ocrx_word' id='word_1_651' title='bbox 3562 4878 3622 4913; x_wconf 80' lang='grc' dir='ltr'><strong>τε</strong></span> <span class='ocrx_word' id='word_1_652' title='bbox 3651 4865 3762 4928; x_wconf 83' lang='grc' dir='ltr'>τῆς</span> 
     </span>
    </p>
   </div>
   <div class='ocr_carea' id='block_1_105' title="bbox 2092 4935 3749 5020">
    <p class='ocr_par' dir='ltr' id='par_1_105' title="bbox 2092 4935 3749 5020">
     <span class='ocr_line' id='line_1_105' title="bbox 2092 4935 3749 5020; baseline 0.003 -26"><span class='ocrx_word' id='word_1_653' title='bbox 2092 4935 2462 5013; x_wconf 79' lang='grc' dir='ltr'><strong>Νικομηὸείας</strong></span> <span class='ocrx_word' id='word_1_654' title='bbox 2491 4939 2585 4995; x_wconf 81' lang='grc' dir='ltr'><strong>καὶ</strong></span> <span class='ocrx_word' id='word_1_655' title='bbox 2627 4943 2726 4995; x_wconf 90' lang='lat' dir='ltr'><strong>toﬁ</strong></span> <span class='ocrx_word' id='word_1_656' title='bbox 2770 4947 2873 5011; x_wconf 78' lang='grc' dir='ltr'><strong>τῆς</strong></span> <span class='ocrx_word' id='word_1_657' title='bbox 2921 4939 2974 4996; x_wconf 73' lang='grc' dir='ltr'><strong>ἐν</strong></span> <span class='ocrx_word' id='word_1_658' title='bbox 3026 4940 3364 5020; x_wconf 79' lang='grc' dir='ltr'><strong>Παλαιστίνῃ</strong></span> <span class='ocrx_word' id='word_1_659' title='bbox 3396 4952 3500 5015; x_wconf 83' lang='grc' dir='ltr'><strong>τῆς</strong></span> <span class='ocrx_word' id='word_1_660' title='bbox 3530 4951 3749 5001; x_wconf 84' lang='grc' dir='ltr'><strong>Καισα-</strong></span> 
     </span>
    </p>
   </div>
   <div class='ocr_carea' id='block_1_106' title="bbox 2094 5026 3738 5111">
    <p class='ocr_par' dir='ltr' id='par_1_106' title="bbox 2094 5026 3738 5111">
     <span class='ocr_line' id='line_1_106' title="bbox 2094 5026 3738 5111; baseline 0.002 -28"><span class='ocrx_word' id='word_1_661' title='bbox 2094 5026 2263 5103; x_wconf 86' lang='grc' dir='ltr'><strong>ρείας,</strong></span> <span class='ocrx_word' id='word_1_662' title='bbox 2294 5028 2392 5083; x_wconf 87' lang='lat' dir='ltr'><strong>toﬁ</strong></span> <span class='ocrx_word' id='word_1_663' title='bbox 2441 5027 2599 5104; x_wconf 83' lang='grc' dir='ltr'>ἁγίου</span> <span class='ocrx_word' id='word_1_664' title='bbox 2648 5028 2989 5099; x_wconf 83' lang='grc' dir='ltr'><strong>Ἀθανασίου,</strong></span> <span class='ocrx_word' id='word_1_665' title='bbox 3038 5032 3130 5087; x_wconf 84' lang='grc' dir='ltr'><strong>καὶ</strong></span> <span class='ocrx_word' id='word_1_666' title='bbox 3171 5037 3275 5088; x_wconf 81' lang='grc' dir='ltr'><strong>τοῦ</strong></span> <span class='ocrx_word' id='word_1_667' title='bbox 3323 5034 3481 5111; x_wconf 81' lang='grc' dir='ltr'>ἁγίου</span> <span class='ocrx_word' id='word_1_668' title='bbox 3525 5032 3738 5091; x_wconf 81' lang='grc' dir='ltr'>Παύλου</span> 
     </span>
    </p>
   </div>
   <div class='ocr_carea' id='block_1_107' title="bbox 2089 5114 3741 5197">
    <p class='ocr_par' dir='ltr' id='par_1_107' title="bbox 2089 5114 3741 5197">
     <span class='ocr_line' id='line_1_107' title="bbox 2089 5114 3741 5197; baseline 0.001 -24"><span class='ocrx_word' id='word_1_669' title='bbox 2089 5120 2187 5173; x_wconf 86' lang='lat' dir='ltr'><strong>toﬁ</strong></span> <span class='ocrx_word' id='word_1_670' title='bbox 2218 5114 2597 5190; x_wconf 80' lang='grc' dir='ltr'><strong>ὁμολογητοῦ.</strong></span> <span class='ocrx_word' id='word_1_671' title='bbox 2632 5117 2764 5194; x_wconf 81' lang='grc' dir='ltr'><strong>Περὶ</strong></span> <span class='ocrx_word' id='word_1_672' title='bbox 2801 5125 2903 5189; x_wconf 84' lang='grc' dir='ltr'><strong>τῆς</strong></span> <span class='ocrx_word' id='word_1_673' title='bbox 2951 5118 3003 5175; x_wconf 78' lang='grc' dir='ltr'><strong>ἐν</strong></span> <span class='ocrx_word' id='word_1_674' title='bbox 3054 5118 3298 5197; x_wconf 85' lang='grc' dir='ltr'><strong>Σαρδικῆ</strong></span> <span class='ocrx_word' id='word_1_675' title='bbox 3332 5120 3572 5180; x_wconf 85' lang='grc' dir='ltr'>συνόδου.</span> <span class='ocrx_word' id='word_1_676' title='bbox 3602 5120 3741 5195; x_wconf 77' lang='grc' dir='ltr'><strong>Περὶ</strong></span> 
     </span>
    </p>
   </div>
   <div class='ocr_carea' id='block_1_108' title="bbox 2088 5204 3748 5282">
    <p class='ocr_par' dir='ltr' id='par_1_108' title="bbox 2088 5204 3748 5282">
     <span class='ocr_line' id='line_1_108' title="bbox 2088 5204 3748 5282; baseline 0.003 -22"><span class='ocrx_word' id='word_1_677' title='bbox 2088 5208 2192 5270; x_wconf 81' lang='grc' dir='ltr'><strong>τῆς</strong></span> <span class='ocrx_word' id='word_1_678' title='bbox 2219 5204 2298 5267; x_wconf 78' lang='grc' dir='ltr'><strong>εἷς</strong></span> <span class='ocrx_word' id='word_1_679' title='bbox 2330 5206 2425 5260; x_wconf 88' lang='grc' dir='ltr'>τὸν</span> <span class='ocrx_word' id='word_1_680' title='bbox 2481 5206 2673 5282; x_wconf 87' lang='grc' dir='ltr'><strong>Θρόνον</strong></span> <span class='ocrx_word' id='word_1_681' title='bbox 2716 5212 2818 5279; x_wconf 85' lang='grc' dir='ltr'>τῆς</span> <span class='ocrx_word' id='word_1_682' title='bbox 2865 5210 3497 5275; x_wconf 86' lang='grc' dir='ltr'><strong>Κωνσταντινουπόλεως</strong></span> <span class='ocrx_word' id='word_1_683' title='bbox 3531 5210 3748 5266; x_wconf 79' lang='grc' dir='ltr'>ἀποκα-</span> 
     </span>
    </p>
   </div>
   <div class='ocr_carea' id='block_1_109' title="bbox 2090 5294 3766 5381">
    <p class='ocr_par' dir='ltr' id='par_1_109' title="bbox 2090 5294 3766 5381">
     <span class='ocr_line' id='line_1_109' title="bbox 2090 5294 3766 5381; baseline 0.005 -30"><span class='ocrx_word' id='word_1_684' title='bbox 2090 5294 2398 5381; x_wconf 75' lang='grc' dir='ltr'><strong>ταστᾴσεως</strong></span> <span class='ocrx_word' id='word_1_685' title='bbox 2452 5299 2551 5350; x_wconf 89' lang='lat' dir='ltr'><strong>toﬁ</strong></span> <span class='ocrx_word' id='word_1_686' title='bbox 2608 5295 2976 5370; x_wconf 84' lang='grc' dir='ltr'><strong>Μακεδονίου,</strong></span> <span class='ocrx_word' id='word_1_687' title='bbox 3033 5300 3125 5356; x_wconf 81' lang='grc' dir='ltr'><strong>καὶ</strong></span> <span class='ocrx_word' id='word_1_688' title='bbox 3180 5305 3290 5357; x_wconf 78' lang='grc' dir='ltr'>τῶν</span> <span class='ocrx_word' id='word_1_689' title='bbox 3343 5303 3420 5366; x_wconf 81' lang='grc' dir='ltr'>εἰς</span> <span class='ocrx_word' id='word_1_690' title='bbox 3460 5304 3562 5374; x_wconf 81' lang='grc' dir='ltr'>τὴν</span> <span class='ocrx_word' id='word_1_691' title='bbox 3591 5302 3766 5381; x_wconf 80' lang='grc' dir='ltr'>ἁγίαν</span> 
     </span>
    </p>
   </div>
   <div class='ocr_carea' id='block_1_110' title="bbox 2090 5379 3771 5465">
    <p class='ocr_par' dir='ltr' id='par_1_110' title="bbox 2090 5379 3771 5465">
     <span class='ocr_line' id='line_1_110' title="bbox 2090 5379 3771 5465; baseline 0.008 -29"><span class='ocrx_word' id='word_1_692' title='bbox 2090 5379 2299 5459; x_wconf 81' lang='grc' dir='ltr'><strong>Τριάδα</strong></span> <span class='ocrx_word' id='word_1_693' title='bbox 2359 5381 2726 5461; x_wconf 79' lang='grc' dir='ltr'><strong>βλασφημιῶν</strong></span> <span class='ocrx_word' id='word_1_694' title='bbox 2793 5384 2983 5461; x_wconf 72' lang='grc' dir='ltr'><strong>αὐτοῦ,</strong></span> <span class='ocrx_word' id='word_1_695' title='bbox 3052 5387 3342 5465; x_wconf 71' lang='grc' dir='ltr'><strong>ἐξαιρέτως</strong></span> <span class='ocrx_word' id='word_1_696' title='bbox 3415 5388 3476 5446; x_wconf 72' lang='grc' dir='ltr'><strong>ὃὶ</strong></span> <span class='ocrx_word' id='word_1_697' title='bbox 3550 5379 3655 5453; x_wconf 60' lang='lat' dir='ltr'><strong>sic</strong></span> <span class='ocrx_word' id='word_1_698' title='bbox 3696 5393 3771 5449; x_wconf 82' lang='grc' dir='ltr'>τὸ</span> 
     </span>
    </p>
   </div>
   <div class='ocr_carea' id='block_1_111' title="bbox 389 5714 2564 5795">
    <p class='ocr_par' dir='ltr' id='par_1_111' title="bbox 389 5714 2564 5795">
     <span class='ocr_line' id='line_1_111' title="bbox 389 5714 2564 5795; baseline 0.003 -21"><span class='ocrx_word' id='word_1_699' title='bbox 389 5714 481 5787; x_wconf 82' lang='grc'><strong>(2)</strong></span> <span class='ocrx_word' id='word_1_700' title='bbox 514 5715 742 5783; x_wconf 80' lang='lat' dir='ltr'><strong>Confer.</strong></span> <span class='ocrx_word' id='word_1_701' title='bbox 775 5727 1121 5780; x_wconf 88' lang='lat' dir='ltr'><strong>Damascen.</strong></span> <span class='ocrx_word' id='word_1_702' title='bbox 1153 5737 1209 5781; x_wconf 91' lang='lat' dir='ltr'><strong>c.</strong></span> <span class='ocrx_word' id='word_1_703' title='bbox 1247 5723 1340 5794; x_wconf 84' lang='lat'><strong>87,</strong></span> <span class='ocrx_word' id='word_1_704' title='bbox 1370 5722 1443 5781; x_wconf 90' lang='lat' dir='ltr'><strong>de</strong></span> <span class='ocrx_word' id='word_1_705' title='bbox 1471 5721 1681 5781; x_wconf 74' lang='lat' dir='ltr'><strong>haeres.</strong></span> <span class='ocrx_word' id='word_1_706' title='bbox 1712 5735 1744 5777; x_wconf 85' lang='grc' dir='ltr'><strong>ο</strong></span> <span class='ocrx_word' id='word_1_707' title='bbox 1775 5716 2017 5776; x_wconf 91' lang='lat' dir='ltr'><strong>Philone</strong></span> <span class='ocrx_word' id='word_1_708' title='bbox 2046 5718 2128 5776; x_wconf 89' lang='lat' dir='ltr'><strong>De</strong></span> <span class='ocrx_word' id='word_1_709' title='bbox 2158 5718 2564 5795; x_wconf 81' lang='lat' dir='ltr'><strong>Therapontis.</strong></span> 
     </span>
    </p>
   </div>
  </div>
