4052 6374
273 402 434 468 109⁵1

1743 406 2243 473 THESAURUS.

271 541 490 612 Πνεῦμα
516 535 578 593 τὸ
610 535 788 615 ἅγιον.
823 537 929 594 Καὶ
980 537 1208 608 καθεξῆς
1261 534 1546 614 διήγησις,
1595 536 1745 603 ὅπως
1804 559 1911 594 συν·

2046 546 2215 602 modo
2248 553 2509 607 secunda
2564 557 2822 626 synodus
2878 564 3227 635 congregata
3287 562 3482 630 fuerit,
3544 569 3600 622 et
3629 568 3701 625 de

276 629 401 700 ἑστη
435 631 470 698 ἡ
503 626 724 703 δευτέρα
783 624 1024 697 σύνοδος,
1082 627 1173 682 καὶ
1225 627 1349 703 περὶ
1405 632 1513 682 τῶν
1572 629 1931 704 κυρωθέντων

278 719 426 795 παρὰ
456 719 648 788 αὐτῆς·
698 717 789 772 καὶ
844 724 945 787 τῆς
1002 719 1383 793 παραιτήσεως
1428 722 1525 774 τοῦ
1579 719 1738 794 ἁγίου
1785 724 1933 793 Γρη-

276 809 469 883 γορίου
497 812 596 863 τοῦ
626 805 903 884 Θεολόγου
956 813 1058 876 τῆς
1106 806 1192 862 ἐπὶ
1246 810 1327 880 τῷ
1374 806 1549 883 θρόνῳ
1597 811 1932 865 Κωνσταντι-

279 897 616 960 νουπόλεως.
662 895 762 953 Καὶ
800 896 937 970 μετὰ
978 900 1147 953 ταῦτα
1204 897 1261 953 αἱ
1313 899 1546 973 χρήσεις
1599 901 1708 952 τῶν
1758 897 1928 974 ἁγίων

282 988 486 1063 αἱπερὶ
514 991 611 1042 τοῦ
642 981 914 1060 ὁμότιμον
959 987 1096 1042 εἶναι
1145 986 1209 1042 τὸ
1243 990 1464 1062 Πνεῦμα
1501 991 1583 1061 τῷ
1612 986 1787 1062 Πατρὶ
1836 984 1928 1041 καὶ

277 1080 356 1150 τῷ
381 1076 546 1154 Λόγῳ
584 1076 1005 1155 ἐκφωνηθεῖσαι.

863 1186 1054 1260 Τόμος
1084 1179 1344 1259 ἕϐδομος.

374 1292 508 1369 Περὶ
540 1297 637 1348 τοῦ
662 1292 787 1369 βίου
818 1291 909 1347 καὶ
960 1296 1068 1347 τῶν
1128 1290 1384 1365 αἱρέσεων
1435 1289 1533 1348 τοῦ
1584 1290 1926 1349 Ἀπολλινα-

276 1383 424 1458 ρίου,
481 1383 574 1438 καὶ
628 1387 736 1438 τῶν
795 1380 1208 1459 ἀνατρεπόντων
1263 1381 1431 1445 αὐτὰς
1491 1381 1753 1457 ῥημάτων
1816 1387 1924 1438 τῶν

274 1472 448 1548 ἁγίων
476 1472 569 1528 καὶ
600 1473 881 1551 θεοφόρων
910 1473 1072 1546 ἡμῶν
1105 1467 1384 1547 Πατέρων.

875 1598 1056 1671 Τόμος
1094 1592 1315 1674 ὄγδοος.

304 1721 467 1800 ρΠερί
513 1729 612 1779 τοῦ
662 1723 786 1799 βίου
835 1722 925 1779 καὶ
980 1729 1081 1794 τῆς
1136 1723 1395 1798 αἱρέσεως
1454 1724 1776 1800 Νεστορίου,
1829 1725 1920 1780 καὶ

267 1820 376 1870 τῶν
410 1812 728 1879 θεοπλόκω)
763 1812 1025 1891 ῥημάτων
1058 1816 1155 1870 τοῦ
1187 1813 1494 1891 ἁγιωτάτου
1544 1814 1704 1870 Πάπα
1761 1815 1921 1874 Ἀλε-

2041 635 2484 697 deﬁnitionibus
2542 660 2607 698 ac
2665 646 2915 704 decretis
2972 651 3289 721 ejusdem:
3351 654 3421 710 de
3459 655 3698 714 abdica-

2041 724 2202 781 tione
2231 728 2427 786 throm
2460 732 3090 808 Constantinopolitani
3126 759 3229 813 per
3256 748 3530 801 sanctum
3558 748 3697 805 Gre-

2040 817 2269 887 gorium
2303 820 2689 895 Theologum.
2756 827 2993 884 Demum
3053 830 3182 889 loca
3222 839 3564 893 sanctorum
3598 839 3697 896 Pa-

2041 908 2219 975 trum,
2254 911 2409 981 quod
2459 913 2585 983 pari
2616 912 2835 971 honore
2893 919 3258 979 adﬁciendus
3313 922 3391 979 sit
3442 925 3695 998 Spiritus

2039 1002 2299 1070 sanctus,
2334 1016 2400 1056 ac
2429 1001 2598 1058 Pater
2628 1008 2685 1060 et
2710 1005 2913 1063 Filius.

2606 1195 2794 1253 Tomus
2820 1200 3101 1270 septimus.

2110 1294 2193 1352 De
2221 1296 2341 1354 vita
2368 1305 2422 1355 et
2452 1299 2773 1360 haeresibus
2801 1305 3147 1378 Apollinarii
3184 1325 3199 1365 :
3257 1314 3313 1368 et
3351 1316 3683 1373 sanctorum

2035 1384 2509 1462 deiferorumque
2538 1395 2779 1451 Patrum
2810 1395 2987 1466 dicta,
3034 1399 3251 1470 quibus
3306 1400 3422 1460 illae
3477 1406 3685 1463 confu-

2036 1477 2240 1534 tantur
2267 1483 2325 1535 et
2353 1485 2701 1540 evertuntur.

2625 1614 2817 1670 Tomus
2843 1619 3081 1674 octavus.

2103 1734 2185 1825 De
2209 1736 2329 1792 vita
2357 1741 2413 1795 et
2440 1737 2646 1796 haaresi
2677 1740 2928 1798 Nestorii
2963 1764 2977 1814 ;
3007 1745 3197 1818 deque
3226 1748 3396 1806 dictis
3444 1752 3677 1825 divinis,

2032 1824 2251 1898 quibus
2281 1827 2695 1886 sanctissimus
2727 1835 2873 1903 Papa
2900 1833 3257 1893 Alexandria:
3289 1839 3540 1913 Cyrillus
3571 1843 3681 1900 hu-

269 1900 544 1980 ξανδρείας
600 1902 902 1981 Κυρίλλου,
956 1909 1065 1961 τῶν
1116 1903 1520 1980 ἀνατρεπόντων
1577 1905 1677 1974 τὴν
1731 1905 1911 1961 τοιαύ-

2028 1914 2286 1987 jusmodi
2318 1915 2587 1975 haeresim
2619 1900 2843 1978 evertit.

267 2014 368 2067 την
400 1991 623 2071 α’ίρεσιν.

856 2100 1043 2177 Τόμός
1084 2100 1322 2165 ἔννατος.

218 2260 221 2263 μ
332 2215 603 2288 Διήγησις
640 2216 749 2268 τῶν
816 2212 953 2268 κατὰ
1007 2211 1100 2267 τὸν
1158 2210 1385 2287 Εὐτυχῆ
1435 2211 1525 2267 καὶ
1588 2216 1689 2278 τῆς
1745 2214 1914 2269 αὐτοῦ

258 2305 537 2381 αἱρέσεως
572 2302 663 2359 καὶ
721 2302 848 2378 ὃρος
895 2307 998 2372 τῆς
1016 2301 1152 2356 κατὰ
1190 2305 1290 2356 τοῦ
1333 2300 1589 2358 τοιούτου
1628 2301 1913 2378 Εὐτυχοῦς

262 2394 726 2472 συγκροτηθείσης
781 2393 941 2469 ἁγίας
996 2387 1256 2465 τετᾶρτης
1303 2388 1552 2449 συνόδου.
1603 2392 1739 2449 Εἶτα
1787 2393 1911 2467 περὶ

260 2490 368 2539 τῶν
401 2478 969 2556 ἀντιλαμϐανομένων
1023 2480 1125 2536 τοῦ
1176 2481 1496 2556 Διοσκόρου,
1547 2482 1606 2545 ὃς
1649 2481 1911 2558 πατριάρο

264 2581 374 2649 χῆς
405 2576 471 2643 ἦν
522 2569 956 2646 ³Δλεξανδρείας,
1018 2570 1391 2649 συγκαθῃρέθη
1445 2569 1500 2627 δὲ
1547 2576 1626 2644 τῷ
1671 2573 1912 2649 Εὐτυχεῐ

261 2665 336 2725 ὡς
398 2663 657 2739 ὁμόφρων
717 2660 991 2738 περὶτῶν
1040 2661 1321 2735 αἱρέσεων,
1375 2659 1451 2722 εἰς
1502 2662 1561 2716 ἄν
1622 2662 1700 2736 (3)
1758 2662 1909 2717 οὗτοι

263 2750 611 2828 διῃρέθησαν,
699 2748 1146 2826 διακρινομένους
1228 2748 1451 2813 ἑαυτοὺς
1531 2749 1907 2824 ὀνομάσαντες.

259 2846 349 2900 Ἐν
378 2843 546 2916 ταύτῃ
582 2839 640 2896 δὶ
668 2845 739 2915 τῇ
789 2839 1061 2915 διηγήσει,
1110 2840 1201 2896 καὶ
1257 2841 1384 2917 περὶ
1438 2844 1549 2897 τῶν
1603 2840 1907 2918 λεγομένων

262 2931 581 3013 Ἀκεφάλων
635 2932 779 3000 τινὰ,
840 2931 930 2986 καὶ
994 2929 1152 3004 μνεία
1209 2932 1463 2987 Ἰωάννου
1520 2937 1909 3007 γραμματικοῦ

252 3028 353 3079 τοῦ
401 3019 701 3097 λεγομένου
770 3021 1105 3077 Φιλοπόνου.
1159 3019 1257 3075 Καὶ
1305 3015 1488 3077 ἔκτοτε
1535 3016 1910 3097 προϐλήματα

254 3134 376 3170 τινα
424 3117 532 3167 τῶν
585 3114 1001 3189 Μονοφυσιτῶν,
1051 3110 1140 3165 καὶ
1189 3110 1326 3182 πρὸς
1370 3115 1539 3167 ταῦτα
1585 3109 1905 3187 ἀντίρρησις

262 3203 380 3278 μία.
423 3201 524 3256 Καὶ
554 3200 742 3279 ἐφεξῆς
771 3202 808 3271 ἡ
863 3197 1129 3270 ἐπιστολή
1174 3203 1273 3256 τοῦ
1315 3198 1546 3264 Λέοντος
1596 3205 1694 3257 τοῦ
1741 3202 1907 3276 ἁγιω-

2633 2112 2824 2169 Tomus
2852 2129 3057 2171 nonus.

2097 2214 2397 2272 Euarratio
2426 2216 2498 2274 de
2530 2218 2702 2274 rebus
2732 2220 3013 2294 Eutychis
3046 2226 3104 2279 et
3132 2223 3203 2280 de
3233 2223 3443 2283 haeresi
3492 2229 3621 2299 ejus
3658 2246 3672 2285 :

2022 2314 2090 2356 ac
2120 2301 2415 2358 decretum
2449 2309 2667 2376 quartas
2700 2312 2918 2364 sanctas
2938 2310 3368 2382 synodicontra
3398 2316 3671 2373 eumdem

2022 2390 2340 2464 Eutychen.
2378 2393 2579 2452 Postea
2611 2397 2682 2453 de
2715 2397 2811 2463 iis,
2845 2399 2944 2471 qui
2987 2400 3262 2459 Dioscoro
3318 2406 3668 2462 Patriarcbss

2020 2480 2418 2540 Alexandrino
2443 2486 2983 2558 patrocinabantur,
3045 2491 3145 2563 qui
3202 2508 3333 2549 cum
3387 2494 3667 2568 Eutyche,

2023 2573 2224 2641 utpote
2254 2575 2592 2629 earumdem
2617 2574 2929 2632 hasresium
2952 2583 3229 2647 assertor,
3246 2583 3675 2639 condemnatus

2019 2663 2131 2727 est,
2159 2660 2585 2719 doneciietiam
2611 2664 2781 2721 divisi
2804 2671 2966 2738 sunt,
2997 2685 3122 2725 sese
3171 2670 3670 2742 Diacrinomenos,

2020 2748 2078 2804 id
2109 2758 2193 2805 est
2223 2757 2578 2823 segregatos,
2607 2755 2990 2826 appellantes.
3027 2758 3090 2813 In
3126 2758 3232 2815 hac
3288 2776 3423 2817 vero
3470 2778 3674 2820 narra-

2020 2838 2177 2895 tione
2208 2840 2470 2912 quasdam
2505 2842 2575 2898 de
2605 2842 2698 2913 iis,
2732 2846 2832 2915 qui
2878 2846 3156 2920 Acephali
3209 2851 3590 2921 vocabantur,
3622 2858 3677 2909 et

2021 2930 2240 2986 mentio
2259 2932 2468 2988 Jannis
2499 2933 2900 3005 Grammatici,
2935 2938 3034 3009 qui
3068 2938 3426 3012 Philoponus
3469 2940 3669 3013 appel-

2017 3021 2267 3077 labatur.
2303 3025 2511 3077 Postea
2537 3039 2667 3079 vero
2725 3025 3084 3095 problemata
3141 3029 3408 3099 quasdam
3458 3030 3672 3087 Mono-

2020 3110 2387 3183 physitarum
2424 3127 2437 3166 :
2471 3116 2530 3167 et
2559 3113 2629 3167 ad
2686 3113 2804 3169 ιιιεο
2864 3115 3281 3174 antirrheticus
3333 3136 3510 3175 unus.
3572 3125 3677 3176 De-

2021 3215 2180 3254 mum
2217 3199 2475 3272 Epistula
2508 3200 2717 3256 Leonis
2777 3203 3136 3260 sanctissimi
3197 3205 3363 3279 Papae
3418 3207 3666 3265 Romani

253 3295 420 3352 timo
450 3295 609 3350 Πάπα
653 3293 901 3367 Ῥώμης,
946 3293 981 3362 ἡ
1031 3296 1338 3367 πεμφθεῖσα
1383 3292 1520 3368 πρὸς
1566 3293 1669 3363 τήν
1715 3291 1901 3367 τετάρ-

2028 3289 2088 3344 ad
2122 3292 2389 3360 quartam
2418 3290 2711 3359 synodum
2745 3292 2948 3348 missa.

255 3406 357 3456 την
389 3381 626 3441 σύνοδον.

835 3490 1026 3567 Τόμος
1070 3487 1316 3553 δέκατος.

323 3617 451 3688 Περὶ
506 3623 608 3686 τῆς
666 3613 925 3691 πέμπτης
984 3610 1237 3685 συνόδου,
1292 3614 1419 3685 ἣτις
1475 3614 1574 3684 τήν
1644 3612 1909 3689 τετάρτην

251 3704 477 3762 σύνοδον
538 3704 779 3782 ἐκύρωσε
839 3705 928 3759 καὶ
983 3702 1256 3776 ἐκράτυνε,
1327 3709 1757 3781 συγκροτηθεῖση
1819 3701 1906 3758 ἐπὶ

253 3800 353 3862 τῆς
409 3794 692 3872 βασιλείας
751 3796 1158 3852 Ἰουστινιανοῦ.
1216 3793 1305 3851 Ἐν
1373 3791 1430 3848 δὲ
1501 3798 1570 3869 τῇ
1653 3791 1906 3869 διηγήσει

253 3890 353 3955 τῆς
382 3885 638 3953 τοιαύτης
697 3882 946 3953 συνόδου,
1003 3883 1093 3940 καὶ
1152 3887 1249 3940 τοῦ
1306 3883 1459 3948 ’ὁπως
1509 3884 1905 3958 συνεκροτήθη,

256 3974 548 4053 ἐμφέρεται
592 3977 628 4045 ἠ
673 3972 879 4050 α’ίρεσις
924 3979 1031 4030 τῶν
1081 3976 1502 4051 Μονοφυσιτῶν,
1543 3972 1596 4029 ἐν
1648 3970 1798 4049 μέρει
1850 3970 1909 4028 δὲ

251 4067 343 4120 καὶ
396 4071 505 4123 τῶν
568 4066 965 4140 Νεστοριανῶν.
1026 4065 1258 4133 "Emme
1327 4067 1510 4140 ψῆφος
1584 4063 1907 4143 Ἐπιφανίου

250 4157 600 4231 πατριάρχου
632 4152 1310 4223 Κωνσταντινουπόλεως,,
1338 4152 1428 4207 καὶ
1479 4159 1583 4221 τῆς
1630 4149 1911 4224 ἐνδημού-

252 4263 353 4311 σης
398 4239 629 4295 συνόδου
685 4240 824 4294 κατὰ
883 4234 1133 4314 Σεϐήρου
1179 4240 1271 4294 καὶ
1320 4241 1510 4315 Ζωόρα
1555 4242 1647 4295 καὶ
1700 4241 1907 4315 Πέτρου

253 4334 364 4383 τῶν
409 4331 822 4401 Μονοφυσιτῶν.
883 4328 1075 4402 Ἑτέρα
1116 4330 1299 4405 ψῆφος
1356 4332 1516 4397 Μηνᾶ
1560 4328 1907 4402 πατριάρχου

258 4416 893 4480 ΚωνσταντινουπόΛεως
946 4417 1083 4472 κατά
1162 4421 1270 4472 τῶν
1326 4417 1521 4475 αὐτῶν.
1596 4419 1905 4493 ’Δναθομα-

250 4509 442 4582 τισμοὶ
476 4509 735 4583 Ἀνθίμου
798 4506 1214 4585 μητροπολίτου
1263 4511 1676 4585 Τραπεζοῦντος
1728 4516 1905 4565 Μονο-

251 4602 473 4681 φυσίτον
505 4596 681 4664 ὄντος.
730 4599 919 4674 Ἑτέρα
969 4603 1153 4678 ψῆφος
1196 4603 1293 4655 τοῦ
1341 4599 1507 4656 αὐτοῦ
1555 4602 1903 4678 πατριάρχου

244 4694 601 4768 καθαιρετικὴ
659 4696 757 4748 τοῦ
815 4693 981 4749 αὐτοῦ
1041 4691 1328 4767 Ἀνθίμου.
1389 4695 1618 4751 ’Έκτοτε
1661 4691 1898 4768 διάταξις

247 4787 636 4841 Ἰουστινιανοῦ
699 4780 973 4858 βασιλέως
1038 4783 1177 4837 κατὰ
1254 4782 1543 4857 Ἀνθίμου,
1582 4798 1586 4803 '
1626 4779 1897 4859 Σεϐήρου,

246 4875 476 4949 Πέτρου,
530 4872 623 4927 καὶ
681 4871 890 4947 Ζωόρα.
944 4870 1243 4944 Ἐπιστολὴ
1288 4874 1542 4930 Ἰωάννου
1590 4872 1899 4948 Ἰεροσολύ-

247 4971 365 5037 μών
413 4961 505 5018 καὶ
554 4965 664 5018 τῶν
728 4961 818 5016 ὑπ’
873 4959 1033 5017 αὐτὸν
1092 4959 1403 5017 ἐπισκόπων
1480 4959 1752 5038 δεχομένη
1830 4965 1900 5020 τὰ

244 5053 378 5107 κατά
408 5046 659 5125 Σεϐήρου
713 5051 1073 5125 ψηφισθέντα,
1116 5050 1205 5105 καὶ
1261 5051 1395 5125 μετὰ
1440 5055 1608 5106 ταῦτα
1664 5054 1896 5128 χρήσεις

241 5136 494 5220 διάφοροι
523 5145 630 5197 τῶν
666 5138 856 5216 ἁγίων,
885 5140 1024 5196 κατὰ
1052 5144 1161 5196 τῶν
1196 5141 1609 5220 Μονοφυσιτῶν.

792 5244 982 5321 Τόμος
1023 5244 1330 5310 ἑνδέκατος.

312 5352 461 5411 Κατᾶ
490 5358 807 5429 Τριθεῖτῶν,

791 5462 980 5538 Τόμος
1015 5459 1344 5529 δωδέκατος.

308 5566 463 5625 Κατὰ
492 5568 601 5622 τῶν
635 5565 1184 5646 ’Λφθαρτόδοκητῶν.

308 5741 388 5819 (3)
419 5743 534 5800 Pro
563 5735 667 5804 ἓως
699 5741 784 5800 ἃν.

509 5857 788 5927 Pauor.
838 5861 946 5926 Ga.
996 5861 1312 5928 CXXXIX.

2597 3490 2786 3547 Tomus
2814 3490 3081 3548 decimus.

2084 3613 2164 3670 De
2195 3615 2402 3686 quinta
2432 3616 2675 3687 synodo,
2693 3632 2820 3687 quas
2843 3622 3115 3689 quartam
3139 3621 3428 3693 synodum
3451 3621 3667 3678 conﬁr-

2015 3703 2200 3760 mavit
2231 3708 2288 3760 et
2326 3704 2598 3771 asseruit,
2659 3722 2906 3779 quasque
2954 3708 3279 3780 imperante
3331 3710 3674 3768 Justiniano

2015 3798 2211 3850 coacta
2241 3797 2351 3851 est.
2386 3793 2450 3848 In
2482 3796 2818 3851 narratione
2849 3801 3043 3853 autem
3078 3798 3148 3853 de
3186 3797 3290 3854 illa
3327 3800 3573 3872 synodo,
3613 3804 3671 3856 et

2017 3883 2307 3954 quomodo
2337 3881 2577 3940 collecta
2609 3884 2804 3955 fuerit,
2837 3885 3121 3943 inseritur
3166 3887 3406 3945 haeresis
3465 3888 3673 3946 Mono-

2017 3973 2409 4047 physitarum,
2439 3979 2615 4046 atque
2645 3974 2820 4029 etiam
2855 3991 2923 4030 ex
2952 3980 3117 4047 parte
3164 3977 3666 4035 Nestorianorum.

2015 4064 2301 4137 Deinceps
2329 4064 2629 4121 decretum
2662 4065 2977 4137 Epiphanii
3008 4067 3356 4138 patriarchas
3382 4073 3669 4125 Constan-

2016 4152 2405 4224 tinopolilani,
2438 4156 2497 4208 et
2522 4154 2731 4226 synodi
2762 4155 2979 4210 ibidem
3045 4161 3409 4230 congregatae
3464 4162 3668 4215 contra

2013 4241 2556 4309 Severum,Zooram
2580 4245 2637 4296 et
2658 4245 2882 4297 Petrum
2907 4242 3367 4317 MonOpbysitas.
3401 4245 3665 4303 Alterum

2014 4331 2312 4387 decretum
2370 4329 2539 4385 Mena
2595 4331 2942 4403 patriarchae
3034 4336 3665 4409 Constantinopolitani

2014 4423 2216 4476 contra
2244 4419 2502 4475 eosdem.
2539 4420 3031 4479 Anathematismi
3063 4424 3330 4481 Anthimi
3369 4432 3665 4498 metropo-

2012 4508 2128 4565 litaa
2157 4509 2598 4582 Trapezuntini,
2629 4510 2727 4582 qui
2756 4514 3164 4585 Monophysita
3215 4520 3358 4572 erat.
3402 4516 3664 4572 Alterum

2014 4599 2312 4656 decretum
2358 4598 2624 4684 ejusdem
2685 4602 3046 4674 patriarchas,
3108 4621 3225 4675 quo
3282 4606 3670 4660 damnabatur

2010 4688 2362 4745 Anthimus:
2395 4694 2530 4760 post
2561 4689 2679 4745 haec
2711 4691 3052 4748 constitutio
3071 4693 3395 4748 Justiniani
3418 4693 3670 4764 impera-

2007 4778 2152 4833 toris
2184 4782 2387 4833 contra
2413 4778 2785 4846 Anthimum,
2815 4782 3118 4848 Severum,
3156 4785 3414 4847 Petrum,
3446 4786 3503 4836 et
3537 4782 3670 4837 Zoo-

2008 4882 2157 4924 ram.
2188 4865 2448 4935 Epistula
2475 4868 2717 4925 Joannis
2744 4868 3224 4941 Jerosolymitani
3261 4872 3319 4924 et
3359 4870 3668 4943 episcopo-

2010 4973 2160 5025 rum,
2194 4956 2294 5029 qui
2328 4956 2440 5013 sub
2472 4957 2599 5029 ipso
2625 4965 2810 5025 erant,
2844 4975 2962 5030 qua
2991 4960 3221 5015 decreta
3249 4963 3453 5016 contra
3493 4960 3668 5016 Seve—

2007 5062 2139 5102 rum
2172 5046 2557 5118 recipiuntur.
2618 5052 2868 5105 Demum
2926 5047 3053 5104 loca
3110 5048 3272 5106 varia
3326 5053 3662 5106 sanctorum

2005 5136 2244 5192 Patrum
2274 5139 2479 5193 contra
2507 5135 2972 5209 Monopbysitas.

2542 5245 2733 5302 Tomu:
2758 5245 3107 5304 undecimus.

2076 5353 2290 5411 Contra
2316 5351 2651 5410 Trilheitas.

2532 5460 2726 5519 Tomu:
2757 5460 3131 5523 duodecimus.

2075 5569 2290 5627 Contra
2324 5567 2907 5643 Aphthartodocetas.

3540 431 3696 493 1098
3810 419 3817 423 ’
