4052 6414
295 426 449 489 1099

370 682 586 738 Contra
615 678 1097 751 Theopaschitas.

751 787 942 841 Tomus
970 785 1212 841 decimus
1241 787 1489 857 quartus.

375 897 589 971 Contra
617 893 895 967 Agnoitas
924 911 942 948 :
975 893 1074 948 ubi
1134 896 1265 965 post
1319 891 1446 948 loca
1488 896 1822 948 sanctorum
1856 890 1958 946 Pa-

304 993 484 1056 trum,
518 987 634 1043 alia
662 985 929 1058 quaedam
971 985 1043 1040 ad
1103 984 1443 1056 hujusmodi
1502 984 1770 1041 heresim
1820 983 1960 1038 sub-

305 1078 640 1134 vertendaln
667 1093 699 1131 a
730 1074 900 1130 nobis
932 1074 1172 1147 insuper
1201 1073 1583 1145 adjiciuntur.

741 1183 940 1235 Tomus
971 1182 1224 1235 deczmus
1253 1180 1504 1251 quintus.

385 1291 459 1346 De
489 1293 651 1347 sexta
681 1288 929 1362 synodo,
961 1303 1089 1359 quas
1120 1292 1473 1360 congregata
1503 1285 1616 1343 fuit
1643 1287 1967 1359 imperante

308 1379 690 1435 Conslanlino
754 1382 1067 1451 Pogonato,
1126 1377 1199 1433 ad
1255 1376 1669 1434 destruendam
1696 1375 1965 1433 heresim

309 1466 842 1526 Monothelitarum.

785 1591 976 1647 Tomis:
1006 1589 1251 1647 decimus
1278 1597 1487 1648 sextus.

389 1716 466 1769 De
495 1707 1014 1769 Iconomachorum
1045 1707 1271 1764 heresi.

758 1825 950 1881 Tomus
977 1823 1220 1880 decimus
1245 1824 1532 1896 septimm.

1609 421 1919 485 NIGETJE
1960 420 2381 486 ΟΗΟΝΙΑΤΛΕ

774 560 967 618 Tomus
995 559 1238 618 decimus
1256 560 1471 617 tertius.
1973 565 2027 629 Α

3566 419 3763 487 1³100

2538 565 2723 636 Τομος
2757 558 3225 638 τρισκαιδέκατος.

2086 698 2089 703 ·
2138 677 2283 733 Κατὰ
2312 682 2740 748 Θεοπασγητῶν.

2476 790 2664 862 Τόμος
2701 784 3303 864 τεσσαρεσκαιδέκατος.

2143 897 2286 954 Κατὰ
2330 900 2440 952 τῶν
2510 888 2843 974 Ἀγνοητῶν,
2903 899 2956 954 ἐν
3025 900 3071 972 ᾧ
3145 897 3281 972 μετὰ
3338 897 3438 961 τὰς
3504 900 3754 974 χρήσεις

2067 992 2176 1043 τῶν
2219 986 2415 1063 ἁγίων,
2467 988 2560 1044 καὶ
2611 987 2759 1045 ἄλλα
2805 990 2929 1046 τινὰ
2973 989 3249 1064 ἀναίρεσιν
3321 993 3426 1058 τῆς
3474 989 3751 1059 τοιαύτης

2072 1078 2335 1153 αἱρέσεως
2364 1077 2425 1134 ἐκ
2452 1078 2576 1134 νέου
2604 1080 2982 1154 προστέθειται
3021 1079 3151 1154 παρ’
3181 1079 3370 1152 ἡμῶν.

2536 1188 2719 1260 Τόμος
2760 1182 3261 1249 πεντεκαιδέκατος.

2145 1294 2276 1370 Περὶ
2333 1296 2433 1364 τῆς
2488 1290 2652 1366 ἕκτης
2714 1292 2969 1365 συνόδου,
3023 1295 3148 1365 ἣτις
3196 1292 3425 1365 συνέστη
3480 1292 3567 1349 ἐπὶ
3624 1300 3732 1363 τῆς

2081 1384 2364 1461 βασιλείας
2413 1384 2823 1443 Κωνσταντίνου
2875 1388 2974 1440 τοῦ
3032 1384 3384 1460 Πωγωνάτου
3438 1382 3517 1445 εἷς
3584 1383 3751 1437 ἀναί-

2078 1494 2188 1530 εσιν
2215 1481 2316 1545 τῆς
2344 1478 2453 1531 τῶν
2484 1472 2888 1545 Μυ-δοθιλητῶν
2920 1472 3201 1549 αἱρέσεως.

2579 1601 2767 1675 Τόμος
2808 1596 3212 1661 ἑκκαιδέκατος.

2138 1717 2288 1792 Περὶ
2314 1724 2415 1789 τῆς
2444 1721 2554 1774 τῶν
2588 1717 2987 1793 Είκονομάχων
3017 1714 3301 1794 αἱρέσεως.

2554 1835 2742 1908 Τόμος
2780 1831 3255 1897 ἑπτακαιδέκατος.

395 1944 476 2001 De
500 1942 706 2000 haeresi
740 1945 1150 2009 Armenorum,
1185 1957 1317 2013 quas
1373 1938 1800 2014 Monophysitis
1833 1953 1973 1994 con-

2154 1942 2288 2018 Περὶ
2360 1949 2461 2013 τῆς
2535 1943 2791 2018 αἱρέσεως
2863 1946 2971 1998 τῶν
3046 1941 3375 2016 Ἀρμενίων,
3450 1938 3579 2012 ἥτις
3631 1947 3767 2005 τοῖς

317 2035 612 2107 jungitur.
647 2033 730 2088 Ibi
758 2036 847 2087 est
871 2031 1217 2102 prommium
1273 2034 1567 2096 nostrum,
1598 2034 1655 2084 et
1714 2027 1978 2101 quandam

324 2122 648 2179 solutiones
680 2121 751 2176 ad
783 2119 1012 2190 objecta
1040 2121 1449 2175 Armenorum.
1494 2117 1712 2173 Deinde
1764 2115 1978 2173 rescri-

324 2218 490 2283 ptum
523 2208 895 2281 imperatoris
926 2207 1157 2263 Domini
1190 2205 1475 2263 Mannelis
1506 2207 1576 2261 ad
1609 2205 1978 2262 Catholicnm

321 2300 632 2356 Armenias.
694 2297 971 2369 Dialogus
1054 2296 1368 2352 Theoriani
1425 2294 1737 2367 cujusdam
1797 2293 1979 2367 legati

324 2390 587 2460 ejusdem
644 2386 1041 2458 imperatoris,
1101 2386 1162 2441 in
1217 2386 1556 2442 Armeniam
1610 2383 1801 2455 missi,
1843 2400 1977 2440 cum

325 2477 528 2533 eodem
589 2472 907 2531 Calholico.
967 2473 1172 2530 Postea
1226 2479 1422 2529 autem
1502 2472 1630 2530 loca
1683 2473 1979 2528 variorum

324 2566 674 2621 Sanctorum
706 2568 912 2621 contra
942 2562 1210 2619 eamdem
1256 2563 1545 2619 heresim.
1595 2561 1857 2633 Denique
1885 2577 1980 2617 oa-

327 2655 450 2728 pita
481 2654 745 2727 quaedam
778 2652 1139 2726 syllogistioa
1169 2668 1203 2707 a
1260 2651 1432 2709 nobis
1490 2650 1728 2709 collecta
1783 2654 1984 2709 contra

326 2760 456 2801 eam
489 2744 675 2817 ipsam
711 2742 1001 2800 haeresim.

770 2905 970 2961 Tomus
999 2902 1242 2961 decimus
1272 2913 1522 2961 octavus.

398 3024 615 3079 Contra
644 3020 1041 3078 Paulicianos.

401 3112 599 3169 Sancti
660 3110 857 3166 Basilii
916 3113 975 3166 et
1034 3107 1219 3164 sancti
1272 3105 1529 3180 Gregorii
1609 3105 1857 3181 Nysseni
1912 3105 1983 3164 de

330 3201 708 3273 Baptismate.

2086 2033 2485 2111 Μονοφυσίταις
2545 2033 2885 2088 συνάπτεται·
2951 2031 3005 2088 έν
3093 2031 3230 2107 αὐτῇ
3289 2029 3347 2088 δὲ
3401 2031 3493 2088 καὶ
3552 2033 3768 2107 προοίν

2090 2144 2213 2197 μιον
2282 2122 2573 2199 ἡμέτερον,
2634 2124 2726 2178 καί
2789 2143 2935 2186 τινες
2998 2121 3184 2185 λύσεις
3240 2122 3378 2198 πρὸς
3446 2121 3764 2184 ἀντιθέσεις

2084 2216 2193 2267 τῶν
2272 2212 2602 2286 Ἀρμενίων.
2680 2215 2910 2270 Ἔκτοτε
2984 2212 3219 2288 γράμμα
3289 2215 3388 2266 τοῦ
3466 2210 3765 2286 βασιλέως

2083 2302 2253 2378 κόρου
2285 2300 2552 2370 Μανουήλ
2599 2302 2735 2378 πρὸς
2782 2301 2875 2357 τὸν
2928 2300 3235 2359 Καθολικὸν
3274 2307 3375 2370 τῆς
3430 2301 3763 2377 Ἀρμενίας.

2088 2393 2332 2463 Διάλεξις
2392 2392 2525 2467 πρὸς
2582 2392 2675 2447 τὸν
2739 2390 2904 2447 αὐτον
2964 2391 3273 2455 Καθολικὸν
3336 2396 3615 2467 Θηριανοῦ
3678 2396 3769 2467 (4)

2086 2502 2231 2546 τινος
2306 2480 2671 2553 ἐξαποστόλου
2749 2480 2915 2536 αὐτοῦ
2994 2480 3267 2557 βασιλέως
3375 2479 3452 2543 εἷς
3540 2483 3767 2557 ’Δρμε-

2084 2572 2201 2629 νίαν
2272 2570 2578 2637 σταλέντος.
2657 2572 2893 2630 Ἔπειτα
2970 2572 3206 2647 χρήσεις
3284 2568 3537 2651 διάφοροι
3580 2573 3756 2648 ἁγίων

2085 2664 2223 2720 κατὰ
2272 2670 2376 2734 τῆς
2434 2662 2604 2733 αὐτῆς
2660 2661 2944 2738 αἱρέσεως.
2997 2661 3132 2719 Εἶτα
3175 2659 3572 2738 συλλογιστικά
3632 2684 3761 2719 τινα

2086 2751 2356 2833 κεφάλαια
2385 2750 2525 2807 κατὰ
2551 2757 2653 2821 τῆς
2704 2750 2879 2821 αὐτῆς
2927 2749 3189 2825 αἱρέσεως
3235 2746 3572 2829 συλλεγέντα
3624 2754 3758 2826 παρ’

2088 2844 2123 2913 ἡ
2135 2846 2278 2918 μῶν.

2550 2912 2737 2986 Τόμος
2776 2907 3266 2975 ὀκτωκαιδέκατος.

2160 3030 2313 3087 Κατᾶ
2340 3035 2449 3086 τῶν
2485 3026 2888 3087 Παυλικιανῶν.

2160 3123 2271 3179 Τοῦ
2338 3118 2491 3196 ἁγίου
2545 3116 2833 3177 Βασιλείου
2896 3120 2986 3174 καὶ
3050 3122 3150 3174 τοῦ
3214 3119 3376 3196 ἁγίου
3436 3118 3746 3195 Γρηγορίου

2092 3207 2338 3281 Νύσσης,
2372 3205 2496 3283 περί
2526 3211 2624 3264 τοῦ
2655 3205 3067 3272 Βαπτίσματος.

401 3289 677 3361 Ejusdem
764 3285 1029 3358 Gregorii
1088 3284 1356 3358 Nysseni,
1407 3286 1479 3342 de
1537 3284 1979 3369 participatione

2168 3301 2275 3355 Τοῖ’)
2339 3296 2508 3354 αὐτοῦ
2570 3295 2791 3369 Νύσσης
2859 3298 2984 3373 περὶ
3048 3299 3149 3367 τῆς
3220 3295 3566 3371 μεταλήψεως
3626 3298 3730 3349 τοῦ

330 3376 620 3436 Dominici
651 3375 911 3449 corporis
941 3384 996 3431 et
1027 3374 1360 3448 sanguinis.

814 3493 1006 3550 Tomus
1029 3491 1275 3549 decimus
1302 3508 1501 3550 nonus.

400 3616 615 3672 Contra
642 3611 1000 3687 Bogomilos.

879 3738 1071 3795 Tomus
1097 3736 1409 3795 vicesimus.

404 3860 486 3912 De
523 3854 687 3912 cultu
720 3855 1146 3928 Agarenorum,
1178 3858 1237 3911 et
1266 3854 1337 3911 de
1358 3852 1781 3911 constitutione
1835 3852 1992 3909 circa

334 3947 674 4017 Saracenos,
700 3947 803 4019 qui
832 3946 903 4001 ad
947 3960 1157 4016 puram
1204 3946 1261 4001 et
1316 3942 1752 4001 immaculatam
1812 3942 1987 4000 ﬁdem

334 4040 597 4095 nostram
629 4039 1072 4093 convertuntur.

764 4217 961 4273 Tomus
987 4213 1283 4272 vicesimus
1309 4213 1550 4288 primus.

402 4335 485 4393 De
511 4334 732 4408 Spiritu
765 4337 971 4390 contra
997 4332 1230 4389 Latinos
1262 4349 1276 4388 :
1311 4331 1412 4388 ubi
1444 4330 1573 4389 loca
1602 4330 1794 4390 multa
1828 4333 1988 4390 adfe-

333 4430 563 4484 runtur.

727 4540 921 4595 Tomus
945 4537 1238 4596 vicesimus
1264 4537 1558 4599 secundus.

401 4655 476 4708 De
507 4647 763 4723 Asymis.

773 4769 968 4825 Tomus
995 4767 1283 4825 vicesimus
1310 4769 1529 4824 tertius.

398 4880 463 4936 In
495 4894 610 4951 quo
641 4874 916 4949 synopsis
973 4875 1339 4946 dogmatum,
1392 4890 1523 4947 quas
1573 4874 1682 4932 sub
1730 4873 1987 4946 impera-

328 4972 452 5025 tore
481 4966 682 5024 Alexio
707 4966 1005 5024 Comneno
1036 4968 1197 5022 mota
1226 4970 1282 5021 et
1310 4972 1509 5022 exorta
1537 4968 1695 5021 sunt.

755 5093 945 5149 Tomus
974 5092 1268 5148 vicesimus
1302 5098 1552 5164 quartus.

394 5193 473 5249 De
504 5191 603 5249 illo
634 5193 927 5265 dogmate,
973 5192 1047 5248 Tu
1094 5208 1152 5248 es
1202 5192 1437 5265 oﬂerens
1483 5200 1539 5247 et
1587 5190 1806 5247 oblatus
1883 5192 1984 5268 (6),

323 5281 480 5353 quod
514 5280 624 5337 sub
655 5281 1005 5353 imperatore
1036 5279 1303 5338 Manuele
1334 5282 1632 5339 Comneno
1692 5280 1982 5354 prolatum

326 5380 437 5431 est.

400 5475 479 5547 (εἰ)
509 5474 840 5547 Θεωριανοῢ.

402 5544 480 5617 (5)
513 5543 643 5617 Haec
675 5543 964 5617 posterior
993 5561 1130 5616 pars
1166 5545 1325 5602 edita
1375 5548 1465 5603 est
1516 5544 1711 5602 Grece
1766 5550 1823 5602 et
1877 5551 1985 5603 La-

330 5614 471 5671 tine.
499 5614 612 5687 Sed
642 5614 921 5687 printer-ea
958 5614 1184 5673 ciariss.
1219 5617 1441 5674 Caveus
1492 5624 1650 5673 notat
1683 5618 1738 5672 in
1787 5620 1987 5687 codice

332 5684 670 5759 Colbertino
699 5688 840 5759 4753
870 5694 1100 5744 exstare
1149 5703 1262 5759 ms.
1308 5689 1377 5743 τὰ
1408 5687 1528 5759 γρςιιὸ
1572 5690 1671 5743 τοῦ
1705 5686 1984 5759 ,Μωᾴμεδ

332 5756 762 5829 νομοθετηθέντα
819 5757 881 5815 ἑκ
931 5763 1033 5828 τῆς
1108 5754 1274 5810 αὐτοῦ
1360 5752 1578 5834 βίϐλου²
1633 5752 1984 5834 καλουμένης

2097 3392 2427 3444 Δεσποτικοῦ
2459 3386 2713 3463 σώματος
2741 3388 2833 3443 καὶ
2866 3386 3121 3461 αἳματος.

2568 3512 2757 3587 Τόμος
2795 3507 3259 3569 ἒννεακαιδέκατο.

2168 3635 2317 3693 Κατὰ
2345 3633 2699 3711 Βογομίλων.

2669 3753 2861 3827 Τόμος
2899 3754 3161 3816 εἰκοστὸς.

2168 3861 2303 3937 Περὶ
2377 3867 2479 3931 τῆς
2556 3865 2845 3937 θρησκείας
2918 3866 3026 3918 τῶν
3102 3862 3450 3940 ’Δγαρηνῶν,
3499 3862 3593 3916 καὶ
3650 3868 3764 3931 τῆς

2094 3951 2297 4023 τάξεως
2366 3954 2444 4026 (5)
2505 3958 2607 4023 τῆς
2663 3952 2957 4029 γινομένης
3019 3951 3111 4009 ἐπὶ
3159 3956 3275 4013 τοῖς
3332 3948 3761 4029 ἐπιστρέφουσιν

2096 4040 2158 4098 έκ
2194 4045 2301 4098 τῶν
2335 4039 2701 4119 Σαρῥακηνῶν
2733 4041 2809 4105 εἷς
2858 4042 2961 4113 τήν
3010 4042 3248 4115 καθαρὰν
3298 4039 3390 4097 καὶ
3446 4040 3773 4116 ἀμώμητον

2098 4133 2281 4188 πίστιν
2311 4132 2492 4207 ἡμῶν.

2549 4239 2737 4315 Τόμος
2779 4238 3023 4302 εἰκοστὸς
3062 4244 3302 4316 πρῶτος.

2170 4347 2302 4423 Περὶ
2366 4351 2466 4403 τοῦ
2534 4346 2850 4422 Πνεύματος
2916 4347 3056 4403 κατὰ
3115 4349 3377 4417 Λατίνων,
3436 4344 3490 4403 ἂν
3558 4346 3607 4420 ᾧ
3665 4349 3772 4403 καὶ

2099 4440 2331 4518 χρήσεις
2366 4434 2643 4517 διάφοροι.

2529 4564 2714 4638 Τόμος
2755 4562 3001 4628 εἰκοστὸς
3043 4560 3316 4639 δεύτερος,

2020 4683 2074 4749 1)
2173 4670 2303 4748 Περὶ
2327 4675 2434 4726 τῶν
2466 4671 2749 4749 Ἀζύμων.

2564 4782 2753 4856 Τόμος
2792 4782 3040 4848 εἰκοστὸς
3089 4781 3288 4859 τρίτος.

2164 4898 2256 4951 Ἐν
2290 4890 2337 4965 ᾦ
2368 4891 2594 4966 σύνοψις
2636 4896 2747 4947 τῶν
2803 4894 3127 4965 κινηθέντων
3185 4888 3481 4968 δογμάτων
3522 4888 3603 4945 ἐπὶ
3657 4893 3763 4943 τοῦ

2099 4980 2380 5061 βασιλέως
2406 4985 2575 5058 κυροῦ
2605 4981 2858 5055 Ἀλεξίου
2886 4987 2984 5039 τοῦ
3016 4986 3324 5059 Κομνηνοῦ.

2536 5094 2717 5171 Τόμος
2759 5091 3003 5154 εἰκοστὸς
3037 5092 3316 5166 τέταρτος.

2168 5188 2298 5263 Περὶ
2363 5190 2463 5242 τοῦ
2530 5168 2803 5263 δόγματος
2873 5185 2975 5257 (6),
3064 5181 3138 5235 Σὺ
3207 5182 3261 5236 εἴ
3340 5182 3369 5236 ὁ
3430 5168 3752 5263 προσφέρων

2092 5278 2182 5335 καὶ
2247 5260 2721 5353 προσφερόμενος,
2784 5270 3125 5340 λαληθέντος
3174 5269 3261 5326 ἐπὶ
3319 5273 3416 5326 τοῦ
3477 5260 3764 5343 βασιλέως

2094 5371 2262 5443 κυροῦ
2291 5364 2556 5436 Μανουήλ
2586 5368 2683 5420 τοῦ
2710 5366 3033 5437 Κομνηνοῦ.

2096 5473 2428 5550 Κορὰνηκαὶ
2455 5473 2784 5550 Χωνειάτου⁸
2801 5468 3195 5550 αιςςςιῤῥινςσειςἈ
3218 5468 3377 5550 quod
3404 5466 3770 5550 distinctum

2095 5541 2246 5624 Opus
2276 5547 2349 5624 ab
2382 5547 2493 5624 hac
2520 5546 2788 5624 thesauri
2824 5541 3256 5624 Nic'etteparte:
3265 5541 3592 5624 existimat.

2166 5622 2247 5691 (6)7
2274 5619 2488 5676 Confer
2515 5622 2687 5676 Joan.
2718 5615 2994 5691 Cinnami
3029 5608 3173 5669 Hist.
3211 5614 3322 5691 _l_i_h.
3363 5629 3452 5691 iv.
3500 5608 3765 5691 cap;_16,

2097 5683 2453 5749 et'N'icetam
2475 5692 2537 5750 in
2571 5687 2846 5747 Manuele
2875 5687 3179 5743 Comneno
3211 5685 3329 5753 VII,
3362 5685 3417 5752 5,
3454 5696 3514 5751 p.
3564 5683 3693 5737 137.
