4052 6378
256 483 406 545 1101

685 613 872 688 Τόμος
912 611 1154 671 εἰκοστὸς
1195 613 1468 688 πέμπτος.

332 727 464 801 Περὶ
496 729 593 780 τοῦ
662 721 939 798 δόγματος
989 726 1112 790 τοῦ,
1152 725 1212 781 Ὀ
1279 724 1468 800 Πατὴρ
1540 743 1645 795 μου
1719 721 1918 796 μείξων

269 838 372 890 μου
438 813 604 883 ἐπτῖν,
674 811 997 891 ἀναερυέντος
1062 813 1148 868 ἐπὶ
1216 817 1313 868 τοῦ
1382 815 1554 869 αὐτοῦ
1625 811 1916 889 βασιλέως.

268 909 424 978 Ζίίτει
474 905 574 974 τὴν
635 903 940 977 λεγομένην
1012 905 1324 982 συγγραφὴν
1399 903 1553 968 εὐθὺς
1622 904 1754 976 μετὰ
1817 903 1916 972 τὴν

269 996 506 1070 κύρωσιν
535 997 632 1047 τοῦ
661 993 914 1047 τοιούτου
949 989 1223 1068 δόγματος
1266 995 1413 1068 παρὰ
1456 1014 1566 1049 τισι
1612 989 1916 1065 λεγομένην

265 1086 337 1146 ὡς
397 1085 472 1157 μὴ
535 1081 730 1138 ἐπίπαν
814 1080 1203 1156 ἀρεσκομένην·
1292 1081 1342 1136 ἐν
1513 1080 1568 1136 δὲ
1636 1082 1919 1156 συγγραφῇ

264 1177 495 1250 χρήσεις
573 1170 771 1251 σχεδὸν
852 1171 1064 1226 πάντων
1136 1175 1246 1226 τῶν
1325 1173 1494 1247 ἁγίων
1569 1169 1915 1248 ἐμφέρονται.

263 1265 394 1338 Περὶ
443 1261 499 1317 δὲ
547 1263 608 1316 τὸ
663 1259 828 1322 τέλος
873 1262 960 1315 καὶ
1015 1259 1412 1334 συλλογιστικά
1449 1282 1569 1317 τινα
1627 1258 1918 1331 κεφάλαια,

268 1354 520 1427 περὶτοῦ
555 1352 630 1423 μή
664 1347 773 1404 δεῖν
824 1351 917 1404 τὸν
978 1350 1209 1424 Χριστὸν
1259 1352 1361 1420 τὴν
1417 1350 1542 1425 μίαν
1599 1347 1919 1418 ὒπὸστασιν,

265 1443 354 1497 καὶ
390 1441 481 1495 τὸν
513 1437 605 1494 ἕνα
637 1439 836 1513 Κύριον
868 1438 956 1494 καὶ
987 1440 1109 1494 Υἱὸν
1139 1444 1236 1494 τοῦ
1285 1445 1440 1506 Θεοῦ,
1498 1440 1589 1493 καὶ
1643 1439 1776 1513 μετὰ
1823 1439 1921 1506 τὴν

265 1529 678 1599 ἐνανθρώπησιν
711 1526 973 1582 ἐλάττονα
1031 1530 1127 1581 τοῦ
1175 1529 1383 1602 Ματρὸς
1432 1526 1608 1602 λέγειν
1664 1527 1739 1588 ὡς
1790 1547 1922 1602 σαρ-

267 1621 524 1697 κοφόρον.
559 1620 752 1691 Ἡμεῖς
785 1620 888 1693 γὰρ
917 1623 1088 1674 ταῦτα
1117 1619 1227 1695 οὐχ
1263 1619 1514 1695 εὕρομεν.
1572 1616 1756 1692 (¹Αλλ’
1810 1617 1921 1692 ἐγὼ

263 1714 428 1765 ταῦτα
479 1708 726 1784 εὑρηκὼς
783 1707 1099 1784 προσέθηκα
1151 1709 1288 1782 μετά
1344 1710 1443 1778 τὴν
1489 1709 1774 1784 καταρχὴν
1825 1711 1922 1762 τοῦ

264 1797 451 1876 τρίτου
489 1798 666 1870 τόμου
695 1803 796 1866 τῆς
829 1797 1107 1870 παρούσης
1141 1792 1389 1872 βίϐλου.)

745 1907 929 1979 Τόμος
970 1905 1213 1967 εἰκοστὸς
1242 1902 1420 1968 ἕκτος.

1605 481 2009 545 THESAURI
2054 485 2203 546 LIB.
2252 490 2304 549 Ι.

1939 624 1995 686 Α

3522 495 3678 558 1102

2457 623 2496 677 Τ
2494 637 2648 678 omus
2676 625 2967 681 vicesimus
2999 625 3250 696 quintus.

2098 724 2178 783 De
2209 728 2477 800 dogmate
2506 730 2630 796 illo,
2669 735 2836 786 Pater
2889 749 3046 788 meus
3091 737 3277 806 major
3323 753 3411 792 me
3454 744 3533 793 est
3583 740 3682 810 (7),

2027 817 2175 885 quod
2211 818 2322 872 sub
2352 820 2557 876 eodem
2590 822 2942 893 imperatore
2993 831 3258 879 exortum
3323 830 3429 881 est.
3479 830 3686 892 Quaere

2028 907 2218 978 ipsum
2239 914 2552 965 tractatum
2580 911 2775 967 statim
2795 918 2924 983 post
2946 912 3124 984 hujus
3144 915 3436 988 dogmatis
3465 920 3683 974 confir-

2030 997 2365 1065 mationem,
2399 1015 2576 1071 quam
2625 1001 2862 1071 quidam
2923 1001 3216 1072 dicebant,
3272 1020 3390 1060 non
3443 1007 3684 1065 omnino

2029 1087 2292 1159 placere:
2326 1089 2383 1143 in
2417 1106 2532 1160 quo
2563 1093 2814 1146 tractatu
2849 1091 2964 1146 fere
3014 1093 3278 1148 omnium
3333 1095 3682 1154 Sanctorum

2029 1177 2154 1233 loca
2173 1178 2515 1234 all‘eruntur.
2547 1180 2609 1234 In
2656 1179 2772 1235 ﬁne
2812 1197 2944 1236 vero
2977 1181 3166 1251 capita
3198 1185 3466 1253 quaedam
3499 1187 3679 1259 syllo-

2029 1267 2260 1340 gistica,
2292 1269 2444 1340 quod
2481 1285 2593 1325 non
2628 1275 2893 1340 oporteat
2944 1271 3266 1342 Christum,
3296 1274 3398 1346 qui
3445 1282 3531 1330 est
3563 1293 3683 1332 una

2030 1357 2380 1429 hypostasis,
2413 1374 2683 1429 unusque
2717 1359 2999 1415 Dominus
3031 1363 3085 1415 et
3121 1360 3302 1416 Filius
3362 1362 3481 1429 Dei,
3505 1363 3679 1420 etiam

2030 1451 2163 1519 post
2187 1447 2657 1504 Incurnationem
2686 1448 2970 1504 minorem
3007 1453 3174 1505 Patre
3232 1450 3446 1518 dicere,
3479 1457 3680 1524 utpote

2029 1554 2264 1593 carnem
2297 1538 2598 1595 ferentem.
2633 1542 2749 1594 Nos
2780 1539 2935 1594 enim
2967 1539 3088 1596 haec
3149 1557 3264 1596 non
3323 1546 3675 1614 reperimus.

2031 1632 2097 1682 Et
2125 1628 2304 1682 altera
2332 1644 2540 1684 manu:
2573 1631 2645 1682 At
2673 1645 2779 1699 ego
2811 1644 2946 1684 cum
2979 1631 3350 1700 reperissem,
3382 1639 3512 1704 post
3570 1633 3680 1688 ini-

2035 1716 2179 1772 lium
2211 1717 2367 1772 tertii
2399 1717 2541 1774 tomi
2573 1717 2822 1788 hujusce
2853 1717 2986 1774 libri
3019 1719 3226 1791 adjeci.

2478 1917 2667 1971 Tomus
2694 1915 2990 1972 vicesimus
3017 1925 3224 1973 sextus.

336 2013 464 2088 Περὶ
516 2018 613 2068 τοῦ
673 2010 948 2088 δόγματος
1011 2017 1109 2068 τοῦ
1165 2017 1296 2069 Θεοῦ
1354 2017 1450 2070 τοῦ
1505 2012 1772 2087 Μιυοὶμετ,
1827 2016 1919 2068 τοῦ

2103 2026 2180 2077 De
2209 2023 2477 2093 dogmate
2511 2022 2605 2078 Dei
2638 2023 2971 2079 Mahometh
3007 2023 3106 2096 (8),
3141 2025 3294 2097 quod
3327 2025 3530 2082 eodem
3563 2026 3680 2082 im-

269 2103 599 2175 λοιληθὲντος
629 2102 712 2159 ἔπὶ
748 2108 844 2158 τοῦ
874 2102 1039 2159 αὐτοῦ
1076 2102 1368 2179 βκσιλέως.

698 2214 885 2286 Τόμος
925 2213 1170 2277 εἰκοστὸς
1206 2209 1466 2286 ἕϐδομος.

335 2324 462 2399 Περὶ
534 2327 631 2378 τοῦ
691 2319 968 2397 δόγματος
1024 2325 1133 2376 τῶν
1196 2322 1354 2376 θείων
1443 2319 1756 2397 μυστηρίων
1819 2324 1916 2374 τοῦ

263 2411 573 2484 κινηθέντος
651 2409 740 2467 ἐπὶ
813 2415 913 2476 τῆς
995 2408 1273 2487 βασιλείας
1346 2415 1443 2465 τοῦ
1522 2407 1571 2482 ἐξ
1641 2408 1918 2485 Ἀγγὲλων

264 2501 510 2574 Ἀλεξίου
540 2505 637 2556 τοῦ
669 2502 984 2573 Κομνηνοῦ,
1015 2504 1113 2555 τοῦ
1152 2501 1241 2556 καί
1281 2500 1648 2574 κυρώσαντος,
1676 2498 1919 2577 ἄφθαρτα

267 2590 507 2668 λέγεσθσιι
539 2594 706 2646 ταῦτα
735 2589 824 2644 καὶ
861 2591 937 2664 μή
972 2591 1208 2666 φθκρτά.

337 2765 414 2832 (7)
446 2764 524 2820 De
555 2763 664 2819 hac
695 2763 1086 2820 controversia
1117 2780 1218 2834 per
1262 2762 1622 2819 Demetrium
1675 2761 1922 2832 Lampe-

266 2855 400 2891 num
435 2841 593 2890 mota
624 2836 752 2890 vide
784 2835 1134 2891 Cinnamum
1169 2835 1266 2891 lib.
1300 2849 1374 2905 v1,
1399 2835 1544 2890 Hist.
1605 2851 1737 2905 pag.
1799 2835 1923 2904 147,

268 2910 524 2966 Nicetam
551 2908 608 2961 io
644 2907 902 2962 Manuale
935 2906 1232 2963 Comneno
1262 2907 1365 2963 lib.
1399 2923 1502 2974 vn,
1536 2922 1662 2976 cap.
1693 2908 1749 2962 5.

335 2981 414 3052 (8)
461 2984 612 3052 Num
678 2981 1046 3034 anathemate
1104 2979 1474 3052 devovendus
1532 2982 1706 3052 esset,
1766 2978 1922 3052 quod

265 3050 493 3108 Mauuel
523 3055 856 3108 Comnenus
879 3051 1131 3108 vetabat.
1169 3052 1311 3108 Vide
1335 3051 1548 3107 Nicetes
1591 3050 1922 3106 Manuelem

2031 2116 2269 2184 perante
2293 2112 2618 2186 expositum
2648 2114 2780 2172 fuit.

2438 2223 2630 2277 Tomus
2660 2221 2955 2278 vicesimus
2981 2225 3267 2296 septimus.

2097 2335 2179 2384 De
2211 2329 2478 2399 dogmate
2518 2329 2851 2386 divinorum
2921 2331 3336 2404 mysteriorum
3391 2332 3492 2405 (9),
3528 2333 3686 2390 exci-

2027 2422 2147 2474 tato
2179 2419 2290 2474 sub
2321 2419 2566 2490 imperio
2622 2419 2805 2476 Alexii
2868 2423 3142 2478 Comneni
3198 2421 3424 2494 Angeli,
3484 2423 3585 2496 qui
3631 2427 3688 2480 et

2030 2509 2283 2565 decrevit
2314 2509 2430 2565 hanc
2461 2508 2952 2582 incorruptibilia,
2995 2529 3110 2568 non
3162 2515 3355 2568 autem
3395 2513 3685 2586 corrupti-

2031 2599 2190 2669 bilia,
2215 2598 2331 2654 dici
2363 2602 2649 2670 oportere.

2031 2759 2525 2834 Comnenumrlib.
2581 2778 2674 2834 ni,
2725 2777 2850 2834 cap.
2909 2761 3291 2834 6.7Sylburgi
3346 2763 3690 2820 Saracenica

2032 2850 2169 2915 pag.
2196 2835 2284 2898 86,
2322 2833 2452 2915 133νζ
2467 2849 2594 2915 seq.
2628 2832 2934 2888 Vedelium
2967 2833 3037 2889 de
3063 2832 3382 2906 prudentia
3424 2835 3548 2891 Vet.
3585 2837 3683 2892 Ec-

2033 2904 2222 2960 clesia:
2257 2921 2388 2975 pag.
2419 2904 2548 2968 216,
2580 2920 2703 2975 seq.
3072 2904 3085 2906 ⁷

2107 2977 2180 3048 (9)
2207 2976 2414 3049 Confer
2436 2976 2697 3049 Nicetam
2723 2976 2779 3031 in
2807 2976 3005 3032 Alexio
3049 2978 3268 3049 Angelo
3309 2978 3408 3034 lib.
3445 2996 3524 3045 ιιι,
3557 2996 3684 3049 cap.

2033 3047 2412 3116 3,et'Mich.le
2433 3048 2616 3112 Quian
2640 3049 2712 3104 ad
2765 3047 3186 3106 Damascenum
3238 3054 3280 3106 t.
3314 3052 3358 3120 Ι,
3393 3068 3523 3124 pag.
3557 3047 3684 3110 653.

995 3481 1789 3649 NICET/E
1872 3477 2958 3646 CHONIAm
3097 3372 3100 3375 ‘

659 3795 1498 3895 THESAURI
1650 3792 2692 3890 ORTHODOXAE
2831 3794 3292 3892 FIDEI

1545 4024 1874 4113 LIBER
1969 4021 2404 4114 PRIMUS

1056 4233 1138 4284 De
1169 4225 1658 4300 philosophorum
1691 4226 2060 4283 ethnicorum
2095 4230 2152 4282 et
2188 4227 2525 4284 Judieorum
2559 4227 2876 4285 erroribus.

863 4495 1302 4554 PROOEMIUM.

330 4597 469 4668 Deo,
505 4597 714 4668 Deique
747 4596 1073 4653 cultoribus
1096 4597 1236 4670 quid
1269 4598 1339 4652 ad
1391 4595 1505 4663 sui,
1540 4611 1759 4668 quaeso,
1793 4611 1918 4668 per-

254 4687 565 4743 fectionem
592 4688 868 4744 accedere
928 4688 1160 4759 possit?
1213 4687 1314 4742 Ille
1370 4687 1550 4756 enim,
1578 4702 1710 4740 cum
1753 4701 1919 4757 expe-

257 4779 562 4833 tendorum
595 4778 856 4834 omnium
893 4777 1149 4849 primum
1181 4781 1239 4832 et
1259 4791 1562 4833 summum
1588 4774 1687 4842 sit,
1717 4791 1917 4831 eorum
1944 4792 1948 4796 '

253 4871 406 4922 certe
439 4884 565 4939 quae
599 4869 738 4922 sunt
768 4865 828 4922 in
865 4882 1060 4920 rerum
1124 4869 1334 4920 natura
1399 4863 1621 4919 nullius
1669 4863 1916 4935 indiget.

254 4955 553 5029 Siquidem
588 4960 643 5011 et
675 4973 742 5010 ex
773 4955 922 5027 ipso,
957 4961 1013 5010 et
1045 4971 1149 5026 per
1205 4954 1401 5026 ipsum
1461 4952 1660 5009 omnia
1693 4952 1802 5008 hoc
1831 4952 1918 5023 ip-

255 5062 413 5113 sum,
448 5050 509 5100 ut
537 5049 758 5114 essent,
791 5044 998 5100 sortita
1075 5048 1234 5098 sunt.
1285 5044 1354 5098 Hi
1432 5048 1628 5097 autem
1685 5043 1920 5097 virtutis

253 5135 559 5199 beneﬁcio,
594 5136 785 5206 quoad
819 5136 948 5205 ejus
992 5133 1337 5188 humanitus
1395 5131 1520 5187 fieri
1576 5135 1789 5203 potest,
1845 5130 1919 5186 ad

257 5222 442 5279 Deum
504 5226 763 5296 proxime
822 5224 1190 5292 accedentes,
1239 5221 1684 5293 divinitatisque
1739 5221 1919 5293 parti-

256 5310 419 5382 cipes
477 5314 685 5382 etl'ecti,
747 5331 810 5370 ex
871 5313 1000 5384 ejus
1055 5311 1220 5382 copia
1281 5327 1451 5368 suam
1502 5311 1920 5383 suppleverunt

249 5401 536 5474 inopiam,
570 5403 689 5458 imo
751 5420 884 5460 vero
942 5408 1094 5457 Deus
1148 5401 1272 5472 ipse
1329 5400 1400 5455 ad
1447 5399 1755 5455 hominum
1789 5402 1922 5454 vota

249 5491 514 5563 seipsum
535 5492 1072 5556 accommodans,si
1107 5490 1249 5562 quid
1274 5505 1474 5545 eorum
1500 5505 1631 5560 quae
1670 5487 1921 5560 largitus

250 5588 346 5635 est
374 5581 448 5634 ab
481 5580 596 5636 illis
657 5581 959 5650 oll'eratur,
1020 5580 1078 5636 id
1138 5580 1190 5635 ei
1238 5582 1600 5652 pergratum,
1635 5581 1919 5649 tanquam

247 5673 477 5725 certum
513 5669 645 5724 ﬁdei
681 5670 1003 5740 specimen,
1033 5685 1250 5742 perque
1274 5668 1614 5740 jucundum
1670 5672 1779 5724 est.
1817 5667 1917 5723 Ille

245 5774 394 5816 sane
419 5773 610 5829 neque
643 5757 986 5815 offerentem
1045 5763 1374 5827 aversatur,
1435 5773 1626 5831 neque
1684 5773 1815 5814 raro
1858 5772 1922 5814 se

245 5847 527 5924 precibus
558 5848 685 5924 ipse
721 5848 937 5923 placari
990 5848 1182 5920 jubet,
1246 5851 1312 5905 ut
1353 5847 1464 5905 hoc
1499 5850 1668 5922 pacto
1717 5845 1776 5907 in
1826 5847 1922 5904 die

1943 4495 1986 4563 C
2027 4496 2360 4553 afﬂictionis
2392 4498 2548 4554 mala
2572 4499 2770 4570 procul
2793 4500 3068 4573 aspellat,
3087 4506 3145 4559 et
3167 4504 3389 4562 meritis
3406 4482 3686 4579 deinceps

2027 4585 2302 4642 laudibus
2334 4586 2682 4644 celebretur.
2715 4593 2997 4647 Caeterum
3058 4593 3159 4664 qui
3217 4594 3288 4649 ad
3347 4594 3532 4652 Deum
3583 4613 3688 4668 per

2028 4677 2302 4732 virtutem
2329 4677 2589 4748 proxime
2627 4679 2940 4749 accedunt,
2973 4697 3078 4737 nec
3130 4682 3402 4738 humanas
3459 4689 3684 4742 natura;

2027 4763 2312 4822 terminos
2342 4769 2718 4840 transgressi,
2749 4786 2854 4824 nec
2892 4771 3131 4827 omnino
3179 4771 3464 4829 Martham
3493 4773 3683 4843 illam,

2029 4873 2156 4927 quae
2186 4857 2411 4927 corpori
2443 4859 2701 4914 curando
2732 4863 3067 4916 necessaria
3121 4861 3360 4932 satagit,
3408 4865 3681 4934 aversati,

2029 4947 2206 5002 rebus
2237 4947 2474 5019 insuper
2504 4964 2638 5004 cum
2680 4949 2866 5004 Maria
2925 4950 3394 5022 contemplandis
3451 4953 3684 5025 intenti,

2029 5041 2082 5089 et
2112 5034 2267 5091 comi
2299 5035 2776 5106 supplicantibus
2832 5036 3091 5108 alloquio
3149 5040 3520 5109 respondent,
3579 5057 3685 5097 nec

2030 5139 2091 5179 se
2123 5140 2361 5195 prorsus
2392 5123 2801 5196 implacabiles
2833 5124 2972 5193 illis,
2999 5126 3501 5200 inexpiabilesque
3541 5147 3688 5202 pras-

2029 5218 2208 5281 stant,
2243 5217 2298 5269 et
2328 5230 2457 5284 quae
2489 5214 2557 5267 ad
2594 5213 2960 5284 spiritualem
2994 5219 3170 5271 vitam
3223 5220 3554 5275 necessaria
3600 5219 3686 5275 vi-

2030 5303 2259 5371 dentur,
2292 5301 2527 5356 candidi
2576 5303 2914 5373 petentibus
2974 5303 3366 5376 impertiunt:
3427 5307 3687 5364 vicissim

2029 5391 2203 5447 etiam
2237 5389 2350 5462 ipsi
2391 5405 2754 5461 quaecunque
2816 5392 3092 5448 virtutem
3163 5411 3278 5450 non
3331 5395 3686 5468 adulterant,

2028 5478 2476 5550 benignissime,
2511 5479 2559 5535 si
2593 5487 3008 5553 suggerantur,
3038 5483 3361 5555 excipiunt.

2101 5568 2216 5624 Hac
2243 5567 2440 5640 itaque
2471 5567 2542 5623 de
2568 5584 2768 5636 causa,
2801 5570 2889 5626 vir
2914 5571 3112 5628 animo
3154 5588 3281 5629 meo
3330 5573 3502 5647 longe
3554 5575 3694 5634 cha-

2029 5658 2281 5724 rissima,
2313 5672 2419 5729 ego
2451 5657 2687 5729 quidem
2722 5657 2866 5713 nihil
2900 5675 3103 5716 eorum
3162 5661 3375 5732 quibus
3432 5665 3507 5720 ali
3567 5682 3690 5723 cor-

2030 5765 2139 5822 pus
2171 5753 2228 5804 et
2274 5747 2589 5803 sustentari
2642 5748 2811 5816 solet,
2874 5749 3075 5821 pietati
3124 5755 3238 5806 tuae
3297 5754 3687 5825 suppeditavi,

2027 5857 2096 5898 ex
2126 5854 2243 5913 quo
2274 5840 2338 5894 tu
2369 5838 2673 5895 communi
2735 5854 2966 5896 mecum
3018 5839 3253 5912 jactura
3285 5841 3560 5911 gentibus
3613 5845 3688 5902 ad
