4052 6458
344 427 501 491 1103

1668 418 1977 481 ΝΙΟΕΤΛΕ
2019 417 2437 481 ΟΗΟΝΙΛΤΕ

3611 419 3794 482 “Ol

341 560 614 619 Occiduis
646 558 839 616 natale
868 556 1058 616 solum
1086 559 1311 613 vertere
1368 557 1602 611 coactus
1658 570 1743 611 es.
1801 557 1994 626 Atque
2021 559 2078 626 Α
2110 553 2331 610 nullius
2362 571 2477 611 non
2510 554 2891 628 turpitudinis
2929 557 3067 611 nota
3118 553 3477 627 insignibus,
3529 555 3593 613 in
3636 574 3787 615 sen-

339 652 465 709 hasc
503 667 571 708 eo
602 666 744 707 sane
784 666 901 705 non
947 648 1094 711 dico,
1153 646 1291 718 quia
1346 643 1553 700 nullus
1604 659 1808 700 eorum
1866 657 1995 714 quae

341 746 480 799 sunt
508 742 566 794 in
600 755 791 795 rerum
824 744 1030 792 natura
1060 736 1185 807 ipse
1218 734 1511 807 indigeam
1558 733 1692 804 (hoc
1730 731 1890 788 enim
1924 748 1997 787 ne

341 832 496 887 Elius
526 830 787 901 quidem,
830 828 1158 882 sobriorum
1215 822 1434 895 alioqui
1481 823 1997 894 Jejunantiumque

341 921 635 993 primitiae,
669 916 956 990 praestitit.
1016 914 1231 985 Aﬂeres
1272 912 1429 968 enim
1481 913 1641 981 mihi,
1674 912 1868 983 inquit
1898 909 1995 965 ille

337 1012 546 1079 viduas,
579 1008 879 1063 buccellam
908 1020 1118 1077 quoque
1166 1004 1330 1069 panis
1366 1004 1418 1057 et
1471 999 1643 1072 [acies
1691 1000 1832 1055 mihi
1875 1015 1994 1071 prr-

336 1118 491 1157 mum
516 1100 943 1157 subcinericz'um
968 1111 1190 1168 panem,
1216 1094 1353 1165 ﬁlis:
1373 1102 1569 1149 autem
1597 1095 1708 1148 tui:
1728 1101 1919 1164 postea
1950 1094 1992 1150 ¹.

338 1194 461 1247 Imo
518 1205 675 1255 vero,
726 1203 802 1244 ne
860 1202 1027 1242 meus
1085 1184 1319 1257 quidem
1372 1181 1473 1238 ille
1530 1182 1802 1254 idemque
1850 1186 1991 1238 tuus

331 1281 528 1345 Jesus,
561 1277 661 1351 qui
695 1276 977 1348 tantisper
1031 1275 1171 1330 dum
1231 1274 1291 1328 in
1350 1272 1520 1328 terris
1577 1276 1846 1327 versatus
1874 1274 1988 1341 est,

332 1368 406 1425 iis
435 1384 584 1440 opus
632 1366 858 1431 habuit,
918 1379 1046 1433 qum
1102 1361 1311 1417 alendo
1370 1360 1600 1431 corpori
1658 1358 1991 1416 necessaria

333 1463 493 1525 sunt,
524 1457 624 1514 sed
657 1471 783 1512 cum
821 1455 1143 1527 jejunasset,
1173 1461 1363 1523 postea
1391 1453 1593 1507 esuriz't
1607 1449 1650 1522 ε,
1684 1455 1751 1505 ut
1781 1450 1989 1505 buma-

331 1548 536 1605 nitatis
557 1550 874 1615 assumpta
899 1543 1074 1598 ﬁdem
1098 1541 1333 1612 faceret)
1356 1557 1371 1608 ;
1393 1555 1599 1596 verum
1622 1539 1764 1611 quia
1809 1539 1989 1594 bene-

328 1637 615 1706 volentia',
669 1653 789 1708 qua
817 1640 874 1691 te
904 1649 1247 1705 prosequor,
1285 1630 1591 1704 spirituale
1645 1630 1755 1685 tibi
1811 1645 1987 1701 quam

331 1726 625 1798 corporale
656 1723 956 1796 specimen
992 1722 1085 1778 edi
1145 1721 1348 1790 mavis,
1400 1724 1468 1775 ut
1523 1719 1623 1792 qui
1682 1718 1824 1775 satis
1860 1718 1988 1792 ipse

330 1822 513 1888 perte
563 1815 951 1870 commeatum
1012 1809 1107 1865 vix
1163 1808 1312 1865 mihi
1367 1823 1676 1881 superesse
1733 1808 1985 1875 noveris,

329 1905 429 1977 qui
460 1901 779 1960 comitibus
811 1900 960 1957 meis
988 1904 1046 1956 et
1099 1897 1389 1956 ministris
1439 1897 1667 1955 alendis
1710 1896 1986 1966 sufﬁciat,

327 2011 463 2051 cum
495 1991 819 2066 praesertim
852 1989 1220 2063 peregrinam
1261 1988 1322 2044 in
1378 1988 1678 2061 regionem
1735 1986 1983 2043 commi-

325 2084 635 2157 graverim,
692 2085 753 2137 et
809 2080 882 2136 ad
942 2077 1227 2151 Bithynia:
1304 2075 1675 2151 metropolim
1733 2076 1984 2134 Nicaeam

323 2169 770 2229 tabernaculum
806 2168 1053 2234 fixerim,
1113 2166 1215 2223 ubi
1273 2167 1423 2233 vitae,
1483 2166 1638 2237 quod
1692 2170 1983 2238 superest,

317 2264 479 2317 velut
507 2258 733 2316 inutilis
763 2256 950 2326 exsul,
982 2257 1329 2328 advenaque
1350 2255 1691 2328 despicatus
1739 2256 1980 2327 agitem.

320 2353 606 2410 Ceterum
664 2350 818 2421 quod
885 2366 917 2403 a
1002 2363 1401 2420 saapenumero
1486 2346 1869 2419 requisivisti,
1925 2350 1985 2402 et

319 2440 621 2514 ﬂagitasti,
654 2440 711 2495 id
743 2454 879 2494 vero
912 2436 1017 2492 tibi
1063 2435 1422 2508 perlibenter
1478 2435 1743 2501 exhibeo,
1775 2435 1981 2492 elucu-

322 2532 548 2588 bratam
581 2528 804 2585 scilicet
830 2532 889 2583 et
945 2524 1302 2582 elaboratam
1359 2525 1653 2580 haereseon
1712 2524 1981 2580 omnium

325 2622 708 2692 1arraginem,
770 2631 990 2670 munus
1047 2614 1285 2686 quidem
1372 2620 1549 2680 certe,
1619 2613 1777 2686 quod
1836 2612 1987 2669 nulli

323 2724 526 2764 eorum
556 2723 685 2779 quae
722 2706 990 2761 homines
1022 2703 1080 2758 in
1105 2702 1291 2775 pretio
1313 2702 1555 2769 habent,
1587 2702 1981 2775 postponitur,

324 2799 418 2854 sed
457 2802 523 2853 ut
548 2796 720 2869 longe
750 2794 1014 2851 omnium
1048 2792 1540 2865 pretiosissimum
1584 2796 1642 2847 et
1698 2791 1983 2848 excellen-

325 2888 620 2945 tissimum
678 2885 995 2958 iudicatur,
1062 2898 1192 2938 cum
1252 2881 1325 2936 ab
1385 2881 1460 2939 iis
1517 2881 1617 2954 qui
1706 2881 1983 2953 pietatem

320 2991 638 3050 eorumque
695 2975 838 3030 adeo
895 2970 1319 3045 cognitionem,
1378 2986 1509 3042 qua
1566 2971 1639 3027 de
1706 2971 1984 3028 Numinis

321 3067 484 3124 cultu
514 3065 730 3121 sentire
760 3066 931 3133 atque
960 3076 1064 3133 pro
1102 3059 1243 3115 ratis
1303 3058 1520 3114 habere
1572 3064 1824 3130 oportet,
1875 3076 1983 3116 caa-

322 3156 463 3213 teris
496 3151 976 3208 rebusomnibus
1025 3147 1315 3202 anteferre
1374 3145 1618 3202 solent:
1665 3151 1794 3201 tum
1850 3163 1983 3204 vero

321 3245 408 3300 vel
441 3239 690 3298 maxime
706 3238 780 3293 ab
806 3238 878 3292 iis
899 3235 1000 3308 qui
1034 3251 1148 3290 non
1191 3234 1416 3290 multos
1463 3233 1723 3291 evolvere
1776 3233 1979 3305 libros,

2106 659 2237 699 sum
2272 643 2492 700 scilicet
2539 648 2848 716 reprobum
2895 643 3068 716 lapsi.
3119 642 3193 699 ad
3238 660 3424 717 eaque
3472 644 3791 717 facienda,

2108 748 2237 804 quis
2278 734 2521 790 minime
2551 735 2928 798 conveniunt,
2963 732 3246 805 proclives
3304 735 3780 806 impertivimus.

2107 821 2186 876 Ex
2229 838 2346 893 quo
2395 824 2605 890 evenit,
2667 829 2732 877 ut
2783 840 2897 878 una
2944 822 3211 878 omnium
3261 822 3590 897 eademque
3639 843 3781 896 vox,

2105 928 2290 967 unum
2341 912 2617 985 idemque
2664 912 2889 969 labium
2942 915 2999 967 in
3064 913 3259 969 varias
3308 918 3366 969 et
3407 914 3783 987 multiplices

2103 1000 2332 1074 linguas
2361 1005 2687 1058 evaserint:
2724 1008 2901 1073 atque
2932 1002 3135 1058 eadem
3169 1019 3347 1075 opera
3404 1005 3620 1061 unicus
3674 1007 3780 1064 ille

2105 1092 2203 1147 Dei
2247 1091 2438 1148 cultus
2481 1093 2541 1147 in
2590 1092 2822 1148 diversa
2867 1092 3196 1163 linguarum
3236 1092 3526 1149 idiomata
3568 1097 3779 1153 multi-

2102 1182 2353 1253 plicatus
2400 1182 2806 1255 dissectusque
2848 1182 2941 1251 sit,
2994 1186 3058 1238 ut
3103 1183 3199 1238 vix
3233 1183 3554 1255 quicquam
3595 1202 3760 1256 repe-

2101 1273 2241 1339 rias,
2275 1273 2333 1328 in
2366 1288 2483 1344 quo
2514 1275 2767 1344 majores
2799 1288 2979 1344 quam
3010 1270 3069 1328 in
3097 1288 3165 1328 ea
3195 1290 3324 1345 quas
3357 1275 3429 1328 de
3454 1274 3562 1329 Deo
3587 1274 3755 1332 insti-

2099 1363 2288 1417 tuitur
2318 1364 2543 1416 ratione
2596 1363 2902 1417 varietates
2957 1360 3263 1417 exsistant.
3310 1362 3620 1434 Siquidem
3663 1365 3770 1420 alii

2100 1450 2237 1520 alia,
2270 1449 2369 1505 alii
2401 1454 2543 1507 item
2574 1451 2645 1507 ab
2678 1451 2771 1507 his
2799 1451 3049 1519 diversa,
3085 1450 3307 1523 aliique
3356 1468 3563 1508 rursus
3616 1454 3775 1509 sibi-

2095 1542 2243 1613 ipsis
2273 1540 2588 1605 contraria,
2618 1541 2873 1610 denique
2916 1540 2988 1595 ab
3040 1539 3201 1596 hisce
3239 1540 3340 1596 alii
3380 1542 3780 1600 dissentanea

2097 1631 2416 1687 commenti
2446 1638 2588 1686 sunt
2617 1635 2675 1686 et
2703 1632 3049 1687 docuerunt.
3077 1630 3358 1695 Quocirca
3394 1636 3461 1688 ut
3497 1638 3779 1691 veterum

2096 1721 2272 1777 etiam
2324 1719 2730 1792 theologorum
2791 1719 3053 1793 plerique
3108 1722 3180 1778 de
3231 1721 3554 1779 haeresibus
3617 1727 3781 1781 scri-

2096 1810 2343 1883 pserint,
2376 1827 2492 1866 non
2547 1815 2748 1867 tamen
2808 1811 3110 1867 universas
3169 1811 3387 1883 singuli
3440 1818 3582 1870 sunt
3648 1832 3783 1872 uno

2097 1900 2520 1958 commentario
2551 1899 2858 1972 complexi,
2920 1917 3025 1955 nec
3084 1900 3392 1974 sigillatim
3453 1919 3785 1974 percurre-

2096 1995 2255 2047 runt.
2289 1989 2693 2047 Theodoretus
2720 1989 2900 2055 enim,
2961 1991 3049 2045 vir
3103 1990 3165 2046 in
3224 1991 3439 2047 divinis
3482 1994 3786 2052 exercita-

2093 2078 2386 2145 tissimus,
2421 2078 2657 2134 illarum
2689 2078 3018 2144 catalogum
3052 2080 3370 2148 contexuit,
3412 2082 3569 2153 quod
3624 2090 3781 2141 ante

2093 2185 2227 2225 eum
2263 2168 2357 2224 alii
2382 2185 2617 2241 quoque
2648 2169 2931 2236 fecerunt,
2994 2169 3246 2242 illasque
3309 2171 3472 2226 velut
3529 2188 3561 2227 e
3623 2191 3772 2243 pro-

2091 2258 2288 2314 cinctu
2320 2258 2753 2325 dissecuerunt,
2786 2262 2843 2313 et
2872 2267 3151 2330 tanquam
3200 2263 3398 2316 lenum
3458 2265 3770 2321 tectorum

2094 2346 2352 2403 ﬂammis
2385 2348 2731 2418 injecerunt,
2761 2354 3049 2420 quotquot
3079 2349 3205 2405 suis
3266 2351 3557 2423 cujusque
3608 2357 3773 2409 tem-

2094 2437 2335 2510 poribus
2366 2441 2577 2493 exortas
2609 2444 2768 2504 sunt,
2802 2437 2959 2493 velut
2990 2438 3222 2495 aconita
3262 2440 3508 2510 scilicet,
3538 2442 3777 2515 quibus

2093 2528 2323 2584 sincera
2353 2544 2601 2601 quaeque
2629 2536 3166 2601 corrumperentur.

2167 2618 2338 2675 Liber
2367 2623 2587 2685 autem,
2621 2616 2721 2689 qui
2755 2616 3085 2690 dogmatica
3145 2620 3423 2693 Panoplia
3477 2621 3770 2679 inscribis

2094 2708 2206 2764 bur
2233 2709 2337 2779 (1),
2390 2713 2456 2764 ut
2512 2708 2734 2780 priscas
2789 2708 3041 2765 haereses
3113 2712 3530 2784 compendiose
3610 2731 3759 2771 sane

2094 2798 2474 2864 recensuerit,
2509 2804 2678 2871 atque
2710 2815 2743 2855 a
2782 2796 3037 2855 Sabellio
3089 2800 3251 2867 Afro,
3311 2805 3369 2856 et
3426 2801 3759 2874 nonnullis,

2095 2887 2482 2960 quitempora
2511 2886 2671 2943 illius
2721 2893 3168 2961 praecesserunt,
3218 2888 3456 2946 initium
3497 2892 3759 2961 duxerit,

2095 2992 2218 3047 quis
2241 2984 2393 3034 certe
2423 2994 2457 3033 a
2487 2977 2756 3033 Patribus
2786 2979 2855 3033 ad
2901 2977 3138 3034 illarum
3183 2979 3541 3036 eversionem
3596 2981 3762 3038 dicta

2095 3067 2234 3133 sint,
2263 3065 2576 3138 permultis
2604 3066 2664 3122 in
2697 3067 3060 3123 sectionibus
3088 3069 3464 3141 prmtermisit
3508 3086 3523 3124 :
3558 3085 3761 3142 neque

2095 3155 2457 3211 mentionem
2491 3155 2670 3211 ullam
2708 3156 2860 3226 fecit,
2904 3158 3192 3213 undenam
3251 3157 3586 3212 earumdem
3636 3174 3751 3212 au-

2094 3249 2282 3300 ctores
2313 3249 2507 3301 ortum
2540 3244 2874 3315 habuerint,
2908 3245 3353 3319 cujusmodique
3381 3244 3555 3301 vitam
3588 3244 3747 3302 vixe-

325 3332 543 3388 nedum
567 3329 862 3385 hiereseon
883 3306 1275 3398 cognitionem
1300 3324 1547 3395 adipisci
1588 3330 1860 3396 possunt,
1892 3326 1980 3382 vel
2022 3306 2064 3373 C
2096 3333 2232 3389 rint.

324 3422 463 3494 quia
495 3416 728 3474 lectioni
759 3430 963 3471 vacare
993 3415 1300 3469 commodo
1332 3412 1451 3468 illis
1508 3412 1804 3486 integrum
1865 3431 1982 3470 non

325 3516 434 3577 est,
488 3507 576 3564 vel
635 3508 776 3579 quia
831 3506 943 3561 alio
1002 3503 1250 3560 artiﬁcio
1306 3501 1691 3575 exploratoris
1748 3504 1981 3561 Satanas

326 3600 491 3657 dolos
521 3616 554 3656 a
584 3614 646 3655 se
676 3596 901 3652 amoliri
936 3593 1290 3650 didicerunt.

395 3694 780 3765 Hippocrates
811 3689 989 3760 igitur
1020 3686 1119 3741 ille
1149 3686 1300 3742 Cous
1354 3686 1428 3741 de
1485 3690 1609 3742 arte
1662 3686 1979 3756 disserens,

327 3800 455 3856 quae
480 3780 787 3837 hominum
821 3775 1139 3834 valetudini
1170 3775 1448 3843 consulit,
1469 3775 1628 3832 hunc
1658 3777 1718 3832 in
1744 3778 1981 3832 modum

325 3871 697 3945 perapposita
748 3868 1165 3924 ratiocinatur:
1226 3867 1286 3923 Si
1358 3867 1533 3922 homo
1594 3882 1779 3921 unum
1839 3869 1979 3921 sim-

328 3960 526 4031 plexve
555 3957 695 4030 quid
729 3961 903 4024 esset,
947 3952 1146 4010 dolore
1198 3958 1351 4009 certe
1411 3952 1572 4009 nullo
1622 3959 1722 4008 aut
1774 3956 1979 4010 morbo

324 4049 655 4105 afficeretur
686 4062 700 4102 :
729 4050 789 4100 at
818 4042 1089 4116 quisquis
1122 4043 1356 4114 pietatis
1405 4043 1706 4097 studiosus
1752 4047 1861 4109 est,
1920 4047 1979 4100 et

323 4136 649 4193 multiﬁdas
680 4134 972 4190 haereseon
1009 4133 1229 4187 formas
1257 4148 1406 4196 aegre
1434 4132 1564 4195 fert,
1610 4148 1723 4186 non
1770 4131 1977 4187 absur-

322 4228 394 4282 de
423 4242 565 4282 sane
613 4225 695 4279 ita
755 4221 1139 4278 ratiocinatus
1196 4221 1294 4276 sit.
1353 4221 1409 4276 Si
1463 4223 1521 4276 in
1578 4220 1825 4293 pristina
1876 4222 1982 4279 illa

321 4314 655 4371 conditione
684 4311 1204 4383 acquievissemus,
1234 4326 1340 4365 nec
1388 4326 1456 4365 ea
1503 4310 1821 4383 despicatui
1872 4310 1976 4367 ha-

323 4404 682 4466 buissemus,
715 4418 840 4472 quas
887 4399 1225 4471 praescripta
1264 4399 1435 4454 nobis
1475 4404 1534 4454 et
1570 4399 1841 4471 imperata
1860 4400 1981 4458 fue-

323 4497 479 4559 runt,
512 4506 696 4547 unum
749 4490 951 4561 utique
999 4489 1186 4545 Deum
1231 4487 1619 4555 novissemus,
1670 4495 1848 4562 atque
1894 4491 1977 4547 ita

318 4598 388 4639 ex
409 4582 536 4652 ejus
568 4584 715 4636 nutu
749 4578 1262 4650 dependis-emus,
1295 4585 1361 4633 ut
1394 4576 1598 4634 nullus
1647 4579 1720 4635 ab
1771 4595 1838 4634 ea
1870 4596 1975 4638 nos

2166 3422 2279 3494 Ego
2311 3439 2446 3479 vero
2481 3423 2678 3495 pietati
2714 3429 2827 3480 tuae
2859 3424 3247 3498 gratiﬁcatus,
3291 3423 3573 3495 facileque
3606 3439 3751 3479 con-

2081 3512 2298 3583 jiciens
2328 3513 2470 3586 quid
2503 3514 2606 3569 tibi
2665 3530 2843 3586 super
2899 3532 2966 3570 ea
3024 3532 3087 3571 re
3146 3516 3508 3587 propositum
3540 3513 3755 3585 etjam

2088 3603 2475 3659 constitutum
2509 3603 2868 3673 sit,haereses
2888 3621 3014 3675 qua:
3036 3605 3152 3676 iam
3189 3605 3327 3660 olim
3357 3610 3757 3673 emerserunt,

2088 3691 2147 3747 in
2179 3693 2635 3750 commentarios
2669 3694 2954 3767 redigam,
2988 3700 3222 3751 nostras
3268 3692 3489 3767 aliquot
3536 3696 3756 3748 confu-

2086 3783 2361 3849 tationes,
2395 3784 2730 3856 perspicuas
2759 3785 2997 3856 quidem
3031 3783 3163 3840 illas
3193 3788 3253 3840 et
3283 3783 3572 3840 dilucidas
3606 3782 3760 3838 sub-

2079 3873 2421 3940 juncturus.
2457 3873 2671 3929 Deinde
2720 3889 2818 3929 eas
2866 3889 3100 3946 quoque
3143 3872 3549 3945 agglutinubo,
3601 3889 3758 3942 qua-

2088 3976 2220 4016 rum
2272 3962 2607 4034 Dogmatica
2648 3961 2928 4034 PanOplia
2970 3963 3260 4030 meminit,
3320 3962 3456 4018 illos
3507 3961 3753 4018 interim

2087 4067 2201 4107 non
2228 4052 2868 4123 praetermissurus,qui
2899 4052 2969 4108 de
2993 4052 3320 4109 beresibus
3359 4053 3752 4124 scripserunt,

2087 4144 2152 4195 ut
2183 4157 2297 4196 non
2329 4141 2519 4197 solum
2570 4141 2911 4210 blaspheme
2958 4140 3063 4197 illa
3109 4141 3367 4197 convitia
3417 4140 3523 4196 tibi
3571 4141 3752 4196 inno-

2084 4233 2333 4299 tescant,
2366 4247 2494 4302 qua:
2527 4230 2723 4291 saeculi
2758 4231 2936 4303 hujus
2963 4230 3261 4303 sapientes
3309 4247 3409 4287 ore
3436 4231 3493 4285 in
3526 4230 3747 4286 coelum

2084 4323 2372 4390 protento,
2405 4320 2685 4375 adversus
2718 4319 2900 4375 Deum
2932 4323 3383 4375 eructaverunt:
3431 4318 3530 4374 sed
3565 4318 3752 4375 etiam

2084 4409 2379 4464 undenam
2411 4417 2602 4465 ortum
2636 4408 2930 4473 duxerint,
2964 4408 3418 4481 cujusmodique
3465 4407 3752 4481 Spartam

2080 4497 2234 4552 nacti
2259 4497 2397 4553 sint.
2453 4498 2577 4562 Qua
2624 4498 2682 4554 in
2724 4497 3148 4571 consequentia
3196 4496 3477 4557 nonnulla
3509 4512 3751 4570 quoque

2082 4592 2355 4656 attexam,
2404 4603 2535 4659 quas
2578 4590 2878 4660 proposito
2946 4594 3293 4658 argumento
3362 4587 3752 4661 perapposita

318 4687 582 4744 unquam
612 4678 976 4725 transversos
1000 4683 1172 4740 agere
1191 4666 1635 4740 distrahereque
1656 4669 1967 4741 potuisset,
2000 4669 2047 4735 D
2073 4674 2368 4744 videntur,
2411 4681 2474 4730 ut
2515 4674 2822 4746 multiplici
2874 4676 3191 4733 voluminis
3251 4675 3426 4731 unius
3487 4673 3745 4731 historia

313 4781 401 4832 eo,
425 4759 813 4834 inquam,qui
837 4774 944 4814 nos
990 4758 1110 4813 luto
1154 4757 1323 4813 ﬁnxit
1366 4762 1423 4813 et
1469 4758 1817 4827 eﬂormavit,
1862 4759 1966 4832 qui

311 4854 486 4910 verbo
545 4868 652 4908 suo
701 4866 913 4922 corpus
955 4849 1064 4905 hoc
1114 4848 1516 4905 universitatis
1581 4848 1849 4906 fundavit
1910 4854 1969 4906 et

312 4940 618 5009 exstruxit,
651 4955 810 4996 nunc
840 4942 1036 4995 autem
1088 4935 1336 4993 consilio
1378 4937 1508 5009 ejus
1557 4953 1692 5004 usu,
1723 4938 1825 5010 qui
1866 4955 1965 4995 ne-

309 5032 509 5103 quitias
540 5046 714 5086 omne
750 5044 934 5099 genus
967 5030 1170 5085 auctor
1199 5031 1308 5096 est,
1340 5024 1473 5082 laxa
1498 5025 1601 5082 illa
1639 5031 1696 5082 et
1736 5027 1961 5100 magni-

307 5122 414 5176 ﬁca
457 5118 709 5190 paradisi
768 5118 1129 5175 habitatione
1180 5115 1372 5187 ejecti,
1416 5118 1474 5172 et
1525 5131 1559 5171 a
1624 5122 1791 5188 grato
1863 5118 1960 5174 Dei

306 5213 615 5280 conspectu
677 5206 877 5279 procul
938 5204 1176 5261 abducti
1234 5218 1475 5260 sumus:
1522 5204 1677 5260 mala
1707 5205 1959 5279 denique

306 5298 556 5369 pristina
585 5295 973 5352 deterioribus
1017 5292 1406 5358 cumulantes,
1460 5292 1724 5350 divinum
1762 5292 1955 5365 illum,

302 5390 397 5459 qui
441 5387 548 5443 soli
599 5386 714 5441 Deo
762 5384 1074 5455 peculiaris
1122 5392 1230 5451 est,
1277 5384 1525 5452 cultum,
1584 5382 1856 5457 gloriam,
1894 5391 1955 5443 et

300 5475 723 5541 adorationem,
754 5472 1085 5538 elementis,
1139 5470 1351 5540 brutis,
1406 5482 1580 5543 atque
1611 5472 1951 5533 hominibus

369 5601 389 5635 ί
423 5601 494 5655 ΙΙΙ
528 5599 667 5673 Reg.
700 5615 838 5671 xvn,
877 5600 964 5654 13.
1046 5597 1067 5633 ²
1104 5596 1315 5654 Matth.
1349 5614 1424 5664 ιν,
1472 5602 1521 5655 1.

368 5762 445 5836 (1)
476 5761 787 5841 Euthymio
818 5763 1109 5823 monacho
1137 5762 1427 5835 Zigabeno
1455 5768 1708 5824 auctore.

2076 4766 2351 4837 gaudeas,
2382 4783 2453 4823 ex
2479 4782 2667 4840 eoque
2696 4783 3032 4839 panaceam
3075 4782 3375 4839 excerpas,
3406 4782 3526 4837 qua
3572 4765 3746 4824 velut

2077 4856 2335 4915 amuleto
2366 4861 2422 4911 te
2452 4874 2486 4912 a
2524 4856 2868 4928 perniciosis
2916 4856 3209 4931 dogmatis
3263 4856 3558 4930 integrum
3615 4872 3744 4912 sar-

2074 4946 2316 5016 tumque
2336 4949 2557 5002 tectum
2589 4961 2919 5002 conserves.

2730 5063 2968 5119 CAPUT
3024 5064 3068 5119 Ι.

2068 5178 2321 5237 Mosaicae
2353 5178 2611 5237 Genessos
2669 5180 2940 5252 synopsis,
3000 5180 3068 5236 ab
3127 5178 3331 5236 Adamn
3385 5178 3462 5236 ad
3514 5179 3741 5236 Mosam.

2138 5297 2391 5353 Adamus
2419 5296 2682 5353 omnium
2714 5296 2946 5369 primus
2977 5313 3010 5354 a
3040 5302 3157 5355 Deo
3189 5312 3258 5353 ex
3287 5296 3471 5352 humo
3516 5297 3756 5354 forma-

2065 5390 2162 5443 tus
2192 5390 2302 5454 est,
2335 5393 2513 5458 atque
2542 5384 2707 5443 vitali
2737 5387 2951 5460 spiritu
3006 5386 3263 5454 afﬂatus,
3306 5403 3376 5443 ex
3431 5391 3751 5445 costarum

2063 5492 2305 5533 suarum
2338 5492 2454 5534 una
2484 5476 2659 5534 Evam
2693 5476 2807 5533 sibi
2838 5475 3096 5533 similem
3116 5475 3315 5533 emisit.
3344 5492 3359 5532 :
3405 5481 3531 5533 tum
3581 5492 3752 5533 non-
