4052 6442
368 380 523 442 1105

1711 374 2118 439 THESAURI
2162 375 2316 437 LIB.
2364 379 2412 438 Ι.

3638 379 3792 441 1106

364 521 565 586 gentos
595 512 836 586 triginta
861 512 1456 583 annos,posteaquam
1483 509 1554 566 ob
1586 513 2024 582 transgressum
2053 509 2108 577 Α
2134 509 2354 567 Jacobo
2386 511 2694 566 duodecim
2726 510 2830 566 ﬁlii
2863 511 2983 566 nati
3012 516 3168 580 sunt,
3197 526 3446 583 quorum
3480 527 3636 567 unus
3680 513 3786 568 Le-

365 603 596 659 Domini
631 605 982 674 praeceptum
1014 599 1285 670 paradiso
1336 599 1683 655 exturbatus
1738 604 1848 668 est,
1898 598 2024 653 Cai-

367 709 532 758 uum,
578 709 683 747 nec
732 692 811 746 ita
864 690 1047 745 multo
1106 695 1232 761 post
1284 687 1523 744 Abelem
1573 690 1798 760 genuit,
1845 687 2025 743 Caete-

369 799 496 838 rum
529 784 743 838 Cainus
775 779 934 836 Abeli
968 778 1284 834 insidiatus
1318 779 1484 834 illum
1519 780 1754 833 tandem
1811 779 1868 833 in
1901 778 2026 849 agri

367 871 684 928 solitudine
716 869 1142 940 deprehensum
1178 869 1486 925 interfecit.
1521 869 1656 923 Post
1688 867 1884 923 Abelis
1914 884 2021 922 caa-

367 965 498 1017 dem
529 963 741 1017 Sethus
776 961 998 1016 Adamo
1054 959 1332 1014 nascitur.
1397 963 1600 1030 Itaque
1661 958 1732 1013 ab
1797 958 2023 1014 Adamo

366 1053 778 1123 transgressio,
813 1067 846 1104 a
884 1049 1062 1105 Caino
1097 1049 1280 1104 caedes
1314 1048 1546 1102 initium
1581 1047 1824 1102 habuit:
1874 1053 1940 1101 ut
1970 1054 2022 1100 et

364 1159 397 1197 a
423 1142 656 1209 Jaredo,
689 1139 788 1211 qui
820 1140 1064 1212 quintus
1096 1155 1130 1194 a
1160 1137 1334 1194 Setho
1391 1137 1519 1203 fuit,
1576 1137 1882 1209 spurcitia,
1921 1152 2020 1191 ve-

365 1229 660 1298 neficium,
715 1229 1042 1301 prmetigiae,
1092 1236 1146 1284 et
1195 1227 1569 1284 adulterium.
1619 1227 1817 1283 Jaredi
1867 1226 2021 1282 ﬁlius

364 1321 476 1376 fuit
506 1319 799 1386 Enochus,
828 1318 929 1390 qui
977 1319 1095 1374 Deo
1146 1321 1349 1389 gratus
1381 1322 1437 1373 et
1454 1324 1727 1389 acceptus
1760 1334 1792 1372 a
1819 1333 2019 1373 corru-

363 1415 462 1482 pto
496 1407 758 1480 parentis
792 1407 1064 1464 instituto
1096 1407 1358 1462 descivit.
1387 1406 1492 1462 Hic
1540 1411 1744 1479 genuit
1789 1406 2022 1462 Mathu-

366 1499 678 1570 salemum,
724 1498 821 1568 qui
874 1497 1227 1554 Lamachum
1290 1496 1572 1568 suscepit,
1633 1497 1788 1552 Noaei
1859 1495 2018 1551 illius

364 1595 614 1661 patrem,
648 1590 814 1657 cujus
847 1587 1208 1658 temporibus
1240 1585 1456 1641 diluvio
1510 1590 1669 1641 totus
1731 1592 2015 1641 terrarum

361 1679 520 1734 orbis
551 1678 798 1733 obrutus
846 1682 952 1732 est.
1003 1676 1079 1731 Ex
1125 1677 1402 1731 omnibus
1458 1693 1626 1746 porro
1671 1675 2017 1731 mortalibus

361 1767 522 1822 solus
552 1767 645 1820 hic
678 1784 794 1821 una
827 1783 959 1821 cum
1004 1766 1192 1819 tribus
1246 1764 1400 1828 ﬁliis,
1452 1765 1645 1830 Semo,
1691 1765 1928 1834 Chamo,
1961 1770 2018 1820 et

2134 598 2213 668 vi,
2248 615 2421 671 quem
2453 599 2626 655 tertia
2665 601 3034 672 generatione
3067 603 3415 656 subsecutus
3448 605 3539 656 est
3581 605 3788 672 Moses,

2136 705 2251 759 quo
2283 688 2427 745 duce
2457 693 2514 745 et
2545 697 2776 745 auclore
2810 689 2988 747 Israel
3020 693 3198 746 duras
3230 691 3628 762 Egyptiorum
3666 709 3787 746 ma-

2137 796 2246 835 nus
2276 783 2481 849 evasit,
2518 781 2693 838 Mosis
2723 798 2891 852 porro
2938 783 3302 854 temporibus
3343 783 3414 837 Jo
3467 783 3525 837 ir.
3569 781 3792 840 Graecia

2134 868 2395 937 ﬂorebat,
2429 887 2602 940 quam
2636 870 2885 941 Egyptii
2936 869 3053 925 Isin
3100 870 3388 936 dicebant,
3421 875 3477 926 et
3527 876 3589 925 ut
3620 872 3786 926 deam

2134 959 2577 1016 venerabantur.
2612 961 2798 1014 Atthis
2830 975 3064 1032 quoque
3085 961 3449 1033 temporibus
3479 960 3597 1017 illis
3631 962 3786 1032 apud

2133 1049 2518 1108 Athenienses
2543 1050 2786 1108 celebris
2817 1055 2959 1107 erat.

2825 1189 2972 1244 CAP.
3016 1189 3087 1244 II.

2202 1303 2507 1361 Grecorum
2527 1307 2920 1377 mysteriorum
2947 1320 3129 1431 Emgo,
3160 1303 3714 1376 philosophorumque

2861 1393 2947 1431 sec
2969 1391 3041 1431 ae.

2861 1393 2886 1432 8
2890 1391 3022 1433 ϐϐιὶε
3029 1417 3041 1430 .

2200 1485 2361 1552 Quod
2423 1485 2492 1540 ad
2554 1484 2887 1541 Graecorum
2949 1471 3224 1553 mysteria
3283 1484 3560 1556 pertinet,
3622 1485 3778 1554 apud

2128 1573 2407 1646 Phrygas,
2443 1573 2765 1640 Phcenicas,
2799 1579 2857 1629 et
2884 1575 3176 1646 Egyptios
3233 1575 3334 1630 illa
3381 1573 3563 1629 fuisse
3594 1574 3780 1645 prius,

2127 1670 2299 1734 atque
2330 1665 2473 1718 adeo
2504 1681 2536 1718 a
2567 1664 2901 1734 Babyloniis
2934 1667 3188 1732 inventa,
3212 1665 3530 1735 Cadmique
3550 1668 3779 1735 tempo-

2127 1754 2289 1807 ribus
2318 1751 2376 1806 in
2410 1752 2692 1808 Graeciam
2723 1753 3014 1809 translata
3039 1756 3328 1810 memoriae
3348 1754 3640 1825 proditum
3667 1762 3777 1810 est.

360 1855 792 1928 Japheto,arcas
815 1872 991 1926 quam
1019 1854 1117 1910 Dei
1143 1857 1316 1925 jussu
1351 1872 1419 1909 ex
1451 1857 1806 1924 incorruptis
1839 1854 2014 1926 lignis
2049 1890 2095 1954 Β
2128 1842 2559 1954 Imﬁnonuul‘la
2591 1859 2659 1896 ex
2690 1842 2808 1954 illis
2856 1842 3124 1914 Orpheus
3173 1844 3532 1954 excogitasse
3577 1844 3776 1954 fertur,

363 1950 743 2016 exstruxerat,
777 1952 834 2000 et
866 1947 1127 2016 undique
1159 1946 1465 2017 picaverat,
1501 1943 1857 1999 adminiculo
1898 1943 2014 2000 sal-

361 2053 467 2091 vus
498 2038 702 2094 evasit.
733 2039 1018 2092 Caeterum
1049 2040 1246 2090 sextus
1278 2051 1310 2089 a
1333 2039 1500 2090 Semo
1538 2033 1820 2090 Phalecus
1852 2050 2014 2090 exor-

361 2128 457 2179 tus
489 2127 777 2196 est,oujus
807 2129 1154 2196 tempestate
1205 2125 1384 2178 turris
1425 2128 1741 2187 exstructa,
1767 2121 2012 2194 linguai-

363 2230 476 2285 que
505 2216 758 2270 confusas
790 2219 947 2269 sunt.
981 2213 1254 2270 Confusis
1285 2214 1424 2267 orbe
1457 2219 1576 2267 toto
1625 2211 1863 2283 linguis,
1896 2212 2013 2283 pri-

361 2319 490 2360 mus
518 2302 780 2359 omnium
815 2303 1182 2359 Nembrodus
1232 2300 1533 2372 Ethiopias
1582 2317 1644 2356 se
1693 2316 1888 2372 regem
1931 2307 2015 2371 ty-

359 2409 727 2466 rannumque
768 2393 928 2448 dixit.
964 2391 1151 2462 Hujus
1182 2397 1239 2447 et
1267 2390 1500 2446 Phaleci
1552 2391 1862 2462 posteritas
1894 2399 2012 2446 sta-

357 2485 606 2540 tuariam
638 2500 669 2539 e
719 2482 917 2553 ﬁglina
969 2481 1339 2553 excogitavit.
1391 2486 1567 2537 Porro
1615 2484 1750 2536 ante
1789 2480 2012 2538 Thartei

357 2579 623 2644 tempora
654 2572 855 2628 nullus
887 2577 1052 2644 patre
1093 2572 1252 2643 prior
1298 2570 1446 2626 vivis
1505 2569 1823 2626 excessisse
1867 2569 2010 2642 legi-

357 2667 468 2718 tur.
514 2661 659 2726 Quia
707 2665 898 2716 autem
945 2661 1039 2716 hic
1087 2660 1240 2717 idola
1288 2660 1410 2716 luto
1459 2659 1736 2732 efﬁngere
1782 2660 2010 2732 primus

354 2753 653 2809 adinvenit
673 2751 902 2820 suique,
936 2748 1132 2806 seculi
1158 2750 1497 2806 hominibus
1520 2750 1859 2821 hujusmodi
1882 2767 2008 2807 sce-

353 2840 493 2896 leris
521 2846 722 2896 auctor
751 2840 881 2906 t'uit,
917 2840 1134 2896 idcirco
1180 2842 1370 2910 justas
1417 2845 1593 2910 atque
1642 2855 1847 2911 graves
1889 2857 2008 2912 poc-

355 2947 462 2986 nas.
494 2930 730 2984 Numini
767 2929 1003 2984 tandem
1038 2928 1348 2998 persolvit:
1385 2929 1476 2984 cui
1535 2930 1813 2984 nimirum
1851 2930 2008 2986 filius

359 3027 533 3076 Arras
563 3019 882 3074 immatura
915 3026 1100 3074 morte
1132 3021 1454 3091 praereptus
1486 3023 1596 3088 est,
1633 3024 1695 3074 ut
1744 3020 1834 3074 his
1867 3037 2008 3091 quo-

353 3126 466 3180 que
491 3110 679 3165 verbis
701 3108 998 3180 Scriptura
1023 3113 1306 3165 testatur:
1334 3111 1407 3163 Et
1451 3113 1700 3164 mortuus
1727 3114 1805 3165 est
1836 3112 2008 3167 Arra:

353 3210 482 3256 ante
508 3200 797 3254 Tlmraeum
837 3211 1052 3269 patrem
1108 3215 1270 3254 suum
1302 3200 1342 3253 ⁸.
1403 3198 1669 3254 Colorum
1732 3205 2006 3270 praeterea

355 3290 651 3360 pigmenta
703 3307 736 3344 a
789 3288 1048 3343 Serucbo
1103 3289 1430 3359 excogitata
1486 3293 1645 3356 sunt,
1680 3289 1898 3360 quibus
1939 3307 2006 3345 ex

355 3378 648 3448 {ig-uentis
691 3377 1096 3448 improborum
1155 3379 1547 3448 quorumdam
1600 3383 2003 3450 tyrannorum,

352 3467 776 3539 hominumque
800 3467 1216 3522 sceleratorum
1267 3464 1574 3528 cimoOéwctc
1620 3470 1678 3521 in
1723 3470 1861 3524 orbe
1899 3475 2007 3525 tcr-

351 3574 547 3612 rarum
579 3557 835 3612 inolevit.
886 3555 1185 3627 Primique
1243 3557 1386 3610 adeo
1435 3573 1702 3611 omnium
1751 3557 2005 3630 Egyptii

349 3655 407 3702 et
436 3647 654 3719 Assyrii
700 3647 772 3702 ad
823 3662 970 3717 opus
1027 3652 1145 3700 tam
1192 3644 1302 3700 vile
1350 3650 1408 3700 et
1455 3645 1746 3715 abjectum
1800 3653 2006 3718 sponte

352 3737 638 3809 provoluti
672 3740 830 3791 sunt.
864 3736 1045 3792 Paulo
1078 3740 1210 3807 post
1238 3737 1298 3791 in
1345 3734 1576 3791 Grecos
1628 3735 1808 3791 etiam
1850 3752 2006 3792 mor—

347 3826 462 3882 bus
496 3827 586 3883 hic
617 3829 922 3900 grassatus
953 3829 1062 3892 est,
1124 3841 1238 3897 quo
1286 3833 1546 3896 tempore
1594 3824 1712 3882 illis
1739 3826 2006 3900 Cccrops,

345 3917 601 3990 Assyriis
632 3917 820 3973 Ninus
845 3921 902 3973 et
930 3914 1270 3972 Semiramis
1303 3919 1605 3988 prmerant.
1640 3915 1786 3972 Nam
1818 3917 2008 3975 Ninus

349 4011 410 4062 et
437 4008 686 4079 Cecrope
717 4007 920 4063 eodem
951 4022 1065 4077 quo
1097 4005 1471 4063 Abrahamus
1501 4009 1764 4079 tempore
1793 4006 2006 4065 vixisse

345 4097 634 4154 feruntur.
694 4097 1066 4152 Abrahamus
1125 4096 1219 4151 hic
1280 4113 1381 4152 sex
1437 4095 1590 4151 ﬁlios
1648 4113 1717 4152 ex
1754 4097 2006 4155 Cethura

346 4187 628 4258 suscepit,
653 4203 686 4240 a
707 4187 924 4256 quibus
949 4185 1145 4240 felices
1163 4183 1788 4257 Arabes,Madianaaos,
1821 4185 2003 4244 alias-

347 4292 460 4345 que
492 4278 714 4345 gentes,
751 4277 815 4328 ut
853 4273 925 4327 ab
950 4276 1134 4342 Agere
1177 4272 1527 4340 Ismaelttas,
1574 4274 1858 4346 originem
1891 4276 2003 4332 du-

347 4364 503 4418 xisse
535 4363 830 4417 memorias
881 4362 1178 4432 proditum
1225 4367 1333 4418 est.
1384 4363 1720 4419 Abrahamo
1765 4365 2003 4421 tandem

349 4471 565 4509 annum
601 4453 835 4510 circiter
881 4451 1269 4508 centesimum
1304 4453 1522 4524 agenti,
1566 4461 1736 4525 prout
1789 4457 2005 4526 promi-

2127 1931 2343 2001 quibus
2378 1937 2510 2003 post
2535 1948 2668 1987 eum
2703 1931 2798 1985 alii
2833 1949 3064 2003 quoque
3096 1933 3386 2004 permulta
3421 1933 3778 2003 adjecerunt.

2126 2021 2321 2075 Divisa
2353 2038 2524 2092 porro
2558 2023 2714 2076 inter
2744 2037 2805 2076 se
2835 2021 3166 2077 Graecorum
3203 2038 3435 2093 quoque
3485 2022 3778 2093 mysteria,

2122 2114 2181 2165 et
2212 2110 2271 2164 in
2301 2108 2586 2181 plurimas
2614 2109 2862 2164 haereses
2921 2109 3176 2166 dissecta
3221 2113 3479 2166 luerunt.
3522 2109 3782 2166 Philoso-

2121 2198 2372 2270 phorum
2404 2198 2560 2255 enim
2617 2199 2766 2255 alios
2827 2199 3160 2270 Epicureos,
3222 2199 3369 2255 alios
3421 2198 3772 2267 Platonicos,

2120 2287 2266 2344 alios
2297 2288 2438 2344 item
2467 2306 2500 2344 a
2528 2288 2724 2344 Samio
2755 2289 3109 2362 Pythagora,
3140 2288 3285 2345 alios
3317 2306 3352 2344 a
3392 2288 3617 2344 Zenone
3655 2288 3778 2344 Cit-

2118 2377 2271 2447 tiaao,
2298 2377 2444 2433 alios
2476 2377 2729 2448 denique
2762 2378 2834 2432 ab
2868 2377 3000 2434 aliis
3032 2377 3443 2434 denominatos
3471 2376 3653 2434 fuisse
3684 2377 3770 2433 in-

2119 2469 2206 2521 ter
2234 2482 2438 2523 omnes
2469 2465 2635 2538 plane
2664 2469 2915 2523 constat.

2792 2598 2949 2656 CAP.
2989 2599 3084 2658 III.

2493 2716 2651 2772 Plato
2681 2715 2748 2771 de
2775 2717 2948 2772 trium
2981 2731 3168 2772 rerum
3194 2718 3393 2774 causis.

2188 2833 2267 2887 Ex
2324 2831 2541 2904 quibus
2594 2831 2760 2888 Plato
2817 2832 3057 2905 quidem
3119 2833 3179 2888 in
3229 2833 3417 2889 Attica
3487 2837 3660 2890 natus
3711 2839 3771 2891 et

2116 2920 2353 2977 adultus
2378 2938 2411 2977 a
2437 2923 2547 2978 Deo
2570 2922 2665 2992 qui
2690 2921 2851 2978 solus
2873 2923 3195 2990 est,omnia
3217 2929 3431 2988 creata,
3453 2923 3770 2996 ipsumque

2115 3014 2256 3066 adeo
2307 3011 2611 3067 materiam
2652 3013 2942 3084 primam:
2991 3017 3250 3084 potestas
3299 3029 3432 3068 vero
3483 3013 3767 3084 quasdam

2114 3101 2187 3156 ab
2219 3101 2347 3172 ipso
2381 3103 2716 3171 productas,
2767 3102 3122 3158 secundam:
3175 3117 3304 3158 eam
3351 3103 3605 3174 denique
3645 3121 3770 3174 quae

2119 3196 2176 3246 et
2208 3192 2280 3247 ab
2311 3194 2510 3246 eodem
2543 3197 2601 3246 et
2649 3209 2683 3247 a
2732 3193 3125 3264 potestatibus
3169 3191 3314 3264 ipsis
3346 3192 3496 3260 ﬂuit,
3539 3195 3770 3248 tertiam

2119 3301 2322 3341 eorum
2364 3301 2494 3356 quae
2539 3284 2598 3340 in
2653 3301 2846 3340 rerum
2899 3290 3109 3341 natura
3157 3288 3297 3340 sunt
3351 3300 3592 3342 causam
3641 3302 3772 3342 esse

2113 3375 2362 3431 dicebat.
2397 3374 2684 3430 Mundum
2734 3391 2865 3431 vero
2901 3379 2965 3430 ut
3013 3375 3299 3446 genitum,
3343 3375 3422 3431 ita
3470 3380 3526 3431 et
3564 3393 3770 3432 corru-

2113 3465 2297 3536 ptioni
2343 3465 2660 3521 obnoxium
2721 3465 3158 3537 pronuntiabat.
3215 3465 3374 3519 Idem
3433 3465 3762 3522 animorum

2117 3555 2518 3629 μεταγγισμοὺς
2548 3555 2826 3612 tradidit:
2853 3572 2969 3628 quo
2989 3555 3270 3612 vocabulo
3291 3573 3407 3612 una
3447 3561 3504 3612 et
3561 3557 3764 3613 eadem

2113 3645 2313 3701 anima
2342 3645 2602 3701 humano
2633 3645 2894 3701 resoluta
2933 3661 3172 3717 corpore
3230 3645 3289 3700 in
3341 3645 3500 3701 aliud
3552 3662 3767 3718 corpus

2111 3733 2200 3791 vel
2233 3734 2491 3792 hominis
2517 3736 2730 3804 denuo,
2763 3735 2850 3791 vel
2873 3735 3056 3801 bovis,
3089 3735 3178 3791 vel
3199 3736 3449 3793 aliorum
3499 3737 3766 3792 animan-

2115 3827 2284 3897 tium,
2316 3825 2492 3882 etiam
2520 3825 2774 3882 ferarum
2799 3825 3047 3897 alicujus
3081 3825 3334 3898 migrare
3372 3825 3767 3898 signiﬁcatur.

2115 3918 2276 3973 Idem
2307 3915 2684 3987 impudentes
2715 3930 2948 3986 quoque
2978 3915 3049 3971 de
3080 3931 3395 3986 puerorum
3443 3915 3764 3984 amoribus,

2113 4005 2575 4079 nuptiarumque
2605 4004 3023 4062 communitate
3051 4004 3206 4078 leges
3235 4005 3388 4061 tulit.

2786 4142 2940 4197 CAP.
2984 4141 3077 4200 IV.

2380 4259 2708 4330 PythagOrae
2736 4257 2921 4329 futilis
2949 4258 3236 4330 nugatoria
3264 4258 3486 4316 deliria.

2180 4375 2410 4430 Samius
2464 4379 2660 4431 autem
2719 4375 3082 4447 Pythagoras
3138 4375 3349 4448 integri
3395 4377 3754 4449 quadrienni

2110 4464 2407 4520 silentium
2465 4464 2722 4520 docebat.
2787 4465 3002 4521 Adhasc
3061 4482 3199 4521 suos
3284 4467 3641 4535 hortabatur,
3698 4471 3760 4522 ut

349 4549 523 4614 serat,
562 4549 708 4599 UBUB
737 4544 1006 4598 Isaacum
1031 4543 1287 4608 άοηενίιν
1323 4542 1420 4614 qui
1474 4547 1538 4598 ut
1587 4543 1895 4612 δοοοτυω,
1928 4543 2004 4599 ίιᾶ
2036 4617 2066 4626 λ
2109 4554 2437 4610 Graecorum
2491 4554 2604 4609 diis
2664 4555 2988 4610 animatum
3055 4555 3276 4626 aliquid
3337 4556 3760 4614 sacriﬁcarent.

346 4644 398 4690 et
431 4634 664 4689 virtutis
691 4638 939 4704 paternae
967 4632 1146 4688 haeres
1185 4633 1427 4687 exstitit.
1471 4635 1617 4688 Huic
1660 4633 1826 4689 liberi
1859 4637 1998 4702 duo,
2034 4617 2076 4681 Ι)
2108 4647 2268 4701 [dem
2300 4645 2426 4717 lege
2456 4645 2575 4700 lata
2606 4645 2678 4700 ab
2709 4645 3052 4700 animalium
3087 4617 3436 4701 δι’ῖαδαι-ιιω
3471 4663 3575 4702 esu
3619 4647 3757 4702 abs.

347 4730 532 4780 Esaus
563 4730 620 4780 et
647 4725 903 4780 Jacobus
935 4724 1057 4780 nati
1091 4728 1255 4791 sunt,
1279 4741 1532 4796 quorum
1583 4725 1768 4779 Esaus
1798 4741 1998 4782 crasso

348 4815 650 4886 pilosoque
709 4829 948 4885 corpore
1004 4812 1231 4869 deliciis
1314 4814 1596 4884 gaudens,
1656 4816 1999 4886 ceterisque

341 4906 739 4977 voluptatibus
799 4903 1054 4972 deditus,
1117 4905 1412 4960 civitatem
1475 4907 1760 4962 exstruxit
1820 4922 1997 4977 quam

343 4999 647 5067 Edomam,
681 4995 918 5051 nomine
953 4994 1230 5051 nimirum
1263 4995 1549 5052 institutae
1598 5000 1826 5054 vivendi
1879 5001 1999 5056 for-

342 5105 449 5143 ma
485 5087 858 5160 perapposito
916 5087 1157 5140 vocavit.
1216 5086 1399 5142 Edom
1453 5089 1606 5145 enim
1665 5089 1859 5147 carnis
1916 5091 2001 5146 in-

339 5177 824 5245 ﬂammationem,
853 5192 956 5230 seu
989 5175 1278 5246 pruritum
1311 5177 1623 5248 significat.
1657 5180 1908 5244 Quintus
1928 5181 1998 5236 ab

342 5265 452 5322 hoc
485 5267 619 5338 pius
649 5265 748 5322 ille
769 5266 1094 5337 justusque
1117 5266 1300 5320 Johus
1333 5266 1548 5325 ﬂoruit.
1571 5269 1825 5326 Jacobus
1855 5287 1997 5326 con-

335 5360 431 5411 tra
464 5355 711 5412 laevitate
762 5355 1042 5411 continua
1091 5353 1294 5426 glaber
1343 5361 1455 5412 Deo
1493 5357 1665 5430 longe
1709 5360 2000 5432 acceptior

334 5452 460 5502 erat
489 5463 666 5518 quam
703 5445 927 5518 pilosus
959 5445 1056 5500 ille
1099 5450 1340 5502 venator
1388 5447 1589 5511 Esaus,
1647 5450 1818 5520 cujus
1864 5467 1999 5522 spes

338 5536 534 5593 omnis
591 5537 663 5592 ab
723 5552 862 5592 arcu
919 5539 979 5592 et
1027 5534 1223 5608 gladio
1283 5534 1665 5609 dependebat.
1713 5543 1999 5596 Caeterum

410 5718 433 5758 ³
461 5717 604 5778 Gen.
638 5733 719 5789 xx,
748 5717 845 5774 28.

2108 4734 2414 4791 tinendum
2446 4733 2710 4790 edicebat
2756 4735 2937 4807 (quod
2985 4734 3270 4790 esculenti
3317 4750 3505 4806 genus
3536 4735 3758 4806 alioqui

2109 4823 2401 4896 plerisque
2435 4829 2697 4878 nostrum
2727 4822 3128 4892 gratissimum
3162 4829 3268 4890 est,
3299 4828 3355 4878 et
3385 4824 3537 4880 inter
3581 4840 3754 4895 pran-

2111 4914 2338 4969 diorum
2359 4920 2676 4986 apparatus
2705 4913 2820 4968 fere
2844 4912 3174 4984 apponitur)
3197 4913 3360 4982 quasi
3387 4915 3755 4969 tantumdem

2111 5003 2316 5075 ﬂagitii
2346 5004 2693 5070 committat,
2728 5002 2826 5072 qui
2854 5001 3024 5071 fabis,
3059 5007 3344 5072 quantum
3377 5003 3478 5074 qui
3513 5008 3753 5074 paterno

2109 5094 2299 5164 capite
2328 5097 2615 5148 vescatur.
2650 5091 2771 5146 Etsi
2823 5089 3092 5147 nonnulli
3129 5091 3203 5146 ad
3253 5091 3590 5164 allegoriam
3643 5101 3758 5148 tra-

2113 5183 2338 5246 hentes,
2370 5183 2755 5254 Pythagoram
2791 5182 2900 5236 sub
2934 5181 3197 5236 fabarum
3247 5175 3546 5238 involucro
3597 5184 3757 5239 dicas

2110 5287 2213 5329 seu
2238 5270 2548 5341 judiciales
2581 5273 2902 5326 sententias
2950 5271 3302 5327 intellexise
3339 5273 3661 5337 afﬁrmant,
3695 5278 3759 5329 ut

2113 5361 2189 5434 μὴ
2234 5357 2564 5435 δικοφαγεῖν,
2601 5377 2702 5414 seu
2735 5362 3055 5416 sententias
3104 5379 3218 5416 non
3266 5378 3395 5418 esse
3445 5365 3754 5432 vorandas,

2109 5452 2324 5522 sedjus
2356 5467 2425 5506 ex
2446 5467 2611 5522 aequo
2629 5455 2685 5505 et
2713 5453 2861 5505 bono
2888 5450 3358 5523 prosequendum
3396 5468 3525 5508 esse
3569 5452 3754 5524 signi-

2107 5541 2355 5599 ﬁcaret:
2417 5540 2573 5596 unde
2628 5540 2807 5597 etiam
2865 5544 3258 5616 κυαμοτρῶγες
3334 5559 3438 5600 seu
3509 5542 3755 5600 fabivori
