4052 6430
316 327 474 390 1107

1633 320 1941 385 ΝῙΟΕΤιΕ
1982 316 2188 382 CHON
2196 318 2409 381 ΙΔΤΛΕ

3580 322 3771 385 1108

304 461 539 534 judices
569 460 702 517 olim
730 460 1098 525 dicebantur,
1150 476 1394 532 quorum
1442 459 1740 517 sententias
1792 474 1960 514 vena-
1989 478 2043 546 Α
2074 456 2275 546 formae
2309 454 2825 546 subsisten‘timque
2847 470 3090 546 prorsus
3109 452 3491 546 expersiNam
3515 452 3566 510 si
3589 454 3770 511 forte

308 552 395 609 les
427 556 646 620 essent,
680 551 925 624 insuper
946 551 1161 623 placita
1199 568 1306 607 sua
1348 550 1510 606 nullo
1559 551 1729 607 modo
1778 550 1967 605 discu-

307 642 529 709 tienda,
563 658 753 715 neque
784 642 928 714 quid
953 659 1018 697 ca
1048 641 1162 697 sibi
1191 640 1405 696 vellent
1443 640 1732 697 curiosius
1771 638 1966 711 inqui-

311 731 558 787 rendum
595 748 723 788 esse
754 732 1050 787 monebat.
1084 731 1161 786 Ex
1196 747 1308 803 quo
1342 731 1534 796 ﬁebat,
1568 734 1631 785 ut
1675 727 1964 801 Pythago-

312 837 389 876 rae
422 830 592 877 sectae
617 820 832 877 initiati
866 821 1209 893 dogmatum
1241 819 1611 893 praeceptoris
1657 818 1750 874 sui
1796 817 1968 872 ratio-

314 925 418 966 nes
450 908 890 981 anquirentibus
923 908 1067 964 nihil
1100 909 1259 965 aliud
1287 909 1725 982 responderent,
1749 921 1963 980 quam:

314 1000 402 1054 Ita
431 999 578 1054 dixit
610 1016 624 1055 :
658 1015 782 1066 seu,
817 998 1176 1071 Pythagoras
1232 999 1312 1054 ita
1341 998 1558 1055 docuit.
1621 996 1724 1052 Hic
1770 1000 1969 1067 praete-

313 1103 413 1143 rea
471 1084 681 1142 coelum
727 1102 961 1158 corpus,
1035 1086 1417 1158 ejusdemque
1489 1085 1681 1142 sidera
1763 1084 1965 1140 lunam

316 1180 373 1232 et
430 1175 614 1232 solem
671 1174 871 1231 oculos
929 1191 1059 1232 esse
1136 1176 1385 1232 dicebat.
1462 1177 1746 1232 Caeterum
1830 1189 1965 1230 cum

319 1265 580 1338 magicen
638 1281 873 1337 quoque
933 1270 1244 1331 exerceret,
1303 1266 1362 1321 in
1436 1265 1695 1321 conferta
1767 1262 1967 1335 populi

314 1356 488 1410 turba
520 1355 712 1410 femur
730 1371 975 1411 aureum
1001 1355 1317 1427 aliquando
1352 1355 1680 1411 ostentavit.
1714 1354 1967 1409 Piscium

314 1462 551 1518 quoque
580 1444 681 1517 qui
722 1445 866 1501 forte
894 1445 955 1502 in
987 1446 1495 1518 littorejacebant,
1528 1449 1583 1501 et
1605 1444 1741 1517 quia
1765 1459 1966 1500 recens

313 1536 491 1609 capti,
526 1534 895 1607 palpitabunt
927 1553 1240 1593 numerum
1275 1536 1555 1593 ariolatus
1597 1543 1703 1594 est.
1738 1534 1966 1591 Primus

315 1624 570 1696 denique
608 1620 1025 1695 ἐνσωματώσεις
1057 1642 1156 1682 seu
1197 1626 1531 1681 animarum
1561 1625 1621 1680 in
1671 1624 1786 1679 alia
1840 1639 1968 1679 cor-

315 1729 459 1785 pora
484 1713 1035 1785 migrationes,quaa
1092 1712 1366 1786 σωμάτων
1417 1710 1805 1787 μεταγγισμοὶ,
1862 1728 1965 1767 seu

317 1817 628 1874 corporum
662 1801 1065 1859 elutriationes
1113 1809 1172 1859 et
1221 1804 1642 1860 transfusiones
1691 1820 1725 1858 a
1753 1802 1968 1859 Graecis

318 1891 685 1961 dicebantur,
718 1891 939 1949 delirus
969 1892 1067 1949 ille
1105 1892 1407 1965 {utilisque
1451 1898 1702 1965 nugator
1744 1891 1970 1964 excogi-

316 1978 482 2037 tavit.

1020 2072 1174 2129 CAP.
1216 2073 1283 2127 V.

390 2177 616 2251 Epicuri
645 2176 988 2233 mellitarum
1012 2178 1406 2250 placentarum
1421 2177 1695 2234 helluonis
1722 2193 1901 2249 nugae.

391 2281 462 2332 At
486 2276 766 2350 Epicurus
790 2282 970 2333 Deum
993 2282 1050 2332 et
1068 2277 1495 2349 providentiam
1537 2294 1667 2335 esse
1699 2276 1975 2350 negabat,

318 2382 532 2438 corpus
565 2368 673 2422 hoc
696 2366 1097 2424 universitatis
1118 2383 1186 2424 ex
1217 2368 1431 2424 atomis
1457 2372 1746 2433 constare,
1771 2366 1977 2439 quales

320 2473 435 2514 una
464 2474 600 2514 cum
636 2456 930 2515 solaribus
996 2460 1178 2515 radiis
1228 2463 1532 2533 apparent,
1562 2473 1886 2530 rursusque
1914 2456 1975 2514 in

320 2548 549 2604 easdem
583 2548 794 2605 resolvi
824 2564 1135 2605 asserens:
1176 2549 1341 2621 quasi
1411 2555 1624 2605 natura
1679 2549 1976 2621 perpetui-

319 2642 441 2694 tate
471 2638 724 2710 quadam
758 2643 1014 2711 generet,
1048 2638 1366 2711 denuoque
1396 2640 1456 2695 in
1486 2639 1588 2695 illa
1619 2640 1750 2711 ipsa
1796 2637 1976 2695 resol-

321 2729 512 2797 vatur,
546 2742 615 2782 ex
644 2727 860 2798 quibus
891 2728 1217 2799 composita
1245 2733 1353 2786 est.
1390 2732 1561 2785 Porro
1620 2728 1730 2786 hoc
1780 2728 1975 2799 ipsum

323 2815 725 2872 universitatis
769 2832 980 2889 corpus
1026 2818 1099 2873 ab
1147 2817 1265 2874 ima
1312 2817 1449 2874 sede
1492 2822 1550 2873 et
1592 2816 1977 2873 fundamento

324 2908 414 2963 ovi
444 2907 692 2963 formam
741 2907 1087 2981 exprimere,
1146 2916 1534 2981 naturamque
1586 2909 1730 2966 adeo
1788 2907 1976 2979 ipsam

323 2995 561 3069 spiritu,
594 2995 696 3070 qui
726 3012 946 3055 coronas
969 3004 1068 3054 aut
1093 2997 1321 3071 coaguli
1351 2998 1541 3055 instar
1588 3014 1761 3054 ovum
1794 2997 1979 3054 ambit

323 3087 673 3159 constringi,
696 3090 755 3143 et
783 3087 1068 3155 coartari;
1111 3086 1445 3144 universam
1482 3086 1724 3159 insuper
1753 3091 1976 3142 natura:

323 3174 537 3232 molem
571 3174 755 3231 nimio
786 3174 1029 3231 violenti
1078 3176 1324 3246 spiritus
1353 3175 1574 3247 impetu
1622 3175 1682 3232 in
1735 3176 1850 3231 duo
1879 3174 1975 3231 he-

322 3261 658 3335 misphaeria
679 3262 1158 3334 diduci,quorum
1182 3262 1426 3319 alterum
1448 3261 1704 3329 cmleste,
1720 3262 1969 3319 alterum

321 3355 598 3408 terrestre
627 3351 706 3407 sit
736 3366 749 3405 :
785 3351 927 3423 quin
979 3350 1158 3407 etiam
1205 3368 1274 3408 ea
1326 3368 1454 3425 quas
1485 3352 1547 3407 in
1581 3351 1853 3409 universa
1881 3367 1970 3408 re-

321 3456 452 3497 rum
478 3446 691 3497 natura
708 3440 1005 3497 levissima
1027 3446 1431 3507 sunt,sursum
1447 3442 1667 3500 scilicet
1685 3442 1973 3512 inlucem,

324 3529 600 3587 mtherem
633 3535 691 3587 et
722 3547 896 3588 auras
915 3532 1298 3589 tenuissimas
1338 3532 1786 3605 superﬂuitare:
1844 3548 1977 3606 quas

323 3628 528 3677 contra
548 3620 918 3693 gravissima,
941 3622 1396 3695 quisquiliisque
1416 3627 1472 3680 et
1493 3624 1766 3681 ramentis
1788 3621 1973 3680 simil-

324 3709 464 3766 lima
521 3715 685 3776 sunt,
734 3727 801 3768 ea
844 3711 1117 3768 deorsum
1176 3711 1235 3768 in
1286 3720 1522 3783 terram,
1570 3718 1625 3770 et
1670 3712 1974 3770 humidam

329 3814 617 3871 aquarum
646 3800 1039 3857 substantiam
1090 3801 1440 3858 subsidere:
1484 3802 1681 3858 omnia
1724 3802 1976 3873 denique

329 3905 433 3961 per
462 3890 659 3960 seipsa
687 3906 912 3962 suaque
942 3894 1148 3963 sponte
1187 3907 1323 3947 cum
1381 3891 1505 3963 axis
1562 3898 1977 3962 astrorumque

329 3976 814 4036 circnmvectione
854 3982 1069 4036 moveri
1101 3979 1453 4037 afﬁrmabat.
1480 3981 1637 4037 Idem
1670 3979 1981 4036 beatitudi-

330 4067 423 4124 nis
444 4082 640 4140 quem,
674 4085 774 4126 seu
800 4085 1101 4126 summum
1135 4070 1378 4138 bonum,
1403 4070 1463 4125 in
1511 4069 1808 4142 voluptate
1839 4085 1980 4127 con-

328 4157 531 4215 sistere
562 4162 749 4227 ratus,
781 4160 1019 4216 mellitis
1053 4159 1361 4231 placentis,
1415 4158 1747 4232 impensius
1802 4175 1977 4232 quam

325 4263 525 4305 mures
554 4247 909 4320 adipalibus,
938 4247 1358 4305 oblectabatur.

1004 4356 1161 4414 CAP.
1191 4355 1287 4412 VI.

320 4445 485 4502 Moses
509 4444 849 4518 philosophis
872 4446 1091 4503 certior.
1126 4444 1424 4516 Principia
1454 4460 1646 4501 rerum
1684 4446 1973 4504 elementa.

525 4518 741 4589 Ecquod
767 4518 1169 4574 elementorum
1204 4519 1396 4589 primo
1421 4518 1768 4589 productum.

1998 1854 2048 1921 B

2071 543 2452 616 quantitates,
2485 542 3168 616 qualitates,relationcs,
3197 540 3460 611 habitus,
3491 558 3762 599 conver-

2070 634 2288 703 siones,
2324 638 2538 700 motus,
2569 633 2967 701 alterationes,
2998 634 3380 701 mutationes,
3434 638 3496 689 et
3523 639 3765 691 cetera

2070 723 2129 779 id
2151 739 2341 796 genus
2362 724 2711 781 abstrabas:
2747 725 2901 796 quod
2935 724 3245 796 supererit,
3280 724 3526 779 materia
3576 725 3757 780 dice-

2069 815 2186 868 tur.
2219 813 2324 870 Cui
2368 812 2609 885 quidem
2661 813 2711 870 si
2772 813 2948 869 facies
3007 820 3105 869 aut
3165 813 3358 885 ﬁgura
3416 813 3755 885 quaepiam,

2071 918 2245 974 quam
2290 901 2537 959 formam
2570 907 2778 959 vocant
2808 902 3210 975 imprimatur,
3260 903 3346 958 sic
3402 904 3650 958 tandem
3682 903 3749 959 in

2072 992 2449 1058 elementum,
2510 992 2783 1050 aetherem
2843 990 3132 1061 videlicet,
3191 989 3281 1047 vel
3341 1008 3579 1062 aquam,
3648 993 3746 1049 vel

2071 1081 2291 1154 ignem,
2322 1085 2408 1138 vel
2432 1086 2644 1138 terram
2667 1082 2897 1138 evadit:
2931 1099 3000 1138 ex
3047 1097 3299 1153 quorum
3322 1080 3535 1138 deinde
3567 1099 3738 1138 com-

2073 1172 2271 1229 mixtis
2300 1172 2607 1231 elementis
2639 1174 2965 1246 composita
3007 1189 3273 1245 corpora,
3295 1175 3353 1229 et
3392 1173 3643 1229 animata
3669 1179 3725 1230 et

2070 1264 2334 1321 inanima
2397 1272 2730 1321 nascantur.
2781 1265 3061 1336 Maiorem
3116 1265 3317 1336 itaque
3368 1266 3619 1320 materiae
3665 1270 3728 1320 et

2072 1354 2267 1410 formae
2318 1354 2765 1427 principiorum,
2811 1371 2990 1426 quam
3056 1352 3368 1411 elementis
3430 1358 3686 1427 quatuor
3717 1370 3736 1409 ι

2075 1442 2284 1515 bisque
2312 1444 2573 1500 vicissim
2606 1444 3057 1513 elementorum,
3088 1461 3266 1516 quam
3317 1443 3560 1516 reliquis
3605 1461 3745 1500 coro

2071 1533 2314 1606 poribus
2363 1534 2647 1590 rationem
2698 1534 2891 1591 inesse
2948 1533 3213 1591 tradunt.
3265 1536 3454 1606 Atque
3528 1550 3746 1591 eorum

2072 1621 2311 1695 quidem
2334 1621 2605 1679 nonnulli
2635 1623 2838 1679 eodem
2881 1640 2995 1695 quo
3018 1622 3204 1680 Deum
3256 1623 3317 1679 in
3342 1623 3529 1696 gradu
3555 1630 3752 1679 mate-

2072 1713 2215 1767 riam
2250 1729 2486 1784 quoque
2515 1712 2821 1783 collocant,
2872 1716 3075 1785 utpote
3123 1730 3252 1785 quas
3301 1713 3568 1769 omnium
3605 1730 3748 1785 qua

2075 1805 2218 1857 sunt
2246 1801 2307 1857 in
2331 1818 2523 1859 rerum
2576 1807 2784 1858 natura
2825 1801 2982 1874 prior
3031 1801 3107 1859 sit
3153 1806 3210 1858 et
3257 1803 3576 1875 antiquior,
3613 1803 3748 1860 imo

2081 1906 2214 1948 vero
2235 1907 2480 1964 corpora.
2501 1892 2699 1948 omnia
2716 1892 3088 1948 successione
3127 1892 3407 1948 continua
3446 1892 3753 1965 producat

2084 1982 2240 2054 (cum
2267 1998 2371 2038 nos
2392 1981 2625 2038 interim
2643 1981 2826 2038 Deum
2851 1997 3048 2037 rerum
3090 1981 3354 2038 omnium
3380 1982 3759 2055 principium

2082 2070 2507 2144 principiisque
2526 2072 2670 2128 adeo
2696 2071 2843 2143 ipsis
2874 2069 3275 2144 antiquiorum
3309 2087 3440 2128 esse
3475 2073 3769 2144 proﬁtea-

2086 2165 2396 2235 mur),quaa
2423 2163 2676 2235 denique
2693 2167 2824 2235 post
2845 2162 3209 2220 substantias
3247 2165 3502 2222 materias
3547 2180 3769 2238 exper-

2085 2257 2174 2309 tes
2206 2253 2510 2309 materiam
2539 2254 2731 2325 ipsam
2763 2253 3099 2325 protulerit,
3152 2261 3328 2326 alque
3375 2254 3457 2311 ita
3500 2255 3762 2311 demum

2085 2344 2424 2399 universum
2458 2349 2681 2399 natura;
2711 2358 2925 2415 corpus
2967 2344 3253 2400 fabricata
3296 2343 3394 2400 sit.
3452 2344 3561 2399 Alii
3614 2361 3763 2403 vero

2084 2430 2463 2504 physiologia
2492 2448 2705 2488 arcana
2726 2430 3183 2503 diligentissime
3214 2432 3432 2501 rimati,
3487 2436 3758 2505 ecquod-

2086 2536 2217 2577 nam
2247 2522 2668 2578 elementorum
2723 2522 2914 2594 primo
2964 2523 3315 2594 productum
3366 2524 3535 2581 fuerit
3567 2524 3760 2582 variis

2086 2611 2242 2667 inter
2299 2626 2358 2666 se
2415 2611 2953 2668 concertationibus
3028 2611 3496 2684 disputaverunt.
3556 2615 3759 2687 Atque

2086 2700 2219 2757 aliis
2249 2700 2489 2773 quidem
2513 2703 2741 2773 primus
2764 2701 3030 2757 omnium
3056 2701 3212 2775 ignis
3253 2703 3568 2761 emersisse
3587 2705 3758 2761 vide-

2087 2795 2201 2859 tur,
2236 2794 2474 2862 propter
2494 2790 2607 2846 vim
2632 2791 2683 2847 ei
2707 2790 2972 2858 insitam,
3006 2808 3124 2863 qua
3162 2800 3372 2848 cuncta
3410 2794 3754 2852 consumit:

2086 2878 2217 2936 aliis
2247 2895 2365 2947 aer,
2396 2881 2568 2951 cujus
2599 2880 2801 2937 afﬂatu
2833 2884 2890 2937 et
2920 2881 3128 2937 reﬂatu
3186 2882 3514 2940 animantia
3553 2884 3756 2941 consi-

2085 2976 2283 3025 stunt:
2316 2968 2447 3026 aliis
2496 2985 2649 3041 aqua
2692 2970 3012 3042 generandi
3063 2970 3362 3028 facultatis
3410 2988 3567 3046 ergo,
3616 2990 3754 3044 qua

2084 3058 2278 3114 inesse
2302 3056 2387 3113 illi
2420 3057 2641 3124 fertur;
2694 3056 2828 3115 aliis
2879 3060 3137 3131 denique
3186 3066 3361 3131 terra,
3390 3062 3540 3133 quod
3573 3078 3643 3117 ex
3677 3079 3752 3120 ea

2085 3146 2406 3203 animantia
2424 3147 2624 3204 omnia
2654 3151 2848 3205 ortum
2881 3147 3158 3221 habeant,
3193 3158 3357 3221 atque
3394 3151 3450 3205 in
3474 3165 3598 3207 eam
3630 3151 3741 3208 de-

2013 3222 2057 3290 C
2086 3251 2201 3293 nuo
2229 3236 2615 3294 resolvantur.

2758 3434 2911 3493 CAP.
2944 3434 3071 3493 VII.

2633 3588 2707 3645 De
2735 3588 2885 3646 [dcis
2912 3593 2963 3646 et
2995 3589 3156 3647 Caelo.

2157 3724 2224 3779 Et
2253 3721 2413 3780 Plato
2435 3725 2670 3795 quidem
2702 3723 2847 3782 ideas
2879 3727 3079 3798 primae
3118 3727 3360 3784 nomine
3398 3727 3748 3801 intelligen-

2084 3814 2227 3870 tiam
2255 3821 2309 3869 et
2346 3813 2801 3871 inenarrabilem
2832 3814 3230 3887 phantasiam,
3261 3817 3543 3890 illamque
3597 3819 3753 3875 adeo

2087 3900 2567 3974 imaginationem
2625 3919 2742 3974 qua
2801 3905 3091 3961 mundum
3150 3907 3417 3964 creavit:
3469 3908 3754 3964 secunda:

2086 3989 2556 4056 vero,heatarum
2579 3991 2866 4047 mentium
2889 3992 3517 4067 ordinem,mundique
3538 3994 3755 4066 hujus,

2088 4077 2189 4149 qui
2220 4078 2497 4136 sensibus
2529 4083 2688 4152 patet
2715 4080 3013 4152 exemplar
3043 4097 3057 4138 :
3100 4084 3285 4139 tertias
3329 4084 3606 4156 denique,
3653 4101 3758 4158 ge-

2088 4166 2314 4224 nerales
2343 4166 2477 4225 illas
2508 4169 2765 4226 rationes
2817 4169 3119 4244 intelligit,
3167 4174 3384 4245 quibus
3432 4190 3524 4231 res
3554 4192 3590 4231 a
3620 4177 3758 4233 suis

2086 4259 2430 4325 corporibus
2481 4259 2807 4318 abstractas
2852 4261 3343 4333 contemplemur,
3397 4268 3462 4320 ut
3506 4280 3645 4321 cum
3678 4267 3758 4323 de

2087 4347 2345 4418 homine,
2377 4348 2466 4405 vel
2496 4363 2667 4422 equo,
2715 4348 2805 4407 vel
2855 4349 3001 4407 bove
3048 4367 3238 4409 sermo
3288 4352 3639 4411 instituitur.
3674 4357 3758 4411 At

2086 4436 2429 4496 Aristoteles
2459 4437 2606 4495 ideis
2638 4439 3031 4496 substantiam
3072 4440 3302 4512 tribuit,
3355 4459 3461 4499 nec
3500 4459 3622 4510 eas,
3658 4445 3756 4501 uti

2092 4526 2270 4594 Plato,
2303 4543 2407 4600 per
2426 4544 2488 4586 se
2543 4528 2720 4602 vique
2776 4545 2886 4586 sua
2926 4530 3251 4587 subsistere
3307 4537 3526 4589 censet.
3582 4534 3754 4591 Ide-.1

392 4613 468 4673 Ut
507 4619 703 4672 autem
732 4615 1055 4687 generatim
1088 4613 1230 4686 quid
1271 4615 1497 4671 externi
1542 4615 1874 4689 philosophi
1906 4615 1979 4672 de
2009 4601 2054 4666 D
2086 4615 2214 4688 ipse
2242 4616 2452 4674 coelum
2487 4601 2757 4690 quintum
2790 4635 3006 4691 corpus
3037 4636 3168 4676 esse
3199 4620 3372 4694 longe
3411 4623 3645 4680 diVersa
3675 4624 3755 4680 ab

321 4705 606 4763 universae
649 4710 869 4761 naturae
917 4704 1140 4761 fabrica
1187 4705 1500 4776 senserint,
1551 4705 1834 4779 explicem
1886 4705 1979 4777 (ut

320 4811 457 4852 cum
535 4794 670 4853 illos
726 4797 877 4852 inter
932 4811 994 4852 se
1049 4793 1367 4851 dissentire
1423 4795 1779 4867 cognoveris,
1841 4794 1978 4850 inde

318 4900 684 4959 quiscunque
712 4886 784 4943 de
814 4901 1014 4942 rerum
1044 4883 1419 4957 generatione
1472 4884 1759 4956 prolocuti
1814 4894 1972 4953 sunt,

316 4980 380 5027 ut
410 4974 727 5045 plurimum
763 4992 796 5031 a
841 4990 974 5031 vero
1013 4972 1346 5030 aberrantia
1383 4974 1713 5046 perspicere
1735 4973 1972 5045 possis),

315 5062 505 5118 Moses
537 5065 775 5135 quidem
809 5062 1169 5137 simpliciore
1188 5064 1498 5135 magisque
1516 5062 1973 5134 compendiario,

314 5149 435 5206 imo
466 5152 1042 5225 potius'copiosiore
1100 5152 1252 5224 style
1303 5152 1375 5209 de
1426 5152 1633 5207 mundi
1684 5152 1975 5209 creatione

314 5238 647 5297 disserens:
696 5241 754 5296 In
801 5242 1102 5313 principio,
1160 5240 1370 5313 inquit,
1419 5243 1548 5311 fecit
1588 5242 1732 5297 Deus
1779 5242 1976 5298 cwlum

310 5332 365 5385 et
393 5332 623 5386 terram.
656 5330 877 5386 Deinde
922 5347 990 5387 ea
1037 5331 1242 5387 ordine
1283 5346 1412 5401 quae
1434 5330 1652 5388 suntin
1669 5331 1812 5390 casio
1842 5348 1973 5406 per-

310 5420 587 5476 currit.At
608 5428 977 5477 externorum
1006 5419 1499 5493 philosophorum
1524 5422 1794 5479 nonnulli
1808 5423 1973 5495 prin-

310 5507 467 5578 cipia
503 5525 700 5566 rerum
761 5510 1067 5566 materiam
1116 5514 1174 5566 et
1224 5510 1469 5566 formam
1504 5511 1794 5570 dixerunt.
1849 5512 1972 5568 Pri-

308 5612 589 5667 mumque
618 5601 760 5658 adeo
792 5600 1099 5658 materiam
1131 5615 1258 5671 quis
1292 5601 1402 5656 sub
1451 5617 1695 5660 sensum
1729 5601 1971 5676 quidem

306 5683 555 5746 minime
576 5691 871 5766 cadat,sed
897 5689 1025 5749 sola
1047 5688 1399 5763 cogitatione
1417 5693 1965 5767 comprehendatur,

2085 4704 2397 4763 elementis
2446 4712 2659 4764 natura
2707 4708 3023 4781 praeditum
3085 4714 3293 4767 auctor
3347 4716 3456 4768 est.
3517 4713 3755 4771 Caelum

2085 4803 2237 4852 certe
2269 4794 2489 4853 Platoni
2521 4797 2579 4852 id
2611 4813 2741 4854 esse
2770 4797 3018 4865 videtur,
3051 4799 3207 4870 quod
3258 4800 3317 4855 in
3359 4809 3612 4872 quatuor
3635 4801 3754 4859 ele-

2085 4886 2300 4943 mentis
2331 4887 2585 4943 maxime
2617 4888 2915 4960 praelucet.
2950 4887 3277 4945 Terrestris
3308 4890 3464 4946 enim
3497 4907 3749 4962 corpora

2084 4974 2415 5032 illeinﬁma
2456 4976 2882 5034 elementorum
2933 4981 3119 5050 parte,
3184 4982 3249 5035 ut
3295 4996 3423 5052 quae
3469 4981 3735 5037 omnium

2085 5065 2453 5121 crassissima
2513 5067 2593 5122 sit
2633 5067 3013 5140 malericique
3058 5066 3189 5137 plus
3236 5067 3468 5139 habeat,
3525 5069 3724 5127 caelum

2084 5159 2281 5210 autem
2332 5155 2588 5213 maxime
2639 5155 2933 5212 luminosa
2991 5156 3333 5214 earumdem
3378 5165 3534 5231 parte
3560 5174 3737 5215 cons-

2083 5247 2208 5299 tare
2239 5248 2523 5301 autumat.
2555 5245 2839 5301 Casterum
2871 5244 3217 5303 Aristoteles
3248 5249 3536 5304 rationem
3586 5265 3751 5321 quo-

2084 5350 2199 5406 que
2228 5335 2431 5406 adfert,
2467 5351 2647 5407 quare
2675 5334 2888 5391 coelum
2921 5352 3134 5408 corpus
3162 5352 3295 5393 esse
3325 5337 3602 5408 quintum
3632 5340 3755 5398 sibi

2082 5423 2370 5495 videatur,
2417 5425 2634 5497 quippe
2675 5441 2814 5496 quia
2861 5424 3122 5482 directus
3172 5426 3598 5484 elementorum
3671 5432 3756 5488 sit

2082 5519 2298 5582 motus,
2322 5530 2458 5571 cum
2490 5514 2699 5571 cretum
2729 5515 2789 5570 in
2821 5516 2960 5572 orbe
2992 5516 3229 5573 feratur.
3280 5518 3484 5589 Itaque
3521 5519 3757 5580 diversi

2082 5606 2274 5661 motus
2303 5620 2461 5678 ergo,
2512 5604 2805 5662 diversam
2850 5604 2939 5660 illi
2988 5621 3221 5679 quoque
3264 5623 3299 5665 a
3346 5612 3607 5682 quatuor
3636 5610 3757 5672 ele-

2080 5692 2290 5753 mentis
2320 5695 2713 5754 substantiam
2746 5693 3026 5771 assignat.
