4052 6448
361 363 518 426 1109

1031 494 1183 551 ΟΔΡ.
1219 494 1359 550 VIII.

423 615 498 670 De
537 612 746 678 Steltis,
775 611 946 666 Solet
982 608 1120 665 luna
1152 628 1224 664 an
1253 610 1494 681 planetae
1514 609 1542 665 ‘l
1572 610 1949 667 Planelarum

778 687 927 751 ordo,
965 698 1066 738 mo:
1081 699 1142 737 us
1174 685 1226 738 et
1254 687 1570 738 concentus.

433 801 513 856 De
545 799 730 856 stellis
763 801 938 854 etiam
975 800 1309 854 errantibus
1340 804 1396 854 et
1423 799 1552 856 fixis
1611 805 1857 870 uterque
1899 799 2018 854 dis-

362 891 524 947 serit.
550 891 612 944 Et
643 889 802 944 Plato
834 890 1069 959 quidem
1104 906 1279 944 unam
1321 892 1585 944 omnium
1637 891 2020 958 eamdemque

368 980 851 1048 substantiam,id
877 980 1154 1034 nimirum
1179 982 1332 1049 quod
1368 979 1423 1034 in
1445 988 1695 1049 quatuor
1717 976 2018 1033 elementis

370 1070 621 1124 maxime
644 1067 959 1140 perluceat,
985 1083 1110 1123 esse
1130 1067 1229 1123 ait.
1249 1067 1588 1124 Aristoteles
1611 1072 1804 1122 autem
1829 1065 2018 1138 quinti

355 1158 613 1221 corporis
648 1159 886 1214 nomine
917 1161 973 1214 et
1015 1156 1227 1213 caelum
1262 1162 1318 1212 et
1346 1156 1542 1212 stellas
1594 1172 1799 1212 omnes
1855 1171 2014 1212 com-

349 1249 646 1320 plectitur,
685 1256 919 1319 propter
953 1252 1179 1303 motum
1213 1246 1456 1314 scilicet,
1492 1262 1661 1318 quem
1709 1245 2013 1302 diversum

352 1354 384 1391 a
421 1342 677 1408 quatuor
706 1336 1011 1394 elementis
1043 1337 1277 1391 habent.
1328 1339 1507 1391 Porro
1560 1333 1771 1390 caelum
1832 1334 2012 1401 istud,

359 1426 512 1496 quod
547 1425 819 1496 quintum
853 1441 1066 1497 corpus
1097 1423 1376 1496 appellat,
1409 1423 1550 1496 quid
1611 1440 1671 1479 re
1730 1439 1866 1478 vera
1914 1422 2010 1490 sit,

359 1530 725 1585 nequaquam
748 1515 971 1569 definit.
1006 1514 1116 1569 Sed
1141 1530 1211 1568 ex
1251 1512 1524 1584 opinione
1571 1517 1627 1568 et
1673 1513 2012 1583 conjectura

351 1609 585 1659 tantum
622 1604 901 1675 loquitur.
925 1603 1138 1659 Verum
1173 1603 1467 1659 enimvero
1489 1601 1758 1674 quamvis
1789 1607 2008 1674 septem

344 1698 610 1749 errantes
633 1692 810 1763 vulgo
843 1698 1142 1761 vocentur,
1176 1692 1435 1765 quinque
1487 1701 1676 1748 tamen
1725 1693 2010 1748 duntaxat

351 1800 553 1840 revera
583 1789 769 1840 sunt:
833 1800 1022 1856 neque
1079 1785 1233 1838 enim
1295 1783 1438 1839 solis
1495 1789 1553 1839 et
1608 1783 1760 1839 lunze
1793 1801 2002 1839 cursus

1709 362 2103 425 THESAUBI
2147 365 2300 428 LIB.
2341 369 2390 428 Ι.

2049 498 2096 565 Α
2130 525 2263 566 vero
2283 500 2716 565 ἀποκατάστασις
2747 505 2965 562 exactis
3020 509 3112 562 ter
3171 507 3329 564 mille
3377 509 3647 569 ducentis
3681 530 3792 570 su-

3634 367 3790 438 me

2131 618 2238 676 pra
2258 598 2477 657 centies
2503 604 2556 652 et
2584 596 2982 669 septuagesies
2995 596 3307 670 quinquies
3321 599 3471 654 dena
3496 617 3787 660 annorum

2132 690 2320 746 millia
2346 686 2680 761 peragitur:
2713 691 2971 757 tuncque
3010 687 3151 743 adeo
3205 690 3466 758 synodus
3520 693 3785 762 quaedam

2129 785 2569 849 conventusque
2609 774 2912 832 stellarum
2972 777 3234 832 omnium
3297 779 3366 834 ad
3429 781 3790 838 tricesimum

2129 868 2331 926 Cancri
2366 865 2752 929 mansionem,
2787 865 2908 920 sive
2948 864 3156 921 Leonis
3213 868 3463 938 primam
3521 870 3787 928 celebra-

2127 963 2225 1014 tur
2255 976 2268 1014 :
2307 973 2412 1013 nec
2439 956 2519 1011 ita
2553 955 2737 1010 multo
2771 959 2902 1026 post
2931 955 3186 1026 generali
3247 957 3462 1014 diluvio
3521 962 3781 1018 mundus

2130 1048 2419 1104 obruitur.
2452 1047 2632 1100 Aiunt
2665 1049 2939 1115 praeterea
2969 1045 3029 1100 in
3060 1061 3350 1102 annorum
3376 1047 3555 1104 stellae
3586 1052 3784 1122 cujus-

2126 1136 2268 1192 libet
2296 1135 2592 1191 minorum
2625 1133 3010 1205 apocatastasi
3067 1133 3340 1206 specialia
3389 1138 3654 1208 quaedam
3688 1141 3781 1195 di-

2125 1225 2284 1281 luvia
2313 1224 2637 1295 obtingere.
2671 1222 2922 1278 Cuilibet
2951 1223 3106 1278 enim
3138 1223 3394 1280 erratica
3427 1225 3607 1283 stellas
3641 1243 3784 1284 suos

2128 1331 2314 1372 annos
2350 1312 2659 1382 maximos,
2691 1310 2916 1368 medios
2947 1316 3004 1367 et
3035 1311 3312 1369 minimos
3344 1330 3491 1372 esse.

2816 1447 2970 1504 CAP.
3005 1447 3071 1505 X.

2121 1559 2194 1614 De
2213 1558 2366 1627 solis,
2399 1558 2568 1624 lunae,
2600 1560 2869 1626 terraeque
2909 1556 3315 1629 magnitudine
3361 1562 3414 1614 et
3450 1561 3784 1618 intervallo.

2190 1673 2681 1746 Philosophorum
2721 1689 2891 1744 porro
2924 1673 3215 1740 nonnulli,
3246 1673 3400 1730 inter
3454 1679 3602 1750 quos
3654 1676 3782 1732 Ari-

2119 1765 2393 1820 starchus
2414 1769 2812 1828 astronomus,
2832 1762 2999 1818 aiunt
3024 1763 3300 1834 majorem
3327 1766 3435 1822 soli
3457 1783 3588 1822 cum
3625 1773 3783 1824 terra

357 1875 644 1929 erraticus
680 1879 768 1930 est
800 1891 814 1943 ;
846 1878 905 1930 at
928 1853 1198 1930 errantes
1228 1873 1407 1929 stella:
1439 1873 1567 1930 ideo
1619 1873 2006 1945 appellantur,

2122 1854 2405 1911 rationem
2437 1870 2589 1920 esse,
2623 1869 2798 1924 quam
2822 1867 2922 1908 sex
2969 1853 3231 1908 millibus
3255 1856 3611 1928 octingentis
3643 1875 3782 1914 cum

356 1965 494 2034 quia
519 1980 672 2021 nunc
702 1967 876 2030 stare,
913 1981 1069 2020 nunc
1103 1963 1392 2037 progredi,
1427 1963 1734 2034 denuoque
1795 1954 2017 2034 regredi

358 2055 645 2110 videntur.
679 2057 870 2125 Atque
927 2054 1314 2109 inerrantium
1374 2053 1607 2124 quidem
1669 2053 1809 2108 ordo
1843 2051 2014 2124 longe

361 2142 680 2199 sublimius
711 2159 889 2215 quam
949 2144 1277 2199 errantium
1336 2143 1603 2198 eminet:
1657 2142 2014 2198 inerrantes-

356 2248 466 2304 que
495 2234 638 2289 adeo
668 2233 808 2304 ipsae
844 2249 958 2289 non
990 2233 1053 2290 in
1088 2250 1204 2289 una
1234 2239 1291 2288 et
1320 2233 1518 2289 eadem
1552 2231 1810 2302 corporis
1838 2232 2012 2288 aethe-

354 2323 433 2378 rei
467 2323 778 2395 superficie
805 2324 932 2378 sitm
965 2327 1105 2380 sunt
1135 2330 1190 2379 et
1220 2323 1524 2379 feruntur:
1559 2321 1676 2378 imo
1725 2321 1849 2377 alia:
1881 2321 2015 2378 aliis

356 2411 734 2468 sublimiores
775 2417 1078 2486 apparent.
1108 2412 1266 2469 Fixis
1322 2416 1582 2468 errantes
1642 2413 2011 2468 succedunt:

353 2499 412 2553 in
447 2500 664 2571 quibus
724 2501 915 2573 prima
968 2502 1242 2565 Saturno.
1312 2503 1571 2557 secunda
1637 2499 1783 2564 Jovi,
1842 2501 2014 2557 tertia

359 2587 550 2653 Marti,
584 2592 797 2660 quarta
827 2589 973 2661 Soli,
999 2590 1208 2661 quinta
1236 2589 1472 2659 Veneri,
1498 2593 1661 2646 sexta
1704 2589 2013 2658 Mercurio,

359 2681 660 2750 postrema
708 2679 884 2734 Luna
944 2680 1112 2736 sedes
1173 2680 1530 2753 assignatur.
1593 2681 1751 2735 Infra
1808 2679 2012 2736 lunam

359 2774 603 2842 quatuor
633 2768 938 2841 elementa,
1001 2770 1282 2827 nimirum
1341 2771 1519 2845 ignis,
1578 2788 1697 2839 aer,
1757 2777 1925 2842 terra,
1959 2777 2014 2828 et

361 2875 536 2930 aqua,
572 2859 776 2914 ordine
806 2875 913 2916 suo
945 2859 1180 2932 singula
1201 2861 1420 2932 jacent.
1451 2865 1600 2917 Sunt
1657 2865 1851 2916 autem
1894 2860 2013 2916 cui-

359 2946 502 3003 libet
533 2949 849 3005 errantium
885 2951 1167 3020 przetlnita
1196 2951 1713 3022 tempora.quibus
1739 2966 2010 3007 movean-

356 3039 773 3094 tur.Saturnas
804 3041 1080 3107 enim,cui
1116 3046 1179 3096 ut
1207 3042 1430 3097 caeteris
1464 3041 1652 3097 altiori
1714 3041 2006 3096 maximus

355 3127 516 3184 orbis
575 3128 999 3198 permetiendus
1059 3137 1165 3199 est,
1225 3147 1461 3187 cursum
1534 3147 1706 3186 suum
1765 3130 2008 3201 triginta

359 3234 645 3273 annorum
705 3219 889 3290 spatio
948 3220 1200 3278 conﬁcit.
1257 3220 1483 3292 Jupiter
1571 3221 1743 3276 celeri
1829 3237 2005 3276 cursu

355 3305 648 3377 sphaeram
683 3323 850 3362 suam
902 3309 1075 3364 annis
1131 3312 1460 3380 duodecim,
1494 3316 1647 3366 Mars
1679 3311 1909 3365 duobus
1941 3320 2006 3365 a'c

358 3395 603 3451 semisse
637 3402 914 3468 permeat.
953 3397 1126 3463 Solis,
1157 3399 1413 3469 Veneris,
1463 3409 1515 3455 et
1563 3401 1832 3455 Mercurii
1873 3417 2008 3455 cur-

358 3503 461 3543 sus
493 3489 670 3556 idem,
705 3490 870 3561 isque
901 3506 1094 3545 annus
1118 3496 1227 3546 est.
1290 3493 1447 3546 Luna
1507 3501 1630 3563 post
1665 3491 2005 3546 vicesimum

357 3593 577 3632 nonum
628 3578 783 3634 diem
845 3587 898 3634 et
964 3579 1271 3636 semissem
1334 3596 1570 3636 cursum
1632 3581 2004 3651 redintegrat.

354 3665 514 3730 Quod
549 3664 599 3721 si
630 3667 763 3740 quis
793 3667 1135 3738 hujusmodi
1168 3686 1547 3725 numerorum
1581 3685 1794 3725 arcana
1824 3669 2007 3724 rimae

356 3753 406 3807 ri
437 3754 592 3824 velit,
623 3755 760 3812 hinc
794 3757 955 3814 facile
985 3765 1206 3830 quanta
1246 3760 1323 3815 sit
1367 3759 1669 3814 architecti
1727 3758 2010 3829 sapientia

357 3845 749 3919 deprehendet
783 3865 796 3903 :
830 3851 983 3921 quod
1013 3850 1293 3906 nimirum
1325 3854 1714 3908 concentuum
1755 3849 2006 3906 rationes

355 3951 562 3993 omnes
592 3937 652 3993 in
712 3937 807 3994 his
864 3939 1246 3997 elucescant:
1307 3957 1530 4009 eorum,
1589 3941 1856 4014 inquam,
1911 3939 2009 4011 qui

351 4025 525 4100 vulgo
557 4023 646 4082 διὰ
675 4030 882 4099 πασῶν,
915 4025 1006 4084 διὰ
1059 4029 1214 4086 πέντε
1265 4037 1324 4088 et
1381 4027 1470 4086 διὰ
1503 4030 1777 4105 τεσσάρων
1811 4029 2008 4104 appel-

350 4115 571 4174 lantur.
890 4123 896 4128 ’

1062 4210 1214 4266 CAP.
1253 4211 1352 4266 IX.

421 4320 630 4377 Indicit
672 4324 917 4392 supremi
965 4328 1195 4394 tempus.
1246 4327 1605 4380 Planetarum
1652 4322 1936 4379 ἀποκατα-

618 4394 849 4455 στάσεις.
883 4397 1168 4453 Αςινονιιιη
1197 4396 1460 4468 synodus,
1493 4395 1737 4452 diluvia.

417 4511 670 4567 Tametsi
706 4516 909 4568 autem
941 4531 1010 4570 ex
1042 4512 1334 4585 Evangelii
1395 4513 1632 4569 oraculo
1662 4514 1704 4581 ‘,
1737 4512 1892 4569 diem
1949 4518 2008 4570 et

345 4600 553 4657 horam
603 4605 862 4674 supremi
920 4604 1124 4673 iudicii
1187 4621 1356 4661 nemo
1414 4612 1740 4675 cognoscat,
1801 4613 2008 4675 praeter

354 4695 607 4760 Patrem,
641 4699 698 4749 et
725 4694 882 4750 Patri
939 4707 1288 4750 comternnm
1349 4695 1583 4758 Filium,
1643 4700 1817 4765 atque
1863 4696 2005 4750 adeo

347 4782 652 4853 Spiritum,
687 4783 786 4854 qui
819 4801 887 4839 ex
921 4791 1086 4841 Patre
1127 4785 1433 4856 (Filioque)
1479 4786 1771 4856 procedit:
1825 4784 2003 4843 Grani

349 4876 544 4926 tamen
581 4875 748 4929 novis
779 4874 1136 4945 quibUsdam
1171 4875 1773 4931 demonstrationibus
1789 4875 2004 4947 perspi-

345 4977 515 5016 cuam
552 4962 738 5018 facere
771 4964 1173 5019 connituntur.
1207 4964 1328 5028 Quo
1359 4963 1415 5018 id
1451 4969 1644 5019 autem
1692 4964 1883 5027 modo,
1917 4963 2003 5019 sic

341 5051 559 5121 accipe.
615 5052 906 5109 Saturnus
968 5053 1282 5110 maximam
1341 5071 1510 5110 suam
1567 5052 1999 5108 ἀποκατάστασιν

347 5140 616 5198 ducentis
649 5142 950 5209 sexaginta
979 5142 1244 5215 quinque
1297 5141 1506 5199 annis:
1564 5145 1811 5215 Jupiter,
1854 5160 1999 5215 qua-

348 5231 673 5306 dringentis
697 5235 898 5306 viginti
929 5241 1183 5305 septem:
1211 5237 1383 5302 Mars,
1405 5235 1675 5290 ducentis
1704 5241 1997 5306 quatuor:

347 5322 454 5386 sol,
491 5323 650 5379 mille
681 5325 1127 5396 quadringentis
1187 5323 1494 5395 sexaginta
1552 5342 1717 5381 uno:
1777 5325 1996 5392 Venus,

344 5411 502 5467 mille
525 5414 784 5469 centenis
817 5414 1248 5486 quinquaginta
1285 5431 1402 5471 uno
1430 5429 1443 5470 :
1476 5415 1819 5482 Mercurius,
1854 5431 1999 5485 qua-

341 5500 670 5574 dringentis
696 5519 708 5558 :
736 5501 896 5572 luna,
932 5504 1422 5576 vigintiquinque
1443 5503 1698 5560 conﬁcit.
1733 5504 1999 5562 Cosmica

410 5713 434 5750 ⁸
463 5712 642 5771 Maro.
674 5730 797 5784 xm,
829 5716 918 5772 32.

2130 1944 2560 2017 quinquaginta
2591 1959 2795 1999 novem
2826 1959 2838 1998 :
2869 1943 3252 2015 ejusdemque
3283 1945 3569 2002 diametro
3607 1948 3786 2003 vicis-

2127 2035 2239 2091 sim
2274 2036 2554 2104 majorem
2581 2047 2717 2088 cum
2752 2036 2916 2087 terra:
2961 2032 3246 2089 diametro
3304 2035 3588 2092 rationem
3631 2055 3781 2106 esse,

2128 2139 2305 2195 quam
2340 2121 2743 2178 novemdecim
2777 2137 2909 2176 cum
2946 2121 3157 2178 tribus.
3191 2123 3277 2178 Ad
3331 2123 3452 2179 ham
3483 2123 3624 2180 solis
3658 2127 3786 2180 dia-

2127 2218 2307 2268 meter
2338 2210 2573 2282 octuplo
2606 2211 2756 2266 luna:
2797 2211 3150 2266 diametrum
3199 2218 3454 2284 superat,
3513 2214 3785 2270 interval-

2123 2301 2368 2373 lumque
2399 2301 2542 2357 adeo
2574 2317 2690 2372 quo
2723 2299 2810 2356 sol
2841 2317 2871 2355 a
2902 2305 3054 2356 terra
3083 2301 3281 2364 distat,
3317 2301 3551 2375 octuplo
3586 2305 3781 2375 majus

2123 2397 2232 2460 est,
2266 2408 2442 2463 quam
2475 2389 2849 2446 intervallum
2885 2407 2999 2461 quo
3031 2389 3173 2446 luna
3203 2391 3274 2445 ab
3317 2392 3518 2448 eadem
3551 2392 3781 2462 disiun-

2123 2482 2300 2554 gitur.
2337 2480 2487 2545 Quin
2520 2479 2694 2535 etiam
2737 2479 2846 2535 soli
2895 2495 3027 2536 cum
3079 2479 3220 2535 luna
3263 2479 3411 2537 ratio
3444 2482 3637 2552 major
3667 2487 3778 2549 est,

2124 2587 2302 2642 quam
2334 2572 2597 2642 quinque
2629 2569 2894 2626 millibus
2949 2570 3304 2643 octingentis
3363 2572 3596 2628 duobus
3643 2588 3777 2627 cum

2123 2677 2258 2717 uno.

2809 2750 2967 2806 CAP.
2999 2749 3090 2806 XI.

2576 2873 2654 2924 De
2683 2867 2814 2924 soli:
2841 2870 2894 2924 et
2924 2868 3072 2925 tunae
3102 2869 3314 2941 eclipsi.

2191 2989 2473 3042 Caeterum
2507 2987 2577 3042 ad
2613 2985 2755 3041 solis
2785 2991 2842 3042 et
2874 2986 3025 3041 lunae
3058 2987 3318 3042 defectus
3341 2988 3489 3057 quod
3541 2987 3770 3057 attinet,

2121 3093 2218 3148 qui
2255 3077 2425 3147 paulo
2456 3075 2735 3132 subtilius
2792 3074 2904 3130 ista
2961 3075 3156 3131 rimati
3223 3086 3382 3142 sunt,
3415 3075 3661 3146 eclipsin
3715 3079 3773 3133 in

2115 3166 2236 3224 sole
2264 3165 2494 3238 proprie
2524 3165 2638 3219 dici
2675 3181 2846 3236 posse
2877 3169 3093 3237 negant
3151 3165 3306 3236 (cum
3368 3165 3512 3221 solis
3571 3166 3770 3222 lumen

2114 3255 2277 3313 nullo
2311 3267 2566 3325 tempore
2595 3254 2868 3323 deﬁciat).
2903 3253 3212 3321 caliginem
3245 3259 3441 3310 autem
3503 3259 3561 3311 et
3613 3257 3771 3312 obte-

2116 3345 2519 3402 nebrationem
2554 3344 3029 3414 admittunt,quae
3052 3347 3182 3399 tum
3217 3345 3455 3400 demum
3483 3345 3766 3417 percipia-

2115 3443 2229 3501 tur,
2263 3452 2395 3490 cum
2429 3435 2486 3489 in
2518 3432 2802 3505 eeliptieis
2833 3433 3350 3503 conjunctionibus
3399 3433 3541 3489 luna
3569 3435 3653 3489 illi
3693 3436 3764 3490 ad

2114 3524 2597 3598 perpendiculum
2630 3523 2896 3595 opposita
2927 3525 3100 3577 fuerit
3132 3539 3146 3579 :
3181 3527 3320 3579 tunc
3350 3525 3504 3580 enim
3564 3525 3765 3580 oculos

2113 3618 2370 3679 nostros,
2402 3614 2500 3684 qui
2535 3613 2916 3668 sublunarem
2961 3611 3257 3683 regionem
3308 3612 3644 3683 incolimus,
3678 3618 3769 3670 te-

2115 3704 2484 3760 nebricosum
2519 3703 2661 3758 solis
2694 3702 2893 3759 lumen
2926 3703 3773 3776 obumbrat.Astronomipraa-

2113 3800 2272 3850 terea
2301 3791 2506 3865 digitis
2538 3792 2845 3848 duodecim
2891 3791 3046 3847 lunae
3106 3809 3320 3864 corpus
3376 3792 3770 3862 dimetientes,

2114 3883 2257 3940 alias
2289 3883 2526 3955 quidem
2560 3883 2667 3939 toti
2699 3882 2890 3953 ipsius
2915 3881 3144 3953 corpori
3175 3881 3318 3938 solis
3343 3882 3536 3937 radios
3565 3883 3774 3939 adver-

2115 3991 2232 4044 sos,
2267 3973 2412 4030 alias
2440 3989 2574 4029 vero
2611 3972 2787 4028 etiam
2820 3971 3198 4043 paucioribus
3249 3971 3557 4027 duodecim
3626 3973 3775 4043 obji-

2115 4067 2299 4124 ciunt.
2334 4065 2477 4122 Cum
2509 4064 2664 4120 enim
2697 4062 2839 4120 luna
2879 4061 3220 4118 sublimiore
3273 4062 3412 4118 orbe
3451 4063 3774 4118 circumve-

2115 4155 2295 4224 hitur,
2332 4171 2398 4212 eo
2429 4153 2653 4210 scilicet
2683 4152 2784 4224 qui
2835 4151 2939 4207 soli
2991 4151 3374 4224 propinquior
3418 4158 3529 4221 est,
3563 4169 3774 4225 parum

2115 4247 2296 4314 abest,
2329 4244 2470 4315 quin
2503 4243 2778 4298 tenebras
2806 4241 2891 4296 illi
2925 4241 3224 4298 effundere
3282 4241 3548 4297 videatur
3577 4257 3592 4298 :
3640 4257 3774 4298 cum

2117 4341 2315 4389 autem
2349 4332 2518 4405 pleno
2551 4331 2710 4399 orbe,
2737 4332 3015 4402 justaque
3045 4330 3136 4386 sui
3191 4331 3596 4403 magnitudine
3645 4348 3778 4388 con-

2118 4431 2284 4481 stans
2315 4425 2590 4481 interiora
2621 4428 2900 4496 permeat,
2955 4429 3097 4480 tunc
3153 4423 3377 4480 scilicet
3429 4423 3628 4482 oculos
3675 4424 3778 4480 illa

2118 4520 2347 4571 nostros
2380 4515 2690 4585 splendore
2737 4531 2842 4570 suo
2900 4514 3268 4585 perstringit,
3303 4520 3358 4570 et
3405 4514 3630 4586 integro
3663 4513 3774 4570 soli

2117 4604 2453 4676 Opponitur.
2491 4604 2670 4659 Iidem
2705 4603 2932 4673 objectu
2969 4607 3143 4674 atque
3175 4605 3499 4659 interventu
3547 4604 3768 4658 umbrae

2118 4702 2276 4749 terra
2303 4693 2503 4748 lunam
2537 4691 2782 4748 deﬁcere
2809 4692 3101 4748 dixerunt.
3135 4692 3280 4746 Nam
3331 4696 3488 4747 terra
3543 4692 3769 4746 lumine

2115 4782 2256 4840 solis
2287 4783 2578 4838 illustrata
2608 4781 2876 4837 umbram
2913 4799 3025 4836 non
3052 4798 3177 4836 eam
3216 4780 3453 4852 quidem
3487 4781 3770 4852 cylindri-

2115 4889 2394 4938 cam,seu
2427 4872 2767 4937 rotundam,
2827 4869 3020 4941 qualis
3071 4876 3157 4925 est
3215 4868 3499 4924 columnae
3561 4869 3770 4941 figura,

2115 4966 2214 5021 sed
2251 4965 2555 5022 conoidem
2589 4980 2689 5019 seu
2727 4961 3089 5018 turbinatam
3150 4961 3308 5018 facit.
3365 4963 3547 5023 Κῶνος
3590 4962 3771 5033 enim,

2114 5055 2214 5127 qui
2246 5062 2299 5111 et
2331 5046 2650 5128 στρόϐιλος,
2683 5052 2738 5106 id
2773 5056 2862 5108 est
2895 5051 3087 5120 turbo,
3117 5050 3352 5120 dicitur,
3387 5067 3456 5106 ex
3483 5050 3602 5108 lata
3648 5051 3771 5124 pla-

2111 5145 2256 5201 nitie
2301 5144 2363 5200 in
2422 5158 2763 5198 mucronem
2818 5140 3137 5197 exacuitur.
3203 5139 3416 5196 Umbra
3472 5148 3632 5196 terra
3690 5141 3770 5198 ita

2113 5233 2500 5307 proculdubio
2532 5249 2594 5287 se
2626 5231 2823 5297 habet,
2867 5231 3032 5300 cujus
3090 5228 3171 5286 rei
3223 5245 3404 5285 causa
3461 5230 3770 5302 perspicua

2111 5323 2462 5388 est.0uoties
2495 5323 2653 5378 enim
2689 5337 2903 5390 corpus
2935 5319 3172 5392 aliquod
3208 5321 3279 5376 ab
3312 5321 3580 5392 ejusdem
3641 5338 3768 5377 cor-

2110 5413 2271 5486 poris
2306 5409 2923 5484 magnitudinelumen
2959 5410 3190 5478 accipit,
3223 5408 3576 5480 cylindrica:
3621 5425 3764 5480 quo-

2107 5503 2218 5560 ties
2247 5519 2382 5558 vero
2406 5519 2440 5558 a
2467 5498 3010 5569 minoris,conoides
3034 5499 3264 5566 umbra,
3295 5514 3397 5554 seu
3440 5498 3741 5556 turbinata
