4052 6450
302 368 456 439 illi
1611 364 1923 433 ΝΙΟΕΤΕ
1963 369 1985 430 (

2101 364 2381 429 )NIATIE

303 501 627 575 consurgit.
660 501 824 560 Unde
852 502 1126 572 efﬁcitur,
1186 507 1252 560 ut
1306 520 1438 561 cum
1497 503 1584 562 sol
1636 503 1844 561 tellure
1873 502 1952 560 sit
1980 503 2034 568 Α

308 592 516 663 major,
549 607 800 664 eamque
857 592 982 649 suis
1040 593 1223 649 radiis
1277 593 1554 665 illustrat,
1607 593 1960 649 turbinatam

310 696 545 753 quoque
574 681 844 738 umbram
874 682 1107 738 efﬁciat.
1140 684 1342 755 Itaque
1394 683 1537 740 luna
1594 687 1735 739 tunc
1793 682 1961 739 nobis

310 771 580 836 obscura,
614 769 1017 843 deficientique
1050 772 1261 830 similis
1290 774 1538 842 videtur,
1572 790 1705 829 cum
1739 772 1799 828 in
1834 788 1961 829 um-

312 859 479 915 bram
510 858 738 916 telluris
764 860 1050 917 inciderit.
1080 863 1243 926 Quod
1290 864 1339 919 si
1395 864 1455 920 in
1514 864 1735 919 umbras
1776 863 1963 934 ipsius

312 947 565 1004 radicem
596 966 701 1005 seu
733 950 1129 1007 meditullium
1151 951 1633 1022 indicat,omnino
1650 952 1846 1010 deﬁcit
1873 969 1886 1007 :
1912 952 1964 1009 si

313 1055 448 1095 vero
478 1039 537 1094 in
557 1039 1169 1106 verticem,obscurior
1189 1043 1479 1099 efﬁcitur:
1512 1043 1652 1115 quia
1685 1043 1966 1100 nimirum

317 1144 432 1199 quo
484 1129 759 1185 conoides
818 1130 1039 1185 umbrae
1094 1130 1365 1203 planities
1423 1131 1610 1201 latior,
1651 1147 1719 1188 eo
1771 1136 1966 1188 vertex

315 1219 664 1275 contractior
695 1221 802 1274 est.

3566 355 3750 431 ius

2716 500 2872 558 CAP.
2903 501 3063 558 XIII.

2274 627 2349 682 De
2377 627 2506 683 solis
2533 631 2585 683 et
2606 626 2755 685 lunae
2780 643 2969 694 cursu,
3001 628 3247 699 annique
3275 629 3518 687 ratione.

2140 742 2454 801 Sciendum
2488 752 2762 817 presteres
2782 744 3107 811 est,lunam
3138 747 3448 819 integram,
3490 744 3607 803 hoc
3642 753 3740 804 est

2070 836 2518 908 quindenariam
2543 838 2613 893 ab
2632 838 2839 909 opiﬂce
2860 847 3113 894 creatam
3139 856 3154 906 ;
3178 839 3308 896 suis
3326 838 3484 895 enim
3513 856 3738 895 nume-

2070 925 2151 981 ris
2181 924 2509 982 absolutam
2540 944 2669 985 esse
2692 929 3093 985 conveniebat.
3135 932 3348 997 Quarto
3394 934 3602 985 autem
3638 930 3739 987 die

2071 1023 2260 1071 creata
2282 1008 2601 1088 est.ltaque
2621 1017 2829 1076 diebus
2852 1018 3123 1076 undecim
3173 1018 3355 1076 solem
3404 1022 3735 1091 praevertit,

2071 1105 2364 1178 siquidem
2397 1122 2430 1162 a
2459 1113 2662 1178 quarto
2694 1109 2767 1164 ad
2799 1109 3090 1164 decimum
3124 1108 3398 1181 quintum
3447 1110 3725 1166 undecim

2072 1196 2197 1253 dies
2226 1195 2681 1254 intercederunt.
2716 1199 2839 1264 Quo
2868 1199 3008 1255 {itut
3037 1214 3393 1271 unoquoque
3408 1216 3565 1255 anno
3584 1201 3720 1255 duo-

2072 1286 2263 1343 decim
2287 1303 2521 1345 menses
2552 1287 2723 1357 lunae,
2754 1288 3028 1346 undecim
3063 1288 3291 1345 dierum
3341 1290 3561 1361 spatio,
3590 1290 3729 1345 duo-

2074 1366 2262 1434 decim
2283 1376 2573 1434 solaribus
2588 1378 2893 1435 mensibus
2919 1379 3174 1436 minores
3187 1378 3741 1452 deprehendantur.

2074 1460 2307 1522 Solares
2336 1466 2495 1522 enim
2545 1467 2754 1524 diebus
2802 1469 3076 1525 trecentis
3123 1467 3424 1540 sexaginta
3472 1469 3750 1541 quinque

2075 1571 2210 1611 cum
2250 1555 2577 1626 quadrante
2599 1561 2893 1626 constant,
2919 1572 2988 1612 ex
3008 1573 3125 1631 quo
3144 1574 3247 1631 per
3271 1560 3529 1629 quatuor
3545 1574 3752 1614 annos

2076 1646 2399 1719 composito
2430 1647 2555 1704 dles
2585 1663 2742 1704 unus
2784 1648 3129 1715 absolvitur,
3180 1665 3357 1722 quem
3407 1650 3754 1708 Bissextum

2075 1736 2246 1810 vulgo
2277 1736 2503 1802 dicunt,
2535 1736 2749 1809 illeque
2780 1738 2923 1794 adeo
2955 1754 3145 1795 annus
3193 1739 3400 1796 diebus
3460 1743 3757 1799 trecentis

2078 1828 2378 1900 sexaginta
2402 1844 2500 1883 sex
2518 1832 2766 1884 constat.
2802 1832 2873 1885 At
2892 1827 3125 1885 lunares
3152 1831 3292 1886 anni
3334 1834 3755 1889 trecentorum

2083 1917 2508 1990 quinquaginta
2538 1923 2791 1990 quatuor
2814 1917 3044 1975 dierum
3072 1922 3231 1975 sunt.
3272 1921 3353 1976 Ex
3410 1938 3528 1993 quo
3581 1923 3759 1980 enim

2081 2007 2223 2064 luna
2253 2007 2579 2076 emerserit,
2611 2023 2709 2064 seu
2743 2007 2869 2064 orbi
2900 2024 3008 2064 suo
3068 2008 3340 2065 restituta
3396 2011 3576 2067 fuerit
3614 2016 3764 2068 tan-

320 2110 517 2173 tuens,
544 2122 733 2177 neque
759 2105 1013 2162 calidum
1047 2107 1252 2174 solem,
1285 2124 1475 2179 nsque
1503 2107 1617 2163 alia
1673 2106 1794 2163 ulla
1837 2124 1978 2180 qua-
2083 2097 2269 2169 ῐίεβθτ
2300 2096 2803 2169 ευεθδίωννάυω
2835 2097 2909 2153 ad
2941 2098 3067 2154 ἀίθε
3096 2099 3541 2170 (ἰυδίυοτάθοίω
3568 2106 3767 2174 atque

323 2194 485 2251 litate
515 2194 825 2267 praeditum
855 2212 986 2253 esse
1017 2198 1118 2266 ait,
1147 2198 1248 2253 sed
1282 2203 1339 2253 et
1366 2195 1578 2252 λεῖκνον
1639 2196 1838 2275 φωτὸς,
1871 2214 1974 2254 seu

2101 2186 2430 2258 quadranlis
2460 2187 2770 2243 semissem
2802 2188 3151 2259 pervenerit,
3210 2206 3244 2244 a
3302 2206 3419 2262 quo
3469 2192 3768 2249 nimirum

326 2284 643 2342 canistrum
699 2284 941 2341 luminis
990 2286 1268 2358 appellat.
1326 2288 1399 2342 At
1472 2304 1605 2345 vero
1664 2288 1758 2345 hic
1816 2290 1980 2361 roget
2087 2280 2351 2347 tempore
2383 2274 2627 2332 deﬁcere
2659 2275 2887 2349 ίυοίρίῖι
2920 2277 2993 2333 ad
3035 2293 3375 2350 nonumque
3422 2286 3483 2336 θίι
3530 2280 3768 2337 νίαθεί-

328 2374 648 2446 quispiam,
683 2374 785 2447 qui
816 2375 941 2432 ﬁeri
981 2377 1188 2447 possit,
1250 2384 1315 2433 ut
1371 2376 1456 2433 sol
1509 2377 1720 2435 caloris
1775 2392 1982 2450 expers

2101 2380 2252 2422 mum
2286 2364 2439 2420 diem
2481 2381 2616 2420 cum
2673 2365 2921 2423 semisse
2979 2367 3300 2425 deiicienda
3352 2371 3766 2441 progreditur.

333 2464 640 2520 calafaciat
662 2463 689 2519 7
718 2465 1003 2531 Quoniam
1040 2471 1253 2532 movet,
1286 2468 1555 2538 quamvis
1596 2473 1899 2523 moveatur
1926 2470 1985 2522 et

2101 2455 2347 2512 Perfecta
2378 2454 2859 2527 igitur,justaque
2889 2456 2984 2513 sui
3014 2457 3425 2529 magnitudine
3446 2466 3765 2530 constans,

332 2550 478 2624 ipse,
511 2551 963 2621 exhalationem,
997 2560 1055 2610 et
1084 2571 1221 2611 aera
1249 2555 1348 2626 qui
1404 2559 1568 2612 terrae
1599 2556 1984 2613 circumﬂuus
2092 2544 2335 2602 luminis
2361 2560 2567 2615 expers
2598 2548 2687 2600 est
2734 2545 3045 2618 denuoque
3088 2546 3197 2603 εοῙί
3247 2550 3562 2620 conjuncta
3595 2552 3768 2608 Pedi-

335 2649 442 2710 est,
467 2646 644 2714 atque
673 2642 883 2698 exinde
913 2643 973 2698 in
1023 2660 1202 2700 causa
1257 2649 1367 2709 est,
1426 2649 1490 2700 ut
1547 2647 1811 2717 subjecta
1868 2662 1985 2702 cor-

2101 2635 2223 2693 viva
2278 2634 2603 2706 consurgit,
2657 2638 2715 2690 et
2763 2635 3242 2708 redintegratur:
3292 2639 3447 2709 quod
3520 2646 3764 2697 certum

333 2748 477 2803 pora
505 2730 1292 2791 incalescant.Exhalationis
1324 2751 1494 2806 porro
1525 2740 1582 2790 et
1610 2741 1879 2792 naturam
1928 2739 1985 2791 et

2101 2720 2476 2795 proculdubio
2536 2722 2979 2779 resurrectionis
3027 2727 3243 2781 nostras
3296 2734 3765 2787 monumentum

334 2835 547 2877 nomen
579 2821 808 2893 primus
838 2821 1059 2880 invenit
1087 2828 1262 2896 atque
1291 2824 1525 2894 indidit,
1557 2824 1985 2882 exbalaticnem
2096 2815 2203 2867 θεῒ·
2242 2815 2441 2882 Itaque
2473 2808 2719 2879 είηὲυιῖε
2777 2811 2948 2867 Ennii!
3006 2812 3132 2870 dies
3200 2816 3475 2873 undeclm
3513 2819 3627 2875 801i
3660 2836 3766 2876 re-

330 2909 604 2983 inquiens
635 2914 908 2984 vaporem
943 2929 1075 2969 eum
1111 2912 1367 2970 calidum
1426 2920 1483 2971 et
1539 2915 1785 2982 siccum,
1835 2915 1989 2971 velu-
2098 2901 2317 2975 Pendit,
2350 2900 2432 2956 ita
2462 2903 2524 2956 ut
2555 2901 2815 2957 Ηθδτωίε
2847 2901 3015 2959 toruo
3046 2919 3279 2977 quoque
3320 2923 3477 2963 αυΠο
3534 2908 3769 2966 ηιθηείε

328 2998 493 3071 tique
523 3000 823 3058 fumosum
853 3002 1112 3074 esse,qui
1146 3020 1180 3058 a
1208 3007 1363 3059 terra
1393 3020 1632 3060 sursum
1676 3004 1985 3061 emittitur.

2101 2984 2429 3063 ἒμϐόλιμος,
2464 3007 2566 3048 seu
2618 2991 3001 3060 intercalaris,
3056 2998 3385 3054 conﬂatur:
3445 3015 3771 3071 annuaque

330 3093 463 3147 Haec
492 3090 576 3147 ita
604 3091 731 3163 ipsa
759 3091 1050 3148 exhalatio
1084 3094 1344 3164 fumosa,
1378 3110 1512 3150 eum
1538 3096 1662 3166 jam
1695 3111 1810 3166 prae
1844 3093 1985 3150 levi-

2101 3080 2244 3136 adeo
2276 3079 2375 3137 ille
2408 3080 2684 3137 tredecim
2718 3081 3039 3151 mensibus,
3069 3100 3138 3140 ex
3194 3087 3458 3145 undecim
3517 3087 3763 3143 dierum

330 3184 449 3237 tate
476 3181 547 3236 ad
579 3180 783 3237 lunam
824 3197 1015 3253 usque
1074 3183 1357 3253 pervenit,
1415 3182 1629 3239 deinde
1683 3181 1743 3239 in
1789 3186 1982 3255 partes
2016 3231 2056 3255 η
2101 3168 2447 3242 “dicamne:
2480 3174 2748 3227 οοηείθτθ
2778 3171 3273 3242 deprehendatur-

979 1339 1135 1395 CAP.
1168 1338 1293 1395 XII.

494 1454 568 1510 De
598 1454 750 1524 solis,
782 1454 954 1527 luna,
988 1457 1374 1528 astrorumque
1403 1456 1786 1526 qualitatibus.

385 1571 518 1628 Haec
557 1588 792 1644 quoque
819 1572 966 1629 scitu
1003 1588 1117 1628 non
1152 1573 1398 1646 indigna
1427 1577 1588 1644 sunt,
1647 1578 1709 1629 ut
1766 1588 1890 1643 qua
1936 1588 1969 1627 a

316 1660 492 1734 primi
525 1661 782 1717 nominis
814 1661 1178 1734 philosophis
1226 1663 1453 1720 sancita
1508 1664 1746 1719 fuerint.
1807 1661 1968 1719 Plato

317 1756 475 1808 certe
502 1766 716 1821 corpus
773 1749 1003 1807 aetheris
1060 1753 1397 1808 universum
1454 1767 1525 1808 ex
1581 1752 1737 1824 igne,
1790 1756 1966 1822 terra,

317 1838 656 1908 ceterisque
684 1836 915 1893 duobus
945 1836 1248 1894 elementis
1277 1838 1665 1905 constituens,
1709 1838 1963 1895 calidum

319 1925 501 1983 solem
530 1941 659 1982 esse
689 1925 853 1983 dixit.
875 1926 1219 1983 Aristoteles
1246 1935 1441 1983 autem
1497 1944 1708 1999 corpus
1756 1926 1968 1997 hujus-

322 2016 481 2073 modi
513 2014 811 2073 diversum
843 2017 1141 2088 quoddam
1177 2034 1210 2073 a
1232 2026 1482 2089 quatuor
1509 2017 1812 2073 elementis
1852 2022 1971 2073 sta-

329 3270 575 3326 diducta
601 3274 715 3341 est,
773 3231 1171 3338 sucebndit‘ur,
1230 3231 1475 3344 ignique
1525 3231 1888 3344 persinii12m
1920 3231 2056 3331 seC
2142 3304 2149 3307 -

335 3357 554 3415 nostris
584 3356 768 3414 oculis
797 3357 1069 3414 exhibet:
1099 3363 1275 3431 atque
1328 3358 1472 3416 adeo
1519 3361 1841 3433 subjectam
1869 3362 1981 3420 sibi

336 3447 726 3505 substantiam
762 3446 1047 3503 calefacit.
1083 3449 1244 3513 Quod
1279 3458 1470 3506 autem
1502 3467 1568 3507 ex
1627 3454 1784 3507 motu
1827 3451 1986 3508 calor

340 3537 623 3608 nascitur,
654 3538 711 3594 id
744 3552 812 3593 ex
837 3536 1166 3607 jaculorum
1212 3539 1556 3611 cuspidibus
1605 3542 1983 3615 perspicuum

341 3632 448 3686 est.
484 3626 794 3683 Plumbum
829 3627 1008 3694 enim,
1047 3644 1163 3700 quo
1221 3630 1599 3687 communita:
1658 3639 1813 3703 sunt,
1855 3633 1983 3706 ipso

340 3722 499 3774 motu
532 3717 798 3789 solvitur,
827 3722 885 3773 et
913 3716 1296 3789 colliquescit.
1320 3721 1510 3791 Atque
1530 3720 1710 3776 Graeci
1741 3722 1981 3790 quidem

339 3807 447 3866 soli
474 3807 673 3864 lumen
705 3806 988 3876 abinitio,
1021 3812 1078 3864 et
1108 3807 1345 3880 quidem
1381 3816 1591 3867 natura
1618 3810 1749 3883 ipsa
1790 3813 1985 3869 inesse

338 3898 527 3954 aiunt.
559 3898 933 3969 Anaxagoras
963 3911 1096 3953 vero
1127 3896 1381 3955 solidum
1440 3898 1690 3971 lapidem
1747 3916 1817 3957 ex
1854 3901 1986 3957 uni-

336 3986 488 4044 versi
512 3986 999 4044 circumvectione
1017 3986 1226 4043 elisum
1250 3992 1307 4045 et
1327 3987 1760 4045 inﬂammatum
1795 3991 1989 4048 denuo

341 4076 605 4150 levigari,
635 4080 694 4132 et
737 4076 797 4131 in
855 4075 1056 4133 stellas
1111 4076 1378 4134 ccelestes
1436 4077 1761 4136 coalescere
1789 4080 1990 4137 tradit.

341 4167 506 4223 Idem
563 4164 957 4222 foraminibus
1014 4167 1203 4222 instar
1258 4166 1504 4240 pumicis
1568 4171 1627 4225 et
1680 4167 1995 4242 spiraculis

343 4259 569 4315 scatere
618 4254 842 4326 stellas,
899 4258 1076 4326 atque
1131 4272 1560 4329 nonnunquam
1613 4258 1756 4315 ccele
1804 4258 1998 4316 delabi

347 4351 550 4404 auctor
605 4348 696 4402 est
734 4361 753 4400 :
815 4345 1035 4417 quibus
1090 4345 1264 4402 dictis
1321 4346 1497 4404 ﬁdem
1556 4348 1999 4418 conciliaturas,

348 4436 537 4493 adfert
564 4449 778 4505 corpus
809 4433 953 4490 illud
980 4433 1258 4506 ignitum,
1290 4437 1541 4495 rotunda
1587 4437 1798 4511 forma,
1847 4440 2000 4513 quod

350 4526 498 4584 coelo
520 4526 818 4600 quondam
855 4525 915 4581 in
936 4524 1093 4601 αἰγὸς
1125 4525 1370 4584 ﬂuvium
1402 4528 1640 4588 decidit.
1674 4530 1788 4587 Alii
1819 4530 2003 4589 solem

2754 3297 2910 3353 CAP.
2942 3297 3082 3355 XIV.

2184 3398 2351 3466 Solis,
2385 3398 2537 3456 lunae
2569 3404 2622 3454 et
2648 3399 2936 3455 stellarum
2968 3403 3227 3469 materia,
3259 3404 3407 3474 ignis
3433 3407 3649 3460 natura.

2166 3489 2542 3560 Perspicuum
2567 3494 2763 3546 autem
2794 3498 2902 3558 est,
2928 3491 3136 3556 solem,
3186 3493 3387 3549 lunam
3446 3499 3502 3550 et
3552 3491 3763 3551 stellas

2094 3598 2163 3638 ex
2192 3580 2347 3636 luna:
2368 3580 2541 3651 globo
2567 3584 2857 3636 constare.
2903 3579 3189 3638 Vesorum
3239 3583 3399 3639 enim
3444 3584 3635 3640 instar
3666 3583 3769 3640 lu-

2098 3686 2230 3728 men
2266 3669 2381 3725 sibi
2418 3672 2615 3741 pestea
2646 3669 3122 3741 superadjectum
3156 3672 3774 3745 exceperunt.Horum

2099 3761 2359 3837 profecto
2390 3759 2726 3830 cujusmodi
2759 3763 2970 3816 natura
3000 3760 3094 3830 sit,
3126 3763 3447 3820 nescimus.
3477 3763 3629 3819 Sunt
3665 3746 3784 3838 qui

2099 3855 2297 3927 ignem
2328 3850 2442 3907 nisi
2476 3850 2533 3906 in
2564 3851 2866 3906 materiam
2901 3851 3162 3925 aliquam
3196 3858 3353 3927 agat,
3378 3854 3782 3927 conspicuum

2102 3959 2232 4001 esse
2265 3947 2476 4013 negent
2519 3955 2533 3995 :
2596 3938 2748 3996 unde
2796 3939 2882 4011 ﬂt,
2943 3945 3009 3997 ut
3063 3942 3388 4001 exstinctus
3429 3948 3784 4007 evanescat-

2107 4032 2219 4090 Alii
2250 4030 2605 4089 exstinctum
2636 4028 2697 4085 in
2729 4045 2924 4086 aerem
2957 4031 3174 4089 mutari
3206 4034 3600 4093 contendunt.

2775 4145 2930 4204 CAP.
2964 4148 3087 4205 XV.

2325 4256 2400 4313 De
2424 4254 2669 4319 zodiaca,
2696 4253 3162 4330 planioremque
3199 4254 3471 4324 domibus,
3502 4264 3556 4313 ει

2662 4395 2668 4401 ο
2700 4324 3143 4383 τιθυαιιοηίὺὲιδ.

2183 4434 2410 4495 Zodiaci
2443 4449 2616 4508 porro
2646 4432 2848 4489 circuli
2888 4436 3086 4489 motus
3131 4432 3406 4506 obliquus
3458 4439 3570 4504 est,
3604 4439 3790 4508 atque

2116 4526 2176 4583 in
2200 4525 2486 4582 sectiones
2509 4521 2814 4579 duodecim
2837 4520 3135 4593 dividitur,
3177 4539 3306 4595 quae
3348 4523 3561 4596 vulgus
3605 4522 3790 4594 ζώδια

352 4621 408 4673 et
436 4616 640 4674 lunam
674 4615 860 4672 nubes
891 4614 1168 4672 aethereos
1194 4614 1629 4677 inﬂammatas:
1662 4618 1761 4677 alii
1817 4620 1998 4678 solem
2031 4613 2078 4678 D
2119 4633 2221 4673 seu
2254 4614 2423 4685 signa
2447 4617 2652 4669 vocat:
2686 4627 2930 4684 quorum
2990 4611 3227 4685 singula
3284 4612 3542 4670 denariis
3588 4617 3792 4673 tribus

348 4707 543 4781 ipsum
577 4721 828 4762 massam
858 4704 1259 4762 candefactum
1293 4723 1421 4764 esse
1469 4708 1759 4767 dixerunt.
1792 4711 2002 4769 Verum

349 4799 650 4854 enimvero
704 4811 838 4852 cum
893 4794 1072 4851 Mosis
1125 4795 1369 4852 historia
1426 4797 1633 4868 solem,
1698 4799 1898 4856 lunam
1948 4804 2008 4856 et

351 4886 552 4943 stellas
580 4903 612 4942 a
645 4884 851 4942 mundi
884 4884 1092 4957 opiﬂce
1123 4889 1237 4941 Deo
1267 4886 1526 4959 primum
1560 4889 2006 4946 creationisini-

351 4975 505 5031 tium
536 4974 815 5032 habuisse
836 4974 1112 5041 dicimus,
1144 4990 1259 5031 non
1295 4977 1450 5046 quod
1484 4977 1581 5034 ille
1629 4976 1741 5034 alio
1782 4976 2007 5035 lumine

352 5068 568 5136 egeret,
609 5064 710 5119 sed
746 5080 817 5120 ne
845 5063 1042 5120 lumen
1076 5063 1217 5121 illud
1251 5065 1405 5122 iners
1454 5066 1827 5139 otiosumque
1884 5084 2007 5124 ma-

353 5153 938 5224 neret,quodidcirco
964 5153 1151 5224 primo
1175 5157 1373 5211 statim
1409 5156 1503 5213 die
1547 5157 1780 5213 creavit.
1816 5158 2011 5229 lnquit

351 5242 507 5297 enim
534 5241 850 5312 Scriptura,
893 5243 1052 5298 Dixit
1099 5260 1312 5316 quoque
1366 5246 1550 5302 Deus:
1608 5247 1734 5301 Fiat
1785 5248 1905 5319 lux,
1962 5255 2016 5305 et

352 5336 499 5397 (acta
528 5337 611 5387 est
641 5331 744 5386 lux
771 5331 812 5385 ⁸.
847 5332 1125 5387 Caeterum
1162 5334 1307 5389 nihil
1340 5333 1497 5391 aliud
1533 5335 1687 5408 ignis
1708 5343 1815 5405 est,
1835 5353 2010 5409 quam

353 5423 555 5477 lumen
588 5421 807 5493 ipsum.
864 5420 1202 5479 Luminaria
1250 5438 1390 5481 vero
1438 5440 1555 5481 non
1612 5430 1755 5484 sunt
1808 5425 2011 5485 lumen

355 5510 578 5583 ipsum,
609 5511 710 5569 sed
745 5509 987 5569 luminis
1013 5513 1396 5584 receptacula.

431 5726 458 5767 ⁵
485 5726 630 5785 Gen.
661 5742 703 5802 ι,
734 5728 790 5787 3.

2113 4704 2479 4778 trigintaque
2511 4701 2779 4775 partibus
2810 4705 3103 4759 constant.
3135 4703 3277 4759 Pars
3334 4708 3529 4761 autem
3586 4707 3796 4778 quaeli-

2115 4795 2215 4851 bet
2243 4810 2343 4850 sex
2373 4791 2619 4849 minutis
2652 4790 3086 4863 complectitur,
3118 4792 3201 4849 ita
3233 4796 3297 4850 ut
3339 4792 3549 4851 coelum
3583 4800 3791 4867 partes

2117 4902 2219 4943 seu
2253 4882 2592 4941 mansiones
2621 4885 2911 4938 trecentas
2943 4882 3249 4955 sexaginta
3291 4882 3529 4943 habeat.
3590 4884 3789 4942 Hemi-

2119 4973 2379 5049 sphaarii,
2411 4973 2568 5046 quod
2599 4987 2778 5045 supra
2807 4976 3020 5028 terram
3064 4976 3276 5043 exstat,
3332 4978 3569 5031 centum
3616 4978 3783 5032 octo-

2118 5069 2300 5139 ginta,
2332 5063 2699 5134 totidemque
2730 5062 2856 5133 ejus
2887 5062 3046 5134 quod
3081 5062 3192 5119 sub
3240 5066 3400 5120 terra
3439 5069 3549 5135 est,
3580 5068 3773 5136 partes

2119 5156 2557 5211 enumerantur.
2591 5155 2872 5208 Caeterum
2906 5151 3274 5223 planetarum
3311 5153 3529 5211 domus
3547 5153 3630 5209 ire
3650 5156 3779 5208 tra-

2121 5245 2365 5311 duntur,
2398 5241 2557 5297 Aries
2587 5246 2645 5296 et
2674 5241 2951 5312 Scorpius
2983 5241 3204 5298 Martis.
3240 5241 3472 5299 Taurus
3505 5248 3564 5299 et
3608 5242 3796 5299 Libra

2120 5333 2383 5390 Veneris.
2414 5331 2641 5387 Gemini
2673 5334 2731 5387 et
2760 5331 2936 5402 Virgo
2967 5330 3251 5387 Mercurii.
3302 5332 3524 5389 Cancer
3582 5333 3800 5391 Lunae.

2124 5426 2231 5481 Leo
2281 5422 2452 5479 Solis.
2514 5416 2861 5494 Sagittarius
2916 5424 2975 5477 et
3032 5420 3235 5478 Piscea
3287 5421 3469 5480 Jovis.
3547 5425 3806 5481 Saturni

2125 5512 2377 5587 denique
2432 5510 2825 5585 Capricornus
2894 5515 2952 5568 et
3030 5512 3347 5583 Aquarius.
3416 5508 3806 5573 Elevationes
