4052 6374
319 377 474 439 1113

1661 367 2062 432 THESAURI
2105 368 2262 428 LIB.
2308 369 2358 428 l.

3576 365 3734 426 11H

317 509 658 568 earumdem
699 509 783 565 sic
803 507 1052 563 habent:
1087 503 1238 563 Solis
1265 505 1446 560 Aries.
1481 504 1657 559 Luna:
1707 503 1960 558 Taurus.
1993 507 2047 572 Α
2079 499 2430 570 dispertiens
2470 517 2539 556 ex
2569 500 2710 557 solis
2755 500 2998 557 orientis
3055 499 3245 555 medio
3303 497 3686 555 constituitur
3721 514 3734 565 ;

317 605 473 660 lovis
503 607 738 658 Cancer.
774 599 1040 656 Mercurii
1072 599 1268 670 Virgo.
1305 595 1542 654 Saturni
1571 594 1970 652 Libra.Martis

316 695 720 766 Capricornus.
753 691 991 748 Veneris
1015 692 1228 746 Pisces.

983 801 1130 856 CAP.
1169 800 1306 856 XVI.

795 913 866 968 De
896 913 1040 967 lunae
1071 910 1265 983 ﬁguris
1295 910 1496 966 decem.

395 1023 566 1077 Lunae
602 1037 835 1094 quoque
867 1023 1084 1093 ﬁguras
1114 1019 1196 1075 sic
1255 1019 1481 1074 habeto.
1553 1017 1823 1088 Synodus
1867 1031 1968 1070 seu

319 1115 648 1184 conjunctis
680 1120 790 1182 est,
833 1130 963 1168 cum
995 1114 1052 1168 in
1085 1129 1152 1167 ea
1187 1117 1346 1184 parte
1385 1110 1574 1180 fuerit,
1639 1125 1815 1181 quam
1881 1103 1968 1161 sol

315 1209 601 1274 occupat:
650 1203 969 1275 Conceptio
1026 1217 1161 1258 cum
1223 1218 1256 1256 a
1314 1199 1433 1256 sole
1509 1200 1576 1253 ad
1639 1195 1969 1268 quindecim

317 1298 512 1364 partes
543 1291 1154 1362 abscesserit:Ortus,
1186 1307 1318 1345 cum
1358 1284 1684 1361 μηνοειδής,
1727 1287 1835 1342 hoc
1885 1290 1974 1341 est

317 1381 548 1448 falcata,
579 1381 847 1437 lunatave
877 1380 1134 1437 secundo
1166 1381 1520 1452 apparuerit,
1563 1377 1651 1432 vel
1708 1394 1837 1432 cum
1900 1375 1970 1431 ad

318 1488 419 1526 sex
449 1476 742 1542 septemve
776 1475 970 1542 partes
1022 1470 1408 1537 abscesserit;
1459 1465 1762 1540 Διχὸτομοι
1822 1466 1972 1533 dum,

317 1561 427 1616 hoc
459 1564 548 1615 est
579 1561 848 1625 dividuee,
896 1577 1024 1614 cum
1092 1560 1162 1614 ad
1226 1558 1580 1630 nonaginta:
1640 1555 1975 1632 ἀμφίκυρτοι

326 1650 478 1717 duae,
519 1649 621 1703 hoc
652 1655 740 1702 est
774 1648 1042 1718 utrinque
1073 1648 1350 1719 gibboszs,
1384 1664 1516 1702 cum
1550 1647 1620 1701 ad
1653 1645 1855 1718 viginti
1876 1661 1977 1700 su-

320 1755 426 1810 pra
458 1742 693 1793 centum
727 1754 739 1792 :
774 1734 1105 1813 πλησιφαεῖς
1136 1737 1244 1792 hoc
1275 1743 1366 1793 est
1424 1736 1820 1809 plenilunares
1870 1751 1971 1790 seu

329 1826 736 1897 pet-luminosa
770 1829 918 1894 dum,
954 1845 1084 1882 cum
1120 1829 1187 1882 ad
1224 1833 1458 1882 centum
1514 1825 1974 1896 quinquaginta,

323 1911 661 1982 πανσέϐηνος
681 1935 780 1972 seu
807 1917 1194 1989 plenilunium
1221 1917 1561 1985 integraque
1593 1915 1744 1970 lunae.
1778 1914 1971 1982 facies,
2007 1891 2052 1956 Β

322 2025 456 2064 cum
491 2009 560 2062 ad
598 2014 828 2063 centum
864 2008 1160 2080 octoginta
1191 2013 1392 2080 partes
1451 2007 1788 2062 abcesserit.
1825 2011 1972 2061 Duas
2049 2016 2066 2028 ’

320 2103 517 2153 autem
551 2098 830 2165 diximus,
862 2097 968 2153 hoc
993 2104 1082 2153 est
1104 2115 1277 2153 unam
1301 2114 1428 2168 qua
1451 2102 1695 2164 crescat,
1729 2095 1970 2151 alteram

313 2204 440 2258 quae
472 2187 724 2243 deficiat.
759 2188 1018 2243 Duorum
1079 2204 1248 2259 porro
1307 2187 1538 2242 dierum
1598 2191 1655 2240 et
1707 2183 1972 2240 semissis

311 2279 500 2349 spatio
536 2279 838 2349 signorum
871 2279 1340 2351 unumquodque
1372 2277 1522 2331 lunas
1557 2275 1860 2348 percurrit.

957 2405 1106 2460 CAP.
1147 2404 1322 2461 XVlI.

318 2512 390 2566 De
417 2519 624 2581 septem
652 2513 1004 2582 planetarum
1040 2516 1184 2568 mnis
1214 2522 1268 2568 et
1297 2529 1484 2577 cursu,
1537 2529 1648 2567 una
1695 2530 1818 2567 curn
1867 2513 1972 2568 loci

393 2584 652 2639 Davidici
683 2585 889 2656 Psatm.
923 2602 1041 2651 vni,
1076 2583 1099 2617 ⁸
1133 2600 1144 2634 :
1179 2585 1401 2640 Lunam
1433 2592 1490 2640 et
1515 2585 1715 2640 stellas
1748 2602 1871 2656 quae
1906 2591 1968 2639 tu

387 2656 670 2725 fundasti,
704 2655 1090 2728 explicatione.

390 2764 466 2818 Ex
495 2763 621 2834 ipsa
642 2762 966 2819 coeleslium
1002 2765 1310 2836 globorum
1337 2764 1712 2821 universitate
1748 2767 1967 2837 septem

323 2853 590 2925 planetas
621 2870 747 2909 esse
779 2854 944 2908 aiunt
979 2854 1117 2924 :qui
1187 2861 1342 2908 motu
1405 2871 1438 2909 a
1495 2853 1709 2910 caelesti
1741 2854 1967 2911 diverso

315 2948 655 3000 moventur:
691 2960 806 3015 qua
837 2949 1059 3000 ratione
1091 2943 1457 3016 planetarum
1493 2961 1721 3016 quoque
1755 2960 1968 3000 nomen

309 3033 505 3103 adepti
538 3037 698 3088 sunt.
734 3033 879 3088 Nam
911 3050 1043 3089 cum
1078 3034 1282 3090 emtum
1318 3033 1388 3088 ab
1421 3033 1652 3090 Oriente
1693 3035 1759 3088 ad
1814 3033 1971 3089 Occi-

319 3123 552 3178 dentem
615 3129 916 3179 moveatur
969 3141 982 3179 :
1045 3123 1129 3178 illi
1182 3129 1383 3180 contra
1431 3125 1501 3179 ab
1559 3124 1869 3180 Occidente
1908 3123 1965 3178 in

317 3210 612 3267 Orientem
647 3213 991 3284 rapiuntur;
1025 3212 1359 3285 coelumque
1393 3217 1535 3270 adeo
1568 3214 1761 3286 ipsum
1814 3216 1966 3285 rapi-

323 3301 570 3357 dissimo
610 3319 716 3358 suo
764 3311 922 3358 motu
977 3307 1194 3374 septem
1260 3305 1522 3374 planetas
1571 3304 1970 3371 circumvehit,
2013 3268 2057 3335 ε

325 3406 451 3460 quae
483 3391 577 3446 his
608 3391 781 3461 vulgo
817 3392 1159 3448 nominibus
1209 3398 1560 3448 censentur:
1615 3394 1733 3461 Sol,
1792 3399 1976 3462 Luna,

320 3479 571 3550 Jupiter,
606 3480 953 3549 Mercurius,
983 3483 1157 3550 Mars,
1193 3481 1405 3552 Venus,
1437 3483 1823 3540 Saturnus.ln
1855 3485 1980 3540 sin-

321 3569 477 3641 gulis
521 3576 717 3626 autem
749 3573 876 3627 ρωιὶ
909 3572 1069 3627 zonis
1096 3588 1250 3627 unus
1281 3571 1495 3644 aliquis
1523 3591 1553 3630 e
1583 3579 1803 3646 septem
1862 3575 1978 3646 pla-

323 3662 475 3714 netis
503 3659 786 3718 volvitur:
821 3661 876 3717 in
915 3662 1102 3732 prima
1132 3662 1389 3732 quidem,
1420 3681 1544 3735 qua;
1595 3668 1652 3720 et
1681 3681 1978 3736 suprema,

321 3749 616 3808 Saturnus
646 3768 659 3806 :
696 3753 754 3808 in
789 3753 1312 3825 secunda,Jupiter
1335 3773 1348 3812 :
1374 3755 1431 3810 in
1459 3757 1650 3823 tertia,
1683 3756 1837 3812 Mars
1870 3773 1884 3812 :
1921 3757 1978 3812 in

323 3844 560 3910 quarta,
592 3841 677 3897 sol
714 3860 726 3898 :
762 3843 820 3898 in
847 3843 1075 3914 quinta,
1110 3847 1345 3901 Venus:
1405 3846 1463 3900 in
1523 3851 1706 3915 sexta,
1756 3852 1981 3903 Mercu-

321 3930 486 3986 rius:
523 3931 581 3986 in
616 3933 884 4004 septima,
911 3950 1040 4004 quas
1071 3935 1334 3991 omnium
1370 3954 1602 4008 quoque
1638 3938 1840 3993 inﬁma
1868 3942 1978 4005 est,

315 4021 483 4078 luna.
517 4022 838 4097 Irrequieto
899 4027 1092 4099 itaque
1148 4033 1204 4083 et
1261 4030 1615 4086 indesinenti
1667 4048 1846 4088 cursu
1878 4031 1981 4087 de-

320 4119 664 4181 currunt,eo
689 4116 990 4184 nimirum,
1026 4135 1200 4188 quem
1251 4120 1336 4174 eis
1369 4121 1574 4176 mundi
1618 4123 1815 4192 Opifex
1843 4137 1983 4194 prte'

323 4202 536 4270 ﬁnivit,
567 4207 623 4258 et
653 4209 826 4274 prout
856 4205 989 4260 illos
1021 4207 1305 4276 fundavit,
1342 4213 1405 4263 ut
1451 4209 1686 4266 divinus
1738 4211 1836 4266 ille
1868 4213 1980 4268 Da-

319 4290 483 4345 vides
509 4291 814 4358 exclamat,
845 4295 1058 4348 Lunam
1088 4300 1140 4349 et
1170 4297 1378 4364 .«teltas,
1405 4315 1524 4366 qua:
1557 4307 1619 4354 tu
1647 4299 1904 4371 fundasti
1924 4304 1974 4357 3:

319 4393 386 4433 eo
419 4379 573 4435 enim
607 4381 756 4452 quod
814 4381 1065 4453 laudasti
1113 4384 1275 4452 dixit,
1365 4386 1714 4444 soliditatem
1777 4391 1975 4462 utique

319 4467 816 4526 nulliobnoxiam
879 4472 1208 4544 mutationi,
1265 4475 1531 4531 ordinem
1594 4484 1891 4550 praeterea,
1919 4484 1976 4536 et

318 4555 515 4630 εἱρμὸν
543 4577 645 4615 seu
680 4562 1161 4618 consecutionem
1196 4562 1354 4620 illam
1389 4566 1702 4639 signiticet,
1736 4587 1910 4642 quam
1939 4589 1970 4627 a

321 4649 432 4703 Dco
466 4656 835 4722 acceperunt.
871 4651 1007 4708 lllas
1037 4653 1190 4708 enim
1227 4655 1285 4710 in
1337 4660 1619 4727 tempora,
1667 4659 1722 4714 in
1785 4659 1970 4734 signa,

316 4746 376 4796 ct
410 4742 466 4796 in
500 4758 684 4796 annos
717 4741 1026 4814 disposuit.

955 4849 1108 4906 CAP.
1142 4853 1339 4911 XVIII.

633 4958 706 5012 De
735 4960 971 5028 quatuor
1002 4961 1228 5030 tropicis
1256 4961 1370 5017 sive
1401 4963 1663 5022 solstitiis.

394 5065 878 5136 Quandoquidem
913 5064 1166 5122 solstitia
1198 5075 1453 5140 quatuor
1486 5088 1588 5143 per
1625 5073 1802 5130 solem
1837 5093 1976 5132 con-

325 5159 666 5223 stituuntur,
702 5153 950 5226 primum
985 5156 1222 5226 quidem
1257 5174 1524 5230 vernum,
1557 5161 1615 5217 in
1677 5181 1793 5236 quo
1829 5170 1977 5224 Deus

323 5248 595 5301 universa
628 5246 864 5311 creavit,
899 5247 1067 5316 cujus
1128 5248 1367 5318 quidem
1429 5251 1506 5306 rei
1566 5252 1735 5310 flores
1793 5255 1851 5311 in
1911 5273 1977 5312 eo

319 5337 646 5394 etiamnum
673 5342 1036 5410 emergentes
1059 5343 1114 5393 et
1138 5340 1496 5410 pullulantes
1551 5354 1703 5401 certo
1761 5346 1975 5403 indicio

319 5429 480 5495 sunt,
506 5427 618 5483 alio
652 5430 890 5484 nomine
921 5427 1248 5487 solstitium
1283 5433 1688 5504 (equinoctiale
1744 5437 1978 5506 dicitur,

323 5517 480 5586 quod
515 5522 668 5574 certe
690 5518 804 5576 diei
831 5518 1104 5593 noctique
1147 5522 1450 5580 duodecim
1501 5525 1676 5584 horas
1715 5543 1781 5584 ex
1815 5545 1980 5602 aequo

391 5705 414 5745 ⁸
441 5703 607 5765 Vera.
637 5704 695 5765 5.

2073 588 2241 659 jusla
2271 590 2550 661 temperie
2604 589 2904 662 prteditum
2961 595 3070 658 est,
3131 590 3477 662 sanguinem
3538 592 3735 659 auget,

2082 679 2254 734 calidi
2287 686 2343 736 et
2377 681 2602 736 humidi
2638 682 3145 754 partieeps,hiemi
3168 681 3418 752 denique
3440 686 3498 735 et
3545 679 3735 734 aestati

2082 769 2340 824 medium
2375 771 2727 842 interjacet:
2786 771 2888 826 illa
2945 772 3180 843 quidem
3241 770 3486 825 calidius
3544 773 3601 824 et
3628 767 3737 823 sic-

2083 858 2230 924 cius,
2265 859 2373 915 hac
2405 877 2537 915 vero
2570 860 2858 932 frigidius.
2893 867 2972 915 Ea
3007 878 3176 933 porro
3237 861 3371 915 anni
3431 875 3567 930 pars
3599 875 3631 912 a
3654 857 3734 910 vi-

2083 951 2300 1006 cesimo
2334 955 2518 1020 primo
2547 951 2642 1006 die
2666 952 2848 1006 Μαι-(Ξῖ
2885 953 2951 1006 ad
2985 951 3144 1006 Junii
3178 951 3519 1007 vicesimum
3557 965 3734 1020 quar-

2084 1045 2230 1094 tum.
2265 1041 2485 1095 Deinde
2520 1040 2659 1096 solis
2689 1046 2816 1095 ortu
2853 1041 3088 1112 paulum
3122 1040 3398 1108 exaltato,
3452 1040 3528 1094 ita
3585 1043 3648 1091 ut
3679 1037 3737 1090 in

2084 1129 2598 1199 septentrionalem
2633 1129 2862 1201 plagam
2921 1135 3142 1201 vergat,
3201 1129 3456 1201 tropicus
3505 1128 3739 1182 azstivns

2085 1220 2368 1285 succedit,
2401 1235 2494 1274 ver
2551 1225 2608 1276 et
2658 1227 3010 1276 autumnum
3071 1219 3301 1275 medius
3349 1219 3734 1286 intersecans,

2083 1308 2239 1363 etab
2280 1307 2376 1363 illo
2404 1309 2678 1377 calorem,
2733 1311 2806 1366 ab
2864 1309 2974 1365 hoc
3033 1309 3217 1379 frigus
3275 1306 3541 1379 percipit,
3605 1322 3736 1360 nam

2085 1397 2306 1453 calidus
2337 1402 2394 1452 et
2423 1399 2615 1455 siccus
2673 1403 2784 1468 est,
2843 1399 3051 1454 ﬂavam
3108 1397 3283 1453 bilem
3344 1402 3541 1468 auget.
3596 1397 3736 1466 Ejus

2084 1501 2258 1556 porro
2281 1488 2573 1544 maximus
2598 1488 2723 1544 dies
2748 1488 2906 1544 horis
2942 1487 3297 1561 quindecim,
3331 1503 3444 1541 nox
3496 1485 3738 1540 minima

2088 1593 2288 1632 novem
2323 1577 2600 1634 horarum
2636 1579 2969 1635 interstitiis
3001 1578 3337 1634 absolvitur.
3373 1578 3498 1649 Ipse
3539 1579 3733 1631 autem

2086 1665 2305 1722 aJunii
2356 1669 2634 1725 vicesima
2693 1677 2902 1741 quarta
2955 1668 3028 1724 ad
3086 1669 3412 1724 vicesimam
3469 1667 3733 1738 quintam

2085 1756 2444 1828 Septembris
2473 1761 2766 1828 procedit:
2793 1771 2918 1814 tum
2944 1759 3153 1814 deinde
3176 1759 3282 1814 sub
3307 1757 3565 1813 mediam
3596 1755 3735 1811 solis

2087 1847 2156 1899 ad
2192 1863 2297 1901 nos
2321 1847 2616 1904 redeuntis
2649 1859 2836 1904 ortum
2860 1850 3120 1920 trepicus
3161 1847 3519 1903 autumnalls
3551 1845 3730 1901 vicem

2083 1936 2303 2005 aestivo,
2338 1942 2562 1992 retenta
2602 1941 2856 2010 quadam
2891 1939 3080 2010 frigidi
3114 1948 3160 1994 et
3215 1937 3410 2006 calidi,
3479 1937 3735 2007 itemque

2082 2026 2220 2080 sicci
2257 2031 2313 2081 et
2335 2027 2562 2084 humidi
2597 2031 3018 2095 moderatione,
3053 2031 3317 2098 rependit
3347 2046 3360 2083 :
3413 2036 3578 2098 atque
3638 2044 3740 2081 tes-

2081 2115 2196 2170 tivo
2231 2115 2468 2187 quidem
2502 2117 2865 2191 hibernoque
2930 2119 3174 2192 tropicis
3225 2115 3612 2185 iutermedixs,
3665 2117 3736 2171 ab

2079 2203 2180 2260 illo
2213 2205 2488 2276 calorem,
2523 2208 2595 2264 ab
2626 2209 2736 2265 hoc
2769 2209 3148 2279 [rigiditatem
3209 2213 3548 2263 mutuatur:
3598 2223 3732 2260 nam

2081 2295 2329 2368 frigidus
2359 2305 2417 2353 et
2446 2299 2638 2355 siccus
2669 2306 2779 2366 est,
2842 2307 3146 2372 atramque
3199 2299 3370 2354 bilem
3407 2303 3600 2368 auget.
3629 2297 3735 2353 Hic

2081 2384 2230 2441 alter
2287 2389 2716 2460 mquinoctialis
2774 2392 3032 2462 tr0picus
3094 2389 3317 2444 diurnis
3376 2388 3536 2443 horis
3591 2388 3704 2443 duo

2079 2475 2288 2546 decim,
2348 2477 2711 2551 totidemque
2771 2479 3075 2536 nocturnis
3135 2482 3383 2546 constat,
3469 2484 3643 2547 atque
3701 2493 3735 2531 a

2076 2565 2431 2635 Septembris
2462 2569 2739 2625 vicesima
2769 2570 2980 2640 quinta
3019 2570 3088 2623 ad
3134 2567 3471 2624 Decembris
3530 2566 3732 2622 vicesi-

2079 2669 2233 2709 mam
2269 2655 2532 2726 quintam
2567 2659 2946 2730 protrahitur.
2979 2662 3122 2714 Cum
3155 2672 3286 2714 vero
3320 2655 3405 2711 sol
3451 2656 3521 2712 ad
3557 2654 3730 2709 mini-

2077 2759 2238 2798 mum
2275 2745 2660 2818 intimumque
2692 2747 2802 2805 hoc
2835 2752 2924 2804 est
2956 2747 3341 2803 meridianum
3377 2750 3568 2800 ortum
3597 2761 3730 2815 pro-

2077 2833 2275 2905 lapsus
2331 2842 2440 2906 est,
2493 2839 2728 2894 tandem
2789 2839 3048 2911 tropicus
3109 2839 3390 2894 hibernus
3463 2838 3730 2907 emergit,

2075 2925 2326 2998 frigidus
2349 2928 2583 2998 quidem
2610 2929 2706 2984 ille
2730 2935 2786 2986 et
2808 2930 3110 2999 humidus,
3143 2930 3362 3003 quique
3407 2925 3740 2984 autumnali

2080 3020 2334 3073 etverno
2368 3020 2596 3075 medius
2630 3021 2956 3090 interjacet,
3014 3020 3169 3076 illius
3228 3019 3464 3092 quidem
3518 3016 3742 3088 frigidi-

2080 3111 2278 3176 tatem,
2311 3107 2488 3180 hujus
2540 3125 2671 3165 vero
2720 3111 2970 3166 calorem
2996 3128 3062 3166 ex
3094 3127 3256 3181 aequo
3282 3111 3559 3165 referens.
3593 3106 3734 3162 Tro-

2085 3196 2197 3267 pici
2229 3197 2407 3270 hujus
2442 3201 2565 3256 dies
2599 3201 2846 3258 minima
2904 3218 3108 3256 novem
3169 3201 3466 3267 horarum,
3515 3214 3741 3270 noxque

2089 3288 2343 3343 maxima
2364 3289 2692 3358 quindecim
2715 3292 2905 3363 spatio
2929 3291 3219 3347 decurrit:
3247 3291 3515 3362 pituitam
3550 3292 3740 3356 auset,

2087 3393 2119 3431 a
2161 3377 2612 3452 Decembrisque
2643 3381 2923 3437 vicesima
2952 3381 3156 3451 quinta
3183 3380 3256 3436 ad
3298 3377 3487 3436 Martii
3533 3378 3742 3434 vicesi-

2089 3481 2242 3521 mam
2269 3469 2510 3536 primam
2547 3471 2896 3526 extenditur.
2929 3471 3232 3541 Sapienter
3285 3469 3438 3525 enim
3480 3469 3550 3524 ab
3612 3469 3742 3541 ipso

2088 3556 2290 3609 mundi
2323 3555 2539 3628 Opiﬁce
2573 3557 2867 3628 provisum
2929 3565 3039 3626 est,
3102 3575 3172 3614 ne
3225 3559 3296 3613 ab
3353 3566 3608 3614 extremo
3649 3555 3740 3611 vel

2089 3643 2277 3699 calore
2309 3645 2392 3700 vel
2438 3647 2670 3718 frigore,
2731 3647 2818 3702 vel
2877 3648 3161 3715 siccitate,
3218 3647 3306 3703 vel
3363 3647 3739 3711 humiditate,

2089 3733 2146 3788 in
2179 3738 2495 3790 extremam
2528 3737 2956 3792 contrariarum
2990 3737 3339 3809 qualitatum
3365 3734 3616 3806 aliquam
3642 3737 3745 3788 (18-

2088 3826 2216 3892 lati,
2251 3824 2310 3879 in
2360 3828 2650 3898 graviores
2709 3826 2936 3899 aliquot
2992 3829 3226 3883 morbos
3286 3827 3739 3881 incurreremus.

2089 3917 2236 3976 Nam
2261 3916 2575 3990 repentinae
2609 3918 2955 3974 mutationes
3016 3917 3356 3990 periculosae
3404 3921 3462 3972 et
3501 3916 3740 3972 lubricae

2087 4008 2261 4080 vulgo
2295 4008 2582 4064 teruntur.
2615 4007 2732 4063 Hoc
2761 4008 2963 4081 itaque
3021 4014 3190 4079 pacto
3249 4006 3334 4064 sol
3375 4006 3652 4078 tropicos,
3687 4012 3746 4061 et

2090 4116 2192 4172 per
2221 4115 2322 4155 eos
2375 4115 2620 4165 annum,
2649 4100 2775 4154 dies
2823 4099 3075 4170 denique
3121 4102 3434 4166 noctesque
3484 4094 3743 4167 digerit;

2090 4188 2218 4244 illos
2249 4189 2485 4260 quidem
2519 4192 2644 4243 ortu
2679 4205 2786 4244 suo
2813 4203 3106 4260 supraque
3131 4191 3345 4243 terram
3373 4190 3596 4249 vectus,
3632 4185 3738 4240 bas

2085 4295 2216 4334 vero
2247 4295 2379 4333 cum
2405 4279 2789 4334 subterranea
2820 4279 2942 4333 loca
2975 4281 3247 4349 permeat,
3278 4276 3521 4347 aliisque
3556 4274 3734 4330 lumi-

2089 4369 2348 4438 naribus,
2384 4369 2552 4440 lunae,
2585 4368 2850 4441 inquam,
2911 4374 2968 4425 et
3025 4368 3229 4437 stellis,
3291 4367 3574 4441 fulgorem
3620 4367 3733 4423 im-

2081 4462 2274 4534 pertit.

2733 4569 2888 4625 CAP.
2932 4568 3078 4624 XIX.

2437 4686 2632 4755 Signa,
2661 4701 2875 4742 menses
2903 4694 2954 4742 et
2976 4683 3376 4760 προγνωστικά.

2151 4806 2424 4863 Ccelestia
2455 4824 2626 4878 porro
2657 4807 2827 4880 signa
2856 4823 2925 4862 ex
2979 4805 3168 4862 stellis
3207 4810 3265 4860 et
3311 4804 3443 4876 ipsa
3491 4803 3742 4860 conﬂata

2081 4902 2517 4970 esse,motuque
2550 4897 2680 4964 soli,
2725 4898 2897 4963 lunae,
2931 4899 2988 4950 et
3017 4893 3256 4964 reliquis
3315 4894 3573 4966 quinque
3615 4892 3741 4965 pla-

2081 4986 2232 5041 netis
2269 4987 2556 5042 contrario
2589 4985 2806 5041 moveri
2841 4985 3030 5050 aiunt,
3091 4987 3292 5055 utpote
3345 4999 3472 5055 qua».
3519 4987 3740 5053 septem

2081 5073 2194 5147 ipsi
2225 5075 2468 5146 planetas
2501 5080 2863 5147 percurrant.
2901 5075 3103 5145 Itaque
3141 5073 3227 5130 sol
3269 5075 3324 5130 in
3388 5089 3740 5146 unoquoque

2083 5165 2246 5235 signo
2279 5184 2540 5224 mensem
2575 5169 2867 5238 integrum
2914 5166 3282 5232 immoratur,
3313 5166 3740 5237 duodecimque

2083 5257 2387 5314 mensibus
2437 5260 2605 5326 signa
2626 5259 2866 5313 totidem
2897 5258 3200 5329 percurrit,
3225 5274 3472 5329 quorum
3500 5257 3736 5329 quidem

2083 5357 2256 5420 atque
2282 5349 2569 5403 mensium
2597 5347 2715 5403 illis
2741 5347 3124 5418 peculiarium
3158 5347 3280 5402 haec
3304 5347 3541 5402 nomina
3563 5351 3736 5402 sunt:

2083 5439 2245 5494 Aries
2280 5437 2444 5493 Marii
2479 5439 2696 5494 mentis
2718 5438 2997 5495 vicesima
3013 5438 3126 5510 die,
3176 5437 3407 5494 Taurus
3465 5441 3742 5494 vicesima

2088 5529 2256 5586 tertia
2288 5528 2532 5602 Aprilis,
2563 5530 2789 5586 Gemini
2822 5528 3098 5587 vicesima
3127 5528 3299 5586 tertia
3336 5525 3494 5595 Maii,
3526 5531 3744 5587 Cancer
