4052 6436
297 412 454 473 1115

1600 400 1914 467 ΝῙΟΕΤΒ
1959 399 2397 462 ΟΗΟΝΙΑΤιΕ

3563 394 3745 456 1116

300 543 579 600 vicesima
609 545 819 616 quarta
847 541 1036 610 Junii,
1072 541 1178 598 Leo
1208 538 1485 597 vicesima
1524 537 1730 611 quinta
1785 532 1950 601 Julii,
1981 535 2035 601 Α
2066 532 2264 599 vidua,
2296 540 2350 588 et
2380 530 2719 609 ἀμφίκυρτος
2747 530 3014 602 utrinque
3042 527 3289 602 gibbosa
3349 532 3408 583 et
3462 529 3745 599 repanda

302 633 476 699 Virgo
520 633 797 689 vicesima
856 634 1053 705 quinta
1111 630 1379 703 Augusti,
1447 627 1620 684 Libra
1677 626 1952 680 vicesima

304 723 509 792 quinta
548 723 923 792 Septembris,
967 722 1219 792 Scorpus
1267 716 1545 775 vicesima
1601 715 1805 787 quinta
1843 713 1949 768 Oc-

301 812 511 880 tobris,
568 812 912 881 Sagittarius
965 811 1241 866 vicesima
1324 810 1528 879 quinta
1587 801 1949 859 Novembris.

301 900 692 973 Capricornus
721 900 997 956 vicesima
1027 899 1231 971 quinta
1274 896 1626 961 DeCembris,
1659 893 1951 965 Aquarius

301 992 585 1047 vicesima
614 991 897 1057 Januarii,
956 990 1152 1046 Pisces
1212 988 1464 1059 denique
1523 983 1799 1040 vncesima
1848 981 1951 1036 Fe-

306 1080 527 1137 bruarii
560 1079 739 1136 solem
764 1079 1078 1150 excipiunt.
1123 1077 1386 1150 Singulis
1415 1084 1606 1133 autem
1650 1072 1951 1129 mensibus

303 1170 444 1225 luna
476 1169 784 1224 duodecim
833 1167 1060 1223 Zodiaci
1115 1166 1288 1238 signa
1349 1163 1655 1236 percurrit,
1714 1164 1776 1217 ut
1828 1175 1953 1232 quae

305 1257 478 1332 longe
504 1258 621 1314 illis
649 1258 890 1314 inferior
918 1267 971 1313 et
1000 1258 1350 1314 citatissimo
1409 1259 1537 1329 ipsa
1583 1269 1757 1310 cursu
1809 1266 1953 1323 prai-

306 1350 656 1406 tervehatur.
691 1350 1195 1417 Quemadmodum
1250 1348 1408 1405 enim
1467 1346 1516 1403 si
1573 1341 1790 1400 circulo
1837 1340 1954 1396 cir-

304 1441 499 1496 culum
560 1443 809 1507 inseras,
867 1442 1113 1498 interior
1157 1441 1437 1497 exteriore
1514 1439 1702 1494 minor
1758 1437 1957 1507 depre-

303 1530 604 1598 henditur,
640 1533 718 1587 ita
748 1537 802 1587 et
835 1532 1007 1598 lunae,
1036 1538 1318 1603 tanquam
1377 1527 1693 1595 inferioris,
1755 1541 1954 1581 rursus

305 1619 487 1677 multo
521 1622 876 1677 contractior
905 1627 1016 1691 est,
1050 1620 1402 1691 citatiusque
1427 1617 1608 1673 multo
1626 1613 1951 1671 conﬁcitur.

302 1714 432 1771 Jam
464 1730 534 1770 ex
563 1719 853 1769 astrorum
920 1710 1262 1781 hujusmodi
1319 1714 1449 1766 ortu
1508 1712 1565 1763 et
1597 1720 1829 1776 occasu,
1859 1718 1952 1760 ac-

307 1805 569 1860 cessibus
589 1808 647 1859 et
677 1800 1030 1865 recessibus,
1061 1799 1180 1856 imo
1237 1798 1410 1855 etiam
1447 1793 1955 1869 progressionibus

2057 628 2167 680 est.
2196 624 2341 680 Nam
2376 625 2465 679 vel
2500 624 2745 680 dimidia
2786 621 3004 691 minus,
3036 620 3125 677 vel
3158 618 3520 688 dimidia,vel
3541 621 3737 676 etiam

2059 712 2192 785 plus
2228 730 2406 787 quam
2442 714 2689 771 dimidia
2717 714 2810 770 sui
2846 721 3006 786 parte
3046 712 3428 766 illuminatur.

2717 852 2872 907 CAP.
2906 850 3052 905 XXI.

2742 972 2824 1023 De
2852 982 3046 1023 vacuo.

2133 1083 2625 1156 Philosophorum
2664 1089 2941 1155 presteres
2970 1080 3237 1139 nonnulli
3260 1097 3509 1137 vacuum
3536 1084 3732 1152 quod-

2060 1172 2196 1228 dam
2231 1175 2410 1230 etiam
2442 1171 2912 1240 introduxerunt,
2953 1173 3129 1244 idque
3185 1187 3426 1242 corpore
3484 1188 3725 1242 prorsus

2060 1263 2434 1335 destitutum,
2466 1262 2635 1335 quasi
2670 1263 2969 1335 quoddam
3025 1262 3206 1318 chaos
3263 1261 3559 1317 inﬁnitum
3615 1262 3719 1316 de-

2062 1359 2421 1421 monstrant,
2452 1353 2734 1425 idemque
2764 1358 2898 1409 ante
2931 1352 3219 1407 mundum
3254 1351 3435 1407 fuisse
3488 1353 3733 1406 conten-

2060 1444 2208 1499 dunt
2241 1459 2253 1498 :
2289 1443 2499 1499 creatis
2531 1442 2747 1498 deinde
2785 1442 3091 1497 elementis
3149 1440 3425 1497 universa
3478 1453 3737 1512 corpora

2060 1534 2285 1589 ambitu
2314 1538 2373 1588 et
2403 1532 2890 1589 circumvectione
2930 1530 3060 1587 cmli
3105 1530 3543 1599 concluserunt,
3576 1528 3737 1585 nihil

2062 1622 2307 1678 interius
2337 1622 2502 1677 vacui
2538 1621 2958 1693 relinquentes.
3001 1621 3165 1688 Quod
3212 1625 3404 1676 autem
3464 1618 3738 1674 exterius

2061 1716 2171 1779 est,
2205 1718 2381 1783 atque
2411 1718 2552 1767 adeo
2583 1716 2745 1766 extra
2776 1712 2962 1783 ipsam
2996 1709 3122 1766 caeli
3149 1709 3734 1777 circumvectionem,

2062 1802 2118 1858 id
2151 1808 2388 1857 demum
2420 1817 2587 1857 omne
2613 1817 2865 1857 vacuum
2896 1816 3047 1869 esse,
3080 1805 3138 1855 et
3175 1800 3497 1867 inﬁnitum,
3532 1815 3736 1870 quan-

304 1903 363 1950 et
394 1892 853 1964 regressionibus
909 1890 1311 1947 Chaldaeorum
1371 1892 1430 1943 et
1467 1886 1820 1951 Graecorum,
1852 1884 1950 1940 ln-
1983 1898 2032 1965 Β
2062 1896 2189 1949 tum
2222 1892 2357 1964 quia
2386 1892 2449 1948 in
2481 1891 2708 1948 inﬁnito
2739 1891 2866 1948 loco
2898 1890 3207 1963 imaginari
3241 1889 3447 1963 possit.

304 1999 480 2055 super
509 1987 568 2038 et
598 1982 914 2053 impiorum
948 1978 1372 2050 astrologorum
1423 1975 1502 2049 (2)
1560 1974 1657 2030 alii
1716 1973 1953 2044 quidem

304 2089 398 2129 res
428 2071 716 2127 humanas
747 2068 868 2140 regi
925 2072 983 2123 et
1034 2067 1371 2140 gubernari,
1403 2065 1500 2120 alii
1546 2080 1701 2129 vero,
1736 2062 1841 2134 qui
1898 2066 1957 2118 et

309 2161 711 2225 modestiores,
769 2156 1205 2215 Christianismi
1263 2155 1482 2212 scilicet
1549 2159 1827 2227 praetextu
1886 2168 1957 2208 ex

303 2247 517 2308 iisdem
550 2251 881 2307 futurorum
916 2247 1083 2319 signa
1109 2246 1240 2303 elici
1263 2244 1748 2302 afﬁrmant.Unde
1779 2244 1954 2299 etiam

304 2341 719 2410 Arietinorum,
750 2338 1163 2402 Taurinorum,
1196 2340 1253 2392 et
1292 2342 1630 2391 ceterorum
1684 2333 1739 2388 id
1771 2349 1956 2400 genus

306 2431 546 2487 nomina
569 2430 779 2503 priscis
808 2427 1174 2498 temporibus
1206 2434 1426 2481 ratione
1467 2426 1748 2495 cujusque
1806 2422 1957 2494 signi

304 2521 523 2591 habita,
550 2537 665 2593 quo
696 2519 951 2592 quisque
981 2516 1273 2590 perruptis
1306 2516 1415 2572 alvi
1459 2521 1734 2570 maternae
1791 2514 1955 2570 clau-

306 2611 446 2668 stris
477 2609 660 2667 solem
690 2609 984 2681 objectum
1016 2607 1278 2675 haberet,
1308 2605 1695 2662 inoleverunt.

976 2724 1133 2781 CAP.
1167 2724 1282 2781 XX.

555 2859 635 2911 De
662 2854 958 2910 stellarum
986 2856 1158 2909 motu.
1190 2854 1431 2924 Itemque
1458 2851 1525 2907 de
1549 2851 1705 2907 luna.

384 2981 629 3048 Quidam
648 2979 1125 3053 philosophorum
1146 2978 1264 3034 haec
1286 2993 1516 3050 quoque
1554 2976 1627 3032 de
1654 2973 1960 3031 stellistra-

308 3071 795 3141 diderunt.Atque
826 3070 1155 3124 inerrantes
1185 3066 1422 3137 quidem
1478 3064 1683 3121 stellas
1737 3065 1958 3121 Aristo-

308 3156 450 3215 teles
479 3175 732 3230 euntque
763 3155 970 3224 secuti,
1001 3154 1144 3212 coelo
1174 3154 1377 3210 afﬁxas
1406 3170 1560 3220 esse,
1590 3159 1648 3209 et
1698 3152 1780 3209 ita
1828 3170 1957 3209 cum

306 3247 407 3305 illo
463 3246 816 3344 circumvehi
865 3249 1161 3344 asserunt,
1213 3249 1285 3344 ἰη
1337 3242 1412 3344 ab
1459 3242 1561 3344 illo
1620 3240 1813 3297 divelli
1853 3259 1950 3344 ne
1992 3275 2036 3344 α

308 3342 546 3408 queant.
578 3335 776 3407 Itaque
795 3350 925 3391 cum
942 3333 1152 3389 cmlum
1176 3333 1247 3388 ab
1265 3337 1395 3389 ortu
1446 3331 1519 3387 ad
1565 3348 1834 3388 occasum
1870 3334 1950 3388 fe-

311 3430 495 3493 ratur,
528 3426 731 3481 eodem
764 3424 935 3480 etiam
966 3422 1098 3478 illas
1119 3438 1249 3479 cum
1293 3420 1509 3477 caelesti
1555 3438 1795 3494 corpore
1828 3438 1955 3478 mo-

306 3516 899 3572 verizerrantesvero
920 3512 1119 3569 divina
1167 3510 1550 3568 moderatrice
1597 3512 1959 3584 providentia

308 3606 598 3665 contrario
629 3615 811 3676 motu,
858 3605 1098 3679 parique
1152 3603 1311 3660 velut
1368 3604 1718 3661 libramento
1775 3606 1955 3662 obfir-

309 3702 497 3755 matas
526 3704 726 3753 contra
757 3695 863 3753 nlti
896 3713 909 3753 :
945 3711 1018 3752 ne
1058 3696 1202 3752 forte
1259 3695 1844 3753 circumvectionibus
1899 3700 1957 3754 et

309 3786 930 3844 circumvolutiouihus
957 3784 1213 3842 assiduis
1239 3784 1708 3857 confringantur,
1735 3785 1955 3857 proprii

311 3876 715 3949 uaturalisque
747 3881 943 3933 motus
974 3875 1219 3944 ratione,
1243 3891 1360 3946 quo
1412 3876 1484 3932 ab
1544 3875 1856 3932 Occidente
1894 3876 1955 3932 in

310 3965 607 4023 Orientem
638 3966 970 4040 rapiuntur,
1002 3981 1328 4036 rursusque
1348 3964 1422 4020 ab
1443 3963 1679 4021 Oriente
1710 3965 1769 4020 in
1792 3963 1953 4021 Occi-

310 4057 543 4113 dentem
576 4072 692 4111 una
722 4071 854 4111 cum
887 4052 1031 4111 cmlo
1089 4054 1457 4110 revebuntur.
1516 4052 1595 4108 Ex
1651 4069 1768 4126 quo
1806 4053 1955 4123 ﬁeri,

310 4151 378 4203 ut
403 4145 489 4204 sol
520 4156 679 4202 motu
713 4144 949 4218 proprio
974 4159 1134 4199 nunc
1165 4144 1237 4199 ad
1279 4143 1768 4215 Septentrionem,
1802 4162 1957 4202 nunc

310 4236 379 4293 ad
416 4235 711 4293 Meridiem
745 4249 992 4307 vergens
1022 4242 1272 4304 quatuor
1316 4233 1456 4289 anni
1503 4242 1765 4306 tempora
1794 4251 1960 4292 como

311 4326 466 4399 pleat
496 4342 509 4381 :
541 4326 639 4397 qui
672 4324 827 4380 idem
867 4340 1001 4380 cum
1036 4322 1179 4379 coelo
1209 4322 1283 4379 ab
1314 4322 1547 4380 Oriente
1577 4325 1636 4379 in
1683 4324 1959 4382 Occiden-

312 4418 430 4471 tem
461 4415 691 4470 delatus
720 4413 946 4470 dierum
975 4418 1033 4469 et
1075 4413 1329 4469 noctium
1388 4413 1734 4471 discrimina
1790 4415 1959 4488 parit.

313 4501 702 4558 Inerrantium
738 4517 907 4573 porro
935 4499 1238 4556 stellarum
1283 4500 1503 4555 nullam
1553 4517 1701 4572 esse,
1736 4502 1960 4559 nullam

314 4608 549 4664 quoque
577 4591 923 4658 errantium,
985 4588 1127 4645 luna
1182 4588 1461 4644 duntaxat
1515 4597 1775 4663 excepta,
1833 4609 1959 4664 quae

311 4679 717 4738 lumenasole
784 4682 1124 4735 mutuetur:
1185 4684 1531 4749 quaprOpter
1589 4681 1765 4735 etiam
1825 4698 1958 4751 pars

311 4773 436 4844 ejus
487 4770 780 4827 illustrata
863 4767 1047 4824 solem
1116 4782 1350 4838 semper
1404 4768 1712 4823 adversum
1773 4768 1961 4826 habet.

313 4861 513 4933 Neque
544 4876 676 4917 vero
705 4874 965 4931 unquam
1000 4856 1142 4913 luna
1180 4872 1420 4927 prorsus
1468 4854 1710 4912 luminis
1756 4874 1966 4931 eXpers

312 4956 422 5020 est,
452 4951 550 5006 sed
586 4948 929 5007 semilunari
974 4946 1200 5002 lumine
1237 4961 1470 5018 semper
1515 4945 1734 5002 illucet.
1780 4947 1962 5020 Igitur

313 5039 373 5096 in
414 5041 678 5112 synodis,
708 5056 811 5096 seu
842 5034 1355 5108 conjunctionibus
1413 5034 1628 5105 gibbus
1683 5037 1810 5108 ejus
1865 5037 1965 5096 ille

310 5129 480 5186 nobis
510 5130 775 5200 objectus
835 5127 1060 5183 lumine
1119 5129 1312 5181 caret:
1372 5129 1570 5180 vertex
1624 5141 1759 5183 vero
1790 5144 1962 5200 supe-

310 5218 793 5275 riorluminosus
850 5221 957 5272 est.
1019 5217 1079 5271 In
1137 5212 1473 5287 pleniluniis
1530 5220 1723 5272 autem
1777 5221 1960 5276 totum

306 5311 569 5381 ejusdem
604 5308 757 5380 quod
789 5310 844 5362 in
871 5323 977 5362 nos
997 5303 1667 5376 vergithemisphazrium
1692 5307 1960 5366 collucet.

307 5416 413 5456 nec
454 5399 725 5471 superius
756 5396 903 5452 lucis
958 5411 1158 5451 exsors
1213 5399 1322 5451 est.
1363 5393 1469 5450 Illo
1512 5413 1646 5452 vero
1701 5403 1963 5470 tempore

305 5488 458 5544 uuod
494 5489 971 5558 conjunctionem
994 5490 1050 5540 et
1080 5482 1469 5555 plenilunium
1504 5485 1960 5560 interjacet,pro-

305 5582 435 5636 uta
463 5577 586 5635 sole
637 5577 838 5646 distat,
903 5567 1200 5647 μηνοειδὴς
1263 5575 1488 5645 lunata,
1521 5570 1826 5653 διχότομος
1873 5576 1960 5632 ἀί.

2703 2035 2862 2092 CAP.
2896 2035 3064 2093 XXII.

2311 2152 2536 2225 Ecquod
2565 2152 2892 2210 elementum
2923 2155 3103 2226 primo
3130 2151 3485 2224 productum.

2133 2269 2218 2326 Ad
2250 2269 2372 2325 hec
2399 2268 2591 2326 Moses
2619 2269 2883 2341 quidem,
2931 2269 3026 2325 cui
3082 2284 3145 2324 se
3206 2268 3356 2324 Deus
3401 2266 3732 2323 videndum

2064 2358 2331 2431 praebuit,
2362 2358 2423 2413 in
2452 2364 2583 2415 ortu
2616 2357 2823 2413 mundi
2853 2358 2995 2415 cmlo
3025 2362 3083 2414 et
3110 2362 3279 2413 terris
3310 2355 3535 2428 primas
3570 2355 3737 2411 assi-

2064 2454 2225 2521 gnat.
2260 2448 2593 2504 Grsacorum
2626 2464 2759 2504 vero
2785 2448 3081 2519 sapientes
3114 2445 3229 2502 alia
3258 2445 3319 2502 in
3351 2446 3562 2503 haeresi
3596 2447 3731 2502 fue-

2063 2542 2205 2594 runt
2236 2554 2250 2593 :
2285 2553 2537 2609 quorum
2571 2536 2669 2593 alii
2729 2542 2946 2594 terram
3010 2536 3197 2608 primo
3254 2534 3404 2607 loco,
3435 2539 3731 2607 tanquam

2065 2626 2318 2685 ccelestis
2344 2626 2504 2683 orbis
2526 2636 2789 2683 centrum
2812 2631 3102 2683 statuunt.
3137 2625 3633 2697 Quandoquidem
3670 2626 3730 2681 in

2065 2717 2250 2774 solido
2282 2717 2498 2773 circulo
2524 2720 2789 2773 centrum
2819 2718 2983 2788 prius
3014 2721 3072 2773 et
3108 2715 3414 2787 antiquius
3469 2724 3579 2772 est.
3611 2714 3730 2771 Alii

2067 2823 2200 2863 vero
2218 2806 2423 2862 mundi
2453 2805 2893 2863 universitatem
2936 2805 2997 2862 in
3048 2809 3301 2877 quatuor
3347 2804 3641 2861 elementa
3671 2809 3731 2861 et

2067 2895 2339 2967 quintum
2372 2912 2584 2967 corpus
2613 2894 2848 2952 cceleste
2887 2895 3200 2951 dividunt:
3258 2893 3730 2951 elementorum-

2066 3000 2181 3058 que
2210 2985 2519 3052 tetradem,
2554 3001 2656 3041 seu
2689 2984 3161 3055 quaternionem,
3191 2984 3262 3040 ab
3323 2983 3454 3056 ipso
3511 2984 3734 3042 aethere

2068 3071 2285 3127 moveri
2327 3077 2659 3127 autumant.
2720 3071 2974 3128 Etheris
3031 3088 3205 3144 porro
3264 3071 3729 3144 pulcherrimam

2068 3167 2289 3233 partem
2322 3160 2532 3218 coelum
2589 3177 2740 3228 esse,
2797 3162 2950 3233 quod
3013 3162 3202 3232 primo
3255 3161 3430 3217 etiam
3486 3160 3611 3216 loco
3660 3160 3723 3216 in

2069 3269 2264 3308 rerum
2301 3258 2569 3309 naturam
2606 3254 2957 3324 productum
2990 3249 3715 3320 arhitrantur.Quicunque

2066 3349 2259 3400 autem
2291 3342 2616 3415 ingenitum
2648 3356 2778 3398 esse
2810 3342 3096 3398 mundum
3131 3342 3524 3407 asseruerunt,
3554 3336 3719 3393 idem

2063 3449 2298 3505 quoque
2328 3449 2399 3489 ex
2426 3432 2844 3503 consequentia
2875 3433 2945 3488 de
2985 3432 3112 3503 ipsa
3168 3429 3545 3487 universitate
3587 3443 3726 3483 sen-

2064 3529 2287 3580 serunt.
2318 3523 2513 3580 Potior
2541 3538 2674 3579 vero
2706 3521 2992 3579 sententia
3022 3521 3170 3578 mihi
3215 3521 3465 3590 videtur,
3497 3524 3563 3575 ut
3602 3536 3728 3576 cae-

2062 3612 2185 3670 lum
2214 3617 2499 3685 tanquam
2532 3628 2744 3682 corpus
2776 3612 3154 3684 praestantius
3170 3615 3229 3667 ct
3246 3609 3731 3681 nobilius,quod-

2063 3718 2178 3774 que
2209 3701 2433 3758 ambitu
2463 3718 2569 3758 suo
2600 3705 2807 3758 cmtera
2838 3700 3280 3774 complectatur,
3340 3700 3533 3773 primo
3580 3713 3729 3772 quo-

2064 3809 2178 3866 que
2202 3792 2329 3850 loco
2360 3794 2710 3866 productum
2741 3791 2931 3849 fuerit.
3482 3780 3483 3783 1

2694 3927 2851 3985 CAP.
2881 3926 3080 3984 XXIII.

2062 4045 2139 4101 De
2168 4043 2411 4115 cometis,
2442 4052 2494 4101 et
2518 4044 2841 4172 fulgorizus
2872 4044 3006 4172 illis,
3038 4042 3136 4116 qui
3165 4038 3472 4103 διάττοντες
3501 4038 3736 4116 ἀστέρες

2787 4133 2910 4172 u-un
2941 4132 3029 4172 ur.

2787 4133 2910 4172 u'un
2919 4132 3029 4172 tur.

2135 4234 2201 4291 Ut
2225 4238 2422 4291 autem
2452 4233 2742 4307 perceptis
2772 4232 2888 4289 illis
2908 4248 3145 4305 quoque
3194 4230 3577 4305 passionibus
3617 4247 3736 4287 seu

2063 4325 2492 4394 alfectionibus,
2524 4325 2739 4397 quibus
2778 4326 2990 4380 rcelum
3022 4321 3176 4379 al‘ﬁci
3234 4321 3735 4396 philosophorum

2067 4419 2451 4471 monumenta
2481 4414 2738 4483 tradunt,
2772 4412 3088 4469 multarum
3123 4412 3260 4468 inde
3314 4427 3510 4468 rerum
3557 4426 3741 4484 expe-

2066 4505 2543 4577 rientiam,atque
2562 4520 2761 4560 eorum
2786 4504 2959 4559 etiam
2986 4519 3113 4574 qua:
3140 4507 3282 4558 sunt
3328 4500 3738 4574 cognitionem

2068 4594 2172 4648 tibi
2193 4609 2519 4665 compares,
2553 4601 2810 4648 cometas
2844 4592 2966 4647 fieri
3008 4591 3198 4657 aiunt,
3233 4606 3364 4647 cum
3406 4590 3739 4647 exhalatio-

2069 4682 2161 4739 nis
2192 4698 2329 4754 pars
2358 4681 2557 4753 aliqua
2586 4682 3001 4738 inﬂammatur.
3034 4680 3177 4736 Nam
3223 4683 3271 4736 si
3301 4681 3595 4736 concretio
3628 4680 3740 4738 illa

2072 4774 2305 4828 tenuior
2324 4772 2583 4843 sit,quod
2606 4787 2918 4827 accensum
2942 4780 3025 4828 est
3053 4769 3224 4826 celeri
3262 4786 3439 4825 cursu
3474 4771 3736 4841 rapitur,

2071 4859 2241 4934 isque
2271 4861 2465 4918 evadit
2493 4860 2597 4932 qui
2625 4859 2799 4932 vulgo
2822 4858 3052 4914 διάττων
3105 4857 3276 4932 ἀστὴρ
3321 4858 3556 4927 dicitur,
3620 4859 3738 4917 hoc

2071 4957 2160 5007 est
2199 4950 2371 5007 stella
2427 4950 2723 5021 trajiciens
2781 4966 2913 5022 qua
2970 4948 3115 5004 nihil
3170 4948 3331 5004 aliud
3388 4952 3501 5017 est,
3546 4965 3733 5020 quam

2072 5039 2225 5111 ignis
2250 5039 2538 5110 trajectio,
2572 5056 2675 5095 seu
2698 5040 2890 5109 fulgor
2909 5037 3162 5094 caelestis
3183 5037 3446 5094 emicans
3470 5053 3485 5093 :
3511 5037 3562 5093 si
3592 5053 3725 5093 vero

2072 5130 2327 5185 crassior
2358 5128 2595 5184 materia
2625 5128 2981 5195 subsederit,
3022 5126 3100 5182 ibi
3152 5127 3376 5183 scilicet
3422 5126 3725 5183 candentis

2071 5219 2226 5291 ignis
2256 5217 2477 5274 semina
2508 5220 2792 5284 foventur,
2827 5224 3236 5288 cometamque
3291 5231 3395 5272 seu
3455 5217 3736 5273 crinitam

2072 5308 2301 5365 stellam
2332 5309 2667 5364 ell‘ormant.
2690 5311 3056 5363 Cometarum
3091 5322 3264 5377 porro
3283 5307 3486 5378 ﬁguris
3532 5307 3740 5376 variae,

2069 5413 2174 5470 pro
2204 5396 2365 5452 varia
2396 5399 2652 5453 materia
2704 5395 3189 5465 inflammatione,
3250 5397 3534 5452 feruntur.
3582 5396 3742 5454 Nam

2068 5485 2157 5541 vel
2188 5484 2315 5542 sola
2344 5486 2437 5541 sui
2467 5485 2832 5557 longitudine
2894 5484 3135 5541 materia
3193 5483 3540 5554 exardescit,
3575 5486 3749 5543 unde

2068 5583 2296 5635 cometa
2324 5576 2604 5650 gignitur,
2638 5593 2812 5651 quem
2845 5574 3017 5649 vulgo
3049 5570 3250 5645 δοκίαν,
3303 5574 3412 5632 hoc
3458 5580 3551 5633 cst
3612 5581 3749 5638 tra-

374 5731 455 5811 (2)
483 5729 903 5806 Ethrwphronas
931 5726 1269 5788 vocatinfra
1294 5727 1399 5787 lib.
1431 5745 1509 5801 ιν,
1541 5745 1593 5788 ο.
1625 5730 1716 5803 42,
1744 5729 1956 5789 ὴωτοιὶι

2070 5747 2150 5805 ;ue
2178 5734 2469 5793 accenset.
