  <div class='ocr_page' id='page_1' title='image "/cluster/home/n/w/nwhite01/storage/ocr_20150623/139:no.1/coo.31924054870443/568.png"; bbox 0 0 4052 6398; ppageno 0'>
   <div class='ocr_carea' id='block_1_1' title="bbox 351 356 505 420">
    <p class='ocr_par' dir='ltr' id='par_1_1' title="bbox 351 356 505 420">
     <span class='ocr_line' id='line_1_1' title="bbox 351 356 505 420; baseline -0.019 0"><span class='ocrx_word' id='word_1_1' title='bbox 351 356 505 420; x_wconf 83' lang='grc'><strong>1117</strong></span> 
     </span>
    </p>
   </div>
   <div class='ocr_carea' id='block_1_2' title="bbox 1699 353 2392 418">
    <p class='ocr_par' dir='ltr' id='par_1_2' title="bbox 1699 353 2392 418">
     <span class='ocr_line' id='line_1_2' title="bbox 1699 353 2392 418; baseline -0.006 0"><span class='ocrx_word' id='word_1_2' title='bbox 1699 353 2100 418; x_wconf 83' lang='lat' dir='ltr'>THESAURI</span> <span class='ocrx_word' id='word_1_3' title='bbox 2145 356 2298 417; x_wconf 88' lang='lat' dir='ltr'>LIB.</span> <span class='ocrx_word' id='word_1_4' title='bbox 2343 358 2392 416; x_wconf 94' lang='grc' dir='ltr'><strong>Ι.</strong></span> 
     </span>
    </p>
   </div>
   <div class='ocr_carea' id='block_1_3' title="bbox 3610 350 3763 411">
    <p class='ocr_par' dir='ltr' id='par_1_3' title="bbox 3610 350 3763 411">
     <span class='ocr_line' id='line_1_3' title="bbox 3610 350 3763 411; baseline 0 -1"><span class='ocrx_word' id='word_1_5' title='bbox 3610 350 3763 411; x_wconf 71' lang='grc'><strong>1118</strong></span> 
     </span>
    </p>
   </div>
   <div class='ocr_carea' id='block_1_4' title="bbox 345 484 3768 562">
    <p class='ocr_par' dir='ltr' id='par_1_4' title="bbox 345 484 3768 562">
     <span class='ocr_line' id='line_1_4' title="bbox 345 484 3768 562; baseline -0.003 -14"><span class='ocrx_word' id='word_1_6' title='bbox 345 493 477 548; x_wconf 87' lang='lat' dir='ltr'>hem</span> <span class='ocrx_word' id='word_1_7' title='bbox 506 491 736 562; x_wconf 87' lang='lat' dir='ltr'>igneam</span> <span class='ocrx_word' id='word_1_8' title='bbox 770 492 1013 545; x_wconf 90' lang='lat' dir='ltr'>vocant:</span> <span class='ocrx_word' id='word_1_9' title='bbox 1045 487 1131 542; x_wconf 85' lang='lat' dir='ltr'>vel</span> <span class='ocrx_word' id='word_1_10' title='bbox 1163 487 1524 560; x_wconf 85' lang='lat' dir='ltr'>longitudine</span> <span class='ocrx_word' id='word_1_11' title='bbox 1576 497 1747 561; x_wconf 81' lang='lat' dir='ltr'>alque</span> <span class='ocrx_word' id='word_1_12' title='bbox 1792 488 1991 543; x_wconf 89' lang='lat' dir='ltr'>latitu-</span> <span class='ocrx_word' id='word_1_13' title='bbox 2026 493 2081 560; x_wconf 74' lang='grc' dir='ltr'><strong>Α</strong></span> <span class='ocrx_word' id='word_1_14' title='bbox 2115 493 2229 544; x_wconf 92' lang='lat' dir='ltr'>tem</span> <span class='ocrx_word' id='word_1_15' title='bbox 2272 493 2536 544; x_wconf 85' lang='lat' dir='ltr'>revocet:</span> <span class='ocrx_word' id='word_1_16' title='bbox 2571 489 3073 558; x_wconf 81' lang='lat' dir='ltr'>quemadmodum</span> <span class='ocrx_word' id='word_1_17' title='bbox 3106 488 3233 559; x_wconf 84' lang='lat' dir='ltr'>ipse</span> <span class='ocrx_word' id='word_1_18' title='bbox 3264 502 3498 557; x_wconf 89' lang='lat' dir='ltr'>quoque</span> <span class='ocrx_word' id='word_1_19' title='bbox 3519 484 3768 541; x_wconf 85' lang='lat' dir='ltr'>Davides</span> 
     </span>
    </p>
   </div>
   <div class='ocr_carea' id='block_1_5' title="bbox 349 578 2001 650">
    <p class='ocr_par' dir='ltr' id='par_1_5' title="bbox 349 578 2001 650">
     <span class='ocr_line' id='line_1_5' title="bbox 349 578 2001 650; baseline -0.004 -13"><span class='ocrx_word' id='word_1_20' title='bbox 349 583 505 649; x_wconf 89' lang='lat' dir='ltr'>dine,</span> <span class='ocrx_word' id='word_1_21' title='bbox 530 586 586 636; x_wconf 87' lang='lat' dir='ltr'>et</span> <span class='ocrx_word' id='word_1_22' title='bbox 618 584 758 635; x_wconf 87' lang='lat' dir='ltr'>tunc</span> <span class='ocrx_word' id='word_1_23' title='bbox 791 578 872 648; x_wconf 87' lang='lat' dir='ltr'>ﬁt,</span> <span class='ocrx_word' id='word_1_24' title='bbox 906 579 1004 650; x_wconf 90' lang='lat' dir='ltr'>qui</span> <span class='ocrx_word' id='word_1_25' title='bbox 1038 578 1269 650; x_wconf 80' lang='lat' dir='ltr'>proprie</span> <span class='ocrx_word' id='word_1_26' title='bbox 1323 587 1546 634; x_wconf 82' lang='lat' dir='ltr'>cometa</span> <span class='ocrx_word' id='word_1_27' title='bbox 1602 579 1858 634; x_wconf 87' lang='lat' dir='ltr'>dicitur:</span> <span class='ocrx_word' id='word_1_28' title='bbox 1914 584 2001 638; x_wconf 88' lang='lat' dir='ltr'>vel</span> 
     </span>
    </p>
   </div>
   <div class='ocr_carea' id='block_1_6' title="bbox 357 667 2002 742">
    <p class='ocr_par' dir='ltr' id='par_1_6' title="bbox 357 667 2002 742">
     <span class='ocr_line' id='line_1_6' title="bbox 357 667 2002 742; baseline -0.004 -14"><span class='ocrx_word' id='word_1_29' title='bbox 357 674 428 728; x_wconf 89' lang='lat' dir='ltr'>ab</span> <span class='ocrx_word' id='word_1_30' title='bbox 461 671 722 727; x_wconf 86' lang='lat' dir='ltr'>inferiori</span> <span class='ocrx_word' id='word_1_31' title='bbox 755 674 913 740; x_wconf 84' lang='lat' dir='ltr'>parte</span> <span class='ocrx_word' id='word_1_32' title='bbox 945 669 1212 742; x_wconf 77' lang='lat' dir='ltr'>quaedam</span> <span class='ocrx_word' id='word_1_33' title='bbox 1245 669 1401 724; x_wconf 87' lang='lat' dir='ltr'>velut</span> <span class='ocrx_word' id='word_1_34' title='bbox 1436 671 1717 725; x_wconf 81' lang='lat' dir='ltr'>micantes</span> <span class='ocrx_word' id='word_1_35' title='bbox 1736 667 2002 724; x_wconf 76' lang='lat' dir='ltr'>scintillas</span> 
     </span>
    </p>
   </div>
   <div class='ocr_carea' id='block_1_7' title="bbox 358 756 2006 833">
    <p class='ocr_par' dir='ltr' id='par_1_7' title="bbox 358 756 2006 833">
     <span class='ocr_line' id='line_1_7' title="bbox 358 756 2006 833; baseline -0.004 -17"><span class='ocrx_word' id='word_1_36' title='bbox 358 764 725 833; x_wconf 87' lang='lat' dir='ltr'>promuntur,</span> <span class='ocrx_word' id='word_1_37' title='bbox 762 765 1019 830; x_wconf 88' lang='lat' dir='ltr'>tuncque</span> <span class='ocrx_word' id='word_1_38' title='bbox 1085 760 1322 814; x_wconf 90' lang='lat' dir='ltr'>demum</span> <span class='ocrx_word' id='word_1_39' title='bbox 1393 756 1707 831; x_wconf 73' lang='grc' dir='ltr'>πωγωνίας,</span> <span class='ocrx_word' id='word_1_40' title='bbox 1768 757 1878 813; x_wconf 94' lang='lat' dir='ltr'>hoc</span> <span class='ocrx_word' id='word_1_41' title='bbox 1917 760 2006 812; x_wconf 86' lang='lat' dir='ltr'>est</span> 
     </span>
    </p>
   </div>
   <div class='ocr_carea' id='block_1_8' title="bbox 361 845 2004 921">
    <p class='ocr_par' dir='ltr' id='par_1_8' title="bbox 361 845 2004 921">
     <span class='ocr_line' id='line_1_8' title="bbox 361 845 2004 921; baseline -0.003 -17"><span class='ocrx_word' id='word_1_42' title='bbox 361 850 636 905; x_wconf 81' lang='lat' dir='ltr'>barbatus</span> <span class='ocrx_word' id='word_1_43' title='bbox 678 854 930 905; x_wconf 93' lang='lat' dir='ltr'>cometes</span> <span class='ocrx_word' id='word_1_44' title='bbox 989 848 1336 921; x_wconf 79' lang='lat' dir='ltr'>appellatur.</span> <span class='ocrx_word' id='word_1_45' title='bbox 1392 854 1580 920; x_wconf 89' lang='lat' dir='ltr'>Atque</span> <span class='ocrx_word' id='word_1_46' title='bbox 1638 848 1708 903; x_wconf 90' lang='lat' dir='ltr'>de</span> <span class='ocrx_word' id='word_1_47' title='bbox 1763 845 2004 902; x_wconf 75' lang='lat' dir='ltr'>cometis</span> 
     </span>
    </p>
   </div>
   <div class='ocr_carea' id='block_1_9' title="bbox 355 938 657 996">
    <p class='ocr_par' dir='ltr' id='par_1_9' title="bbox 355 938 657 996">
     <span class='ocr_line' id='line_1_9' title="bbox 355 938 657 996; baseline 0 -2"><span class='ocrx_word' id='word_1_48' title='bbox 355 938 657 996; x_wconf 83' lang='lat' dir='ltr'>hactenus.</span> 
     </span>
    </p>
   </div>
   <div class='ocr_carea' id='block_1_10' title="bbox 987 1055 1378 1113">
    <p class='ocr_par' dir='ltr' id='par_1_10' title="bbox 987 1055 1378 1113">
     <span class='ocr_line' id='line_1_10' title="bbox 987 1055 1378 1113; baseline -0.008 0"><span class='ocrx_word' id='word_1_49' title='bbox 987 1057 1138 1113; x_wconf 86' lang='lat' dir='ltr'>CAP.</span> <span class='ocrx_word' id='word_1_50' title='bbox 1173 1055 1378 1112; x_wconf 83' lang='lat' dir='ltr'>XXIV.</span> 
     </span>
    </p>
   </div>
   <div class='ocr_carea' id='block_1_11' title="bbox 388 1173 1965 1246">
    <p class='ocr_par' dir='ltr' id='par_1_11' title="bbox 388 1173 1965 1246">
     <span class='ocr_line' id='line_1_11' title="bbox 388 1173 1965 1246; baseline -0.001 -18"><span class='ocrx_word' id='word_1_51' title='bbox 388 1176 462 1229; x_wconf 82' lang='lat' dir='ltr'>De</span> <span class='ocrx_word' id='word_1_52' title='bbox 485 1176 700 1246; x_wconf 82' lang='lat' dir='ltr'>pluvia,</span> <span class='ocrx_word' id='word_1_53' title='bbox 731 1174 879 1245; x_wconf 76' lang='lat' dir='ltr'>nive,</span> <span class='ocrx_word' id='word_1_54' title='bbox 911 1174 1202 1246; x_wconf 78' lang='lat' dir='ltr'>grandine,</span> <span class='ocrx_word' id='word_1_55' title='bbox 1233 1177 1283 1228; x_wconf 82' lang='lat' dir='ltr'>et</span> <span class='ocrx_word' id='word_1_56' title='bbox 1314 1189 1432 1244; x_wconf 73' lang='lat' dir='ltr'>quae</span> <span class='ocrx_word' id='word_1_57' title='bbox 1468 1189 1542 1227; x_wconf 75' lang='lat' dir='ltr'>ea:</span> <span class='ocrx_word' id='word_1_58' title='bbox 1569 1188 1770 1244; x_wconf 80' lang='lat' dir='ltr'>vapore</span> <span class='ocrx_word' id='word_1_59' title='bbox 1800 1173 1965 1242; x_wconf 74' lang='lat' dir='ltr'>fiunt.</span> 
     </span>
    </p>
   </div>
   <div class='ocr_carea' id='block_1_12' title="bbox 418 1287 2004 1361">
    <p class='ocr_par' dir='ltr' id='par_1_12' title="bbox 418 1287 2004 1361">
     <span class='ocr_line' id='line_1_12' title="bbox 418 1287 2004 1361; baseline -0.001 -17"><span class='ocrx_word' id='word_1_60' title='bbox 418 1291 613 1361; x_wconf 87' lang='lat' dir='ltr'>Vapor</span> <span class='ocrx_word' id='word_1_61' title='bbox 642 1296 860 1360; x_wconf 84' lang='lat' dir='ltr'>autem,</span> <span class='ocrx_word' id='word_1_62' title='bbox 898 1307 1029 1346; x_wconf 87' lang='lat' dir='ltr'>cum</span> <span class='ocrx_word' id='word_1_63' title='bbox 1067 1291 1145 1345; x_wconf 86' lang='lat' dir='ltr'>sit</span> <span class='ocrx_word' id='word_1_64' title='bbox 1203 1289 1428 1344; x_wconf 78' lang='lat' dir='ltr'>humidi</span> <span class='ocrx_word' id='word_1_65' title='bbox 1477 1288 1768 1360; x_wconf 88' lang='lat' dir='ltr'>calidique</span> <span class='ocrx_word' id='word_1_66' title='bbox 1825 1287 2004 1359; x_wconf 89' lang='lat' dir='ltr'>parti-</span> 
     </span>
    </p>
   </div>
   <div class='ocr_carea' id='block_1_13' title="bbox 350 1376 2005 1452">
    <p class='ocr_par' dir='ltr' id='par_1_13' title="bbox 350 1376 2005 1452">
     <span class='ocr_line' id='line_1_13' title="bbox 350 1376 2005 1452; baseline -0.002 -16"><span class='ocrx_word' id='word_1_67' title='bbox 350 1397 508 1452; x_wconf 89' lang='lat' dir='ltr'>ceps,</span> <span class='ocrx_word' id='word_1_68' title='bbox 543 1380 895 1452; x_wconf 77' lang='lat' dir='ltr'>simulatque</span> <span class='ocrx_word' id='word_1_69' title='bbox 945 1380 1246 1452; x_wconf 81' lang='lat' dir='ltr'>superiora</span> <span class='ocrx_word' id='word_1_70' title='bbox 1305 1379 1469 1450; x_wconf 87' lang='lat' dir='ltr'>petit,</span> <span class='ocrx_word' id='word_1_71' title='bbox 1530 1383 1812 1446; x_wconf 82' lang='lat' dir='ltr'>mutatur,</span> <span class='ocrx_word' id='word_1_72' title='bbox 1859 1382 1917 1432; x_wconf 89' lang='lat' dir='ltr'>et</span> <span class='ocrx_word' id='word_1_73' title='bbox 1947 1376 2005 1432; x_wconf 90' lang='lat' dir='ltr'>in</span> 
     </span>
    </p>
   </div>
   <div class='ocr_carea' id='block_1_14' title="bbox 352 1465 2005 1540">
    <p class='ocr_par' dir='ltr' id='par_1_14' title="bbox 352 1465 2005 1540">
     <span class='ocr_line' id='line_1_14' title="bbox 352 1465 2005 1540; baseline -0.002 -17"><span class='ocrx_word' id='word_1_74' title='bbox 352 1485 566 1539; x_wconf 89' lang='lat' dir='ltr'>aquam</span> <span class='ocrx_word' id='word_1_75' title='bbox 602 1469 971 1540; x_wconf 89' lang='lat' dir='ltr'>colliquescit</span> <span class='ocrx_word' id='word_1_76' title='bbox 1010 1486 1022 1525; x_wconf 93' lang='lat'>:</span> <span class='ocrx_word' id='word_1_77' title='bbox 1055 1474 1110 1525; x_wconf 90' lang='lat' dir='ltr'>et</span> <span class='ocrx_word' id='word_1_78' title='bbox 1140 1469 1432 1540; x_wconf 86' lang='lat' dir='ltr'>siquidem</span> <span class='ocrx_word' id='word_1_79' title='bbox 1495 1468 1783 1540; x_wconf 86' lang='lat' dir='ltr'>copiosior</span> <span class='ocrx_word' id='word_1_80' title='bbox 1833 1465 2005 1537; x_wconf 93' lang='lat' dir='ltr'>paulo</span> 
     </span>
    </p>
   </div>
   <div class='ocr_carea' id='block_1_15' title="bbox 359 1553 2005 1630">
    <p class='ocr_par' dir='ltr' id='par_1_15' title="bbox 359 1553 2005 1630">
     <span class='ocr_line' id='line_1_15' title="bbox 359 1553 2005 1630; baseline -0.004 -16"><span class='ocrx_word' id='word_1_81' title='bbox 359 1560 713 1628; x_wconf 85' lang='lat' dir='ltr'>densiorque</span> <span class='ocrx_word' id='word_1_82' title='bbox 745 1560 1055 1624; x_wconf 88' lang='lat' dir='ltr'>deferatur,</span> <span class='ocrx_word' id='word_1_83' title='bbox 1076 1558 1329 1630; x_wconf 89' lang='lat' dir='ltr'>pluviam</span> <span class='ocrx_word' id='word_1_84' title='bbox 1365 1557 1414 1612; x_wconf 84' lang='lat' dir='ltr'>si</span> <span class='ocrx_word' id='word_1_85' title='bbox 1447 1573 1580 1611; x_wconf 90' lang='lat' dir='ltr'>vero</span> <span class='ocrx_word' id='word_1_86' title='bbox 1640 1556 1844 1621; x_wconf 88' lang='lat' dir='ltr'>rarior,</span> <span class='ocrx_word' id='word_1_87' title='bbox 1880 1553 2005 1614; x_wconf 86' lang='lat' dir='ltr'>stil-</span> 
     </span>
    </p>
   </div>
   <div class='ocr_carea' id='block_1_16' title="bbox 353 1645 2009 1719">
    <p class='ocr_par' dir='ltr' id='par_1_16' title="bbox 353 1645 2009 1719">
     <span class='ocr_line' id='line_1_16' title="bbox 353 1645 2009 1719; baseline -0.001 -17"><span class='ocrx_word' id='word_1_88' title='bbox 353 1648 471 1703; x_wconf 89' lang='lat' dir='ltr'>lam</span> <span class='ocrx_word' id='word_1_89' title='bbox 510 1653 811 1718; x_wconf 87' lang='lat' dir='ltr'>procreat:</span> <span class='ocrx_word' id='word_1_90' title='bbox 836 1647 992 1719; x_wconf 91' lang='lat' dir='ltr'>quod</span> <span class='ocrx_word' id='word_1_91' title='bbox 1015 1647 1062 1702; x_wconf 91' lang='lat' dir='ltr'>i</span> <span class='ocrx_word' id='word_1_92' title='bbox 1101 1655 1452 1714; x_wconf 83' lang='lat' dir='ltr'>concrescat,</span> <span class='ocrx_word' id='word_1_93' title='bbox 1488 1645 1546 1699; x_wconf 90' lang='lat' dir='ltr'>in</span> <span class='ocrx_word' id='word_1_94' title='bbox 1604 1647 1815 1714; x_wconf 88' lang='lat' dir='ltr'>nivem,</span> <span class='ocrx_word' id='word_1_95' title='bbox 1852 1645 1940 1698; x_wconf 92' lang='lat' dir='ltr'>sin</span> <span class='ocrx_word' id='word_1_96' title='bbox 1975 1661 2009 1700; x_wconf 88' lang='lat' dir='ltr'>a</span> 
     </span>
    </p>
   </div>
   <div class='ocr_carea' id='block_1_17' title="bbox 359 1736 2006 1808">
    <p class='ocr_par' dir='ltr' id='par_1_17' title="bbox 359 1736 2006 1808">
     <span class='ocr_line' id='line_1_17' title="bbox 359 1736 2006 1808; baseline -0.002 -15"><span class='ocrx_word' id='word_1_97' title='bbox 359 1737 678 1793; x_wconf 85' lang='lat' dir='ltr'>mutatione</span> <span class='ocrx_word' id='word_1_98' title='bbox 696 1737 891 1792; x_wconf 86' lang='lat' dir='ltr'>statim</span> <span class='ocrx_word' id='word_1_99' title='bbox 916 1737 1209 1792; x_wconf 88' lang='lat' dir='ltr'>concretio</span> <span class='ocrx_word' id='word_1_100' title='bbox 1233 1737 1353 1803; x_wconf 88' lang='lat' dir='ltr'>ﬁat,</span> <span class='ocrx_word' id='word_1_101' title='bbox 1386 1737 1442 1791; x_wconf 90' lang='lat' dir='ltr'>in</span> <span class='ocrx_word' id='word_1_102' title='bbox 1488 1736 1835 1808; x_wconf 83' lang='lat' dir='ltr'>grandinem</span> <span class='ocrx_word' id='word_1_103' title='bbox 1877 1751 2006 1790; x_wconf 82' lang='lat' dir='ltr'>eva-</span> 
     </span>
    </p>
   </div>
   <div class='ocr_carea' id='block_1_18' title="bbox 360 1825 2078 1933">
    <p class='ocr_par' dir='ltr' id='par_1_18' title="bbox 360 1825 2078 1933">
     <span class='ocr_line' id='line_1_18' title="bbox 360 1825 2078 1933; baseline -0.002 -51"><span class='ocrx_word' id='word_1_104' title='bbox 360 1829 661 1898; x_wconf 84' lang='lat' dir='ltr'>dit.Atque</span> <span class='ocrx_word' id='word_1_105' title='bbox 691 1827 810 1881; x_wconf 70' lang='lat' dir='ltr'>haec</span> <span class='ocrx_word' id='word_1_106' title='bbox 840 1828 1073 1897; x_wconf 89' lang='lat' dir='ltr'>quidem</span> <span class='ocrx_word' id='word_1_107' title='bbox 1108 1831 1264 1893; x_wconf 88' lang='lat' dir='ltr'>sunt,</span> <span class='ocrx_word' id='word_1_108' title='bbox 1300 1843 1426 1896; x_wconf 75' lang='lat' dir='ltr'>quae</span> <span class='ocrx_word' id='word_1_109' title='bbox 1479 1842 1657 1896; x_wconf 89' lang='lat' dir='ltr'>vapor</span> <span class='ocrx_word' id='word_1_110' title='bbox 1712 1825 1770 1879; x_wconf 90' lang='lat' dir='ltr'>in</span> <span class='ocrx_word' id='word_1_111' title='bbox 1831 1840 2003 1895; x_wconf 89' lang='lat' dir='ltr'>supe-</span> <span class='ocrx_word' id='word_1_112' title='bbox 2032 1868 2078 1933; x_wconf 79' lang='grc' dir='ltr'><strong>Β</strong></span> 
     </span>
    </p>
   </div>
   <div class='ocr_carea' id='block_1_19' title="bbox 358 1914 2003 1987">
    <p class='ocr_par' dir='ltr' id='par_1_19' title="bbox 358 1914 2003 1987">
     <span class='ocr_line' id='line_1_19' title="bbox 358 1914 2003 1987; baseline -0.001 -17"><span class='ocrx_word' id='word_1_113' title='bbox 358 1916 506 1972; x_wconf 89' lang='lat' dir='ltr'>riore</span> <span class='ocrx_word' id='word_1_114' title='bbox 531 1916 678 1972; x_wconf 89' lang='lat' dir='ltr'>aeris</span> <span class='ocrx_word' id='word_1_115' title='bbox 703 1916 934 1987; x_wconf 90' lang='lat' dir='ltr'>regione</span> <span class='ocrx_word' id='word_1_116' title='bbox 959 1916 1242 1987; x_wconf 81' lang='lat' dir='ltr'>levigatus</span> <span class='ocrx_word' id='word_1_117' title='bbox 1264 1914 1438 1970; x_wconf 75' lang='lat' dir='ltr'>efficit</span> <span class='ocrx_word' id='word_1_118' title='bbox 1463 1931 1476 1969; x_wconf 94' lang='lat'>:</span> <span class='ocrx_word' id='word_1_119' title='bbox 1502 1914 1602 1986; x_wconf 88' lang='lat' dir='ltr'>qui</span> <span class='ocrx_word' id='word_1_120' title='bbox 1626 1914 1677 1969; x_wconf 89' lang='lat' dir='ltr'>si</span> <span class='ocrx_word' id='word_1_121' title='bbox 1707 1915 2003 1980; x_wconf 88' lang='lat' dir='ltr'>deorsum,</span> 
     </span>
    </p>
   </div>
   <div class='ocr_carea' id='block_1_20' title="bbox 361 2003 2008 2076">
    <p class='ocr_par' dir='ltr' id='par_1_20' title="bbox 361 2003 2008 2076">
     <span class='ocr_line' id='line_1_20' title="bbox 361 2003 2008 2076; baseline -0.002 -15"><span class='ocrx_word' id='word_1_122' title='bbox 361 2022 463 2062; x_wconf 85' lang='lat' dir='ltr'>seu</span> <span class='ocrx_word' id='word_1_123' title='bbox 494 2006 554 2061; x_wconf 93' lang='lat' dir='ltr'>in</span> <span class='ocrx_word' id='word_1_124' title='bbox 587 2006 791 2061; x_wconf 86' lang='lat' dir='ltr'>inﬁma</span> <span class='ocrx_word' id='word_1_125' title='bbox 819 2011 1101 2076; x_wconf 73' lang='lat' dir='ltr'>terraeque</span> <span class='ocrx_word' id='word_1_126' title='bbox 1157 2005 1428 2076; x_wconf 83' lang='lat' dir='ltr'>proxima</span> <span class='ocrx_word' id='word_1_127' title='bbox 1490 2009 1651 2076; x_wconf 89' lang='lat' dir='ltr'>parte</span> <span class='ocrx_word' id='word_1_128' title='bbox 1709 2003 1860 2058; x_wconf 90' lang='lat' dir='ltr'>aeris</span> <span class='ocrx_word' id='word_1_129' title='bbox 1893 2020 2008 2074; x_wconf 76' lang='lat' dir='ltr'>pres</span> 
     </span>
    </p>
   </div>
   <div class='ocr_carea' id='block_1_21' title="bbox 361 2093 2006 2163">
    <p class='ocr_par' dir='ltr' id='par_1_21' title="bbox 361 2093 2006 2163">
     <span class='ocr_line' id='line_1_21' title="bbox 361 2093 2006 2163; baseline -0.004 -11"><span class='ocrx_word' id='word_1_130' title='bbox 361 2095 752 2152; x_wconf 89' lang='lat' dir='ltr'>crassitudine</span> <span class='ocrx_word' id='word_1_131' title='bbox 783 2113 884 2152; x_wconf 90' lang='lat' dir='ltr'>seu</span> <span class='ocrx_word' id='word_1_132' title='bbox 919 2096 1210 2150; x_wconf 86' lang='lat' dir='ltr'>densitate</span> <span class='ocrx_word' id='word_1_133' title='bbox 1266 2095 1513 2163; x_wconf 88' lang='lat' dir='ltr'>restitet,</span> <span class='ocrx_word' id='word_1_134' title='bbox 1547 2097 1648 2149; x_wconf 88' lang='lat' dir='ltr'>aut</span> <span class='ocrx_word' id='word_1_135' title='bbox 1705 2093 1763 2148; x_wconf 95' lang='lat' dir='ltr'>in</span> <span class='ocrx_word' id='word_1_136' title='bbox 1817 2107 2006 2148; x_wconf 88' lang='lat' dir='ltr'>rorem</span> 
     </span>
    </p>
   </div>
   <div class='ocr_carea' id='block_1_22' title="bbox 363 2184 2008 2257">
    <p class='ocr_par' dir='ltr' id='par_1_22' title="bbox 363 2184 2008 2257">
     <span class='ocr_line' id='line_1_22' title="bbox 363 2184 2008 2257; baseline -0.003 -17"><span class='ocrx_word' id='word_1_137' title='bbox 363 2191 644 2255; x_wconf 85' lang='lat' dir='ltr'>mutatur,</span> <span class='ocrx_word' id='word_1_138' title='bbox 678 2191 779 2240; x_wconf 90' lang='lat' dir='ltr'>aut</span> <span class='ocrx_word' id='word_1_139' title='bbox 810 2185 866 2240; x_wconf 90' lang='lat' dir='ltr'>in</span> <span class='ocrx_word' id='word_1_140' title='bbox 901 2184 1033 2257; x_wconf 88' lang='lat' dir='ltr'>gelu</span> <span class='ocrx_word' id='word_1_141' title='bbox 1083 2187 1423 2240; x_wconf 79' lang='lat' dir='ltr'>concrescit.</span> <span class='ocrx_word' id='word_1_142' title='bbox 1482 2184 1765 2239; x_wconf 74' lang='lat' dir='ltr'>Caeterum</span> <span class='ocrx_word' id='word_1_143' title='bbox 1817 2197 1912 2236; x_wconf 90' lang='lat' dir='ltr'>ros</span> <span class='ocrx_word' id='word_1_144' title='bbox 1943 2197 2008 2236; x_wconf 91' lang='lat' dir='ltr'>eo</span> 
     </span>
    </p>
   </div>
   <div class='ocr_carea' id='block_1_23' title="bbox 358 2273 2007 2348">
    <p class='ocr_par' dir='ltr' id='par_1_23' title="bbox 358 2273 2007 2348">
     <span class='ocr_line' id='line_1_23' title="bbox 358 2273 2007 2348; baseline -0.004 -17"><span class='ocrx_word' id='word_1_145' title='bbox 358 2275 735 2348; x_wconf 85' lang='lat' dir='ltr'>potissimum</span> <span class='ocrx_word' id='word_1_146' title='bbox 765 2281 1048 2346; x_wconf 90' lang='lat' dir='ltr'>tempore,</span> <span class='ocrx_word' id='word_1_147' title='bbox 1092 2293 1206 2347; x_wconf 92' lang='lat' dir='ltr'>quo</span> <span class='ocrx_word' id='word_1_148' title='bbox 1253 2273 1465 2330; x_wconf 80' lang='lat' dir='ltr'>coelum</span> <span class='ocrx_word' id='word_1_149' title='bbox 1517 2288 1790 2329; x_wconf 88' lang='lat' dir='ltr'>serenum</span> <span class='ocrx_word' id='word_1_150' title='bbox 1827 2281 1879 2326; x_wconf 90' lang='lat' dir='ltr'>et</span> <span class='ocrx_word' id='word_1_151' title='bbox 1911 2287 2007 2326; x_wconf 90' lang='lat' dir='ltr'>su-</span> 
     </span>
    </p>
   </div>
   <div class='ocr_carea' id='block_1_24' title="bbox 355 2361 2011 2438">
    <p class='ocr_par' dir='ltr' id='par_1_24' title="bbox 355 2361 2011 2438">
     <span class='ocr_line' id='line_1_24' title="bbox 355 2361 2011 2438; baseline -0.002 -16"><span class='ocrx_word' id='word_1_152' title='bbox 355 2369 494 2423; x_wconf 91' lang='lat' dir='ltr'>dum</span> <span class='ocrx_word' id='word_1_153' title='bbox 519 2372 626 2432; x_wconf 83' lang='lat' dir='ltr'>est,</span> <span class='ocrx_word' id='word_1_154' title='bbox 646 2373 820 2438; x_wconf 88' lang='lat' dir='ltr'>atque</span> <span class='ocrx_word' id='word_1_155' title='bbox 847 2367 902 2421; x_wconf 90' lang='lat' dir='ltr'>in</span> <span class='ocrx_word' id='word_1_156' title='bbox 930 2367 1070 2422; x_wconf 91' lang='lat' dir='ltr'>locis</span> <span class='ocrx_word' id='word_1_157' title='bbox 1112 2366 1366 2421; x_wconf 79' lang='lat' dir='ltr'>maxime</span> <span class='ocrx_word' id='word_1_158' title='bbox 1399 2363 1772 2436; x_wconf 89' lang='lat' dir='ltr'>tepentibus:</span> <span class='ocrx_word' id='word_1_159' title='bbox 1798 2361 2011 2433; x_wconf 87' lang='lat' dir='ltr'>pruina</span> 
     </span>
    </p>
   </div>
   <div class='ocr_carea' id='block_1_25' title="bbox 354 2453 2009 2528">
    <p class='ocr_par' dir='ltr' id='par_1_25' title="bbox 354 2453 2009 2528">
     <span class='ocr_line' id='line_1_25' title="bbox 354 2453 2009 2528; baseline -0.003 -16"><span class='ocrx_word' id='word_1_160' title='bbox 354 2473 488 2512; x_wconf 90' lang='lat' dir='ltr'>vero</span> <span class='ocrx_word' id='word_1_161' title='bbox 522 2457 579 2510; x_wconf 92' lang='lat' dir='ltr'>in</span> <span class='ocrx_word' id='word_1_162' title='bbox 626 2455 1024 2528; x_wconf 85' lang='lat' dir='ltr'>frigidioribus</span> <span class='ocrx_word' id='word_1_163' title='bbox 1076 2456 1370 2520; x_wconf 80' lang='lat' dir='ltr'>coalescit,</span> <span class='ocrx_word' id='word_1_164' title='bbox 1406 2465 1577 2525; x_wconf 89' lang='lat' dir='ltr'>atque</span> <span class='ocrx_word' id='word_1_165' title='bbox 1631 2469 1726 2508; x_wconf 89' lang='lat' dir='ltr'>ros</span> <span class='ocrx_word' id='word_1_166' title='bbox 1769 2453 2009 2524; x_wconf 89' lang='lat' dir='ltr'>quidem</span> 
     </span>
    </p>
   </div>
   <div class='ocr_carea' id='block_1_26' title="bbox 357 2543 2007 2616">
    <p class='ocr_par' dir='ltr' id='par_1_26' title="bbox 357 2543 2007 2616">
     <span class='ocr_line' id='line_1_26' title="bbox 357 2543 2007 2616; baseline -0.004 -15"><span class='ocrx_word' id='word_1_167' title='bbox 357 2561 488 2601; x_wconf 90' lang='lat' dir='ltr'>cum</span> <span class='ocrx_word' id='word_1_168' title='bbox 524 2544 998 2600; x_wconf 85' lang='lat' dir='ltr'>meridionalium</span> <span class='ocrx_word' id='word_1_169' title='bbox 1030 2550 1378 2599; x_wconf 88' lang='lat' dir='ltr'>ventorum:</span> <span class='ocrx_word' id='word_1_170' title='bbox 1413 2543 1624 2616; x_wconf 88' lang='lat' dir='ltr'>pruina</span> <span class='ocrx_word' id='word_1_171' title='bbox 1677 2558 1835 2609; x_wconf 89' lang='lat' dir='ltr'>vero,</span> <span class='ocrx_word' id='word_1_172' title='bbox 1869 2557 2007 2596; x_wconf 91' lang='lat' dir='ltr'>cum</span> 
     </span>
    </p>
   </div>
   <div class='ocr_carea' id='block_1_27' title="bbox 360 2632 2004 2704">
    <p class='ocr_par' dir='ltr' id='par_1_27' title="bbox 360 2632 2004 2704">
     <span class='ocr_line' id='line_1_27' title="bbox 360 2632 2004 2704; baseline -0.004 -13"><span class='ocrx_word' id='word_1_173' title='bbox 360 2633 904 2704; x_wconf 80' lang='lat' dir='ltr'>septentrionalium</span> <span class='ocrx_word' id='word_1_174' title='bbox 945 2634 1114 2688; x_wconf 87' lang='lat' dir='ltr'>ﬂatus</span> <span class='ocrx_word' id='word_1_175' title='bbox 1172 2635 1460 2704; x_wconf 77' lang='lat' dir='ltr'>praevalet.</span> <span class='ocrx_word' id='word_1_176' title='bbox 1520 2632 1748 2688; x_wconf 86' lang='lat' dir='ltr'>Grande</span> <span class='ocrx_word' id='word_1_177' title='bbox 1811 2636 2004 2685; x_wconf 90' lang='lat' dir='ltr'>autem</span> 
     </span>
    </p>
   </div>
   <div class='ocr_carea' id='block_1_28' title="bbox 359 2723 2008 2796">
    <p class='ocr_par' dir='ltr' id='par_1_28' title="bbox 359 2723 2008 2796">
     <span class='ocr_line' id='line_1_28' title="bbox 359 2723 2008 2796; baseline -0.003 -16"><span class='ocrx_word' id='word_1_178' title='bbox 359 2725 624 2796; x_wconf 89' lang='lat' dir='ltr'>partibus</span> <span class='ocrx_word' id='word_1_179' title='bbox 656 2723 794 2779; x_wconf 88' lang='lat' dir='ltr'>anni</span> <span class='ocrx_word' id='word_1_180' title='bbox 853 2723 1254 2791; x_wconf 86' lang='lat' dir='ltr'>calidioribus,</span> <span class='ocrx_word' id='word_1_181' title='bbox 1315 2739 1444 2778; x_wconf 90' lang='lat' dir='ltr'>vere</span> <span class='ocrx_word' id='word_1_182' title='bbox 1494 2723 1772 2777; x_wconf 87' lang='lat' dir='ltr'>nimirum</span> <span class='ocrx_word' id='word_1_183' title='bbox 1827 2725 1884 2775; x_wconf 90' lang='lat' dir='ltr'>et</span> <span class='ocrx_word' id='word_1_184' title='bbox 1914 2737 2008 2775; x_wconf 80' lang='lat' dir='ltr'>au-</span> 
     </span>
    </p>
   </div>
   <div class='ocr_carea' id='block_1_29' title="bbox 355 2813 2010 2884">
    <p class='ocr_par' dir='ltr' id='par_1_29' title="bbox 355 2813 2010 2884">
     <span class='ocr_line' id='line_1_29' title="bbox 355 2813 2010 2884; baseline -0.002 -16"><span class='ocrx_word' id='word_1_185' title='bbox 355 2819 583 2880; x_wconf 90' lang='lat' dir='ltr'>tumno,</span> <span class='ocrx_word' id='word_1_186' title='bbox 620 2829 771 2884; x_wconf 78' lang='lat' dir='ltr'>saepe</span> <span class='ocrx_word' id='word_1_187' title='bbox 793 2814 970 2868; x_wconf 90' lang='lat' dir='ltr'>etiam</span> <span class='ocrx_word' id='word_1_188' title='bbox 989 2816 1190 2868; x_wconf 74' lang='lat' dir='ltr'>testate</span> <span class='ocrx_word' id='word_1_189' title='bbox 1214 2813 1646 2867; x_wconf 85' lang='lat' dir='ltr'>condensatur:</span> <span class='ocrx_word' id='word_1_190' title='bbox 1701 2819 2010 2882; x_wconf 83' lang='lat' dir='ltr'>propterea</span> 
     </span>
    </p>
   </div>
   <div class='ocr_carea' id='block_1_30' title="bbox 357 2901 2011 2975">
    <p class='ocr_par' dir='ltr' id='par_1_30' title="bbox 357 2901 2011 2975">
     <span class='ocr_line' id='line_1_30' title="bbox 357 2901 2011 2975; baseline -0.003 -17"><span class='ocrx_word' id='word_1_191' title='bbox 357 2905 506 2975; x_wconf 90' lang='lat' dir='ltr'>quod</span> <span class='ocrx_word' id='word_1_192' title='bbox 542 2901 797 2956; x_wconf 88' lang='lat' dir='ltr'>calidum</span> <span class='ocrx_word' id='word_1_193' title='bbox 844 2905 903 2957; x_wconf 87' lang='lat' dir='ltr'>et</span> <span class='ocrx_word' id='word_1_194' title='bbox 952 2902 1230 2973; x_wconf 87' lang='lat' dir='ltr'>frigidum</span> <span class='ocrx_word' id='word_1_195' title='bbox 1285 2901 1364 2956; x_wconf 90' lang='lat' dir='ltr'>ita</span> <span class='ocrx_word' id='word_1_196' title='bbox 1422 2907 1630 2957; x_wconf 88' lang='lat' dir='ltr'>natura</span> <span class='ocrx_word' id='word_1_197' title='bbox 1674 2903 2011 2970; x_wconf 87' lang='lat' dir='ltr'>comparata</span> 
     </span>
    </p>
   </div>
   <div class='ocr_carea' id='block_1_31' title="bbox 353 2989 2009 3062">
    <p class='ocr_par' dir='ltr' id='par_1_31' title="bbox 353 2989 2009 3062">
     <span class='ocr_line' id='line_1_31' title="bbox 353 2989 2009 3062; baseline -0.001 -16"><span class='ocrx_word' id='word_1_198' title='bbox 353 2996 584 3058; x_wconf 89' lang='lat' dir='ltr'>sunt,ut</span> <span class='ocrx_word' id='word_1_199' title='bbox 615 3008 678 3046; x_wconf 92' lang='lat' dir='ltr'>se</span> <span class='ocrx_word' id='word_1_200' title='bbox 709 2995 913 3048; x_wconf 91' lang='lat' dir='ltr'>mutuo</span> <span class='ocrx_word' id='word_1_201' title='bbox 935 2990 1325 3062; x_wconf 81' lang='lat' dir='ltr'>comprimunt</span> <span class='ocrx_word' id='word_1_202' title='bbox 1376 2995 1432 3044; x_wconf 89' lang='lat' dir='ltr'>et</span> <span class='ocrx_word' id='word_1_203' title='bbox 1473 2997 1810 3047; x_wconf 89' lang='lat' dir='ltr'>coerceant:</span> <span class='ocrx_word' id='word_1_204' title='bbox 1865 2989 2009 3044; x_wconf 90' lang='lat' dir='ltr'>adeo</span> 
     </span>
    </p>
   </div>
   <div class='ocr_carea' id='block_1_32' title="bbox 356 3078 2010 3152">
    <p class='ocr_par' dir='ltr' id='par_1_32' title="bbox 356 3078 2010 3152">
     <span class='ocr_line' id='line_1_32' title="bbox 356 3078 2010 3152; baseline -0.002 -16"><span class='ocrx_word' id='word_1_205' title='bbox 356 3087 421 3136; x_wconf 89' lang='lat' dir='ltr'>ut</span> <span class='ocrx_word' id='word_1_206' title='bbox 452 3082 500 3136; x_wconf 89' lang='lat' dir='ltr'>si</span> <span class='ocrx_word' id='word_1_207' title='bbox 533 3081 818 3136; x_wconf 84' lang='lat' dir='ltr'>exteriora</span> <span class='ocrx_word' id='word_1_208' title='bbox 840 3080 996 3138; x_wconf 90' lang='lat' dir='ltr'>calor</span> <span class='ocrx_word' id='word_1_209' title='bbox 1017 3085 1282 3152; x_wconf 90' lang='lat' dir='ltr'>occupet,</span> <span class='ocrx_word' id='word_1_210' title='bbox 1313 3081 1371 3134; x_wconf 91' lang='lat' dir='ltr'>in</span> <span class='ocrx_word' id='word_1_211' title='bbox 1395 3079 1773 3135; x_wconf 89' lang='lat' dir='ltr'>interioribus</span> <span class='ocrx_word' id='word_1_212' title='bbox 1822 3078 2010 3150; x_wconf 82' lang='lat' dir='ltr'>frigus</span> 
     </span>
    </p>
   </div>
   <div class='ocr_carea' id='block_1_33' title="bbox 353 3167 2006 3244">
    <p class='ocr_par' dir='ltr' id='par_1_33' title="bbox 353 3167 2006 3244">
     <span class='ocr_line' id='line_1_33' title="bbox 353 3167 2006 3244; baseline -0.003 -18"><span class='ocrx_word' id='word_1_213' title='bbox 353 3171 675 3239; x_wconf 89' lang='lat' dir='ltr'>delitescat,</span> <span class='ocrx_word' id='word_1_214' title='bbox 708 3175 766 3227; x_wconf 90' lang='lat' dir='ltr'>et</span> <span class='ocrx_word' id='word_1_215' title='bbox 795 3177 1016 3228; x_wconf 90' lang='lat' dir='ltr'>contra.</span> <span class='ocrx_word' id='word_1_216' title='bbox 1045 3174 1241 3244; x_wconf 88' lang='lat' dir='ltr'>Itaque</span> <span class='ocrx_word' id='word_1_217' title='bbox 1294 3172 1346 3224; x_wconf 91' lang='lat' dir='ltr'>in</span> <span class='ocrx_word' id='word_1_218' title='bbox 1392 3169 1658 3242; x_wconf 89' lang='lat' dir='ltr'>partibus</span> <span class='ocrx_word' id='word_1_219' title='bbox 1688 3169 1827 3224; x_wconf 89' lang='lat' dir='ltr'>anni</span> <span class='ocrx_word' id='word_1_220' title='bbox 1862 3167 2006 3222; x_wconf 89' lang='lat' dir='ltr'>cali-</span> 
     </span>
    </p>
   </div>
   <div class='ocr_carea' id='block_1_34' title="bbox 352 3239 2092 3332">
    <p class='ocr_par' dir='ltr' id='par_1_34' title="bbox 352 3239 2092 3332">
     <span class='ocr_line' id='line_1_34' title="bbox 352 3239 2092 3332; baseline -0.002 -17"><span class='ocrx_word' id='word_1_221' title='bbox 352 3260 617 3316; x_wconf 91' lang='lat' dir='ltr'>dioribus</span> <span class='ocrx_word' id='word_1_222' title='bbox 648 3260 828 3332; x_wconf 81' lang='lat' dir='ltr'>frigus</span> <span class='ocrx_word' id='word_1_223' title='bbox 862 3260 1051 3316; x_wconf 88' lang='lat' dir='ltr'>calido</span> <span class='ocrx_word' id='word_1_224' title='bbox 1081 3239 1442 3316; x_wconf 67' lang='lat' dir='ltr'>extrinsecus</span> <span class='ocrx_word' id='word_1_225' title='bbox 1489 3259 1785 3329; x_wconf 86' lang='lat' dir='ltr'>objectum</span> <span class='ocrx_word' id='word_1_226' title='bbox 1834 3273 2003 3329; x_wconf 86' lang='lat' dir='ltr'>gran-</span> <span class='ocrx_word' id='word_1_227' title='bbox 2041 3239 2092 3304; x_wconf 75' lang='grc' dir='ltr'>Ο</span> 
     </span>
    </p>
   </div>
   <div class='ocr_carea' id='block_1_35' title="bbox 351 3348 818 3405">
    <p class='ocr_par' dir='ltr' id='par_1_35' title="bbox 351 3348 818 3405">
     <span class='ocr_line' id='line_1_35' title="bbox 351 3348 818 3405; baseline -0.002 -1"><span class='ocrx_word' id='word_1_228' title='bbox 351 3349 545 3405; x_wconf 87' lang='lat' dir='ltr'>dinem</span> <span class='ocrx_word' id='word_1_229' title='bbox 582 3348 818 3404; x_wconf 79' lang='lat' dir='ltr'>conﬁat.</span> 
     </span>
    </p>
   </div>
   <div class='ocr_carea' id='block_1_36' title="bbox 993 3465 1356 3523">
    <p class='ocr_par' dir='ltr' id='par_1_36' title="bbox 993 3465 1356 3523">
     <span class='ocr_line' id='line_1_36' title="bbox 993 3465 1356 3523; baseline -0.003 -1"><span class='ocrx_word' id='word_1_230' title='bbox 993 3466 1147 3523; x_wconf 87' lang='lat' dir='ltr'>CAP.</span> <span class='ocrx_word' id='word_1_231' title='bbox 1191 3465 1356 3522; x_wconf 85' lang='lat' dir='ltr'>XXV.</span> 
     </span>
    </p>
   </div>
   <div class='ocr_carea' id='block_1_37' title="bbox 583 3581 1764 3654">
    <p class='ocr_par' dir='ltr' id='par_1_37' title="bbox 583 3581 1764 3654">
     <span class='ocr_line' id='line_1_37' title="bbox 583 3581 1764 3654; baseline -0.003 -16"><span class='ocrx_word' id='word_1_232' title='bbox 583 3585 661 3640; x_wconf 82' lang='lat' dir='ltr'>De</span> <span class='ocrx_word' id='word_1_233' title='bbox 693 3583 858 3650; x_wconf 83' lang='lat' dir='ltr'>iride,</span> <span class='ocrx_word' id='word_1_234' title='bbox 889 3581 1112 3648; x_wconf 80' lang='lat' dir='ltr'>halone,</span> <span class='ocrx_word' id='word_1_235' title='bbox 1143 3581 1395 3654; x_wconf 75' lang='lat' dir='ltr'>paretiis,</span> <span class='ocrx_word' id='word_1_236' title='bbox 1425 3585 1482 3637; x_wconf 83' lang='lat' dir='ltr'>et</span> <span class='ocrx_word' id='word_1_237' title='bbox 1513 3581 1764 3652; x_wconf 75' lang='lat' dir='ltr'>virgulis.</span> 
     </span>
    </p>
   </div>
   <div class='ocr_carea' id='block_1_38' title="bbox 428 3706 2010 3784">
    <p class='ocr_par' dir='ltr' id='par_1_38' title="bbox 428 3706 2010 3784">
     <span class='ocr_line' id='line_1_38' title="bbox 428 3706 2010 3784; baseline -0.003 -18"><span class='ocrx_word' id='word_1_238' title='bbox 428 3712 589 3777; x_wconf 89' lang='lat' dir='ltr'>Quod</span> <span class='ocrx_word' id='word_1_239' title='bbox 623 3712 690 3765; x_wconf 86' lang='lat' dir='ltr'>ad</span> <span class='ocrx_word' id='word_1_240' title='bbox 728 3711 838 3767; x_wconf 92' lang='lat' dir='ltr'>irin</span> <span class='ocrx_word' id='word_1_241' title='bbox 874 3711 1142 3784; x_wconf 89' lang='lat' dir='ltr'>pertinet,</span> <span class='ocrx_word' id='word_1_242' title='bbox 1177 3710 1277 3782; x_wconf 85' lang='lat' dir='ltr'>qui</span> <span class='ocrx_word' id='word_1_243' title='bbox 1328 3728 1362 3766; x_wconf 90' lang='lat' dir='ltr'>a</span> <span class='ocrx_word' id='word_1_244' title='bbox 1395 3709 1593 3765; x_wconf 89' lang='lat' dir='ltr'>multis</span> <span class='ocrx_word' id='word_1_245' title='bbox 1615 3726 1786 3765; x_wconf 91' lang='lat' dir='ltr'>arcus</span> <span class='ocrx_word' id='word_1_246' title='bbox 1807 3706 2010 3779; x_wconf 88' lang='lat' dir='ltr'>appel-</span> 
     </span>
    </p>
   </div>
   <div class='ocr_carea' id='block_1_39' title="bbox 356 3796 2006 3874">
    <p class='ocr_par' dir='ltr' id='par_1_39' title="bbox 356 3796 2006 3874">
     <span class='ocr_line' id='line_1_39' title="bbox 356 3796 2006 3874; baseline -0.001 -20"><span class='ocrx_word' id='word_1_247' title='bbox 356 3799 537 3867; x_wconf 83' lang='lat' dir='ltr'>lutur,</span> <span class='ocrx_word' id='word_1_248' title='bbox 571 3796 823 3857; x_wconf 78' lang='lat' dir='ltr'>naturali</span> <span class='ocrx_word' id='word_1_249' title='bbox 853 3803 1091 3874; x_wconf 89' lang='lat' dir='ltr'>quidem</span> <span class='ocrx_word' id='word_1_250' title='bbox 1107 3800 1444 3857; x_wconf 80' lang='lat' dir='ltr'>substantia</span> <span class='ocrx_word' id='word_1_251' title='bbox 1466 3799 1708 3873; x_wconf 83' lang='lat' dir='ltr'>praedita</span> <span class='ocrx_word' id='word_1_252' title='bbox 1744 3815 1861 3854; x_wconf 91' lang='lat' dir='ltr'>non</span> <span class='ocrx_word' id='word_1_253' title='bbox 1898 3799 2006 3864; x_wconf 86' lang='lat' dir='ltr'>est,</span> 
     </span>
    </p>
   </div>
   <div class='ocr_carea' id='block_1_40' title="bbox 359 3891 2012 3964">
    <p class='ocr_par' dir='ltr' id='par_1_40' title="bbox 359 3891 2012 3964">
     <span class='ocr_line' id='line_1_40' title="bbox 359 3891 2012 3964; baseline -0.001 -18"><span class='ocrx_word' id='word_1_254' title='bbox 359 3892 571 3964; x_wconf 84' lang='lat' dir='ltr'>quippe</span> <span class='ocrx_word' id='word_1_255' title='bbox 591 3910 720 3963; x_wconf 76' lang='lat' dir='ltr'>quae</span> <span class='ocrx_word' id='word_1_256' title='bbox 735 3893 1112 3948; x_wconf 85' lang='lat' dir='ltr'>simulacrum</span> <span class='ocrx_word' id='word_1_257' title='bbox 1131 3893 1422 3963; x_wconf 85' lang='lat' dir='ltr'>quoddam</span> <span class='ocrx_word' id='word_1_258' title='bbox 1437 3891 2012 3964; x_wconf 85' lang='lat' dir='ltr'>inane,pbantasma—</span> 
     </span>
    </p>
   </div>
   <div class='ocr_carea' id='block_1_41' title="bbox 361 3983 2008 4054">
    <p class='ocr_par' dir='ltr' id='par_1_41' title="bbox 361 3983 2008 4054">
     <span class='ocr_line' id='line_1_41' title="bbox 361 3983 2008 4054; baseline -0.001 -17"><span class='ocrx_word' id='word_1_259' title='bbox 361 3999 475 4052; x_wconf 93' lang='lat' dir='ltr'>que</span> <span class='ocrx_word' id='word_1_260' title='bbox 507 3984 601 4048; x_wconf 86' lang='lat' dir='ltr'>sit,</span> <span class='ocrx_word' id='word_1_261' title='bbox 636 3983 790 4054; x_wconf 91' lang='lat' dir='ltr'>quod</span> <span class='ocrx_word' id='word_1_262' title='bbox 832 3983 1158 4038; x_wconf 88' lang='lat' dir='ltr'>videntium</span> <span class='ocrx_word' id='word_1_263' title='bbox 1182 3983 1362 4038; x_wconf 89' lang='lat' dir='ltr'>oculis</span> <span class='ocrx_word' id='word_1_264' title='bbox 1384 3988 1524 4039; x_wconf 91' lang='lat' dir='ltr'>tunc</span> <span class='ocrx_word' id='word_1_265' title='bbox 1547 3983 1843 4053; x_wconf 89' lang='lat' dir='ltr'>objicitur,</span> <span class='ocrx_word' id='word_1_266' title='bbox 1875 3996 2008 4035; x_wconf 87' lang='lat' dir='ltr'>cum</span> 
     </span>
    </p>
   </div>
   <div class='ocr_carea' id='block_1_42' title="bbox 363 4071 2010 4143">
    <p class='ocr_par' dir='ltr' id='par_1_42' title="bbox 363 4071 2010 4143">
     <span class='ocr_line' id='line_1_42' title="bbox 363 4071 2010 4143; baseline 0 -17"><span class='ocrx_word' id='word_1_267' title='bbox 363 4071 506 4127; x_wconf 90' lang='lat' dir='ltr'>solis</span> <span class='ocrx_word' id='word_1_268' title='bbox 537 4072 680 4127; x_wconf 87' lang='lat' dir='ltr'>radii</span> <span class='ocrx_word' id='word_1_269' title='bbox 701 4073 870 4142; x_wconf 91' lang='lat' dir='ltr'>quasi</span> <span class='ocrx_word' id='word_1_270' title='bbox 892 4072 1203 4143; x_wconf 89' lang='lat' dir='ltr'>procidunt</span> <span class='ocrx_word' id='word_1_271' title='bbox 1223 4077 1279 4126; x_wconf 89' lang='lat' dir='ltr'>et</span> <span class='ocrx_word' id='word_1_272' title='bbox 1293 4071 1692 4138; x_wconf 89' lang='lat' dir='ltr'>reﬂectuntur,</span> <span class='ocrx_word' id='word_1_273' title='bbox 1722 4085 2010 4142; x_wconf 88' lang='lat' dir='ltr'>arcusque</span> 
     </span>
    </p>
   </div>
   <div class='ocr_carea' id='block_1_43' title="bbox 361 4160 2008 4232">
    <p class='ocr_par' dir='ltr' id='par_1_43' title="bbox 361 4160 2008 4232">
     <span class='ocr_line' id='line_1_43' title="bbox 361 4160 2008 4232; baseline -0.001 -18"><span class='ocrx_word' id='word_1_274' title='bbox 361 4161 506 4215; x_wconf 87' lang='lat' dir='ltr'>adeo</span> <span class='ocrx_word' id='word_1_275' title='bbox 538 4175 791 4230; x_wconf 79' lang='lat' dir='ltr'>speciem</span> <span class='ocrx_word' id='word_1_276' title='bbox 827 4177 944 4230; x_wconf 77' lang='lat' dir='ltr'>prae</span> <span class='ocrx_word' id='word_1_277' title='bbox 976 4176 1038 4215; x_wconf 90' lang='lat' dir='ltr'>se</span> <span class='ocrx_word' id='word_1_278' title='bbox 1088 4162 1300 4216; x_wconf 84' lang='lat' dir='ltr'>ferunt.</span> <span class='ocrx_word' id='word_1_279' title='bbox 1352 4166 1526 4216; x_wconf 91' lang='lat' dir='ltr'>Porro</span> <span class='ocrx_word' id='word_1_280' title='bbox 1585 4160 1860 4232; x_wconf 66' lang='lat' dir='ltr'>quaelibet</span> <span class='ocrx_word' id='word_1_281' title='bbox 1907 4160 2008 4214; x_wconf 91' lang='lat' dir='ltr'>iris</span> 
     </span>
    </p>
   </div>
   <div class='ocr_carea' id='block_1_44' title="bbox 355 4246 2012 4316">
    <p class='ocr_par' dir='ltr' id='par_1_44' title="bbox 355 4246 2012 4316">
     <span class='ocr_line' id='line_1_44' title="bbox 355 4246 2012 4316; baseline 0.001 -15"><span class='ocrx_word' id='word_1_282' title='bbox 355 4248 575 4316; x_wconf 88' lang='lat' dir='ltr'>triplici</span> <span class='ocrx_word' id='word_1_283' title='bbox 606 4246 798 4302; x_wconf 91' lang='lat' dir='ltr'>colore</span> <span class='ocrx_word' id='word_1_284' title='bbox 829 4247 1107 4302; x_wconf 88' lang='lat' dir='ltr'>distincta</span> <span class='ocrx_word' id='word_1_285' title='bbox 1137 4253 1243 4303; x_wconf 73' lang='lat' dir='ltr'>est.</span> <span class='ocrx_word' id='word_1_286' title='bbox 1273 4249 1413 4312; x_wconf 87' lang='lat' dir='ltr'>Ejus</span> <span class='ocrx_word' id='word_1_287' title='bbox 1461 4249 1618 4304; x_wconf 89' lang='lat' dir='ltr'>enim</span> <span class='ocrx_word' id='word_1_288' title='bbox 1675 4264 1823 4302; x_wconf 91' lang='lat' dir='ltr'>zona</span> <span class='ocrx_word' id='word_1_289' title='bbox 1869 4246 2012 4302; x_wconf 91' lang='lat' dir='ltr'>inte-</span> 
     </span>
    </p>
   </div>
   <div class='ocr_carea' id='block_1_45' title="bbox 358 4335 2010 4407">
    <p class='ocr_par' dir='ltr' id='par_1_45' title="bbox 358 4335 2010 4407">
     <span class='ocr_line' id='line_1_45' title="bbox 358 4335 2010 4407; baseline 0.001 -18"><span class='ocrx_word' id='word_1_290' title='bbox 358 4336 496 4406; x_wconf 91' lang='lat' dir='ltr'>rior,</span> <span class='ocrx_word' id='word_1_291' title='bbox 530 4335 812 4407; x_wconf 87' lang='lat' dir='ltr'>punicea:</span> <span class='ocrx_word' id='word_1_292' title='bbox 838 4337 1119 4403; x_wconf 88' lang='lat' dir='ltr'>secunda,</span> <span class='ocrx_word' id='word_1_293' title='bbox 1152 4338 1357 4392; x_wconf 88' lang='lat' dir='ltr'>viridis</span> <span class='ocrx_word' id='word_1_294' title='bbox 1381 4354 1402 4390; x_wconf 93' lang='grc'>.·</span> <span class='ocrx_word' id='word_1_295' title='bbox 1447 4337 1623 4393; x_wconf 90' lang='lat' dir='ltr'>tertia</span> <span class='ocrx_word' id='word_1_296' title='bbox 1669 4335 1918 4393; x_wconf 75' lang='lat' dir='ltr'>caerulea</span> <span class='ocrx_word' id='word_1_297' title='bbox 1953 4340 2010 4391; x_wconf 84' lang='lat' dir='ltr'>et</span> 
     </span>
    </p>
   </div>
   <div class='ocr_carea' id='block_1_46' title="bbox 357 4425 2007 4497">
    <p class='ocr_par' dir='ltr' id='par_1_46' title="bbox 357 4425 2007 4497">
     <span class='ocr_line' id='line_1_46' title="bbox 357 4425 2007 4497; baseline 0.001 -19"><span class='ocrx_word' id='word_1_298' title='bbox 357 4426 524 4496; x_wconf 86' lang='lat' dir='ltr'>quasi</span> <span class='ocrx_word' id='word_1_299' title='bbox 559 4441 853 4497; x_wconf 88' lang='lat' dir='ltr'>purpurea</span> <span class='ocrx_word' id='word_1_300' title='bbox 883 4430 986 4480; x_wconf 86' lang='lat' dir='ltr'>est.</span> <span class='ocrx_word' id='word_1_301' title='bbox 1021 4425 1334 4497; x_wconf 86' lang='lat' dir='ltr'>Consurgit</span> <span class='ocrx_word' id='word_1_302' title='bbox 1364 4431 1560 4480; x_wconf 88' lang='lat' dir='ltr'>autem</span> <span class='ocrx_word' id='word_1_303' title='bbox 1592 4442 1661 4481; x_wconf 84' lang='lat' dir='ltr'>ex</span> <span class='ocrx_word' id='word_1_304' title='bbox 1707 4425 2007 4497; x_wconf 67' lang='lat' dir='ltr'>inaequali-</span> 
     </span>
    </p>
   </div>
   <div class='ocr_carea' id='block_1_47' title="bbox 358 4514 2010 4572">
    <p class='ocr_par' dir='ltr' id='par_1_47' title="bbox 358 4514 2010 4572">
     <span class='ocr_line' id='line_1_47' title="bbox 358 4514 2010 4572; baseline 0.002 -3"><span class='ocrx_word' id='word_1_305' title='bbox 358 4520 475 4570; x_wconf 88' lang='lat' dir='ltr'>tate</span> <span class='ocrx_word' id='word_1_306' title='bbox 507 4519 563 4570; x_wconf 91' lang='lat' dir='ltr'>et</span> <span class='ocrx_word' id='word_1_307' title='bbox 585 4514 1087 4570; x_wconf 85' lang='lat' dir='ltr'>dissimulitudine</span> <span class='ocrx_word' id='word_1_308' title='bbox 1109 4515 1378 4570; x_wconf 89' lang='lat' dir='ltr'>nubium.</span> <span class='ocrx_word' id='word_1_309' title='bbox 1411 4518 1483 4570; x_wconf 87' lang='lat' dir='ltr'>At.</span> <span class='ocrx_word' id='word_1_310' title='bbox 1514 4515 1754 4572; x_wconf 89' lang='lat' dir='ltr'>balones</span> <span class='ocrx_word' id='word_1_311' title='bbox 1785 4532 1886 4571; x_wconf 88' lang='lat' dir='ltr'>seu</span> <span class='ocrx_word' id='word_1_312' title='bbox 1921 4533 2010 4572; x_wconf 90' lang='lat' dir='ltr'>co-</span> 
     </span>
    </p>
   </div>
   <div class='ocr_carea' id='block_1_48' title="bbox 2115 573 3768 648">
    <p class='ocr_par' dir='ltr' id='par_1_48' title="bbox 2115 573 3768 648">
     <span class='ocr_line' id='line_1_48' title="bbox 2115 573 3768 648; baseline -0.004 -14"><span class='ocrx_word' id='word_1_313' title='bbox 2115 579 2306 634; x_wconf 87' lang='lat' dir='ltr'>canit:</span> <span class='ocrx_word' id='word_1_314' title='bbox 2343 578 2448 647; x_wconf 86' lang='lat' dir='ltr'>Qui</span> <span class='ocrx_word' id='word_1_315' title='bbox 2475 578 2704 648; x_wconf 72' lang='lat' dir='ltr'>despicit</span> <span class='ocrx_word' id='word_1_316' title='bbox 2733 580 2792 632; x_wconf 80' lang='lat' dir='ltr'>in</span> <span class='ocrx_word' id='word_1_317' title='bbox 2823 589 3050 647; x_wconf 79' lang='lat' dir='ltr'>terram,</span> <span class='ocrx_word' id='word_1_318' title='bbox 3086 581 3137 633; x_wconf 76' lang='lat' dir='ltr'>et</span> <span class='ocrx_word' id='word_1_319' title='bbox 3184 579 3422 632; x_wconf 75' lang='lat' dir='ltr'>concutit</span> <span class='ocrx_word' id='word_1_320' title='bbox 3462 592 3600 631; x_wconf 83' lang='lat' dir='ltr'>eam.</span> <span class='ocrx_word' id='word_1_321' title='bbox 3638 573 3768 629; x_wconf 90' lang='lat' dir='ltr'>Phi-</span> 
     </span>
    </p>
   </div>
   <div class='ocr_carea' id='block_1_49' title="bbox 2114 663 3766 740">
    <p class='ocr_par' dir='ltr' id='par_1_49' title="bbox 2114 663 3766 740">
     <span class='ocr_line' id='line_1_49' title="bbox 2114 663 3766 740; baseline -0.002 -18"><span class='ocrx_word' id='word_1_322' title='bbox 2114 668 2344 740; x_wconf 91' lang='lat' dir='ltr'>losophi</span> <span class='ocrx_word' id='word_1_323' title='bbox 2381 685 2514 724; x_wconf 90' lang='lat' dir='ltr'>vero</span> <span class='ocrx_word' id='word_1_324' title='bbox 2555 685 2791 724; x_wconf 89' lang='lat' dir='ltr'>causam</span> <span class='ocrx_word' id='word_1_325' title='bbox 2826 668 3057 723; x_wconf 88' lang='lat' dir='ltr'>illorum</span> <span class='ocrx_word' id='word_1_326' title='bbox 3101 685 3135 722; x_wconf 91' lang='lat' dir='ltr'>a</span> <span class='ocrx_word' id='word_1_327' title='bbox 3171 667 3360 722; x_wconf 90' lang='lat' dir='ltr'>ventis</span> <span class='ocrx_word' id='word_1_328' title='bbox 3400 670 3688 736; x_wconf 73' lang='lat' dir='ltr'>repetunt,</span> <span class='ocrx_word' id='word_1_329' title='bbox 3714 663 3766 719; x_wconf 91' lang='lat' dir='ltr'>si</span> 
     </span>
    </p>
   </div>
   <div class='ocr_carea' id='block_1_50' title="bbox 2118 757 3768 827">
    <p class='ocr_par' dir='ltr' id='par_1_50' title="bbox 2118 757 3768 827">
     <span class='ocr_line' id='line_1_50' title="bbox 2118 757 3768 827; baseline -0.001 -15"><span class='ocrx_word' id='word_1_330' title='bbox 2118 759 2263 813; x_wconf 89' lang='lat' dir='ltr'>forte</span> <span class='ocrx_word' id='word_1_331' title='bbox 2294 774 2424 812; x_wconf 91' lang='lat' dir='ltr'>cum</span> <span class='ocrx_word' id='word_1_332' title='bbox 2459 775 2489 814; x_wconf 93' lang='lat' dir='ltr'>e</span> <span class='ocrx_word' id='word_1_333' title='bbox 2519 762 2672 814; x_wconf 90' lang='lat' dir='ltr'>terra</span> <span class='ocrx_word' id='word_1_334' title='bbox 2739 775 2974 813; x_wconf 88' lang='lat' dir='ltr'>sursum</span> <span class='ocrx_word' id='word_1_335' title='bbox 3030 759 3314 824; x_wconf 83' lang='lat' dir='ltr'>feruntur,</span> <span class='ocrx_word' id='word_1_336' title='bbox 3348 757 3666 827; x_wconf 78' lang='lat' dir='ltr'>contingat,</span> <span class='ocrx_word' id='word_1_337' title='bbox 3703 759 3768 810; x_wconf 89' lang='lat' dir='ltr'>ut</span> 
     </span>
    </p>
   </div>
   <div class='ocr_carea' id='block_1_51' title="bbox 2117 846 3766 920">
    <p class='ocr_par' dir='ltr' id='par_1_51' title="bbox 2117 846 3766 920">
     <span class='ocr_line' id='line_1_51' title="bbox 2117 846 3766 920; baseline -0.001 -19"><span class='ocrx_word' id='word_1_338' title='bbox 2117 847 2291 903; x_wconf 88' lang='lat' dir='ltr'>ﬂatus</span> <span class='ocrx_word' id='word_1_339' title='bbox 2331 848 2546 920; x_wconf 89' lang='lat' dir='ltr'>aliquis</span> <span class='ocrx_word' id='word_1_340' title='bbox 2576 848 2734 903; x_wconf 90' lang='lat' dir='ltr'>velut</span> <span class='ocrx_word' id='word_1_341' title='bbox 2771 848 3092 902; x_wconf 78' lang='lat' dir='ltr'>extrinseca</span> <span class='ocrx_word' id='word_1_342' title='bbox 3133 851 3402 918; x_wconf 76' lang='lat' dir='ltr'>quaedam</span> <span class='ocrx_word' id='word_1_343' title='bbox 3451 846 3766 912; x_wconf 81' lang='lat' dir='ltr'>exhalatio,</span> 
     </span>
    </p>
   </div>
   <div class='ocr_carea' id='block_1_52' title="bbox 2117 937 3770 1006">
    <p class='ocr_par' dir='ltr' id='par_1_52' title="bbox 2117 937 3770 1006">
     <span class='ocr_line' id='line_1_52' title="bbox 2117 937 3770 1006; baseline -0.002 -13"><span class='ocrx_word' id='word_1_344' title='bbox 2117 938 2518 994; x_wconf 89' lang='lat' dir='ltr'>subterraneis</span> <span class='ocrx_word' id='word_1_345' title='bbox 2553 939 2768 994; x_wconf 90' lang='lat' dir='ltr'>reﬂans</span> <span class='ocrx_word' id='word_1_346' title='bbox 2800 953 2926 994; x_wconf 90' lang='lat' dir='ltr'>sese</span> <span class='ocrx_word' id='word_1_347' title='bbox 2968 937 3260 992; x_wconf 86' lang='lat' dir='ltr'>meatibus</span> <span class='ocrx_word' id='word_1_348' title='bbox 3321 937 3617 992; x_wconf 88' lang='lat' dir='ltr'>insinuet:</span> <span class='ocrx_word' id='word_1_349' title='bbox 3651 951 3770 1006; x_wconf 90' lang='lat' dir='ltr'>qua</span> 
     </span>
    </p>
   </div>
   <div class='ocr_carea' id='block_1_53' title="bbox 2118 1028 3771 1099">
    <p class='ocr_par' dir='ltr' id='par_1_53' title="bbox 2118 1028 3771 1099">
     <span class='ocr_line' id='line_1_53' title="bbox 2118 1028 3771 1099; baseline -0.002 -16"><span class='ocrx_word' id='word_1_350' title='bbox 2118 1028 2292 1083; x_wconf 90' lang='lat' dir='ltr'>etiam</span> <span class='ocrx_word' id='word_1_351' title='bbox 2327 1029 2397 1083; x_wconf 92' lang='lat' dir='ltr'>de</span> <span class='ocrx_word' id='word_1_352' title='bbox 2427 1044 2607 1083; x_wconf 90' lang='lat' dir='ltr'>causa</span> <span class='ocrx_word' id='word_1_353' title='bbox 2639 1045 2844 1083; x_wconf 88' lang='lat' dir='ltr'>serena</span> <span class='ocrx_word' id='word_1_354' title='bbox 2877 1031 3223 1099; x_wconf 87' lang='lat' dir='ltr'>tempestate</span> <span class='ocrx_word' id='word_1_355' title='bbox 3244 1032 3412 1081; x_wconf 65' lang='lat' dir='ltr'>terrae</span> <span class='ocrx_word' id='word_1_356' title='bbox 3437 1031 3634 1080; x_wconf 89' lang='lat' dir='ltr'>motus</span> <span class='ocrx_word' id='word_1_357' title='bbox 3675 1041 3771 1079; x_wconf 85' lang='lat' dir='ltr'>ac-</span> 
     </span>
    </p>
   </div>
   <div class='ocr_carea' id='block_1_54' title="bbox 2117 1116 3772 1191">
    <p class='ocr_par' dir='ltr' id='par_1_54' title="bbox 2117 1116 3772 1191">
     <span class='ocr_line' id='line_1_54' title="bbox 2117 1116 3772 1191; baseline -0.002 -17"><span class='ocrx_word' id='word_1_358' title='bbox 2117 1119 2329 1189; x_wconf 89' lang='lat' dir='ltr'>cidere,</span> <span class='ocrx_word' id='word_1_359' title='bbox 2361 1136 2541 1191; x_wconf 82' lang='lat' dir='ltr'>eaque</span> <span class='ocrx_word' id='word_1_360' title='bbox 2573 1120 2714 1175; x_wconf 87' lang='lat' dir='ltr'>adeo</span> <span class='ocrx_word' id='word_1_361' title='bbox 2756 1119 3117 1190; x_wconf 84' lang='lat' dir='ltr'>frequentius</span> <span class='ocrx_word' id='word_1_362' title='bbox 3173 1116 3300 1172; x_wconf 91' lang='lat' dir='ltr'>loca</span> <span class='ocrx_word' id='word_1_363' title='bbox 3345 1117 3618 1171; x_wconf 79' lang='lat' dir='ltr'>infestare</span> <span class='ocrx_word' id='word_1_364' title='bbox 3673 1133 3772 1171; x_wconf 87' lang='lat' dir='ltr'>so-</span> 
     </span>
    </p>
   </div>
   <div class='ocr_carea' id='block_1_55' title="bbox 2117 1205 3770 1280">
    <p class='ocr_par' dir='ltr' id='par_1_55' title="bbox 2117 1205 3770 1280">
     <span class='ocr_line' id='line_1_55' title="bbox 2117 1205 3770 1280; baseline -0.001 -18"><span class='ocrx_word' id='word_1_365' title='bbox 2117 1208 2259 1272; x_wconf 88' lang='lat' dir='ltr'>lent,</span> <span class='ocrx_word' id='word_1_366' title='bbox 2293 1208 2349 1264; x_wconf 91' lang='lat' dir='ltr'>in</span> <span class='ocrx_word' id='word_1_367' title='bbox 2405 1209 2621 1280; x_wconf 90' lang='lat' dir='ltr'>quibus</span> <span class='ocrx_word' id='word_1_368' title='bbox 2697 1225 2854 1263; x_wconf 83' lang='lat' dir='ltr'>mare</span> <span class='ocrx_word' id='word_1_369' title='bbox 2922 1207 3184 1279; x_wconf 90' lang='lat' dir='ltr'>rapidius</span> <span class='ocrx_word' id='word_1_370' title='bbox 3261 1205 3413 1272; x_wconf 90' lang='lat' dir='ltr'>ﬂuit,</span> <span class='ocrx_word' id='word_1_371' title='bbox 3481 1205 3770 1275; x_wconf 81' lang='lat' dir='ltr'>tellusque</span> 
     </span>
    </p>
   </div>
   <div class='ocr_carea' id='block_1_56' title="bbox 2119 1292 3767 1353">
    <p class='ocr_par' dir='ltr' id='par_1_56' title="bbox 2119 1292 3767 1353">
     <span class='ocr_line' id='line_1_56' title="bbox 2119 1292 3767 1353; baseline -0.001 -1"><span class='ocrx_word' id='word_1_372' title='bbox 2119 1297 2312 1352; x_wconf 89' lang='lat' dir='ltr'>mollis</span> <span class='ocrx_word' id='word_1_373' title='bbox 2379 1306 2432 1353; x_wconf 87' lang='lat' dir='ltr'>et</span> <span class='ocrx_word' id='word_1_374' title='bbox 2490 1297 2621 1353; x_wconf 83' lang='lat' dir='ltr'>laxa</span> <span class='ocrx_word' id='word_1_375' title='bbox 2705 1297 2968 1352; x_wconf 87' lang='lat' dir='ltr'>cavernis</span> <span class='ocrx_word' id='word_1_376' title='bbox 3057 1303 3114 1352; x_wconf 87' lang='lat' dir='ltr'>et</span> <span class='ocrx_word' id='word_1_377' title='bbox 3198 1292 3484 1351; x_wconf 88' lang='lat' dir='ltr'>cuniculis</span> <span class='ocrx_word' id='word_1_378' title='bbox 3563 1297 3767 1350; x_wconf 87' lang='lat' dir='ltr'>scatet.</span> 
     </span>
    </p>
   </div>
   <div class='ocr_carea' id='block_1_57' title="bbox 2120 1382 3773 1457">
    <p class='ocr_par' dir='ltr' id='par_1_57' title="bbox 2120 1382 3773 1457">
     <span class='ocr_line' id='line_1_57' title="bbox 2120 1382 3773 1457; baseline -0.004 -16"><span class='ocrx_word' id='word_1_379' title='bbox 2120 1391 2296 1442; x_wconf 88' lang='lat' dir='ltr'>Porro</span> <span class='ocrx_word' id='word_1_380' title='bbox 2329 1386 2508 1442; x_wconf 90' lang='lat' dir='ltr'>solem</span> <span class='ocrx_word' id='word_1_381' title='bbox 2553 1389 2746 1457; x_wconf 92' lang='lat' dir='ltr'>ipsum</span> <span class='ocrx_word' id='word_1_382' title='bbox 2790 1391 3162 1442; x_wconf 65' lang='lat' dir='ltr'>terrmmotus</span> <span class='ocrx_word' id='word_1_383' title='bbox 3204 1393 3457 1454; x_wconf 85' lang='lat' dir='ltr'>tempore</span> <span class='ocrx_word' id='word_1_384' title='bbox 3524 1382 3773 1437; x_wconf 83' lang='lat' dir='ltr'>tenebri-</span> 
     </span>
    </p>
   </div>
   <div class='ocr_carea' id='block_1_58' title="bbox 2116 1470 3771 1544">
    <p class='ocr_par' dir='ltr' id='par_1_58' title="bbox 2116 1470 3771 1544">
     <span class='ocr_line' id='line_1_58' title="bbox 2116 1470 3771 1544; baseline -0.004 -13"><span class='ocrx_word' id='word_1_385' title='bbox 2116 1493 2318 1531; x_wconf 91' lang='lat' dir='ltr'>cosum</span> <span class='ocrx_word' id='word_1_386' title='bbox 2342 1481 2399 1531; x_wconf 89' lang='lat' dir='ltr'>et</span> <span class='ocrx_word' id='word_1_387' title='bbox 2429 1478 2750 1532; x_wconf 91' lang='lat' dir='ltr'>obscurum</span> <span class='ocrx_word' id='word_1_388' title='bbox 2808 1493 2938 1531; x_wconf 87' lang='lat' dir='ltr'>esse</span> <span class='ocrx_word' id='word_1_389' title='bbox 3004 1476 3339 1530; x_wconf 88' lang='lat' dir='ltr'>afﬁrmant:</span> <span class='ocrx_word' id='word_1_390' title='bbox 3403 1471 3542 1544; x_wconf 90' lang='lat' dir='ltr'>quia</span> <span class='ocrx_word' id='word_1_391' title='bbox 3600 1470 3771 1525; x_wconf 89' lang='lat' dir='ltr'>nimi-</span> 
     </span>
    </p>
   </div>
   <div class='ocr_carea' id='block_1_59' title="bbox 2119 1560 3765 1620">
    <p class='ocr_par' dir='ltr' id='par_1_59' title="bbox 2119 1560 3765 1620">
     <span class='ocr_line' id='line_1_59' title="bbox 2119 1560 3765 1620; baseline -0.005 0"><span class='ocrx_word' id='word_1_392' title='bbox 2119 1583 2248 1620; x_wconf 90' lang='lat' dir='ltr'>rum</span> <span class='ocrx_word' id='word_1_393' title='bbox 2280 1571 2581 1620; x_wconf 89' lang='lat' dir='ltr'>ventorum</span> <span class='ocrx_word' id='word_1_394' title='bbox 2617 1572 2757 1620; x_wconf 91' lang='lat' dir='ltr'>tunc</span> <span class='ocrx_word' id='word_1_395' title='bbox 2799 1565 2856 1619; x_wconf 90' lang='lat' dir='ltr'>in</span> <span class='ocrx_word' id='word_1_396' title='bbox 2891 1571 3108 1619; x_wconf 90' lang='lat' dir='ltr'>terram</span> <span class='ocrx_word' id='word_1_397' title='bbox 3152 1578 3410 1618; x_wconf 89' lang='lat' dir='ltr'>remeare</span> <span class='ocrx_word' id='word_1_398' title='bbox 3468 1561 3640 1616; x_wconf 85' lang='lat' dir='ltr'>ﬂatus</span> <span class='ocrx_word' id='word_1_399' title='bbox 3678 1560 3765 1613; x_wconf 90' lang='lat' dir='ltr'>in-</span> 
     </span>
    </p>
   </div>
   <div class='ocr_carea' id='block_1_60' title="bbox 2118 1648 3771 1726">
    <p class='ocr_par' dir='ltr' id='par_1_60' title="bbox 2118 1648 3771 1726">
     <span class='ocr_line' id='line_1_60' title="bbox 2118 1648 3771 1726; baseline -0.005 -16"><span class='ocrx_word' id='word_1_400' title='bbox 2118 1655 2280 1726; x_wconf 79' lang='lat' dir='ltr'>cipit,</span> <span class='ocrx_word' id='word_1_401' title='bbox 2321 1671 2353 1709; x_wconf 90' lang='lat' dir='ltr'>a</span> <span class='ocrx_word' id='word_1_402' title='bbox 2387 1671 2501 1726; x_wconf 89' lang='lat' dir='ltr'>quo</span> <span class='ocrx_word' id='word_1_403' title='bbox 2526 1653 2801 1725; x_wconf 88' lang='lat' dir='ltr'>liquidior</span> <span class='ocrx_word' id='word_1_404' title='bbox 2839 1671 2932 1710; x_wconf 88' lang='lat' dir='ltr'>aer</span> <span class='ocrx_word' id='word_1_405' title='bbox 2974 1653 3209 1708; x_wconf 78' lang='lat' dir='ltr'>interim</span> <span class='ocrx_word' id='word_1_406' title='bbox 3239 1658 3309 1724; x_wconf 66' lang='lat' dir='ltr'>et</span> <span class='ocrx_word' id='word_1_407' title='bbox 3361 1650 3621 1708; x_wconf 88' lang='lat' dir='ltr'>serenior</span> <span class='ocrx_word' id='word_1_408' title='bbox 3652 1648 3771 1704; x_wconf 86' lang='lat' dir='ltr'>elﬁ-</span> 
     </span>
    </p>
   </div>
   <div class='ocr_carea' id='block_1_61' title="bbox 2119 1745 2286 1800">
    <p class='ocr_par' dir='ltr' id='par_1_61' title="bbox 2119 1745 2286 1800">
     <span class='ocr_line' id='line_1_61' title="bbox 2119 1745 2286 1800; baseline -0.006 -1"><span class='ocrx_word' id='word_1_409' title='bbox 2119 1745 2286 1800; x_wconf 89' lang='lat' dir='ltr'>citur.</span> 
     </span>
    </p>
   </div>
   <div class='ocr_carea' id='block_1_62' title="bbox 2733 1858 3151 1916">
    <p class='ocr_par' dir='ltr' id='par_1_62' title="bbox 2733 1858 3151 1916">
     <span class='ocr_line' id='line_1_62' title="bbox 2733 1858 3151 1916; baseline -0.01 0"><span class='ocrx_word' id='word_1_410' title='bbox 2733 1859 2886 1916; x_wconf 85' lang='lat' dir='ltr'>CAP.</span> <span class='ocrx_word' id='word_1_411' title='bbox 2926 1858 3151 1914; x_wconf 80' lang='lat' dir='ltr'>XXVII.</span> 
     </span>
    </p>
   </div>
   <div class='ocr_carea' id='block_1_63' title="bbox 2799 1987 3091 2042">
    <p class='ocr_par' dir='ltr' id='par_1_63' title="bbox 2799 1987 3091 2042">
     <span class='ocr_line' id='line_1_63' title="bbox 2799 1987 3091 2042; baseline 0.003 -1"><span class='ocrx_word' id='word_1_412' title='bbox 2799 1988 2870 2042; x_wconf 77' lang='lat' dir='ltr'>De</span> <span class='ocrx_word' id='word_1_413' title='bbox 2899 1987 3091 2042; x_wconf 76' lang='lat' dir='ltr'>ventis.</span> 
     </span>
    </p>
   </div>
   <div class='ocr_carea' id='block_1_64' title="bbox 2190 2099 3769 2170">
    <p class='ocr_par' dir='ltr' id='par_1_64' title="bbox 2190 2099 3769 2170">
     <span class='ocr_line' id='line_1_64' title="bbox 2190 2099 3769 2170; baseline -0.001 -14"><span class='ocrx_word' id='word_1_414' title='bbox 2190 2103 2707 2159; x_wconf 86' lang='lat' dir='ltr'>Verumenimvero</span> <span class='ocrx_word' id='word_1_415' title='bbox 2730 2103 2800 2158; x_wconf 91' lang='lat' dir='ltr'>de</span> <span class='ocrx_word' id='word_1_416' title='bbox 2821 2102 3010 2158; x_wconf 90' lang='lat' dir='ltr'>ventis</span> <span class='ocrx_word' id='word_1_417' title='bbox 3049 2101 3205 2157; x_wconf 90' lang='lat' dir='ltr'>idem</span> <span class='ocrx_word' id='word_1_418' title='bbox 3240 2117 3468 2170; x_wconf 78' lang='lat' dir='ltr'>quoque</span> <span class='ocrx_word' id='word_1_419' title='bbox 3519 2099 3769 2154; x_wconf 86' lang='lat' dir='ltr'>Davides</span> 
     </span>
    </p>
   </div>
   <div class='ocr_carea' id='block_1_65' title="bbox 2119 2187 3770 2260">
    <p class='ocr_par' dir='ltr' id='par_1_65' title="bbox 2119 2187 3770 2260">
     <span class='ocr_line' id='line_1_65' title="bbox 2119 2187 3770 2260; baseline -0.004 -13"><span class='ocrx_word' id='word_1_420' title='bbox 2119 2191 2198 2247; x_wconf 86' lang='lat' dir='ltr'>ila</span> <span class='ocrx_word' id='word_1_421' title='bbox 2219 2194 2409 2247; x_wconf 89' lang='lat' dir='ltr'>canit:</span> <span class='ocrx_word' id='word_1_422' title='bbox 2435 2193 2539 2260; x_wconf 83' lang='lat' dir='ltr'>Qui</span> <span class='ocrx_word' id='word_1_423' title='bbox 2565 2191 2748 2247; x_wconf 78' lang='lat' dir='ltr'>educit</span> <span class='ocrx_word' id='word_1_424' title='bbox 2777 2196 2964 2246; x_wconf 74' lang='lat' dir='ltr'>vento:</span> <span class='ocrx_word' id='word_1_425' title='bbox 2986 2191 3050 2246; x_wconf 85' lang='lat' dir='ltr'>de</span> <span class='ocrx_word' id='word_1_426' title='bbox 3082 2189 3364 2245; x_wconf 80' lang='lat' dir='ltr'>thesauris</span> <span class='ocrx_word' id='word_1_427' title='bbox 3395 2190 3530 2244; x_wconf 74' lang='lat' dir='ltr'>suis.</span> <span class='ocrx_word' id='word_1_428' title='bbox 3587 2187 3770 2242; x_wconf 87' lang='lat' dir='ltr'>Prisci</span> 
     </span>
    </p>
   </div>
   <div class='ocr_carea' id='block_1_66' title="bbox 2120 2279 3771 2352">
    <p class='ocr_par' dir='ltr' id='par_1_66' title="bbox 2120 2279 3771 2352">
     <span class='ocr_line' id='line_1_66' title="bbox 2120 2279 3771 2352; baseline -0.002 -18"><span class='ocrx_word' id='word_1_429' title='bbox 2120 2297 2248 2337; x_wconf 89' lang='lat' dir='ltr'>vero</span> <span class='ocrx_word' id='word_1_430' title='bbox 2291 2281 2621 2352; x_wconf 91' lang='lat' dir='ltr'>philosophi</span> <span class='ocrx_word' id='word_1_431' title='bbox 2656 2288 2856 2337; x_wconf 78' lang='lat' dir='ltr'>ventos</span> <span class='ocrx_word' id='word_1_432' title='bbox 2899 2280 2952 2335; x_wconf 92' lang='lat' dir='ltr'>in</span> <span class='ocrx_word' id='word_1_433' title='bbox 2985 2279 3318 2336; x_wconf 89' lang='lat' dir='ltr'>universum</span> <span class='ocrx_word' id='word_1_434' title='bbox 3355 2287 3601 2350; x_wconf 88' lang='lat' dir='ltr'>quatuor</span> <span class='ocrx_word' id='word_1_435' title='bbox 3643 2293 3771 2332; x_wconf 84' lang='lat' dir='ltr'>esse</span> 
     </span>
    </p>
   </div>
   <div class='ocr_carea' id='block_1_67' title="bbox 2119 2367 3770 2442">
    <p class='ocr_par' dir='ltr' id='par_1_67' title="bbox 2119 2367 3770 2442">
     <span class='ocr_line' id='line_1_67' title="bbox 2119 2367 3770 2442; baseline -0.002 -18"><span class='ocrx_word' id='word_1_436' title='bbox 2119 2371 2436 2438; x_wconf 85' lang='lat' dir='ltr'>afﬁrmant,</span> <span class='ocrx_word' id='word_1_437' title='bbox 2478 2371 2900 2438; x_wconf 85' lang='lat' dir='ltr'>Subsolanum,</span> <span class='ocrx_word' id='word_1_438' title='bbox 2933 2370 3282 2442; x_wconf 81' lang='lat' dir='ltr'>Zephyrum,</span> <span class='ocrx_word' id='word_1_439' title='bbox 3315 2369 3551 2432; x_wconf 91' lang='lat' dir='ltr'>Notum,</span> <span class='ocrx_word' id='word_1_440' title='bbox 3585 2375 3636 2422; x_wconf 90' lang='lat' dir='ltr'>et</span> <span class='ocrx_word' id='word_1_441' title='bbox 3657 2367 3770 2422; x_wconf 84' lang='lat' dir='ltr'>Bo-</span> 
     </span>
    </p>
   </div>
   <div class='ocr_carea' id='block_1_68' title="bbox 2119 2455 3771 2531">
    <p class='ocr_par' dir='ltr' id='par_1_68' title="bbox 2119 2455 3771 2531">
     <span class='ocr_line' id='line_1_68' title="bbox 2119 2455 3771 2531; baseline -0.002 -17"><span class='ocrx_word' id='word_1_442' title='bbox 2119 2477 2301 2528; x_wconf 86' lang='lat' dir='ltr'>ream,</span> <span class='ocrx_word' id='word_1_443' title='bbox 2337 2477 2580 2531; x_wconf 89' lang='lat' dir='ltr'>quorum</span> <span class='ocrx_word' id='word_1_444' title='bbox 2621 2459 2990 2516; x_wconf 80' lang='lat' dir='ltr'>Subsolanus</span> <span class='ocrx_word' id='word_1_445' title='bbox 3055 2463 3112 2513; x_wconf 90' lang='lat' dir='ltr'>et</span> <span class='ocrx_word' id='word_1_446' title='bbox 3169 2457 3466 2529; x_wconf 86' lang='lat' dir='ltr'>Zephyrus</span> <span class='ocrx_word' id='word_1_447' title='bbox 3535 2472 3649 2511; x_wconf 87' lang='lat' dir='ltr'>non</span> <span class='ocrx_word' id='word_1_448' title='bbox 3691 2455 3771 2511; x_wconf 90' lang='lat' dir='ltr'>ita</span> 
     </span>
    </p>
   </div>
   <div class='ocr_carea' id='block_1_69' title="bbox 2117 2545 3772 2615">
    <p class='ocr_par' dir='ltr' id='par_1_69' title="bbox 2117 2545 3772 2615">
     <span class='ocr_line' id='line_1_69' title="bbox 2117 2545 3772 2615; baseline -0.003 -11"><span class='ocrx_word' id='word_1_449' title='bbox 2117 2550 2491 2605; x_wconf 75' lang='lat' dir='ltr'>vehementes</span> <span class='ocrx_word' id='word_1_450' title='bbox 2523 2551 2665 2615; x_wconf 90' lang='lat' dir='ltr'>sint,</span> <span class='ocrx_word' id='word_1_451' title='bbox 2700 2549 2886 2607; x_wconf 84' lang='lat' dir='ltr'>Notus</span> <span class='ocrx_word' id='word_1_452' title='bbox 2926 2565 3056 2604; x_wconf 91' lang='lat' dir='ltr'>vero</span> <span class='ocrx_word' id='word_1_453' title='bbox 3099 2553 3156 2602; x_wconf 88' lang='lat' dir='ltr'>et</span> <span class='ocrx_word' id='word_1_454' title='bbox 3213 2547 3424 2602; x_wconf 91' lang='lat' dir='ltr'>Boreas</span> <span class='ocrx_word' id='word_1_455' title='bbox 3465 2545 3772 2601; x_wconf 80' lang='lat' dir='ltr'>infestissi-</span> 
     </span>
    </p>
   </div>
   <div class='ocr_carea' id='block_1_70' title="bbox 2120 2632 3770 2711">
    <p class='ocr_par' dir='ltr' id='par_1_70' title="bbox 2120 2632 3770 2711">
     <span class='ocr_line' id='line_1_70' title="bbox 2120 2632 3770 2711; baseline -0.003 -19"><span class='ocrx_word' id='word_1_456' title='bbox 2120 2655 2275 2693; x_wconf 88' lang='lat' dir='ltr'>mam</span> <span class='ocrx_word' id='word_1_457' title='bbox 2309 2639 2679 2711; x_wconf 69' lang='lat' dir='ltr'>tyrannidem</span> <span class='ocrx_word' id='word_1_458' title='bbox 2711 2642 3036 2692; x_wconf 84' lang='lat' dir='ltr'>exerceant.</span> <span class='ocrx_word' id='word_1_459' title='bbox 3071 2638 3204 2700; x_wconf 79' lang='lat' dir='ltr'>Quae</span> <span class='ocrx_word' id='word_1_460' title='bbox 3236 2651 3339 2690; x_wconf 89' lang='lat' dir='ltr'>cur</span> <span class='ocrx_word' id='word_1_461' title='bbox 3367 2634 3534 2698; x_wconf 87' lang='lat' dir='ltr'>ﬁant,</span> <span class='ocrx_word' id='word_1_462' title='bbox 3559 2632 3647 2687; x_wconf 88' lang='lat' dir='ltr'>his</span> <span class='ocrx_word' id='word_1_463' title='bbox 3679 2649 3770 2687; x_wconf 81' lang='lat' dir='ltr'>ra-</span> 
     </span>
    </p>
   </div>
   <div class='ocr_carea' id='block_1_71' title="bbox 2118 2722 3775 2798">
    <p class='ocr_par' dir='ltr' id='par_1_71' title="bbox 2118 2722 3775 2798">
     <span class='ocr_line' id='line_1_71' title="bbox 2118 2722 3775 2798; baseline -0.003 -16"><span class='ocrx_word' id='word_1_464' title='bbox 2118 2729 2380 2785; x_wconf 89' lang='lat' dir='ltr'>tionibus</span> <span class='ocrx_word' id='word_1_465' title='bbox 2412 2729 2770 2796; x_wconf 89' lang='lat' dir='ltr'>innituntur,</span> <span class='ocrx_word' id='word_1_466' title='bbox 2820 2729 2972 2798; x_wconf 86' lang='lat' dir='ltr'>quod</span> <span class='ocrx_word' id='word_1_467' title='bbox 3026 2726 3112 2782; x_wconf 88' lang='lat' dir='ltr'>sol</span> <span class='ocrx_word' id='word_1_468' title='bbox 3168 2741 3274 2781; x_wconf 91' lang='lat' dir='ltr'>nec</span> <span class='ocrx_word' id='word_1_469' title='bbox 3343 2722 3630 2779; x_wconf 78' lang='lat' dir='ltr'>australes</span> <span class='ocrx_word' id='word_1_470' title='bbox 3671 2739 3775 2778; x_wconf 90' lang='lat' dir='ltr'>nec</span> 
     </span>
    </p>
   </div>
   <div class='ocr_carea' id='block_1_72' title="bbox 2120 2814 3773 2891">
    <p class='ocr_par' dir='ltr' id='par_1_72' title="bbox 2120 2814 3773 2891">
     <span class='ocr_line' id='line_1_72' title="bbox 2120 2814 3773 2891; baseline -0.005 -16"><span class='ocrx_word' id='word_1_471' title='bbox 2120 2817 2608 2891; x_wconf 85' lang='lat' dir='ltr'>septentrionales</span> <span class='ocrx_word' id='word_1_472' title='bbox 2635 2818 2838 2888; x_wconf 80' lang='lat' dir='ltr'>plagas</span> <span class='ocrx_word' id='word_1_473' title='bbox 2877 2815 3210 2872; x_wconf 86' lang='lat' dir='ltr'>calefaciat:</span> <span class='ocrx_word' id='word_1_474' title='bbox 3245 2814 3384 2885; x_wconf 88' lang='lat' dir='ltr'>quia</span> <span class='ocrx_word' id='word_1_475' title='bbox 3407 2829 3512 2868; x_wconf 87' lang='lat' dir='ltr'>nec</span> <span class='ocrx_word' id='word_1_476' title='bbox 3553 2814 3610 2868; x_wconf 92' lang='lat' dir='ltr'>in</span> <span class='ocrx_word' id='word_1_477' title='bbox 3643 2829 3773 2868; x_wconf 81' lang='lat' dir='ltr'>arc-</span> 
     </span>
    </p>
   </div>
   <div class='ocr_carea' id='block_1_73' title="bbox 2120 2901 3776 2977">
    <p class='ocr_par' dir='ltr' id='par_1_73' title="bbox 2120 2901 3776 2977">
     <span class='ocr_line' id='line_1_73' title="bbox 2120 2901 3776 2977; baseline -0.005 -13"><span class='ocrx_word' id='word_1_478' title='bbox 2120 2909 2235 2964; x_wconf 90' lang='lat' dir='ltr'>tico</span> <span class='ocrx_word' id='word_1_479' title='bbox 2270 2923 2376 2964; x_wconf 91' lang='lat' dir='ltr'>nec</span> <span class='ocrx_word' id='word_1_480' title='bbox 2418 2908 2474 2960; x_wconf 91' lang='lat' dir='ltr'>in</span> <span class='ocrx_word' id='word_1_481' title='bbox 2509 2905 2828 2962; x_wconf 85' lang='lat' dir='ltr'>antarctico</span> <span class='ocrx_word' id='word_1_482' title='bbox 2860 2905 2991 2977; x_wconf 91' lang='lat' dir='ltr'>polo</span> <span class='ocrx_word' id='word_1_483' title='bbox 3024 2921 3256 2975; x_wconf 88' lang='lat' dir='ltr'>semper</span> <span class='ocrx_word' id='word_1_484' title='bbox 3303 2909 3569 2958; x_wconf 86' lang='lat' dir='ltr'>versatur</span> <span class='ocrx_word' id='word_1_485' title='bbox 3600 2901 3776 2970; x_wconf 91' lang='lat' dir='ltr'>(unde</span> 
     </span>
    </p>
   </div>
   <div class='ocr_carea' id='block_1_74' title="bbox 2121 2993 3774 3072">
    <p class='ocr_par' dir='ltr' id='par_1_74' title="bbox 2121 2993 3774 3072">
     <span class='ocr_line' id='line_1_74' title="bbox 2121 2993 3774 3072; baseline -0.004 -17"><span class='ocrx_word' id='word_1_486' title='bbox 2121 3001 2206 3068; x_wconf 88' lang='lat' dir='ltr'>ﬁt,</span> <span class='ocrx_word' id='word_1_487' title='bbox 2244 3005 2308 3055; x_wconf 92' lang='lat' dir='ltr'>ut</span> <span class='ocrx_word' id='word_1_488' title='bbox 2335 3000 2557 3072; x_wconf 66' lang='lat' dir='ltr'>frigidae</span> <span class='ocrx_word' id='word_1_489' title='bbox 2589 3016 2658 3055; x_wconf 87' lang='lat' dir='ltr'>ex</span> <span class='ocrx_word' id='word_1_490' title='bbox 2694 3015 2860 3070; x_wconf 84' lang='lat' dir='ltr'>aequo</span> <span class='ocrx_word' id='word_1_491' title='bbox 2895 3004 2951 3053; x_wconf 90' lang='lat' dir='ltr'>et</span> <span class='ocrx_word' id='word_1_492' title='bbox 2983 2997 3237 3052; x_wconf 67' lang='lat' dir='ltr'>humidae</span> <span class='ocrx_word' id='word_1_493' title='bbox 3278 2997 3418 3059; x_wconf 89' lang='lat' dir='ltr'>sint,</span> <span class='ocrx_word' id='word_1_494' title='bbox 3455 2993 3774 3063; x_wconf 81' lang='lat' dir='ltr'>multisque</span> 
     </span>
    </p>
   </div>
   <div class='ocr_carea' id='block_1_75' title="bbox 2121 3085 3774 3156">
    <p class='ocr_par' dir='ltr' id='par_1_75' title="bbox 2121 3085 3774 3156">
     <span class='ocr_line' id='line_1_75' title="bbox 2121 3085 3774 3156; baseline -0.007 -8"><span class='ocrx_word' id='word_1_495' title='bbox 2121 3092 2262 3148; x_wconf 90' lang='lat' dir='ltr'>adeo</span> <span class='ocrx_word' id='word_1_496' title='bbox 2305 3089 2593 3145; x_wconf 90' lang='lat' dir='ltr'>imbribus</span> <span class='ocrx_word' id='word_1_497' title='bbox 2654 3089 2906 3145; x_wconf 86' lang='lat' dir='ltr'>indicem</span> <span class='ocrx_word' id='word_1_498' title='bbox 2975 3087 3214 3156; x_wconf 85' lang='lat' dir='ltr'>exortis,</span> <span class='ocrx_word' id='word_1_499' title='bbox 3258 3085 3480 3140; x_wconf 90' lang='lat' dir='ltr'>multus</span> <span class='ocrx_word' id='word_1_500' title='bbox 3540 3098 3774 3155; x_wconf 88' lang='lat' dir='ltr'>quoque</span> 
     </span>
    </p>
   </div>
   <div class='ocr_carea' id='block_1_76' title="bbox 2119 3175 3772 3256">
    <p class='ocr_par' dir='ltr' id='par_1_76' title="bbox 2119 3175 3772 3256">
     <span class='ocr_line' id='line_1_76' title="bbox 2119 3175 3772 3256; baseline -0.006 -16"><span class='ocrx_word' id='word_1_501' title='bbox 2119 3200 2318 3256; x_wconf 84' lang='lat' dir='ltr'>vapor,</span> <span class='ocrx_word' id='word_1_502' title='bbox 2352 3182 2521 3254; x_wconf 86' lang='lat' dir='ltr'>isque</span> <span class='ocrx_word' id='word_1_503' title='bbox 2589 3181 2852 3236; x_wconf 84' lang='lat' dir='ltr'>fumosus</span> <span class='ocrx_word' id='word_1_504' title='bbox 2907 3182 3343 3250; x_wconf 85' lang='lat' dir='ltr'>consequatur:</span> <span class='ocrx_word' id='word_1_505' title='bbox 3413 3194 3540 3248; x_wconf 82' lang='lat' dir='ltr'>quae</span> <span class='ocrx_word' id='word_1_506' title='bbox 3584 3193 3674 3231; x_wconf 89' lang='lat' dir='ltr'>res</span> <span class='ocrx_word' id='word_1_507' title='bbox 3713 3175 3772 3230; x_wconf 93' lang='lat' dir='ltr'>in</span> 
     </span>
    </p>
   </div>
   <div class='ocr_carea' id='block_1_77' title="bbox 2121 3265 3776 3340">
    <p class='ocr_par' dir='ltr' id='par_1_77' title="bbox 2121 3265 3776 3340">
     <span class='ocr_line' id='line_1_77' title="bbox 2121 3265 3776 3340; baseline -0.006 -10"><span class='ocrx_word' id='word_1_508' title='bbox 2121 3292 2299 3331; x_wconf 87' lang='lat' dir='ltr'>causa</span> <span class='ocrx_word' id='word_1_509' title='bbox 2326 3278 2436 3339; x_wconf 88' lang='lat' dir='ltr'>est,</span> <span class='ocrx_word' id='word_1_510' title='bbox 2473 3277 2535 3326; x_wconf 89' lang='lat' dir='ltr'>ut</span> <span class='ocrx_word' id='word_1_511' title='bbox 2570 3273 2778 3327; x_wconf 89' lang='lat' dir='ltr'>Boreas</span> <span class='ocrx_word' id='word_1_512' title='bbox 2809 3276 2866 3326; x_wconf 89' lang='lat' dir='ltr'>et</span> <span class='ocrx_word' id='word_1_513' title='bbox 2897 3273 3077 3325; x_wconf 90' lang='lat' dir='ltr'>Notus</span> <span class='ocrx_word' id='word_1_514' title='bbox 3127 3274 3246 3324; x_wconf 88' lang='lat' dir='ltr'>tam</span> <span class='ocrx_word' id='word_1_515' title='bbox 3298 3267 3642 3340; x_wconf 83' lang='lat' dir='ltr'>impetuosis</span> <span class='ocrx_word' id='word_1_516' title='bbox 3676 3265 3776 3321; x_wconf 87' lang='lat' dir='ltr'>ﬂa-</span> 
     </span>
    </p>
   </div>
   <div class='ocr_carea' id='block_1_78' title="bbox 2118 3355 3771 3432">
    <p class='ocr_par' dir='ltr' id='par_1_78' title="bbox 2118 3355 3771 3432">
     <span class='ocr_line' id='line_1_78' title="bbox 2118 3355 3771 3432; baseline -0.007 -11"><span class='ocrx_word' id='word_1_517' title='bbox 2118 3365 2276 3421; x_wconf 93' lang='lat' dir='ltr'>tibus</span> <span class='ocrx_word' id='word_1_518' title='bbox 2311 3363 2612 3432; x_wconf 88' lang='lat' dir='ltr'>ferantur).</span> <span class='ocrx_word' id='word_1_519' title='bbox 2647 3362 2862 3418; x_wconf 89' lang='lat' dir='ltr'>Contra</span> <span class='ocrx_word' id='word_1_520' title='bbox 2909 3376 3043 3416; x_wconf 89' lang='lat' dir='ltr'>vero</span> <span class='ocrx_word' id='word_1_521' title='bbox 3113 3375 3246 3413; x_wconf 90' lang='lat' dir='ltr'>cum</span> <span class='ocrx_word' id='word_1_522' title='bbox 3312 3357 3371 3412; x_wconf 90' lang='lat' dir='ltr'>in</span> <span class='ocrx_word' id='word_1_523' title='bbox 3416 3355 3771 3429; x_wconf 87' lang='lat' dir='ltr'>regionibus,</span> 
     </span>
    </p>
   </div>
   <div class='ocr_carea' id='block_1_79' title="bbox 2119 3449 3772 3526">
    <p class='ocr_par' dir='ltr' id='par_1_79' title="bbox 2119 3449 3772 3526">
     <span class='ocr_line' id='line_1_79' title="bbox 2119 3449 3772 3526; baseline -0.005 -16"><span class='ocrx_word' id='word_1_524' title='bbox 2119 3471 2246 3526; x_wconf 69' lang='lat' dir='ltr'>qua:</span> <span class='ocrx_word' id='word_1_525' title='bbox 2279 3451 2363 3508; x_wconf 82' lang='lat' dir='ltr'>vel</span> <span class='ocrx_word' id='word_1_526' title='bbox 2398 3452 2457 3506; x_wconf 92' lang='lat' dir='ltr'>in</span> <span class='ocrx_word' id='word_1_527' title='bbox 2488 3453 2781 3509; x_wconf 89' lang='lat' dir='ltr'>Orientem</span> <span class='ocrx_word' id='word_1_528' title='bbox 2834 3449 2922 3507; x_wconf 93' lang='lat' dir='ltr'>vel</span> <span class='ocrx_word' id='word_1_529' title='bbox 2974 3451 3033 3504; x_wconf 90' lang='lat' dir='ltr'>in</span> <span class='ocrx_word' id='word_1_530' title='bbox 3089 3449 3462 3504; x_wconf 87' lang='lat' dir='ltr'>Occidentem</span> <span class='ocrx_word' id='word_1_531' title='bbox 3506 3452 3772 3520; x_wconf 87' lang='lat' dir='ltr'>vergunt,</span> 
     </span>
    </p>
   </div>
   <div class='ocr_carea' id='block_1_80' title="bbox 2120 3536 3772 3608">
    <p class='ocr_par' dir='ltr' id='par_1_80' title="bbox 2120 3536 3772 3608">
     <span class='ocr_line' id='line_1_80' title="bbox 2120 3536 3772 3608; baseline -0.004 -10"><span class='ocrx_word' id='word_1_532' title='bbox 2120 3542 2205 3598; x_wconf 90' lang='lat' dir='ltr'>sol</span> <span class='ocrx_word' id='word_1_533' title='bbox 2238 3539 2456 3597; x_wconf 87' lang='lat' dir='ltr'>crebris</span> <span class='ocrx_word' id='word_1_534' title='bbox 2489 3541 2851 3597; x_wconf 82' lang='lat' dir='ltr'>anfractibus</span> <span class='ocrx_word' id='word_1_535' title='bbox 2886 3545 3211 3608; x_wconf 89' lang='lat' dir='ltr'>moveatur,</span> <span class='ocrx_word' id='word_1_536' title='bbox 3246 3537 3498 3594; x_wconf 89' lang='lat' dir='ltr'>multum</span> <span class='ocrx_word' id='word_1_537' title='bbox 3534 3537 3613 3592; x_wconf 90' lang='lat' dir='ltr'>ibi</span> <span class='ocrx_word' id='word_1_538' title='bbox 3667 3536 3772 3592; x_wconf 81' lang='lat' dir='ltr'>fri-</span> 
     </span>
    </p>
   </div>
   <div class='ocr_carea' id='block_1_81' title="bbox 2119 3629 2901 3703">
    <p class='ocr_par' dir='ltr' id='par_1_81' title="bbox 2119 3629 2901 3703">
     <span class='ocr_line' id='line_1_81' title="bbox 2119 3629 2901 3703; baseline 0 -16"><span class='ocrx_word' id='word_1_539' title='bbox 2119 3632 2274 3703; x_wconf 85' lang='lat' dir='ltr'>goris</span> <span class='ocrx_word' id='word_1_540' title='bbox 2304 3629 2559 3686; x_wconf 89' lang='lat' dir='ltr'>suboriri</span> <span class='ocrx_word' id='word_1_541' title='bbox 2591 3646 2706 3686; x_wconf 92' lang='lat' dir='ltr'>non</span> <span class='ocrx_word' id='word_1_542' title='bbox 2740 3629 2901 3687; x_wconf 90' lang='lat' dir='ltr'>sinit.</span> 
     </span>
    </p>
   </div>
   <div class='ocr_carea' id='block_1_82' title="bbox 2725 3763 3160 3820">
    <p class='ocr_par' dir='ltr' id='par_1_82' title="bbox 2725 3763 3160 3820">
     <span class='ocr_line' id='line_1_82' title="bbox 2725 3763 3160 3820; baseline 0.002 -2"><span class='ocrx_word' id='word_1_543' title='bbox 2725 3767 2881 3820; x_wconf 84' lang='lat' dir='ltr'>CAP.</span> <span class='ocrx_word' id='word_1_544' title='bbox 2915 3763 3160 3819; x_wconf 84' lang='lat' dir='ltr'>XXVIII.</span> 
     </span>
    </p>
   </div>
   <div class='ocr_carea' id='block_1_83' title="bbox 2263 3879 3620 3953">
    <p class='ocr_par' dir='ltr' id='par_1_83' title="bbox 2263 3879 3620 3953">
     <span class='ocr_line' id='line_1_83' title="bbox 2263 3879 3620 3953; baseline -0.002 -14"><span class='ocrx_word' id='word_1_545' title='bbox 2263 3884 2334 3939; x_wconf 85' lang='lat' dir='ltr'>De</span> <span class='ocrx_word' id='word_1_546' title='bbox 2358 3881 2621 3953; x_wconf 82' lang='lat' dir='ltr'>fulmine,</span> <span class='ocrx_word' id='word_1_547' title='bbox 2657 3881 2897 3952; x_wconf 83' lang='lat' dir='ltr'>turbine,</span> <span class='ocrx_word' id='word_1_548' title='bbox 2929 3879 3186 3948; x_wconf 79' lang='lat' dir='ltr'>tonitrui,</span> <span class='ocrx_word' id='word_1_549' title='bbox 3217 3879 3478 3952; x_wconf 81' lang='lat' dir='ltr'>procella,</span> <span class='ocrx_word' id='word_1_550' title='bbox 3520 3885 3620 3937; x_wconf 83' lang='lat' dir='ltr'>etc.</span> 
     </span>
    </p>
   </div>
   <div class='ocr_carea' id='block_1_84' title="bbox 2193 3995 3768 4072">
    <p class='ocr_par' dir='ltr' id='par_1_84' title="bbox 2193 3995 3768 4072">
     <span class='ocr_line' id='line_1_84' title="bbox 2193 3995 3768 4072; baseline -0.004 -16"><span class='ocrx_word' id='word_1_551' title='bbox 2193 4001 2434 4056; x_wconf 87' lang='lat' dir='ltr'>Fulmen</span> <span class='ocrx_word' id='word_1_552' title='bbox 2471 4016 2643 4072; x_wconf 91' lang='lat' dir='ltr'>porro</span> <span class='ocrx_word' id='word_1_553' title='bbox 2676 3999 2896 4054; x_wconf 89' lang='lat' dir='ltr'>nullam</span> <span class='ocrx_word' id='word_1_554' title='bbox 2927 3999 2984 4054; x_wconf 92' lang='lat' dir='ltr'>in</span> <span class='ocrx_word' id='word_1_555' title='bbox 3019 4015 3081 4054; x_wconf 91' lang='lat' dir='ltr'>se</span> <span class='ocrx_word' id='word_1_556' title='bbox 3111 3997 3635 4054; x_wconf 87' lang='lat' dir='ltr'>inflammationem</span> <span class='ocrx_word' id='word_1_557' title='bbox 3667 3995 3768 4050; x_wconf 87' lang='lat' dir='ltr'>ha-</span> 
     </span>
    </p>
   </div>
   <div class='ocr_carea' id='block_1_85' title="bbox 2124 4085 3772 4162">
    <p class='ocr_par' dir='ltr' id='par_1_85' title="bbox 2124 4085 3772 4162">
     <span class='ocr_line' id='line_1_85' title="bbox 2124 4085 3772 4162; baseline -0.004 -16"><span class='ocrx_word' id='word_1_558' title='bbox 2124 4090 2472 4162; x_wconf 81' lang='lat' dir='ltr'>bet,quippe</span> <span class='ocrx_word' id='word_1_559' title='bbox 2505 4091 2656 4162; x_wconf 92' lang='lat' dir='ltr'>quod</span> <span class='ocrx_word' id='word_1_560' title='bbox 2688 4104 2881 4144; x_wconf 90' lang='lat' dir='ltr'>aerem</span> <span class='ocrx_word' id='word_1_561' title='bbox 2942 4089 3201 4160; x_wconf 87' lang='lat' dir='ltr'>ingenita</span> <span class='ocrx_word' id='word_1_562' title='bbox 3269 4088 3379 4143; x_wconf 89' lang='lat' dir='ltr'>sibi</span> <span class='ocrx_word' id='word_1_563' title='bbox 3440 4085 3668 4142; x_wconf 88' lang='lat' dir='ltr'>levitate</span> <span class='ocrx_word' id='word_1_564' title='bbox 3714 4088 3772 4140; x_wconf 87' lang='lat' dir='ltr'>et</span> 
     </span>
    </p>
   </div>
   <div class='ocr_carea' id='block_1_86' title="bbox 2121 4176 3770 4236">
    <p class='ocr_par' dir='ltr' id='par_1_86' title="bbox 2121 4176 3770 4236">
     <span class='ocr_line' id='line_1_86' title="bbox 2121 4176 3770 4236; baseline -0.005 0"><span class='ocrx_word' id='word_1_565' title='bbox 2121 4181 2402 4236; x_wconf 88' lang='lat' dir='ltr'>tenuitate</span> <span class='ocrx_word' id='word_1_566' title='bbox 2433 4183 2664 4234; x_wconf 79' lang='lat' dir='ltr'>referat.</span> <span class='ocrx_word' id='word_1_567' title='bbox 2701 4177 2864 4233; x_wconf 86' lang='lat' dir='ltr'>Unde</span> <span class='ocrx_word' id='word_1_568' title='bbox 2897 4177 2956 4232; x_wconf 91' lang='lat' dir='ltr'>id</span> <span class='ocrx_word' id='word_1_569' title='bbox 2988 4177 3163 4232; x_wconf 87' lang='lat' dir='ltr'>etiam</span> <span class='ocrx_word' id='word_1_570' title='bbox 3216 4177 3474 4232; x_wconf 89' lang='lat' dir='ltr'>nominis</span> <span class='ocrx_word' id='word_1_571' title='bbox 3497 4176 3770 4230; x_wconf 89' lang='lat' dir='ltr'>sortitum</span> 
     </span>
    </p>
   </div>
   <div class='ocr_carea' id='block_1_87' title="bbox 2119 4266 3770 4339">
    <p class='ocr_par' dir='ltr' id='par_1_87' title="bbox 2119 4266 3770 4339">
     <span class='ocr_line' id='line_1_87' title="bbox 2119 4266 3770 4339; baseline -0.004 -14"><span class='ocrx_word' id='word_1_572' title='bbox 2119 4273 2228 4337; x_wconf 87' lang='lat' dir='ltr'>est,</span> <span class='ocrx_word' id='word_1_573' title='bbox 2252 4268 2411 4323; x_wconf 87' lang='lat' dir='ltr'>utsit</span> <span class='ocrx_word' id='word_1_574' title='bbox 2443 4266 2718 4339; x_wconf 78' lang='grc' dir='ltr'>κεραυνὸς,</span> <span class='ocrx_word' id='word_1_575' title='bbox 2763 4267 2927 4337; x_wconf 90' lang='lat' dir='ltr'>quasi</span> <span class='ocrx_word' id='word_1_576' title='bbox 2969 4266 3222 4339; x_wconf 78' lang='grc' dir='ltr'>εὐκραὴς,</span> <span class='ocrx_word' id='word_1_577' title='bbox 3261 4267 3398 4338; x_wconf 89' lang='lat' dir='ltr'>quia</span> <span class='ocrx_word' id='word_1_578' title='bbox 3438 4283 3553 4338; x_wconf 69' lang='lat' dir='ltr'>pre:</span> <span class='ocrx_word' id='word_1_579' title='bbox 3581 4267 3770 4319; x_wconf 88' lang='lat' dir='ltr'>levore</span> 
     </span>
    </p>
   </div>
   <div class='ocr_carea' id='block_1_88' title="bbox 2119 4354 3772 4424">
    <p class='ocr_par' dir='ltr' id='par_1_88' title="bbox 2119 4354 3772 4424">
     <span class='ocr_line' id='line_1_88' title="bbox 2119 4354 3772 4424; baseline -0.002 -12"><span class='ocrx_word' id='word_1_580' title='bbox 2119 4373 2226 4412; x_wconf 88' lang='lat' dir='ltr'>suo</span> <span class='ocrx_word' id='word_1_581' title='bbox 2261 4355 2502 4410; x_wconf 90' lang='lat' dir='ltr'>minime</span> <span class='ocrx_word' id='word_1_582' title='bbox 2525 4357 2754 4412; x_wconf 89' lang='lat' dir='ltr'>adurat.</span> <span class='ocrx_word' id='word_1_583' title='bbox 2792 4355 3015 4412; x_wconf 75' lang='lat' dir='ltr'>Prester</span> <span class='ocrx_word' id='word_1_584' title='bbox 3035 4373 3190 4424; x_wconf 90' lang='lat' dir='ltr'>vero,</span> <span class='ocrx_word' id='word_1_585' title='bbox 3226 4357 3331 4411; x_wconf 87' lang='lat' dir='ltr'>hoc</span> <span class='ocrx_word' id='word_1_586' title='bbox 3353 4363 3442 4411; x_wconf 89' lang='lat' dir='ltr'>est</span> <span class='ocrx_word' id='word_1_587' title='bbox 3480 4354 3651 4409; x_wconf 88' lang='lat' dir='ltr'>turbo</span> <span class='ocrx_word' id='word_1_588' title='bbox 3683 4367 3772 4409; x_wconf 92' lang='lat' dir='ltr'>ac-</span> 
     </span>
    </p>
   </div>
   <div class='ocr_carea' id='block_1_89' title="bbox 2119 4441 3771 4512">
    <p class='ocr_par' dir='ltr' id='par_1_89' title="bbox 2119 4441 3771 4512">
     <span class='ocr_line' id='line_1_89' title="bbox 2119 4441 3771 4512; baseline -0.004 -10"><span class='ocrx_word' id='word_1_589' title='bbox 2119 4461 2348 4512; x_wconf 79' lang='lat' dir='ltr'>census,</span> <span class='ocrx_word' id='word_1_590' title='bbox 2369 4461 2503 4500; x_wconf 89' lang='lat' dir='ltr'>cum</span> <span class='ocrx_word' id='word_1_591' title='bbox 2530 4461 2600 4500; x_wconf 80' lang='lat' dir='ltr'>ex</span> <span class='ocrx_word' id='word_1_592' title='bbox 2617 4446 2771 4500; x_wconf 83' lang='lat' dir='ltr'>nube</span> <span class='ocrx_word' id='word_1_593' title='bbox 2793 4446 3187 4501; x_wconf 89' lang='lat' dir='ltr'>substantiam</span> <span class='ocrx_word' id='word_1_594' title='bbox 3234 4444 3479 4501; x_wconf 87' lang='lat' dir='ltr'>materia</span> <span class='ocrx_word' id='word_1_595' title='bbox 3509 4441 3771 4500; x_wconf 86' lang='lat' dir='ltr'>crasissi-</span> 
     </span>
    </p>
   </div>
   <div class='ocr_carea' id='block_1_90' title="bbox 2120 4534 3772 4609">
    <p class='ocr_par' dir='ltr' id='par_1_90' title="bbox 2120 4534 3772 4609">
     <span class='ocr_line' id='line_1_90' title="bbox 2120 4534 3772 4609; baseline -0.003 -17"><span class='ocrx_word' id='word_1_596' title='bbox 2120 4553 2215 4592; x_wconf 90' lang='lat' dir='ltr'>ma</span> <span class='ocrx_word' id='word_1_597' title='bbox 2245 4541 2610 4593; x_wconf 90' lang='lat' dir='ltr'>constantem</span> <span class='ocrx_word' id='word_1_598' title='bbox 2648 4536 2872 4603; x_wconf 84' lang='lat' dir='ltr'>habeat,</span> <span class='ocrx_word' id='word_1_599' title='bbox 2897 4553 3144 4609; x_wconf 87' lang='lat' dir='ltr'>eamque</span> <span class='ocrx_word' id='word_1_600' title='bbox 3172 4535 3448 4592; x_wconf 86' lang='lat' dir='ltr'>incendat</span> <span class='ocrx_word' id='word_1_601' title='bbox 3463 4548 3514 4590; x_wconf 90' lang='lat' dir='ltr'>et</span> <span class='ocrx_word' id='word_1_602' title='bbox 3539 4534 3772 4590; x_wconf 87' lang='lat' dir='ltr'>inﬂam-</span> 
     </span>
    </p>
   </div>
   <div class='ocr_carea' id='block_1_91' title="bbox 360 4605 3770 4696">
    <p class='ocr_par' dir='ltr' id='par_1_91' title="bbox 360 4605 3770 4696">
     <span class='ocr_line' id='line_1_91' title="bbox 360 4605 3770 4696; baseline -0.001 -19"><span class='ocrx_word' id='word_1_603' title='bbox 360 4621 520 4696; x_wconf 59' lang='lat' dir='ltr'>TOP‘B</span> <span class='ocrx_word' id='word_1_604' title='bbox 549 4621 798 4676; x_wconf 62' lang='lat' dir='ltr'>quarum</span> <span class='ocrx_word' id='word_1_605' title='bbox 828 4605 1080 4696; x_wconf 62' lang='lat' dir='ltr'>romndaf</span> <span class='ocrx_word' id='word_1_606' title='bbox 1109 4621 1342 4696; x_wconf 65' lang='lat' dir='ltr'>semper</span> <span class='ocrx_word' id='word_1_607' title='bbox 1376 4606 1577 4677; x_wconf 64' lang='lat' dir='ltr'><strong>ﬁgura:</strong></span> <span class='ocrx_word' id='word_1_608' title='bbox 1639 4623 1743 4662; x_wconf 75' lang='grc' dir='ltr'>Πθο</span> <span class='ocrx_word' id='word_1_609' title='bbox 1800 4605 2013 4662; x_wconf 58' lang='lat' dir='ltr'>&quot;idum</span> <span class='ocrx_word' id='word_1_610' title='bbox 2050 4614 2092 4678; x_wconf 90' lang='lat' dir='ltr'><strong>D</strong></span> <span class='ocrx_word' id='word_1_611' title='bbox 2128 4632 2261 4694; x_wconf 90' lang='lat' dir='ltr'>met,</span> <span class='ocrx_word' id='word_1_612' title='bbox 2296 4626 2430 4681; x_wconf 85' lang='lat' dir='ltr'>ind‘e</span> <span class='ocrx_word' id='word_1_613' title='bbox 2453 4626 2541 4692; x_wconf 85' lang='lat' dir='ltr'>ﬁt,</span> <span class='ocrx_word' id='word_1_614' title='bbox 2576 4631 2639 4681; x_wconf 76' lang='lat' dir='ltr'>ut</span> <span class='ocrx_word' id='word_1_615' title='bbox 2662 4625 2951 4681; x_wconf 88' lang='lat' dir='ltr'>incendiis</span> <span class='ocrx_word' id='word_1_616' title='bbox 2972 4605 3603 4696; x_wconf 81' lang='lat' dir='ltr'>etconﬂagrationibus</span> <span class='ocrx_word' id='word_1_617' title='bbox 3653 4622 3770 4676; x_wconf 91' lang='lat' dir='ltr'>ido-</span> 
     </span>
    </p>
   </div>
   <div class='ocr_carea' id='block_1_92' title="bbox 357 4694 2010 4768">
    <p class='ocr_par' dir='ltr' id='par_1_92' title="bbox 357 4694 2010 4768">
     <span class='ocr_line' id='line_1_92' title="bbox 357 4694 2010 4768; baseline 0.001 -18"><span class='ocrx_word' id='word_1_618' title='bbox 357 4694 499 4750; x_wconf 89' lang='lat' dir='ltr'>orbe</span> <span class='ocrx_word' id='word_1_619' title='bbox 524 4696 712 4750; x_wconf 89' lang='lat' dir='ltr'>minor</span> <span class='ocrx_word' id='word_1_620' title='bbox 735 4699 992 4766; x_wconf 82' lang='lat' dir='ltr'>apparet,</span> <span class='ocrx_word' id='word_1_621' title='bbox 1025 4694 1178 4751; x_wconf 89' lang='lat' dir='ltr'>circa</span> <span class='ocrx_word' id='word_1_622' title='bbox 1203 4694 1398 4751; x_wconf 81' lang='lat' dir='ltr'>lunam</span> <span class='ocrx_word' id='word_1_623' title='bbox 1425 4712 1578 4767; x_wconf 72' lang='lat' dir='ltr'>saepe</span> <span class='ocrx_word' id='word_1_624' title='bbox 1627 4701 1822 4764; x_wconf 90' lang='lat' dir='ltr'>noctu,</span> <span class='ocrx_word' id='word_1_625' title='bbox 1857 4711 2010 4768; x_wconf 75' lang='lat' dir='ltr'>saepe</span> 
     </span>
    </p>
   </div>
   <div class='ocr_carea' id='block_1_93' title="bbox 355 4783 2007 4857">
    <p class='ocr_par' dir='ltr' id='par_1_93' title="bbox 355 4783 2007 4857">
     <span class='ocr_line' id='line_1_93' title="bbox 355 4783 2007 4857; baseline 0 -19"><span class='ocrx_word' id='word_1_626' title='bbox 355 4783 533 4838; x_wconf 85' lang='lat' dir='ltr'>etiam</span> <span class='ocrx_word' id='word_1_627' title='bbox 566 4783 818 4838; x_wconf 89' lang='lat' dir='ltr'>interdiu</span> <span class='ocrx_word' id='word_1_628' title='bbox 853 4785 1312 4854; x_wconf 87' lang='lat' dir='ltr'>conspiciuntur.</span> <span class='ocrx_word' id='word_1_629' title='bbox 1363 4787 1602 4840; x_wconf 82' lang='lat' dir='ltr'>Addunt</span> <span class='ocrx_word' id='word_1_630' title='bbox 1659 4785 2007 4857; x_wconf 85' lang='lat' dir='ltr'>physiologi,</span> 
     </span>
    </p>
   </div>
   <div class='ocr_carea' id='block_1_94' title="bbox 357 4873 2006 4944">
    <p class='ocr_par' dir='ltr' id='par_1_94' title="bbox 357 4873 2006 4944">
     <span class='ocr_line' id='line_1_94' title="bbox 357 4873 2006 4944; baseline 0.001 -17"><span class='ocrx_word' id='word_1_631' title='bbox 357 4873 577 4944; x_wconf 90' lang='lat' dir='ltr'>quique</span> <span class='ocrx_word' id='word_1_632' title='bbox 611 4877 828 4926; x_wconf 68' lang='lat' dir='ltr'>natura:</span> <span class='ocrx_word' id='word_1_633' title='bbox 859 4889 1074 4928; x_wconf 84' lang='lat' dir='ltr'>arcana</span> <span class='ocrx_word' id='word_1_634' title='bbox 1107 4878 1469 4941; x_wconf 90' lang='lat' dir='ltr'>scrutantur,</span> <span class='ocrx_word' id='word_1_635' title='bbox 1499 4882 1552 4929; x_wconf 90' lang='lat' dir='ltr'>et</span> <span class='ocrx_word' id='word_1_636' title='bbox 1585 4873 1854 4944; x_wconf 85' lang='lat' dir='ltr'>parelios,</span> <span class='ocrx_word' id='word_1_637' title='bbox 1906 4890 2006 4929; x_wconf 92' lang='lat' dir='ltr'>seu</span> 
     </span>
    </p>
   </div>
   <div class='ocr_carea' id='block_1_95' title="bbox 361 4956 2011 5035">
    <p class='ocr_par' dir='ltr' id='par_1_95' title="bbox 361 4956 2011 5035">
     <span class='ocr_line' id='line_1_95' title="bbox 361 4956 2011 5035; baseline 0.002 -20"><span class='ocrx_word' id='word_1_638' title='bbox 361 4961 499 5017; x_wconf 83' lang='lat' dir='ltr'>solis</span> <span class='ocrx_word' id='word_1_639' title='bbox 533 4962 844 5032; x_wconf 87' lang='lat' dir='ltr'>imagines,</span> <span class='ocrx_word' id='word_1_640' title='bbox 878 4969 933 5016; x_wconf 89' lang='lat' dir='ltr'>et</span> <span class='ocrx_word' id='word_1_641' title='bbox 973 4956 1228 5033; x_wconf 71' lang='grc' dir='ltr'>ῥάϐδους,</span> <span class='ocrx_word' id='word_1_642' title='bbox 1265 4964 1369 5018; x_wconf 89' lang='lat' dir='ltr'>hoc</span> <span class='ocrx_word' id='word_1_643' title='bbox 1398 4968 1486 5019; x_wconf 89' lang='lat' dir='ltr'>est</span> <span class='ocrx_word' id='word_1_644' title='bbox 1515 4963 1810 5035; x_wconf 86' lang='lat' dir='ltr'>virgulas:</span> <span class='ocrx_word' id='word_1_645' title='bbox 1837 4969 2011 5035; x_wconf 88' lang='lat' dir='ltr'>atque</span> 
     </span>
    </p>
   </div>
   <div class='ocr_carea' id='block_1_96' title="bbox 367 5051 2012 5124">
    <p class='ocr_par' dir='ltr' id='par_1_96' title="bbox 367 5051 2012 5124">
     <span class='ocr_line' id='line_1_96' title="bbox 367 5051 2012 5124; baseline 0.002 -19"><span class='ocrx_word' id='word_1_646' title='bbox 367 5051 473 5107; x_wconf 89' lang='lat' dir='ltr'>has</span> <span class='ocrx_word' id='word_1_647' title='bbox 499 5051 738 5122; x_wconf 88' lang='lat' dir='ltr'>quidem</span> <span class='ocrx_word' id='word_1_648' title='bbox 771 5069 839 5107; x_wconf 78' lang='lat' dir='ltr'>ex</span> <span class='ocrx_word' id='word_1_649' title='bbox 871 5051 1116 5106; x_wconf 90' lang='lat' dir='ltr'>nubium</span> <span class='ocrx_word' id='word_1_650' title='bbox 1163 5052 1557 5124; x_wconf 63' lang='lat' dir='ltr'>inaequalitate</span> <span class='ocrx_word' id='word_1_651' title='bbox 1605 5055 1747 5122; x_wconf 83' lang='lat' dir='ltr'>fieri,</span> <span class='ocrx_word' id='word_1_652' title='bbox 1780 5053 2012 5109; x_wconf 91' lang='lat' dir='ltr'>tricolo-</span> 
     </span>
    </p>
   </div>
   <div class='ocr_carea' id='block_1_97' title="bbox 365 5140 2010 5214">
    <p class='ocr_par' dir='ltr' id='par_1_97' title="bbox 365 5140 2010 5214">
     <span class='ocr_line' id='line_1_97' title="bbox 365 5140 2010 5214; baseline 0.002 -20"><span class='ocrx_word' id='word_1_653' title='bbox 365 5157 595 5212; x_wconf 72' lang='lat' dir='ltr'>resque,</span> <span class='ocrx_word' id='word_1_654' title='bbox 630 5146 694 5196; x_wconf 89' lang='lat' dir='ltr'>ut</span> <span class='ocrx_word' id='word_1_655' title='bbox 724 5147 782 5195; x_wconf 91' lang='lat' dir='ltr'>et</span> <span class='ocrx_word' id='word_1_656' title='bbox 809 5140 1010 5208; x_wconf 76' lang='lat' dir='ltr'>iridas,</span> <span class='ocrx_word' id='word_1_657' title='bbox 1045 5158 1173 5197; x_wconf 92' lang='lat' dir='ltr'>esse</span> <span class='ocrx_word' id='word_1_658' title='bbox 1205 5159 1217 5197; x_wconf 88' lang='lat'>:</span> <span class='ocrx_word' id='word_1_659' title='bbox 1269 5142 1517 5214; x_wconf 87' lang='lat' dir='ltr'>parelios</span> <span class='ocrx_word' id='word_1_660' title='bbox 1571 5151 1765 5198; x_wconf 82' lang='lat' dir='ltr'>autem</span> <span class='ocrx_word' id='word_1_661' title='bbox 1825 5142 2010 5214; x_wconf 88' lang='lat' dir='ltr'>albos,</span> 
     </span>
    </p>
   </div>
   <div class='ocr_carea' id='block_1_98' title="bbox 369 5230 1135 5300">
    <p class='ocr_par' dir='ltr' id='par_1_98' title="bbox 369 5230 1135 5300">
     <span class='ocr_line' id='line_1_98' title="bbox 369 5230 1135 5300; baseline 0.005 -17"><span class='ocrx_word' id='word_1_662' title='bbox 369 5234 434 5283; x_wconf 88' lang='lat' dir='ltr'>ut</span> <span class='ocrx_word' id='word_1_663' title='bbox 463 5236 519 5285; x_wconf 89' lang='lat' dir='ltr'>et</span> <span class='ocrx_word' id='word_1_664' title='bbox 549 5230 812 5300; x_wconf 88' lang='lat' dir='ltr'>halonas,</span> <span class='ocrx_word' id='word_1_665' title='bbox 844 5236 1135 5288; x_wconf 88' lang='lat' dir='ltr'>asserunt.</span> 
     </span>
    </p>
   </div>
   <div class='ocr_carea' id='block_1_99' title="bbox 463 5376 1378 5463">
    <p class='ocr_par' dir='ltr' id='par_1_99' title="bbox 463 5376 1378 5463">
     <span class='ocr_line' id='line_1_99' title="bbox 463 5376 1378 5463; baseline 0.009 -39"><span class='ocrx_word' id='word_1_666' title='bbox 463 5452 476 5463; x_wconf 47' lang='lat'><strong>.</strong></span> <span class='ocrx_word' id='word_1_667' title='bbox 989 5376 1143 5430; x_wconf 89' lang='lat' dir='ltr'>CAP.</span> <span class='ocrx_word' id='word_1_668' title='bbox 1177 5377 1378 5432; x_wconf 84' lang='lat' dir='ltr'>XXVI.</span> 
     </span>
    </p>
   </div>
   <div class='ocr_carea' id='block_1_100' title="bbox 488 5489 1876 5564">
    <p class='ocr_par' dir='ltr' id='par_1_100' title="bbox 488 5489 1876 5564">
     <span class='ocr_line' id='line_1_100' title="bbox 488 5489 1876 5564; baseline 0.004 -22"><span class='ocrx_word' id='word_1_669' title='bbox 488 5489 809 5547; x_wconf 76' lang='lat' dir='ltr'>Christiana</span> <span class='ocrx_word' id='word_1_670' title='bbox 837 5496 888 5547; x_wconf 78' lang='lat' dir='ltr'>cl</span> <span class='ocrx_word' id='word_1_671' title='bbox 917 5492 1292 5564; x_wconf 73' lang='lat' dir='ltr'>philosophica</span> <span class='ocrx_word' id='word_1_672' title='bbox 1321 5499 1662 5549; x_wconf 71' lang='lat' dir='ltr'>terraemotus</span> <span class='ocrx_word' id='word_1_673' title='bbox 1690 5509 1876 5549; x_wconf 84' lang='lat' dir='ltr'>causa.</span> 
     </span>
    </p>
   </div>
   <div class='ocr_carea' id='block_1_101' title="bbox 436 5608 2020 5677">
    <p class='ocr_par' dir='ltr' id='par_1_101' title="bbox 436 5608 2020 5677">
     <span class='ocr_line' id='line_1_101' title="bbox 436 5608 2020 5677; baseline 0.006 -19"><span class='ocrx_word' id='word_1_674' title='bbox 436 5608 715 5662; x_wconf 74' lang='lat' dir='ltr'>Caeterum</span> <span class='ocrx_word' id='word_1_675' title='bbox 740 5611 1107 5666; x_wconf 68' lang='lat' dir='ltr'>terremotus</span> <span class='ocrx_word' id='word_1_676' title='bbox 1127 5626 1160 5666; x_wconf 87' lang='lat' dir='ltr'>a</span> <span class='ocrx_word' id='word_1_677' title='bbox 1185 5615 1300 5666; x_wconf 92' lang='lat' dir='ltr'>Deo</span> <span class='ocrx_word' id='word_1_678' title='bbox 1321 5610 1448 5666; x_wconf 89' lang='lat' dir='ltr'>ideo</span> <span class='ocrx_word' id='word_1_679' title='bbox 1472 5610 1597 5667; x_wconf 86' lang='lat' dir='ltr'>ﬁeri</span> <span class='ocrx_word' id='word_1_680' title='bbox 1649 5610 1920 5677; x_wconf 86' lang='lat' dir='ltr'>dicimus,</span> <span class='ocrx_word' id='word_1_681' title='bbox 1953 5614 2020 5667; x_wconf 82' lang='lat' dir='ltr'>ut</span> 
     </span>
    </p>
   </div>
   <div class='ocr_carea' id='block_1_102' title="bbox 364 5695 2016 5773">
    <p class='ocr_par' dir='ltr' id='par_1_102' title="bbox 364 5695 2016 5773">
     <span class='ocr_line' id='line_1_102' title="bbox 364 5695 2016 5773; baseline 0.002 -19"><span class='ocrx_word' id='word_1_682' title='bbox 364 5695 708 5754; x_wconf 85' lang='lat' dir='ltr'>hominibus</span> <span class='ocrx_word' id='word_1_683' title='bbox 731 5699 1298 5773; x_wconf 83' lang='lat' dir='ltr'>terroremincutiat,</span> <span class='ocrx_word' id='word_1_684' title='bbox 1331 5703 1389 5758; x_wconf 85' lang='lat' dir='ltr'>et</span> <span class='ocrx_word' id='word_1_685' title='bbox 1434 5701 1508 5758; x_wconf 91' lang='lat' dir='ltr'>ad</span> <span class='ocrx_word' id='word_1_686' title='bbox 1534 5700 1825 5759; x_wconf 86' lang='lat' dir='ltr'>saniorem</span> <span class='ocrx_word' id='word_1_687' title='bbox 1848 5715 2016 5760; x_wconf 88' lang='lat' dir='ltr'>men-</span> 
     </span>
    </p>
   </div>
   <div class='ocr_carea' id='block_1_103' title="bbox 2124 4710 3766 4785">
    <p class='ocr_par' dir='ltr' id='par_1_103' title="bbox 2124 4710 3766 4785">
     <span class='ocr_line' id='line_1_103' title="bbox 2124 4710 3766 4785; baseline -0.004 -15"><span class='ocrx_word' id='word_1_688' title='bbox 2124 4715 2834 4772; x_wconf 88' lang='lat' dir='ltr'>neusevadat.Presterem</span> <span class='ocrx_word' id='word_1_689' title='bbox 2855 4719 3048 4771; x_wconf 87' lang='lat' dir='ltr'>autem</span> <span class='ocrx_word' id='word_1_690' title='bbox 3065 4718 3454 4770; x_wconf 87' lang='lat' dir='ltr'>ventusetiam</span> <span class='ocrx_word' id='word_1_691' title='bbox 3473 4710 3766 4785; x_wconf 70' lang='lat' dir='ltr'>praecedit,</span> 
     </span>
    </p>
   </div>
   <div class='ocr_carea' id='block_1_104' title="bbox 2120 4803 3769 4877">
    <p class='ocr_par' dir='ltr' id='par_1_104' title="bbox 2120 4803 3769 4877">
     <span class='ocr_line' id='line_1_104' title="bbox 2120 4803 3769 4877; baseline -0.003 -16"><span class='ocrx_word' id='word_1_692' title='bbox 2120 4807 2289 4877; x_wconf 89' lang='lat' dir='ltr'>cujus</span> <span class='ocrx_word' id='word_1_693' title='bbox 2321 4806 2399 4861; x_wconf 88' lang='lat' dir='ltr'>rei</span> <span class='ocrx_word' id='word_1_694' title='bbox 2430 4809 2584 4861; x_wconf 90' lang='lat' dir='ltr'>certo</span> <span class='ocrx_word' id='word_1_695' title='bbox 2615 4805 2672 4860; x_wconf 89' lang='lat' dir='ltr'>id</span> <span class='ocrx_word' id='word_1_696' title='bbox 2706 4804 2919 4860; x_wconf 89' lang='lat' dir='ltr'>indicio</span> <span class='ocrx_word' id='word_1_697' title='bbox 2951 4809 3062 4870; x_wconf 86' lang='lat' dir='ltr'>est,</span> <span class='ocrx_word' id='word_1_698' title='bbox 3095 4804 3248 4876; x_wconf 89' lang='lat' dir='ltr'>quod</span> <span class='ocrx_word' id='word_1_699' title='bbox 3311 4803 3556 4858; x_wconf 84' lang='lat' dir='ltr'>fulmine</span> <span class='ocrx_word' id='word_1_700' title='bbox 3605 4803 3769 4873; x_wconf 85' lang='lat' dir='ltr'>jam-</span> 
     </span>
    </p>
   </div>
   <div class='ocr_carea' id='block_1_105' title="bbox 2117 4893 3764 4967">
    <p class='ocr_par' dir='ltr' id='par_1_105' title="bbox 2117 4893 3764 4967">
     <span class='ocr_line' id='line_1_105' title="bbox 2117 4893 3764 4967; baseline -0.001 -16"><span class='ocrx_word' id='word_1_701' title='bbox 2117 4897 2235 4967; x_wconf 90' lang='lat' dir='ltr'>jam</span> <span class='ocrx_word' id='word_1_702' title='bbox 2269 4895 2629 4966; x_wconf 86' lang='lat' dir='ltr'>tangendum</span> <span class='ocrx_word' id='word_1_703' title='bbox 2659 4899 2767 4962; x_wconf 82' lang='lat' dir='ltr'>est,</span> <span class='ocrx_word' id='word_1_704' title='bbox 2802 4894 2938 4964; x_wconf 88' lang='lat' dir='ltr'>quia</span> <span class='ocrx_word' id='word_1_705' title='bbox 2989 4895 3151 4964; x_wconf 88' lang='lat' dir='ltr'>prius</span> <span class='ocrx_word' id='word_1_706' title='bbox 3201 4901 3366 4949; x_wconf 86' lang='lat' dir='ltr'>vento</span> <span class='ocrx_word' id='word_1_707' title='bbox 3410 4893 3764 4949; x_wconf 89' lang='lat' dir='ltr'>concutitur.</span> 
     </span>
    </p>
   </div>
   <div class='ocr_carea' id='block_1_106' title="bbox 2122 4983 3772 5056">
    <p class='ocr_par' dir='ltr' id='par_1_106' title="bbox 2122 4983 3772 5056">
     <span class='ocr_line' id='line_1_106' title="bbox 2122 4983 3772 5056; baseline -0.004 -14"><span class='ocrx_word' id='word_1_708' title='bbox 2122 4987 2402 5042; x_wconf 87' lang='lat' dir='ltr'>Presteris</span> <span class='ocrx_word' id='word_1_709' title='bbox 2433 4986 2589 5041; x_wconf 89' lang='lat' dir='ltr'>enim</span> <span class='ocrx_word' id='word_1_710' title='bbox 2618 4990 2832 5040; x_wconf 73' lang='lat' dir='ltr'>Ventus</span> <span class='ocrx_word' id='word_1_711' title='bbox 2864 4985 3055 5051; x_wconf 89' lang='lat' dir='ltr'>ferire,</span> <span class='ocrx_word' id='word_1_712' title='bbox 3092 4983 3227 5056; x_wconf 87' lang='lat' dir='ltr'>quia</span> <span class='ocrx_word' id='word_1_713' title='bbox 3285 4983 3664 5056; x_wconf 86' lang='lat' dir='ltr'>sulphureus,</span> <span class='ocrx_word' id='word_1_714' title='bbox 3714 4986 3772 5038; x_wconf 89' lang='lat' dir='ltr'>et</span> 
     </span>
    </p>
   </div>
   <div class='ocr_carea' id='block_1_107' title="bbox 2122 5073 3768 5146">
    <p class='ocr_par' dir='ltr' id='par_1_107' title="bbox 2122 5073 3768 5146">
     <span class='ocr_line' id='line_1_107' title="bbox 2122 5073 3768 5146; baseline -0.004 -12"><span class='ocrx_word' id='word_1_715' title='bbox 2122 5081 2431 5134; x_wconf 90' lang='lat' dir='ltr'>concutere</span> <span class='ocrx_word' id='word_1_716' title='bbox 2449 5076 2616 5130; x_wconf 91' lang='lat' dir='ltr'>solet.</span> <span class='ocrx_word' id='word_1_717' title='bbox 2645 5073 2846 5146; x_wconf 89' lang='lat' dir='ltr'>Neque</span> <span class='ocrx_word' id='word_1_718' title='bbox 2868 5090 2996 5128; x_wconf 78' lang='lat' dir='ltr'>vero</span> <span class='ocrx_word' id='word_1_719' title='bbox 3021 5080 3232 5130; x_wconf 90' lang='lat' dir='ltr'>ventus</span> <span class='ocrx_word' id='word_1_720' title='bbox 3257 5074 3354 5130; x_wconf 89' lang='lat' dir='ltr'>ille</span> <span class='ocrx_word' id='word_1_721' title='bbox 3392 5081 3642 5143; x_wconf 85' lang='lat' dir='ltr'>prestera</span> <span class='ocrx_word' id='word_1_722' title='bbox 3675 5089 3768 5129; x_wconf 90' lang='lat' dir='ltr'>so-</span> 
     </span>
    </p>
   </div>
   <div class='ocr_carea' id='block_1_108' title="bbox 2123 5163 3770 5234">
    <p class='ocr_par' dir='ltr' id='par_1_108' title="bbox 2123 5163 3770 5234">
     <span class='ocr_line' id='line_1_108' title="bbox 2123 5163 3770 5234; baseline -0.001 -14"><span class='ocrx_word' id='word_1_723' title='bbox 2123 5163 2426 5220; x_wconf 89' lang='lat' dir='ltr'>lummodo</span> <span class='ocrx_word' id='word_1_724' title='bbox 2462 5164 2750 5234; x_wconf 66' lang='lat' dir='ltr'>praecedit,</span> <span class='ocrx_word' id='word_1_725' title='bbox 2787 5164 2887 5218; x_wconf 90' lang='lat' dir='ltr'>sed</span> <span class='ocrx_word' id='word_1_726' title='bbox 2920 5164 3096 5218; x_wconf 83' lang='lat' dir='ltr'>etiam</span> <span class='ocrx_word' id='word_1_727' title='bbox 3130 5164 3442 5219; x_wconf 82' lang='lat' dir='ltr'>comitatnr</span> <span class='ocrx_word' id='word_1_728' title='bbox 3469 5168 3527 5219; x_wconf 88' lang='lat' dir='ltr'>et</span> <span class='ocrx_word' id='word_1_729' title='bbox 3557 5163 3770 5218; x_wconf 88' lang='lat' dir='ltr'>subse—</span> 
     </span>
    </p>
   </div>
   <div class='ocr_carea' id='block_1_109' title="bbox 2123 5252 3770 5326">
    <p class='ocr_par' dir='ltr' id='par_1_109' title="bbox 2123 5252 3770 5326">
     <span class='ocr_line' id='line_1_109' title="bbox 2123 5252 3770 5326; baseline -0.001 -18"><span class='ocrx_word' id='word_1_730' title='bbox 2123 5255 2343 5326; x_wconf 88' lang='lat' dir='ltr'>quitur,</span> <span class='ocrx_word' id='word_1_731' title='bbox 2375 5254 2794 5324; x_wconf 86' lang='lat' dir='ltr'>dispersusque</span> <span class='ocrx_word' id='word_1_732' title='bbox 2816 5259 2872 5306; x_wconf 91' lang='lat' dir='ltr'>et</span> <span class='ocrx_word' id='word_1_733' title='bbox 2889 5253 2947 5307; x_wconf 90' lang='lat' dir='ltr'>in</span> <span class='ocrx_word' id='word_1_734' title='bbox 2971 5252 3301 5309; x_wconf 90' lang='lat' dir='ltr'>levissimos</span> <span class='ocrx_word' id='word_1_735' title='bbox 3325 5253 3497 5310; x_wconf 87' lang='lat' dir='ltr'>ﬂatus</span> <span class='ocrx_word' id='word_1_736' title='bbox 3521 5253 3770 5308; x_wconf 80' lang='lat' dir='ltr'>diffusus</span> 
     </span>
    </p>
   </div>
   <div class='ocr_carea' id='block_1_110' title="bbox 2123 5341 3772 5416">
    <p class='ocr_par' dir='ltr' id='par_1_110' title="bbox 2123 5341 3772 5416">
     <span class='ocr_line' id='line_1_110' title="bbox 2123 5341 3772 5416; baseline -0.001 -17"><span class='ocrx_word' id='word_1_737' title='bbox 2123 5344 2378 5400; x_wconf 86' lang='lat' dir='ltr'>tonitrus</span> <span class='ocrx_word' id='word_1_738' title='bbox 2405 5345 2462 5397; x_wconf 87' lang='lat' dir='ltr'>et</span> <span class='ocrx_word' id='word_1_739' title='bbox 2493 5341 2772 5411; x_wconf 84' lang='lat' dir='ltr'>fulgetras</span> <span class='ocrx_word' id='word_1_740' title='bbox 2810 5342 3059 5398; x_wconf 81' lang='lat' dir='ltr'>excitat:</span> <span class='ocrx_word' id='word_1_741' title='bbox 3092 5347 3171 5408; x_wconf 91' lang='lat' dir='ltr'>et,</span> <span class='ocrx_word' id='word_1_742' title='bbox 3205 5345 3253 5399; x_wconf 91' lang='lat' dir='ltr'>si</span> <span class='ocrx_word' id='word_1_743' title='bbox 3282 5343 3772 5416; x_wconf 79' lang='lat' dir='ltr'>quideminﬂam-</span> 
     </span>
    </p>
   </div>
   <div class='ocr_carea' id='block_1_111' title="bbox 2125 5429 3770 5506">
    <p class='ocr_par' dir='ltr' id='par_1_111' title="bbox 2125 5429 3770 5506">
     <span class='ocr_line' id='line_1_111' title="bbox 2125 5429 3770 5506; baseline -0.001 -18"><span class='ocrx_word' id='word_1_744' title='bbox 2125 5439 2337 5499; x_wconf 82' lang='lat' dir='ltr'>inetur,</span> <span class='ocrx_word' id='word_1_745' title='bbox 2369 5429 2458 5486; x_wconf 89' lang='lat' dir='ltr'>vel</span> <span class='ocrx_word' id='word_1_746' title='bbox 2493 5430 2734 5498; x_wconf 81' lang='lat' dir='ltr'>fulmen,</span> <span class='ocrx_word' id='word_1_747' title='bbox 2767 5430 2854 5486; x_wconf 90' lang='lat' dir='ltr'>vel</span> <span class='ocrx_word' id='word_1_748' title='bbox 2910 5431 3126 5506; x_wconf 83' lang='lat' dir='ltr'>fulgur,</span> <span class='ocrx_word' id='word_1_749' title='bbox 3179 5433 3265 5490; x_wconf 91' lang='lat' dir='ltr'>vel</span> <span class='ocrx_word' id='word_1_750' title='bbox 3327 5439 3622 5505; x_wconf 91' lang='lat' dir='ltr'>prestera:</span> <span class='ocrx_word' id='word_1_751' title='bbox 3680 5432 3770 5487; x_wconf 88' lang='lat' dir='ltr'>sin</span> 
     </span>
    </p>
   </div>
   <div class='ocr_carea' id='block_1_112' title="bbox 2125 5518 3773 5596">
    <p class='ocr_par' dir='ltr' id='par_1_112' title="bbox 2125 5518 3773 5596">
     <span class='ocr_line' id='line_1_112' title="bbox 2125 5518 3773 5596; baseline 0.001 -18"><span class='ocrx_word' id='word_1_752' title='bbox 2125 5537 2319 5588; x_wconf 91' lang='lat' dir='ltr'>secus,</span> <span class='ocrx_word' id='word_1_753' title='bbox 2348 5518 2595 5595; x_wconf 77' lang='grc' dir='ltr'>ἐκνεφίαν</span> <span class='ocrx_word' id='word_1_754' title='bbox 2655 5523 2714 5574; x_wconf 87' lang='lat' dir='ltr'>et</span> <span class='ocrx_word' id='word_1_755' title='bbox 2770 5523 3010 5596; x_wconf 80' lang='grc' dir='ltr'>τυφῶνα,</span> <span class='ocrx_word' id='word_1_756' title='bbox 3070 5522 3180 5578; x_wconf 90' lang='lat' dir='ltr'>hoc</span> <span class='ocrx_word' id='word_1_757' title='bbox 3238 5527 3326 5578; x_wconf 88' lang='lat' dir='ltr'>est</span> <span class='ocrx_word' id='word_1_758' title='bbox 3362 5521 3672 5594; x_wconf 85' lang='lat' dir='ltr'>procellam</span> <span class='ocrx_word' id='word_1_759' title='bbox 3715 5526 3773 5579; x_wconf 91' lang='lat' dir='ltr'>et</span> 
     </span>
    </p>
   </div>
   <div class='ocr_carea' id='block_1_113' title="bbox 2125 5608 3773 5671">
    <p class='ocr_par' dir='ltr' id='par_1_113' title="bbox 2125 5608 3773 5671">
     <span class='ocr_line' id='line_1_113' title="bbox 2125 5608 3773 5671; baseline -0.001 0"><span class='ocrx_word' id='word_1_760' title='bbox 2125 5611 2398 5671; x_wconf 83' lang='lat' dir='ltr'>vorticem</span> <span class='ocrx_word' id='word_1_761' title='bbox 2421 5610 2550 5666; x_wconf 89' lang='lat' dir='ltr'>ciet.</span> <span class='ocrx_word' id='word_1_762' title='bbox 2585 5613 2762 5665; x_wconf 81' lang='lat' dir='ltr'>Porro</span> <span class='ocrx_word' id='word_1_763' title='bbox 2785 5608 2906 5666; x_wconf 72' lang='lat' dir='ltr'>haec</span> <span class='ocrx_word' id='word_1_764' title='bbox 2927 5613 3128 5669; x_wconf 87' lang='lat' dir='ltr'>omnia</span> <span class='ocrx_word' id='word_1_765' title='bbox 3148 5613 3220 5670; x_wconf 88' lang='lat' dir='ltr'>ad</span> <span class='ocrx_word' id='word_1_766' title='bbox 3249 5611 3773 5671; x_wconf 83' lang='lat' dir='ltr'>inﬂammationem</span> 
     </span>
    </p>
   </div>
   <div class='ocr_carea' id='block_1_114' title="bbox 2126 5698 2951 5763">
    <p class='ocr_par' dir='ltr' id='par_1_114' title="bbox 2126 5698 2951 5763">
     <span class='ocr_line' id='line_1_114' title="bbox 2126 5698 2951 5763; baseline 0.001 -3"><span class='ocrx_word' id='word_1_767' title='bbox 2126 5709 2178 5760; x_wconf 87' lang='lat' dir='ltr'>et</span> <span class='ocrx_word' id='word_1_768' title='bbox 2209 5698 2577 5759; x_wconf 81' lang='lat' dir='ltr'>adustionem</span> <span class='ocrx_word' id='word_1_769' title='bbox 2610 5698 2951 5763; x_wconf 76' lang='lat' dir='ltr'>referantur.</span> 
     </span>
    </p>
   </div>
  </div>
