4052 6406
298 352 457 415 Hi9

934 490 1088 546 CAP.
1120 488 1312 547 XXIX.

506 634 585 686 De
611 647 907 704 corporum
936 635 1338 689 resurrectione
1364 641 1415 690 et
1444 633 1764 690 animorum

910 707 1352 762 immortalitate.

379 808 459 866 De
490 826 794 883 corporum
822 814 1246 869 resurrectione
1276 812 1440 869 nulla
1468 812 1799 869 Graecorum
1834 809 1957 882 pla-

309 899 444 965 cita,
468 901 538 956 de
560 904 739 957 animi
766 903 1205 959 immortalitate
1228 902 1515 975 permulta
1563 900 1955 974 reperiuntur.

308 988 400 1043 Illi
422 990 579 1044 enim
612 997 668 1047 et
701 1008 897 1063 poenas
921 993 1075 1066 apud
1102 995 1319 1049 interos
1344 1009 1445 1065 pro
1472 992 1544 1046 iis
1589 1008 1716 1063 quae
1754 988 1814 1044 in
1843 989 1959 1045 vita

310 1078 459 1134 male
481 1079 614 1151 quis
639 1083 901 1151 gesserit,
934 1087 988 1137 et
1030 1079 1304 1154 λειμῶνας
1347 1077 1698 1160 ἀσφιδελοὺς,
1732 1080 1840 1135 hoc
1868 1081 1957 1134 est

306 1175 472 1236 prata
500 1166 819 1238 asphodelo
869 1168 1137 1240 virentia,
1178 1175 1235 1225 et
1280 1169 1507 1242 Elysios
1554 1184 1792 1237 campos
1851 1166 1957 1221 fin-

305 1259 489 1326 gunt:
525 1255 742 1328 quibus
775 1257 857 1313 illi
895 1271 1026 1331 post
1055 1265 1305 1317 mortem
1337 1259 1650 1326 donentur,
1675 1257 1775 1330 qui
1807 1273 1951 1329 pras-

306 1344 456 1401 clare
489 1362 550 1402 se
580 1347 637 1403 in
672 1346 781 1404 bac
831 1349 948 1406 vita
1003 1353 1314 1423 gesserint.
1370 1351 1558 1422 Atque
1617 1348 1953 1404 Graecorum

305 1435 539 1507 quidem
567 1438 637 1493 de
660 1438 733 1494 iis
756 1456 884 1511 qua).
901 1440 1117 1496 suntin
1142 1456 1338 1496 rerum
1373 1446 1583 1496 natura
1631 1439 1951 1504 sententias,

305 1526 494 1596 quoad
519 1542 589 1582 ex
613 1528 816 1584 multis
839 1545 1056 1602 paucas
1073 1546 1343 1586 sermone
1379 1543 1712 1602 percurrere
1763 1526 1950 1594 licuit,

302 1615 383 1670 ita
413 1632 475 1672 se
507 1616 743 1675 habent.

944 1729 1103 1787 CAP.
1144 1728 1306 1787 XXX.

744 1845 819 1900 De
855 1846 1143 1902 Judaismi
1170 1845 1506 1903 auctoribus.

377 1960 641 2016 Judaism
653 1978 721 2018 us
739 1968 933 2019 autem
956 1965 1029 2020 ab
1048 1964 1377 2020 Abrahamo
1392 1964 1955 2037 originem,circum-

308 2052 922 2122 cisionisinlerventu,
956 2057 1142 2112 duxit.
1203 2057 1375 2113 Auxit
1422 2058 1695 2113 eumdem
1747 2050 1983 2126 Mosesf

311 2141 411 2214 qui
433 2144 720 2214 septimus
752 2146 824 2200 ab
844 2146 1170 2203 Abrahamo
1194 2145 1457 2204 Judaicis
1482 2147 1658 2202 rebus
1707 2147 1957 2218 praefuit,

312 2230 459 2304 legis
489 2232 793 2301 beneﬁcio,
827 2253 1004 2307 quam
1057 2253 1091 2291 a
1145 2241 1257 2293 Deo
1288 2236 1345 2293 in
1396 2237 1534 2293 Sina
1570 2242 1765 2293 monte
1796 2253 1960 2293 acce—

310 2326 495 2393 perat.
528 2321 766 2381 Ornavit
798 2332 1000 2396 postea
1034 2326 1276 2381 Davides
1305 2342 1374 2382 ex
1411 2326 1566 2382 tribu
1630 2326 1960 2397 Benjamin,

311 2410 414 2465 ubi
444 2411 701 2481 primum
732 2412 889 2468 Sauli
922 2415 1225 2481 successit,
1263 2430 1516 2487 cumque
1559 2417 1683 2486 jam
1720 2416 1965 2486 quadra-

310 2500 473 2575 ginta
499 2518 686 2558 annos
716 2503 939 2560 Judaeis
970 2504 1338 2575 imperasset,
1385 2504 1596 2560 virtute
1645 2504 1868 2561 scilicet
1908 2509 1966 2560 et

318 2591 606 2663 sapientia
638 2592 992 2662 praecellens,
1033 2593 1252 2666 quippe
1308 2593 1409 2666 qui
1466 2594 1710 2651 numine
1768 2594 1963 2650 divino

317 2679 554 2736 afﬂatus
603 2685 781 2745 esset,
840 2698 1082 2738 suorum
1132 2683 1419 2739 terminos
1475 2682 1759 2740 dilatavit.
1823 2682 1963 2753 Ejus

317 2772 475 2829 enim
512 2790 755 2829 manum
788 2773 944 2832 Deus
975 2775 1035 2830 in
1070 2775 1214 2830 mari
1270 2775 1549 2841 extendit,
1594 2780 1651 2832 et
1696 2776 1755 2831 in
1788 2774 1964 2831 ﬂuvio

317 2863 612 2919 dexteram
645 2863 792 2936 eius.

939 2957 1095 3013 CAP.
1126 2955 1337 3012 XXXI.

480 3046 781 3101 Haereseon
817 3047 868 3098 et
889 3044 1217 3101 seditionum
1248 3045 1608 3102 Iudaicarum
1637 3044 1811 3115 Origo.

390 3135 537 3191 Cum
567 3149 705 3206 ergo
750 3150 816 3189 eo
856 3133 1139 3190 claritatis
1185 3134 1492 3189 Iudaicum
1555 3150 1743 3203 genus
1776 3149 1965 3189 excre-

1608 354 1911 418 NICETE
1951 353 2379 417 CBONIATE

1984 495 2035 559 Α
2068 486 2536 557 interﬂuxerunt,
2567 506 2602 544 ι
2627 504 2765 545 vero
2796 488 2897 546 Dei
2929 489 3092 547 cultu
3153 490 3496 549 aberrantes
3548 494 3749 552 Israel

3556 328 3756 424 ‘1120

2070 576 2184 631 litae
2216 576 2329 632 diis
2360 576 2568 633 alienis
2597 594 2761 634 sacra
2793 579 3072 635 fecerunt.
3104 582 3247 636 Cum
3284 581 3538 652 primum
3574 586 3749 642 enim

2068 665 2393 723 conﬂatiles
2425 683 2568 723 auro
2596 683 2807 724 vaccas
2855 668 3082 739 ignavis
3140 673 3198 725 et
3237 669 3556 728 hebetibus
3587 675 3745 730 ado-

2070 756 2286 812 randae
2313 756 2701 812 Jeroboamus
2730 759 3053 830 proposuit,
3116 775 3250 815 mox
3307 762 3484 817 etiam
3541 763 3603 818 in
3638 764 3751 819 ob-

2066 846 2260 901 scuris
2289 845 2435 900 locis
2467 852 2523 900 et
2553 845 2701 901 lucis
2747 845 3019 901 victimas
3078 847 3298 903 multas
3358 851 3746 923 obtulerunt,

2067 933 2420 1006 Baalamque
2449 940 2720 1006 tanquam
2755 934 2935 991 Deum
2968 935 3155 992 colere
3185 946 3512 1010 cceperunt.

2669 1043 2826 1101 CAP.
2859 1043 3114 1101 XXXIII.

2068 1158 2389 1233 Captivitas.
2422 1158 2617 1233 Esdras
2647 1158 2938 1233 Babylone
2966 1161 3029 1215 in
3049 1158 3370 1233 Samariam
3400 1162 3726 1220 idololatrr':

2527 1231 2950 1287 inhabitabitem
2978 1231 3247 1289 mittitur.

2132 1330 2328 1388 Verim
2353 1329 2649 1388 enimvero
2673 1347 2811 1388 cum
2855 1330 3279 1405 Hierosolymis
3337 1335 3726 1407 expugnatis,

2065 1421 2404 1494 temploque
2454 1420 2688 1477 incenso
2731 1420 3271 1480 Nabuchodonosor
3313 1424 3500 1481 victor
3529 1442 3738 1497 popu-

2061 1511 2209 1577 lum,
2244 1516 2523 1582 regnante
2553 1516 2693 1567 tuuc
2720 1512 3026 1578 Jecbouia,
3059 1514 3356 1584 captivum
3406 1514 3517 1570 sibi
3554 1532 3741 1573 man-

2063 1601 2339 1673 cipasset,
2369 1600 2558 1657 Judaei
2592 1617 2695 1672 per
2725 1600 2943 1672 legatos
2994 1619 3027 1657 ι
3078 1604 3531 1673 Babyloniorum
3593 1623 3746 1680 rege

2062 1696 2397 1761 exorarunt,
2433 1696 2498 1747 ut
2526 1708 2596 1746 ex
2627 1691 2752 1747 suis
2789 1690 3015 1763 aliquot
3078 1692 3136 1747 in
3196 1695 3588 1752 lsraeliticam
3646 1714 3744 1753 re-

2061 1787 2291 1855 gionem
2325 1784 2598 1850 mitteret,
2633 1801 2704 1841 ne
2745 1785 2905 1855 forte.
2939 1786 3165 1841 diutius
3214 1786 3441 1843 deserta
3505 1792 3569 1844 et
3622 1807 3743 1847 ne-

1984 1870 2027 1936 B
2058 1874 2246 1947 glecta
2271 1873 2624 1941 silvesceret,
2657 1879 2833 1945 atque
2858 1874 2993 1930 feris
3025 1879 3252 1930 tantum
3303 1875 3551 1932 latibula
3584 1895 3749 1949 prm-

2066 1963 2354 2020 beret.Ille
2378 1964 2574 2035 itaque
2596 1963 2855 2036 gentium
2886 1963 2997 2019 sibi
3025 1964 3399 2021 subditarum
3444 1972 3742 2039 quatuor,

2066 2053 2348 2109 nimirum
2405 2053 2696 2119 Cuthmos,
2763 2052 3071 2121 Guddaos,
3139 2055 3608 2127 Sepbarveraaos,
3674 2065 3747 2115 et

2070 2148 2496 2215 Anegoganteos
2514 2159 2581 2198 eo
2602 2142 2840 2199 colonos
2857 2144 3155 2209 misit.Qui
3180 2144 3358 2202 simul
3383 2152 3563 2218 atque
3596 2165 3745 2205 cum

2069 2230 2419 2289 tutelaribus
2450 2231 2621 2287 idolis
2650 2232 2710 2287 in
2769 2233 3099 2289 Samariam
3156 2242 3574 2306 pervenerunt,
3620 2237 3749 2294 ibi-

2070 2323 2322 2393 demque
2353 2320 2463 2376 sibi
2488 2322 2693 2377 domos
2714 2328 3147 2392 exstruxerunt,
3180 2341 3217 2380 a
3267 2324 3407 2382 feris
3429 2327 3755 2400 absumpti

2071 2415 2230 2469 sunt.
2265 2410 2548 2477 Quocirca
2572 2427 2670 2480 per
2690 2410 2915 2483 legatos
2941 2413 3013 2467 ab
3049 2413 3426 2485 Assyriorum
3473 2431 3612 2487 rege
3641 2433 3755 2489 pe-

2073 2503 2313 2569 tierunt,
2344 2508 2446 2557 aut
2475 2503 2548 2558 ad
2612 2501 2865 2557 ferarum
2925 2502 3384 2560 internecionem
3440 2506 3748 2564 auxilium

2075 2594 2462 2661 mitteret,aut
2482 2592 2707 2649 colonia
2739 2594 3016 2650 excedere
3064 2594 3179 2650 sibi
3222 2612 3357 2652 cum
3412 2597 3569 2654 bona
3613 2600 3757 2669 ejus

2074 2685 2242 2739 venia
2273 2687 2752 2756 permitteretur;
2783 2684 3173 2740 admiratione
3215 2685 3454 2742 interim
3499 2704 3755 2744 summa

2075 2774 2260 2837 ducti,
2290 2772 2390 2843 qui
2423 2773 2544 2829 fieri
2605 2772 2857 2846 potuerit
2914 2779 2982 2829 ut
3052 2774 3368 2847 quisquam
3430 2779 3749 2835 retroactis

2076 2863 2444 2936 temporibus
2467 2864 2788 2917 Samariam
2824 2861 3124 2921 incoleret.
3148 2863 3267 2919 Rex
3289 2880 3432 2937 ergo
3461 2865 3537 2922 iis
3566 2868 3641 2923 ad
3677 2884 3748 2924 se

2075 2953 2397 3016 accersitis,
2430 2953 2529 3023 qui
2570 2950 2725 3006 inter
2781 2950 3055 3007 Hebraeos
3111 2953 3395 3010 excellere
3449 2955 3746 3012 videban-

2076 3051 2193 3113 tur,
2230 3041 2610 3113 interrogavit
2666 3041 2806 3111 quid
2867 3057 3061 3097 caussa.
3118 3048 3292 3108 esset,
3325 3045 3480 3114 quod
3530 3046 3741 3102 Sama-

2078 3135 2164 3192 ria
2191 3137 2277 3189 tot
2307 3149 2342 3187 a
2373 3130 2509 3187 feris
2535 3130 2931 3198 infestaretur,
2966 3138 3140 3203 atque
3176 3135 3321 3188 adeo
3342 3132 3552 3199 coloni,
3584 3151 3740 3204 quos

321 3220 1114 3295 visset,Hierosolymamque
1135 3222 1380 3279 Davides
1403 3228 1459 3278 et
1499 3223 1775 3280 Salomon
1824 3239 1969 3278 mm-
2003 3215 2047 3280 C
2078 3223 2179 3281 illo
2211 3226 2472 3285 miserat,
2504 3226 2625 3275 tam
2687 3222 2900 3275 misere
2953 3220 3228 3293 perirent.
3287 3223 3731 3293 Responderunt

321 3312 497 3368 nibus
527 3311 870 3376 cinxissent,
895 3315 1071 3381 atque
1096 3312 1404 3383 aggeribus
1431 3313 1558 3383 ipsa
1606 3311 1824 3368 mmnia
1854 3312 1970 3368 cir-

322 3399 805 3464 cumvallassent,
839 3400 1117 3472 templum
1162 3401 1413 3474 denique
1469 3402 1660 3458 ubivis
1703 3406 1967 3473 gentium

322 3487 653 3562 percelebre
669 3488 942 3545 Salomon
975 3490 1344 3555 aediﬁcasset,
1367 3491 1602 3561 quidam
1640 3508 1747 3547 sua
1794 3491 1970 3547 Sioue

324 3578 566 3634 minime
598 3580 877 3645 contenti,
912 3579 1260 3637 Hebraicum
1295 3581 1605 3652 imperium
1671 3582 1965 3652 prOpalam

323 3667 714 3724 seditionibus
737 3669 864 3725 suis
887 3670 1295 3727 adulterarunt
1320 3688 1334 3727 :
1362 3676 1427 3727 ut
1451 3674 1637 3743 major
1657 3672 1713 3726 in
1734 3671 1966 3728 illorum

321 3775 441 3828 rep.
478 3760 834 3830 perturbatio
866 3761 1069 3833 primis
1102 3759 1221 3816 illis
1237 3763 1602 3834 temporibus
1626 3778 1741 3817 non
1775 3761 1967 3825 fuerit,

324 3848 543 3993 quibgm
582 3848 863 3906 nimirum
920 3850 1156 3907 Judices
1211 3850 1486 3908 tribubus
1532 3849 1793 3909 Judaicis
1833 3851 1972 3922 jura

324 3937 450 3993 dice
498 3942 619 3993 ant.

324 3937 619 3994 dicebant.

935 4036 1090 4094 CAP.
1123 4035 1356 4095 XXXII.

323 4153 615 4212 Duodecim
663 4153 912 4210 tribuum
968 4154 1065 4280 ind
1078 4153 1218 4240 {tunc
1272 4155 1503 4212 ducatus
1553 4152 1653 4211 sub
1702 4153 1973 4211 Roboamo

1070 4242 1257 4280 wuw.
1877 4250 1883 4255 ~

1070 4242 1257 4284 ιυιειο.
1877 4250 1883 4255 ”

395 4345 623 4398 Mortuo
654 4341 853 4412 itaque
884 4339 1195 4398 Salomone
1234 4340 1542 4397 duodecim
1602 4340 1814 4407 tribus,
1846 4355 1975 4411 quas

329 4430 506 4487 unius
533 4434 703 4485 antea
740 4429 988 4501 imperio
1017 4431 1393 4502 rogabantur,
1426 4430 1484 4485 in
1530 4429 1680 4485 duos
1728 4430 1974 4486 ducatus

2082 3313 2299 3371 Hebraei
2334 3314 2418 3367 fas
2452 3326 2567 3365 non
2600 3326 2751 3375 esse,
2787 3319 2841 3365 ut
2881 3310 3040 3382 regio
3088 3310 3189 3368 illa
3218 3312 3531 3369 idololatris
3556 3313 3731 3368 cede-

2081 3408 2187 3461 ret.
2212 3402 2384 3471 cujus
2412 3398 2614 3455 incolas
2646 3398 2880 3469 pristini
2935 3399 3248 3457 Mosaicam
3310 3402 3497 3472 legem
3540 3403 3744 3458 obser-

2079 3493 2359 3550 vaveriot.
2397 3489 2521 3544 Illis
2552 3489 2748 3559 itaque
2807 3505 2906 3544 rex
2962 3488 3255 3560 integrum
3318 3493 3476 3556 iecit,
3521 3498 3586 3546 ut
3630 3492 3743 3548 ali-

2080 3601 2253 3658 quem
2288 3583 2349 3639 in
2378 3581 2700 3637 Samariam
2739 3579 3051 3644 mitterent,
3083 3580 3184 3652 qui
3228 3583 3405 3638 Mosis
3436 3581 3514 3637 ibi
3548 3581 3745 3654 legem

2082 3675 2467 3748 proﬁteretur.
2504 3668 2649 3726 Illuc
2692 3684 2827 3739 ergo
2885 3669 3127 3740 quidam
3174 3671 3469 3740 sacerdos,
3520 3671 3747 3728 Esdras

2081 3764 2339 3828 nomine,
2372 3778 2572 3820 secum
2614 3758 2757 3825 legis
2813 3759 3113 3832 exemplar
3167 3761 3526 3833 exscriptum
3587 3762 3750 3818 defe-

2081 3870 2242 3923 rens,
2272 3851 2503 3908 circiter
2531 3865 2750 3906 annum
2782 3865 2818 3905 a
2840 3848 3174 3920 captivitate
3229 3850 3616 3920 tricesimum,
3679 3868 3748 3908 se

2082 3942 2352 4003 contulit.

2689 4031 2839 4088 CAP.
2882 4030 3128 4088 XXXIV.

2533 4138 3010 4196 Samaritanomm
3043 4140 3289 4198 haeresis.

2156 4251 2333 4307 Porro
2362 4248 2731 4315 Samaritnni,
2790 4248 2836 4303 si
2896 4247 3032 4319 quis
3091 4247 3529 4321 interpreletur,
3581 4248 3749 4304 idem

2086 4341 2245 4416 quod
2274 4342 2550 4399 custodes
2569 4340 2923 4413 signiﬁcant.
2958 4339 3145 4410 Hique
3188 4339 3331 4396 adeo
3353 4339 3529 4412 primi
3553 4341 3748 4396 exorti

2084 4437 2246 4496 sunt.
2272 4430 2606 4504 quiJudzeis
2636 4428 3015 4486 consentanei
3049 4438 3239 4485 essent
3284 4430 3341 4485 in
3379 4428 3475 4499 iis,
3507 4446 3640 4501 quae
3674 4431 3754 4487 de

324 4520 524 4577 divisae
552 4524 711 4575 sunt.
736 4522 873 4575 Cum
899 4518 1056 4575 enim
1104 4519 1432 4576 Salomonis
1462 4519 1618 4575 ﬁlius
1638 4518 2021 4593 Roboamus_
2084 4523 2200 4580 Deo
2231 4524 2385 4593 apud
2416 4520 2550 4577 illos
2578 4517 3092 4576 circumferuntur.
3118 4518 3318 4574 Solum
3349 4523 3545 4575 autem
3592 4520 3753 4575 Pen-

321 4617 552 4671 mortuo
580 4612 729 4686 patri
749 4610 808 4667 in
841 4609 1153 4683 imperium
1178 4609 1560 4667 successisset
1579 4609 1636 4664 dt
1661 4623 1844 4680 nque
1867 4624 1960 4666 se—
1990 4589 2036 4655 D
2074 4589 2420 4671 tateucbum
2453 4609 2793 4665 admittunt.
2821 4613 3182 4665 Mortuorum
3243 4608 3749 4668 resurrectionem

324 4702 589 4761 nioribus
610 4707 669 4759 et
690 4718 923 4759 morosa
950 4716 1233 4772 responsa
1280 4700 1468 4768 daret,
1496 4698 1597 4771 qui
1634 4697 1834 4771 populi
1866 4714 1974 4753 no-

326 4795 517 4851 mines
549 4792 841 4864 supplices
869 4790 945 4847 ad
974 4789 1141 4846 illum
1175 4788 1581 4861 confugerant,
1610 4787 1808 4843 divisa!
1838 4789 1978 4843 sunt

218 4942 219 4945 η
327 4883 536 4940 tribus.
569 4885 756 4954 Atque
776 4882 887 4938 sub
909 4880 1036 4951 ejus
1065 4879 1308 4951 imperio
1352 4876 1560 4934 ultima
1608 4875 1839 4948 quidem
1875 4875 1978 4931 tri-

328 4971 441 5028 bus
458 4972 862 5044 perseveravit.
898 4969 1179 5027 Undecim
1222 4985 1359 5025 vero
1389 4967 1627 5039 reliqum
1648 4968 1971 5035 apostatam

327 5060 763 5133 Jeroboamum,
797 5060 896 5133 qui
928 5076 959 5117 e
989 5057 1618 5117 SamariainJudaaam
1656 5055 1972 5127 invaserat,

328 5157 541 5206 secutae
573 5154 924 5221 sunt.Atque
950 5148 1033 5204 illi
1066 5147 1301 5220 quidem
1331 5149 1431 5219 qui
1474 5144 1803 5200 Salomonis
1852 5143 1973 5202 ﬁlio

329 5254 550 5294 morem
575 5253 774 5311 gerere
805 5241 1205 5310 perrexerunt,
1252 5235 1452 5291 Judte:
1504 5234 1602 5305 qui
1663 5249 1790 5288 vero
1818 5232 1977 5289 Jero-

327 5329 603 5385 boamum
660 5326 871 5383 Nabati
925 5325 1112 5381 filium
1165 5341 1358 5398 regem
1422 5324 1533 5379 sibi
1605 5326 1974 5389 creaVerunt,

325 5418 559 5475 Israelis
604 5416 844 5474 nomine
888 5414 1030 5471 dicti
1085 5419 1244 5472 sunt.
1301 5416 1579 5470 Cmterum
1641 5413 1975 5470 Roboamus

326 5505 742 5579 septemdecim
763 5504 936 5562 annis
958 5503 1161 5561 lsraeli
1184 5503 1436 5576 prefuit,
1469 5501 1749 5561 nimirum
1790 5517 1977 5573 usque

326 5597 398 5655 ad
426 5594 724 5653 Jecbonite
750 5600 1034 5670 tempora,
1065 5593 1169 5667 qui
1220 5600 1277 5651 et
1329 5592 1599 5652 Sedecias
1644 5589 1976 5666 appellatus

325 5685 830 5761 est.Temporibus
859 5693 1054 5745 autem
1102 5681 1225 5743 illis
1264 5684 1369 5758 qui
1418 5698 1612 5757 regem
1652 5684 1972 5757 utrumque

2085 4702 2441 4775 improbant.
2468 4699 2748 4771 Spiritum
2780 4703 3047 4754 sanctum
3093 4697 3325 4754 nullum
3385 4698 3747 4758 admittunt.

2084 4793 2156 4850 Et
2183 4791 2452 4865 quamvis
2485 4789 2804 4846 idololatriae
2835 4804 2895 4844 re
2924 4804 3056 4846 vera
3085 4788 3225 4859 sint,
3257 4805 3491 4844 summa
3526 4794 3738 4847 tamen

2084 4883 2223 4954 illis,
2257 4899 2328 4940 ne
2354 4880 2501 4938 tales
2529 4881 2858 4944 videantur,
2901 4877 3094 4934 cautio
3150 4883 3259 4936 est.
3317 4878 3746 4949 Hierosolymis

2086 4973 2241 5031 enim
2275 4988 2389 5028 una
2422 4986 2555 5025 cum
2597 4968 2827 5025 caeteris
2850 4966 3107 5023 Hebraeis
3139 4967 3384 5023 adorare
3415 4968 3744 5040 dedignati,

2086 5064 2146 5120 in
2179 5066 2376 5118 monte
2405 5058 2631 5116 Garizin
2659 5064 2716 5114 et
2746 5073 2910 5114 sacra
2941 5056 3185 5122 faciunt,
3212 5062 3272 5111 et
3316 5063 3505 5113 orant.
3538 5057 3613 5112 Eo
3670 5055 3735 5110 in

2087 5153 2213 5209 loco
2245 5155 2499 5223 quatuor
2531 5148 2859 5209 nationum,
2888 5162 3019 5217 quae
3047 5145 3134 5214 (ut
3183 5146 3310 5213 jam
3371 5143 3743 5219 monuimus)

2085 5242 2188 5298 illo
2218 5242 2506 5297 coloniam
2542 5254 2608 5294 ex
2666 5235 2908 5311 Assyria
2968 5235 3348 5303 deduxerant,
3402 5235 3557 5293 idola
3607 5234 3760 5292 deli-

2084 5337 2303 5390 tescere
2334 5330 2546 5385 ferunt.

2704 5412 2853 5472 CAP.
2888 5412 3108 5471 XXXV.

2085 5515 2150 5571 1η
2176 5513 2374 5587 quibus
2402 5512 2641 5584 quatuor
2667 5507 3154 5587 Samaritanorum
3193 5508 3357 5564 sectae
3387 5520 3589 5563 conven
3600 5508 3758 5580 iant,

2677 5580 2741 5637 in
2777 5578 2971 5654 quibus
2998 5592 3132 5635 nou.

2156 5676 2237 5734 Ex
2265 5673 2361 5732 his
2389 5676 2585 5733 autem
2617 5668 2842 5736 Esseni,
2871 5665 3119 5739 Sabaei,
3155 5665 3488 5738 Sorothsni,
3516 5671 3577 5725 et
3623 5672 3756 5728 Do-
