4052 6370
274 396 424 460 H21

1625 382 2027 447 THESAURI
2073 383 2223 446 LIB.
2270 382 2318 445 ῐ.

3528 385 3688 446 1122

273 536 441 595 sithei
471 534 530 590 in
564 529 917 605 quibusdam
949 525 1244 599 dogmatis
1271 523 1668 592 consentanei,
1693 523 1750 578 in
1783 521 1917 594 qui-
1948 530 2002 596 Α
2036 526 2300 578 mentum
2331 523 2458 595 ipso
2493 523 2750 594 periurio
2784 522 3041 580 deterius
3085 523 3521 582 existimabant.
3556 529 3690 583 Om-

275 628 521 686 busdam
571 628 774 680 contra
830 617 1186 675 dissentanei
1247 620 1659 687 provenerunt.
1725 612 1922 667 Esseni

276 720 432 774 enim
464 718 722 786 Augusto
756 726 952 765 mense
982 711 1198 779 Azyma
1245 706 1327 776 (in
1361 720 1475 775 quo
1508 719 1640 758 cum
1668 702 1935 771 Sabuaais

279 804 1073 876 conveuiunt),Scenopegian
1107 815 1257 856 vero.
1291 814 1422 851 cum
1464 802 1681 867 Azyma
1721 792 1930 861 Judaei,

281 898 655 954 Peutecosten
688 892 936 962 denith
967 891 1024 943 in
1061 894 1346 941 autumno
1375 886 1688 941 celebrant.
1721 888 1794 939 At
1833 888 1931 938 Se-

283 987 424 1044 ἱ)υωὶ
459 986 658 1041 eodem
689 983 801 1036 ritu
837 998 948 1052 quo
987 981 1184 1034 Esseni
1229 984 1286 1030 et
1341 976 1643 1029 Sui-otheni
1703 975 1828 1028 dies
1862 974 1935 1028 fe-

281 1083 402 1133 stos
433 1074 653 1143 colunt,
687 1091 718 1128 a
751 1071 1042 1127 Dositbeis
1089 1074 1285 1123 autem
1341 1069 1718 1120 dissentiunt.
1761 1065 1936 1120 Soro-

280 1167 442 1222 theni
476 1173 539 1221 ut
568 1166 626 1219 in
661 1162 882 1218 caeteris
907 1177 1038 1214 cum
1065 1157 1300 1213 Essenis
1349 1164 1404 1210 et
1455 1156 1712 1210 Sebuaais
1738 1167 1938 1207 conve-

282 1257 470 1324 niant,
504 1255 772 1308 eumdem
805 1257 958 1306 certe
1018 1249 1195 1302 ritum
1261 1247 1317 1299 in
1378 1246 1542 1300 festis
1573 1243 1940 1298 celebrandis

281 1362 456 1417 quem
506 1343 763 1399 Dosithei
821 1343 1155 1395 observant.
1218 1336 1520 1390 Fastorum
1581 1334 1737 1388 enim
1798 1332 1943 1387 cele-

285 1436 640 1492 brandorum
671 1431 786 1486 illis
819 1429 1277 1496 Sorothenisque
1306 1431 1362 1479 et
1395 1423 1688 1478 Dositheis
1739 1421 1942 1477 eadem

285 1543 411 1598 quae
442 1523 662 1578 caeteris
691 1519 911 1577 Judzeis
961 1517 1108 1572 ratio
1165 1525 1273 1570 est.
1335 1511 1594 1569 Dosithei
1649 1517 1822 1579 certe,
1882 1516 1946 1564 ut

286 1612 772 1672 resurrectionem
802 1612 1114 1675 fateantur,
1137 1611 1193 1660 et
1217 1605 1273 1659 in
1301 1606 1581 1659 festorum
1607 1602 1946 1658 celebritate

285 1703 627 1762 Sorothenis
655 1696 1028 1754 consentanei
1083 1695 1220 1761 sint,
1256 1691 1526 1766 privatim
1580 1695 1736 1748 certe
1787 1690 1944 1762 apud

285 1794 416 1849 illos
442 1792 705 1864 plerique
739 1790 810 1843 ab
843 1785 1239 1840 animatorum
1277 1799 1405 1846 esu,
1439 1798 1541 1836 nec
1582 1781 1887 1852 pauciores
1916 1796 1948 1834 a

285 1862 510 1955 nuptiis
546 1887 675 1952 post
707 1878 920 1932 liberos
943 1873 1125 1929 semel
1149 1877 1452 1943 susceptos
1486 1871 1804 1936 abstinent,
1842 1885 1945 1924 nec
1977 1874 2022 1938 B
2058 1879 2304 1928 tortores
2359 1874 2520 1944 ipsos
2585 1862 2906 1928 irridebant
2965 1891 2978 1929 :

289 1973 500 2027 desunt
531 1971 629 2042 qui
659 1965 1048 2030 virginitatem
1108 1963 1511 2034 proﬁteantur.
1545 1958 1733 2028 Hujus
1774 1962 1942 2012 sectae

295 2061 610 2118 Dositheus
635 2064 838 2112 auctor
865 2054 1041 2107 fuisse
1064 2049 1536 2122 perhibetur,qui
1562 2048 1840 2102 Hebraeus
1854 2063 1947 2118 ge-

293 2148 876 2219 nere,singularique
905 2142 1185 2212 praeditus
1208 2137 1532 2194 eruditione
1550 2153 1684 2192 cum
1732 2137 1948 2190 frustra

294 2241 712 2304 contendisset,
750 2248 804 2290 ut
844 2235 902 2289 in
937 2235 1007 2287 iis
1039 2249 1184 2303 quas
1219 2226 1568 2303 δευτερὼσεις
1603 2227 1684 2282 illi
1716 2229 1946 2291 vocant,

293 2333 510 2402 primas
552 2327 1032 2397 consequeretur,
1093 2326 1159 2376 ad
1223 2321 1624 2374 Samaritanos
1680 2317 1950 2385 descivit,

291 2428 468 2490 atque
502 2419 680 2484 hujus
714 2417 998 2470 haereseos
1028 2418 1228 2465 auctor
1259 2409 1388 2463 fuit.
1433 2406 1950 2461 Verumenimvero

297 2525 429 2566 cum
465 2509 647 2562 nimio
681 2502 1062 2576 philosophias
1119 2516 1318 2556 amore
1376 2505 1691 2566 teneretur,
1722 2496 1781 2551 in
1843 2513 1952 2552 an-

295 2605 451 2654 trum
486 2597 778 2669 quoddam
811 2595 1072 2658 secessit,
1107 2591 1202 2645 ubi
1257 2592 1398 2643 dum
1441 2589 1685 2658 jejunits
1733 2594 1956 2642 temere

304 2691 459 2745 vires
492 2691 755 2742 attenuat
778 2689 836 2738 et
864 2685 1142 2748 inllrmat,
1175 2679 1409 2733 tandem
1457 2677 1624 2748 panis
1684 2681 1741 2731 et
1793 2693 1956 2748 aqum

307 2776 556 2850 penuria
587 2778 856 2829 moritur.
917 2770 1134 2826 Omnes
1192 2768 1384 2839 itaque
1442 2767 1850 2835 hujuscemodi
1883 2767 1960 2821 vi-

307 2876 426 2926 tam
462 2884 628 2924 suam
665 2867 743 2920 ita
785 2863 1190 2926 instituerunt,
1249 2867 1312 2914 ut
1366 2859 1518 2914 circa
1569 2875 1660 2914 res
1707 2858 1960 2930 agendas

307 2957 481 3032 paulo
517 2956 845 3012 solertiores
876 2959 1092 3008 essent.

913 3064 1070 3120 CAP.
1104 3059 1355 3117 XXXVI.

804 3184 876 3238 De
909 3181 1128 3238 Essem‘s
1168 3180 1229 3233 in
1257 3177 1454 3247 specie.

379 3303 581 3359 Esseni
613 3301 855 3372 insuper
885 3313 1083 3352 amore
1139 3294 1376 3350 virtutis
1433 3311 1467 3349 a
1498 3292 1744 3364 nuptiis,
1773 3293 1853 3346 ita
1899 3308 1931 3346 u

308 3395 410 3466 qui
446 3392 715 3459 maxime,
749 3387 1139 3453 abstinebant,
1169 3382 1406 3438 divitias
1469 3399 1571 3454 pro
1631 3381 1815 3437 nihilo
1856 3383 1964 3436 du-

309 3485 540 3549 cebant,
575 3499 692 3536 una
750 3477 1004 3548 denique
1061 3477 1467 3528 vescebantur.
1525 3471 1752 3527 Privata
1807 3471 1965 3526 enim

313 3573 581 3646 publicos
614 3571 673 3625 in
706 3585 850 3624 usus
883 3563 1351 3636 comportabant,
1383 3565 1553 3631 turpe
1586 3561 1696 3615 rati
1747 3560 1794 3614 si
1836 3559 1968 3630 quis

315 3662 584 3737 privatim
619 3661 759 3734 quid
807 3657 1146 3714 divitiarum
1201 3651 1548 3724 possideret,
1609 3651 1762 3721 apud
1825 3665 1970 3720 quos

316 3754 540 3810 scilicet
565 3749 944 3807 fraternitatis
980 3744 1213 3799 nomine
1238 3743 1389 3798 bona
1418 3740 1968 3804 commiscebantur,

318 3854 376 3899 et
407 3856 752 3899 communes
784 3838 844 3893 in
882 3853 1022 3892 usus
1053 3836 1571 3906 depromebantur.
1631 3829 1801 3902 Apud
1853 3846 1973 3886 eos-

318 3937 451 3989 dem
489 3930 781 4005 squaloris
813 3927 1008 3984 studio
1041 3941 1184 3980 usus
1215 3923 1324 3978 olei
1381 3920 1582 3977 nullus
1639 3929 1758 3976 erat
1787 3937 1799 3976 :
1832 3937 1971 3975 can-

317 4025 492 4079 didus
528 4022 644 4077 illis
700 4019 862 4075 color
919 4016 1254 4072 arridebat:
1317 4017 1531 4067 vestem
1582 4015 1686 4065 aut
1750 4009 1973 4066 calceos

321 4119 580 4171 recentes
640 4127 754 4165 non
819 4107 935 4163 nisi
993 4105 1288 4176 prioribus
1347 4101 1575 4156 detritis
1631 4100 1972 4156 induebant.

321 4203 505 4258 Unum
541 4203 642 4254 aut
670 4197 849 4253 etiam
880 4195 1125 4248 alterum
1177 4192 1238 4245 in
1284 4204 1596 4245 commune
1637 4191 1977 4258 procurato-

322 4307 441 4345 rsm
475 4287 788 4342 habebant.
822 4283 1032 4337 Nullus
1063 4280 1220 4334 inter
1247 4277 1382 4334 illos
1438 4276 1746 4347 emptioni,
1774 4276 1975 4331 nullus

323 4377 636 4432 venditioni
665 4374 848 4437 locus,
884 4371 980 4426 sed
1015 4367 1292 4440 expositis
1323 4365 1514 4437 egenti
1547 4365 1673 4420 suis
1699 4365 1978 4421 omnibus

324 4467 570 4541 quilibet
600 4465 656 4518 id
684 4463 756 4518 ab
815 4460 912 4516 illo
970 4456 1227 4514 vicissim
1286 4455 1616 4526 recipiebat,
1663 4454 1816 4524 quod
1867 4451 1979 4508 sibi

326 4561 542 4613 deerat.
579 4555 698 4611 imo
729 4568 860 4607 vero
893 4548 1101 4606 alienis
1134 4548 1217 4601 uti
1251 4546 1475 4616 absque
1509 4547 1716 4598 mutua
1756 4543 1977 4615 gratiﬁ-

325 4648 551 4704 catione
585 4646 866 4717 poterant.
919 4643 1064 4695 Ante
1122 4635 1263 4692 solis
1321 4640 1514 4691 ortum
1571 4649 1806 4688 summa
1862 4633 1980 4688 illis
2013 4628 2056 4692 D

325 4738 514 4796 cautio
542 4741 687 4802 erat,
713 4750 785 4789 ne
816 4729 1042 4803 profani
1075 4726 1214 4800 quid
1275 4725 1592 4781 eﬂ‘utirent.
1635 4724 1720 4778 Ad
1776 4723 1981 4779 horam

325 4843 515 4899 usque
571 4824 832 4896 quintam
893 4820 1306 4890 operabantur.
1366 4813 1582 4870 Deinde
1659 4813 1718 4867 in
1800 4827 1979 4869 unum

325 4914 772 4978 conveniebant,
809 4910 1058 4979 lotisque
1098 4905 1312 4976 frigida
1360 4901 1637 4958 manibus
1686 4901 1744 4956 in
1796 4917 1984 4958 ccena-

323 5008 460 5066 culo
490 5003 968 5061 convivabantur.
1001 5001 1252 5052 Promus
1282 5007 1734 5066 panes,coquus
1767 5007 1836 5046 ex
1865 5008 1982 5048 uno

323 5106 381 5157 et
410 5097 613 5154 eodem
645 5093 840 5149 edulio
874 5088 1183 5151 ferculum,
1245 5088 1539 5157 praeeunte
1583 5083 1854 5154 precibus
1900 5099 1985 5140 sa-

324 5192 573 5255 cerdote,
629 5183 878 5257 singulis
935 5177 1281 5252 apponebat.
1344 5175 1471 5230 Non
1524 5173 1776 5230 clamore
1805 5175 1980 5244 aedes,

325 5296 442 5334 non
501 5275 758 5333 tumultu
819 5269 1349 5328 confundebantur.
1408 5265 1664 5320 Alternis
1723 5263 1877 5319 inter
1920 5281 1984 5320 se

325 5384 542 5440 perque
564 5368 717 5422 vices
747 5361 1251 5432 colloquebantur.
1283 5360 1401 5410 Sua
1421 5370 1554 5410 vero
1597 5353 1817 5422 absque
1849 5371 1983 5425 pro-

324 5462 661 5513 curatorum
693 5466 932 5510 assensu
973 5454 1032 5505 et
1063 5445 1371 5520 praesentia
1397 5443 1614 5498 nemini
1643 5444 1981 5514 erogabant.

327 5547 432 5602 Irae
464 5549 527 5599 ut
558 5542 853 5614 promi,ita
881 5534 1373 5596 excandescentia
1423 5534 1594 5588 condi
1633 5531 1980 5604 aequissimi.

327 5634 490 5690 Fidei
519 5633 810 5688 doctores.
844 5630 1012 5686 Pacis
1042 5624 1321 5683 ministri.
1362 5621 1659 5694 Quidquid
1716 5622 1984 5680 dixerant

330 5723 574 5798 maioris
605 5737 784 5795 quam
821 5718 1242 5792 jusjurandum
1302 5712 1575 5788 ponderis
1632 5715 1774 5770 erat.
1817 5714 1982 5770 Jura-

1943 3249 2036 3346 ιϐ

2037 628 2138 667 nes
2193 612 2528 684 Scripturas
2579 612 2938 682 evolvebant,
2997 631 3092 669 eas
3147 631 3279 672 vero
3338 617 3586 673 maxime
3618 635 3686 673 ex

2040 701 2255 772 quibus
2275 711 2560 774 praecepta
2592 705 2662 759 ad
2697 707 2925 759 animos
2983 705 3149 759 bonis
3211 707 3474 776 moribus
3504 708 3684 763 infor-

2044 793 2288 847 mandos
2324 793 2487 848 utilia
2517 794 2882 850 elicerentur.
2918 797 2996 848 Ad
3033 811 3095 849 se
3153 798 3436 853 adeuntes
3482 801 3692 867 proba-

2043 882 2208 950 bant,
2258 900 2474 955 eosque
2527 886 2760 939 tandem
2826 886 3182 942 fortitudinis
3239 892 3295 941 et.
3346 894 3690 947 constantia:

2046 972 2367 1044 specimine
2425 973 2676 1028 celebres
2729 973 2790 1028 in
2850 977 3206 1030 consortium
3297 977 3443 1034 ultro
3515 998 3691 1036 suum

2050 1064 2432 1118 ascisceliant.
2468 1063 2530 1118 In
2552 1065 2793 1134 judiciis
2824 1066 3367 1137 exactissimijuxta
3391 1075 3449 1125 et
3487 1071 3694 1141 justis-

2051 1152 2275 1209 simLIn
2309 1155 2720 1226 congressibus
2752 1159 2808 1210 et
2840 1154 3143 1226 colloquiis
3163 1159 3383 1212 mutuis
3413 1176 3696 1230 exspuere

2053 1242 2168 1299 illis
2201 1244 2401 1314 religio
2432 1251 2570 1299 erat.
2606 1244 2667 1299 In
2703 1245 2906 1316 primis
2939 1252 3133 1300 autem
3187 1248 3340 1302 mala
3389 1249 3699 1306 obﬁrmato

2054 1334 2250 1389 animo
2281 1334 2447 1388 nihili
2483 1332 2790 1402 faciebant,
2825 1341 3000 1406 atque
3050 1337 3277 1393 dolores
3325 1338 3548 1409 quidem
3591 1357 3707 1395 me-

2055 1423 2439 1478 ditationibus
2471 1425 2846 1494 superabant.
2867 1430 3022 1481 Mors
3055 1425 3170 1482 Illis
3203 1444 3330 1498 quin
3361 1444 3496 1484 cum
3528 1428 3703 1484 laude

2055 1519 2113 1568 et
2144 1512 2332 1584 gloria
2361 1513 2636 1580 obiretur,
2674 1514 3114 1571 immortalitate
3152 1517 3278 1586 ipsa
3329 1518 3518 1588 potior
3559 1523 3706 1574 erat.

2057 1607 2240 1672 Quare
2273 1604 2440 1658 multi
2473 1604 2523 1660 si
2554 1605 2785 1674 quando
2820 1616 3053 1678 propter
3103 1607 3290 1677 legem
3338 1608 3537 1680 flagris
3595 1625 3701 1665 cae-

2057 1693 2336 1749 derentur
2365 1711 2383 1748 :
2417 1709 2601 1765 neque
2631 1692 2861 1748 lorariis
2918 1694 3469 1764 adblandiebantur,
3520 1714 3709 1769 neque

2057 1783 2534 1856 lacrymabantur
2566 1800 2578 1838 :
2614 1783 2730 1839 imo
2764 1801 2900 1840 vero
2951 1790 3006 1840 et
3045 1788 3281 1842 verbera
3331 1787 3616 1855 ridebant,
3655 1792 3714 1844 et

3053 1875 3282 1931 animas
3358 1878 3712 1949 profundere

2053 1964 2258 2034 parati,
2293 1979 2361 2020 ac
2391 1965 2441 2018 si
2473 1963 2664 2020 denuo
2692 1965 2926 2019 easdem
2961 1965 3249 2036 recepturi
3297 1973 3518 2024 essent.
3546 1969 3708 2038 Apud

2049 2053 2213 2125 ipsos
2247 2053 2402 2108 enim
2439 2053 2750 2108 obfirmata
2781 2054 2901 2108 hazc
2947 2055 3144 2124 Opinio
3203 2055 3550 2124 invaluerat,
3585 2073 3712 2111 cor-

2056 2158 2192 2214 pora
2221 2142 2457 2213 quidem
2491 2143 2845 2214 corruptioni
2881 2144 3132 2200 obnoxia
3173 2162 3323 2214 esse,
3356 2145 3713 2216 perituram-

2055 2249 2167 2302 que
2199 2233 2500 2288 materiam
2534 2249 2651 2304 qua
2709 2238 2975 2288 constant
3038 2253 3051 2290 :
3106 2235 3334 2291 animas
3395 2243 3592 2292 autem
3649 2235 3709 2290 in

2056 2338 2240 2376 aevum
2279 2324 2702 2392 sempiternum
2728 2339 3086 2394 permanere,
3141 2340 3266 2394 quas
3326 2334 3479 2381 certe
3516 2325 3712 2381 nescio

2060 2429 2172 2484 quo
2245 2418 2466 2465 naturas
2524 2411 2838 2481 lenocinio,
2926 2414 3216 2484 quibusve
3303 2414 3592 2471 illecebris
3645 2415 3716 2470 ab

2061 2502 2271 2557 aethere
2303 2501 2616 2571 purissimo
2649 2502 2912 2568 divulsus,
2973 2509 3143 2575 atque
3201 2506 3260 2560 in
3321 2521 3560 2572 corpora
3616 2506 3719 2560 de—

2065 2591 2280 2656 missae,
2336 2590 2455 2644 illis
2511 2596 2789 2662 tanquam
2879 2593 3211 2649 carceribus
3297 2603 3719 2664 coercerentur,

2065 2681 2302 2736 tandem
2335 2697 2465 2734 vero
2524 2682 2752 2736 carneis
2811 2681 2964 2736 hisce
3015 2683 3265 2739 vinculis
3314 2683 3612 2753 exsolutis,
3667 2689 3724 2741 et

2067 2770 2234 2842 quasi
2295 2770 2574 2824 diuturna
2621 2770 2900 2826 servitute
2963 2770 3243 2839 liberatae,
3309 2778 3449 2828 tunc
3518 2776 3724 2843 utique

2068 2859 2475 2932 gauderent,et
2497 2858 2552 2913 in
2579 2858 2832 2915 sublime
2881 2861 3187 2916 ferrentur.
3221 2867 3410 2934 Atque
3444 2867 3506 2917 ut
3538 2864 3724 2918 bono-

2070 2965 2200 3004 rum
2237 2948 2473 3019 quidem
2509 2948 2718 3004 animaa
2743 2949 2883 3020 (qua
2916 2949 2970 3004 in
2992 2967 3052 3004 re
3073 2951 3286 3006 Graecis
3329 2950 3725 3026 consentiunt)

2073 3056 2302 3094 amoena
2333 3041 2596 3108 quaedam
2631 3038 2755 3094 loca
2811 3055 2989 3112 supra
3045 3040 3342 3097 Oceanum
3390 3042 3729 3114 incolerent,

2075 3145 2206 3200 quae
2234 3144 2422 3200 neque
2457 3128 2768 3196 imbribus,
2805 3145 2990 3200 neque
3023 3130 3278 3200 nivibus,
3333 3148 3518 3204 neque
3576 3131 3732 3188 calo—

2078 3220 2241 3274 ribus
2275 3218 2715 3290 intestarentur,
2773 3219 2872 3274 sed
2927 3220 3144 3290 quibus
3201 3221 3274 3276 ab
3333 3219 3734 3276 Oceanolevis

2077 3323 2217 3362 aura
2243 3306 2478 3379 zephyri
2509 3309 2827 3378 aspiraret:
2863 3309 3149 3364 malorum
3183 3326 3315 3366 vero
3349 3311 3420 3365 ad
3485 3310 3736 3366 tenebri-

2078 3413 2212 3452 cosa
2242 3401 2298 3451 et
2328 3395 2584 3468 hyberno
2616 3397 2828 3468 frigore
2879 3397 3147 3469 rigentia,
3204 3398 3455 3471 denique
3508 3399 3733 3471 suppli-

2078 3486 2185 3542 ciis
2211 3503 2384 3542 omne
2413 3502 2600 3557 genus
2633 3503 2930 3558 nunquam
2963 3489 3243 3544 desituris
3291 3491 3574 3546 scatentia
3610 3491 3732 3545 loca

2078 3577 2580 3648 protruderentur.
2640 3578 2709 3632 Et
2766 3579 2909 3634 mihi
2970 3579 3205 3651 quidem
3291 3582 3472 3636 Graaei
3535 3581 3734 3638 eodem

2081 3664 2326 3720 consilio
2359 3665 2606 3720 fortibus
2647 3665 2789 3722 viris
2846 3670 3018 3738 (quos
3077 3668 3280 3724 heroas
3336 3674 3394 3725 et
3446 3669 3738 3726 semideos

2080 3756 2166 3812 illi
2236 3757 2461 3827 vocant)
2552 3757 2999 3814 Fortunatorum
3062 3759 3289 3815 insulas
3345 3776 3742 3832 consecrasse,

2081 3845 2400 3917 impiorum
2435 3850 2640 3901 contra
2671 3847 2897 3902 animas
2929 3848 3076 3904 Orco
3116 3849 3268 3920 (quas
3324 3849 3736 3906 sceleratorum

2084 3937 2253 3993 sedes
2283 3938 2391 4002 est)
2424 3936 2720 3992 addixisse
2752 3937 3040 4006 videntur,
3078 3941 3170 3993 ubi
3223 3939 3398 3994 etiam
3435 3940 3739 4012 Sisyphos,

2084 4028 2641 4094 Tantaloslxionas,
2673 4035 2730 4085 et
2760 4029 2954 4102 Tityos
2987 4033 3269 4104 quosdam
3304 4032 3527 4088 meritis
3585 4034 3744 4090 affici

2087 4119 2272 4189 pinnis
2305 4119 2364 4172 in
2399 4119 2609 4172 fabulis
2638 4126 2744 4173 est.
2781 4119 3036 4175 Primum
3072 4121 3260 4192 itaque
3305 4137 3587 4192 perennes
3615 4124 3743 4179 ani-

2087 4226 2215 4264 mas
2247 4223 2374 4264 esse
2405 4214 2762 4278 supponunt,
2803 4209 3013 4266 deinde
3045 4215 3112 4266 ad
3148 4214 3424 4268 virtutum
3477 4229 3748 4283 persecu-

2088 4299 2309 4354 tionem
2333 4299 2721 4370 vitiorumque
2781 4301 2970 4369 fugam
3034 4301 3376 4358 hominibus
3434 4319 3745 4359 concessas

2091 4388 2408 4451 afﬁrmant,
2440 4398 2739 4459 propterea
2795 4391 2946 4460 quod
3004 4391 3112 4446 viri
3171 4394 3329 4457 boni,
3362 4395 3624 4466 quandiu
3661 4395 3744 4449 vi-

2089 4481 2254 4540 vunt,
2290 4475 2558 4532 meliores
2615 4479 2882 4546 evadunt,
2945 4489 3099 4536 certa
3150 4497 3253 4554 spe
3310 4483 3567 4550 adducti,
3630 4483 3750 4538 fore

2092 4572 2155 4621 ut
2177 4575 2300 4636 post
2332 4566 2556 4621 obitum
2592 4567 2668 4640 in
2689 4568 2905 4624 honore
2938 4568 3283 4636 habeantur,
3333 4573 3744 4628 sceleratorum

2090 4665 2290 4712 contra
2323 4656 2564 4712 aii‘ectus
2597 4657 2678 4712 ita
2709 4666 2863 4714 metu
2908 4661 3348 4731 praepediantur,
3409 4667 3471 4716 ut
3513 4663 3750 4718 etiamsi

2090 4747 2150 4802 in
2181 4746 2295 4800 vita
2325 4746 2560 4814 lateant,
2603 4755 2729 4817 post
2790 4757 3036 4806 mortem
3093 4753 3289 4807 tamen
3350 4757 3572 4806 certum
3633 4752 3746 4807 sibi

2091 4835 2334 4892 exitium
2359 4841 2709 4908 exspectent.

2687 4991 2843 5046 CAP.
2877 4993 3159 5050 XXXVII.

2365 5144 2687 5203 Iudaeorum
2716 5147 2778 5202 in
2806 5155 3005 5220 septem
3029 5155 3213 5205 sectas
3243 5149 3460 5208 divisio.

2166 5265 2247 5319 Ex
2276 5263 2614 5334 huiusmodi
2648 5267 2993 5324 Essenorum
3029 5267 3256 5326 vivendi
3305 5271 3442 5340 ritu,
3503 5271 3562 5326 ni
3623 5288 3750 5329 mea

2094 5369 2187 5409 me
2219 5352 2365 5409 fallit
2393 5355 2612 5423 opinio,
2673 5361 2960 5413 nostrates
3015 5359 3267 5414 Nazaraei
3323 5359 3598 5432 pleraque
3640 5377 3750 5424 sua

2093 5445 2362 5502 instituta
2391 5445 2900 5516 deprompserunt,
2935 5451 3201 5520 quamvis
3251 5455 3309 5507 et
3363 5451 3463 5509 illa
3492 5457 3754 5525 tempore

2092 5535 2521 5590 interciderent.
2554 5536 2839 5595 Caeterum
2872 5541 3104 5606 tandem
3133 5539 3481 5599 Judaismus
3531 5542 3594 5600 in
3645 5544 3756 5600 Sa-

2092 5626 2346 5690 duceeos,
2376 5624 2628 5693 Scribas,
2662 5625 3002 5696 Phan-imos,
3051 5628 3606 5704 Hemerobaptistas,
3633 5631 3754 5688 Na-

2092 5729 2319 5780 zareos,
2353 5713 2593 5784 Essenos,
2626 5721 2681 5772 et
2711 5714 3068 5775 Herodianos
3094 5710 3312 5776 divisus
3339 5725 3447 5778 est.
