4052 6420
275 416 429 481 1123

852 548 1010 608 CAP.
1043 545 1360 606 XXXVIII.

898 669 975 723 De
1000 665 1305 723 Seduni.

339 797 409 850 Et
441 791 844 849 Dositheorum
869 793 1021 844 certe
1044 786 1199 842 velut
1230 784 1458 842 avulsio
1490 781 1759 856 quaedam
1825 779 1938 835 ira.

270 887 649 955 gmentumve
676 880 942 934 Saducasi
1000 880 1165 933 sunt.
1219 875 1483 930 Saducaai
1541 876 1737 928 autem
1765 867 1935 944 quasi

265 973 411 1044 justi
444 973 738 1026 dicuntur.
771 972 955 1023 Sadoc
986 966 1139 1022 enim
1173 964 1430 1020 Hebraeis
1453 966 1656 1035 justus
1717 966 1831 1017 est.
1869 958 1934 1015 lli

271 1078 443 1134 pnrro
477 1065 838 1115 mortuorum
900 1057 1387 1114 resurrectionem
1440 1051 1796 1124 improbant,
1830 1065 1931 1105 an-

270 1152 428 1223 gelos
458 1164 568 1205 non
606 1148 949 1212 admittunt,
981 1145 1266 1217 Spiritum
1320 1149 1586 1199 sanctum
1640 1141 1931 1212 ignorant.

273 1243 339 1297 In
367 1237 589 1295 caeteris
615 1236 887 1293 omnibus
918 1252 1052 1292 cum
1086 1233 1379 1289 Dositheis
1408 1232 1787 1288 conveniunt.

884 1351 1039 1407 CAP.
1072 1349 1313 1407 XXXIX.

916 1483 993 1536 De
1025 1479 1259 1536 Scribis.

338 1602 551 1659 Scribas
586 1605 780 1657 autem
821 1598 970 1671 legis
1028 1592 1375 1670 δευτερωταὶ,
1408 1593 1521 1650 hoc
1572 1595 1659 1649 est
1716 1607 1932 1649 secun-

267 1689 417 1747 darii
445 1688 922 1752 denominantur,
947 1685 1067 1743 sive
1091 1684 1178 1739 illi
1201 1684 1302 1756 qui
1353 1681 1704 1738 traditiones
1734 1686 1789 1736 et
1818 1694 1896 1733 cae
1915 1708 1928 1718 -

269 1778 563 1837 remonias
596 1778 667 1834 ad
692 1776 878 1849 legem
902 1774 1270 1846 adjiciebant.
1293 1771 1596 1844 Siquidem
1628 1768 1927 1826 seniorum

1586 407 1900 472 NICETE
1940 406 2375 471 CHONIATE

1962 548 2018 615 Α
2047 543 2545 603 immortalitatem
2576 544 2918 616 tribuerent,
2946 544 3230 603 bonorum
3263 552 3420 605 certe
3469 552 3730 607 tantum

2042 636 2268 692 animas
2325 636 2384 692 in
2448 635 2559 693 alia
2616 635 2864 694 transire
2919 653 3180 708 corpora,
3240 637 3528 695 malorum
3577 658 3736 699 vero
3842 642 3849 645 “

3552 414 3736 477 1124

2044 727 2272 784 aeternis
2302 725 2493 782 addici
2525 725 2829 798 suppliciis
2860 725 3166 783 docebant.

2564 839 2633 894 De
2662 839 3166 910 Hemerobaptistis.

2703 947 2853 1003 CAP.
2889 947 3029 1002 XLI.

2114 1063 2623 1135 Hemerobaptistas
2647 1063 2704 1119 in
2735 1062 2845 1121 hoc
2877 1065 3159 1120 duntaxat
3216 1080 3250 1120 a
3310 1064 3619 1123 Pharisaais
3648 1077 3706 1125 et

2043 1152 2263 1208 Scribis
2293 1152 2662 1222 differebant,
2695 1154 2849 1224 quod
2883 1154 3010 1209 ﬁeri
3041 1170 3156 1209 non
3204 1169 3378 1224 posse
3423 1154 3703 1225 dicerent,

2044 1250 2104 1296 ut
2134 1243 2437 1313 quisquam
2469 1243 2667 1299 salvus
2697 1245 2985 1310 evaderet,
3013 1243 3129 1301 nisi
3156 1244 3255 1315 qui
3303 1244 3553 1316 singulis
3577 1246 3700 1301 die-

2043 1332 2152 1388 bus
2179 1348 2341 1389 sacro
2366 1332 2712 1405 baptismate
2741 1335 3082 1403 tingeretur.

2658 1452 2730 1507 De
2757 1452 3075 1509 Nazarxt‘s.

2683 1557 2840 1615 CAP.
2875 1559 3042 1615 XLII.

2109 1668 2382 1737 Nazarzni,
2414 1666 2518 1740 qui
2567 1667 2639 1740 (si
2693 1667 2958 1724 vocabuli
3019 1668 3132 1724 vim
3177 1668 3606 1741 interpreteris)
3646 1669 3727 1726 ii-

2038 1758 2170 1814 dem
2202 1764 2338 1813 sunt
2368 1757 2470 1829 qui
2499 1761 2555 1813 et
2583 1754 2928 1832 ἀφηνιασταὶ,
2962 1758 3017 1813 id
3051 1765 3160 1826 est,
3194 1758 3458 1824 rebelles,
3518 1759 3723 1829 patri-

273 1869 613 1926 traditiones
674 1845 1022 1939 Sed-repetiui:
1082 1861 1544 1936 appellabantur.
1601 1859 1692 1927 Hi,
1754 1862 1818 1914 ut
1868 1857 1927 1912 in
1967 1937 1991 1939 ξ
2036 1845 2239 1939 ﬁctilis
2269 1861 2493 1914 οωῐιθεν
2525 1862 2776 1939 (Ιυςπυφ
2808 1846 2867 1901 in
2919 1845 3132 1939 Btbliisg
3171 1846 3439 1939 Mosaicis
3489 1847 3724 1904 mentio

269 1959 493 2015 caeteris
525 1973 656 2014 cum
686 1935 1027 2012 Judaeorum
1077 1935 1245 2025 vulgo
1292 1951 1695 2017 convenirent,
1725 1964 1923 2020 supcr-
1963 1937 2009 2002 Β
2042 1936 2126 2025 αἱ.
2159 1936 2500 2009 Mosemque
2558 1935 2703 1992 adeo
2764 1935 2961 2008 ipsum
3019 1936 3331 2025 recipiunt.
3393 1942 3728 1994 Pentateu-

272 2047 407 2104 ﬂuis
436 2053 629 2103 tamen
662 2046 857 2102 nescio
887 2045 1103 2117 quibus
1135 2039 1637 2097 observationibus
1687 2036 1924 2106 addicti,

270 2153 505 2205 urccos,
538 2134 763 2209 pocula,
799 2134 1047 2207 patinas,
1073 2138 1130 2189 et
1161 2138 1368 2187 caetera
1424 2130 1481 2185 id
1530 2145 1715 2201 genus
1766 2142 1930 2182 men-

272 2228 417 2285 salia
445 2239 939 2297 vasa,pugnoque
994 2224 1141 2278 facto
1197 2238 1332 2277 suas
1390 2221 1653 2293 ipsorum
1719 2232 1930 2273 manus

275 2315 589 2374 curiosiore
619 2312 1028 2386 superstitione
1055 2311 1386 2367 abluebant.
1414 2307 1664 2365 Vascula
1688 2307 1931 2377 insuper

271 2416 404 2464 ante
436 2404 888 2477 perpurgabant,
951 2418 1127 2474 quam
1180 2400 1340 2456 cibos
1389 2415 1460 2454 ex
1490 2396 1605 2454 illis
1629 2400 1926 2469 caperent.

273 2495 634 2562 Dalmaticis,
668 2510 796 2566 quas
830 2508 989 2549 nunc
1018 2490 1245 2547 colobia
1302 2490 1597 2563 dicuntur,
1645 2504 1930 2560 purpura-

272 2603 385 2660 que
417 2588 832 2658 przetexuntur,
860 2580 1074 2650 induti,
1108 2579 1463 2653 phylacteria
1518 2596 1626 2634 sua
1682 2582 1936 2635 ostenta-

282 2675 443 2743 bant,
485 2673 681 2729 breves
740 2669 1017 2726 nimirum
1072 2668 1345 2738 cartulas,
1400 2668 1611 2739 quibus
1661 2666 1936 2738 inscripta

270 2765 366 2822 lex
392 2771 533 2832 erat,
569 2777 716 2834 quas
746 2759 836 2816 illi
894 2759 1168 2831 pretiosis
1228 2759 1421 2814 fasciis
1477 2763 1728 2828 ornatas,
1770 2774 1940 2813 aurc-

279 2872 394 2929 quc
423 2854 752 2921 distinctas,
788 2859 1059 2922 tanquam
1092 2849 1424 2906 Judteorum
1462 2848 1747 2920 magistri,
1779 2847 1938 2905 defe-

279 2946 504 3003 rebant.
566 2940 840 3000 Fimbriae
898 2944 1174 3013 praeterea
1230 2938 1301 2995 ab
1380 2938 1616 2994 illorum
1681 2937 1940 2994 vestibus

282 3032 798 3108 promittebantur,
830 3034 1193 3102 quatuorque
1239 3025 1396 3083 stolas
1455 3028 1789 3082 eorumdem
1829 3026 1939 3082 alis

277 3125 439 3181 aurei
472 3120 750 3194 corymbi,
785 3118 1070 3174 malorum
1129 3116 1472 3188 punicorum
1535 3114 1937 3183 similitudine,

276 3213 436 3270 affixi
467 3216 656 3274 erant,
689 3225 806 3281 quo
839 3212 1102 3278 tempore
1131 3204 1369 3260 illorum
1410 3204 1703 3275 quispiam
1754 3204 1940 3260 conti-

276 3306 472 3367 nebat,
505 3307 603 3355 aut
630 3295 1018 3368 virginitatem
1051 3292 1368 3349 exercebat.

931 3411 1092 3470 CAP.
1125 3409 1240 3466 XL.

883 3531 962 3585 De
992 3526 1313 3585 Pharisaei}.

352 3657 427 3709 At
466 3648 741 3707 Pharisaei
796 3645 958 3704 cultu
1009 3646 1314 3720 religionis
1371 3644 1650 3703 exteriore
1706 3646 1937 3704 Scribas

270 3744 443 3818 longe
475 3740 856 3814 superabant,
891 3754 1138 3811 quorum
1172 3736 1272 3794 alii
1329 3735 1562 3793 tabulas
1622 3737 1739 3793 sibi
1799 3737 1936 3794 lati-

270 3832 476 3890 tudine
507 3829 862 3902 bipalmares
893 3827 1305 3900 subjiciebant,
1338 3831 1404 3882 ut
1459 3827 1509 3882 si
1570 3828 1793 3898 quando
1823 3826 1935 3883 sub

270 3926 501 3980 noctem
531 3934 740 3976 somno
769 3916 905 3973 victi
937 3917 997 3972 in
1028 3916 1421 3989 pavimentum
1460 3916 1930 3986 procumberent,

269 4009 577 4068 confestim
635 4007 1015 4079 expergefacti
1071 4005 1304 4061 Numen
1361 4012 1754 4077 precarentur.
1814 3995 1935 4061 Alii

270 4098 530 4160 calculos
562 4102 664 4154 aut
698 4096 898 4167 spinas
925 4095 1036 4152 sibi
1069 4093 1652 4161 substernebant,alii
1685 4095 1753 4151 ad
1785 4111 1931 4168 prte-

271 4190 506 4246 ﬁnitum
537 4193 771 4259 tempus
799 4184 861 4242 in
891 4183 1222 4257 virginitate
1281 4183 1590 4255 degebant,
1632 4186 1808 4255 atque
1851 4184 1931 4241 ita

269 4279 369 4336 alii
398 4279 467 4335 ad
499 4276 817 4343 decimum,
849 4272 947 4330 alii
983 4274 1049 4329 ad
1083 4276 1378 4342 octavum,
1410 4271 1509 4329 alii
1540 4273 1611 4329 ad
1655 4278 1928 4346 quartum

272 4383 462 4439 usque
491 4379 709 4422 annum
743 4363 1214 4434 perseverabant,
1256 4362 1441 4419 donec
1495 4361 1557 4417 in
1608 4362 1825 4419 somnis
1856 4365 1929 4420 ad

270 4456 515 4513 Veneris
546 4455 699 4509 furta
755 4452 1212 4507 stimularentur.
1267 4451 1367 4507 Bis
1423 4451 1484 4507 in
1529 4451 1802 4520 Sabbato,
1835 4470 1928 4509 se-

265 4547 455 4605 cunda
487 4542 768 4599 nimirum
798 4545 856 4597 et
878 4540 1082 4610 quinta
1108 4539 1271 4608 feria,
1322 4540 1690 4612 jejunabant.
1754 4542 1928 4601 Porro

260 4636 687 4695 Pharisaeorum
720 4647 924 4688 nomen
957 4631 1181 4703 indepti
1213 4635 1463 4699 sunt,“ut
1516 4632 1612 4704 qui
1672 4635 1743 4690 ab
1773 4634 1922 4704 aliis,

262 4744 379 4802 pra:
434 4723 841 4798 hujuscemodi
923 4720 1305 4794 philosOpbias
1387 4721 1605 4790 studio,
1682 4725 1934 4796 sejuncti

269 4818 633 4874 essent.Nam
669 4812 883 4869 Phares
905 4810 1163 4867 Hebraeis
1212 4810 1365 4865 idem
1401 4815 1505 4875 est,
1562 4811 1664 4883 qui
1717 4814 1930 4871 Graecis

265 4904 667 4981 ἀφωρισμένος,
700 4906 756 4959 et
805 4900 1030 4956 Latinis
1086 4904 1437 4970 segregatus.
1497 4900 1587 4955 Illi
1650 4906 1930 4973 prasterea

271 5000 632 5051 mortuorum
667 4991 1174 5057 resurrectionem,
1228 4988 1470 5061 angelos
1528 4993 1585 5045 et
1644 4990 1925 5063 Spiritum

270 5086 765 5146 sanctum,contra
781 5080 1190 5136 Saducaeorum
1217 5078 1447 5150 dogma,
1477 5079 1922 5137 conﬁtebantur.

268 5172 449 5228 Iidem
485 5171 600 5226 fato
630 5175 687 5226 et
708 5168 1080 5225 astronomiae
1113 5166 1321 5222 intenti
1352 5182 1386 5221 a
1425 5168 1678 5239 gravidis
1725 5171 1923 5242 conju-

268 5263 443 5333 gibus
473 5259 872 5324 abstinebant,
936 5273 1052 5328 quo
1107 5257 1256 5312 facto
1303 5272 1363 5312 se
1402 5272 1518 5312 non
1551 5256 1921 5318 fruendarum

268 5349 659 5422 voluptatum,
690 5348 791 5403 sed
828 5345 1138 5401 liberorum
1183 5345 1691 5415 suscipiendorum
1737 5351 1925 5422 gratia

269 5455 475 5496 uxores
520 5438 755 5493 duxisse
813 5434 1244 5506 rigatiiCabant.
1305 5433 1521 5492 Balnea
1580 5437 1733 5507 apud
1790 5440 1923 5497 illos

267 5528 506 5583 feminis
537 5526 759 5595 velatis,
787 5523 1283 5597 quemadmodum
1343 5531 1398 5579 et
1451 5525 1587 5582 viris
1636 5528 1920 5603 subligari

267 5615 613 5692 precinctis,
674 5614 1177 5690 permittebantur.
1233 5612 1307 5671 Ut
1383 5616 1594 5675 animis
1647 5621 1923 5680 omnibus

330 5741 354 5778 ⁷
382 5742 528 5795 Gen.
563 5754 727 5813 XLII,
759 5741 847 5798 10.

1958 4687 2012 4752 D

2036 2024 2214 2081 chum
2248 2041 2379 2080 vero
2431 2025 2785 2098 improbant,
2847 2030 3017 2096 atque
3074 2024 3248 2082 aliam
3309 2025 3456 2082 Mosi
3514 2026 3721 2098 legem

2039 2117 2234 2172 datam
2270 2114 2450 2171 fuisse
2475 2116 2858 2183 contendunt,
2894 2131 3011 2188 quo
3071 2115 3137 2170 ﬁt
3194 2119 3260 2171 ut
3314 2116 3386 2172 ab
3420 2116 3723 2173 animatis

2039 2205 2314 2261 omnibus
2358 2203 2715 2273 abstineant,
2778 2204 3073 2275 nullisque
3132 2206 3391 2261 cruentis
3449 2206 3722 2264 victimis

2040 2294 2100 2350 in
2132 2294 2438 2351 sacrificiis
2471 2298 2734 2351 utantur.

2685 2402 2835 2459 CAP.
2865 2403 3050 2460 XLIII.

2041 2518 2114 2574 De
2142 2517 2365 2587 Essaet's,
2394 2524 2448 2573 et
2490 2517 2655 2573 Elxai
2708 2517 3198 2589 pseudopropheta,
3252 2526 3303 2574 et
3348 2519 3472 2588 eius
3526 2521 3715 2589 fratre

2232 2590 2405 2647 Iessea
2434 2605 2559 2645 cum
2585 2589 2866 2646 sororibus
2886 2590 3093 2648 Martha
3113 2595 3166 2647 et
3194 2590 3504 2648 Marthana.

2115 2696 2293 2754 Εεεωί
2324 2702 2538 2753 cuncta
2591 2714 2655 2753 ex
2712 2696 2860 2770 legis
2919 2697 3257 2770 praescripto
3314 2702 3611 2770 gerentes,
3651 2703 3722 2755 ut

2044 2803 2223 2860 supra
2252 2786 2534 2857 dixi,aliis
2564 2801 2795 2859 quoque
2829 2790 3036 2859 prater
3066 2786 3253 2857 legem
3288 2786 3527 2860 scriptis
3579 2795 3716 2844 ute-

2044 2876 2276 2933 bantur.
2339 2875 2780 2947 Abjectissimos
2837 2876 2895 2931 id
2954 2877 3214 2932 nominis
3264 2880 3322 2932 et
3386 2875 3719 2933 vilissimas

2046 2966 2363 3039 significat.
2423 2964 2543 3021 Illis
2609 2964 2769 3021 Elxai
2851 2964 3090 3037 quidam
3166 2965 3713 3038 pseudopropheta,

2046 3071 2363 3128 rerumque
2392 3054 2779 3111 laudabilium
2814 3059 3145 3127 corruptor,
3203 3055 3427 3127 Trajani
3481 3054 3702 3110 Roma-

2048 3160 2255 3200 norum
2286 3144 2653 3216 imperatoris
2704 3143 3070 3217 temporibus
3129 3160 3193 3200 se
3234 3143 3559 3216 conjunxit,
3595 3143 3708 3215 qui

2046 3232 2262 3289 Christi
2282 3232 2341 3288 in
2367 3248 2541 3289 carne
2561 3233 2876 3290 adventum
2901 3233 3699 3307 negabat,virginitstemque

1974 3310 2018 3379 C
2046 3328 2105 3380 et
2127 3323 2547 3379 continentiam
2577 3323 2911 3380 detestatus
2940 3323 3015 3379 ad
3057 3324 3294 3396 nuptias
3351 3321 3697 3379 exhortaba-

2049 3419 2167 3471 tur.
2203 3415 2359 3471 Elxai
2386 3414 2525 3471 huic
2556 3415 2794 3471 fratrem
2844 3414 3026 3471 fuisse
3084 3414 3270 3486 aiunt,
3330 3414 3432 3487 qui
3490 3414 3708 3470 lezssus

2053 3505 2364 3576 diceretur,
2404 3508 2744 3578 posteaque,
2799 3504 2998 3577 magni
3056 3503 3282 3561 scilicet
3336 3502 3709 3560 Constantini

2046 3595 2431 3667 temporibus,
2464 3612 2583 3651 una
2613 3611 2746 3651 cum
2779 3595 3011 3651 duabus
3028 3594 3330 3651 sororibus
3351 3593 3704 3660 innotuerit,

2049 3702 2176 3759 quas
2206 3687 2409 3743 eodem
2443 3702 2555 3758 quo
2604 3685 2702 3741 ille
2757 3700 2971 3758 genere
3028 3688 3322 3758 prognatae
3385 3683 3709 3748 ferrentur,

2047 3775 2272 3832 Martho
2302 3774 2520 3833 scilicet
2545 3780 2605 3832 et
2640 3774 2965 3843 Marthana,
3024 3773 3245 3846 quibus
3302 3789 3499 3830 errore
3557 3773 3718 3829 deli-

2048 3865 2174 3921 buti
2205 3864 2497 3936 homines,
2528 3872 2807 3937 tanquam
2841 3864 3062 3921 deabus
3096 3880 3129 3919 a
3157 3862 3363 3920 divinu
3416 3861 3581 3919 Elxai
3612 3880 3715 3919 se-

2047 3955 2207 4012 mine
2236 3953 2558 4028 prognatis,
2590 3954 2860 4011 divinum
2888 3954 3112 4010 cultum
3171 3952 3537 4011 exhiberent.
3579 3952 3715 4009 Ca3-

2043 4048 2232 4102 terum
2267 4045 2423 4101 Elxai
2451 4044 2767 4116 potentiam
2798 4043 3090 4100 occultam
3116 4046 3174 4099 et
3203 4058 3477 4099 arcanam
3511 4042 3711 4113 signi-

2046 4134 2200 4192 ﬁcat.
2233 4133 2300 4192 El
2331 4133 2487 4191 enim
2518 4133 2778 4191 Hebraeis
2809 4133 3086 4207 potentia,
3119 4132 3226 4189 Xai
3274 4131 3506 4190 occulta
3550 4132 3714 4189 dici-

2041 4224 2103 4278 tt:
2112 4237 2160 4278 r.

2676 4328 2829 4384 CAP.
2862 4325 3057 4385 XLIV.

2643 4437 2715 4493 De
2745 4436 3088 4492 Herodianz's.

2115 4546 2423 4604 Herodiani
2458 4545 2528 4602 ab
2552 4545 2777 4602 Herode
2832 4543 3118 4619 Antipatri
3176 4542 3300 4600 ﬁlio
3361 4559 3575 4600 nomen
3611 4558 3712 4600 ac-

2040 4643 2340 4708 ceperunt.
2389 4634 2696 4706 Antipater
2747 4634 2906 4691 enim
2963 4633 3332 4691 Ascalonites
3391 4650 3426 4688 a
3477 4633 3713 4690 Judmis

2044 4730 2252 4799 captus
2279 4730 2337 4781 et
2364 4725 2654 4781 abductus
2689 4725 2976 4781 Herodem
3040 4723 3211 4779 illum
3266 4722 3546 4795 suscepit,
3600 4724 3711 4796 qui

2047 4813 2259 4872 Christi
2292 4813 2653 4886 temporibus
2682 4829 2895 4885 pueros
2927 4811 3234 4870 interfecit.
3295 4813 3555 4868 Tandem
3604 4816 3713 4868 De-

2041 4907 2248 4962 metrio
2280 4902 2745 4960 familiarissime
2795 4903 3168 4975 conjunctus,
3223 4901 3516 4973 Judasque
3564 4917 3705 4973 pro-

2038 4999 2273 5052 curator
2300 4993 2566 5059 eii'ectus,
2598 4993 2852 5062 seipsum
2885 5008 3018 5047 cum
3040 4992 3265 5048 Herode
3296 4991 3419 5046 ﬁlio
3450 4991 3706 5046 circum-

2037 5085 2350 5143 cidendum
2383 5085 2629 5141 curavit.
2659 5084 2761 5140 Hic
2787 5085 3047 5141 Herodes
3098 5090 3299 5153 postea
3350 5098 3486 5138 cum
3536 5080 3693 5138 Julio

2034 5173 2268 5243 Cesari,
2301 5173 2573 5241 Antonio,
2609 5178 2665 5228 et
2702 5175 2965 5244 Augusto
3024 5170 3409 5240 innotuissct,
3467 5170 3704 5226 Judzeo-

2035 5278 2165 5319 rum
2198 5277 2376 5334 regno
2408 5261 2716 5334 praefectus
2746 5265 2852 5317 est.
2886 5260 3159 5318 Nonnulli
3186 5276 3322 5331 ergo
3368 5257 3538 5314 illum
3571 5274 3706 5315 esse

2032 5353 2334 5411 Christum
2367 5353 2827 5421 arbitrabantur,
2884 5353 3086 5410 Jacobi
3148 5351 3374 5408 scilicet
3420 5349 3707 5407 vaticinia

2032 5444 2290 5510 adducti,
2327 5444 2479 5515 quod
2514 5444 2591 5499 ita
2646 5443 2842 5500 canit:
2901 5444 3020 5500 Non
3074 5442 3287 5514 deﬁciet
3348 5440 3468 5495 dua:
3523 5453 3710 5511 neque

2030 5535 2286 5605 princeps
2314 5532 2378 5589 de
2404 5535 2614 5603 femore
2642 5533 2787 5605 ejus,
2817 5532 2989 5589 donec
3017 5530 3208 5588 veniat
3255 5531 3349 5587 cui
3395 5530 3713 5601 repositum

2029 5632 2112 5681 est
2136 5622 2181 5694 ⁷,
2211 5623 2426 5680 idcirco
2456 5623 2772 5680 Hcrodiani
2805 5621 3210 5679 nominantur.
