4052 6376
259 379 416 447 1125

885 503 1038 562 CAP.
1070 501 1231 558 XLV.

741 624 903 680 Libri
929 618 1109 694 primi
1137 617 1413 690 Epilogus.

322 751 512 820 Atque
570 744 656 799 hie
709 741 945 814 quidem
1006 741 1144 793 sunt
1201 735 1449 790 haereses
1507 745 1635 802 qua
1692 725 1904 782 Christi

257 841 316 897 in
351 855 525 896 carne
557 837 866 892 adventum
901 836 1334 902 praecesserunt,
1356 841 1458 880 nec
1481 829 1673 877 tamen
1700 834 1907 874 omnes

259 930 601 1002 improbata:
642 931 799 993 sunt,
820 933 908 978 ast
942 923 1050 975 illas
1087 924 1477 988 tantum,qua3
1511 911 1686 968 Mosis
1719 909 1904 980 legem

256 1020 645 1090 antiquabant
677 1015 918 1085 ejusque
954 1010 1181 1081 placitis
1219 1009 1696 1060 adversabantur.
1733 1002 1906 1056 Porro

257 1111 679 1166 Pharisaeorum
738 1111 795 1160 et
851 1103 1185 1160 Scribarum
1245 1099 1612 1160 traditiones,
1655 1094 1705 1149 si
1773 1108 1907 1147 cum

249 1199 395 1271 legis
425 1195 680 1254 oraculis
711 1196 1184 1254 observarentur,
1218 1186 1362 1243 nihil
1422 1183 1743 1258 praejudicii
1803 1199 1906 1254 pa-

256 1289 505 1343 riebant.
540 1285 686 1340 Nam
720 1283 857 1352 quid
883 1279 1101 1350 alioqui
1127 1277 1460 1333 detrimenti
1485 1291 1552 1330 ex
1603 1288 1906 1329 urceorum

255 1375 586 1448 baptismis,
622 1387 904 1428 manuum
941 1363 1908 1435 ablutionibus,tintinnabulorum

255 1468 475 1529 sonitu,
539 1462 952 1532 corymborum
1032 1473 1344 1514 aureorum
1428 1453 1908 1526 appensionibus,

255 1555 594 1624 tabulisque
628 1549 1056 1620 bipalmaribus
1101 1547 1172 1602 ad
1233 1561 1503 1600 somnum
1565 1543 1910 1615 capiendum

257 1643 606 1706 substratis,
661 1637 1019 1708 ejuscemodi
1102 1634 1570 1692 Observationum
1644 1633 1910 1689 studioso

256 1731 494 1788 conﬂari
526 1727 814 1801 potuisset
842 1727 869 1782 ‘?
902 1726 1063 1781 Idem
1124 1726 1195 1780 de
1247 1722 1471 1794 jejunio
1523 1722 1910 1793 judicandum

257 1825 361 1888 est,
416 1823 472 1875 et
528 1817 748 1874 caeteris
808 1816 1025 1887 quibus
1080 1813 1402 1869 Pharisaaus
1468 1812 1908 1885 designabatur,

262 1862 672 1981 atquevsc'riba
698 1905 785 1962 vel
810 1862 1015 1976 procul
1075 1907 1429 1974 conspectus
1494 1862 1917 1971 innZtescebat’,
1950 1862 1998 1927 B

264 1999 479 2070 quibus
511 1997 796 2052 hactenus
829 1995 1061 2066 ignotus
1120 1991 1345 2047 fuisset.
1407 1991 1570 2057 Quod
1632 1997 1917 2061 superest,

263 2106 398 2144 vera
427 2103 552 2143 esse
583 2104 710 2157 quae
736 2086 884 2149 dico,
919 2083 1190 2139 Christus
1236 2083 1376 2150 ipse,
1412 2083 1510 2153 qui
1554 2083 1762 2136 veritas
1794 2081 1922 2152 ipsa

263 2183 373 2243 est,
408 2177 498 2230 his
530 2178 721 2230 verbis
755 2176 926 2246 plane
959 2175 1150 2244 arguit
1185 2189 1196 2226 :
1233 2173 1357 2226 Dico
1389 2173 1538 2226 enim
1596 2173 1768 2236 vobis,
1808 2169 1924 2226 nisi

260 2266 797 2338 superabundaverit
853 2265 1068 2330 iustitia
1116 2270 1294 2318 vestra
1351 2263 1475 2332 plus
1544 2278 1707 2331 quam
1768 2260 1924 2316 Scri-

262 2356 458 2411 barum
487 2366 540 2410 et
576 2355 1009 2418 Pharisaeorum,
1071 2368 1180 2408 non
1238 2350 1525 2405 intr-abitis
1579 2354 1636 2404 in
1698 2366 1923 2420 regnum

259 2447 516 2502 castor-um
543 2444 608 2499 ⁸⁵.
645 2445 1047 2516 Hypocriticus
1088 2458 1259 2513 porro
1303 2441 1679 2496 traditinnum
1705 2443 1924 2510 cultus,

263 2535 587 2606 primorum
624 2533 998 2588 accubituum
1035 2547 1218 2599 amor,
1254 2531 1451 2602 prima:
1483 2531 1637 2586 sedis
1661 2531 1924 2600 ambitio,

335 2711 384 2745 ⁸⁵
414 2710 623 2766 Matth.
659 2726 710 2780 ν,
743 2711 834 2764 20.
911 2709 932 2743 ⁸
959 2708 1162 2766 Matth.
1207 2724 1370 2776 xxiii,
1404 2709 1493 2764 13.

1583 351 1894 418 THESAU
1905 350 1984 410 RI
2031 346 2182 408 LIB.
2230 341 2306 406 II.

1919 490 1972 557 Α
2011 497 2212 556 preces
2235 478 2444 537 mediis
2473 477 2533 534 in
2560 475 2766 549 plateis
2798 475 2965 544 fusae,
2998 473 3355 545 privatorum
3409 473 3638 548 deniqu

3517 336 3679 404 1126

2019 571 2430 626 mandatorum
2491 583 2603 638 prie
2671 565 2886 622 divinis
2938 564 3282 632 observatio,
3311 570 3484 638 atque
3534 569 3674 621 adeo

2019 657 2531 716 accuratissimum
2567 656 2904 726 dogmatum
2958 670 3202 709 suorum
3258 671 3374 726 prae
3416 653 3508 709 Dei
3538 672 3675 726 prte-

2018 749 2200 820 ceptis
2231 749 2519 810 studium,
2551 750 2867 801 extremam
2905 743 3285 814 proculdubio
3337 745 3550 799 animis
3579 743 3682 798 ho-

2019 842 2248 894 minum
2283 837 2597 908 perniciem
2632 834 2989 903 exitiumque
3043 832 3334 887 atterunt:
3399 839 3464 886 ut
3531 834 3678 888 satis

2017 929 2137 983 haec
2159 943 2454 998 superque
2477 923 2872 992 Theanthropi
2907 924 3077 976 verba
3120 921 3408 977 indicant:
3453 926 3555 978 Vae
3585 939 3678 978 vo-

2019 1019 2126 1085 bis,
2180 1017 2461 1073 Pharismi
2507 1012 2830 1084 hypocrita,
2891 1013 3022 1083 quia
3069 1011 3352 1065 mundatis
3398 1010 3678 1067 exteriora

2016 1108 2207 1162 colicis
2254 1117 2306 1161 et
2362 1103 2705 1172 parapsidis,
2757 1101 3034 1156 interiora
3080 1109 3265 1154 autem
3325 1101 3492 1170 plena
3547 1105 3680 1155 sunt

2018 1198 2216 1266 rapina
2255 1202 2308 1250 et
2340 1193 2640 1264 iniustitia.
2677 1195 2845 1260 Item,
2887 1191 2967 1244 Vas
3001 1190 3170 1254 vobis,
3212 1188 3412 1244 Scribae
3454 1195 3509 1244 ct
3541 1190 3680 1244 Pha-

2017 1288 2177 1342 risaei
2206 1284 2528 1357 hypocritee,
2563 1285 2693 1354 quia
2723 1281 3021 1335 decimatis
3052 1279 3363 1349 mentitam,
3397 1281 3682 1348 anethum,

2019 1384 2070 1432 et
2096 1373 2421 1446 cyminum:
2452 1379 2503 1428 et
2537 1369 2841 1443 reliquistis
2896 1386 3014 1441 qua:
3063 1369 3328 1437 graviora
3367 1371 3497 1423 sunt
3527 1368 3683 1438 legis,

2019 1451 2310 1530 iudicium,
2338 1468 2391 1517 et
2419 1459 2887 1527 misericordiam,
2920 1464 2969 1514 et
3025 1458 3209 1530 ﬁdem.
3261 1459 3384 1513 Haec
3440 1460 3685 1524 oportuit

2019 1555 2223 1624 facere,
2255 1557 2303 1608 et
2328 1552 2433 1607 illa
2459 1567 2569 1607 non
2600 1550 2854 1606 omittere
2884 1547 2926 1603 θ.
2987 1551 3173 1620 Atque
3230 1548 3353 1603 haec
3401 1551 3566 1614 sunt,
3597 1549 3684 1604 in-

2020 1657 2222 1713 quam,
2255 1640 2314 1696 in
2350 1640 2569 1711 quibus
2600 1643 2734 1694 ante
2787 1637 3000 1694 Christi
3067 1639 3124 1692 in
3159 1653 3334 1693 carne
3365 1638 3680 1693 adventum

2025 1748 2058 1785 a
2088 1730 2213 1802 lege
2239 1729 2438 1786 divina
2483 1730 2812 1785 aberratum
2843 1731 2950 1797 est,
2983 1730 3252 1782 cmterum
3302 1732 3684 1798 posteaquam

2039 1817 2136 1875 ille
2167 1834 2372 1890 corpus
2404 1818 2728 1873 humanum
2788 1817 3128 1887 assumpsit,
3189 1833 3222 1871 a
3271 1817 3522 1871 mortuis
3555 1833 3688 1872 sur—

2031 1907 2198 1977 rexit,
2233 1909 2292 1962 in
2324 1907 2502 1963 caelos
2534 1906 2822 1973 ascendit,
2853 1905 3102 1978 apostoli
3160 1906 3411 1976 denique
3454 1922 3553 1976 per
3584 1906 3688 1962 ho-

2028 1999 2246 2054 minum
2279 1996 2546 2052 nationes
2569 1995 2817 2066 dispersi
2843 1999 3004 2062 sunt,
3027 1998 3350 2050 innumeras
3386 1995 3689 2066 opiniones

2029 2088 2102 2143 ab
2133 2086 2466 2141 orthodoxae
2502 2085 2632 2140 fidei
2669 2084 2867 2156 regula
2901 2086 3164 2148 diversas,
3189 2085 3382 2139 studio
3426 2085 3554 2154 ejus
3587 2086 3688 2154 qui

2029 2173 2256 2229 zizania
2311 2174 2695 2230 disseminare
2754 2172 2922 2239 solet,
2997 2178 3209 2228 exortae
3281 2177 3438 2227 sunt.
3497 2176 3687 2241 Opera;

2033 2273 2227 2318 autem
2267 2263 2515 2334 pretium
2554 2279 2647 2318 me
2679 2263 2968 2317 facturum
3001 2263 3292 2327 existimo,
3344 2262 3393 2316 si
3437 2261 3689 2333 primum

2037 2353 2108 2406 de
2135 2361 2336 2406 sancta
2365 2351 2649 2406 Trinitate
2681 2351 2998 2421 disseram,
3030 2355 3154 2405 tum
3187 2350 3396 2406 deinde
3445 2349 3695 2406 haereses

2035 2440 2225 2512 ipsam
2259 2444 2538 2508 attexam,
2572 2456 2688 2495 una
2720 2456 2855 2496 cum
2889 2440 2960 2495 iis
3014 2457 3138 2511 quas
3190 2441 3471 2496 adversus
3500 2438 3636 2494 illas
3663 2456 3696 2494 a

2043 2547 2128 2588 me
2160 2531 2489 2602 conscripta
2520 2534 2681 2586 sunt.

981 3040 1772 3208 NICET/E
1889 3039 2976 3208 CHONIAT/E

684 3304 1548 3427 THESAURI
1641 3303 2752 3428 ORDHODOX/E
2837 3307 3287 3433 FIDEI

1399 3517 1791 3612 LIBER
1859 3515 2557 3612 SECUNDUS.

1296 3682 1378 3738 De
1409 3685 1606 3738 sancta
1634 3679 1943 3751 Trinitate,
1972 3680 2206 3752 Angelis
2237 3688 2289 3738 et
2320 3681 2684 3742 hominibus.

965 3943 1121 3999 CAP.
1155 3942 1198 4000 Ι.

375 4036 527 4106 Quod
557 4036 831 4093 divinitas
862 4033 1260 4116 trishypostala
1279 4033 1382 4116 sit,
1425 4031 1524 4089 hoc
1550 4039 1628 4088 est
1664 4031 1844 4087 tribus

853 4112 1115 4178 personis
1137 4112 1365 4162 constet.

353 4215 494 4269 Inde
529 4217 683 4268 certe
712 4213 956 4268 dicendi
1017 4211 1361 4284 praeludium
1419 4209 1725 4278 faciemus,
1784 4210 1940 4266 unde

272 4301 665 4356 dubitationis
690 4300 1053 4355 occasionem
1076 4299 1368 4371 plerisque
1417 4299 1714 4355 suborlam
1747 4298 1938 4367 video,

270 4389 556 4445 nimirum
595 4390 736 4461 quid
769 4388 1083 4456 obstiterit,
1111 4390 1428 4459 quominus
1491 4403 1553 4442 se
1604 4397 1809 4443 natura
1837 4387 1937 4442 illa

268 4496 470 4538 rerum
503 4480 768 4535 omnium
801 4479 1139 4534 fabricatrix
1169 4478 1240 4533 ab
1272 4479 1436 4532 initio
1469 4477 1687 4532 trinam
1735 4482 1936 4532 osten-

269 4568 558 4631 derit,sed
587 4577 710 4623 tum
743 4569 1009 4635 demum,
1041 4569 1279 4639 quando
1327 4586 1358 4620 a
1407 4565 1598 4622 Verbo
1656 4583 1787 4622 caro
1840 4582 1937 4621 as-

269 4661 521 4729 sumpta
550 4661 660 4724 est,
692 4658 948 4730 idipsum
1009 4657 1118 4712 sibi
1177 4657 1402 4727 placere
1451 4657 1822 4728 perspicuum
1865 4656 1940 4710 fe-

269 4747 443 4806 cerit.
499 4749 945 4818 Respondemus
1004 4749 1198 4819 itaque
1265 4748 1633 4818 perapposita
1719 4746 1772 4800 id
1837 4762 1939 4817 pro

266 4837 485 4896 divinae
519 4837 969 4903 magniﬁcentiae
1005 4838 1285 4909 dignitate
1335 4838 1546 4891 factum
1606 4837 1687 4890 ita
1741 4836 1937 4891 fuisse.

261 4929 378 4986 Illa
402 4927 554 4983 enim
579 4944 712 4982 cum
741 4928 1008 4982 homines
1029 4943 1060 4981 a
1084 4925 1448 4992 monarchia,
1477 4942 1574 4981 seu
1626 4925 1726 4980 Dei
1763 4924 1938 4980 unius

264 5017 436 5077 cultu
465 5016 688 5072 alienos
707 5024 762 5072 et
782 5017 850 5070 ad
877 5017 1118 5072 deorum
1153 5015 1538 5086 pluralitatem
1593 5031 1938 5087 propensos,

264 5111 680 5167 creaturarum
709 5105 896 5174 potius
924 5121 1101 5176 quam
1125 5105 1411 5160 Creatoris
1453 5104 1636 5160 cultui
1679 5105 1939 5160 addictos

265 5213 404 5254 esse
432 5195 679 5258 videret.
713 5202 853 5250 tunc
903 5197 1182 5266 temporis
1226 5212 1288 5250 se
1345 5193 1519 5267 vulgo
1564 5193 1795 5259 celavit,
1834 5209 1937 5249 nec

271 5288 567 5342 unitatem
601 5286 762 5340 illam
827 5301 953 5356 quae
1011 5285 1280 5339 Trinitati
1342 5301 1723 5356 personarum
1759 5284 1932 5362 invest,
1965 5312 2012 5376 D

267 5375 469 5433 cuivis
502 5377 867 5445 perspicuam
926 5379 982 5429 et
1026 5375 1394 5444 eXplanatam
1455 5390 1583 5430 esse
1631 5374 1814 5429 voluit
1873 5381 1936 5430 ut

265 5463 584 5522 imbecilla:
643 5480 1049 5533 perversurum
1095 5464 1414 5534 cognitioni
1494 5470 1774 5536 parceret,
1836 5463 1936 5536 qui

267 5568 421 5610 sane
445 5551 527 5606 vel
563 5551 736 5608 nullis
805 5554 1212 5624 hujuscemodi
1272 5552 1584 5626 propositis
1629 5555 1934 5624 exemplis,

267 5643 425 5702 alias
453 5638 742 5716 ἀναρχίαν,
777 5643 884 5700 hoc
913 5649 1004 5700 est
1059 5643 1285 5700 nullum
1346 5659 1588 5713 prorsus
1629 5649 1830 5716 Deum,
1861 5661 1940 5702 re-

1959 3940 2002 4007 ο
2039 3937 2410 4006 verebantur,
2444 3935 2587 3993 alias
2615 3940 2683 4011 τῇ
2723 3939 3022 4019 μοναρχίᾳ,
3080 3940 3189 3998 hoc
3237 3950 3319 3998 est
3379 3945 3548 4001 unius
3605 3947 3708 4004 Dei

2047 4027 2251 4095 cultui,
2285 4029 2524 4084 deorum
2562 4030 2948 4100 pluralitatem
2983 4033 3380 4103 praeferebant.
3415 4035 3702 4092 Caeterum

2051 4119 2204 4189 apud
2235 4118 2351 4176 Deo
2383 4119 2762 4176 charissimos
2794 4126 2994 4177 Patres
3027 4126 3250 4180 unitate
3307 4141 3409 4182 sua
3452 4126 3707 4182 Trinitas

2051 4223 2166 4263 non
2225 4209 2436 4272 caruit,
2491 4209 2609 4264 imo
2662 4225 2794 4266 vero
2849 4212 3223 4270 Ahrahamus
3275 4231 3393 4287 quo
3446 4222 3709 4288 tempore

2049 4295 2283 4363 angelos
2315 4295 2570 4366 hospitio
2629 4299 2876 4370 excepit,
2927 4300 3238 4358 obscurius
3304 4302 3465 4360 illam
3498 4307 3715 4360 tacitus

2046 4400 2247 4441 serum
2283 4391 2593 4456 reputant.
2617 4387 2947 4456 expressius
2998 4401 3188 4448 autem
3220 4395 3513 4465 specimen
3548 4395 3707 4451 illius

2048 4475 2253 4540 edidit,
2289 4489 2421 4530 cum
2453 4475 2638 4530 {ilium
2700 4475 2967 4533 lsaacum
3025 4483 3330 4554 supposito
3389 4485 3588 4548 ariete,
3621 4485 3704 4538 vi-

2046 4567 2272 4620 ventem
2308 4580 2338 4619 e
2366 4565 2920 4645 sacriﬁciohrecepit.
2956 4569 3036 4624 Ex
3067 4572 3136 4626 iis
3193 4571 3348 4627 enim
3402 4589 3529 4645 quas
3565 4577 3706 4628 tunc

2046 4654 2388 4721 vidit,Verbi
2435 4639 2895 4712 incarnationem
2924 4658 3202 4716 ariolatus
3259 4665 3368 4728 est,
3403 4639 3706 4716 futurum—

2048 4760 2155 4815 que
2183 4743 2422 4810 adeo,ut
2454 4744 2727 4800 divinitas
2783 4745 3024 4803 minime
3081 4755 3394 4819 pateretur,
3429 4751 3527 4805 sed
3569 4767 3702 4806 caro

2050 4833 2190 4901 sola,
2224 4849 2395 4903 quam
2451 4833 2509 4887 in
2546 4834 2749 4888 mundi
2800 4836 2980 4892 totius
3032 4838 3421 4909 expiationem
3485 4857 3710 4896 assunt-

2048 4934 2255 4995 pturus
2285 4927 2455 4979 esset.
2482 4927 2658 4978 Porro
2682 4924 2848 4991 Mosi,
2879 4928 3012 4982 dum
3039 4929 3096 4982 in
3127 4935 3322 4984 monte
3343 4929 3708 4999 obambulat,

2048 5029 2197 5068 nova
2229 5011 2329 5068 illa
2358 5011 2502 5066 visio
2524 5013 2752 5082 objecta
2781 5019 2887 5069 est.
2927 5016 2991 5070 Et
3039 5016 3297 5074 Jacobus
3349 5017 3484 5074 ﬁliis
3534 5020 3706 5076 benc-

2047 5104 2247 5158 dicens
2280 5101 2632 5157 vaticinatus
2663 5109 2748 5157 est
2780 5103 3067 5170 futurum,
3099 5111 3164 5162 ut
3195 5108 3245 5164 is
3303 5109 3543 5179 quicum
3595 5108 3708 5165 col-

2045 5190 2301 5246 luctatus
2347 5199 2514 5245 nocte
2574 5191 2780 5260 fuerat,
2843 5194 3182 5252 hominibus
3233 5198 3704 5270 conjungeretur,

2047 5289 2098 5336 et
2130 5279 2308 5334 veluti
2342 5279 2572 5334 catulus
2606 5282 2788 5337 leonis
2821 5301 2854 5339 a
2884 5301 3088 5340 somno
3131 5297 3480 5358 resurgeret.
3537 5289 3707 5353 Quis-

2048 5371 2180 5441 quis
2211 5369 2460 5440 denique
2489 5369 2688 5426 divino
2721 5373 2830 5427 fuit
2865 5374 3098 5430 afflatus
3130 5377 3388 5447 numine,
3420 5387 3708 5449 quantum

2047 5460 2157 5515 hoc
2188 5458 2272 5514 vel
2302 5457 2402 5513 illo
2434 5463 2598 5528 pacto
2631 5462 2839 5517 mentis
2871 5465 3075 5520 oculos
3136 5467 3486 5522 contendere
3525 5466 3715 5539 potuit

2049 5546 2351 5605 Trinitatis
2382 5549 2776 5618 cognitionem
2839 5556 3119 5625 tanquam
3175 5555 3233 5610 in
3285 5555 3525 5629 speculo
3573 5573 3710 5612 con-

2050 5639 2371 5714 temptatus
2402 5643 2509 5694 est.
2549 5639 2785 5714 Alioqui
2818 5643 2905 5700 vel
2938 5646 3068 5718 ipsa
3097 5647 3169 5703 de
3216 5645 3332 5704 Deo
3382 5651 3547 5705 Patre
3597 5663 3707 5706 con
