4052 6372
318 354 502 419 ,1127

1658 344 1968 408 ΝῙΟΕΤΕ
2009 344 2107 407 CH
2116 343 2438 408 ONIATJE

3614 349 3817 417 1128

342 493 509 560 cepta
557 486 741 555 notio,
799 484 928 543 Filii
981 500 1218 559 quoque
1273 486 1331 540 et
1383 480 1636 554 Spiritus
1688 477 1997 537 essentiam
2034 480 2082 547 Α
2116 482 2328 550 potest,
2361 495 2478 551 qua
2506 497 2598 537 res
2630 480 3003 554 expetendas,
3037 483 3095 538 et
3123 498 3266 539 suos
3317 484 3560 543 effectus
3591 503 3802 547 causa

341 585 761 634 commonstrat
804 580 863 633 et
911 576 1234 632 confirmat.
1295 573 1441 629 Nam
1498 570 1629 628 Filii
1684 570 1854 626 Pater
1910 571 2000 624 est
2104 570 2399 640 praecedit,
2432 571 2533 643 qui
2569 582 2758 629 tamen
2790 573 3033 628 diversas
3061 578 3314 644 naturae,
3369 577 3795 646 posteriores-

336 678 392 724 et
425 668 611 723 Patris
646 668 846 734 Filius,
879 680 1093 737 eosque
1127 680 1244 719 una
1274 667 1329 718 et
1360 661 1563 717 eadem
1599 664 1805 715 natura
1825 659 1991 714 clior-

2102 678 2214 734 que
2245 667 2504 734 tempore
2536 681 2651 719 non
2680 664 2824 731 sint,
2857 666 2959 720 sed
3015 673 3229 722 aeterna
3291 668 3488 738 potius
3534 676 3797 726 coaeter-

340 765 475 813 mat.
508 755 762 828 Spiritus
802 755 1003 809 itidem
1062 751 1305 809 alterius
1359 749 1691 821 cuiuspiam
1750 747 1995 819 spiritus
2104 768 2314 809 norum
2347 753 2661 808 ell‘ectuum
2695 770 2875 810 causa
2907 755 3004 825 sit,
3065 756 3331 825 ejusdem
3393 757 3785 831 substantias,

339 853 448 914 est,
477 849 607 915 ejus
632 846 912 900 nimirum
970 844 1137 911 cujus
1192 847 1250 899 et
1307 840 1541 895 dicitur.
1576 838 1651 894 Iis
1699 838 1894 909 itaque
1923 837 1993 891 de
2101 840 2225 897 sola
2257 844 2612 915 proprietate
2646 845 2902 915 dempta,
2948 846 3259 918 particeps.
3314 846 3552 903 Primus
3604 851 3778 907 enim

337 937 529 991 causis
559 935 1025 1005 Trisbypostata,
1058 931 1166 986 hoc
1198 935 1305 993 est,
1335 929 1527 984 tribus
1575 933 1848 983 constans
1874 942 1996 997 per-

2099 935 2282 1003 pater,
2342 934 2631 989 secundus
2685 933 2975 1006 genitura,
3007 936 3215 992 tertius
3268 937 3567 1008 processio
3614 939 3773 996 dici-

341 1025 502 1081 sonis
554 1024 838 1078 Divinitas
892 1024 1087 1077 animo
1146 1037 1215 1077 ex
1263 1019 1550 1092 symbolis
1607 1018 1863 1089 primum
1920 1016 1992 1072 ab
2095 1024 2212 1078 tur.

334 1116 454 1172 illis
481 1120 757 1184 concepta
788 1118 896 1182 est,
933 1112 1033 1183 qui
1060 1126 1250 1167 rerum
1275 1110 1603 1165 divinarum
1628 1105 1993 1179 praescientia

334 1207 664 1260 claruerunt
696 1220 709 1259 :
740 1202 929 1273 palam
964 1218 1096 1257 vero
1120 1204 1176 1256 et
1199 1200 1507 1272 perspicue
1552 1202 1677 1253 tum
1726 1197 1987 1266 demum,

332 1310 464 1351 cum
489 1310 557 1349 ex
588 1292 892 1349 Trinitatis
923 1291 1193 1364 personis
1228 1305 1343 1345 una
1375 1288 1678 1344 nobiscum
1718 1287 1778 1343 in
1812 1301 1989 1342 carne

328 1389 560 1441 versata
579 1388 690 1441 est.

1022 1502 1182 1556 CAP.
1218 1497 1288 1553 II.

332 1619 442 1676 Cur
501 1617 805 1675 Trinitatis
856 1618 1182 1689 mysterium
1222 1613 1540 1689 ministerio
1595 1614 1750 1689 Verbi
1803 1613 1987 1685 posuit

589 1707 756 1763 quam
782 1686 1021 1746 hominis
1048 1686 1360 1758 cuiuspiam
1391 1687 1714 1742 innotuerit.

398 1812 685 1866 Cazterurn
718 1807 901 1864 Verbo
934 1807 1195 1862 muneris
1227 1806 1283 1860 id
1316 1802 1720 1872 conveniebat,
1754 1805 1825 1858 ut
1856 1801 1984 1857 Tri—

331 1899 535 1955 nitatis
594 1898 941 1971 mysterium
1001 1898 1217 1952 mundo
1277 1895 1643 1965 patefaceret,
1676 1896 1741 1948 ut
1800 1891 1984 1947 homi-

329 2005 431 2045 nes
462 2006 495 2045 a
525 1988 638 2045 Deo
670 2005 737 2044 ea
767 2005 895 2059 quae
928 1987 1031 2043 Dei
1087 1990 1229 2042 sunt
1284 1985 1493 2052 edocti,
1528 1984 1683 2039 haud
1743 1981 1980 2038 dubiam

327 2079 398 2135 dc
423 2078 496 2134 iis
529 2078 866 2151 Opinionem
900 2075 1288 2146 conciperent.
1325 2074 1469 2129 Nam
1503 2072 1553 2127 si
1579 2089 1614 2127 a
1647 2070 1981 2128 mortalium

326 2168 526 2240 aliquo
604 2169 883 2223 traditum
945 2166 1178 2230 fuisset,
1236 2180 1544 2236 nunquam
1608 2163 1665 2217 id
1710 2160 1981 2233 ponderis

328 2259 481 2328 apud
544 2274 737 2313 rerum
796 2256 1125 2312 divinarum
1182 2254 1479 2310 studiosos
1536 2252 1856 2319 habuisset,
1918 2254 1982 2306 ut

322 2347 492 2404 facile
545 2346 989 2419 suscipiendum
1053 2345 1345 2400 videretur
1401 2359 1415 2398 :
1482 2341 1977 2414 quemadmodum

326 2436 482 2492 verbi
519 2438 726 2509 gratia,
788 2435 1061 2491 Mosaicis
1113 2432 1348 2503 scriptis
1403 2431 1750 2487 usuvenisse
1814 2447 1978 2503 syco-

329 2525 562 2597 phanta:
593 2525 885 2580 affirmare
917 2524 1043 2580 ausi
1077 2526 1216 2578 sunt
1245 2521 1349 2594 (3),
1384 2537 1631 2592 quorum
1691 2520 1804 2576 alia
1849 2519 1977 2591 qui-

322 2617 454 2671 dem
489 2634 518 2669 τι
554 2620 664 2671 Deo
698 2614 1049 2686 legislutore,
1083 2612 1194 2668 alia
1223 2628 1357 2668 vero
1388 2629 1421 2666 a
1454 2612 1611 2668 Mose
1662 2610 1977 2682 populique

323 2705 658 2760 senioribus
691 2702 1058 2777 promulgata
1088 2703 1379 2758 dixerunt.
1420 2706 1609 2773 Atque
1658 2700 1838 2770 hujus
1870 2717 1973 2771 po-

321 2794 585 2850 sterioris
613 2793 909 2866 opinionis
939 2809 1098 2865 ergo,
1142 2808 1212 2848 ne
1268 2791 1416 2862 legis
1467 2791 1705 2863 quidem
1767 2791 1975 2845 divinas

321 2883 546 2940 cultum
581 2883 922 2955 hujusmodi
980 2882 1216 2955 scriptis
1277 2879 1685 2936 exbibuerunt.
1745 2878 1892 2936 Nam
1923 2879 1975 2934 si

322 2978 703 3045 posteaquam
738 2973 863 3043 ipse
892 2970 1155 3026 Christus
1214 2967 1568 3038 theologiam
1628 2967 1791 3023 illam
1841 2982 1972 3038 pro-

316 3066 510 3121 fessus
540 3068 650 3133 est,
708 3079 840 3134 quae
895 3067 953 3118 et
1009 3062 1069 3120 in
1128 3059 1352 3115 unitate
1410 3057 1764 3122 Divinitatis,
1799 3061 1855 3112 et
1912 3057 1970 3113 in

312 3153 575 3208 trinitate
631 3167 1010 3223 personarum
1079 3148 1375 3212 elucescit,
1465 3145 1755 3212 nonnulli,
1814 3143 1972 3200 velut

2780 1112 2933 1170 CAP.
2962 1114 3056 1170 IV.

2094 1206 2230 1259 Cum
2254 1201 2525 1279 divinitas
2564 1203 2869 1279 iuglabilis
2897 1206 3029 1279 _sit_
3053 1209 3108 1261 et
3151 1206 3745 1279 incomprehensibilis,

2164 1276 2263 1357 qui
2289 1274 2480 1357 βιηᾳῄ
2504 1291 2573 1357 _ar
2609 1275 2825 1357 Cliristo
2881 1277 2941 1331 in
2998 1277 3242 1345 Patrem,
3274 1274 3486 1336 Filium
3543 1287 3601 1338 et
3631 1274 3751 1355 Spi'.

2164 1349 2334 1402 ritum
2363 1346 2646 1403 dividatur
2661 1351 2688 1402 ?

2163 1461 2323 1527 Quod
2357 1463 2407 1521 si
2456 1480 2578 1521 rem
2629 1465 2816 1537 ipsam
2867 1463 3042 1523 altius
3098 1471 3275 1540 atque
3334 1470 3770 1529 convenienter

2092 1557 2203 1609 Deo
2235 1552 2658 1626 disquiramus,
2717 1560 2927 1611 natura
2980 1555 3180 1613 divina
3236 1559 3389 1614 omni
3449 1576 3519 1615 ex
3584 1567 3769 1633 parte

2089 1644 2402 1702 ineffabilia
2434 1649 2541 1711 est,
2574 1650 2632 1702 et
2664 1645 3307 1719 incomprehensibilis,
3340 1665 3447 1707 nec
3477 1651 3531 1706 id
3599 1654 3776 1724 quod

2089 1752 2151 1793 re
2180 1736 2311 1809 ipsa
2338 1741 2426 1791 est
2457 1742 2557 1793 aut
2588 1736 2847 1793 humana
2874 1738 3000 1809 capi
3060 1740 3288 1796 ratione
3356 1757 3422 1796 ac
3480 1741 3773 1814 revelari,

2014 1856 2062 1922 Β
2091 1829 2189 1922 aut
2218 1826 2476 1922 oratione
2508 1825 2641 1922 ulla,
2662 1826 2909 1922 exprimi
2940 1830 3156 1901 potest.
3190 1829 3261 1884 Et
3309 1831 3591 1902 quamvis
3624 1833 3771 1889 Tri-

2097 1915 2360 1989 nitatem,
2408 1917 2677 1988 quamvis
2730 1916 3032 1985 unitatem,
3085 1918 3354 1989 quamvis
3398 1922 3643 1976 Patrem
3708 1927 3776 1978 et

2093 1988 2323 2072 Filium,
2356 2013 2409 2061 et
2433 2005 2736 2077 Spiritum,
2771 2005 3042 2078 quamvis
3070 1988 3324 2080 denique
3368 2007 3769 2069 Divinitatem

2094 2094 2252 2151 illam
2286 2094 3030 2168 incomprehensibilem,et
3061 2100 3333 2153 naturam
3383 2098 3771 2160 ineffabilem

2089 2185 2176 2243 vel
2208 2185 2407 2241 animo
2438 2184 2968 2257 concipiamus,vel
3001 2185 3224 2242 ratione
3269 2189 3769 2259 pronuntiemus,

2091 2274 2190 2331 illa
2221 2292 2337 2330 non
2369 2274 2439 2329 iis
2471 2274 2666 2343 rebus,
2692 2275 2796 2331 sed
2826 2291 3003 2347 supra
3034 2289 3135 2330 eas
3166 2276 3460 2334 consistit.
3512 2277 3594 2334 Ex
3640 2297 3772 2353 quo

2090 2367 2176 2428 ﬁt,
2222 2370 2288 2420 ut
2334 2364 2540 2420 divinae
2590 2371 2811 2420 naturae
2872 2381 3061 2437 neque
3118 2366 3276 2438 prior
3331 2365 3498 2425 locus
3557 2387 3770 2443 neque

2089 2454 2380 2529 posterior
2409 2454 2834 2511 accommodari
2868 2457 3169 2512 commode
3221 2457 3430 2528 possit,
3466 2460 3568 2514 sed
3624 2477 3766 2517 om-

2089 2546 2251 2602 nium
2313 2561 2628 2617 supremus
2675 2546 2983 2614 duntaxat,
3040 2549 3239 2616 utpote
3316 2563 3447 2618 quae
3506 2565 3761 2608 omnem

2090 2651 2397 2692 numerum
2430 2640 2488 2691 et
2517 2635 2814 2690 usitatum
2873 2633 3357 2707 excogitationem
3408 2639 3669 2708 excedit,
3701 2642 3758 2698 si

2087 2725 2295 2782 saltem
2322 2740 2603 2780 numerus
2626 2729 2682 2781 et
2709 2724 2904 2780 unitas
2928 2723 3082 2781 circa
3107 2725 3479 2783 substantias
3503 2744 3754 2787 versen-

2085 2822 2201 2882 tur,
2236 2816 2387 2873 Deus
2416 2820 2612 2871 autem
2648 2831 2829 2886 supra
2858 2813 3257 2871 substantiam
3312 2815 3412 2873 sit.
3470 2822 3755 2878 Servate:

2083 2909 2278 2962 tamen
2315 2914 2528 2972 noster,
2563 2914 2627 2959 ut
2660 2903 2993 2959 nominibus
3025 2907 3080 2959 et
3112 2904 3288 2960 rebus
3349 2905 3521 2962 nobis
3569 2909 3747 2964 fami-

2082 2995 2329 3052 liaribus
2362 2993 2433 3051 ad
2466 3010 2531 3051 ea
2562 3010 2669 3049 nos
2700 2993 3035 3062 deduceret,
3068 3009 3197 3065 quas
3247 3011 3429 3066 supra
3459 3001 3742 3055 naturam

2082 3083 2272 3157 posita
2302 3090 2462 3151 sunt,
2520 3081 2851 3154 divinisque
2902 3081 3047 3138 adeo
3105 3083 3393 3154 mysteriis
3447 3083 3734 3154 initiaret,

2080 3174 2339 3231 oratione
2371 3191 2475 3229 sua
2533 3172 2689 3228 Patri
2746 3172 3026 3245 primum,
3080 3172 3226 3229 Filio
3286 3171 3544 3240 alterum,
3592 3177 3728 3244 Spi-

316 3240 659 3334 θάξλιξθιξίηθ
686 3239 960 3334 animiam
986 3238 1270 3334 “Tum
1290 3240 1563 3334 mf’nete’
1593 3234 1770 3334 θξίῖτίί
1806 3239 1964 3334 “in?
2007 3227 2051 3297 ϐ
2363 3227 2565 3317 sancto
2588 3227 2833 3317 tertium
2892 3227 3079 3317 locu'm
3132 3227 3445 3329 attribuit,
3472 3227 3725 3319 cuiuisi—(3

315 3329 416 3403 qui
448 3328 552 3385 Dei
585 3328 951 3400 maiestatem
1011 3324 1171 3381 nullo
1234 3326 1404 3382 modo
1464 3324 1715 3392 reveriti,
1768 3341 1802 3381 a
1851 3324 1964 3379 fide

311 3418 658 3474 diverticula
715 3416 1287 3482 subintroducerent,
1345 3431 1380 3470 a
1445 3414 1686 3486 quibus,
1742 3430 1959 3486 quaso,

306 3508 501 3564 verbis
533 3507 646 3563 sibi
678 3510 1103 3578 temperassent
1138 3503 1424 3567 homines.
1459 3504 1508 3561 si
1549 3503 1959 3560 abstrusarum

305 3612 526 3666 rerum,
559 3597 809 3653 necdum
843 3613 877 3651 a
909 3611 1208 3669 quoquam
1260 3599 1640 3651 tractatarum
1694 3595 1959 3651 doctores

303 3688 552 3745 fuissent
570 3687 599 3745 Ἰ

968 3804 1130 3862 CAP.
1167 3804 1267 3859 Ill.

292 3923 615 3978 Incol-natio
647 3920 860 3978 Christi
877 3921 1255 3977 certissimum
1281 3919 1487 3976 divinae
1517 3936 1649 3990 erga
1696 3933 1793 3974 nos
1820 3934 1952 3990 pro-

769 3995 1039 4051 videntiae
1068 4002 1476 4062 argumentum.

365 4109 469 4166 Dei
527 4126 700 4182 porro
762 4109 1092 4180 majestatis
1150 4106 1709 4163 excellentissimum
1780 4122 1950 4178 Opus,

2071 3351 2394 3425 discipulos
2446 3367 2586 3408 suos
2634 3349 2954 3422 alloquitur
2995 3366 3010 3405 :
3068 3354 3270 3407 Euntes
3318 3351 3501 3408 docete
3545 3367 3735 3408 omnes

2065 3447 2273 3515 gentes,
2307 3444 2649 3515 baptizantes
2675 3456 2763 3496 eo:
2783 3456 2842 3497 in
2872 3441 3096 3497 nomine
3138 3442 3354 3513 Patris,
3393 3449 3445 3499 et
3487 3441 3647 3511 Filii,
3683 3451 3741 3499 et

2066 3534 2316 3606 Spiritus
2346 3533 2530 3588 sancti
2556 3529 2600 3586 ⁷.

2762 3623 2912 3675 CAP.
2958 3621 3018 3677 V.

2066 3744 2501 3799 Consentaneum
2540 3738 2734 3812 fuisse.
2791 3740 2851 3812 ut
2907 3737 3004 3793 Dei
3031 3737 3209 3794 Filius
3229 3737 3474 3812 hominis
3508 3754 3734 3812 quoque

2133 3813 2315 3868 Filius
2343 3813 2645 3876 diceretur,
2678 3808 2906 3880 ﬁerique
2961 3825 3071 3881 non
3124 3809 3365 3881 potuisse
3400 3820 3462 3867 ut
3519 3808 3733 3868 vet'ab

2133 3884 2361 3941 homine
2389 3884 2650 3949 humano,
2680 3879 2770 3937 vel
2805 3879 2873 3937 ab
2902 3879 3102 3954 angelo
3125 3879 3466 3938 servaretur.

2137 4005 2252 4059 lloc
2281 4005 2471 4058 autem
2500 4016 2686 4072 neque
2716 3998 2874 4055 Patri
2905 4016 2938 4055 a
2971 4003 3179 4055 natura
3205 4000 3477 4072 insitum,
3525 4016 3733 4073 neque

2059 4092 2257 4149 divino
2307 4092 2444 4146 item
2503 4089 2748 4161 Spiritui
2808 4093 3268 4145 consentaneum
3326 4093 3475 4158 erat,
3532 4096 3600 4145 ut
3665 4094 3732 4148 in

289 4178 671 4271 ejusdemque
737 4178 1111 4271 providentia
1177 4213 1315 4268 erga
1371 4212 1477 4252 nos
1535 4200 1948 4267 argumentum
2057 4189 2212 4240 terra
2271 4181 2588 4271 videretur,
2647 4184 2705 4235 et
2773 4179 3119 4271 nobiscum-
3170 4178 3545 4237 coalesceret.
3611 4182 3732 4245 Qui

286 4286 768 4344 efficacissimum
801 4288 941 4345 inde
971 4286 1256 4353 innotuit,
1288 4287 1442 4359 quod
1498 4284 1680 4341 Filius
1713 4301 1947 4341 carnem

291 4377 702 4448 assumpserit,
737 4388 791 4431 et
821 4391 1008 4447 usque
1038 4377 1107 4430 ad
1135 4380 1380 4431 mortem
1413 4375 1603 4431 crucis
1656 4391 1786 4431 sese
1827 4375 1944 4430 exi-

288 4465 603 4522 naniverit.
630 4468 772 4521 Cum
806 4465 965 4520 enim
997 4464 1094 4520 ille
1159 4465 1253 4520 Dei
1307 4464 1500 4537 imago
1557 4463 1946 4521 immutabilis

283 4558 340 4610 et
371 4552 657 4609 naturalis
687 4559 861 4622 esset,
896 4568 1123 4624 nosque
1175 4551 1452 4640 imagiqis
1507 4551 1666 4607 illius
1707 4552 1941 4618 divinas,

284 4643 360 4700 ad
388 4658 565 4716 quam
595 4641 881 4699 eli‘ormati
939 4641 1237 4697 fueramus
1283 4640 1679 4697 characterem
1737 4657 1934 4696 corru-

281 4731 762 4806 pissemus,idem
786 4731 885 4787 ille
902 4731 1000 4804 qui
1032 4737 1092 4786 ut
1111 4730 1171 4785 in
1191 4746 1386 4785 rerum
1411 4733 1617 4786 natura
1639 4746 1927 4798 essemus,

276 4822 567 4890 effecerat,
598 4824 878 4878 creatura:
902 4837 1022 4875 suis
1055 4818 1541 4875 restaurationem
1592 4817 1650 4873 in
1684 4835 1747 4873 se
1778 4834 1927 4873 rece-

277 4911 382 4983 pit,
416 4916 593 4983 atque
623 4911 770 4967 adeo
798 4905 1160 4964 ὲνυπόστατον
1219 4906 1383 4976 illud,
1417 4907 1528 4963 hoc
1582 4911 1692 4975 est,
1735 4923 1835 4979 per
1864 4920 1929 4962 se

279 4998 615 5055 subsistens
652 4998 753 5054 Dei
783 4997 1066 5065 Verbum,
1122 4997 1287 5053 Patre
1344 4995 1641 5067 propriam
1679 4994 1924 5067 gloriam

278 5105 394 5146 non
421 5092 689 5157 exuente,
722 5088 1094 5145 incarnatum
1127 5087 1187 5143 in
1218 5087 1391 5144 terris
1420 5085 1711 5157 apparuit,
1744 5089 1801 5142 et
1828 5103 1928 5143 eos

275 5178 446 5250 quia
502 5177 724 5234 ratione
781 5176 1158 5243 deflexerant,
1216 5176 1285 5231 ad
1340 5178 1693 5246 brutamque
1749 5176 1925 5232 vitam

277 5270 654 5338 diverterant,
686 5270 874 5324 denuo
906 5269 977 5323 ad
1011 5268 1253 5324 rationis
1282 5272 1340 5322 et
1367 5267 1704 5323 intellectus
1734 5268 1929 5341 digni-

271 5363 455 5416 tatern
478 5358 783 5427 revocavit,
846 5357 1009 5413 Pater
1066 5362 1265 5413 autem
1327 5355 1535 5413 ordine
1580 5356 1813 5423 Filium,
1843 5357 1928 5412 Fi-

267 5447 504 5522 liusque
557 5447 845 5520 Spiritum
896 5447 1222 5520 precedere
1274 5448 1479 5504 eadem
1540 5447 1770 5504 ratione
1808 5446 1927 5503 dici

342 5597 596 5667 Institi.
626 5616 825 5673 uvm,
853 5600 945 5659 49.
1019 5598 1235 5659 'Josn.
1267 5616 1385 5670 xiv,
1414 5601 1510 5658 26.

342 5726 428 5804 (3)
455 5726 803 5790 Ptolemaeus
833 5730 893 5790 in
925 5727 1132 5807 primis
1163 5726 1301 5786 infr.
1335 5726 1437 5787 lib.
1471 5744 1548 5799 1v,
1582 5744 1634 5786 e.
1657 5730 1712 5786 ti.

2057 4272 2214 4331 enim
2276 4270 2397 4327 fieri
2461 4272 2678 4340 posset,
2737 4272 2803 4324 ut
2861 4267 2964 4339 qui
3024 4267 3202 4323 nullis
3287 4285 3407 4324 non
3488 4270 3736 4327 saeculis

2054 4363 2289 4420 insitam
2370 4358 2480 4415 sibi
2567 4356 2976 4429 paternitatem
3069 4357 3445 4427 pradicabat,
3535 4358 3735 4418 Filius

2058 4453 2315 4512 hominis
2345 4448 2621 4509 audiret?
2648 4449 2735 4505 vel
2769 4450 2944 4505 etiam
2977 4449 3234 4520 Spiritus
3262 4448 3360 4506 ille
3409 4452 3735 4523 coadjutor

2054 4552 2111 4602 et
2151 4543 2458 4615 perfector,
2497 4555 2822 4610 eorumque
2882 4539 3286 4606 conﬁrmatur,
3344 4556 3475 4611 quas
3530 4541 3731 4599 Filius

2051 4652 2122 4691 ex
2152 4631 2337 4689 nihilo
2368 4631 2438 4686 ad
2498 4629 2556 4685 id
2600 4628 2755 4701 quod
2817 4633 2906 4685 est
2964 4629 3023 4684 in
3069 4645 3262 4685 rerum
3325 4635 3537 4686 natura
3588 4648 3727 4704 pro-

2037 4724 2226 4788 duxit,
2262 4724 2437 4795 prout
2468 4718 2737 4791 plerique
2767 4716 3007 4790 scriptis
3071 4719 3195 4774 suis
3261 4727 3727 4793 assueruerunt,

2040 4815 2159 4873 imo
2186 4812 2277 4869 vel
2308 4813 2436 4884 ipse
2463 4808 2741 4865 Servator
2783 4807 2843 4863 in
2902 4806 3255 4879 Evangeliis,
3293 4809 3353 4865 in
3395 4809 3616 4880 quibus
3644 4812 3725 4868 de

2035 4906 2256 4981 Spiritu
2287 4905 2493 4959 sancto
2523 4898 2824 4954 disserens
2856 4896 3185 4969 discipulos
3216 4897 3312 4955 his
3337 4899 3532 4956 verbis
3564 4899 3721 4955 allo-

2036 4999 2287 5071 quitur:
2340 4990 2664 5049 Paractetus
2711 4997 2900 5045 autem
2952 4989 3201 5060 Spiritus
3249 4993 3494 5060 sanctus,
3553 5006 3717 5062 quem

2034 5090 2218 5144 mittet
2246 5087 2408 5141 Patet
2437 5083 2499 5138 in
2528 5078 2755 5136 nomine
2787 5093 2927 5148 meo,
2971 5078 3080 5134 itte
3105 5094 3198 5135 vos
3225 5078 3447 5136 docebit
3489 5081 3701 5145 omnia,

2038 5183 2094 5236 et
2115 5177 2369 5249 suggeret
2397 5169 2546 5228 vobis
2574 5184 2910 5241 quaecunque
2938 5166 3064 5223 dixi
3089 5169 3244 5225 vobis
3271 5167 3314 5224 ⁸.
3365 5168 3538 5239 Item,
3573 5168 3714 5225 Cum

2037 5273 2226 5324 autem
2254 5262 2465 5319 venerit
2497 5258 2846 5327 Paraetetus,
2904 5273 3066 5329 quem
3122 5273 3219 5329 ego
3274 5256 3504 5314 mittam
3534 5258 3719 5331 vobis,

2035 5355 2287 5423 Spiritus
2313 5351 2590 5416 veritatis,
2629 5348 2724 5420 qui
2779 5364 2821 5403 α
2875 5347 3043 5403 Patre
3080 5346 3355 5418 procedit,
3404 5347 3506 5404 itte
3551 5350 3725 5405 testi-

2033 5446 2283 5504 monium
2312 5444 2455 5515 feret
2484 5439 2549 5497 de
2590 5454 2677 5496 me
2706 5438 2748 5494 °.
2783 5436 2897 5495 Sed
2934 5435 3046 5496 hoc
3084 5453 3120 5494 a
3177 5437 3400 5495 ratione
3448 5454 3569 5495 non
3602 5439 3721 5497 ab.

1585 5599 1612 5636 ⁹
1637 5603 1812 5659 Joan.
1845 5617 1941 5670 xv,
1971 5601 2065 5656 26.
