4052 6372
254 399 409 458 1129

1601 396 2000 459 THESAURI
2045 399 2195 461 LIB.
2246 402 2320 462 ll.

3518 421 3674 481 “30

248 529 545 595 horrebat,
582 533 643 582 ut
675 528 776 599 qui
802 527 896 582 Dei
951 527 1136 583 Filius
1169 532 1346 595 esset,
1382 526 1639 618 hominis
1660 544 1908 618 quoque
1939 537 1985 602 Α
2023 533 2309 589 unitatem
2357 539 2828 606 supernaturalis
2879 544 3006 612 ejus
3037 545 3550 618 impartibilitatis,
3593 568 3678 607 ra-

253 619 436 675 Filius
469 621 776 682 evaderet;
801 623 856 674 et
889 617 1389 690 quemadmodum
1431 617 1608 672 vitam
1658 617 1913 672 homini-

253 710 364 764 bus
397 709 644 780 largitus
695 714 840 776 erat,
889 709 970 764 ita
1023 709 1192 764 nobis
1245 724 1475 780 quoque
1523 723 1640 762 non
1679 710 1907 760 tantum

251 801 456 865 vitam,
490 800 588 855 sed
624 801 833 854 bonam
883 799 1062 854 etiam
1111 799 1294 854 vitam
1343 797 1593 852 adventu
1636 812 1742 851 suo
1792 793 1908 849 lar--

255 889 497 958 giretur,
525 887 700 944 salvis
729 890 1014 944 ambabus
1069 888 1335 942 naturis:
1377 887 1596 954 divina,
1643 885 1910 955 inquam,

259 998 386 1048 quae
437 978 638 1034 eadem
680 981 871 1050 prima
901 983 1008 1048 est,
1044 983 1101 1033 et
1159 977 1418 1032 hominis
1467 980 1704 1047 captum
1745 979 1906 1029 tran-

261 1067 513 1135 scendit;
559 1084 785 1122 necnon
837 1067 1117 1133 humana,
1152 1082 1329 1136 quam
1391 1069 1630 1135 propter
1678 1079 1784 1117 nos
1838 1062 1910 1117 ad

257 1161 480 1226 tempus
529 1156 769 1227 speciali
818 1157 1071 1228 quadam
1139 1155 1491 1227 preprietate
1566 1150 1908 1223 assumpsit.

257 1245 586 1301 Praesertim
631 1245 766 1316 quia
814 1245 1069 1300 hominis
1114 1243 1286 1315 culpa
1338 1244 1556 1298 factum
1605 1241 1816 1308 fuerat,
1852 1244 1913 1294 ut

255 1334 430 1389 homo
489 1334 672 1388 salute
712 1333 1135 1401 excluderetur,
1169 1333 1260 1387 cui
1309 1329 1731 1402 consequendte
1764 1327 1911 1383 nihil

253 1424 505 1480 Mosaica
555 1429 667 1491 lex,
713 1424 859 1478 nihil
912 1423 1261 1494 propheticae
1316 1421 1727 1494 praedictiones
1788 1434 1915 1489 pro-

255 1513 422 1567 desse
468 1517 800 1584 potuerant,
848 1512 990 1567 nihil
1042 1512 1296 1583 denique
1361 1509 1706 1581 angelorum
1761 1506 1916 1578 quis-

253 1602 409 1671 piam
443 1604 611 1657 nobis
645 1603 753 1657 hac
812 1603 871 1656 in
931 1620 991 1657 re
1049 1604 1306 1673 proferre
1357 1615 1527 1672 posse
1584 1599 1912 1653 videretur:

253 1693 491 1746 tametsi
543 1692 649 1747 hoc
703 1691 818 1746 Deo
873 1709 1053 1762 supra
1110 1693 1352 1746 modum
1404 1688 1723 1755 arrisisset,
1759 1687 1912 1757 quod

255 1781 429 1835 rebus
463 1781 770 1836 hominum
805 1780 1121 1853 deploratis
1154 1795 1409 1852 praesens
1469 1776 1800 1833 remedium
1861 1785 1917 1830 et

2021 619 2178 676 tione
2235 625 2400 695 cujus
2453 631 2736 699 tanquam
2800 633 3026 688 uniﬁcsa
3086 636 3379 704 potentiae,
3416 639 3674 707 unimur,

2021 711 2394 785 dividuisque
2445 718 2629 772 nostri
2706 721 3166 793 diversitatibus,
3229 742 3410 798 supra
3469 731 3680 787 mundi

2020 799 2196 869 hujus
2254 805 2674 876 conditionem,
2738 811 3130 882 complicatis,
3192 815 3248 868 in
3325 818 3672 876 Deiformem

2022 896 2357 962 monadem,
2391 910 2637 967 eamque
2684 900 2966 955 unitatem
3007 902 3357 974 colligimur,
3415 924 3542 977 qua:
3584 910 3674 964 di-

2020 978 2214 1034 vinam
2238 980 2398 1037 illam
2431 984 2724 1043 imitetur:
2769 991 2982 1059 partim
3039 1008 3192 1060 vero,
3221 993 3358 1064 quia
3416 996 3675 1053 Trinitas

2022 1066 2117 1133 sit,
2168 1069 2347 1126 trium
2407 1072 2643 1130 illarum
2707 1094 3088 1142 personarum
3139 1082 3382 1149 ratione,
3420 1101 3549 1155 qua:
3609 1105 3679 1142 ex

2022 1155 2373 1246 fecunditate
2423 1164 2976 1233 supersubstantiali
3037 1167 3394 1235 elucescunt,
3439 1189 3508 1227 ex
3562 1191 3680 1246 qua

2023 1245 2275 1302 caelestis
2299 1251 2492 1306 omnis
2517 1253 2744 1308 familia
2775 1260 2830 1309 et
2854 1259 2942 1311 est
2973 1261 3030 1311 et
3061 1245 3675 1330 denominaturltem,

2023 1335 2312 1393 Divinitas
2346 1339 2467 1410 illa,
2502 1359 2633 1413 quae
2664 1361 2862 1400 rerum
2896 1347 3160 1402 omnium
3197 1366 3435 1423 praeses,
3462 1356 3518 1406 et
3550 1354 3677 1407 uni-

2025 1425 2112 1478 tas
2143 1430 2200 1479 et
2226 1426 2482 1486 Trinitas
2504 1431 2718 1487 celebri
2744 1435 2981 1490 nomine
3035 1437 3272 1507 dicitur,
3305 1456 3419 1495 non
3472 1458 3540 1496 ea
3592 1447 3680 1498 est

2024 1513 2219 1570 unitas
2259 1522 2314 1571 et
2342 1517 2618 1588 Trinitas,
2652 1539 2778 1593 quae
2811 1523 2896 1580 vel
2931 1525 3123 1593 nobis,
3148 1527 3236 1583 vel
3273 1527 3373 1583 alii
3399 1532 3677 1602 cuiquam

2025 1619 2224 1659 eorum
2259 1623 2388 1678 quas
2414 1614 2554 1666 sunt
2586 1611 2934 1680 innotescat,
2973 1617 3073 1670 sed
3131 1622 3192 1671 ut
3251 1617 3437 1689 ipsius
3471 1622 3676 1676 unita-

2025 1695 2142 1747 tem
2196 1696 2415 1752 unitate
2464 1700 2622 1754 omni
2681 1703 3064 1772 superiorem,
3118 1707 3545 1782 Deigenamque
3595 1712 3680 1766 fe-

2028 1785 2388 1842 cunditatem
2446 1805 2577 1846 vere
2637 1791 2964 1862 laudemus,
3022 1794 3183 1850 illam
3245 1798 3400 1854 trina
3457 1804 3515 1858 et
3566 1819 3682 1857 una

257 1886 322 1924 ac
355 1873 813 1941 recuperandam
846 1870 1093 1926 salutem
1127 1868 1602 1924 efﬁcacissimum
1655 1865 1906 1920 afferret.
1940 1918 1986 1979 Β
2031 1873 2356 1932 Divinitatis
2398 1879 2787 1951 appellatione
2847 1885 3344 1942 denominamus:
3408 1905 3542 1945 cum
3592 1897 3683 1947 ta-

259 1959 361 1979 n__:
417 1960 552 1979 ΑΠΞᾉᾼ
606 1960 726 1979 114,9
783 1978 787 1979 ν
861 1972 870 1979 .
924 1962 960 1979 εκ
1018 1965 1055 1979 Δι
1135 1964 1195 1979 με.
1254 1957 1498 1979 _2____1-__
1554 1956 1725 1979 LA...“
1805 1969 1907 1979 ..-Α
2028 1976 2148 1979 ..__,,
2365 1965 2374 1976 -
2615 1969 2625 1979 ι
2764 1974 2773 1979 -
3051 1973 3066 1979 -
3117 1976 3125 1979 -

259 1959 364 2024 Qui
406 1960 560 2014 enim
604 1960 728 2015 ﬁeri
782 1962 1082 2033 potuisset,
1133 1964 1199 2014 ut
1250 1957 1502 2028 simplex
1554 1956 1751 2022 homo,
1804 1969 1909 2008 nec

261 2049 430 2104 ullius
463 2049 785 2106 divinitatis
847 2051 1158 2122 particeps,
1194 2065 1372 2104 unam
1422 2046 1805 2114 eamdemque
1850 2043 1908 2096 in

258 2140 432 2197 ﬁdem
492 2147 697 2213 gentes
755 2145 1156 2214 congregaret,
1234 2139 1469 2210 illisque
1549 2133 1910 2190 caeremoniis

257 2234 433 2287 linem
489 2232 834 2304 imponeret,
896 2232 1112 2302 quibus
1161 2228 1255 2285 lex
1306 2227 1588 2285 obnoxios
1649 2241 1754 2278 nos
1785 2222 1912 2277 efﬁ-

255 2321 486 2377 ciebat?
509 2323 596 2376 vel
643 2323 815 2376 etiam
849 2323 1054 2376 eadem
1112 2323 1398 2391 potestate
1453 2317 1532 2372 uti
1595 2313 1904 2385 potuisset,

257 2428 373 2481 qua
402 2411 671 2466 Christus
691 2411 997 2477 utitur,his
1037 2410 1228 2465 verbis
1255 2411 1401 2465 :Lex
1429 2407 1658 2479 quidem
1678 2404 1780 2471 ait,
1796 2401 1913 2456 Non

255 2501 615 2556 masc/laberis
637 2520 654 2554 :
687 2516 779 2571 ego
805 2500 1394 2565 autem,Nemulz'erem
1424 2496 1643 2568 quidem
1659 2491 1911 2564 aspicies,

259 2589 846 2660 act-concupiscendam
897 2606 1019 2644 eam
1071 2589 1137 2658 ίο,
1170 2594 1227 2644 et
1275 2605 1404 2660 quae
1447 2589 1801 2657 sequuntur,
1848 2597 1914 2636 eo

260 2681 494 2753 quidem
529 2697 698 2736 sensu
723 2679 1080 2750 accipienda,
1107 2683 1172 2734 ut
1199 2680 1264 2734 ad
1298 2678 1440 2748 legis
1475 2673 1911 2747 perfectionem,

263 2789 378 2826 non
413 2776 604 2826 autem
641 2771 712 2824 ad
741 2769 1198 2825 destructionem
1258 2767 1416 2822 dicta
1463 2771 1519 2820 et
1565 2763 1780 2819 tradita
1823 2761 1914 2814 in-

265 2861 626 2931 telligantur.
669 2861 778 2914 Sed
837 2876 908 2914 ne
968 2858 1256 2914 malorum
1313 2857 1552 2928 quidem
1594 2855 1913 2926 spirituum

261 2955 416 3008 vires
451 2953 746 3008 infirmare
791 2951 1078 3022 potuisset
1108 2950 1372 3023 angelus,
1405 2947 1730 3020 pmsertim
1781 2962 1913 3001 cum

258 3043 570 3114 Scriptura
621 3059 728 3096 nos
789 3049 1042 3106 moneat,
1104 3038 1442 3095 Michaelem
1497 3035 1916 3108 archangelum

256 3148 393 3188 cum
455 3131 687 3186 diabolo
749 3131 989 3202 quidem
1049 3147 1226 3202 super
1256 3129 1437 3185 Mosis
1486 3145 1726 3199 corpore
1777 3144 1914 3182 con-

257 3222 539 3288 tendisse,
591 3237 656 3277 eo
703 3226 892 3275 tamen
926 3219 1178 3275 audacite
1225 3236 1598 3290 nequaquam
1632 3217 1909 3283 evasisse,

2026 1976 2156 2016 men
2218 1965 2416 2020 omnia
2470 1969 2710 2024 nomina
2759 1973 3152 2041 transcendat,
3189 1979 3247 2029 et
3303 1991 3504 2032 eorum
3557 1995 3681 2049 quae

2023 2054 2157 2104 sunt
2223 2055 2543 2111 essentiam
2601 2065 2930 2130 exsuperet.
2992 2061 3167 2118 Nulla
3222 2081 3392 2135 porro
3460 2069 3679 2136 unitas,

2023 2144 2123 2193 aut
2161 2140 2440 2211 Trinitas,
2473 2150 2576 2202 aut
2607 2148 2808 2203 nullus
2841 2167 3125 2207 numerus
3179 2158 3279 2208 aut
3327 2156 3541 2219 unitas,
3576 2161 3679 2212 aut

2026 2229 2372 2299 fecunditas,
2405 2235 2637 2291 nullum
2671 2238 2925 2310 denique
2957 2240 3119 2296 aliud
3151 2259 3218 2297 ex
3245 2243 3315 2298 iis
3369 2261 3496 2315 quae
3513 2252 3672 2314 sunt,

2024 2321 2176 2389 quod
2226 2324 2460 2394 quidem
2492 2327 2808 2399 cognitioni
2845 2329 3219 2402 scientiaeque
3271 2340 3479 2403 pateat,
3511 2354 3670 2392 arca-

2025 2425 2164 2464 num
2199 2412 2344 2468 illud
2374 2416 2534 2472 nulla
2569 2421 2832 2474 oratione
2885 2420 3164 2494 nulloque
3222 2424 3522 2482 intellectu
3575 2445 3670 2482 ex-

2024 2500 2311 2574 plicabile,
2345 2510 2601 2578 retegere
2632 2515 2836 2579 potest,
2890 2513 3043 2583 quod
3085 2513 3144 2567 in
3196 2531 3264 2569 ea
3313 2532 3488 2586 super
3523 2518 3676 2571 Divi-

2026 2592 2206 2647 nitate
2239 2593 2406 2660 inest,
2441 2613 2567 2668 quae
2601 2599 2930 2655 substantia
2961 2619 3065 2657 sua
3098 2603 3323 2658 nullam
3384 2623 3500 2661 non
3533 2608 3675 2662 sub-

2026 2683 2306 2738 stantiam
2340 2687 2540 2742 multis
2589 2691 2933 2762 parasangis
2991 2701 3321 2762 exsuperat.
3356 2697 3490 2764 Ipsa
3548 2713 3680 2752 vero

2027 2788 2218 2843 neque
2249 2773 2368 2830 ullo
2401 2777 2658 2846 nomine,
2687 2795 2872 2848 neque
2932 2781 3050 2836 ulla
3103 2783 3348 2854 ratione,
3398 2792 3498 2841 aut
3545 2803 3677 2843 ora-

2026 2863 2184 2918 tione
2216 2865 2457 2936 exprimi
2485 2872 2695 2938 potest,
2730 2869 2828 2925 sed
2865 2873 2922 2925 in
2956 2871 3102 2940 ipsis
3159 2874 3468 2945 adytorum
3503 2893 3682 2948 pene-

2026 2951 2297 3024 tralibus,
2331 2955 2500 3026 quasi
2531 2957 2602 3012 de
2633 2958 2824 3016 medio
2858 2960 3089 3016 sublata
3138 2961 3444 3020 delitescit.

2695 3047 2850 3104 CAP.
2883 3049 3003 3104 VII.

2025 3131 2208 3204 Magni
2262 3135 2467 3214 Basilii
2495 3139 2854 3214 exJepistota
2912 3139 2982 3193 ad
3040 3141 3384 3210 Gregorium
3421 3145 3678 3214 fratrem,

2106 3208 2354 3287 quaede
2400 3208 2646 3287 essentia
2703 3214 2754 3264 et
2808 3208 3176 3281 hypostaseos'
3213 3208 3532 3287 differehtia
3580 3208 3675 3273 in?

255 3279 812 3378 utillum'tanquarn
847 3305 1260 3378 hlasphemum
1316 3279 1755 3369 condemnaret,
1807 3279 1909 3359 sed
1951 3281 1993 3347 (ἶ
2092 3282 2362 3378 ξξνξδίτκν
2392 3279 2487 3378 (5);

254 3400 351 3455 his
400 3400 679 3453 duntaxat
730 3395 919 3451 verbis
979 3412 1149 3451 usum
1215 3411 1375 3463 esse;
1427 3397 1668 3466 Increpet
1720 3399 1770 3449 te
1810 3394 1911 3449 Do-

255 3493 461 3545 minus.
497 3488 642 3554 Quin
669 3492 724 3542 et
752 3485 944 3557 angeli
975 3485 1032 3540 in
1068 3486 1302 3556 angelos
1357 3485 1688 3554 insurgunt,
1715 3500 1914 3554 quem-

257 3579 576 3636 admodum
622 3575 709 3630 vir
763 3575 858 3629 ille
917 3573 1338 3628 desideriorum
1389 3577 1446 3628 et
1493 3573 1911 3644 prophetarum

259 3665 814 3740 perspicacissimus
876 3664 1073 3718 Daniel
1173 3662 1295 3718 suis
1363 3661 1597 3733 scriptis
1641 3659 1908 3732 explicat.

259 3755 543 3824 Quocirca
592 3757 762 3824 prout
820 3752 1145 3822 oportebat,
1179 3749 1260 3804 ita
1315 3749 1491 3804 etiam
1543 3755 1737 3803 creata
1776 3749 1915 3802 sunt

260 3848 481 3914 omnia,
514 3849 708 3902 creata
746 3859 879 3899 vero
913 3846 968 3896 et
1000 3841 1148 3896 facta
1178 3843 1317 3895 sunt
1348 3840 1429 3895 ita
1485 3842 1549 3894 ut
1604 3843 1662 3894 et
1692 3837 1913 3893 mundo

251 3938 576 4004 salutifera,
635 3952 740 3991 nec
813 3935 929 3990 Deo
987 3932 1230 4004 indigna
1283 3934 1500 3986 essent.
1553 3932 1735 4001 Atque
1793 3928 1912 3984 haec

251 4030 563 4092 hactenus,
597 4025 826 4081 etiamsi
861 4025 1010 4080 citra
1032 4039 1271 4079 omnem
1324 4019 1606 4076 orationis
1638 4023 1911 4074 ornatum

248 4119 405 4174 dicta
440 4117 578 4173 sint.
611 4116 742 4171 Jam
775 4115 1040 4183 quaedam
1067 4112 1300 4181 scriptis
1335 4109 1673 4164 mandanda
1715 4123 1916 4179 super-

249 4211 418 4272 sunt,
441 4223 509 4259 ex
536 4205 752 4275 quibus
785 4199 1149 4255 sanctissimi
1182 4199 1379 4252 Patres
1413 4206 1466 4252 et
1515 4196 1766 4268 theologi
1808 4213 1914 4250 nos

250 4296 600 4363 docuerunt,
625 4291 906 4363 quidnam
948 4291 1019 4344 de
1051 4287 1605 4360 supersubstantiali
1635 4285 1915 4342 Trinitate

246 4383 631 4442 sentiendum
662 4381 760 4435 sit.

935 4495 1090 4552 CAP.
1136 4494 1231 4551 VI.

2092 3370 2436 3441 Ubicunque
2466 3369 2526 3424 in
2566 3375 2768 3426 sancta
2825 3371 3109 3428 Trinitate
3167 3375 3392 3432 Patrem
3440 3377 3676 3435 intelle-

2021 3470 2114 3516 ctu
2148 3460 2508 3531 assequitur,
2543 3477 2659 3516 una
2689 3463 2890 3517 eadem
2924 3478 3100 3534 opera
3134 3471 3188 3520 et
3230 3465 3427 3538 ipsum
3486 3485 3589 3539 per
3617 3486 3680 3525 se

2020 3554 2252 3608 Patrem
2311 3551 2608 3624 intelligit,
2644 3559 2700 3609 et
2733 3554 2945 3611 Filium
3005 3557 3359 3628 cogitatione
3409 3576 3679 3633 compre-

2021 3642 2243 3698 hendit.
2265 3642 2370 3706 Qui
2399 3646 2595 3698 autem
2631 3642 2842 3698 Filium
2889 3650 3072 3714 tenet,
3106 3647 3387 3717 Spiritum
3441 3665 3678 3722 quoque

2021 3730 2445 3802 complectitur,
2479 3735 2535 3786 et
2569 3738 2998 3804 consequenter
3056 3736 3294 3806 quidem
3352 3739 3678 3796 secundum

2021 3821 2310 3887 ordinem,
2378 3821 2694 3892 conjuncte
2757 3839 2892 3878 vero
2978 3827 3304 3881 secundum
3380 3832 3676 3896 naturam,

2023 3911 2204 3966 trium
2233 3911 2292 3966 in
2352 3911 2545 3983 seipso
2600 3912 2905 3968 confusam
2955 3918 3014 3969 et
3061 3916 3436 3972 commistam
3497 3919 3673 3975 fidem

2023 3999 2330 4072 expressit.
2407 3999 2689 4070 Spiritum
2795 4000 2936 4058 item
3035 4003 3224 4060 solum
3318 4005 3419 4076 qui
3503 4007 3672 4074 dixit,

2024 4089 2365 4159 hujusmodi
2423 4089 2790 4146 confessione
2878 4107 3011 4146 eum
3083 4109 3337 4164 quoque,
3395 4095 3568 4166 cujus
3625 4099 3684 4151 et

2022 4179 2270 4249 Spiritus
2302 4182 2409 4248 est,
2435 4195 2646 4250 nempe
2678 4178 3000 4249 Christum,
3035 4189 3087 4235 et
3111 4199 3245 4237 eum
3280 4200 3348 4238 ex
3372 4201 3486 4256 quo
3533 4201 3672 4255 pro-

2023 4267 2195 4335 cedit,
2233 4283 2438 4339 nempe
2487 4268 2692 4336 Deum,
2729 4273 2794 4324 ut
2844 4270 3161 4342 Apostolus
3205 4272 3306 4341 ait,
3340 4273 3682 4344 complexus

2021 4357 2644 4421 est.Quemadmodum
2677 4363 2871 4414 autem
2903 4359 2960 4414 in
2994 4361 3350 4434 catena,qui
3382 4363 3674 4418 annulum

2024 4460 2208 4499 unum
2269 4446 2523 4516 attingit,
2578 4446 2752 4502 simul
2817 4449 2994 4505 etiam
3047 4449 3299 4507 alterum
3355 4456 3683 4508 extremum

2024 4535 2286 4604 attrahit,
2317 4537 2401 4592 ita
2432 4537 2770 4610 quicunque
2820 4539 3106 4610 Spiritum
3137 4541 3342 4608 trahit,
3375 4546 3438 4597 ut
3475 4546 3684 4599 auctor

251 4615 985 4708 B-.Dteny.siiAree.vsgétea
1010 4610 1910 4708 fitP-.2:93..3‘.?3i‘“.fffi€i‘€’t€‘“

2026 4629 2112 4680 est
2150 4625 2458 4697 propheta,
2484 4627 2533 4682 is
2599 4637 2726 4683 vero
2785 4644 2883 4700 per
2927 4629 3104 4684 istum
3156 4630 3288 4685 Filii
3335 4647 3570 4702 quoque
3628 4635 3688 4686 et

285 4681 588 4759 theolojia,
621 4690 692 4742 de
722 4681 904 4752 Patre,
935 4690 985 4740 et
1017 4681 1175 4741 F-ilzo'
1217 4689 1270 4738 et
1300 4684 1518 4753 Spiritu
1558 4690 1744 4738 sancto
1777 4681 1874 4752 (4).

329 4809 556 4862 Patrem
589 4804 824 4875 quidem
883 4801 1102 4856 fontem
1155 4799 1476 4854 divinitatis
1507 4813 1657 4866 esse,
1706 4797 1913 4852 Filium

245 4902 449 4956 autem
515 4899 570 4948 et
600 4892 887 4962 Spiritum
952 4890 1217 4961 Deigenze
1262 4882 1590 4943 divinitatis
1621 4885 1918 4958 germina,

246 4997 317 5046 ut
350 4987 432 5042 ita
463 4986 676 5050 dicam,
709 4979 990 5036 divinitus
1023 4977 1375 5050 pullulantia
1434 4980 1490 5032 et
1520 4977 1687 5048 quasi
1719 4976 1912 5044 flores,

247 5069 972 5147 supersubstanlialiaque
1021 5067 1264 5132 lumina,
1301 5067 1484 5122 sacris
1543 5082 1609 5121 ex
1663 5064 1915 5121 oraculis

250 5165 628 5235 accepimus;
663 5168 716 5216 at
752 5173 1009 5232 quonam
1043 5157 1099 5212 id
1140 5156 1372 5212 tandem
1435 5159 1601 5227 pacto
1655 5154 1776 5221 ﬁat,
1811 5169 1916 5210 nec

252 5253 522 5310 oratione
555 5251 891 5323 quisquam,
924 5263 1030 5303 nec
1061 5245 1361 5301 intellectu
1393 5244 1670 5314 consequi
1703 5246 1912 5316 potest.

249 5350 430 5410 Item,
464 5342 705 5412 proinde
737 5339 797 5396 in
829 5337 991 5394 omni
1023 5336 1139 5391 fere
1171 5334 1490 5404 theologica
1520 5334 1917 5405 disputatione

249 5449 509 5491 summae
541 5427 876 5485 Divinitatis
909 5442 1108 5482 sacras
1141 5423 1343 5480 laudes
1368 5423 1914 5494 intuemur,partim

250 5521 522 5595 quidem,
559 5519 696 5590 quia
729 5517 926 5573 unitas
958 5516 1037 5572 sit
1066 5517 1305 5586 propter
1363 5511 1802 5583 simplicitatem
1861 5516 1918 5567 et

331 5636 380 5673 ¹⁰
411 5635 626 5690 Matth.
660 5650 692 5688 v
721 5635 814 5701 28,
847 5635 936 5687 29.

330 5735 409 5806 (4)
440 5733 584 5788 Vide
614 5729 960 5800 Ραινοιορίκ
989 5735 1189 5786 Graece
1218 5733 1360 5785 tom.
1386 5727 1482 5796 III,
1503 5726 1612 5785 col.
1644 5727 1768 5783 674.

582 5864 850 5922 Parrum.
899 5861 1010 5921 Gn.
1058 5859 1382 5920 CXXXIX.

2023 4712 2214 4769 Patris
2247 4731 2487 4786 compos
2518 4716 2708 4772 factus
2739 4721 2847 4772 est.
2900 4719 3062 4782 Quod
3098 4717 3148 4774 si
3179 4718 3311 4788 quis
3342 4719 3672 4789 apprehen-

2025 4803 2144 4871 dat,
2179 4803 2252 4858 ab
2273 4808 2522 4876 utroque
2553 4807 2813 4875 ejusdem
2848 4806 3049 4878 latere,
3095 4807 3202 4862 hoc
3235 4807 3475 4880 quidem
3518 4809 3682 4879 ejus-

2024 4894 2157 4949 dem
2183 4895 2431 4961 Patrem,
2464 4896 2563 4952 illo
2593 4913 2725 4952 vero
2759 4898 3060 4969 proprium
3094 4898 3360 4969 ejusdem
3393 4899 3678 4970 Spiritum

2026 4986 2228 5040 eadem
2254 4984 2362 5041 hac
2389 4986 2728 5041 inductione
2758 4985 2871 5040 sibi
2901 4985 3318 5056 conciliaverit.
3351 4986 3466 5042 Nec
3521 4988 3675 5042 enim

2026 5074 2148 5129 ﬁeri
2184 5075 2414 5146 poterit,
2449 5083 2508 5129 ut
2547 5076 2595 5130 is
2647 5092 2681 5130 a
2724 5081 2889 5131 Patre
2948 5083 3268 5147 separetur,
3319 5076 3418 5148 qui
3453 5093 3683 5148 semper

2025 5162 2084 5216 in
2135 5165 2304 5220 Patre
2338 5168 2555 5232 manet,
2594 5167 2696 5219 aut
2751 5181 2785 5218 a
2847 5165 3080 5236 proprio
3135 5182 3398 5237 unquam
3455 5166 3680 5238 Spiritu

2025 5253 2425 5326 disjungatur,
2457 5255 2555 5325 qui
2589 5255 2782 5310 omnia
2811 5255 2872 5310 in
2905 5255 3034 5328 ipso
3065 5256 3206 5327 agit.
3241 5255 3487 5312 Proinde
3520 5254 3686 5311 nulla

2026 5359 2271 5415 prorsus
2303 5345 2481 5399 sectio
2531 5347 2632 5398 aut
2685 5343 2894 5400 divisio
2939 5345 3253 5416 excogitari
3312 5349 3523 5416 potest,
3569 5359 3688 5415 qua

2024 5435 2115 5491 vel
2150 5435 2323 5490 Pater
2355 5435 2483 5489 sine
2514 5435 2680 5502 Filio,
2712 5435 2801 5492 vel
2868 5433 3048 5490 Filius
3083 5434 3210 5490 sine
3256 5433 3478 5504 Spiritu
3508 5431 3688 5487 intel-

2026 5525 2264 5596 ligatur.
2299 5528 2422 5581 Imo
2479 5543 2613 5582 vero
2662 5541 2730 5581 ea
2761 5527 2818 5580 in
2880 5525 2953 5581 iis
2985 5524 3321 5597 conjunctio
3372 5529 3427 5580 et
3487 5521 3694 5580 divisio

2103 5726 2180 5799 (ὅ)
2210 5725 2357 5782 Vide
2379 5730 2523 5782 tom.
2548 5723 2780 5792 XXXII,
2813 5723 2922 5781 col.
2955 5723 3082 5779 331.

3289 5850 3366 5910 36
