4052 6378
332 430 477 492 1131

1648 395 1967 466 NICETJE
2009 389 2442 454 ΟΗΟΝΙΛΊῈ

3591 391 3768 454 1131

323 568 434 629 est,
467 573 598 632 quae
628 557 790 614 nulla
845 554 1106 611 oratione
1154 546 1450 621 explicari,
1483 541 1762 632 nulloque
1795 534 1966 591 intel-
2001 533 2054 598 Α
2083 527 2132 582 bi
2165 525 2550 632 fuerant.‘Sic
2575 617 2591 632 ἱ
2613 541 2749 598 ergo
2801 527 2879 632 Ide
2897 526 3110 632 “Filio,
3171 525 3255 630 sic
3291 533 3374 632 .et
3419 530 3492 586 de
3532 531 3779 604 Spiritu

325 629 920 720 lectu—comprehendi
971 648 1174 714 queat:
1224 651 1354 694 cum
1413 629 1733 706 praesertim
1788 639 1976 720 neque

325 714 714 812 hypostaseon
745 731 1072 790 differentia
1114 727 1559 786 continuitatem
1603 723 1822 776 natura:
1855 714 1975 769 dis-

327 829 540 895 trahat,
572 842 678 883 nec
709 823 978 880 essentiee
1007 817 1339 890 conjunctio
1381 812 1789 888 proprietatem
1844 821 1976 876 per-

330 932 626 984 sonarum,
686 915 856 987 quasi
904 913 1182 968 fatiscens
1226 910 1282 962 et
1321 904 1616 978 perﬂuens
1671 896 1974 955 eii‘undat:

331 1011 412 1067 ita
443 1011 508 1064 ut
529 1005 783 1061 mirabili
813 1003 1067 1073 quadam
1086 997 1309 1054 ratione
1330 995 1390 1051 in
1444 993 1539 1048 his
1586 994 1644 1048 et
1663 988 1981 1058 conjuncta

332 1098 656 1161 distinctio,
687 1098 744 1149 et
771 1093 1045 1148 distincta
1095 1085 1428 1158 coniunctio
1475 1081 1872 1155 dignoscatur.
1909 1073 1979 1130 Ut

331 1195 529 1248 autem
561 1185 741 1256 hujus
772 1182 854 1238 rei
883 1178 1225 1237 obscuritati
1255 1173 1501 1232 luminis
1549 1165 1771 1242 aliquid
1817 1181 1982 1256 acce-

333 1280 451 1348 dat,
499 1282 599 1333 aut
640 1253 852 1347 'pctius
906 1271 1118 1328 veritas
1187 1265 1590 1328 adumbretur,
1650 1253 1982 1348 multicolor

333 1345 445 1425 ille
485 1345 739 1424 caelestis
795 1377 989 1432 arcus,
1037 1375 1211 1432 quem
1268 1355 1480 1429 vulgus
1530 1351 1645 1406 Irin
1707 1345 1979 1421 appellat,

335 1456 583 1529 exempli
611 1453 796 1527 gratia
817 1453 1195 1524 preponatur.
1229 1443 1504 1503 Omnium
1529 1440 1688 1497 enim
1721 1436 1980 1529 colorum

337 1549 469 1619 ejus
501 1524 846 1618 splendores
868 1545 924 1597 et
954 1537 1216 1596 distincti
1247 1536 1540 1624 videntur,
1561 1530 1718 1624 quia
1754 1524 1984 1624 elninus

333 1638 552 1703 lucent,
621 1640 678 1688 et
738 1628 1074 1701 conjuncti,.
1118 1627 1253 1697 quia
1300 1623 1639 1679 mistionum
1701 1620 1985 1703 terminos

340 1743 454 1783 non
512 1702 799 1791 videmus,
833 1719 1047 1792 quibus
1105 1716 1364 1772 colorum
1421 1711 1731 1766 varietates
1785 1702 1987 1760 distin-

342 1817 639 1890 guuntur:
672 1815 736 1867 ut
762 1811 1093 1866 discernere
1122 1803 1360 1862 omnino
1388 1815 1646 1872 nequeas
1674 1799 1988 1890 quatenus

2086 621 2288 674 sancto
2326 617 2697 672 sentiendum
2731 621 2839 672 est.
2897 617 3154 672 Rursum
3215 618 3593 691 interrogato
3650 639 3780 693 me,

2087 711 2150 762 ut
2181 721 2424 762 rursum
2457 717 2688 779 quoque
2721 708 2826 762 tibi
2861 708 3272 780 respondeam.
3308 711 3552 775 Quando
3577 713 3778 770 Filius

2085 799 2319 871 genitus
2351 797 2802 856 est?Nimirum
2853 800 3086 871 quando
3128 804 3296 856 Pater
3340 801 3576 872 genitus
3639 819 3768 862 non

2085 892 2194 943 est.
2227 889 2468 955 Quando
2499 888 2751 961 denique
2814 889 3064 962 Spiritus
3121 891 3456 962 processit?
3502 894 3762 958 Quando

2089 979 2374 1034 nimirum
2432 977 2617 1034 Filius
2667 995 2784 1034 non
2831 979 3131 1052 processit.
3189 981 3300 1036 Sed
3369 979 3603 1051 genitus
3675 987 3772 1041 est

2091 1069 2252 1125 nullo
2283 1072 2563 1142 tempore,
2598 1081 2883 1142 supraque
2913 1087 3091 1142 quam
3127 1073 3260 1144 quis
3301 1072 3530 1130 ratione
3553 1091 3764 1132 conse-

2090 1159 2193 1231 qui
2227 1159 2514 1231 possit.Et
2545 1158 2593 1216 si
2625 1175 2804 1232 supra
2833 1165 3066 1233 tempus
3097 1161 3244 1217 nihil
3279 1161 3606 1236 quidquam
3628 1171 3755 1222 sia-

2088 1253 2250 1306 tuere
2283 1261 2620 1324 possumne,
2656 1251 2981 1324 quamlibet
3015 1251 3402 1324 temporalem
3454 1253 3742 1327 signiﬁca-

2088 1333 2305 1395 tionem
2341 1341 2841 1413 subterfugiamus
2897 1341 3058 1414 (nam
3107 1355 3274 1398 voces
3333 1343 3444 1409 hae,
3505 1343 3756 1415 quando,

2091 1433 2284 1498 antea,
2319 1437 2512 1504 postea
2541 1434 2596 1487 et
2632 1430 2700 1486 ab
2740 1431 2928 1502 initio,
2967 1431 3250 1504 temporis
3308 1437 3574 1505 expertes
3634 1449 3760 1490 non

2091 1523 2254 1598 sunt)
2299 1519 2535 1580 etiamsi
2609 1521 2699 1578 vel
2761 1521 3014 1578 maxime
3086 1521 3442 1590 adnitamur,
3513 1524 3766 1595 vimque

2092 1614 2284 1673 verbis
2327 1613 2685 1679 auferamus,
2725 1611 2836 1667 nisi
2869 1610 3007 1684 quia
3056 1611 3313 1684 spatium
3368 1610 3541 1682 illud,
3597 1613 3766 1684 quod

2095 1709 2293 1766 eadem
2344 1722 2475 1762 cum
2529 1703 2904 1776 sempiternis
2978 1703 3287 1760 duratione
3369 1703 3770 1776 protenditur,

2096 1799 2374 1870 nulloque
2410 1793 2568 1852 motu
2603 1799 2705 1851 aut
2727 1795 2867 1850 solis
2899 1809 3071 1850 cursu
3091 1791 3392 1864 dividitur,
3428 1797 3531 1850 aut
3589 1811 3774 1852 men-

345 1883 751 1968 extendantur,
785 1903 888 1955 aut
918 1899 1070 1953 unde
1101 1895 1334 1951 initium
1377 1893 1574 1957 ducat,
1605 1885 1693 1942 vel
1752 1883 1986 1978 rutilus,
2023 1913 2071 1978 Β
2102 1887 2360 1945 surabile
2385 1885 2883 1978 temporis‘instar
2913 1889 3019 1950 cst,
3041 1883 3322 1940 saeculum
3357 1883 3774 1957 appellamus:

342 1994 430 2050 vel
480 1990 916 2062 smaragdinhs,
967 1985 1054 2042 vel
1109 1983 1351 2056 glaucus
1401 1977 1644 2036 luminis
1695 1971 1990 2046 splendor.

345 2087 468 2148 Quo
510 2082 745 2155 quidem
778 2084 1004 2135 naturae
1043 2073 1306 2144 exemplo
1339 2085 1445 2127 nos
1476 2068 1623 2124 ratio
1654 2069 1870 2129 monet,
1924 2077 1994 2116 ne

343 2153 621 2232 novitatis
651 2171 788 2227 vitio
819 2169 1152 2224 laboremus
1184 2163 1260 2236 (ὃ)
1306 2161 1367 2217 in
1428 2159 1768 2232 dogmatum
1828 2153 1996 2208 ratio-

346 2267 522 2322 nibus
553 2261 946 2334 exquirendis,
978 2259 1029 2314 si
1086 2255 1317 2328 quando
1375 2249 1676 2308 difficilem
1736 2243 1992 2317 aliquem

345 2359 566 2414 nodum
603 2349 977 2423 disquirendo
1013 2347 1184 2410 nacti,
1221 2345 1278 2400 in
1336 2347 1523 2398 utram
1561 2337 1727 2396 nobis
1770 2341 1993 2409 partem

343 2445 744 2504 inclinandum
869 2439 965 2509 sit,
1077 2433 1510 2492 addubitamus.
1613 2428 1998 2495 Quemadmo-

346 2541 488 2594 dum
515 2533 670 2592 enim
724 2543 792 2588 ea
821 2545 952 2600 quas
1011 2527 1122 2582 sub
1181 2527 1484 2596 aspectum
1543 2517 1760 2576 cadunt
1799 2515 1996 2588 qualia

345 2629 464 2684 sint
547 2621 818 2694 experiri,
887 2631 1061 2690 quam
1139 2615 1214 2670 iis
1305 2618 1520 2669 temere
1605 2607 1998 2663 contradicere

347 2718 602 2790 praestat,
670 2713 752 2768 ita
811 2709 989 2766 etiam
1060 2707 1119 2763 in
1177 2702 1470 2776 dogmatis
1529 2699 1670 2790 illis,
1725 2707 1852 2768 quae
1929 2697 1998 2752 de

351 2788 528 2862 rebus
557 2799 1190 2865 arduisinetituuntur,
1223 2793 1313 2849 illi
1350 2788 1690 2864 cognitioni,
1725 2799 1853 2858 quae
1901 2801 1996 2842 ras

347 2891 826 2952 tiocinationibus
843 2905 969 2945 com
981 2888 1180 2960 paratu
1191 2883 1388 2954 r,ﬂdes
1409 2877 1718 2937 antecellat
1747 2878 1994 2948 oportet.

1013 3003 1171 3060 CAP.
1198 2998 1344 3058 VIII.

357 3110 542 3184 Magni
574 3103 1130 3184 Grcgoriithieologi
1173 3101 1253 3184 _de
1286 3101 1469 3184 Patre,
1502 3093 1744 3184 (at-Filio,
1769 3092 1998 3184 -

418 3166 534 3239 irim
569 3166 786 3244 sancto,
821 3166 1091 3231 distincte
1135 3167 1302 3244 simul
1339 3172 1392 3225 et
1419 3169 1738 3244 regionem
1783 3166 2002 3220 Divini-

418 3237 555 3310 ἐὰτῦ
575 3252 744 3306 ratio.
774 3237 860 3304 Ec
892 3247 1138 3303 oratione
1165 3243 1350 3314 prima
1398 3237 1463 3296 de
1491 3237 1628 3296 Filio
1650 3238 1749 3310 (7).

420 3370 536 3425 Nos
587 3369 774 3421 autem
822 3363 1002 3418 unius
1081 3358 1179 3414 Dei
1254 3355 1647 3428 principatum
1725 3353 1998 3412 colimus.

350 3453 1172 3528 Principatum,inquam,non
1207 3463 1325 3503 una
1355 3444 1863 3516 circumscriptum
1881 3461 2005 3517 per-

351 3563 498 3604 scna
523 3544 667 3615 (fieri
698 3541 854 3600 enim
883 3542 1094 3613 potest,
1112 3541 1176 3592 ut
1203 3551 1386 3593 unum
1419 3551 1454 3590 a
1481 3535 1675 3606 seipso
1697 3532 2004 3608 dissideat,

351 3641 410 3694 et
439 3637 500 3692 in
533 3633 718 3692 multa
747 3633 976 3699 evadat)
1006 3628 1110 3702 qui
1159 3625 1367 3699 aequali
1427 3630 1647 3681 naturas
1695 3623 2002 3696 dignitate,

353 3726 560 3784 eodem
619 3721 792 3780 animi
840 3733 1150 3788 consensu,
1181 3715 1387 3772 eadem
1445 3714 1720 3786 motione,
1764 3719 1823 3770 et
1877 3729 2006 3770 om-

355 3814 518 3871 nium
549 3829 682 3884 quas
713 3811 784 3868 ab
809 3827 924 3867 uno
951 3805 1228 3876 fluunt,in
1260 3821 1446 3860 unum
1468 3819 1758 3862 concursu
1785 3803 2004 3860 consti-

355 3909 555 3960 tuatur
611 3901 790 3973 (quod
844 3897 1081 3970 quidem
1139 3895 1200 3952 in
1259 3898 1469 3950 natura
1531 3896 1835 3965 procreata
1881 3890 2007 3947 ﬁeri

364 3993 528 4052 nullo
549 4007 790 4064 prorsus
813 3988 986 4045 modo
1019 3983 1234 4058 potest)
1266 3983 1348 4039 ita
1378 3987 1444 4038 ut
1497 3981 1732 4039 etiamsi
1763 3997 2008 4039 numero

364 4083 610 4152 differat,
671 4078 940 4136 essentia!
997 4080 1190 4131 tamen
1250 4073 1471 4129 ratione
1529 4088 1644 4126 non
1693 4070 2005 4128 dividatur.

361 4173 584 4230 Idcirco
626 4169 823 4226 unitas
868 4166 940 4222 ab
971 4163 1138 4220 initio
1195 4165 1252 4218 in
1315 4161 1610 4217 binarium
1669 4176 2008 4218 excrescenc

361 4265 424 4318 in
478 4259 732 4317 ternario
791 4254 1172 4326 conquiescit.
1201 4253 1267 4307 Et
1312 4251 1422 4308 hoc
1461 4251 1631 4307 nobis
1687 4259 1773 4305 est
1817 4251 2008 4320 Pater,

361 4359 422 4409 et
451 4349 653 4418 Filius,
685 4351 742 4403 et
770 4346 1018 4416 Spiritus
1065 4349 1322 4400 sanctus.
1357 4339 1456 4396 Ille
1488 4340 1727 4412 quidem
1780 4340 2012 4412 genitor

361 4445 419 4498 et
447 4439 696 4495 emissor
725 4434 902 4508 (quod
932 4435 1086 4489 circa
1139 4431 1432 4496 affectum,
1482 4433 1734 4502 tempus,
1769 4433 1828 4484 et
1883 4446 2008 4486 cor-

363 4546 474 4604 pus
502 4527 814 4600 intelligo),
849 4525 1060 4581 horum
1093 4535 1226 4578 vero
1251 4519 1500 4576 alterum
1547 4519 1836 4592 genitura,
1867 4519 2010 4576 alte-

363 4635 494 4676 rum
545 4620 742 4674 autem
799 4612 1040 4670 emissio
1083 4608 1314 4666 dicitur.
1365 4607 1602 4680 Alioqui
1651 4608 1847 4665 nescio
1895 4624 2010 4679 quo

362 4713 461 4769 illa
511 4709 750 4768 nomine
793 4706 1041 4762 dicenda
1095 4702 1236 4770 sint,
1297 4718 1432 4757 cum
1477 4703 1548 4756 ab
1595 4701 1668 4758 iis
1718 4718 1844 4772 qua
1901 4702 2012 4758 sub

365 4804 653 4872 aspectus:
683 4795 903 4854 cadunt
941 4793 1236 4848 abstracta
1282 4790 1516 4846 fuerint.
1552 4789 1618 4844 Et
1647 4788 1815 4859 paulo
1848 4792 2006 4862 post:

363 4890 647 4956 Quocirca
673 4885 892 4942 nostris
923 4899 1030 4940 nos
1063 4881 1122 4936 in
1154 4879 1368 4936 ﬁnibus
1416 4877 1805 4942 continentes,
1831 4893 2012 4936 unum

363 4979 719 5052 ingenitum,
767 4973 1018 5031 alterum
1051 4970 1342 5044 genitum,
1373 4970 1614 5024 tertium
1665 4984 1698 5023 a
1741 4967 1910 5024 Patre
1958 4977 2012 5025 et

361 5054 506 5124 Filio
591 5065 914 5138 procedens
1003 5059 1450 5128 introducimus,
1514 5058 2008 5128 quemadmodum

359 5156 488 5229 ipse
539 5157 694 5214 Deus
749 5161 804 5210 et
840 5153 1092 5212 Verbum
1172 5153 1418 5206 testatur
1485 5146 1722 5205 alicubi.
1765 5150 2008 5214 Quando

359 5245 561 5316 igitur,
597 5243 836 5316 objiciet
864 5241 1177 5314 quispiam,
1209 5238 1413 5294 hiesse
1461 5239 1800 5309 coeperunt?
1829 5238 2010 5294 Nimi-

356 5353 486 5394 rum
519 5344 828 5406 antequam
853 5332 976 5388 ulla
1009 5328 1286 5401 temporis
1343 5327 1664 5385 observatio
1709 5328 1890 5397 ﬁeret,
1950 5334 2009 5386 et

357 5427 408 5482 si
439 5423 581 5494 quid
606 5422 947 5495 juveniliter
971 5420 1398 5478 enuntiandum
1425 5422 1534 5485 est,
1567 5419 1804 5490 quando
1836 5423 2009 5476 Pater

354 5515 506 5585 ipse.
539 5515 783 5576 Quando
814 5517 1009 5570 autem
1039 5516 1212 5568 Pater
1245 5527 1360 5568 non
1405 5508 1560 5566 fuit?
1607 5509 1850 5574 Quando
1899 5523 2005 5567 nec

423 5625 508 5700 (6)
567 5629 643 5697 μὴ
690 5631 1061 5687 καινοπαθεῖν.
1125 5631 1417 5700 Interpres
1478 5627 1771 5700 Euthymii
1830 5629 2005 5686 habet

339 5697 662 5821 ἔεθξῗιεῑνα
691 5705 1028 5770 laboremus,
1062 5705 1129 5757 ut
1157 5697 1370 5771 legisse
1426 5697 1690 5756 videatur
1721 5701 1798 5772 μὴ
1857 5720 2000 5756 κενο-

2103 1978 2228 2034 Jam
2261 1990 2307 2032 si
2332 1975 2602 2032 coaeterni
2633 1971 2772 2041 sint,
2805 1973 3061 2046 inquies,
3106 1973 3207 2046 qui
3257 1975 3340 2042 fit,
3386 1978 3448 2028 ut
3489 1973 3783 2046 principii

2104 2067 2280 2125 etiam
2313 2081 2430 2122 una
2452 2081 2587 2120 curn
2620 2066 2780 2120 Patre
2812 2079 2926 2119 non
2954 2063 3073 2119 sint
3121 2065 3389 2134 expertes
3410 2061 3438 2119 ?
3497 2063 3648 2131 Quia
3679 2063 3777 2120 ni-

2106 2156 2321 2214 mirum
2355 2173 2422 2212 ex
2450 2153 2552 2210 illo
2575 2157 2737 2221 sunt,
2770 2152 3044 2226 quamvis
3076 2156 3208 2224 post
3238 2151 3408 2209 illum
3441 2167 3558 2210 non
3625 2153 3780 2210 sint.

2107 2247 2262 2315 Quod
2297 2247 2453 2304 enim
2487 2244 2772 2318 principio
2817 2247 2994 2310 caret,
3028 2243 3182 2298 idem
3231 2246 3288 2299 et
3318 2246 3595 2299 aeternum
3653 2247 3773 2314 est,

2107 2333 2263 2409 quod
2313 2351 2449 2391 vero
2486 2335 2769 2390 aeternum
2823 2337 2932 2400 est,
2992 2349 3110 2388 non
3164 2331 3406 2388 omnino
3466 2329 3770 2406 principio

2107 2423 2562 2496 caret,quandiu
2617 2421 2820 2480 saltem
2869 2423 2938 2478 ad
3002 2421 3359 2494 principium
3413 2437 3609 2492 suum,
3650 2421 3770 2479 hoc

2106 2517 2195 2572 est
2227 2513 2477 2586 Patrem,
2531 2514 2835 2569 referatur.
2880 2511 3060 2567 Filius
3118 2525 3254 2584 ergo
3304 2516 3362 2567 et
3395 2511 3674 2583 Spiritus,
3731 2511 3792 2568 si

2108 2605 2178 2662 ad
2212 2619 2453 2662 causam
2485 2603 2574 2659 sui
2607 2606 2973 2673 revocentur,
3009 2599 3280 2673 principii
3334 2606 3600 2673 expertes
3649 2617 3774 2657 non

2108 2699 2265 2765 stint,
2293 2695 2542 2765 (constat
2573 2697 2766 2748 tamen
2801 2706 3038 2748 causam
3074 2707 3190 2747 non
3222 2689 3454 2747 omnino
3487 2690 3560 2748 iis
3609 2692 3774 2747 anti-

2109 2785 2372 2858 quiorem
2399 2795 2545 2854 esse,
2581 2797 2826 2857 quorum
2856 2795 3036 2840 causa
3084 2786 3191 2838 est.
3225 2777 3342 2837 Nec
3371 2782 3528 2838 enim
3579 2781 3769 2838 solem

2107 2875 2237 2931 luce
2268 2869 2662 2946 antiquiorem
2725 2871 2982 2931 dixeris:
3017 2895 3046 2924 ››
3110 2885 3174 2927 ac
3233 2871 3281 2928 si
3334 2872 3618 2944 temporis
3675 2871 3785 2928 ha—

2108 2966 2316 3021 beatur
2359 2964 2526 3030 ratio,
2559 2963 2686 3019 sine
2735 2961 3023 3034 principio
3079 2966 3254 3018 sunt:
3316 2961 3643 3034 quamlibet
3697 2967 3765 3018 tu

2111 3053 2538 3126 simpliciorum
2562 3052 2793 3108 animos
2809 3051 3120 3124 praestigiis
3147 3050 3266 3107 tuis
3291 3051 3705 3123 perterrefacia
3724 3067 3774 3106 s.

2108 3147 2221 3203 Nec
2252 3143 2405 3200 enim
2439 3143 2678 3215 tempori
2725 3141 3142 3212 subjiciuntur,
3177 3157 3210 3198 a
3266 3139 3475 3214 quibus
3523 3144 3772 3211 tempus

2040 3277 2086 3344 α
2112 3235 2311 3306 ipsum
2339 3235 2638 3306 dependet.

2791 3343 2945 3398 CAP.
2995 3341 3088 3399 ῙΧ.

2291 3449 2575 3521 Ejusdem,
2607 3467 2679 3506 ea:
2712 3451 2965 3505 oratione
2996 3452 3074 3505 De
3103 3449 3356 3518 dogmate
3373 3455 3424 3504 et
3441 3449 3586 3502 statu

2693 3523 3071 3594 episcoporum
3097 3521 3195 3593 (8).

2187 3633 2274 3688 Ita
2299 3629 2479 3703 igitur
2526 3635 2778 3697 Patrem,
2811 3633 2869 3685 et
2930 3628 3162 3696 Filium,
3195 3629 3252 3684 et
3299 3626 3584 3698 Spiritum
3635 3639 3784 3679 san-

2117 3724 2274 3778 ctum
2307 3721 2644 3789 adoramus,
2681 3725 2741 3774 ut
2783 3718 2986 3775 divisis
3044 3717 3506 3791 proprietatibus
3542 3711 3781 3770 Divini-

2115 3813 2292 3866 tatem
2350 3809 2539 3882 ipsam
2595 3808 3048 3880 conjungamus,
3111 3808 3227 3864 Nec
3285 3825 3422 3866 vero
3470 3808 3529 3863 in
3588 3822 3780 3864 unum

2116 3899 2229 3956 tria
2259 3897 2675 3968 contrahimus,
2707 3912 2779 3952 ne
2821 3897 3054 3954 Snbellii
3113 3898 3318 3955 morbo
3365 3896 3788 3969 corripiamur,

2121 4005 2226 4046 nec
2255 3996 2458 4045 contra
2515 4004 2698 4044 unum
2751 3987 2809 4042 in
2841 3986 2975 4056 tria,
3009 3987 3240 4046 diversa
3287 3987 3525 4060 quidem
3573 3986 3671 4042 illa
3724 3993 3788 4044 et

2121 4077 2311 4134 aliena
2357 4077 2717 4147 diducimus,
2746 4095 2818 4132 ne
2877 4094 3011 4134 cum
3043 4078 3180 4134 Ario
3229 4078 3617 4134 insaniamus.
3656 4077 3784 4134 Cur

2119 4167 2302 4234 enim,
2334 4184 2549 4240 quaeso,
2577 4166 2788 4239 planta
2834 4166 2893 4223 in
2943 4167 3182 4224 alteram
3234 4171 3462 4240 partem
3509 4167 3787 4240 vergenti

2119 4263 2178 4314 et
2217 4276 2453 4330 prorsus
2511 4258 2824 4314 incurvata:
2869 4257 3117 4321 similes,
3169 4256 3223 4313 vi
3283 4257 3643 4314 contrariam
3719 4257 3785 4312 in

2120 4351 2344 4420 partem
2389 4346 2886 4419 distorqueamus,
2926 4351 2984 4402 et
3036 4347 3478 4418 perversitatem
3540 4361 3785 4418 perver-

2121 4437 2290 4492 sitate
2367 4436 2752 4509 corrigamus,
2801 4451 2866 4492 ac
2935 4453 3050 4492 non
3105 4435 3307 4508 potius
3380 4437 3450 4491 ad
3517 4435 3786 4491 medium

2121 4527 2463 4596 sepirantes,
2487 4526 2636 4582 intra
2666 4525 2873 4580 divinae
2899 4523 3130 4596 pietatis
3161 4525 3306 4581 lines
3329 4525 3737 4582 consistamus
3759 4529 3789 4582 ?

2123 4615 2538 4671 Mediocritatis
2569 4629 2740 4687 porro
2769 4615 3005 4671 nomine
3026 4614 3328 4672 veritatem
3369 4615 3559 4688 ipsam
3601 4613 3786 4670 intel-

2121 4705 2258 4778 ligo,
2295 4702 2362 4761 ad
2395 4717 2573 4776 quam
2606 4703 2656 4760 si
2693 4705 3111 4776 spectabimus,
3165 4719 3278 4760 non
3326 4703 3786 4760 aberrabimus:

2121 4796 2176 4851 id
2239 4800 2437 4852 autem
2481 4795 2596 4863 ﬁet,
2649 4795 2698 4850 si
2755 4809 2862 4852 nec
2921 4795 3202 4867 improbas
3247 4795 3334 4850 illi
3367 4795 3788 4866 contractioni,

2122 4903 2228 4944 nec
2258 4901 2325 4942 ea
2356 4887 2530 4958 longe
2575 4885 2912 4943 absurdiori
2969 4885 3248 4942 divisioni
3305 4885 3786 4942 subscribamus.

2121 4978 2208 5033 Ita
2268 4981 2332 5032 ut
2373 4989 2564 5048 neque
2612 4977 2852 5032 nomine.
2907 4975 3098 5033 Verbis
3156 4976 3214 5030 in
3268 4986 3446 5032 unam
3477 4978 3787 5032 contracta

2119 5078 2432 5140 personam
2465 5065 2812 5137 multiplicis
2840 5064 3162 5121 divinitatis
3195 5067 3381 5132 metu,
3413 5065 3576 5122 nuda
3605 5061 3782 5118 nobis

2119 5154 2546 5226 relinquamus,
2581 5155 2716 5210 dum
2767 5152 3043 5212 eumdem
3091 5158 3326 5210 Patrem
3359 5157 3419 5210 et
3455 5153 3664 5209 Filium
3723 5153 3794 5206 et

2118 5243 2397 5316 Spiritum
2463 5249 2734 5300 sanctum
2808 5243 3238 5313 existimamus,
3294 5257 3400 5298 nec
3459 5241 3660 5315 potius
3723 5240 3794 5298 in

2121 5347 2307 5390 unum
2347 5333 2547 5390 omnia
2575 5332 2838 5402 conﬂari,
2863 5349 3042 5407 quam
3073 5347 3277 5391 eorum
3313 5331 3795 5403 unumquodque

2119 5422 2350 5480 nullum
2395 5437 2638 5496 prorsus
2679 5437 2809 5479 esse
2869 5423 3190 5479 deﬁnimus
3237 5423 3583 5496 (designant
3624 5419 3798 5478 enim

2119 5513 2278 5584 quod
2331 5516 2491 5582 sunt,
2545 5513 2597 5570 si
2635 5511 2882 5569 alternis
2945 5510 3062 5569 sibi
3121 5513 3356 5580 cedant,
3424 5509 3661 5582 aliaque
3729 5511 3800 5568 in

2190 5633 2269 5702 (7)
2295 5633 2462 5688 Tom.
2507 5631 2755 5699 XXXVI,
2790 5631 2894 5702 col.
2925 5632 3016 5686 75.

2189 5701 2262 5776 (8)
2300 5705 2440 5762 Vide
2466 5708 2608 5762 tom.
2643 5701 2868 5772 XXXV,
2900 5703 3008 5762 col.
3046 5705 3204 5761 1072.
