4052 6394
299 447 454 507 1133

1641 442 2054 504 THESAURI
2096 439 2245 500 LIB.
2290 440 2366 500 ΙΙ.

3560 442 3717 500 1134

293 579 538 635 aliorum
601 578 792 632 locum
846 576 1196 646 transeant),
1246 591 1435 646 neque
1483 580 1690 631 contra
1737 575 1797 629 in
1827 578 1947 630 tres
1979 576 2030 641 Α
2060 573 2316 628 doctoris
2359 587 2496 628 voce
2545 570 2873 640 institutus,
2927 572 3252 645 discipulus
3294 573 3551 628 infidelis
3584 589 3718 629 eva-

293 673 535 724 naturas
598 665 682 721 vel
751 664 1110 736 peregrinas,
1171 664 1513 730 dissimiles,
1576 669 1632 718 et
1691 663 1843 718 inter
1891 680 1953 718 se

301 757 608 823 dissectas,
657 771 784 810 eam
838 771 1013 824 quam
1051 755 1184 823 jure
1232 753 1452 824 optimo
1482 753 1773 807 insaniam
1808 751 1950 817 dixi,

292 845 609 917 amplexati
643 862 656 899 :
693 843 777 899 vel
814 843 1101 915 principio
1140 850 1194 897 et
1225 843 1427 898 ordine
1461 849 1751 908 carentes,
1783 847 1953 909 atque

297 940 362 990 ut
391 935 475 990 ita
503 935 718 1001 dicam,
773 931 1063 987 divinitati
1123 933 1468 987 contrarias.
1522 932 1601 986 Eo
1633 932 1786 1002 quod
1820 930 1953 984 hinc

300 1027 356 1080 in
397 1025 654 1080 Judaicas
719 1023 1036 1094 paucitatis
1090 1023 1394 1093 angustias
1445 1021 1868 1086 contrahimur,
1904 1019 1951 1072 si

299 1115 406 1170 soli
454 1114 718 1185 Ingenito
773 1113 1140 1168 divinitatem
1185 1112 1602 1168 ascribamus:
1655 1111 1790 1165 inde
1821 1125 1952 1164 vero

298 1205 356 1258 in
412 1203 769 1258 contrarium
823 1202 1084 1270 quidem,
1137 1201 1236 1254 sed
1273 1216 1436 1272 aeque
1469 1199 1713 1266 malum,
1746 1199 1950 1254 vitium

298 1293 680 1355 incurrimus,
710 1291 757 1345 si
790 1290 905 1344 tria
930 1289 1241 1360 principia,
1267 1293 1455 1344 tresve
1479 1290 1618 1344 deos
1643 1304 1952 1360 ponamus,

303 1383 456 1453 quod
482 1381 719 1451 quidem
744 1378 1038 1451 praedictis
1063 1379 1234 1450 longe
1257 1379 1573 1434 absurdius
1597 1378 1956 1433 estPraestat

302 1475 460 1528 enim
495 1470 543 1526 si
578 1486 764 1541 neque
797 1470 1024 1524 Patrem
1059 1467 1296 1539 quidam
1331 1469 1411 1523 ita
1464 1466 1954 1539 complectantur,

299 1568 363 1617 ut
392 1578 523 1616 eum
559 1557 647 1614 vel
683 1559 868 1614 Patris
898 1559 1132 1613 nomine
1166 1555 1533 1626 defraudent,
1577 1558 1738 1627 (nam
1784 1559 1955 1626 cujus

294 1652 530 1708 tandem
566 1650 731 1704 Pater
763 1648 876 1702 dici
913 1651 1109 1719 queat,
1146 1649 1194 1702 si
1247 1648 1494 1703 diversas
1540 1651 1762 1702 natura
1815 1661 1953 1702 cen-

297 1745 511 1807 seatur,
574 1742 630 1794 et
687 1737 970 1794 creaturis
1025 1741 1405 1794 accenseatur
1435 1738 1480 1807 ?)
1540 1751 1732 1807 neque
1789 1735 1954 1790 Chri-

297 1835 448 1887 stum
481 1834 778 1899 tantopere
802 1832 1092 1896 ament,ut
1117 1845 1251 1884 eum
1272 1829 1397 1883 Filii
1420 1829 1655 1883 nomine
1676 1827 1952 1899 spoliant,

2063 663 2222 717 dam.
2257 662 2573 718 Veritatem
2628 662 2932 717 confessus
2985 679 3135 732 sum,
3191 675 3305 718 non
3340 662 3714 718 mendacium

2063 769 2175 807 non
2236 752 2630 820 committam,
2694 757 2758 807 ut
2817 753 2916 823 qui
2975 753 3268 824 baptismo
3320 753 3713 825 perﬂeiendus

2060 841 2344 908 venerim,
2404 843 2802 911 imperfectior
2867 843 3067 897 abeam
3119 860 3132 896 :
3191 843 3290 913 qui
3348 851 3411 898 ut
3467 843 3716 898 viverem

2063 930 2396 1001 baptizatus
2455 946 2611 995 sum,
2658 930 2716 984 in
2753 943 2905 1002 aqua
2938 931 3175 999 moriar,
3210 933 3713 1001 quemadmodum

2061 1019 2164 1076 illa
2195 1038 2323 1090 qua:
2357 1021 2416 1075 in
2475 1021 2604 1092 ipso
2659 1025 2824 1094 partu
2881 1024 3151 1092 pereunt,
3203 1025 3565 1090 mortemque
3599 1037 3718 1077 una

2062 1125 2193 1164 cum
2226 1113 2354 1164 ortu
2387 1110 2788 1180 experiuntur.
2821 1111 2938 1165 Cur
2971 1126 3080 1179 me,
3136 1125 3354 1180 qureso,
3392 1111 3628 1166 beatum
3662 1117 3718 1168 et

2063 1197 2357 1268 miserum,
2383 1215 2584 1255 recens
2608 1199 3009 1255 illuminatum
3034 1203 3090 1255 et
3120 1198 3362 1253 luminis
3393 1204 3715 1271 expertem,

2063 1287 2328 1343 divinum
2381 1294 2439 1344 et
2477 1289 2751 1360 impium,
2805 1290 3008 1345 eodem
3081 1289 3366 1359 temporis
3418 1297 3712 1344 momento

2062 1376 2206 1433 facis
2237 1377 2263 1433 ‘I
2291 1378 2582 1434 Numnam
2627 1382 2691 1433 ut
2730 1378 2840 1433 hoc
2893 1379 3221 1449 naufragio,
3265 1377 3352 1432 vel
3395 1392 3499 1448 spe
3530 1378 3715 1433 refor-

2063 1468 2343 1524 mationis
2372 1470 2637 1524 excidam
2671 1469 2697 1523 ‘t
2729 1468 2803 1524 Ut
2835 1485 2952 1524 rem
2989 1469 3195 1540 paucis
3226 1468 3547 1538 absolvam,
3573 1469 3714 1539 quid

2061 1558 2369 1614 confessus
2402 1560 2506 1626 sis,
2539 1559 3027 1614 reminiscitor.1n
3055 1572 3225 1629 quem
3254 1557 3583 1628 baptizatus
3606 1574 3667 1613 es
3691 1558 3720 1614 Ὺ

2063 1651 2124 1703 In
2186 1651 2440 1706 Patrem.
2503 1651 2668 1705 Recte
2720 1649 2829 1704 hoc
2887 1650 3148 1721 quidem,
3211 1649 3314 1704 sed
3366 1649 3704 1705 Judaicum.

2063 1738 2280 1794 Deinde
2338 1740 2394 1794 in
2454 1739 2683 1795 Filium.
2745 1740 2916 1794 Recte
2959 1743 3016 1794 et
3063 1739 3194 1806 hoc,
3229 1745 3288 1794 at
3320 1739 3586 1810 quamvis
3614 1735 3717 1794 Ju-

2062 1828 2294 1884 daicum
2366 1845 2480 1884 non
2542 1829 2638 1897 sit,
2692 1830 2954 1885 nondum
3023 1833 3219 1884 tamen
3254 1828 3577 1901 perfectum
3606 1834 3715 1885 est.

297 1921 465 1991 cujus
490 1919 669 1984 enim,
705 1935 922 1989 quasso,
979 1918 1157 1973 Filius
1183 1918 1402 1986 audiat,
1437 1917 1552 1972 nisi
1584 1919 1654 1972 ad
1687 1933 1949 1984 causam,
1987 1938 2033 2004 Β
2065 1919 2128 1973 Et
2157 1918 2217 1973 in
2247 1919 2529 1990 Spiritum
2583 1923 2873 1975 sanctum.
2930 1919 3158 1991 Optime
3217 1919 3326 1974 hoc
3371 1924 3551 1986 certe,
3579 1931 3717 1975 nam

301 2010 524 2065 scilicet
572 2013 803 2064 Patrem
855 2006 1214 2078 referatur?)
1270 2023 1459 2078 neque
1499 2008 1554 2062 in
1590 2011 1756 2060 Patre
1785 2006 1946 2077 prin-

297 2099 438 2170 cipii
492 2098 836 2168 dignitatem
886 2097 1174 2165 minuant,
1229 2113 1346 2168 qua
1393 2096 1672 2151 nimirum
1708 2100 1864 2165 pater
1893 2097 1951 2149 et

300 2191 528 2259 genitor
586 2189 884 2244 asseritur.
937 2188 1152 2244 Rerum
1221 2189 1377 2244 enim
1458 2189 1617 2258 parvi
1676 2185 1947 2242 momenti

299 2299 402 2337 nec
425 2298 486 2336 se
510 2281 839 2352 dignarum,
873 2279 1229 2351 principium
1259 2279 1452 2348 fuerit,
1487 2279 1601 2334 nisi
1626 2277 1946 2333 divinitatis

296 2374 444 2441 ejus,
503 2387 630 2440 quas
689 2370 748 2424 in
812 2368 950 2423 Filio
1007 2373 1065 2422 et
1117 2367 1335 2439 Spiritu
1392 2368 1669 2434 cernitur,
1744 2370 1947 2422 auctor

297 2459 562 2514 exsistat.
597 2457 1081 2528 Quandoquidem
1113 2465 1166 2513 et
1197 2471 1382 2513 unum
1414 2453 1594 2513 Deum
1628 2457 1836 2524 colere,
1887 2461 1944 2511 et

295 2549 412 2599 tres
440 2544 786 2616 hypostases
819 2560 917 2598 seu
949 2561 1251 2615 personas,
1289 2550 1464 2618 atque
1485 2545 1715 2601 illarum
1740 2560 1944 2616 quam-

297 2633 441 2689 libet
473 2650 582 2688 sua
614 2633 962 2704 proprietate
989 2634 1295 2705 praeditam
1327 2636 1588 2692 confiteri
1622 2639 1869 2706 oportet.

981 2755 1138 2809 CAP.
1190 2751 1251 2808 X.

293 2848 573 2920 Ejusdem,
634 2866 706 2904 ex
759 2851 1010 2923 oratione
1049 2849 1108 2923 in
1153 2849 1410 2919 Arianos,
1475 2855 1526 2906 et
1600 2866 1698 2923 pro
1768 2851 1944 2921 seipso

368 2923 636 2992 [Patr-em.
686 2921 911 2989 Filium,
958 2928 1013 2978 et
1058 2922 1332 2993 Spiritum
1389 2921 1668 2977 communi
1723 2923 1946 2978 nomine

367 2999 546 3048 Deum
589 2994 719 3060 dici,
759 3010 991 3064 quorum
1038 3011 1298 3064 expressa
1345 2996 1757 3065 comprehensio
1810 3009 1945 3050 vera

363 3065 603 3132 demum,
639 3066 755 3130 hoc,
778 3069 858 3121 est
897 3067 1137 3123 caelestis
1163 3068 1402 3136 felicitas
1423 3069 1493 3122 sit
1535 3067 1660 3139 (9).]

363 3179 436 3230 At
491 3191 624 3230 vero
686 3190 792 3230 nos
855 3175 1104 3243 Patrem,
1161 3183 1214 3232 et
1276 3177 1512 3243 Filium,
1572 3180 1629 3232 et
1661 3176 1945 3248 Spiritum

294 3269 565 3320 sanctum
617 3265 949 3331 adoramus,
999 3264 1174 3337 atque
1223 3267 1454 3322 Patrem
1499 3273 1702 3333 Deum,
1734 3265 1944 3321 Filium

299 3358 506 3424 Deum,
539 3353 826 3425 Spiritum
859 3359 1130 3411 sanctum
1163 3355 1412 3427 denique
1442 3356 1649 3423 Deum,
1673 3355 1786 3412 nisi
1819 3369 1948 3410 mo-

298 3441 442 3498 leste
474 3444 645 3513 feras,
680 3460 857 3500 unam
892 3444 1119 3500 scilicet
1147 3446 1534 3516 eamdemque
1585 3449 1855 3501 naturam
1887 3444 1946 3498 in

303 3531 488 3588 tribus
523 3533 999 3605 proprietatibus,
1025 3551 1152 3606 quis
1185 3534 1482 3590 intellectu
1519 3535 1947 3606 percipiuntur,

296 3622 564 3694 perfectae
596 3626 754 3692 sunt,
812 3639 912 3694 per
961 3624 1188 3695 seipeas
1239 3625 1592 3691 consistunt,
1625 3629 1682 3679 et
1706 3637 1950 3679 numero

292 3727 414 3766 non
468 3712 774 3767 divinitate
826 3711 1184 3769 dividuntur.
1244 3713 1350 3768 His
1401 3713 1545 3768 mihi
1595 3711 1836 3768 vocibus
1866 3714 1950 3768 uti

293 3815 401 3872 per
437 3803 494 3856 te
527 3799 721 3871 liceat,
754 3802 1090 3873 quicunque
1123 3803 1298 3858 minis
1324 3819 1430 3859 nos
1474 3803 1646 3859 hodie
1679 3803 1908 3858 territas
1937 3817 1950 3857 :

297 3894 536 3946 caeteras
590 3907 725 3946 vero
791 3897 1183 3964 persequatur
1237 3893 1337 3964 qui
1395 3893 1569 3950 volet.
1631 3891 1779 3948 Fieri
1833 3903 1952 3948 non

305 3986 523 4052 potest,
560 3986 622 4037 ut
646 3985 817 4036 Pater
847 3983 1150 4051 subsistat,
1185 3983 1235 4039 si
1258 3983 1387 4038 Filii
1417 3985 1704 4054 iacturam
1729 3981 1907 4038 faciat
1938 3995 1953 4050 ς

301 4085 410 4124 nec
437 4069 694 4138 Filius,si
723 4071 940 4142 Spiritu
998 4077 1199 4128 sancto
1248 4074 1526 4144 privetur.
1560 4073 1828 4128 Privatur
1853 4087 1961 4128 au-

309 4163 451 4228 tem,
485 4160 535 4214 si
560 4159 872 4228 aliquando
896 4176 1026 4216 esse
1046 4161 1304 4232 coeperit,
1339 4163 1508 4232 sique
1555 4168 1819 4218 creatura
1863 4159 1958 4218 sit.

311 4246 601 4301 Creatura
647 4247 806 4301 enim
862 4252 1014 4303 Deus
1061 4265 1176 4303 non
1227 4253 1338 4318 est,
1377 4251 1736 4320 baptismum
1790 4263 1962 4321 porro

301 4335 598 4390 imminui
658 4350 764 4391 nec
822 4352 927 4409 ego
973 4338 1213 4409 quidem
1261 4338 1427 4398 fero:
1487 4341 1632 4396 Unus
1677 4343 1962 4409 Dominus,

304 4439 424 4478 una
457 4424 584 4480 ﬁdes
611 4443 632 4487 ,ο
686 4443 859 4482 unum
921 4427 1204 4500 baptisma
1243 4426 1310 4485 ίί.
1367 4428 1529 4492 Quod
1565 4430 1711 4485 mihi
1741 4429 1789 4484 ei
1823 4447 1962 4486 con-

298 4513 526 4568 feratur
560 4514 817 4586 irritum,
876 4517 996 4587 ubi,
1044 4532 1263 4589 quaeso,
1313 4519 1558 4575 alterum
1597 4521 1904 4577 nanciscar
1935 4519 1964 4573 τ

300 4603 467 4668 Quod
505 4603 696 4660 dicitis
729 4606 756 4660 ?
789 4607 940 4663 Heus
970 4622 1072 4662 vos
1097 4607 1198 4679 qui
1222 4609 1582 4680 baptismum
1613 4610 1962 4679 pervertitis,

2066 2009 2383 2079 perfectum
2433 2018 2536 2065 est.
2586 2015 2707 2081 Age
2764 2027 2920 2078 vero,
2955 2025 3242 2064 numnam
3277 2009 3622 2080 simpliciter
3654 2010 3714 2065 in

2062 2097 2402 2168 hujusmodi
2447 2099 2684 2153 nomine
2733 2099 3061 2170 baptizatus
3098 2113 3181 2166 es,
3239 2115 3311 2153 an
3345 2098 3523 2154 etiam
3555 2115 3717 2153 com-

2062 2204 2236 2243 mune
2295 2187 2530 2259 aliquod
2590 2188 2799 2243 horum
2869 2202 3082 2244 nomen
3133 2187 3344 2242 nosti?
3385 2189 3710 2243 Commune

2059 2282 2214 2333 certe
2245 2277 2399 2333 novi.
2435 2278 2807 2347 Ecquodnam
2841 2282 2930 2333 est
2956 2278 2982 2332 ?
3016 2277 3307 2332 Nimirum
3341 2277 3441 2332 Dei
3465 2293 3702 2333 nomen.

2061 2368 2121 2422 In
2155 2366 2264 2423 hoc
2298 2382 2608 2422 commune
2641 2383 2853 2422 nomen
2887 2369 3123 2437 credito,
3159 2383 3394 2439 gressus
3440 2365 3701 2440 dirigite,

2059 2461 2115 2512 et
2157 2461 2415 2528 regnato.
2464 2457 2595 2513 Jam
2655 2473 2723 2512 ex
2772 2456 2877 2514 hoc
2928 2457 3148 2513 mundo
3171 2459 3240 2513 ad
3276 2457 3698 2513 beatitudinem

2059 2547 2221 2602 illam
2252 2547 2543 2602 cmlestem
2592 2547 3050 2619 transmigrasti.
3109 2547 3209 2603 illa
3239 2561 3432 2619 porro,
3470 2550 3532 2602 ut
3565 2562 3695 2603 mea

2055 2639 2167 2693 fert
2195 2636 2416 2708 opinio,
2448 2635 2597 2692 nihil
2629 2635 2788 2692 aliud
2815 2639 2924 2706 est,
2957 2651 3134 2708 quam
3168 2636 3495 2709 expressior
3523 2638 3700 2707 [quaa-

2057 2725 2212 2795 dam]
2245 2724 2455 2780 horum
2489 2724 2952 2796 comprehensio.

2734 2840 2889 2897 CAP.
2916 2841 3018 2898 XI.

2057 2958 2119 3013 D.
2171 2955 2421 3022 Maximi,
2471 2956 2535 3012 de
2593 2955 2756 3012 Patre
2815 2966 2868 3012 et
2927 2957 3087 3024 Filio,
3141 2961 3193 3012 et
3237 2955 3449 3028 Spiritu
3499 2968 3708 3025 sancto,

2130 3028 2389 3084 distincta
2461 3029 2629 3083 simul
2685 3040 2739 3084 et
2806 3028 3102 3098 conjuncta
3164 3028 3487 3084 Divinitatis
3543 3032 3708 3085 ratio.

2133 3102 2347 3173 [Patris
2395 3103 2446 3154 et
2490 3101 2624 3155 Filii
2670 3107 2723 3173 et
2763 3100 3002 3170 Spiritus
3027 3103 3287 3157 eamdem
3318 3103 3712 3172 substantiam,

2127 3171 2455 3244 potentiam,
2487 3181 2538 3228 et
2569 3171 2842 3228 actionem
2870 3173 3027 3243 esse.]

1986 3313 2029 3381 ρ
2131 3289 2183 3343 1.
2217 3288 2366 3344 Deus
2425 3303 2578 3343 unus
2630 3291 2738 3354 est,
2782 3286 2922 3358 quia
2951 3285 3226 3344 divinitas
3259 3303 3398 3357 una,
3431 3283 3704 3360 principii

2059 3394 2285 3451 expers,
2312 3378 2583 3450 simplex,
2611 3378 3225 3450 supersubstantialis,
3248 3375 3626 3450 impartibilis
3650 3382 3705 3433 et

2056 3467 2455 3525 indivisibilis.
2514 3468 2728 3524 Eadem
2785 3466 2986 3524 unitas
3042 3470 3100 3523 et
3145 3467 3402 3524 Trinitas
3447 3487 3460 3524 :
3502 3469 3706 3524 eadem

2057 3561 2178 3612 tota
2213 3558 2431 3623 unitas,
2463 3561 2520 3612 et
2546 3561 2667 3612 tota
2694 3557 2952 3612 Trinitas
2990 3573 3002 3612 :
3036 3557 3241 3612 eadem
3273 3562 3394 3612 tota
3425 3557 3705 3621 unitas,si

2061 3647 2348 3716 assentiar,
2375 3645 2576 3701 eadem
2601 3651 2724 3701 tota
2753 3645 3032 3715 Trinitas,
3067 3648 3114 3701 si
3147 3663 3528 3718 personarum
3563 3646 3709 3700 ratio

2062 3737 2367 3792 habeatur.
2415 3737 2586 3791 Pater
2635 3739 2692 3791 et
2734 3735 2918 3791 Filius
2951 3742 3008 3791 et
3036 3735 3292 3808 Spiritus
3325 3738 3585 3801 sanctus,
3617 3735 3708 3788 Di-

2062 3825 2276 3882 vinitas
2323 3826 2548 3882 eadem.
2596 3824 2850 3897 Quaeque
2904 3825 3061 3880 Patri
3110 3829 3166 3880 et
3197 3824 3338 3880 Filio
3370 3829 3427 3880 et
3466 3823 3712 3896 Spiritui

2065 3920 2267 3972 sancto
2316 3915 2591 3970 divinitas
2640 3914 2816 3983 inest,
2857 3915 3058 3970 eadem
3104 3918 3223 3970 tota
3271 3915 3329 3969 in
3371 3914 3540 3970 Patre
3569 3918 3711 3979 toto,

2067 4010 2241 4079 atque
2262 4004 2522 4061 vicissim
2539 4003 2725 4059 eidem
2752 4004 2852 4060 toti
2896 4003 3062 4060 Pater
3099 4006 3258 4060 totus
3289 4003 3464 4058 inest.
3500 4005 3715 4057 Eadem

2069 4097 2188 4152 tota
2214 4097 2271 4151 in
2305 4098 2424 4150 toto
2458 4092 2622 4160 Filio,
2657 4095 2831 4162 atque
2854 4095 3010 4148 totus
3033 4093 3094 4147 in
3126 4093 3329 4148 eadem
3362 4095 3484 4146 tota
3513 4090 3715 4146 Filius.

2071 4177 2286 4240 Eadem
2316 4188 2439 4239 tota
2469 4183 2527 4237 in
2559 4185 2676 4238 toto
2700 4181 2915 4252 Spiritu
2953 4185 3176 4250 sancto,
3231 4185 3405 4252 atque
3453 4183 3610 4235 totus
3662 4179 3722 4234 in

2073 4273 2275 4330 eadem
2312 4275 2429 4327 tota
2468 4269 2718 4342 Spiritus
2758 4273 3024 4326 sanctus.
3079 4267 3279 4343 Neque
3324 4287 3393 4325 ex
3447 4276 3607 4340 parte
3662 4267 3724 4322 in

2072 4366 2238 4419 Patre
2288 4358 2570 4415 Divinitas
2629 4363 2738 4427 est,
2773 4357 2862 4415 vel
2902 4375 2970 4415 ex
3002 4364 3163 4427 parte
3202 4363 3374 4415 Pater
3413 4365 3568 4415 Deus
3616 4365 3725 4423 est,

2074 4467 2264 4522 neque
2288 4467 2356 4505 ex
2410 4453 2571 4520 parte
2632 4446 2915 4504 Divinitas
2959 4447 3101 4504 Filio
3134 4448 3308 4516 inest,
3341 4443 3431 4503 vel
3464 4465 3533 4504 ex
3566 4451 3724 4518 parte

2077 4537 2256 4594 Filius
2313 4536 2466 4592 Deus
2523 4539 2634 4604 est,
2697 4551 2887 4608 neque
2935 4551 3003 4590 ex
3062 4539 3226 4607 parte
3287 4535 3442 4591 inest
3483 4532 3727 4606 Spiritui

2078 4630 2277 4682 sancto
2337 4622 2642 4693 Divinitas,
2701 4623 2789 4680 vel
2847 4640 2914 4679 ex
2968 4627 3133 4696 parte
3195 4624 3446 4694 Spiritus
3490 4631 3727 4677 sanctus

301 4707 411 4750 seu
441 4695 850 4765 rebaptizatisl
898 4698 1100 4753 ﬁerine
1139 4702 1350 4769 potest,
1385 4703 1446 4754 ut
1480 4700 1612 4771 quis
1644 4700 1952 4772 spiritualii

2072 4719 2226 4768 Deus
2275 4715 2383 4767 est.
2438 4711 2553 4770 Nec
2601 4713 2758 4767 enim
2822 4695 3120 4781 partitioni
3158 4708 3443 4764 Divinitas
3475 4708 3727 4764 obnoxia

302 4784 438 4840 sine
483 4783 701 4854 Spiritu
749 4785 977 4842 dicatur
1004 4787 1033 4842 τ
1083 4793 1169 4842 An
1210 4803 1342 4844 vero
1373 4789 1628 4860 Spiritus
1665 4790 1960 4861 particeps

297 4871 406 4928 ille
438 4872 536 4937 sit,
568 4874 668 4944 qui
713 4874 998 4945 Spiritum
1047 4893 1162 4932 non
1211 4877 1579 4933 veneratur?
1629 4879 1759 4934 Isne
1790 4894 1962 4949 porro

295 4961 590 5034 Spiritum
622 4968 953 5032 veneratur,
989 4965 1091 5036 qui
1136 4966 1194 5021 in
1253 4970 1534 5023 creatum
1581 4968 1965 5039 conservique

296 5052 546 5110 nomine
578 5052 910 5125 baptizatus
936 5058 1026 5111 est
1051 5054 1079 5110 ?
1109 5055 1427 5129 Nunquam
1459 5058 1966 5129 certe,quamlibet

298 5141 501 5198 multa
529 5142 710 5210 dicas,
746 5159 1053 5217 nunquam
1096 5146 1155 5201 id
1184 5147 1593 5219 persuadebis.
1625 5147 1752 5203 Non
1782 5151 1838 5204 te
1861 5148 1968 5204 fal-

302 5232 450 5297 lam,
489 5248 520 5286 o
579 5232 852 5306 principii
896 5250 1099 5306 expers
1136 5235 1322 5292 Pater.
1375 5240 1503 5292 Non
1545 5241 1603 5292 te
1655 5237 1878 5303 fallam,
1930 5255 1962 5294 ο

307 5319 688 5391 unigenitum
746 5323 1026 5380 Verbum.
1088 5325 1215 5380 Non
1274 5330 1331 5381 te
1384 5326 1603 5395 fallam,
1651 5327 1966 5400 oSpiritus

300 5413 536 5464 sancte.
568 5411 699 5466 Scio
722 5413 861 5483 quid
891 5413 1197 5470 confessus
1223 5415 1358 5485 sim,
1392 5431 1426 5470 ι
1456 5431 1566 5485 quo
1601 5417 1969 5486 desciverim,

301 5510 489 5568 quem
522 5501 760 5554 secutus
793 5501 928 5556 sim.
963 5499 1090 5558 Non
1124 5502 1490 5560 committam
1525 5507 1590 5559 ut
1619 5505 1749 5559 viva
1778 5505 1967 5561 ﬁdelis

389 5625 432 5663 ιλ
461 5627 607 5699 Eph.
642 5647 718 5697 ιν,
750 5632 804 5686 5.

389 5772 467 5847 (9)
499 5773 670 5832 Tom.
704 5776 957 5849 XXXVI,
992 5780 1101 5838 col.
1135 5784 1262 5837 236.

2073 4805 2180 4859 est.
2215 4801 2414 4873 Neque
2453 4801 2624 4857 Pater
2671 4807 2772 4858 aut
2823 4800 3028 4869 Filius,
3065 4803 3164 4854 aut
3194 4798 3449 4870 Spiritus
3480 4802 3726 4853 sanctus

2077 4894 2228 4948 Deus
2272 4895 2360 4946 est
2411 4889 2812 4962 imperfectus.
2862 4888 2974 4944 Sed
3023 4889 3143 4944 tota
3196 4886 3402 4943 eadem
3473 4887 3728 4958 perfecta

2075 4983 2330 5055 perfecte
2387 4979 2546 5036 Patri
2605 4979 2906 5052 perfecto:
2971 4979 3088 5032 tota
3161 4976 3420 5048 perfecta
3477 4975 3728 5048 perfecte

2077 5067 2220 5130 Filio
2248 5071 2501 5143 perfecto
2534 5087 2547 5126 :
2583 5073 2708 5125 tota
2736 5068 2990 5138 denique
3038 5067 3295 5139 perfecta
3347 5067 3620 5138 perfecte,
3675 5066 3734 5121 et

2077 5164 2276 5219 eadem
2323 5156 2568 5232 Spiritui
2613 5159 2812 5214 sancto
2859 5155 3113 5228 perfecto
3147 5155 3321 5212 inest.
3359 5157 3543 5212 Totus
3575 5154 3732 5212 enim

2076 5253 2181 5307 toti
2245 5249 2385 5305 Filio
2426 5252 2483 5304 et
2527 5247 2770 5320 Spiritui
2821 5249 3025 5302 sancto
3062 5247 3316 5318 perfecte
3365 5245 3534 5302 Pater
3561 5244 3733 5300 inest.

2081 5344 2224 5399 Item
2281 5344 2440 5398 totus
2478 5338 2583 5395 toti
2634 5337 2792 5393 Patri
2846 5341 2902 5393 et
2947 5336 3189 5410 Spiritui
3238 5339 3439 5392 sancto
3480 5335 3732 5407 perfecte

2082 5431 2265 5488 Filius
2298 5429 2468 5485 inest.
2496 5429 2674 5483 Totus
2711 5426 2964 5498 denique
3010 5427 3113 5481 toti
3157 5425 3307 5481 Patri
3339 5428 3396 5480 et
3426 5423 3567 5479 Filio
3604 5440 3736 5494 per-

2081 5524 2229 5578 tecte
2265 5517 2520 5592 Spiritus
2561 5521 2803 5574 sanctus
2855 5517 3028 5572 inest.
3087 5515 3212 5575 Una
3259 5516 3412 5570 enim
3445 5519 3501 5570 et
3541 5515 3743 5570 eadem
