4052 6384
322 440 477 500 1135

1643 423 1950 485 NICETIE
1992 422 2414 486 CHONIATE

3590 416 3763 479 I136

324 568 516 627 Patris
547 569 605 623 et
634 564 767 623 Filii
797 566 854 619 et
881 560 1136 634 Spiritus
1167 558 1353 615 sancti
1382 552 1659 625 essentia,
1689 555 1970 626 potentia,
2001 559 2062 624 Α
2089 571 2223 611 vero
2252 555 2551 611 internum
2601 568 2835 627 quoque
2883 551 3121 609 dicitur.
3171 550 3437 606 Tertium
3493 550 3765 623 denique

327 664 385 716 et
422 656 572 713 actio
602 660 711 711 est.
744 654 859 709 Nec
898 667 1100 707 eorum
1151 646 1465 720 quisquam
1518 644 1738 715 absque
1797 643 1977 699 altero

333 763 463 804 esse
505 750 607 801 aut
638 742 882 808 intelligi
916 745 1126 812 potest.

397 837 451 890 2.
487 834 781 906 Ejusdem.
815 831 920 885 Illa
938 827 1191 884 universi
1225 826 1417 897 opifex
1447 829 1657 880 sanctis
1679 822 1985 879 Trinitatis

335 924 591 983 essentia
618 922 738 977 sola
769 919 1040 991 simplex,
1072 914 1579 983 uniformismulla
1609 930 1667 970 re
1692 930 1893 985 egens,
1927 916 1986 968 et

333 1011 726 1070 immutabilis
757 1014 865 1066 est.
900 1008 1107 1063 Omnis
1135 1010 1330 1062 autem
1362 1010 1635 1062 creatura
1654 1003 1983 1075 composita

335 1109 445 1172 est,
473 1118 597 1174 quas
632 1099 911 1156 nimirum
941 1114 1011 1152 ex
1040 1096 1375 1152 substantia
1402 1098 1459 1151 et
1510 1094 1806 1151 accidente
1849 1109 1985 1149 con-

336 1198 474 1259 stet,
530 1189 734 1246 divina
794 1185 1173 1261 providentiae
1243 1184 1459 1241 auxilio
1517 1200 1747 1256 semper
1803 1186 1986 1256 egeat,

338 1282 798 1351 haudquaquam
835 1276 1181 1333 mutationis
1212 1289 1437 1347 expers.
1471 1274 1721 1329 Proinde
1752 1289 1859 1328 nec
1899 1289 1988 1327 ac-

346 1371 548 1428 cidens
593 1371 727 1439 Deo,
777 1384 884 1424 nec
945 1366 1199 1439 qualitas
1247 1364 1636 1421 attribuenda.
1669 1367 1805 1419 Haec
1834 1364 1988 1419 enim

346 1461 522 1517 rebus
578 1457 923 1530 compositis
979 1461 1038 1512 et
1090 1454 1401 1511 mutationi
1452 1452 1719 1510 obnoxiis
1749 1453 1989 1510 attribui

350 1549 560 1606 solent.
618 1548 989 1617 Quaecunque
1045 1550 1242 1600 autem
1298 1548 1410 1599 Deo
1488 1544 1713 1614 insunt,
1782 1554 1995 1598 natura

345 1640 573 1706 insunt,
606 1654 722 1693 non
754 1640 1038 1707 tanquam
1072 1633 1360 1705 acquisita
1391 1637 1449 1689 et
1477 1632 1814 1689 adventitia.

415 1727 469 1781 3.
517 1725 814 1796 Ejusdem.
873 1722 955 1777 Ne
1002 1721 1239 1777 habitus
1287 1725 1346 1775 et
1375 1720 1731 1791 aptitudines
1762 1721 1820 1775 in
1853 1720 1995 1775 sim-

346 1815 486 1888 plici
517 1819 574 1869 et
602 1812 840 1868 infinita
883 1816 1098 1866 sanctae
1146 1809 1449 1865 Trinitatis
1491 1810 1745 1865 essentia
1784 1811 1994 1881 quaesi-

2094 644 2404 714 profertur.
2461 643 2718 717 Spiritus
2769 644 2943 699 etiam
3006 638 3315 711 multiplex
3344 645 3431 695 est
3465 640 3767 711 acceptio.

2093 732 2239 787 Nam
2270 740 2326 788 et
2352 732 2607 804 Spiritus
2639 738 2881 788 sanctus
2913 732 3001 786 est
3033 745 3047 798 ;
3084 733 3140 784 et
3183 727 3521 799 spirituales
3578 728 3771 783 facul-

2093 827 2242 879 tates
2271 822 2586 894 spirituum
2640 822 2878 878 nomine
2916 820 3322 890 designautur.
3376 817 3630 887 Spiritus
3663 819 3764 873 in-

2094 928 2269 982 super
2289 929 2392 984 pro
2414 911 2622 985 angelo
2648 910 2968 978 bono,item
2989 913 3048 964 et
3078 925 3180 980 pro
3203 908 3469 963 daemone
3496 908 3763 979 capitur.

2094 1001 2348 1073 Spiritus
2378 1002 2515 1057 item
2551 1001 2750 1057 anima
2778 1003 2889 1056 est.
2943 997 3275 1070 Aliquando
3308 997 3486 1052 etiam
3520 996 3761 1052 intelle-

2097 1095 2246 1162 ctus,
2278 1096 2514 1159 ventus,
2544 1107 2662 1159 aer,
2694 1095 2751 1146 et
2779 1093 2985 1146 caetera
3013 1087 3071 1142 id
3113 1103 3301 1160 genus
3353 1085 3604 1157 spiritus
3650 1102 3759 1158 ap-

2098 1179 2414 1251 pellantur.

2736 1294 2895 1352 CAP.
2946 1293 3103 1350 XIII.

2099 1413 2305 1469 Eadem
2361 1413 2434 1468 de
2471 1429 2555 1479 re,
2606 1413 2699 1467 Ea:
2754 1409 2926 1466 variis
2977 1407 3256 1479 Pati-ibus.
3341 1407 3634 1479 [Perfecta
3702 1407 3767 1459 in

2264 1476 2823 1554 Trinitatevpersonw,
2857 1482 2918 1537 in
2947 1498 3005 1537 se
3028 1478 3284 1536 vicissim
3305 1476 3595 1548 singula]

2176 1621 2227 1675 1.
2252 1619 2578 1675 Exduabus
2602 1618 2873 1691 perfectis
2896 1615 3446 1690 hypostasibus,seu
3466 1612 3774 1684 personis,

2105 1708 2452 1778 compositio
2483 1706 2609 1763 fieri
2639 1723 2756 1763 non
2798 1710 3012 1777 potest.
3052 1705 3306 1760 Proinde
3345 1703 3599 1776 speciem
3659 1717 3772 1757 ne-

2109 1812 2406 1868 quaquam
2433 1813 2503 1852 ex
2533 1796 2824 1868 personis,
2857 1795 2960 1851 sed
2990 1792 3052 1849 in
3083 1792 3355 1865 personis
3381 1791 3659 1847 dicimus.
3688 1790 3779 1846 Ex

348 1881 497 1961 veris
529 1920 543 1958 :
584 1919 656 1957 ne
686 1903 833 1956 forte
888 1901 1274 1971 compositam
1330 1898 1491 1954 illam
1541 1898 1887 1969 proﬁtearis,
1940 1901 1997 1954 et
2026 1929 2074 1994 Β
2107 1904 2222 1959 quo
2255 1888 2343 1955 ﬁt,
2377 1891 2474 1994 ut"
2496 1888 2781 1959 perfectas
2831 1886 3071 1958 quidem
3102 1891 3326 1994 “saneta
3475 1881 3783 1994 Tr‘i‘nitatB

347 1994 525 2049 rebus
557 1990 769 2047 creatis
798 2004 1129 2046 accenseas.

419 2083 471 2137 4.
505 2081 801 2150 Ejusdem.
865 2081 943 2136 Ex
1002 2080 1075 2135 iis
1111 2096 1241 2151 quae
1274 2086 1431 2147 sunt,
1460 2095 1662 2135 eorum
1694 2095 1821 2150 quae
1857 2083 1997 2136 sunt

348 2188 590 2228 causam
687 2169 1084 2243 dignoscimus
1184 2169 1488 2240 [nimirum
1571 2169 1842 2241 Patrem],
1929 2185 1999 2225 ex

350 2278 552 2319 eorum
586 2265 783 2318 autem
838 2276 964 2331 quae
1022 2264 1163 2317 sunt
1218 2260 1565 2325 diﬁ'erentia,
1618 2258 1715 2314 illa
1744 2260 1997 2331 enhypo-

350 2354 527 2417 stata,
560 2350 670 2406 hoc
727 2354 838 2414 est,
887 2365 988 2420 per
1045 2364 1108 2404 se
1164 2348 1517 2415 consistens,
1565 2349 1690 2418 ejus
1720 2349 1877 2419 quod
1909 2356 1999 2405 est

349 2442 659 2513 sapientia,
689 2456 898 2512 nempe
929 2440 1134 2508 Filius,
1160 2438 1327 2496 nobis
1350 2440 1679 2497 innotescit.
1711 2443 1792 2494 Ex
1823 2443 1997 2495 natu-

350 2531 457 2587 rali
489 2532 739 2602 denique
766 2544 967 2586 eorum
1000 2547 1128 2601 quas
1160 2534 1301 2586 sunt
1331 2534 1512 2598 motu,
1548 2530 1996 2603 enhypostatam

349 2636 584 2693 quoque
608 2636 710 2676 seu
745 2637 849 2691 per
877 2636 940 2675 se
971 2619 1388 2675 consistentem
1437 2635 1639 2675 eorum
1685 2636 1815 2690 quas
1863 2623 2001 2675 sunt

348 2712 552 2779 vitam,
611 2715 670 2767 et
724 2710 1011 2766 viviﬁcam
1070 2727 1270 2767 eorum
1323 2728 1451 2782 qua:
1484 2717 1624 2767 sunt
1654 2713 1995 2784 potentiam,

349 2817 561 2873 nempe
589 2800 869 2873 Spiritum
898 2805 1170 2857 sanctum
1195 2800 1603 2872 intelligimus.

418 2893 472 2947 5.
509 2893 806 2963 Ejusdem.
837 2891 894 2946 Si
920 2891 1179 2947 Verbum
1203 2908 1406 2947 eorum
1438 2908 1563 2963 quae
1595 2896 1735 2948 sunt
1764 2908 2001 2964 genera-

350 2981 495 3036 tioni
528 2985 755 3052 praeest,
791 2980 1019 3036 nullum
1073 2997 1335 3051 unquam
1387 2979 1496 3036 hoc
1534 2980 1725 3037 Verbo
1754 2984 1996 3037 verbum

350 3071 654 3143 antiquius
688 3070 816 3139 fuit,
851 3069 1176 3125 futurumve
1206 3073 1315 3127 est.
1347 3068 1600 3125 Verbum
1650 3074 1845 3125 autem
1893 3088 1999 3128 nec

351 3159 566 3215 mentis
599 3176 822 3225 exsors,
877 3174 983 3214 nec
1038 3158 1168 3213 vitae
1225 3165 1333 3224 est,
1382 3158 1485 3213 sed
1530 3159 1745 3215 mentis
1784 3164 1845 3215 et
1872 3160 1998 3215 vitm

349 3248 661 3348 particeps.
711 3247 1096 3348 Generantem
1129 3247 1286 3301 enim
1320 3251 1578 3303 mentem
1612 3247 1807 3319 habet,
1839 3266 1995 3320 qute-
2027 3289 2071 3358 ο

349 3354 465 3408 que
493 3336 585 3393 sui
618 3336 872 3392 essentia
892 3338 1175 3392 consistat
1205 3336 1485 3392 nimirum
1516 3338 1746 3394 Patrem
1782 3339 1998 3395 :habet

349 3428 409 3479 et
430 3423 604 3479 vitam
628 3423 721 3477 sui
742 3422 997 3479 essentia
1011 3422 1452 3494 consistentem,
1469 3424 1692 3481 scilicet
1712 3424 1995 3497 Spiritum

351 3516 643 3569 sanctum.

1012 3612 1163 3665 CAP.
1201 3608 1325 3666 XII.

354 3696 701 3771 Damasceni,
759 3713 855 3771 ea;
888 3700 1136 3771 oratione
1193 3698 1264 3753 De
1320 3700 1486 3755 Patre
1530 3704 1581 3754 et
1621 3700 1762 3756 Filio
1791 3703 1842 3755 et
1869 3700 1994 3771 Spi-

420 3768 541 3823 ritu
559 3775 766 3841 sancto,
797 3767 1063 3825 distincta
1089 3771 1258 3825 simul
1278 3771 1640 3841 etconjuncla
1669 3767 1997 3828 Divinitdtis

421 3840 563 3895 ratio
592 3839 727 3910 (40).

421 3936 578 3994 Deus
635 3945 689 3994 et
737 3944 906 3996 Pater
954 3944 1066 4008 est,
1127 3941 1222 4013 qui
1284 3958 1515 4013 semper
1553 3942 1853 4013 ingenitus
1885 3946 1994 4011 est,

349 4028 568 4101 quippe
628 4029 729 4100 qui
791 4048 824 4085 a
883 4030 1044 4084 nullo
1103 4031 1340 4102 genitus
1388 4036 1743 4087 coaeternum
1780 4032 1996 4088 Filium

347 4118 635 4188 genuerit.
690 4123 840 4174 Deus
884 4122 941 4173 et
978 4118 1156 4174 Filius
1206 4126 1316 4187 est,
1362 4120 1461 4191 qui
1494 4136 1624 4175 cum
1655 4119 1817 4176 Patre
1849 4137 1998 4177 sem-

347 4223 453 4278 per
481 4212 591 4277 est,
616 4209 688 4264 ab
719 4208 939 4280 illoque
988 4209 1115 4266 sine
1163 4213 1426 4281 tempore
1457 4213 1835 4282 sempiterno,
1870 4211 1998 4268 sine

350 4296 510 4353 ﬂuxu
566 4297 1010 4369 imperturbate,
1066 4307 1118 4353 et
1168 4298 1294 4354 sine
1344 4298 1704 4369 sejunctione
1744 4301 1816 4355 ab
1847 4301 1996 4372 ipso,

347 4385 606 4457 genitus.
654 4387 806 4442 Deus
854 4387 1105 4459 denique
1161 4386 1419 4459 Spiritus
1487 4391 1752 4455 sanctus,
1812 4389 1995 4445 virtus

349 4475 750 4543 sanctiﬁcans,
785 4493 911 4549 quae
941 4493 1042 4548 per
1071 4492 1133 4533 se
1164 4475 1455 4545 subsistit,
1500 4494 1534 4533 a
1566 4476 1732 4533 Patre
1763 4482 1819 4533 et
1854 4478 1996 4534 Filio

347 4565 629 4637 procedit,
687 4569 745 4621 et
795 4566 855 4620 in
913 4565 1058 4621 Filio
1104 4565 1491 4637 conquiescit,
1552 4568 1813 4639 ejusdem
1858 4585 1995 4624 cum

2108 1994 2389 2049 personas
2420 1977 2710 2042 dicamus,
2741 1992 2812 2032 ne
2862 1973 3203 2046 compositio
3253 1974 3313 2029 in
3356 1973 3475 2029 illis
3504 1970 3623 2027 ulla
3658 1987 3781 2028 co-

2106 2066 2345 2137 gitetur.
2396 2066 2513 2122 Has
2560 2070 2751 2121 autem
2795 2064 2853 2120 in
2902 2080 2963 2120 se
3007 2062 3269 2119 vicissim
3301 2061 3594 2134 singulas,
3628 2077 3782 2133 pro-

2106 2160 2234 2225 pter
2264 2160 2538 2211 mutuum
2571 2170 2776 2210 earum
2809 2153 3076 2209 habitum
3107 2152 3266 2209 inter
3297 2166 3361 2207 se
3401 2156 3579 2222 atque
3624 2148 3785 2206 rela-

2106 2245 2324 2301 tionem
2375 2244 2722 2301 asserimus.
2763 2242 2911 2308 Quia
2965 2242 3144 2298 etiam
3187 2256 3293 2296 nec
3323 2238 3780 2306 circumscribi,

2105 2349 2212 2391 nec
2242 2333 2368 2390 loco
2402 2333 2684 2389 contineri
2736 2336 3008 2404 possunt,
3054 2331 3195 2403 quia
3223 2329 3481 2401 denique
3513 2345 3636 2384 una
3666 2344 3777 2385 eo-

2106 2440 2237 2479 rum
2270 2424 2588 2495 eademque
2612 2422 2898 2478 Divinitas
2927 2428 3035 2477 est.

2175 2513 2231 2569 2.
2263 2512 2326 2568 In
2359 2512 2638 2568 omnibus
2667 2512 2843 2567 rebus
2864 2510 3098 2577 creatis,
3126 2525 3511 2582 personarum
3547 2507 3773 2564 divisio

2104 2619 2167 2657 re
2222 2602 2352 2673 ipsa
2406 2601 2886 2674 deprehenditur.
2944 2599 3089 2658 Nam
3153 2615 3216 2654 re
3267 2599 3399 2669 ipsa
3437 2596 3693 2653 Michael
3738 2616 3779 2653 a

2107 2690 2393 2761 Gabriele,
2425 2695 2633 2746 Petrus
2663 2708 2696 2746 a
2727 2689 2907 2745 Paulo
2937 2691 3242 2760 sejunctus
3288 2691 3397 2751 est,
3447 2690 3505 2742 et
3555 2692 3776 2743 caetera

2106 2781 2309 2837 eodem
2344 2781 2531 2837 modo.
2566 2780 2726 2843 Quod
2758 2796 2893 2835 vero
2925 2794 3240 2835 commune
3269 2777 3330 2832 in
3361 2776 3455 2832 his
3487 2781 3545 2831 et
3577 2793 3776 2832 unum

2107 2870 2280 2936 est,id
2304 2870 2660 2941 cogitatione
2680 2866 3213 2941 dignoscitur.Sola
3232 2866 3394 2922 enim
3410 2865 3780 2937 cogitatione

2109 2957 2508 3031 angelitatem,
2540 2958 2700 3014 verbi
2728 2957 2937 3030 gratia,
2962 2961 3019 3012 et
3039 2955 3494 3025 humanitatem,
3517 2954 3630 3010 hoc
3653 2960 3776 3023 est,

2107 3063 2478 3104 communem
2503 3048 2846 3118 angelorum
2880 3054 2933 3101 et
2959 3045 3266 3101 hominum
3318 3042 3603 3100 notionem
3658 3059 3771 3098 co-

2107 3138 2465 3211 gnoscimus.
2526 3137 2605 3192 At
2658 3136 2718 3191 in
2776 3136 2974 3192 divina
3023 3134 3307 3191 Trinitate
3354 3149 3518 3188 secus
3563 3147 3626 3186 se
3661 3147 3765 3186 res

2108 3227 2304 3284 habet.
2358 3227 2520 3292 Quod
2568 3226 2725 3282 enim
2785 3226 2843 3282 in
2899 3239 2968 3282 ea
2998 3239 3307 3281 commune
3333 3226 3388 3277 et
3415 3235 3593 3275 unum
3626 3225 3750 3287 est,

2110 3321 2169 3376 id
2229 3335 2289 3375 re
2347 3319 2478 3391 ipsa
2525 3318 2897 3392 perspicitur.
2960 3318 3104 3375 Nam
3150 3333 3211 3373 re
3262 3317 3390 3388 ipsa
3413 3318 3529 3369 tres
3556 3327 3751 3367 unum

2105 3410 2310 3478 Deum,
2371 3426 2550 3466 unam
2600 3413 2658 3465 et
2715 3408 2983 3464 eamdem
3043 3408 3099 3461 in
3160 3406 3355 3462 tribus
3395 3407 3668 3460 naturam
3701 3406 3767 3457 et

2105 3500 2417 3565 actionem,
2469 3514 2649 3554 unam
2696 3498 2950 3568 denique
3005 3499 3063 3552 et
3094 3496 3361 3552 eamdem
3392 3493 3769 3549 voluntatem

2105 3606 2235 3647 esse
2263 3594 2420 3645 certo
2452 3588 2695 3644 scimus.
2729 3586 3123 3643 Personarum
3159 3588 3355 3641 autem
3388 3581 3595 3639 divisio
3617 3580 3769 3637 sim-

2106 3678 2244 3751 plici
2300 3682 2357 3734 et
2406 3677 2565 3733 nuda
2616 3675 2967 3748 cogitatione
3014 3673 3388 3746 intelligitur.
3446 3671 3564 3730 Nec
3594 3669 3767 3727 enim

2106 3785 2235 3825 eam
2303 3765 2937 3838 circumscriptionem,
3002 3780 3118 3836 qua
3190 3779 3453 3836 personae
3513 3760 3777 3817 circnm-

2106 3856 2282 3914 scribi
2312 3857 2523 3924 solent,
2557 3871 2749 3926 neque
2777 3852 3176 3918 intervallum,
3208 3868 3325 3923 quo
3373 3851 3541 3908 locus
3571 3867 3606 3905 a
3638 3849 3777 3905 loco

2108 3946 2485 4017 disjungitur,
2517 3961 2621 4001 nec
2652 3944 2828 4000 aliam
2861 3942 3044 3998 ullam
3075 3959 3145 3999 ex
3167 3941 3243 3998 iis
3275 3939 3773 4014 proprietatibus,

2106 4035 2318 4107 quibus
2347 4033 2580 4106 singula
2610 4035 2733 4090 suis
2756 4032 2924 4105 quasi
2954 4032 3174 4089 ﬁnibus
3209 4032 3614 4097 continentur,
3673 4028 3779 4084 hic

2106 4123 2433 4196 intelligere
2478 4126 2581 4179 aut
2624 4122 2883 4194 cogitare
2930 4122 3238 4177 audemus.
3311 4120 3525 4176 Praeter
3575 4122 3778 4189 pater-

2107 4214 2372 4281 nitatem,
2440 4211 2809 4279 ﬁliationem,
2867 4214 2924 4266 et
2976 4210 3433 4282 processionem,
3493 4223 3598 4263 seu
3665 4223 3775 4263 no-

2105 4302 2295 4359 tiones
2325 4318 2445 4369 eas,
2514 4302 2729 4373 quibus
2785 4299 2956 4355 Pater
3002 4298 3252 4371 genitor,
3286 4296 3471 4352 Filius
3500 4296 3775 4367 genitus,

2105 4398 2166 4451 et
2221 4393 2477 4465 Spiritus
2527 4391 2849 4463 procedens
2929 4388 3296 4461 intelligitur.
3370 4389 3564 4458 Atque
3641 4386 3774 4443 hec

2104 4482 2341 4554 quidem
2386 4480 2799 4552 hujuscemodi
2849 4479 3072 4535 ratione
3122 4478 3295 4547 ﬁunt,
3328 4493 3455 4549 quas
3490 4479 3775 4533 naturam

2107 4576 2165 4627 et
2193 4570 2512 4626 essentiam
2563 4585 2983 4641 quamcunque
3015 4565 3184 4624 facile
3213 4569 3472 4637 superat.
3506 4565 3767 4621 Proinde

346 4657 516 4711 Patre
575 4653 836 4726 Filioque
890 4654 1253 4710 substantiae.
1331 4653 1586 4711 Verbum
1662 4662 1769 4723 est,
1842 4657 1996 4728 quod
2027 4668 2074 4733 ι)
2110 4661 2291 4716 Deum
2323 4675 2506 4715 unum
2538 4674 2636 4715 eos
2668 4674 2798 4714 esse
2819 4656 3232 4725 dicimus,cum
3259 4655 3386 4711 fieri
3417 4671 3530 4710 non
3557 4655 3777 4725 possit,

346 4742 810 4800 substantialiter
836 4741 989 4798 Patri
1034 4758 1261 4814 semper
1300 4744 1487 4800 adest.
1537 4745 1792 4800 Verbum
1852 4747 1989 4801 item

347 4837 456 4903 est,
519 4832 807 4889 naturalis
872 4837 1089 4900 motus,
1150 4848 1267 4904 quo
1325 4833 1562 4890 animus
1619 4833 1748 4906 ipse
1798 4851 1993 4892 move-

345 4924 462 4987 tur,
526 4921 823 4994 intelligit,
889 4926 945 4978 et
992 4921 1229 4994 cogitat,
1291 4921 1430 4993 quia
1479 4923 1759 4978 nimirum
1807 4924 1994 4993 ipsius

346 5009 517 5080 quasi
577 5009 667 5067 lex
717 5017 771 5068 et
819 5012 1097 5085 splendor
1148 5010 1393 5068 exsistit.
1426 5010 1681 5067 Verbum
1717 5017 1996 5083 praeterea

346 5099 761 5165 est,internum
781 5116 1015 5174 quoque
1036 5101 1367 5173 illud,quod
1392 5101 1449 5156 in
1475 5102 1648 5157 corde
1674 5101 1993 5174 loquimur.

346 5185 584 5258 Adhmc,
614 5190 856 5246 verbum
886 5196 995 5258 est,
1029 5191 1211 5248 animi
1243 5190 1510 5259 nuntius,
1545 5190 1791 5249 Verbum
1818 5192 1996 5265 igitur

347 5279 500 5331 Deus
552 5278 813 5335 essentia
856 5295 965 5334 sua
1016 5284 1075 5335 et
1104 5279 1404 5353 hypostasi
1439 5280 1673 5353 propria
1702 5281 1993 5339 consistit.

343 5367 566 5421 Castora
613 5368 727 5423 tria
796 5368 974 5424 verba
1051 5369 1356 5425 facultates
1419 5368 1600 5427 animi
1646 5376 1805 5440 sunt,
1866 5389 1996 5444 quas

344 5453 585 5522 propria
618 5456 673 5511 in
696 5457 994 5528 hypostasi
1025 5456 1492 5531 haudquaquam
1523 5461 1993 5518 considerantur.

343 5539 607 5601 Quorum
638 5545 895 5615 primum
927 5546 1111 5602 animi
1144 5547 1405 5604 naturale
1436 5565 1677 5621 germen
1699 5555 1809 5617 est,
1842 5552 1995 5622 quod

342 5637 584 5692 semper
630 5633 702 5689 ab
755 5634 884 5706 ipso
941 5634 1291 5692 naturaliter
1347 5638 1605 5710 proﬂuit.
1655 5640 1997 5697 Secundum

413 5736 532 5806 (10)
561 5742 723 5810 Τοω.
758 5750 958 5823 XCIV,
989 5752 1099 5810 col.
1131 5753 1258 5809 856.

2107 4754 2172 4806 ut
2217 4750 2470 4823 perfecte
2508 4753 2681 4819 atque
2734 4764 2795 4805 re
2842 4748 2968 4820 ipsa
2989 4763 3192 4803 eorum
3221 4761 3505 4819 personas
3533 4744 3777 4800 divida-

2107 4856 2264 4909 mus,
2297 4855 2426 4911 qua:
2477 4838 2603 4894 sine
2650 4837 2938 4893 divisione
2987 4835 3350 4901 dividuntur,
3391 4839 3450 4890 et
3469 4833 3596 4892 sine
3629 4851 3780 4891 con-

2099 4929 2409 5001 junctione
2460 4927 2924 4999 coniunguntur,
3003 4930 3244 4997 propter
3319 4922 3629 4979 divisionis
3713 4929 3775 4980 et

2105 5018 2541 5089 oonjunctionis
2572 5033 2778 5075 eorum
2806 5017 3115 5085 rationem,
3148 5031 3274 5088 quas
3305 5031 3373 5071 ea
3405 5020 3518 5082 est,
3565 5021 3625 5069 ut
3656 5031 3764 5069 na-

2106 5113 2241 5164 tura
2271 5124 2625 5180 quacunque
2654 5111 2712 5163 et
2742 5105 3002 5163 essentia
3029 5104 3202 5177 longe
3246 5106 3618 5176 prastantior
3659 5102 3761 5157 sit.

2181 5199 2233 5254 3.
2268 5197 2727 5272 Distinguuntur
2778 5196 3148 5270 hypostases,
3202 5211 3319 5251 non
3371 5193 3636 5250 essentia:
3667 5209 3769 5248 ra-

2108 5287 2288 5354 tione,
2334 5289 2435 5344 sed
2491 5286 3099 5345 characteristicarum
3160 5284 3609 5358 proprietatum,
3667 5283 3782 5340 hoc

2108 5383 2199 5435 est
2228 5383 2524 5448 notarum,
2576 5394 2703 5450 qum
2751 5377 3013 5450 personis
3052 5376 3277 5432 insunt.
3335 5374 3417 5430 Ex
3446 5391 3565 5445 quo
3592 5375 3686 5441 ﬁt,
3721 5382 3787 5431 ut

2108 5484 2176 5524 ex
2208 5468 2386 5524 rebus
2420 5467 2647 5535 creatis,
2689 5482 2817 5538 qua
2863 5465 2943 5522 sit
2974 5464 3161 5521 Patris
3183 5469 3241 5519 et
3259 5462 3390 5518 Filii
3417 5467 3475 5518 et
3506 5462 3785 5535 Spiritus

2108 5556 2320 5625 sancti,
2358 5573 2458 5612 seu
2491 5557 2864 5629 propriarum
2900 5560 3196 5624 notarum,
3228 5552 3565 5610 differentia
3595 5556 3792 5612 resci-

2108 5659 2368 5715 scamus,
2403 5649 2743 5701 naturarum
2818 5660 2917 5701 ero
2948 5659 3063 5700 non
3097 5643 3261 5702 item.
