4052 6422
298 398 453 459 1139

1624 385 1933 447 ΝΙΟΕΤΛΙ
1974 382 2396 446 ΟΗΟΝΙΛΤᾹΞ

3570 386 3753 446 1140

299 548 457 589 nunc
490 529 707 598 carnis,
741 543 897 583 nunc
930 525 1139 581 animos
1163 523 1401 579 nomine
1421 521 1721 578 hominem
1743 519 1958 576 intelll-
1985 525 2045 590 Α
2076 520 2422 589 Masachem,
2456 518 2566 575 hoc
2587 528 2673 575 est
2726 535 2896 587 onus,
2956 516 3192 573 dicitur.
3260 518 3407 573 Item
3441 535 3547 590 pro
3579 520 3751 593 cibo,

301 624 482 693 gunt:
518 617 770 692 partium
806 614 1258 688 appellationem
1291 611 1394 668 toti
1435 612 1781 667 tribuentes.
1808 609 1955 664 Cum

300 726 435 765 vero
458 717 687 780 tempus
712 708 769 762 id
802 704 1081 779 postulat,
1113 701 1364 776 propriis
1396 704 1644 757 utuntur
1694 697 1957 772 appella-

304 798 587 855 tionibus.
621 798 697 853 Eo
727 810 864 851 vero
896 809 1072 850 sensu
1105 808 1279 864 quem
1333 789 1569 863 praedixi
1623 787 1958 860 Theologus

304 888 403 944 ille
436 903 669 960 quoque
690 885 951 941 Joannes
1007 882 1124 951 ait;
1158 883 1226 936 Et
1272 881 1506 937 Verbum
1560 895 1693 935 caro
1747 881 1961 948 factum

304 983 384 1035 est
423 978 486 1043 ε’,
520 993 644 1049 pro,
676 975 850 1030 homo
884 973 1103 1029 factum
1155 975 1264 1027 est.
1299 969 1392 1026 Nil
1424 973 1621 1025 tamen
1652 967 1761 1023 hac
1791 968 1863 1023 de
1899 982 1959 1021 re

305 1066 719 1136 digladiamur.
766 1067 885 1117 Hoc
927 1060 1106 1129 enim,
1158 1064 1222 1115 ut
1265 1075 1516 1132 magnus
1564 1057 1662 1113 ille
1708 1060 1962 1113 testatur

309 1154 640 1225 Dionysius,
668 1167 870 1208 eorum
905 1154 995 1206 est
1045 1149 1370 1222 proprium,
1408 1165 1521 1203 non
1574 1146 1670 1216 qui
1703 1148 1775 1201 ad
1809 1144 1960 1200 divi-

306 1259 516 1300 narum
541 1259 736 1298 rerum
782 1240 1176 1311 cognitionem
1210 1238 1493 1310 aspirant,
1527 1236 1628 1292 sed
1662 1233 1761 1308 qui
1785 1250 1961 1290 sonos

307 1332 612 1404 simplices
645 1333 1036 1401 aucupentur,
1086 1327 1533 1398 impensiusque
1563 1324 1822 1398 gaudent
1846 1322 1963 1379 elc-

308 1422 818 1500 mentis,syllahis,
852 1426 908 1478 et
936 1420 1288 1478 dictionibus
1337 1418 1674 1493 incognitis,
1735 1434 1857 1488 quas
1890 1415 1961 1471 ad

312 1514 496 1572 animi
529 1514 619 1570 sui
662 1518 912 1585 partem,
945 1512 1037 1569 cui
1059 1511 1148 1567 vis
1179 1508 1544 1581 intelligendi
1566 1507 1739 1579 inest,
1772 1506 1962 1562 haud-

310 1620 606 1677 quaquam
632 1606 959 1675 penetrant,
979 1600 1083 1657 sed
1096 1601 1456 1656 extrinsecus
1490 1596 1742 1653 summis
1760 1612 1962 1652 eorum

306 1693 490 1749 labris
519 1697 576 1748 et
606 1690 859 1747 summis
905 1690 1143 1746 auribus
1187 1689 1475 1744 inhmrent
1503 1691 1562 1743 et
1593 1687 1961 1742 circumstre-

294 1787 479 1856 ‘puut.
512 1780 847 1853 Ilyposlasis
897 1779 1113 1852 duplex
1169 1783 1295 1834 est:
1352 1778 1497 1833 alias
1556 1777 1708 1832 enim
1752 1775 1966 1831 dicitur

2069 609 2189 669 sive
2245 626 2515 669 annona:
2574 614 2639 667 ut
2690 608 2749 667 in
2802 608 2949 667 libro
3007 607 3287 667 Judicum
3331 608 3402 665 de
3457 609 3740 669 Judais:

2070 700 2348 773 quoniam
2385 699 2712 756 Madianitze
2768 700 3143 771 diripuerunt
3191 700 3418 756 fruetus
3447 703 3644 769 terris,
3682 706 3747 758 et

2070 791 2462 848 substantiam
2495 807 2719 846 eorum.
2753 790 3035 845 Hebraice
3067 788 3221 844 enim
3276 805 3379 862 pro
3410 806 3538 861 spe,
3572 793 3739 850 unde

2070 883 2130 938 in
2164 882 2310 937 libro
2337 883 2494 943 Ruth
2515 881 2611 938 his
2628 881 2821 937 verbis
2846 881 3032 941 utitur
3056 878 3297 939 Noemi:
3328 882 3449 938 Non
3480 886 3565 939 est
3588 884 3741 941 mihi

2070 973 2224 1044 ﬁlius
2255 982 2351 1028 aut
2378 989 2497 1045 spe:
2530 974 2593 1029 ιι.
2648 971 2930 1027 Hebraica
2979 972 3138 1029 enim
3170 971 3459 1029 Thicouia
3486 973 3739 1046 legitur,

2072 1062 2182 1118 hoc
2212 1066 2300 1118 est
2328 1078 2465 1134 spes
2497 1062 2715 1119 sobolis
2747 1062 3158 1133 propaganda.
3219 1061 3368 1117 Item
3402 1079 3505 1134 pro
3542 1065 3736 1136 pretio

2073 1152 2192 1208 sive
2223 1154 2513 1220 mercede,
2544 1157 2611 1207 ut
2640 1152 2830 1223 primo
2860 1151 3109 1223 Regum,
3170 1151 3244 1206 de
3274 1153 3547 1209 mercede
3577 1153 3726 1209 fabri

2071 1242 2280 1297 aerarii.
2312 1242 2397 1296 Ad
2443 1242 2733 1297 securim:
2788 1240 3007 1312 inquit,
3061 1245 3121 1296 et
3183 1257 3317 1313 quae
3374 1248 3728 1313 sequuntur,

2072 1330 2182 1387 hoc
2212 1335 2300 1386 est
2321 1347 2566 1387 merces.
2600 1331 2742 1387 Item
2777 1346 2880 1402 pro
2904 1329 3136 1396 castris,
3171 1334 3235 1384 ut
3259 1330 3316 1385 in
3344 1331 3552 1387 eodem
3586 1331 3739 1387 libro

2071 1422 2359 1478 Jonathas
2416 1420 2705 1492 armigero
2764 1436 2871 1476 suo
2929 1420 3013 1475 ita
3042 1419 3275 1491 inquit:
3330 1421 3494 1489 Veni,
3545 1438 3749 1478 ascen-

2072 1510 2266 1568 damus
2296 1512 2356 1565 in
2384 1520 2565 1567 castra
2595 1510 3033 1566 Palestinorum
3079 1508 3145 1565 ιθ.
3199 1509 3517 1567 Hebraicus
3576 1511 3747 1568 enim

2074 1600 2254 1655 codex
2284 1602 2513 1657 Mataan
2545 1598 2742 1665 habet,
2772 1614 2888 1669 quo
2927 1598 3159 1655 nomine
3175 1602 3370 1654 castra
3387 1598 3743 1670 signiﬁcan-

2077 1697 2188 1745 tur.
2225 1690 2367 1744 Item
2401 1705 2505 1759 pro
2538 1688 2672 1744 faece
2706 1687 2826 1759 illa,
2860 1704 2987 1759 quas
3020 1687 3079 1742 in
3111 1687 3288 1743 rebus
3317 1687 3563 1760 liquidis
3598 1690 3750 1746 sub-

2075 1778 2252 1848 sistit,
2288 1782 2353 1834 ut
2397 1795 2530 1833 cum
2583 1777 2763 1833 urinae
2815 1777 3205 1834 substantiam
3260 1778 3533 1834 dicimus.
3591 1780 3743 1836 Item

310 1869 672 1942 hypostasis,
700 1869 756 1923 id
782 1868 936 1940 quod
970 1867 1205 1939 quidem
1258 1867 1403 1949 citra
1456 1865 1962 1920 characteristicas
2004 1885 2049 1949 Β
2078 1884 2182 1940 pro
2215 1866 2582 1935 facultate,ut
2612 1865 2780 1933 illud,
2840 1868 2904 1922 Et
2960 1865 3269 1922 substantia
3316 1883 3437 1923 mea
3461 1876 3753 1939 tanquam

310 1960 716 2032 proprietates,
749 1975 851 2015 seu
882 1962 1073 2025 notas,
1099 1948 1531 2014 consideratur:
1583 1955 1728 2012 alias
1762 1971 1961 2027 perso-

316 2067 411 2118 na,
446 2067 573 2121 quaa
607 2066 709 2121 per
733 2065 818 2115 se,
863 2047 952 2105 vel
998 2063 1129 2103 eum
1164 2047 1456 2120 praedictis
1514 2045 1968 2119 proprietatibus

318 2139 611 2196 subsistit.
644 2140 779 2205 Qum
807 2138 963 2193 enim
1003 2137 1303 2192 individua
1350 2134 1715 2206 Peripatetici
1769 2150 1969 2190 vocare

315 2230 526 2302 solent,
558 2230 617 2286 in
649 2247 774 2302 quae
805 2229 1032 2302 generis
1067 2231 1123 2285 et
1162 2226 1370 2299 speciei
1404 2226 1610 2283 divisio
1641 2224 1876 2296 desinit,
1904 2229 1970 2281 ut

314 2336 442 2391 quis
474 2325 755 2392 praeterea
786 2318 963 2375 dividi
994 2335 1112 2374 non
1144 2318 1374 2390 possint
1430 2319 1587 2391 (nam
1621 2315 1876 2372 hominis
1906 2314 1966 2370 in

316 2409 577 2466 animam
607 2414 666 2466 et
710 2425 928 2481 corpus
958 2406 1169 2464 divisio
1203 2406 1501 2462 interitum
1534 2406 1743 2461 afferre
1775 2403 1965 2473 solet),

313 2513 382 2555 ea
411 2498 748 2555 doctoribus
778 2495 1191 2554 ecclesiasticis
1234 2511 1510 2569 personas
1536 2499 1595 2551 et
1625 2495 1968 2571 hypostases

316 2590 611 2662 appellare
665 2590 904 2662 placuit.
955 2589 1309 2667 Hypbstases
1358 2603 1530 2660 porro
1591 2587 1758 2641 dictae
1807 2589 1965 2654 sunt,

315 2681 452 2750 quia
475 2680 533 2735 in
568 2679 642 2735 iis
667 2696 883 2753 genera
914 2683 971 2735 et
1013 2677 1259 2753 species,
1313 2693 1438 2748 quae
1491 2676 1830 2732 communia
1861 2691 1968 2731 nec

316 2768 764 2841 circumscripta
797 2772 957 2835 sunt,
986 2768 1157 2842 quasi
1182 2768 1389 2839 pedem
1411 2766 1596 2839 ﬁgunt
1625 2769 1679 2821 et
1711 2766 1966 2820 circum-

315 2857 959 2923 scribuntur.Quamvis
975 2859 1130 2914 enim
1148 2856 1374 2917 animali
1393 2861 1450 2912 et
1463 2854 1689 2911 homini
1702 2855 1968 2911 essentia:

314 2948 462 3003 ratio
489 2948 727 3021 propria
749 2946 1103 3021 sit,quorum
1124 2945 1271 3001 illud
1297 2944 1606 3019 genus,hic
1619 2944 1842 3014 species
1856 2948 1966 3012 est,

315 3037 701 3093 nihilominus
722 3040 921 3095 tamen
935 3036 991 3095 in
1011 3036 1249 3103 atomis,
1266 3038 1409 3113 puta
1422 3034 1591 3089 Petro
1606 3043 1659 3089 et
1671 3033 1849 3090 Paulo
1862 3033 1967 3102 hy-

313 3131 573 3200 postasin
589 3128 829 3199 habent,
850 3142 952 3183 seu
978 3125 1335 3186 subsistunt,
1351 3125 1498 3181 citra
1518 3123 1968 3198 quossubsiste-

312 3234 375 3274 re
392 3235 508 3273 non
532 3221 804 3290 possunt.
837 3216 946 3272 Sed
978 3216 1048 3275 de
1076 3214 1376 3289 hypostasi
1404 3214 1642 3286 quidem
1661 3213 1965 3275 hactenus.

384 3306 657 3362 Vicissim
689 3321 924 3376 quoque
945 3298 1331 3372 ἐνόπόστατον,
1363 3319 1465 3357 seu
1498 3303 1554 3357 id
1589 3303 1744 3374 quod
1776 3302 1832 3358 vi
1865 3318 1971 3359 sua

316 3395 610 3465 subsistit,
647 3396 860 3467 duplex
876 3399 997 3451 est:
1027 3394 1318 3466 signiﬁcat
1330 3393 1487 3450 enim
1511 3394 1567 3448 id
1585 3395 1735 3467 quod
1750 3394 1857 3449 sim
1866 3393 1970 3467 pli-

306 3487 463 3543 citer
518 3489 627 3555 est,
687 3501 805 3557 quo
864 3484 1200 3558 signiﬁcatu
1260 3500 1369 3539 non
1403 3482 1593 3539 solum
1627 3484 1966 3552 essentiam,

318 3592 494 3646 quam
555 3573 933 3649 αὐθύπαρκτον
991 3578 1050 3631 et
1097 3571 1522 3641 αΰτυπόστατον,
1582 3572 1692 3630 hoc
1749 3581 1836 3631 est
1867 3590 1969 3649 per

317 3683 379 3724 se
411 3668 583 3739 vique
606 3683 715 3723 sua
735 3667 1183 3737 subsistentem,
1208 3682 1401 3722 rerum
1434 3666 1771 3739 bujusmodi
1797 3665 1965 3738 periti

313 3757 535 3824 dicunt,
569 3773 676 3813 nos
714 3746 943 3830 quoque
1000 3753 1360 3810 ἐνυπόστατον
1397 3756 1670 3831 dicimus,
1704 3754 1842 3828 quia
1872 3756 1964 3810 ni-

311 3846 527 3903 mirum
562 3845 905 3916 simpliciter
944 3847 1019 3903 sit
1045 3849 1101 3902 et
1124 3845 1408 3907 subsistat
1437 3862 1452 3915 ;
1487 3846 1587 3902 sed
1644 3844 1967 3901 accidentia

309 3936 475 3993 etiam
507 3934 862 4005 ἐνυπόστατα,
898 3936 1004 3993 hoc
1025 3941 1137 4007 est,
1168 3935 1221 3992 vi
1251 3952 1357 3993 sua
1377 3935 1764 3994 subsistentia
1785 3935 1964 3993 deno-

306 4027 631 4095 minamus,
663 4026 804 4099 quia
851 4025 911 4080 in
943 4024 1079 4089 alio,
1113 4023 1397 4087 nimirum
1429 4025 1490 4078 in
1539 4024 1813 4101 essentia,
1847 4040 1963 4079 non

308 4121 504 4173 autem
536 4116 599 4177 in
631 4131 695 4171 se
726 4115 893 4188 ipsis,
927 4115 1047 4170 sint
1076 4117 1134 4170 et
1173 4114 1532 4170 subsistant:
1582 4130 1706 4189 quae
1765 4117 1963 4170 tamen

306 4207 526 4263 rectius
557 4203 1013 4279 ἔτεροῦπόστατα,
1044 4203 1155 4263 hoc
1182 4208 1272 4260 est
1302 4203 1360 4258 in
1408 4202 1522 4259 alio
1578 4202 1965 4259 subsistentia

304 4298 739 4369 nuncupantur.
765 4294 1069 4365 Significat
1097 4293 1268 4350 etiam
1299 4292 1357 4353 id
1390 4291 1545 4366 quod
1578 4308 1679 4367 per
1699 4291 1962 4367 seipsum

301 4389 415 4454 est,
437 4388 495 4440 et
527 4378 899 4437 ἰδιοσύστατον
950 4399 1054 4453 per
1103 4398 1165 4439 se
1212 4381 1443 4459 proprie
1475 4381 1785 4438 consistit:
1847 4398 1964 4456 quo

299 4472 361 4527 in
381 4471 714 4544 signiﬁcatu
734 4470 1032 4525 individua
1054 4486 1287 4543 quoque
1326 4466 1661 4523 ἔνυπόστατα
1690 4471 1963 4539 dicimus,

303 4578 427 4633 quae
459 4558 694 4630 proprie
723 4557 1073 4630 hyposlases
1127 4557 1325 4630 potius
1358 4562 1416 4612 et
1465 4563 1604 4613 sunt
1634 4562 1691 4613 et
1721 4558 1963 4631 dignos-

2077 1957 2320 2013 nihilum
2350 1972 2538 2012 coram
2569 1965 2621 2011 te
2642 1956 2883 2011 “‘ﬂltem
2916 1972 3019 2027 pro
3052 1955 3532 2023 fundamento,ut
3558 1956 3746 2013 illud:

2077 2049 2248 2103 Fixus
2267 2063 2390 2103 sum
2424 2048 2485 2103 in
2514 2046 2646 2101 limo
2658 2044 2949 2117 profundi,
2965 2053 3019 2100 et
3046 2061 3155 2100 non
3173 2053 3253 2101 est
3272 2045 3419 2101 mihi
3427 2045 3716 2103 subsisten
3734 2078 3752 2090 -

2076 2140 2155 2194 tia
2188 2136 2396 2197 17.1tem
2432 2153 2534 2209 pro
2561 2135 2976 2206 negotio,unde
2993 2134 3324 2191 Jeremias:
3378 2135 3759 2207 Cungregavit

2075 2229 2415 2284 extrinsecus
2452 2226 2862 2281 subsidentium
2890 2241 3071 2279 suam.
3131 2225 3201 2279 Et
3253 2241 3357 2296 pro
3409 2241 3646 2293 arcano,
3679 2229 3757 2281 ut

2076 2317 2230 2389 apud
2258 2317 2531 2371 eumdem
2565 2316 2636 2370 de
2665 2313 3196 2387 pseudoprophetis
3222 2329 3236 2368 :
3295 2318 3362 2370 Et
3382 2316 3437 2370 si
3462 2313 3759 2371 stetissent

2078 2409 2135 2462 in
2162 2406 2473 2462 substantia
2501 2421 2647 2471 mea,
2679 2404 2801 2459 sive
2858 2405 2919 2459 in
2950 2419 3155 2459 arcano
3207 2419 3332 2459 meo
3357 2402 3426 2457 θ’.
3458 2407 3602 2460 Item
3637 2421 3753 2477 pro

2076 2495 2481 2560 fundamento,
2513 2498 2580 2549 ut
2611 2494 2762 2565 apud
2785 2491 3147 2549 Ezechielem
3177 2492 3248 2549 de
3274 2492 3475 2565 templi
3498 2493 3757 2550 aedifica-

2074 2586 2252 2652 tione,
2285 2584 2621 2640 describens
2652 2583 2894 2639 domum
2922 2590 2976 2638 et
3001 2586 3209 2638 caetera
3230 2598 3359 2654 quae
3384 2588 3747 2655 sequuntur,

2073 2674 2135 2730 in
2168 2674 2383 2745 quibus
2414 2672 2777 2746 hypostasim
2809 2689 2913 2745 pro
2945 2671 3337 2729 fundamento
3358 2671 3542 2744 ponit.
3588 2672 3748 2728 Item

2074 2781 2179 2836 pro
2205 2763 2398 2831 laude,
2431 2772 2494 2818 ut
2535 2763 2691 2834 apud
2735 2760 3099 2832 Apostolum,
3148 2762 3304 2830 Quod
3349 2762 3569 2833 loquor,
3626 2778 3746 2819 non

2074 2853 2375 2910 secundum
2400 2853 2717 2918 Dominum,
2753 2851 2843 2908 sed
2872 2859 3145 2922 tanquam
3173 2852 3231 2907 in
3260 2851 3506 2907 stultitia
3548 2853 3613 2907 in
3634 2852 3747 2908 hac

2073 2944 2379 3001 substantia
2407 2940 2763 3012 gloriationis
2781 2940 2850 2998 η.

2745 3086 2896 3143 CAP.
2929 3084 3069 3143 XVI.

2076 3211 2611 3283 Item,B.DDionysii
2634 3209 2981 3281 Areopagitz
3013 3211 3089 3267 De
3118 3211 3238 3267 Deo.
3270 3209 3496 3281 [Omnia
3523 3208 3589 3264 de
3618 3210 3739 3267 Deo

2146 3293 2200 3340 et
2227 3283 2607 3354 afﬁrmantur,
2644 3291 2908 3354 tanquam
2943 3285 3198 3341 omnium
3229 3299 3411 3339 causa:
3440 3285 3490 3338 et
3516 3297 3731 3351 negan-

2146 3360 2261 3424 tur,
2293 3358 2426 3428 quia
2455 3355 2711 3413 omnibus
2732 3355 3099 3413 excellentior
3118 3356 3242 3428 sit.]

2147 3491 2303 3547 Deus
2324 3505 2511 3560 neque
2534 3488 2635 3544 lux
2657 3492 2768 3557 est,
2803 3504 2994 3561 neque
3017 3488 3297 3547 tenebrae:
3331 3504 3515 3560 neque
3539 3488 3744 3559 cogni-

2075 3581 2177 3648 tio,
2211 3595 2404 3652 neque
2425 3579 2713 3650 ignoratio
2744 3595 2758 3635 ε
2787 3593 2976 3651 neque
3006 3579 3243 3646 veritas,
3269 3593 3457 3650 neque
3492 3578 3745 3634 menda-

2074 3670 2255 3726 cium:
2280 3675 2429 3737 et,ut
2454 3669 2658 3742 paucis
2672 3667 3201 3733 concludam,nihil
3222 3673 3313 3724 est
3335 3668 3431 3724 ubi
3460 3671 3743 3739 ponatur,

2075 3765 2178 3816 aut
2208 3761 2365 3815 unde
2390 3761 2710 3817 auferatur.
2741 3758 3031 3815 Omnibus
3062 3759 3221 3814 enim
3246 3757 3516 3831 superior
3544 3761 3658 3828 est,
3684 3763 3748 3814 et

2074 3866 2202 3921 quae
2234 3866 2267 3905 a
2319 3849 2510 3917 nobis,
2558 3854 2617 3904 et
2663 3864 2788 3920 quae
2832 3848 2903 3903 ab
2962 3847 3037 3905 iis
3069 3864 3195 3919 quas
3226 3864 3410 3920 supra
3448 3864 3556 3903 nos
3598 3853 3748 3904 sunt

2074 3939 2427 4010 cogitantur.
2463 3938 2949 4009 Quandoquidem
2981 3940 3169 4004 Pater,
3204 3942 3261 3993 et
3288 3937 3493 4004 Filius,
3523 3942 3581 3993 et
3609 3937 3745 4009 Spi-

2074 4029 2223 4089 ritus
2256 4032 2520 4098 sanctus,
2554 4044 2670 4086 non
2703 4030 2753 4085 is
2784 4031 2892 4103 est,
2925 4044 3103 4100 quem
3136 4028 3481 4100 cogitamus,
3512 4028 3603 4083 vel
3635 4028 3747 4099 qui

2075 4134 2257 4190 supra
2276 4134 2384 4175 nos
2414 4121 2576 4187 sunt,
2609 4116 2709 4173 sed
2743 4116 2795 4173 is
2817 4119 2906 4175 est
2931 4116 3032 4187 qui
3065 4115 3230 4174 nulla
3260 4116 3486 4174 ratione
3516 4115 3741 4172 intelli-

2072 4206 2155 4279 gi,
2187 4212 2290 4263 aut
2319 4205 2581 4262 oratione
2622 4206 2866 4277 exprimi
2930 4209 3125 4277 queat.
3188 4205 3514 4262 Positiones
3574 4205 3743 4262 enim

2072 4300 2131 4357 at
2161 4295 2510 4367 ablationes,
2543 4299 2601 4352 et
2630 4294 2891 4366 habitus,
2922 4299 2979 4353 et
3009 4294 3368 4365 privationes
3418 4294 3492 4351 iis
3524 4308 3738 4353 acoen-

2073 4390 2300 4455 sentur,
2331 4403 2457 4458 quae
2491 4390 2626 4456 post
2654 4384 2839 4442 Deum
2869 4388 3032 4441 sunt.

2142 4478 2197 4532 2.
2229 4476 2531 4547 Ejusdem.
2564 4481 2720 4533 Deus
2749 4479 2842 4533 est
2872 4492 3074 4531 eorum
3109 4491 3239 4546 quas
3282 4479 3422 4532 sunt
3449 4474 3743 4543 essentia,

2072 4565 2297 4639 quippe‘
2326 4564 2427 4636 qui
2457 4580 2655 4625 earum
2688 4564 3045 4636 principium
3079 4568 3136 4621 et
3164 4580 3341 4623 causa
3376 4564 3472 4621 sit.
3534 4564 3744 4623 Saecu-

299 4658 536 4708 cuntur.
556 4648 669 4704 Sed
705 4647 775 4703 de
796 4646 1185 4719 enhypostato
1206 4646 1460 4719 .quidem
1484 4646 1607 4703 haec
1639 4648 1962 4707 sufﬁciant.
1995 4649 2040 4714 D
2072 4654 2196 4713 lum
2229 4657 2425 4711 autem
2457 4653 2824 4722 saeculorum,
2856 4657 2923 4708 ut
2969 4653 3070 4726 qui
3101 4654 3293 4725 magis
3352 4652 3587 4726 proprie
3638 4654 3743 4723 sit,

373 4740 499 4799 Non
528 4737 787 4797 absimili
815 4737 1034 4794 ratione
1078 4737 1533 4812 anhypostatum
1581 4754 1817 4812 quoque
1848 4739 1955 4795 du-

299 4831 426 4903 plex
478 4832 587 4887 est.
638 4833 755 4884 Nec
812 4827 968 4884 enim
1040 4827 1493 4903 anhyposlatum
1567 4828 1851 4883 duntaxat
1895 4826 1954 4883 id

300 4920 538 4987 dicitur,
570 4918 726 4989 quod
756 4916 918 4973 nullo
947 4932 1195 4988 usquam
1230 4917 1400 4973 modo
1432 4918 1527 4987 sit,
1561 4917 1662 4973 sed
1688 4916 1746 4972 id
1777 4918 1952 4974 etiam

300 5009 457 5079 quod
490 5006 603 5062 alio
631 5005 922 5073 subsistit,
988 5004 1188 5079 qualia
1229 5009 1369 5062 sunt
1428 5005 1792 5062 accidentia:
1826 5022 1953 5079 quae

295 5100 425 5169 ipsa
456 5111 558 5167 per
598 5110 659 5151 se
690 5094 1014 5152 subsistere
1046 5112 1162 5155 non
1196 5100 1467 5168 possunt.

366 5184 475 5250 Qui
498 5184 777 5242 subtilius
808 5184 932 5241 haec
963 5184 1160 5241 rimari
1194 5184 1473 5254 voluerit,
1528 5185 1807 5260 pleraque
1836 5186 1955 5244 alia

290 5278 679 5354 hypostaseos
711 5272 1047 5347 significata
1077 5274 1497 5346 deprehendet.
1562 5274 1706 5334 Nam
1741 5281 1954 5351 praeter

290 5383 379 5433 ea,
413 5381 544 5437 quae
592 5380 776 5436 supra
826 5364 983 5419 dicta
1035 5372 1191 5433 sunt,
1243 5363 1579 5437 hypostasis
1610 5366 1785 5422 etiam
1847 5384 1950 5440 pro

290 5471 466 5511 onere
486 5454 751 5526 capitur:
783 5456 849 5507 ut
879 5452 937 5508 in
965 5454 1437 5512 Denteronomio:
1474 5455 1749 5524 Quomodo
1768 5465 1951 5527 potero

291 5558 395 5611 ego
425 5541 572 5595 solus
602 5556 739 5596 onus
766 5547 1005 5602 vestrum
1037 5544 1306 5599 sustinere
1328 5544 1373 5579 1⁵
1393 5543 1421 5598 τ
1477 5544 1759 5601 Hebraice
1790 5545 1944 5602 enim

371 5637 417 5719 1.3
455 5636 625 5692 Joan.
654 5652 696 5703 I,
730 5639 841 5719 14,Δ
892 5639 1136 5719 “Pent:
1168 5658 1206 5708 ι,
1241 5642 1331 5698 10.
1378 5641 1463 5719 ,ἐτ’
1495 5642 1672 5701 Ruth.
1704 5662 1742 5715 ι,
1772 5644 1827 5702 6.
1905 5644 1949 5681 ¹⁶

2077 5662 2168 5719 eg.
2199 5663 2319 5716 xw,
2348 5647 2397 5702 1.

293 5712 338 5745 ¹⁸
370 5707 586 5763 Jerem.
618 5722 779 5775 χχιιι,
811 5710 866 5767 3.
944 5712 989 5747 ¹⁹
1016 5710 1065 5766 ΙΙ
1095 5707 1223 5771 Cor.
1254 5728 1334 5783 χι,
1369 5713 1461 5771 i7.

2069 4761 2247 4817 quam
2281 4742 2513 4805 saecula.
2573 4742 2827 4813 Tempus
2857 4759 3016 4809 vero,
3050 4743 3191 4814 quia
3236 4743 3316 4799 sit
3345 4759 3573 4815 eorum,
3607 4760 3744 4815 quas

2067 4838 2206 4891 sunt
2227 4849 2508 4892 mensura
2534 4849 2550 4902 ;
2583 4848 2720 4888 nam
2742 4834 3085 4893 earumdem
3106 4834 3399 4889 terminus
3422 4833 3598 4889 etiam
3622 4840 3740 4903 est,

2066 4928 2133 4982 ut
2156 4926 2257 4997 qui
2291 4924 2377 4982 eis
2404 4925 2647 4983 modum
2689 4929 2745 4981 et
2788 4925 2967 4983 ﬁnem
3000 4924 3288 4996 imponat.
3348 4923 3736 4996 Quandoqui-

2066 5012 2199 5069 dem
2229 5030 2300 5071 ea
2324 5014 2504 5072 etiam
2532 5028 2661 5084 quae
2692 5013 3054 5086 sempiterna
3085 5016 3245 5081 sunt,
3275 5012 3523 5085 ipsaque
3545 5028 3734 5069 sacu-

2063 5100 2255 5158 lorum
2290 5102 2473 5158 series
2496 5101 2732 5163 inﬁnita
2776 5100 2937 5163 illius
2970 5100 3258 5159 inﬁnitate
3308 5101 3724 5167 terminantur,

2064 5191 2163 5265 qui
2218 5190 2533 5265 [inﬁnitus]
2584 5190 2867 5249 inﬁnities
2925 5190 3152 5247 inﬁnita
3199 5191 3327 5262 ipsa
3386 5188 3732 5264 complecti-

2062 5285 2179 5341 tur.
2240 5280 2553 5337 Generatio
2583 5286 2805 5347 autem,
2856 5285 2923 5336 ut
2980 5281 3085 5352 qui
3144 5297 3213 5338 ea
3262 5297 3499 5355 quoquo
3551 5284 3739 5343 modo

2060 5371 2212 5427 fiunt
2235 5369 2295 5427 in
2328 5385 2524 5427 rerum
2558 5375 2834 5429 naturam
2869 5370 3174 5441 producat.
3211 5376 3417 5441 Locus,
3443 5374 3586 5445 quia
3607 5392 3741 5433 om-

2063 5459 2158 5517 nia
2189 5459 2504 5525 contineat,
2538 5459 2746 5521 Omnia
2800 5459 3050 5529 denique
3097 5464 3208 5528 est,
3258 5461 3399 5531 quia
3442 5463 3735 5524 omnibus

2060 5562 2343 5619 superior.

2494 5646 2560 5713 us-
2589 5646 2742 5703 Ρεειι,
2775 5662 3008 5717 xxxvm,
3041 5646 3095 5703 6.
3174 5646 3221 5681 ‘7
3248 5649 3402 5711 Paul.
3435 5667 3636 5723 vam,
3670 5653 3734 5710 3.
