4052 6392
327 371 481 431 1141

439 500 721 557 Priuanlia
750 496 1029 553 contrario
1061 492 1219 550 modo
1252 495 1319 549 de
1353 494 1455 549 Deo
1484 492 1873 549 enuntianlur.

399 622 453 679 3.
490 622 787 691 Ejusdem.
813 621 962 673 Deus
988 619 1044 671 et
1076 630 1275 669 eorum
1302 629 1432 684 quae
1455 613 1590 665 sunt
1623 608 1915 665 terminus
1932 610 1989 663 et

328 710 841 765 infinitasdicitur.
865 705 1177 761 Terminus
1202 703 1459 775 quidem,
1484 700 1582 772 qui
1603 716 1670 754 ea
1693 697 1985 754 terminet.

328 800 593 856 Inﬁnitas
624 814 779 866 vero,
803 798 901 868 qui
927 810 1106 865 supra
1138 810 1205 848 ea
1234 791 1636 864 protendatur.
1660 787 1798 859 Ejus
1829 786 1985 842 enim

328 891 429 945 inti
442 891 610 960 nitas,
631 904 757 960 quae
781 890 991 942 cuncta
1011 879 1573 951 terminat,inﬁnitis
1598 877 1784 933 modis
1806 879 1981 949 patet.

401 999 451 1053 4.
487 996 786 1067 Ejusdem.
822 998 883 1047 Et
917 1007 1194 1065 magnum
1246 993 1304 1044 et
1335 1002 1577 1063 parvum
1612 986 1682 1039 de
1716 989 1849 1053 Deo,
1884 983 1985 1059 qui

329 1105 523 1147 rerum
575 1086 840 1143 omnium
874 1101 1050 1139 causa
1095 1086 1204 1150 est,
1247 1076 1556 1135 contrariis
1606 1075 1795 1131 modis
1847 1073 1986 1129 eiic-

328 1183 556 1235 runtur.
592 1177 867 1246 Magnum
915 1172 1175 1244 quidem,
1224 1168 1516 1242 plerisque
1564 1166 1873 1243 Scriptura
1924 1161 1984 1217 in

323 1267 488 1324 locis.
526 1267 773 1324 Parvum
828 1267 1022 1319 autem
1067 1260 1161 1315 bis
1193 1276 1262 1315 ex
1292 1256 1503 1321 verbis,
1537 1258 1605 1311 In
1633 1270 1775 1309 aura
1804 1252 1983 1317 tenui,

324 1356 640 1428 colligitur.
666 1354 914 1425 Magnus
947 1354 1099 1407 certe
1132 1345 1602 1418 dicitur,quippe
1622 1343 1719 1414 qui
1755 1341 1988 1413 magni-

325 1446 588 1501 tudinem
623 1445 795 1499 rebus
845 1441 1084 1507 tribuat,
1136 1438 1306 1509 cujus
1354 1436 1586 1492 intinita
1642 1431 1986 1503 magnitudo

326 1536 421 1604 sit,
455 1535 553 1605 qui
588 1534 841 1607 denique
886 1528 1350 1601 magnitudinem
1384 1541 1620 1582 omnem
1654 1527 1983 1593 exsuperet,

330 1624 501 1693 cujus
536 1619 876 1693 magnitudo
910 1616 1275 1691 quantitatis,
1311 1630 1599 1669 mensurae
1631 1610 1987 1681 terminique

326 1729 568 1785 prorsus
600 1727 807 1782 expers
838 1709 1095 1765 exsistat.
1136 1712 1387 1762 Parvum
1417 1709 1614 1761 autem
1648 1700 1768 1756 sive
1792 1704 1985 1767 tenue,

326 1804 381 1858 id
418 1804 475 1859 in
534 1803 653 1859 Deo
689 1801 1054 1871 praedicatur,
1086 1798 1242 1870 quod
1289 1796 1349 1852 in
1404 1794 1635 1851 nullum
1688 1796 1981 1848 tumorem

327 1893 611 1949 molemve
665 1890 967 1957 excrescit,
1020 1888 1169 1959 quod
1217 1885 1378 1942 nullo
1433 1884 1624 1956 spatio
1676 1880 1976 1945 deﬁnitur,

324 1984 476 2055 quod
512 1982 691 2037 libere
723 1996 826 2053 per
856 1979 1057 2036 omnia
1089 1979 1373 2050 penetrat,
1406 1980 1462 2031 et
1502 1988 1690 2044 usque
1724 1971 1793 2027 ad
1828 1969 1981 2025 divi-

322 2074 546 2129 sionem
588 2071 799 2129 animae
847 2074 903 2127 et
953 2068 1195 2142 spiritus
1229 2066 1530 2139 pertingit,
1584 2071 1750 2134 atque
1803 2061 1977 2117 etiam

324 2163 731 2235 conceptiones
749 2166 804 2217 et
826 2159 1207 2232 cogitationes
1232 2156 1445 2223 cordis,
1462 2156 1581 2215 imo
1606 2170 1673 2210 ea
1691 2170 1816 2225 quae
1842 2155 1981 2208 sunt

325 2252 523 2309 omnia
555 2252 853 2320 discernit,
885 2248 1045 2308 nulla
1068 2249 1224 2307 enim
1248 2265 1337 2304 res
1370 2249 1673 2320 procreata
1696 2242 1747 2300 ei
1774 2242 1981 2298 obscu-

326 2360 391 2398 ra
421 2351 524 2399 est.
558 2342 626 2397 Et
670 2357 912 2414 parvum
946 2339 1183 2413 quidem
1231 2338 1337 2395 hoc
1370 2334 1717 2409 quantitatis
1751 2349 1978 2406 expers,

324 2432 681 2487 immensum
704 2435 760 2486 et
792 2429 1089 2485 infinitum
1124 2432 1237 2483 est:
1267 2430 1438 2497 atque
1462 2424 1596 2479 licet
1628 2422 1788 2478 nullo
1822 2438 1983 2477 com-

326 2520 606 2593 prehendi
640 2520 810 2576 modo
843 2524 1038 2592 queat,
1063 2518 1260 2575 omnia
1282 2521 1480 2574 tamen
1513 2513 1977 2585 comprehendit.

395 2631 450 2685 5.
483 2629 642 2682 Idem
671 2627 912 2699 insuper
937 2629 995 2681 et
1026 2626 1321 2680 diversum
1354 2624 1425 2679 de
1458 2628 1569 2679 Deo
1611 2621 1979 2694 praedicatur.

328 2719 471 2775 lllud
505 2720 740 2790 quidem
773 2733 838 2771 eo
872 2718 929 2772 in
963 2716 1110 2783 loco,
1137 2717 1206 2770 Tu
1238 2718 1423 2771 autem
1458 2714 1599 2769 idem
1628 2716 1746 2781 ipse
1775 2729 1848 2782 es,
1874 2712 1981 2767 hoc

335 2814 529 2863 autem
566 2808 624 2863 in
661 2808 779 2874 illo,
814 2808 1069 2873 Domine,
1094 2807 1340 2867 Domine,
1374 2805 1497 2876 quis
1526 2803 1731 2857 similis
1758 2802 1859 2856 tibi
1891 2802 1983 2856 ὀἳ

334 2903 494 2956 Idem
524 2915 660 2971 ergo
689 2899 927 2968 dicitur,
960 2898 1094 2970 quia
1129 2914 1242 2953 non
1275 2896 1645 2961 immutatur’,
1678 2894 1797 2951 imo
1828 2909 1986 2949 sem-

334 3007 436 3061 per
485 2990 685 3044 eodem
738 3004 800 3043 se
834 2987 1004 3043 modo
1051 2991 1109 3042 et
1162 2985 1551 3042 consimiliter
1594 2984 1792 3051 habet,
1841 2982 1982 3037 item

328 3079 468 3151 quia
528 3095 642 3133 non
698 3078 998 3144 miscetur,
1032 3094 1146 3132 non
1208 3080 1359 3148 eget,
1420 3091 1533 3129 non
1581 3072 1812 3142 crescit,
1867 3088 1982 3127 non

332 3166 727 3237 imminuitur,
762 3166 901 3239 quia
932 3165 1185 3235 denique
1232 3164 1301 3219 iis
1335 3180 1459 3237 quae
1492 3166 1633 3219 sunt
1664 3161 1888 3232 tribuit,
1922 3166 1987 3217 ut

331 3259 528 3314 eadem
580 3257 872 3313 dicantur.
935 3256 1243 3312 Diversum
1306 3270 1459 3324 vero,
1501 3254 1650 3327 quia
1707 3269 1824 3326 pra:
1884 3252 1986 3307 illo

331 3347 492 3404 nulla
524 3364 615 3403 res
664 3347 760 3404 sit.
813 3345 1026 3402 Omnia
1075 3346 1230 3403 enim
1267 3361 1393 3417 quae
1447 3349 1607 3412 sunt,
1641 3344 1714 3399 ab
1744 3359 1832 3412 eo,
1885 3344 1986 3414 qui

333 3455 530 3494 revera
560 3442 669 3504 est,
706 3439 895 3492 creata
927 3440 1103 3490 sunt:
1154 3438 1212 3489 et
1242 3435 1369 3506 ipse
1401 3434 1667 3505 superior
1712 3434 1987 3490 omnibus

332 3532 441 3597 est,
500 3527 659 3582 etab
714 3525 989 3581 omnibus
1030 3525 1112 3579 ita
1160 3523 1443 3591 diversus,
1478 3527 1540 3578 ut
1587 3521 1731 3577 nulli
1784 3539 1984 3579 eorum

334 3616 527 3673 ordini
551 3617 844 3672 accenseri
868 3617 1063 3687 queat,
1090 3616 1362 3685 praeterea
1394 3629 1547 3682 vero,
1572 3612 1712 3684 quia
1740 3628 1808 3668 ea
1825 3630 1986 3669 crea-

330 3710 497 3778 verit,
532 3725 659 3779 quae
691 3707 917 3763 diversa
946 3710 1004 3761 et
1035 3705 1363 3761 differentia
1395 3707 1555 3759 sunt.

400 3818 454 3872 6.
487 3816 709 3882 Dicitur
758 3817 933 3872 etiam
976 3813 1212 3870 similis.
1246 3814 1343 3869 Ait
1371 3813 1550 3878 enim,
1586 3813 1690 3885 Ego
1749 3812 1985 3869 visiones

326 3909 726 3983 multiplicavi,
749 3913 798 3964 et
828 3910 887 3963 in
918 3906 1179 3962 manibus
1208 3906 1611 3979 prephetarum
1642 3906 1987 3978 assimilatu§

327 4016 451 4054 sum
480 3998 546 4065 ²¹,
580 3998 718 4072 quia
771 3997 1049 4053 nimirum
1106 3995 1426 4069 apparebat
1464 3994 1548 4050 eis
1604 3993 1714 4051 hac
1744 3992 1833 4049 vol
1885 3994 1988 4050 illa

328 4091 535 4161 forma,
583 4091 874 4159 rebusque
906 4086 1117 4143 similis
1172 4086 1346 4141 ﬁebat
1400 4102 1525 4157 quae
1557 4086 1670 4140 sub
1726 4083 1981 4157 speciem

329 4180 568 4246 cadunt,
630 4179 700 4232 ad
757 4177 880 4231 haec
937 4176 1140 4243 etiam,
1182 4174 1319 4246 quia
1373 4176 1489 4231 vim
1548 4174 1705 4231 illam
1760 4175 1987 4241 tribuit,

331 4283 448 4337 qua
477 4264 801 4320 similitudo
836 4265 1028 4318 inesse
1078 4263 1325 4318 videtur.
1360 4263 1457 4319 Ait
1488 4266 1667 4335 enim,
1701 4263 1989 4319 Faciamus

334 4354 613 4411 hominem
650 4353 717 4407 ad
751 4351 1054 4425 imaginem
1097 4357 1149 4407 et
1180 4351 1612 4407 similitudinem
1650 4360 1891 4407 nostram
1917 4352 1986 4405 τε.

330 4445 639 4500 Sciendum
676 4461 841 4517 porro
874 4443 1075 4498 eadem
1110 4442 1223 4498 Deo
1257 4447 1313 4497 et
1343 4442 1562 4498 similia
1592 4447 1649 4498 et
1677 4443 1990 4500 dissimilia

333 4534 467 4591 dici.
501 4533 725 4589 Similia
758 4533 1018 4605 quidem,
1054 4533 1194 4605 quia
1227 4533 1415 4603 quoad
1451 4533 1574 4605 ejus
1606 4532 1729 4587 ﬁeri
1776 4538 1987 4606 potest,

331 4642 463 4682 eum
499 4625 828 4690 imitantur,
853 4624 950 4699 qui
983 4627 1070 4679 est
1093 4623 1483 4680 inimitabilia.
1509 4623 1832 4681 Dissimilia
1856 4642 1989 4681 vero
2022 4597 2066 4662 D

332 4718 470 4790 quia
505 4717 742 4773 effectus
776 4734 808 4772 a
840 4716 965 4771 suis
999 4715 1193 4771 causis
1228 4714 1482 4771 multum
1514 4715 1756 4788 distant,
1791 4724 1846 4777 et
1877 4718 1988 4773 im-

333 4808 553 4866 mensis
584 4807 907 4863 intervallis
940 4807 1385 4879 disiunguntur.

402 4916 457 4968 7.
483 4912 656 4980 Quies
680 4912 920 4986 insuper
951 4916 1007 4969 et
1030 4915 1226 4967 motus
1258 4912 1316 4971 in
1348 4916 1463 4968 Deo
1494 4913 1790 4973 dicuntur.
1816 4914 1992 4983 Quies

332 5006 591 5079 quidem,
625 5004 766 5075 quia
813 5004 871 5061 in
905 5002 1098 5076 seipso
1130 5001 1285 5057 Deus
1341 5006 1559 5071 manet,
1594 5002 1993 5075 immotusque

333 5101 577 5171 perstat,
611 5094 750 5167 quia
780 5094 958 5151 etiam
990 5092 1236 5165 aseipso
1267 5093 1574 5149 transferri
1607 5092 1719 5152 alio
1743 5110 1859 5151 non
1891 5111 1991 5165 po-

332 5194 466 5257 test,
499 5186 633 5259 quia
664 5185 918 5257 denique
961 5183 1137 5239 rebus
1174 5185 1449 5242 omnibus
1497 5183 1651 5241 velut
1699 5201 1993 5257 expansos

334 5279 592 5335 incubat.
626 5280 815 5331 Motus
840 5279 1058 5345 autem,
1086 5290 1196 5329 non
1231 5290 1297 5329 eo
1330 5274 1590 5346 quidem,
1625 5279 1775 5347 quod
1807 5276 1993 5335 motui

336 5367 569 5435 montis,
603 5368 702 5422 aut
746 5365 980 5433 animis,
1013 5368 1116 5419 aut
1162 5367 1409 5431 naturae,
1441 5368 1545 5420 aut
1574 5363 1707 5434 loci,
1760 5374 1859 5421 aut
1891 5365 1994 5422 ulli

334 5458 584 5528 denique
631 5463 898 5512 motuum
959 5452 1227 5521 illorum,
1285 5453 1386 5525 qui
1443 5454 1615 5527 vulgo
1671 5455 1991 5524 dicuntur,

401 5628 449 5663 ²⁰
467 5628 627 5754 feel.
659 5631 926 5696 Lxxxviu,
978 5628 1034 5685 9.
1112 5628 1156 5665 ²¹
1189 5628 1319 5685 Οεθ.
1353 5644 1454 5699 XII,
1489 5631 1573 5685 1οι

338 5717 431 5770 xv,
467 5717 518 5754 ιι.

1686 355 2089 418 THESAURI
2133 357 2284 417 LIB.
2334 357 2412 417 II.

3604 357 3758 418 1142

2012 490 2068 556 Α
2098 490 2386 545 obnoxius
2415 494 2526 560 est,
2550 491 2646 545 sed
2676 490 3216 563 comprehensionis
3250 490 3409 545 illius
3441 507 3600 562 ergo,
3626 508 3752 562 quae

2099 579 2345 635 detineri
2408 583 2511 636 aut
2569 580 2817 637 coerceri
2877 579 3033 636 nullo
3100 581 3265 636 modo
3323 585 3552 650 potest:
3611 582 3752 638 item

2100 667 2493 725 immobilium
2527 667 2761 725 illorum
2796 686 3209 741 progressuum
3262 670 3501 739 ratione,
3538 672 3748 744 quibus

2102 758 2250 812 Deus
2284 758 2644 829 providentia
2676 774 2784 813 sua
2814 759 2887 812 iis
2921 776 3045 831 quae
3079 765 3217 815 sunt
3245 759 3597 829 infunditur,
3622 760 3752 816 illa-

2098 862 2228 901 rum
2289 848 2537 919 denique
2594 846 2889 905 actionum
2930 849 3174 919 ratione,
3206 867 3334 921 quae
3395 849 3570 907 nullis
3629 868 3745 906 non

2099 936 2431 995 actionibus
2464 937 2901 994 excellentiores
2933 942 3092 994 sunt.

2172 1036 2224 1091 8.
2260 1038 2557 1108 Ejusdem.
2587 1036 3094 1103 Quemadmodum
3128 1039 3315 1095 sancti
3348 1038 3615 1099 homines
3647 1043 3751 1099 do-

2099 1146 2234 1189 mus
2282 1128 2383 1185 Dei
2435 1127 2747 1185 dicuntur:
2802 1127 2881 1183 ait
2911 1127 3089 1196 enim,
3146 1129 3412 1184 Habitabo
3444 1132 3503 1184 in
3542 1133 3638 1199 eis,
3699 1137 3751 1189 et

2097 1218 2459 1280 inambulatio
2488 1218 2532 1252 ’3
2560 1235 2572 1272 :
2608 1217 2688 1273 ita
2716 1217 2891 1275 etiam
2925 1222 3266 1277 sanctorum
3315 1218 3613 1279 hominum
3647 1222 3750 1278 do-

2099 1328 2232 1369 mus
2264 1310 2418 1365 Deus
2448 1312 2556 1365 est.
2582 1308 2830 1365 Davides
2864 1307 3020 1364 enim
3052 1308 3152 1373 ait,
3178 1310 3300 1364 Esto
3324 1308 3465 1365 mihi
3493 1311 3554 1363 in
3579 1311 3753 1365 Deum

2096 1404 2473 1472 protectorem,
2506 1403 2560 1455 et
2591 1398 2652 1453 in
2690 1398 2912 1457 domum
2942 1398 3171 1470 refugii,
3205 1402 3265 1454 ut
3292 1399 3505 1455 salvum
3544 1415 3632 1455 me
3658 1401 3752 1472 fa-

2097 1492 2211 1547 cias
2230 1488 2297 1544 ²⁴.
2328 1491 2512 1561 Atque
2535 1487 2722 1559 ipsius
2739 1487 2976 1560 quidem
3000 1487 3231 1544 Domini
3256 1488 3375 1545 haec
3393 1489 3567 1546 verba
3589 1493 3748 1556 sunt,

2104 1580 2198 1636 Vos
2245 1581 2307 1636 in
2337 1595 2422 1636 me
2450 1579 2602 1647 estis,
2634 1583 2687 1634 et
2722 1594 2816 1646 ego
2869 1580 2928 1634 in
2959 1579 3107 1635 vobis
3157 1578 3221 1639 9".
3260 1578 3323 1635 Et
3368 1579 3747 1651 quemadmo-

2098 1670 2239 1729 dum
2270 1670 2349 1723 ita
2372 1668 2431 1723 in
2462 1666 2580 1725 illis
2605 1667 2755 1725 Deus
2788 1671 2894 1736 est,
2922 1675 2986 1724 ut
3020 1684 3205 1743 neque
3229 1668 3536 1737 contineri,
3560 1685 3748 1742 neque

2098 1758 2496 1815 circumscribi
2529 1762 2737 1829 queat:
2773 1759 2856 1815 sic
2888 1759 3057 1819 etiam
3094 1759 3197 1835 ipsi
3234 1760 3315 1817 ita
3346 1760 3404 1817 in
3436 1760 3551 1819 Deo
3582 1766 3742 1829 sunt,

2013 1845 2059 1915 B
2096 1852 2159 1907 ut
2189 1865 2323 1905 cum
2356 1848 2478 1918 ejus
2510 1846 2766 1904 essentia
2813 1864 3183 1921 nequaquam
3234 1849 3615 1919 misceantur,
3645 1854 3749 1905 aut

2090 1938 2549 1997 confundantur.
2616 1946 2619 1947 '

2161 2040 2212 2094 9.
2251 2040 2553 2111 Ejusdem.
2579 2040 2920 2110 Quanquam
2946 2040 3247 2110 qualitatis
3280 2042 3474 2099 omnis
3506 2041 3744 2113 quanti-

2090 2131 2344 2201 tatisque
2378 2130 2530 2187 Deus
2579 2145 2787 2201 expers
2829 2133 2937 2199 est,
2977 2131 3076 2187 Dei
3126 2135 3319 2189 tamen
3352 2131 3600 2189 latitudo
3650 2132 3747 2195 iu-

2090 2219 2378 2291 telligitur
2422 2218 2542 2274 lata
2573 2217 2672 2274 illa
2721 2219 3050 2289 progressio
3082 2237 3198 2291 qua
3244 2221 3418 2277 rebus
3468 2220 3745 2279 omnibus

2092 2308 2370 2379 providet,
2423 2307 2725 2380 longitudo
2790 2311 3004 2374 autem,
3060 2309 3147 2365 vis
3200 2308 3297 2364 illa
3354 2309 3568 2377 divina,
3615 2326 3746 2381 qua!

2092 2415 2271 2470 supra
2302 2399 2501 2456 omnia
2550 2398 3097 2470 superextenditur:
3150 2399 3520 2471 profunditas
3577 2400 3743 2459 dani-

2094 2505 2227 2561 que,
2260 2487 2565 2547 occultatio
2617 2487 2736 2555 illa,
2771 2504 2888 2560 qua
2921 2489 3005 2554 fit,
3040 2492 3101 2544 ut
3132 2487 3230 2545 ille
3260 2490 3331 2545 ab
3377 2506 3579 2546 eorum
3613 2506 3741 2561 quae

2092 2583 2232 2637 sunt
2265 2579 2426 2635 nullo
2459 2577 2675 2649 percipi
2709 2579 3051 2649 cognoscive
3082 2585 3275 2649 queat.

2167 2670 2250 2723 10.
2285 2668 2583 2736 Ejusdem.
2619 2667 2772 2723 Deus
2817 2668 2876 2723 in
2908 2668 3092 2723 sacris
3145 2668 3525 2741 mysticarum
3566 2668 3744 2727 visio-

2094 2775 2235 2815 num
2272 2759 2370 2817 Dei
2412 2756 2875 2828 apparitionibus
2907 2774 3092 2814 cauus
3123 2761 3179 2814 et
3216 2759 3450 2828 juvenis
3484 2758 3743 2830 fingitur,

2094 2853 2150 2902 et
2208 2864 2390 2903 canus
2447 2847 2704 2918 quidem,
2741 2847 3088 2919 antiquum:
3139 2848 3375 2918 juvenis
3406 2865 3540 2905 vero
3582 2849 3744 2906 senio

2096 2936 2340 2993 minime
2391 2937 2707 2993 obnoxium
2756 2936 3084 3008 signiﬁcat:
3144 2938 3232 2993 vel
3278 2937 3515 3007 juvenis
3568 2939 3743 2993 etiam

2095 3027 2318 3082 ratione
2376 3026 2747 3081 arithmetica
2795 3027 3205 3098 antiquitatem
3254 3026 3513 3087 divinam
3565 3028 3749 3083 deno-

2095 3121 2200 3173 tat.
2252 3116 2455 3175 Unitas
2505 3116 2687 3182 enim,
2720 3127 2774 3171 et
2823 3134 2948 3187 quae
3000 3121 3137 3173 sunt
3186 3117 3395 3174 unitati
3439 3118 3746 3188 adjuncta,

2015 3222 2062 3287 (ς
2094 3206 2427 3278 antiquiora
2449 3214 2587 3265 sunt
2616 3204 2711 3275 iis,
2734 3223 2858 3277 quae
2889 3205 2990 3262 illa
3014 3222 3255 3267 numero
3284 3206 3456 3279 longe
3486 3207 3748 3265 diffusio-

2096 3312 2157 3353 re
2192 3301 2494 3369 superant.

2170 3387 2254 3445 11.
2303 3386 2458 3445 Deus
2489 3386 2729 3457 quidem
2762 3385 3036 3443 omnibus
3067 3388 3272 3447 adest:
3316 3404 3419 3447 nec
3450 3387 3605 3447 enim
3641 3389 3745 3445 uni

2094 3478 2221 3535 loco
2249 3475 2330 3537 ita
2360 3481 2449 3533 est
2471 3476 2761 3546 addictus,
2790 3480 2854 3532 ut
2884 3477 2955 3533 ab
2988 3476 3101 3534 alio
3131 3477 3284 3534 absit
3309 3503 3323 3535 ι
3345 3482 3445 3537 sed
3471 3479 3746 3536 universa

2096 3566 2540 3637 complectitur:
2574 3571 2633 3625 at
2659 3582 2773 3627 non
2806 3565 3001 3623 omnia
3032 3565 3115 3621 illi
3146 3568 3396 3625 adsunt:
3429 3570 3532 3625 sed
3585 3586 3744 3640 quae—

2096 3673 2327 3728 cunque
2360 3658 2540 3728 digna
2597 3661 2756 3727 sunt,
2790 3674 2916 3728 quae
2949 3658 3021 3712 ad
3081 3657 3453 3715 Divinitatem
3506 3659 3748 3731 propius

2096 3747 2394 3805 accedant.
2445 3746 2560 3803 Nos
2591 3752 2785 3804 autem
2834 3746 2921 3803 illi
2974 3754 3096 3803 tum
3145 3748 3385 3807 demum
3437 3749 3746 3817 adsumus,

2097 3854 2231 3894 cum
2273 3835 2441 3892 illum
2502 3837 2849 3894 castissimis
2907 3836 3055 3892 votis
3108 3836 3470 3905 invocamus,
3507 3836 3614 3896 hoc
3661 3843 3752 3894 est

2099 3932 2294 3984 mente
2344 3924 2524 3983 nullis
2555 3926 2831 3983 sordibus
2862 3926 3191 3997 inquinata,
3234 3929 3410 3997 atque
3442 3926 3524 3983 ita
3555 3929 3618 3983 ut
3648 3929 3747 3999 qui

2099 4021 2171 4077 ad
2213 4019 2395 4077 Deum
2426 4018 2798 4084 accedamus,
2835 4019 3028 4074 idonei
3060 4034 3424 4077 censeamur.
3461 4020 3753 4085 Quemad-

2100 4109 2340 4167 modum
2375 4112 2594 4173 autem,
2628 4107 2676 4162 si
2730 4112 2936 4166 catena
2984 4107 3186 4163 multis
3216 4111 3483 4165 contexta
3515 4106 3754 4166 lumini—

2099 4199 2230 4266 bus,
2261 4203 2317 4255 et
2346 4197 2474 4252 coeti
2503 4197 2716 4253 vertice
2746 4213 3036 4269 suspensa
3067 4198 3137 4255 ad
3171 4213 3279 4253 nos
3312 4213 3501 4268 usque
3532 4198 3752 4267 pertin-

2099 4293 2219 4358 gat,
2291 4304 2395 4345 nos
2472 4286 2709 4345 alternis
2767 4304 2895 4343 eam
2975 4286 3245 4345 manibus
3322 4288 3751 4359 apprehensam

2100 4378 2375 4433 deorsum
2408 4376 2644 4449 quidem
2690 4376 2919 4433 trahere
2966 4376 3256 4443 videmur,
3290 4393 3349 4433 re
3381 4380 3571 4435 autem
3621 4394 3756 4437 Vera

2100 4468 2371 4524 deorsum
2421 4484 2550 4523 eam
2602 4484 2718 4523 non
2768 4467 3081 4537 trahimus,
3135 4484 3268 4523 cum
3318 4469 3522 4525 eadem
3574 4486 3755 4539 supra

2098 4556 2368 4627 infraque
2394 4558 2768 4628 prOpendeat,
2794 4556 2910 4613 imo
2941 4557 3133 4627 potius
3157 4574 3263 4617 nos
3290 4558 3362 4613 ab
3389 4557 3487 4613 illa
3514 4573 3752 4621 sursum

2100 4646 2169 4701 ad
2205 4644 2580 4703 sublimiores
2611 4645 2739 4715 ejus
2772 4646 2964 4703 radios
2997 4645 3319 4705 trahimur:
3344 4645 3453 4712 vel,
3474 4646 3756 4717 quemad-

2101 4735 2342 4793 modum
2403 4734 2453 4791 si
2503 4751 2707 4793 navem
2757 4735 3248 4802 conscendamus,
3293 4738 3351 4790 et
3403 4735 3750 4793 rudentibus

2100 4825 2445 4896 innitamur,
2461 4824 2560 4897 qui
2586 4825 2753 4881 nobis
2774 4824 3015 4895 aliquos
3037 4823 3277 4896 scopulo
3297 4826 3751 4895 protenduntur,

2103 4915 2272 4988 quasi
2302 4931 2372 4971 ex
2403 4916 2663 4987 professo
2713 4915 3110 4985 porriguntur,
3146 4918 3207 4971 ut
3236 4931 3335 4974 eos
3366 4915 3750 4987 comprehen-

2103 5008 2336 5074 damus,
2356 5003 2664 5076 scopulum
2687 5019 3058 5075 nequaquam
3075 5004 3147 5060 ad
3164 5020 3292 5072 nos,
3308 5005 3407 5061 sed
3429 5022 3533 5061 nos
3557 5005 3753 5076 potius

2103 5096 2264 5168 ipsos
2296 5112 2412 5151 una
2442 5111 2576 5149 cum
2603 5093 2734 5149 navi
2769 5093 3009 5165 prepius
3042 5093 3112 5151 ad
3137 5094 3446 5165 scepulum
3480 5095 3751 5152 admove-

2102 5186 2339 5241 bimus:
2394 5184 2475 5241 ita
2504 5182 2775 5255 precibus
2824 5199 3061 5255 quoque
3110 5185 3324 5240 nostris
3376 5201 3752 5258 nequaquam

2105 5277 2285 5332 Deum
2346 5274 2419 5329 ad
2479 5290 2586 5329 nos
2657 5272 3033 5341 attrahimus,
3094 5273 3195 5343 qui
3269 5273 3486 5345 ubique
3564 5277 3750 5343 adest,

2103 5367 2204 5422 sed
2237 5382 2342 5421 nos
2374 5365 2532 5437 ipsos
2563 5364 2635 5420 ad
2669 5362 2836 5419 illum
2871 5363 3070 5419 divina
3099 5364 3226 5433 ejus
3247 5368 3755 5424 commemoratio-

2105 5473 2176 5513 ne
2206 5460 2264 5511 et
2295 5455 2659 5511 invocatione
2690 5453 3069 5511 sublevamus
3100 5458 3158 5510 et
3187 5453 3511 5511 evehimus.

1659 5630 1706 5665 ἐ
1755 5634 1961 5687 Genes.

2103 5631 2192 5688 26_
2270 5630 2395 5685 9311
2454 5628 2582 5686 Cor,
2616 5644 2695 5699 νι,
2730 5627 2817 5683 16.
2895 5627 2941 5662 ³⁸
2972 5625 3100 5683 Psal
3160 5643 3293 5696 xxx,
3326 5628 3379 5686 3.
3457 5629 3503 5664 ’³
3547 5630 3743 5701 Joan.,
