4052 6422
306 382 465 443 1143

953 511 1108 565 CAP.
1149 507 1320 563 XVII.

308 644 370 698 ι).
418 643 667 706 Maximi,
716 638 781 694 de
831 639 932 693 Deo
983 633 1365 706 communiter.
1419 628 1735 706 [Genuinus
1776 625 1964 682 nomi-

544 699 677 767 num
708 726 918 777 sensus,
952 708 1146 779 quibus
1175 705 1315 760 Deus
1347 699 1737 775 appellamus.]

383 833 515 887 Hiec
549 830 786 887 nomina
816 829 953 894 Ens,
998 827 1218 892 Bonus,
1257 824 1427 889 Deus,
1458 824 1716 877 Creator.
1750 817 1969 887 Super-

312 918 744 985 substantialis,
777 917 1132 978 Immensus,
1170 909 1552 978 Immortalis,
1586 911 1642 962 et
1672 910 1878 961 caetera
1909 902 1968 958 id

314 1027 520 1084 genus,
552 1010 609 1064 in
643 1009 758 1063 Deo
804 1003 1159 1060 differentias
1192 997 1611 1059 substantiales
1660 994 1973 1077 haudqua:

315 1080 491 1172 quam
505 1098 617 1153 dici
630 1111 858 1161 mus,ne
872 1092 1263 1163 compositum
1276 1105 1411 1145 eum
1424 1087 1616 1143 verbis
1630 1084 1730 1155 huj
1743 1080 1970 1139 usmod1

318 1188 691 1260 proﬁteamur
718 1202 730 1240 :
765 1184 864 1240 sed
891 1181 1331 1254 appellationes,
1356 1178 1573 1250 quibus
1597 1189 1800 1230 eorum
1823 1188 1970 1228 non-

318 1276 481 1332 nulla
510 1276 906 1339 innotescunt,
936 1288 1062 1344 quae
1094 1270 1248 1327 circa
1280 1269 1477 1340 ipsum
1503 1264 1967 1332 considerantur,

314 1366 398 1421 ita
441 1370 658 1434 tamen,
694 1368 758 1417 ut
807 1377 1011 1417 eorum
1067 1375 1195 1430 quae
1247 1358 1316 1412 ad
1373 1357 1499 1427 ejus
1549 1353 1866 1409 essentiam
1917 1353 1975 1405 et

315 1461 585 1512 naturam
634 1453 950 1527 pertinent,
985 1451 1130 1506 nihil
1175 1464 1377 1505 eorum
1428 1444 1782 1519 signiﬁcent.
1817 1443 1973 1509 Quo-

315 1545 592 1600 rumdam
624 1543 779 1599 enim
831 1542 1044 1596 divinae
1099 1542 1320 1594 natura-
1371 1533 1836 1591 convenientium
1890 1530 1974 1585 si-

317 1630 756 1706 gniﬁcationem
804 1629 1046 1696 habent,
1077 1626 1265 1697 ipsius
1314 1628 1509 1680 autem
1538 1626 1761 1678 naturae
1811 1617 1974 1674 nullo

319 1724 516 1787 modo,
550 1722 709 1795 quod
739 1720 980 1793 quidem
1009 1715 1499 1773 substantialibus
1532 1730 1634 1769 seu
1657 1712 1973 1769 essentiam

321 1812 821 1870 constituentibus
851 1808 1148 1881 proprium
1177 1809 1287 1863 est.

394 1904 447 1957 2.
482 1900 781 1972 Ejusdem.
815 1896 1175 1953 Indivisibile
1197 1895 1435 1967 quidem
1466 1893 1696 1949 Numen
1720 1891 1978 1962 est,quia

328 1992 677 2064 quantitatis
708 2004 912 2059 expers
937 2003 950 2041 :
984 1984 1332 2057 quantitatis
1360 1987 1557 2039 autem
1589 1995 1814 2051 expers,
1838 1979 1977 2051 quia

331 2085 388 2138 et
409 2079 710 2152 qualitatis
729 2093 743 2134 :
761 2076 1063 2149 qualitatis
1084 2073 1379 2145 vero,quia
1404 2070 1653 2143 simplex
1675 2085 1688 2126 :
1709 2069 1975 2141 simplex,

330 2171 466 2241 quia
509 2168 993 2234 interminatum;
1041 2164 1507 2232 interminatam,
1540 2161 1678 2233 quia
1725 2160 1979 2214 immen-

327 2278 461 2317 sum
492 2276 506 2316 :
541 2260 923 2325 immensum,
956 2255 1099 2327 quia
1145 2252 1484 2320 immobile;
1518 2247 1822 2305 immobile.
1843 2248 1979 2318 quia

327 2348 611 2421 principio
650 2351 807 2403 caret
836 2347 1050 2417 (neque
1093 2343 1248 2398 enim
1278 2340 1602 2413 quidquam
1651 2342 1789 2394 ante
1817 2352 1976 2403 eum,

321 2455 460 2495 eove
498 2439 689 2508 majus
719 2439 826 2505 est,
876 2450 1064 2505 neque
1114 2433 1441 2505 quidquam
1495 2446 1631 2486 cum
1689 2444 1776 2496 eo,
1810 2427 1980 2498 eique

325 2528 567 2601 aequale,
593 2542 780 2598 neque
811 2524 1129 2597 quidquam
1162 2526 1294 2594 post
1325 2524 1517 2591 eum);
1553 2516 1842 2590 principio
1874 2531 1978 2571 au-

321 2621 444 2674 tem
492 2621 669 2686 caret,
702 2614 843 2687 quia
891 2612 1223 2682 ingenitum
1272 2614 1399 2666 est:
1446 2608 1774 2681 ingenitum
1822 2621 1978 2673 vero,

329 2706 470 2779 quia
500 2721 684 2761 unum
718 2709 777 2760 et
825 2702 1077 2758 maxime
1117 2699 1416 2773 singulare
1450 2714 1462 2754 :
1497 2713 1683 2753 unum
1728 2695 1981 2765 denique

341 2797 710 2866 maximeque
739 2793 1056 2865 singulare,
1102 2792 1241 2863 quia
1270 2789 1432 2846 omni
1482 2802 1722 2860 prorsus
1775 2784 1978 2840 habitu

327 2892 503 2958 caret,
565 2902 749 2958 eaque
797 2886 868 2941 de
918 2900 1098 2940 causa
1146 2880 1304 2937 nullo
1360 2893 1602 2952 prorsus
1648 2876 1819 2932 modo
1867 2873 1981 2929 dici

326 2975 674 3049 cognoscive
705 2978 914 3047 potest.
948 2977 1013 3028 ut
1034 2998 1039 3007 ν
1061 2969 1156 3027 cui
1188 2970 1364 3025 unica
1394 2967 1496 3023 illa
1544 2981 1677 3022 vera
1707 2963 1849 3020 insit
1880 2978 1978 3020 co-

328 3066 532 3138 gnitio,
566 3063 724 3137 quod
754 3081 869 3121 non
901 3064 1308 3134 cognoscatur.

399 3156 453 3212 3.
488 3156 788 3227 Ejusdem.
822 3153 1188 3208 Immensum
1216 3149 1440 3204 Numen
1485 3153 1593 3213 est,
1638 3160 1754 3199 non
1786 3141 1979 3198 solum

1632 365 1945 431 NICETIE
1986 361 2411 425 ΟΗΟΝΙΑΤΕ

1995 499 2049 563 Α
2081 512 2210 552 rum
2262 512 2390 567 quae
2436 500 2742 551 moventur
2772 497 2935 549 ortus
2987 496 3096 549 est.
3147 492 3558 549 Generationis
3603 509 3786 549 vero

3580 360 3794 420 1144

2074 602 2300 653 eorum,
2334 602 2464 658 quae
2510 587 2787 658 generata
2815 589 2972 651 sunt,
3024 581 3380 655 principium
3413 582 3571 639 Deus
3628 587 3777 651 est,

2075 679 2356 749 tanquam
2385 673 2783 748 generationis
2814 676 3026 730 auctor.
3062 672 3255 729 Motus
3288 689 3461 745 porro
3494 679 3775 729 natura-

2073 770 2147 825 lis
2177 782 2379 825 eorum
2413 781 2543 834 quae
2574 767 2852 837 generata
2891 766 3033 819 sunt
3060 761 3217 834 ﬁnis,
3251 766 3441 818 status
3490 762 3592 818 ille
3624 768 3770 831 est,

2074 858 2177 930 qui
2208 873 2241 913 a
2272 854 2524 912 transitu
2557 869 2761 909 eorum
2792 869 2915 923 quae
2948 851 3312 908 transierunt
3341 851 3413 908 ab
3444 850 3552 907 illa
3602 852 3769 906 inﬁ-

2077 947 2257 1003 nitate
2288 946 2373 1011 ιη,
2407 944 2465 999 in
2500 959 2617 1015 qua
2647 942 2785 1014 quia
2814 940 3045 997 nullum
3076 944 3167 997 est
3196 941 3767 1008 interstitium,om-

2077 1037 2170 1094 nis
2193 1038 2390 1092 motus
2410 1050 2615 1090 eorum
2644 1048 2771 1104 quae
2792 1029 3140 1087 naturaliter
3165 1034 3494 1102 moventur,
3517 1037 3758 1088 cessat.

2075 1127 2218 1184 Inde
2249 1125 2332 1191 ﬁt,
2376 1128 2438 1180 ut
2467 1123 2658 1179 omnis
2688 1120 3098 1192 generationis,
3131 1124 3191 1176 et
3230 1123 3429 1177 motus
3467 1125 3526 1176 et
3551 1126 3754 1178 status

2078 1231 2277 1273 eorum
2337 1230 2464 1286 quae
2510 1215 2648 1268 sunt
2705 1210 3081 1283 principium,
3144 1209 3403 1265 medium
3466 1214 3524 1266 et
3579 1211 3741 1280 linis,

2079 1306 2204 1379 ipse
2255 1304 2404 1359 Deus
2454 1302 2552 1370 sit,
2580 1306 2861 1373 tanquam
2911 1316 3114 1357 eorum
3148 1316 3274 1372 quae
3307 1316 3376 1356 ex
3430 1300 3562 1372 ipso
3618 1311 3756 1357 orta

2081 1396 2217 1466 sint,
2256 1409 2386 1465 quae
2418 1409 2518 1464 per
2568 1392 2764 1464 ipsum
2815 1393 3178 1455 moveantur,
3213 1406 3345 1462 quae
3394 1391 3655 1462 denique
3690 1391 3762 1446 in

2080 1484 2208 1557 ipso
2257 1483 2639 1554 conquietura
2687 1468 2944 1549 sint,-ut
2991 1480 3092 1552 qui
3124 1479 3213 1535 vel
3247 1496 3482 1535 omnem
3547 1489 3763 1537 motus

2081 1573 2385 1629 deﬁnitam
2422 1570 2769 1627 inﬁnitatem
2797 1568 3039 1625 deﬁniat
3068 1573 3126 1625 et
3155 1569 3520 1625 determinet.

2152 1664 2206 1717 5.
2240 1661 2518 1733 Ejusdem
2566 1660 2721 1716 Deus
2769 1673 2958 1731 neque
2992 1658 3339 1730 intelligere,
3389 1675 3582 1730 neque
3644 1660 3762 1716 in-

2083 1750 2267 1823 telligi
2299 1749 2528 1823 proprie
2560 1748 2793 1818 dicitur,
2848 1764 2919 1802 ne
2952 1747 3099 1803 forte
3128 1747 3487 1819 compositus
3536 1749 3766 1805 existi-

2006 1847 2298 1929 Bmetur.
2354 1842 2418 1897 Id
2468 1840 2623 1897 enim
2680 1839 2832 1911 quod
2892 1837 3190 1911 intelligit,
3245 1853 3313 1894 ea
3373 1838 3763 1912 intelligendi

2089 1931 2366 1989 facultate
2398 1929 2701 2003 praeditum
2733 1931 2841 1992 est,
2874 1943 3003 1997 quae
3038 1944 3153 1982 una
3184 1943 3321 1982 cum
3364 1927 3490 1998 ipso
3523 1927 3771 1983 intelli-

2087 2026 2202 2093 gat,
2258 2021 2407 2092 quod
2458 2022 2657 2075 autem
2706 2015 3075 2089 intelligitur,
3119 2032 3188 2071 ea
3240 2016 3296 2071 vi
3328 2032 3443 2088 qua
3492 2016 3772 2090 intelligi

2088 2113 2292 2186 possit.
2320 2110 2436 2166 Nec
2483 2112 2679 2163 tamen
2722 2104 3102 2178 intelligentia
3135 2104 3372 2161 dicitur.
3417 2104 3773 2179 Intelligen-

2088 2204 2184 2260 tize
2215 2200 2371 2257 enim
2405 2196 2750 2255 naturaliter
2773 2195 2861 2250 vis
2888 2194 3019 2265 ejus
3049 2195 3379 2266 susceptiva
3409 2195 3768 2267 subjicitur.

2088 2294 2361 2364 Superest
2390 2303 2526 2361 ergo
2558 2302 2736 2358 super
2760 2284 2883 2341 haec
2915 2286 3136 2353 omnia,
3170 2288 3236 2339 ut
3269 2285 3318 2340 si
3350 2285 3548 2356 ipsum
3578 2285 3769 2341 intel-

2087 2381 2391 2455 ligentiam
2412 2378 2603 2433 dicere
2632 2391 3013 2446 nequeamus,
3034 2390 3162 2431 eam
3186 2372 3393 2430 saltem
3416 2374 3770 2447 intelligen-

2092 2473 2230 2529 tiam
2266 2484 2396 2526 esse
2425 2466 2709 2533 dicamus,
2742 2481 2869 2537 quae
2900 2463 3156 2519 essentia
3188 2463 3339 2534 ipsa,
3373 2469 3430 2519 et
3461 2464 3766 2521 duntaxat

2092 2557 2483 2631 intelligentia
2541 2556 2637 2624 sit,
2681 2547 2867 2626 cadus
2917 2554 3060 2609 adeo
3120 2568 3244 2625 quae
3295 2553 3764 2626 intelligentiam

2094 2666 2330 2708 omnem
2362 2650 2685 2718 exsuperet.

2727 2770 2882 2827 CAP.
2915 2769 3111 2825 XVIII.

2094 2897 2157 2952 Β.
2193 2892 2438 2965 Gregorii
2473 2891 2744 2965 Theologi,
2777 2905 2848 2945 ea:
2876 2904 3088 2965 magna
3112 2889 3361 2965 oratione
3386 2889 3764 2965 Apologetica.

2168 2959 2369 3039 [Quom
2397 2963 2625 3034 difﬁcile
2666 2959 2761 3027 sit,
2781 2968 2851 3039 _ut
2875 2960 2944 3039 a_b
2972 2959 3465 3039 'hominejerreno
3513 2959 3765 3017 caelestia

2549 3032 3093 3105 comprehendantur
3133 3032 3293 3105 (11).]

2169 3155 2364 3211 Altum
2394 3160 2483 3209 est
2525 3149 2761 3218 coelum,
2794 3153 2950 3205 terra
2986 3165 3121 3205 vero
3154 3149 3432 3221 depressa
3460 3153 3514 3203 et
3552 3150 3757 3204 humi-

330 3246 473 3317 quia
502 3242 789 3316 principio
811 3247 868 3297 et
898 3242 1013 3295 ﬁne
1038 3243 1216 3306 caret,
1242 3237 1345 3293 sed
1376 3236 1519 3308 quia
1547 3250 1616 3292 ea
1631 3237 1721 3290 est
1745 3232 1875 3303 ejus
1902 3247 1982 3287 es-

2100 3244 2170 3301 lis
2200 3262 2213 3299 :
2246 3242 2448 3315 ecquis
2496 3241 2791 3308 ascendet,
2824 3254 3021 3295 eorum
3076 3238 3138 3294 in
3190 3239 3412 3312 primis,
3458 3237 3553 3308 qui
3603 3253 3750 3308 pec-

329 3333 542 3400 sentia,
576 3348 643 3387 ea
670 3332 875 3396 virtus,
900 3345 964 3385 ea
997 3327 1276 3398 operatio.
1311 3324 1580 3380 Essentia
1609 3321 1848 3395 quidem
1873 3319 1988 3375 tale

331 3426 445 3488 est,
476 3425 542 3476 ut
569 3422 699 3491 ejus
748 3434 930 3490 capax
969 3415 1115 3472 nihil
1145 3430 1272 3471 esse
1329 3416 1525 3485 queat.
1560 3412 1780 3470 Virtute
1828 3424 1986 3479 vero,

331 3516 390 3568 et
418 3509 756 3583 operatione
791 3508 933 3577 tale,
967 3510 1031 3562 ut
1064 3504 1227 3561 nullo
1261 3503 1470 3561 mentis
1504 3502 1684 3558 ullius
1717 3499 1989 3556 acumine

332 3599 754 3673 comprehendi
802 3599 1008 3670 possit,
1041 3605 1238 3668 atque,
1269 3599 1335 3651 ut
1364 3595 1558 3651 verius
1588 3593 1745 3665 quod
1777 3607 1870 3647 res
1902 3593 1990 3646 est

331 3694 549 3763 dicam,
598 3690 759 3748 omni
809 3695 866 3747 et
898 3688 1121 3746 ratione
1178 3692 1237 3744 et
1269 3686 1475 3754 modo;
1532 3685 1831 3740 inﬁnitum
1879 3680 1989 3738 hoc

334 3783 491 3839 enim
525 3782 760 3855 proprie
779 3779 1059 3852 est,quod
1094 3781 1450 3834 immensum
1477 3774 1750 3832 dicimus.
1783 3773 1992 3837 Quem-

338 3873 660 3929 admodum
718 3871 876 3926 enim
921 3868 1118 3925 unitas
1168 3883 1357 3938 neque
1397 3881 1681 3922 numerus
1729 3867 1835 3929 est,
1885 3876 1990 3917 ne-

338 3978 453 4034 que
483 3962 593 4018 sub
624 3976 938 4016 numerum
982 3957 1159 4025 cadit,
1191 3972 1381 4027 neque
1422 3959 1605 4011 totum
1645 3957 1758 4021 est,
1802 3966 1990 4023 neque

336 4069 494 4125 pars,
529 4066 715 4122 neque
744 4049 1022 4106 habitus:
1057 4047 1157 4103 sed
1206 4044 1558 4117 principium
1604 4042 1844 4115 quidem
1877 4044 1990 4108 est,

336 4146 630 4215 quatenus
687 4140 953 4196 omnium
1000 4151 1385 4192 numerorum
1434 4148 1651 4189 causa:
1701 4128 1989 4203 principio

334 4237 529 4289 autem
578 4237 753 4298 caret,
786 4228 1003 4300 quippe
1053 4243 1177 4296 qua:
1210 4224 1446 4281 nullum
1502 4221 1895 4292 antiquiorem
1929 4235 1992 4275 se

338 4336 652 4378 numerum
702 4319 932 4387 habeat,
982 4316 1203 4388 quique
1253 4311 1496 4369 unitatis
1522 4311 1627 4367 sit:
1681 4311 1765 4366 sic
1814 4309 1992 4365 etiam

328 4411 516 4471 Deus,
547 4416 612 4464 ut
637 4407 737 4475 ita,
765 4422 943 4479 parva
961 4405 1119 4460 velut
1146 4402 1404 4475 imagine
1436 4400 1752 4474 proposita,
1776 4399 1992 4466 dicam,

342 4497 731 4570 quantitatem
791 4510 1046 4564 omnem,
1095 4492 1574 4564 qualitatemque,
1624 4492 1682 4545 et
1724 4487 1991 4544 habitum

2094 3339 2222 3390 cato
2254 3333 2389 3388 inde
2443 3330 2648 3402 dejecti
2681 3332 2820 3385 sunt
2839 3328 2866 3383 ?
2894 3328 3040 3393 Quis
3069 3327 3180 3383 hac
3209 3332 3440 3385 terrena
3466 3326 3750 3398 caligine,

2096 3422 2409 3493 carnisque
2467 3418 2734 3476 crassitie
2763 3418 2955 3474 adhuc
3017 3419 3327 3488 obductus,
3377 3421 3497 3473 tota
3550 3421 3758 3474 mente

2096 3531 2239 3588 pure
2267 3513 2512 3578 obtueri,
2546 3516 2716 3582 atque
2747 3510 2819 3564 iis
2853 3508 3089 3565 misceri
3136 3510 3370 3580 poterit,
3403 3525 3533 3581 quae
3570 3509 3756 3565 obﬁr-

2096 3608 2257 3660 mata
2280 3605 2521 3658 manent
2540 3598 2977 3671 invisibiliaque
2995 3602 3156 3667 sunt,
3178 3600 3438 3671 quandiu
3457 3599 3582 3671 ipse
3599 3600 3765 3655 inter

2095 3693 2198 3749 illa
2221 3692 2492 3759 manebit,
2510 3708 2637 3763 quae
2657 3690 2893 3746 infirma
2914 3693 3052 3744 sunt
3074 3695 3127 3745 et
3144 3688 3331 3745 oculis
3349 3689 3718 3761 objiciuntur
3736 3692 3769 3744 ‘I

2093 3782 2206 3837 Vix
2236 3782 2417 3850 enim,
2447 3796 2511 3835 ac
2545 3796 2618 3835 ne
2649 3779 2737 3834 vix
2769 3779 3030 3851 quidem,
3064 3795 3267 3834 eorum
3297 3779 3617 3849 quispiam,
3656 3778 3767 3851 qui

2095 3871 2192 3926 hic
2225 3876 2569 3943 perpurgato
2603 3871 2660 3923 et
2692 3868 2971 3923 defaecato
3002 3867 3197 3923 animo
3244 3874 3406 3926 sunt.
3437 3867 3524 3923 vel
3560 3868 3765 3924 solum

2096 3960 2233 4018 boni
2266 3959 2489 4015 idolum
2537 3963 2741 4015 contra
2771 3958 2998 4014 obtueri
3029 3965 3219 4029 queat,
3254 3959 3767 4030 quemadmodum

2096 4051 2136 4105 ii
2170 4050 2269 4121 qui
2305 4049 2487 4105 solem
2519 4049 2579 4104 in
2613 4047 2784 4119 aquis
2817 4047 3319 4120 contemplantur.
3370 4047 3510 4114 Quis
3542 4064 3768 4118 aquam

2098 4156 2273 4195 manu
2301 4139 2600 4194 dimensus
2621 4142 2729 4204 est,
2764 4145 2816 4192 et
2835 4138 3045 4191 coelum
3077 4137 3361 4208 palmo,et
3379 4140 3593 4192 terram
3622 4138 3769 4192 uni—

2097 4245 2325 4285 versam
2342 4226 2562 4301 pugillo
2580 4227 2753 4299 ?quis
2776 4231 3004 4281 montes
3032 4225 3521 4298 lance,vallesque
3541 4231 3768 4283 statera

2099 4317 2427 4392 appendit?
2457 4317 2587 4389 quis
2617 4316 2715 4372 ille
2746 4316 2909 4372 locus
2955 4316 3085 4383 erit,
3119 4316 3179 4372 in
3231 4332 3344 4388 quo
3377 4315 3767 4388 requiescet?

2099 4410 2309 4481 cuique
2341 4408 2483 4463 adeo
2515 4407 2573 4462 in
2608 4407 2715 4463 hac
2765 4422 2961 4462 rerum
2995 4406 3373 4462 universitate
3416 4405 3632 4462 similis
3668 4406 3764 4462 di-

2099 4499 2310 4555 cetur?
2339 4497 2479 4560 Quis
2511 4496 2710 4552 omnia
2754 4497 2930 4551 verbo
2963 4495 3199 4563 creavit,
3249 4496 3538 4567 sapientia
3570 4496 3765 4551 homi-

339 4589 673 4659 θιευΡθτθιῒν
716 4589 781 4640 υτ
819 4582 918 4653 (ἰαί
952 4580 1218 4652 Simplex:
1274 4580 1401 4671 είῐξθ
1460 4578 1765 4671 Ρνίοιῖίρίον
1815 4583 1989 4647 atque
2019 4604 2068 4671 ι)
2100 4605 2231 4644 nem
2253 4586 2610 4655 formavit,in
2636 4601 2817 4641 unum
2842 4602 2908 4641 ea
2926 4602 3050 4656 quae
3074 4585 3369 4655 disjuncta
3385 4585 3548 4657 prius
3568 4591 3764 4657 erant,

337 4678 515 4734 etiam
549 4690 748 4731 eorum
784 4689 911 4745 quae
944 4675 1085 4727 sunt
1114 4670 1467 4743 principium
1501 4669 1757 4724 exsistat.

408 4769 460 4822 4.
496 4763 792 4835 Ejusdem.
822 4760 978 4818 Nihil
1009 4776 1212 4816 eorum
1238 4775 1364 4830 quae
1395 4763 1534 4813 sunt
1554 4774 1655 4829 per
1685 4774 1743 4814 se
1768 4757 1986 4812 factum

336 4862 445 4926 est,
479 4854 637 4927 quod
666 4858 859 4910 autem
910 4867 1010 4924 per
1042 4865 1104 4905 se
1148 4849 1373 4904 factum
1408 4864 1523 4904 non
1555 4852 1664 4915 est,
1692 4862 1764 4903 ne
1812 4862 1990 4902 causa

339 4945 577 5016 quidem
608 4946 786 5009 caret,
809 4941 965 5013 quod
996 4943 1194 4995 autem
1227 4953 1406 4992 causa
1429 4953 1542 4991 non
1575 4939 1754 5003 caret,
1788 4936 1993 4989 immo-

340 5033 455 5088 bile
487 5049 601 5088 non
634 5036 742 5097 est,
778 5031 934 5101 quod
985 5044 1120 5084 vero
1152 5027 1453 5082 immobile
1484 5041 1601 5081 non
1649 5028 1759 5093 est,
1795 5040 1990 5080 move-

343 5131 438 5179 tur
474 5138 542 5179 ea
589 5137 830 5193 prorsus
885 5136 1102 5189 causa;
1149 5135 1277 5189 quae
1329 5120 1487 5173 motu
1542 5114 1798 5172 naturali
1843 5116 1908 5170 fit
1959 5132 1994 5170 a

342 5228 517 5269 causa
598 5217 835 5283 prapter
890 5225 1090 5280 quam,
1170 5211 1229 5263 et
1311 5205 1385 5263 ad
1468 5221 1647 5277 quam
1727 5208 1994 5261 movetur

341 5301 652 5374 (siquidem
711 5313 916 5355 eorum
984 5314 1111 5369 quae
1171 5303 1473 5352 moventur
1540 5294 1685 5350 nihil
1754 5295 1993 5349 omnino

338 5391 423 5446 ita
472 5391 878 5460 comparatum
939 5391 1050 5453 est,
1110 5394 1169 5441 ut
1224 5386 1351 5441 sine
1409 5401 1588 5440 causa
1648 5384 1990 5456 moveatur).

343 5478 549 5533 Omnis
605 5481 802 5534 autem
861 5475 1149 5530 naturalis
1212 5479 1405 5529 motus
1463 5473 1843 5546 principium,
1897 5488 1995 5529 eo-

415 5591 483 5625 ²⁸⁸
509 5593 662 5648 Eccl.
690 5611 767 5649 vn
797 5592 843 5627 ’δ
876 5590 1027 5646 Eccl.
1059 5608 1098 5645 1.

417 5712 528 5782 (lt)
555 5715 699 5772 Vide
731 5713 1078 5782 Patrologiae.
1110 5717 1253 5770 tom.
1285 5713 1509 5783 XXXV,
1544 5713 1654 5771 col.
1686 5714 1812 5769 481.

2101 4677 2361 4745 adduxit,
2412 4676 2624 4731 limum
2656 4674 2909 4747 spiritui,
2943 4691 3043 4731 seu
3077 4674 3221 4731 ccelo
3266 4679 3484 4730 terram
3518 4676 3771 4730 commi.

2102 4768 2274 4835 scuit,
2307 4766 2523 4823 animal
2558 4764 2808 4837 denique
2846 4764 3078 4820 visibile
3109 4772 3163 4818 et
3193 4763 3486 4819 invisibile
3520 4766 3765 4821 mortale

2101 4862 2159 4914 et
2215 4855 2568 4923 immortale,
2618 4857 2913 4909 terrenum
2977 4858 3034 4909 et
3089 4852 3322 4909 caeleste
3377 4854 3765 4925 composuit?

2102 4947 2378 5019 quodque
2409 4946 2550 5001 adeo
2571 4944 2754 5000 Deum
2790 4945 3121 5015 attingeret,
3143 4959 3249 4998 nec
3275 4941 3751 5014 amplecteretur,

2102 5037 2457 5110 propiusque
2505 5035 2576 5089 ad
2626 5050 2760 5089 eum
2813 5035 3129 5097 accederet,
3180 5031 3381 5103 procul
3438 5037 3634 5089 tamen
3681 5033 3751 5087 ab

2104 5127 2307 5183 eodem
2342 5124 2750 5196 sejungeretur
2772 5122 2800 5177 ?
2829 5122 2957 5177 Dixi
2985 5139 2997 5178 :
3023 5121 3252 5193 Sapiens
3281 5121 3531 5192 condam,
3564 5121 3757 5194 inquit

2104 5215 2403 5283 Salomon,
2447 5222 2499 5269 el
2528 5214 2653 5285 ipsa
2682 5211 2874 5284 procul
2910 5229 2945 5268 α
3001 5227 3088 5267 me
3119 5211 3362 5280 recessit,
3398 5217 3565 5284 atque
3592 5215 3765 5270 etiam

2106 5306 2323 5376 longius
2373 5320 2538 5376 quam
2586 5305 2751 5357 antea
2784 5301 2874 5357 ⁸⁵⁸.
2909 5302 3133 5365 Quibus
3160 5301 3355 5357 verbis
3405 5302 3768 5373 sapientiam

2104 5392 2398 5464 intelligit.
2440 5393 2609 5462 Isque
2657 5406 2716 5446 re
2748 5407 2901 5459 vera,
2935 5393 3031 5462 qui
3074 5390 3365 5445 scientiam
3394 5392 3612 5460 adiicit,
3656 5392 3772 5446 nd-

2105 5483 2295 5553 iicitet
2325 5482 2564 5537 dolorem
2594 5479 2661 5534 θα.
2690 5482 2772 5534 [ta
2803 5485 2867 5535 ut
2898 5495 3011 5535 non
3047 5480 3237 5551 magis
3268 5479 3618 5549 oblectetur,
3656 5483 3770 5551 qui
