4052 6392
339 365 492 427 1M5

1676 347 2077 409 THESAURI
2119 345 2271 406 LIB.
2315 345 2392 404 Il.

3594 337 3754 397 1146

323 517 452 557 eam
495 499 729 568 delegit,
785 510 960 564 quam
1014 489 1415 554 contristetur,
1448 486 1548 556 qui
1602 481 1988 555 praetermisit.
2021 483 2073 547 Α
2102 480 2166 534 Et
2198 478 2495 549 Seraphin:
2526 477 2750 532 stabant
2782 473 2840 528 in
2895 475 3140 528 circuitu
3187 472 3328 538 eius,
3351 487 3447 526 sea:
3477 471 3586 527 alae
3622 488 3743 543 un,

329 594 490 658 Quod
540 592 773 663 quidem
825 588 898 642 iis
957 582 1268 639 usuvenire
1327 579 1492 646 solet,
1529 577 1742 648 quibus
1793 574 1981 630 adhuc

326 684 660 740 sitientibus
694 679 947 751 scyphus
969 693 998 731 e
1028 673 1298 729 manibus
1318 674 1580 726 extortus
1612 673 1738 724 est:
1766 665 1850 722 vel
1887 666 1982 734 iis,

337 774 437 846 qui
471 770 736 843 quamvis
794 766 1092 824 continere
1143 761 1279 834 quid
1329 763 1644 831 nequeant,
1677 774 1738 812 se
1785 760 1982 810 tamen

334 844 548 918 habere
601 859 997 916 arbitrantur:
1051 857 1151 908 aut
1187 867 1335 922 quos
1389 849 1648 920 fulgetras
1707 844 1986 917 splendor

334 951 611 1018 deseruit,
636 964 770 1004 cum
795 946 1047 1018 primum
1082 941 1320 996 aﬂ’ulsit.
1349 939 1477 993 Haec
1507 953 1598 992 me
1630 937 1981 1006 cogitantem

332 1042 478 1096 ratio
511 1038 758 1104 dimisit,
792 1033 1290 1105 abjectioremque
1322 1027 1596 1094 reddidit,
1630 1032 1803 1096 atque
1847 1024 1982 1079 etl‘e-

327 1132 424 1195 cit,
457 1133 514 1185 ut
559 1127 704 1183 mihi
760 1123 1197 1198 persuaderem,
1254 1133 1476 1174 mecum
1530 1115 1740 1171 melius
1789 1118 1983 1170 actum

321 1219 414 1285 iri,
452 1220 496 1273 si
551 1231 752 1272 vocem
788 1211 1139 1268 laudationis
1173 1208 1432 1272 audiam,
1468 1221 1646 1277 quam
1695 1204 1742 1260 si
1779 1219 1979 1258 eorum

328 1322 420 1361 me
453 1307 751 1360 doctorem
781 1301 1074 1373 prolitear,
1095 1314 1217 1368 quae
1242 1295 1392 1351 vires
1426 1311 1586 1349 meas
1605 1295 1977 1364 exsuperant.

330 1396 626 1466 Majestas,
669 1392 939 1455 altitudo,
990 1387 1264 1459 dignitas,
1301 1402 1457 1455 purae
1507 1383 1760 1454 denique
1811 1381 1979 1437 ccele-

332 1490 570 1555 stesque
602 1488 828 1536 natura:
859 1479 952 1532 vix
982 1474 1348 1532 claritudinis
1380 1473 1478 1528 Dei
1520 1488 1762 1543 capaces
1820 1477 1978 1537 sunt,

322 1574 422 1643 qui
485 1572 696 1642 abysso
757 1568 1106 1638 contegitur,
1168 1565 1660 1633 tenebrarumque
1712 1558 1980 1616 latibulis

317 1661 628 1725 delitescit,
662 1674 795 1712 cum
841 1655 1226 1728 purissimum
1277 1653 1354 1708 sit
1406 1652 1606 1706 lumen
1657 1649 1978 1720 majorique

317 1751 628 1808 hominum
660 1751 805 1820 parti
824 1749 1209 1802 inaccessum.
1230 1743 1529 1814 Siquidem
1552 1747 1605 1798 et
1626 1741 1760 1797 huic
1782 1757 1974 1796 rerum

2095 577 2146 624 et
2163 583 2260 623 sex
2307 568 2417 625 alae
2447 566 2628 621 alteri.
2661 566 2906 632 Quarum
2964 564 3176 618 duabus
3208 563 3384 632 facies
3413 577 3540 616 suas
3600 570 3745 633 tege-

2096 658 2247 724 bant,
2280 665 2331 712 et
2376 657 2585 712 duabus
2614 655 2804 726 pedes:
2861 653 3072 708 duabus
3125 652 3359 724 denique
3391 651 3664 719 volabant,
3700 660 3752 709 et

2095 749 2239 802 inter
2285 761 2342 801 se
2383 747 2720 810 clamabant,
2771 744 3028 810 Sanctus,
3062 742 3314 807 Sanctus,
3363 742 3616 808 Sanctus,
3650 744 3752 797 Do-

2093 836 2284 892 minus
2317 834 2555 890 Sabaoth
2573 831 2967 904 3‘.Seraphim
3002 830 3199 887 oculos
3234 835 3525 900 avertunt,
3557 841 3612 887 et
3644 833 3751 886 du-

2095 925 2268 996 plicis
2302 924 2456 979 muri
2487 919 2765 979 loco‘alas
2826 922 3234 993 praetendunt:
3270 920 3413 992 quia
3474 921 3755 978 nimirum

2094 1013 2469 1086 splendorem
2503 1013 2669 1067 illum
2706 1011 2856 1066 ferre
2897 1027 3009 1064 non
3045 1014 3318 1080 possunt,
3353 1009 3450 1080 qui
3506 1026 3576 1064 ex
3620 1009 3752 1064 solii

2095 1105 2302 1176 gloria,
2333 1101 2419 1158 vel
2455 1103 2523 1157 ad
2560 1106 2842 1156 terrorem
2886 1116 3094 1167 usque,
3130 1099 3404 1154 diradiat.
3439 1101 3630 1170 Atque
3660 1116 3750 1166 pe-

2095 1195 2197 1246 des
2231 1192 2534 1263 obtegunt,
2571 1207 2683 1262 prae
2735 1194 2992 1259 stupore.
3028 1191 3111 1243 Ita
3167 1187 3321 1242 enim
3374 1192 3583 1242 natura
3642 1205 3748 1243 nos

2093 1298 2325 1353 quoque
2356 1280 2677 1352 comparati
2709 1295 2933 1343 sumus,
2967 1280 3016 1333 si
3046 1276 3280 1349 quando
3314 1293 3419 1331 nos
3459 1277 3748 1330 maximus

2093 1371 2306 1442 aliquis
2352 1375 2574 1441 stupor,
2611 1376 2706 1424 aut
2750 1368 3062 1423 admiratio
3122 1367 3378 1431 invadat,
3416 1370 3479 1419 ut
3536 1380 3748 1435 corpus

2091 1461 2351 1531 undique
2384 1459 2818 1515 contrahemus.
2855 1460 2979 1522 Quo
3011 1457 3248 1527 quidem
3311 1455 3590 1527 temporis
3624 1471 3748 1509 mo-

2093 1555 2288 1604 mento
2337 1549 2533 1605 anima
2561 1565 2793 1620 quoque
2836 1547 2991 1602 idem
3051 1561 3348 1617 perpessa,
3384 1553 3437 1599 et
3487 1545 3556 1599 ab
3617 1544 3750 1600 aliis

2087 1655 2213 1708 quae
2244 1639 2606 1694 extrinsecus
2638 1641 2694 1692 et
2726 1637 2786 1691 in
2818 1640 2949 1691 cute
2999 1639 3281 1706 apparent
3312 1634 3577 1688 actiones
3609 1651 3746 1689 suas

2089 1729 2465 1793 contrahens,
2491 1729 2561 1783 ad
2596 1728 2872 1783 interiora
2889 1726 3169 1796 confugit.
3224 1729 3472 1796 Ipsoque
3505 1741 3744 1795 corpore

323 1839 697 1896 universitate
728 1839 899 1903 inest,
934 1840 991 1891 et
1013 1839 1174 1890 extra
1205 1850 1401 1889 rerum
1427 1832 1866 1887 universitatem
1887 1848 1978 1885 ex—
2012 1845 2055 1908 Β
2089 1835 2204 1872 non
2256 1833 2430 1908 εθουεξ
2476 1822 2650 1888 atque
2702 1815 3137 1888 Propugnacmo
3189 1816 3438 1884 qu°dam
3491 1813 3739 1868 σίτουῖη-

326 1929 648 1992 currit.Qui
677 1928 905 1982 bonitas
925 1929 1014 1980 est
1035 1923 1460 1990 universa,irno
1484 1920 1705 1975 nullam
1734 1937 1849 1974 non
1877 1921 1972 1974 bo-

319 2020 564 2074 nitatem
583 2020 914 2086 exsuperat.
939 2013 1047 2079 Qui
1081 2013 1264 2068 menti
1299 2011 1496 2067 lumen
1528 2008 1976 2080 suggerit,men-

314 2110 508 2178 tisque
537 2106 904 2162 velocitatem
936 2108 994 2158 et
1028 2100 1450 2157 sublimitatem
1482 2098 1706 2170 effugit,
1743 2101 1974 2153 tantum

311 2213 544 2268 semper
571 2196 869 2261 secedens,
905 2197 1192 2264 quantum
1228 2188 1771 2261 comprehenditur,
1803 2196 1974 2258 atque

311 2292 635 2341 amatorem
669 2285 739 2340 ad
773 2283 1081 2355 superiora
1114 2281 1391 2352 fugiendo
1423 2277 1761 2345 sublevans,
1794 2292 1972 2347 seque

311 2376 508 2446 ipsum
559 2375 726 2446 quasi
781 2373 982 2427 furtim
1017 2370 1398 2426 subducendo
1451 2368 1969 2438 comprehendens.

961 2481 1115 2534 CAP.
1175 2477 1324 2533 XIX.

313 2572 700 2643 Chrysostomi,
734 2585 803 2625 ea:
845 2568 1007 2643 libro,
1059 2569 1132 2622 De
1160 2581 1218 2622 eo
1250 2567 1412 2643 quod
1432 2564 1820 2643 eomprehendi
1861 2579 1972 2643 non

382 2637 572 2714 petest.
606 2642 692 2713 [Si
730 2640 1014 2714 sapientia
1055 2638 1440 2714 comprehendi
1484 2646 1746 2709 nequeat,
1796 2637 1969 2692 multo

384 2712 567 2770 minus
599 2712 811 2769 natura
834 2712 1082 2784 poterit.]

386 2803 697 2870 Mirabilis,
730 2801 944 2872 inquit,
991 2802 1146 2870 facta
1176 2806 1256 2854 est
1284 2799 1522 2854 scientia
1580 2806 1677 2853 tua
1733 2813 1803 2854 ea:
1860 2814 1968 2868 me,

312 2895 560 2950 exaltata
602 2901 705 2958 est,
736 2902 788 2947 et
839 2907 949 2945 non
995 2897 1177 2962 potero
1228 2888 1297 2943 ad
1345 2905 1467 2943 eam
1514 2888 1576 2942 τ’.
1629 2891 1707 2942 Ea
1737 2895 1824 2944 est
1875 2905 1972 2943 sa-

311 2983 543 3055 pientia:
586 2982 791 3037 divinae
843 2979 1233 3052 profunditas,
1289 2980 1441 3032 utin
1476 2996 1542 3034 ea
1591 2978 1969 3048 exprimenda

311 3073 598 3145 Propheta
622 3071 903 3142 vertigine
935 3070 1191 3140 quadam
1220 3069 1484 3124 laborare
1515 3068 1794 3123 videatur.
1830 3068 1969 3133 Quis

308 3181 396 3228 eo,
441 3178 658 3233 quaeso,
695 3160 1040 3216 temeritatis
1087 3157 1396 3230 prolapsus
1446 3162 1554 3225 est,
1605 3161 1669 3212 ut
1701 3163 1962 3212 naturam

308 3252 407 3307 Dei
461 3250 573 3306 sibi
622 3250 913 3318 cognitam
971 3252 1029 3303 et
1077 3253 1438 3319 perspectam
1491 3247 1678 3302 dicere
1729 3247 1962 3316 audeat,

310 3340 598 3397 dicentis:
641 3341 854 3396 Incerta
905 3341 958 3391 et
990 3338 1195 3392 occulta
1246 3339 1542 3407 sapientiae
1573 3345 1678 3392 tum
1726 3335 1966 3408 manife-

307 3431 435 3485 stati
490 3429 632 3484 mihi
668 3427 738 3462 ⁵⁸⁷*
768 3428 796 3482 ?
850 3427 1172 3481 clamantis.
1227 3426 1526 3496 Sapientiae
1567 3427 1688 3496 ejus
1747 3443 1856 3481 non
1885 3431 1964 3481 est

304 3536 567 3575 numerus
619 3519 685 3584 23,
720 3534 822 3572 seu
857 3515 1300 3587 comprehensio
1324 3516 1351 3569 ?
1379 3521 1436 3570 et
1483 3515 1542 3569 in
1576 3519 1793 3570 tantam
1830 3517 1962 3587 quis

305 3610 610 3665 audaciam
655 3610 1018 3679 prorumpat,
1055 3613 1114 3659 ut
1174 3605 1243 3660 de
1297 3611 1524 3673 natura,
1558 3621 1685 3675 qua
1718 3622 1751 3660 a
1800 3605 1960 3660 nullo

305 3698 727 3770 comprehendi
760 3700 971 3768 potest,
1020 3696 1337 3767 quidquam
1381 3694 1678 3750 afﬁrmare
1711 3696 1962 3750 audeat?

308 3787 454 3854 Quid
509 3787 649 3843 ais?
693 3787 919 3842 Fierine
971 3785 1201 3856 poterit,
1236 3788 1301 3838 ut
1339 3800 1473 3839 cum
1516 3783 1615 3838 Dei
1676 3786 1962 3856 sapientia

305 3877 722 3949 comprehendi
765 3893 875 3932 non
911 3875 1116 3947 possit,
1152 3875 1414 3944 ejusdem
1458 3879 1668 3929 natura
1700 3891 1958 3947 compre-

303 3967 642 4023 hendatur?
675 3966 950 4036 Majestas
982 3966 1108 4036 ejus
1139 3963 1371 4019 infinita
1403 3968 1510 4033 est,
1546 3969 1603 4019 et
1644 3966 1958 4020 essentiam

301 4062 429 4130 ejus
463 4055 915 4113 circumscribes
937 4055 964 4108 ?
1019 4055 1123 4110 hoc
1156 4058 1310 4109 certe
1345 4056 1493 4110 facto
1527 4058 1748 4110 certam
1799 4055 1960 4111 insa-

303 4149 463 4202 niam
499 4151 664 4199 tuam
698 4144 920 4213 prodis.

372 4237 428 4288 2.
488 4233 790 4301 Ejusdem.
848 4230 1052 4302 Angeli
1113 4235 1336 4285 tantum
1388 4230 1756 4303 gloriﬁcent,
1818 4232 1954 4304 alii,

306 4323 491 4379 Gloria
545 4321 606 4376 in
636 4320 863 4376 excelsis
897 4321 1008 4374 Deo
1039 4320 1102 4388 29,
1147 4320 1446 4375 dicentes:
1509 4320 1629 4391 alii,
1665 4322 1958 4378 Benedicta

299 4413 479 4486 gloria
525 4413 640 4481 eius
669 4426 737 4465 ea:
770 4411 881 4466 loco
911 4412 1100 4464 sancto
1131 4411 1246 4481 ejus
1275 4409 1342 4475 ³ο,
1376 4409 1431 4465 id
1467 4414 1573 4479 est,
1623 4411 1956 4484 ubicunque

301 4505 379 4559 sit
411 4502 543 4558 ille:
574 4515 762 4572 neque
794 4499 948 4554 enim
983 4499 1098 4554 Deo
1133 4499 1293 4554 locus
1327 4500 1683 4571 assignatur,
1718 4518 1848 4555 cum
1876 4501 1956 4556 di-

2085 1907 2368 1963 munitur.
2403 1907 2526 1962 Jam
2576 1911 2828 1978 quatuor
2859 1905 3083 1959 alarum
3116 1921 3288 1958 usum
3338 1904 3487 1957 nosti
3522 1907 3738 1958 caetera:

2081 1997 2220 2067 quid
2255 1997 2366 2052 sibi
2400 1997 2599 2061 velint,
2647 1996 2881 2066 accipe:
2918 1994 3157 2059 Duabus,
3210 1993 3424 2064 inquit,
3458 1993 3734 2048 volabant.

2083 2087 2197 2142 Hoc
2229 2085 2446 2140 indicio
2479 2085 2551 2140 ad
2584 2083 2862 2140 sublimia
2893 2099 3125 2152 semper
3173 2083 3451 2152 aspirare,
3487 2098 3590 2137 nec
3625 2099 3732 2137 un-

2081 2192 2258 2246 quam
2311 2175 2586 2230 deorsum
2633 2173 2832 2230 oculos
2865 2174 3167 2228 deﬂectere
3213 2176 3458 2227 constat.
3494 2171 3732 2227 Alarum

2080 2266 2234 2320 enim
2267 2263 2567 2320 involucra
2616 2263 2888 2334 angelica
2923 2270 3136 2316 natura:
3179 2260 3512 2316 sublimitas
3553 2265 3609 2316 et
3640 2278 3734 2315 vc-

2080 2353 2284 2410 locitas
2339 2354 2745 2424 designantur.
2782 2353 2882 2407 Est
2926 2369 3057 2407 vero
3111 2351 3226 2406 alia
3282 2367 3515 2422 quoque
3564 2353 3733 2407 ratio.

2081 2445 2245 2510 Quod
2264 2445 2417 2499 enim
2451 2443 2558 2498 alis
2583 2443 2812 2498 duabus
2842 2442 3403 2513 caput,duabusque
3427 2442 3598 2511 pedes
3631 2441 3733 2496 ob-

2081 2534 2374 2606 tegebant,
2432 2550 2496 2589 eo
2546 2531 2901 2604 principium
2955 2536 3010 2587 et
3043 2531 3220 2586 ﬁnem
3272 2529 3495 2585 nullius
3545 2530 3731 2586 oculis

2078 2630 2297 2694 patere,
2325 2622 2596 2694 nullaque
2625 2623 3036 2693 disquisitione
3059 2619 3324 2692 indagari
3357 2637 3528 2690 posse
3550 2619 3731 2692 signi-

2079 2713 2350 2768 ﬁcabant.
2373 2713 2697 2768 Mediarum
2721 2728 2890 2783 porro
2921 2713 3149 2765 alarum
3173 2709 3413 2781 remigio
3436 2709 3727 2776 volabant,

2081 2807 2144 2859 ut
2175 2802 2284 2858 hoc
2315 2801 2530 2858 indicio
2559 2802 2630 2858 de
2658 2801 2832 2856 rebus
2858 2799 3062 2856 mediis
3095 2800 3551 2872 disputationem
3578 2800 3735 2855 theo-

2077 2892 2326 2964 logicam
2374 2892 2686 2947 iucundam
2737 2907 2863 2946 esse
2897 2891 3192 2956 docerent,
3244 2889 3523 2944 nimirum
3575 2890 3730 2960 quod

2077 2983 2233 3038 Deus
2267 2984 2365 3050 sit,
2401 2983 2556 3053 quod
2611 2981 2869 3052 sapiens,
2904 2982 3056 3052 quod
3091 2980 3482 3052 omnipotens,
3534 2984 3592 3034 et
3622 2997 3730 3034 cce-

2078 3077 2200 3127 tera
2232 3071 2285 3125 id
2320 3087 2527 3142 genus.
2562 3072 2629 3125 Et
2659 3070 2968 3126 clamabant
2999 3074 3146 3124 inter
3175 3085 3269 3124 se:
3303 3068 3553 3138 Sanctus,
3586 3070 3729 3124 San-

2077 3171 2208 3227 ctus,
2240 3161 2494 3228 Sanctus,
2549 3159 2810 3215 Dominus
2853 3159 3117 3216 Sabaoth.
3149 3164 3270 3214 Hoc
3311 3158 3512 3228 utique
3543 3157 3728 3212 admi-

2080 3253 2324 3308 rationis
2401 3251 2733 3324 symbolum
2792 3256 2900 3321 est,
2967 3250 3286 3322 praesertim
3347 3266 3480 3305 cum
3541 3266 3729 3321 neque

2079 3339 2280 3396 lumen
2363 3340 2582 3412 ipsum,
2645 3357 2833 3410 neque
2893 3339 3154 3394 divinam
3212 3346 3482 3395 naturam
3533 3339 3728 3395 intue-

2078 3435 2300 3486 rentur.
2335 3431 2445 3485 Sed
2500 3446 2566 3484 eo
2625 3429 2725 3485 illa
2788 3447 2917 3501 quae
2970 3429 3340 3495 videbantur,
3392 3447 3452 3484 se
3512 3429 3727 3484 demit-

2076 3520 2312 3574 tebant:
2349 3535 2452 3573 nec
2484 3523 2679 3573 tamen
2713 3517 2946 3573 illorum
2981 3536 3107 3588 quae
3139 3535 3204 3572 eo
3252 3535 3312 3573 se
3343 3518 3728 3574 demittebant

2077 3608 2320 3680 gloriam
2371 3609 2516 3663 l'erre
2565 3611 2854 3679 poterant.
2893 3609 2964 3662 Eo
3016 3607 3168 3662 enim
3203 3623 3264 3663 se
3313 3608 3726 3677 demittebant,

2077 3698 2232 3768 qned
2279 3697 2335 3751 in
2372 3714 2480 3752 sua
2530 3700 2742 3752 natura
2795 3714 2908 3752 non
2957 3697 3315 3765 viderentur,
3350 3698 3450 3752 sed
3504 3714 3606 3768 pro
3637 3715 3724 3751 re-

2075 3788 2448 3859 spicientium
2479 3787 2897 3844 imbecillitatis
2933 3788 3169 3844 modulo
3192 3791 3282 3843 sui
3306 3789 3728 3844 manifestatio-

2076 3895 2208 3934 nem
2251 3878 2681 3932 dimetirentur.
2735 3878 2908 3934 Porro
2941 3885 3096 3950 quod
3131 3895 3194 3934 eo
3246 3894 3306 3933 se
3359 3878 3723 3950 demiserint,

2074 3967 2160 4022 vel
2193 3985 2259 4021 ex
2292 3967 2436 4037 ipsis
2473 3966 2782 4039 Scripturae
2813 3967 3005 4022 verbis
3039 3967 3409 4038 perspicuum
3443 3972 3568 4022 est:
3607 3967 3729 4024 Vidi

2074 4058 2254 4120 enim,
2288 4057 2392 4123 ait,
2429 4058 2751 4111 Dominum.
2780 4062 2854 4111 At
2886 4074 3015 4112 vero
3051 4063 3226 4112 Deum
3268 4073 3422 4112 nemo
3446 4056 3584 4111 vidit
3617 4074 3724 4112 un—

2073 4164 2260 4218 quam,
2297 4147 2395 4218 qui
2433 4148 2745 4218 forma,qui
2771 4148 3115 4218 quantitate,
3145 4147 3244 4220 qui
3268 4149 3521 4219 denique
3544 4147 3726 4219 quali-

2075 4241 2188 4292 tate
2205 4245 2416 4292 careat.
2437 4236 2577 4300 Quis
2601 4236 2708 4290 hoe
2733 4238 2852 4291 ait?
2876 4238 3317 4308 Unigenitus,qui
3345 4237 3493 4292 sedet
3519 4240 3576 4292 in
3599 4240 3727 4292 sinu

2074 4327 2283 4394 Patris,
2306 4327 2420 4396 ipse
2449 4327 2736 4381 enarravit
2764 4326 2831 4382 ³³.
2866 4326 3084 4382 Deinde
3114 4327 3353 4398 subjicit
3376 4344 3389 4382 :
3416 4327 3723 4384 Sedentem.

2073 4420 2143 4470 At
2174 4433 2306 4471 vero
2361 4416 2516 4471 Deus
2573 4433 2763 4487 neque
2821 4417 3000 4484 sedet,
3038 4435 3222 4488 neque
3277 4423 3410 4473 stat.
3447 4419 3514 4472 Hi
3565 4419 3721 4474 enim

2071 4503 2308 4559 habitus
2337 4504 2680 4575 corporibus
2713 4508 3075 4576 competunt.
3110 4510 3256 4560 Tum
3291 4506 3620 4561 subinfert:
3656 4509 3723 4560 1n

299 4594 514 4648 vinitas
572 4589 972 4647 circumscribi
1035 4605 1148 4644 non
1209 4590 1430 4661 possit:
1493 4589 1632 4660 alii,
1689 4593 1956 4661 Sanctus,
1996 4593 2228 4661 Dsolio,
2281 4598 2341 4648 at
2398 4593 2543 4648 solio
2576 4599 2730 4648 Deus
2789 4609 3160 4666 nequaquam
3213 4594 3722 4650 circumcluditur.

303 4683 556 4749 Sanctus,
590 4680 848 4745 Sanctus,
885 4681 1146 4734 Dominus
1177 4679 1416 4736 Sabaoth
1448 4681 1516 4735 3‘.
1550 4681 1830 4737 Homines
1863 4700 1960 4737 au-

298 4778 420 4828 tem
452 4771 511 4825 in
542 4769 704 4824 illius
735 4775 943 4823 natura
967 4769 1412 4840 pervestiganda
1440 4769 1572 4841 plus
1606 4787 1770 4842 aequo
1795 4770 1955 4826 solli-

302 4863 399 4918 citi
434 4868 589 4916 sunt.
626 4861 886 4925 Quantus
941 4859 1065 4926 ejus
1117 4858 1294 4913 timor
1324 4877 1524 4930 supra,
1578 4863 1774 4915 tantus
1807 4861 1960 4916 intra

298 4954 671 5021 contemptus
695 4951 804 5018 est,
823 4963 1007 5017 usque
1027 4948 1169 5001 adeo
1195 4947 1279 5003 illi
1298 4965 1654 5020 magnacum
1678 4949 1957 5022 religione

295 5040 673 5106 benedicunt,
711 5037 766 5091 hi
800 5035 1112 5092 temeraria
1143 5038 1482 5094 curiositate
1515 5039 1801 5095 laborant.

365 5133 419 5186 3.
462 5129 750 5201 Ejusdem.
785 5126 911 5182 Alio
957 5126 1082 5182 loco
1116 5126 1296 5182 Isaias
1346 5128 1558 5200 inquit,
1614 5130 1734 5185 Vidi
1771 5131 1954 5186 Domi-

293 5239 428 5278 num
471 5220 742 5276 sedentem
773 5219 833 5272 in
864 5217 1005 5272 solio
1053 5218 1173 5272 atto
1213 5228 1375 5290 atque
1412 5222 1645 5290 excelso,
1680 5237 1747 5276 eo
1779 5221 1953 5276 nimi-

295 5328 423 5367 rum
456 5310 554 5380 qui
608 5306 1020 5379 comprehendi
1073 5323 1186 5362 non
1242 5313 1450 5379 potest.
1484 5309 1628 5364 Cum
1672 5327 1808 5383 ergo
1859 5329 1954 5367 so-

292 5401 437 5455 lium
496 5397 596 5453 Dei
655 5398 918 5452 humana
950 5402 1142 5452 mente
1191 5396 1506 5454 sublimius
1558 5399 1633 5454 sit
1666 5402 1762 5472 qui
1821 5401 1948 5456 ﬁeri

292 5492 484 5563 potest
513 5507 526 5555 ;
561 5488 625 5541 ut
655 5485 705 5541 is
738 5486 1292 5558 comprehendatur,
1325 5488 1427 5558 qui
1486 5488 1632 5544 solio
1682 5489 1951 5545 insidet?

2072 4683 2179 4747 Qui
2211 4681 2366 4737 enim
2420 4683 2526 4737 hoc
2559 4683 2676 4751 tiat,
2731 4699 2862 4737 cum
2896 4682 3295 4738 circumscribi
3328 4700 3440 4738 non
3494 4685 3726 4754 possit?

2068 4773 2197 4830 Jam
2231 4791 2362 4830 cum
2395 4773 2709 4846 Seraphin,
2743 4792 2868 4845 quae
2899 4776 3074 4830 Deum
3110 4775 3336 4847 ingenti
3367 4791 3582 4831 corona
3613 4777 3722 4831 cir-

2069 4867 2371 4919 cumstant
2429 4865 2603 4935 (quod
2663 4865 2896 4934 quidem
2960 4881 3073 4918 non
3141 4862 3333 4918 locum
3407 4865 3722 4937 signiﬁcat,

2068 4955 2166 5008 sed
2203 4953 2502 5026 singulare
2551 4952 2745 5008 nescio
2778 4951 2916 5022 quid
2951 4953 3104 5023 quod
3138 4969 3170 5007 a
3220 4952 3467 5022 puritate
3519 4973 3722 5012 conse-

2068 5044 2371 5114 quuntur),
2405 5059 2536 5098 cum
2569 5042 2880 5113 Seraphin,
2921 5041 3187 5113 inquam,
3224 5059 3294 5098 ne
3343 5044 3443 5099 Dei
3478 5046 3715 5117 quidem

2067 5148 2132 5187 eo
2172 5150 2233 5188 se
2273 5133 2632 5188 demittentis
2682 5130 2928 5203 gloriam
2979 5131 3222 5188 intentis
3255 5133 3442 5190 oculis
3491 5137 3718 5193 obtueri

2062 5222 2334 5277 valeant:
2369 5221 2658 5287 homines,
2710 5220 2950 5286 scilicet,
2985 5223 3251 5278 essentia:-
3282 5224 3413 5294 ejus
3468 5225 3717 5297 gloriam

2064 5311 2210 5367 nulli
2244 5311 2497 5383 perviam
2549 5310 2790 5366 intentis
2839 5310 3022 5367 oculis
3054 5313 3281 5367 obtueri
3331 5317 3715 5370 contendunt.

2063 5404 2318 5457 Tametsi
2345 5406 2506 5458 tanto
2531 5403 2603 5456 ab
2627 5401 2743 5456 illis
2766 5402 3080 5457 interstitio
3103 5404 3470 5475 differamus,
3496 5411 3715 5476 quanto

2061 5508 2250 5548 caecus
2282 5493 2352 5548 ab
2389 5509 2454 5548 eo
2485 5492 2584 5562 qui
2617 5491 2846 5548 videndi
2883 5508 3059 5548 sensu
3089 5495 3365 5566 praaditus
3397 5499 3505 5550 est.

361 5630 408 5709 ξ’(
436 5628 586 5709 _P_sal.
649 5645 893 5709 XXXIII.“
924 5630 994 5709 τ’*
1053 5629 1314 5709 Psal._r.,
1346 5630 1399 5687 8.
1477 5631 1526 5667 ³⁸
1555 5633 1707 5689 Psal.
1764 5649 1948 5704 CXLVI,

2137 5637 2182 5672 "
2236 5637 2372 5693 Luc.
2405 5652 2472 5704 ιι,
2505 5636 2590 5693 14.
2667 5635 2714 5670 ⁸⁰
2741 5636 2943 5692 Ezecb.
3007 5652 3093 5706 ιιι,
3127 5637 3212 5691 12.
3291 5636 3337 5674 ³1
3397 5638 3507 5696 Isa.
3544 5659 3619 5709 v1,
3651 5645 3704 5698 3.

290 5703 339 5740 ³³
372 5702 518 5760 Ibid.
553 5701 576 5756 Ι
606 5715 771 5773 seqq.
848 5700 893 5736 ³³
923 5701 1092 5758 Joan.
1127 5719 1168 5772 ι,
1205 5703 1290 5758 18.
