4052 6416
311 410 466 472 1147

1633 404 1938 466 NlCE’l‘JE
1977 402 2409 464 CHONIATIE

3583 401 3774 462 1148

381 547 434 598 4.
468 543 768 616 Ejusdem.
803 542 948 600 Cum
985 541 1189 599 Daniel
1221 540 1347 618 ipse
1377 538 1662 619 propheta
1684 537 1872 610 angeli
1895 553 1963 594 eo
1993 540 2047 607 Α
2079 553 2325 610 prorsus
2359 551 2561 612 expers
2595 539 2700 591 est.
2739 535 2958 605 Πνεῦμα
2984 549 3178 605 porro,
3212 531 3321 588 hoc
3354 535 3444 590 est
3473 534 3769 606 Spiritus

309 649 373 688 se
396 632 764 692 demittentis
796 636 1098 704 aspectum
1134 648 1249 690 non
1277 629 1432 696 tulit,
1466 629 1563 684 sed
1607 626 1851 684 remissa
1875 629 1962 683 in-

309 725 574 780 tentione
606 724 666 782 in
701 724 901 780 faciem
931 722 1169 779 cecidit:
1203 723 1268 781 Et
1323 737 1433 777 non
1485 723 1750 780 remansit
1792 720 1849 774 in
1879 735 1967 780 me

305 813 598 884 fortitudo,
626 813 847 888 inquit;
903 812 995 872 sed
1023 815 1076 868 et
1103 811 1312 884 species
1367 826 1486 872 mea
1545 811 1840 871 immutata
1887 818 1966 866 est

312 905 376 960 in
412 919 511 971 me,
537 911 590 960 et
615 905 865 959 ξηιανεαί
893 901 964 974 3‘,
997 902 1106 960 hoc
1131 904 1240 968 est,
1273 899 1391 960 oris
1423 900 1538 955 mei
1596 897 1966 978 pulchritudo

312 993 506 1066 periit,
535 997 590 1049 et
621 993 679 1049 in
714 992 923 1049 mortui
959 991 1238 1064 pallorem
1287 1007 1568 1050 conversa
1617 994 1702 1046 est
1720 1009 1739 1046 :
1771 994 1830 1045 tu
1866 990 1966 1064 qui

315 1082 556 1138 Daniele
575 1086 739 1138 tanto
770 1081 1014 1138 inferior
1038 1099 1121 1150 es,
1147 1083 1365 1153 quanto
1387 1078 1484 1136 ille
1506 1079 1841 1152 angelo,qui
1880 1078 1965 1146 ﬁt,

319 1177 379 1228 ut
410 1190 473 1226 os
503 1169 782 1241 attollere,
817 1175 873 1226 et
903 1171 974 1226 de
1033 1171 1232 1226 divina
1288 1174 1500 1228 natura
1549 1169 1839 1228 curiosius
1877 1169 1966 1226 in-

315 1261 547 1332 quirere
576 1259 835 1318 audeas?
872 1259 1093 1330 Daniel,
1125 1260 1226 1336 qui
1254 1260 1312 1315 in
1340 1276 1582 1332 corpore
1612 1259 1872 1314 humano
1903 1275 1971 1316 ea

313 1350 510 1404 videre
533 1349 744 1424 potuit,
779 1366 1032 1422 quorum
1065 1349 1240 1405 homo
1271 1366 1454 1422 capax
1503 1365 1619 1405 non
1667 1353 1778 1418 est,
1829 1365 1972 1406 con-

315 1437 468 1494 servi
501 1455 566 1494 eo
598 1455 662 1494 se
702 1439 1069 1496 demittentis
1113 1438 1485 1514 splendorem
1541 1455 1655 1494 non
1710 1437 1967 1496 ferebat:

316 1532 373 1584 et
402 1533 469 1584 tu
518 1533 792 1585 naturam
843 1529 1006 1585 illam
1068 1529 1584 1606 comprehendisti,
1617 1546 1748 1602 quas
1795 1545 1970 1602 ange-

311 1618 505 1674 lorum
537 1619 856 1674 innumera
888 1618 1078 1674 millia
1128 1607 1424 1690 condidit;
1483 1635 1734 1692 quorum
1798 1619 1975 1675 unius

314 1711 617 1779 aspectum
652 1725 766 1764 non
797 1707 928 1766 tulit
958 1707 1257 1778 Daniel,ut
1277 1709 1404 1784 jam
1437 1708 1656 1763 dictum
1685 1708 1975 1773 est?Quis

316 1813 433 1853 non
468 1795 772 1854 indoleat?
803 1797 938 1870 quis
971 1804 1190 1853 tantum
1225 1801 1524 1872 stuporem
1558 1813 1670 1853 non
1730 1797 1978 1854 deﬂeat?

987 1906 1142 1965 CAP.
1175 1905 1298 1964 XX.

323 2013 666 2072 Catachetica
696 2013 946 2085 quaedam
974 2019 1297 2071 srotsmata.
1329 2013 1612 2071 Nimirum
1671 2015 1829 2082 Dem,
1860 2017 1974 2073 Pa-

393 2089 511 2160 ter,
541 2087 716 2160 Filius
763 2085 1105 2160 etﬁpirim:
1139 2089 1267 2160 quot
1311 2086 1485 2160 modis
1538 2089 1631 2160 in,
1667 2087 1979 2160 scripturis

393 2158 769 2228 accipiantur.
825 2155 939 2216 Un'a
969 2175 1097 2218 cum
1129 2155 1318 2218 eorum
1349 2155 1556 2230 ἐτύμῳ.
1601 2157 1744 2232 Quid
1789 2155 1980 2215 Trini-

392 2238 496 2286 tas.

389 2319 438 2374 1.
474 2319 826 2384 Quotmodis
858 2319 1206 2376 vocabulum
1239 2319 1394 2376 Deus
1417 2319 1476 2375 in
1495 2320 1792 2394 Scriptura
1813 2321 1976 2393 capi-

314 2409 462 2466 tur?
493 2411 758 2477 Duobus,
791 2411 1072 2467 nimirum
1132 2415 1344 2466 natura
1397 2414 1452 2466 et
1483 2411 1713 2468 habitu.
1763 2413 1980 2473 Natura

319 2499 582 2571 quidem,
615 2504 680 2555 ut
711 2504 958 2566 creator,
991 2499 1192 2556 habitu
1225 2504 1422 2556 autem
1454 2505 1510 2556 et
1539 2501 1729 2573 gratia
1758 2517 1771 2558 :
1827 2501 1976 2577 justi

320 2606 550 2662 quoque
578 2588 848 2645 homines
879 2591 1118 2646 deorum
1152 2591 1389 2646 nomine
1419 2595 1754 2648 censentur.

390 2683 445 2734 2.
480 2678 667 2736 Dictio
704 2684 853 2735 Deus
879 2680 1300 2736 substantiasne
1323 2684 1432 2747 est,
1465 2697 1539 2736 an
1595 2696 1879 2753 personae,
1906 2698 1976 2738 an

320 2767 590 2836 actionis,
625 2785 698 2823 an
732 2769 955 2840 ﬁgurae,
990 2785 1061 2824 an
1123 2785 1256 2825 vero
1301 2767 1699 2848 metaphora?
1745 2769 1978 2843 Perspi-

319 2875 499 2914 cuum
531 2863 620 2915 est
650 2859 896 2915 actionis
958 2876 1106 2930 esse,
1141 2878 1248 2932 qua
1300 2860 1538 2932 quidem
1587 2877 1747 2918 suam
1813 2861 1980 2918 nobis

313 2949 467 3005 Deus
499 2949 895 3006 substantiam
933 2950 1215 3023 impertit,
1247 2968 1376 3022 quae
1407 2950 1646 3024 quidem
1685 2951 1825 3023 quia
1882 2967 1982 3008 co-

313 3040 480 3112 gnitu
547 3039 936 3112 impossibilis
968 3044 1081 3111 est,
1105 3057 1172 3096 eo
1233 3041 1316 3110 tit,
1364 3045 1428 3096 ut
1485 3041 1775 3097 actionem
1809 3057 1980 3098 suam

313 3131 468 3187 Deus
510 3131 634 3185 sola
683 3129 1179 3201 contemplatione
1231 3129 1400 3188 nobis
1453 3131 1698 3206 aperiat,
1727 3129 1981 3202 ideoque

315 3219 446 3281 Θεὸς
477 3217 584 3274 ἀπὸ
615 3209 714 3273 ¹ἑοῦ
745 3218 906 3292 (item,
939 3219 1048 3275 hoc
1082 3226 1169 3276 est
1212 3237 1246 3275 a
1284 3218 1710 3276 considerando
1761 3221 1978 3278 dictus-

2075 622 2492 694 dicitur,8tito
2515 625 2590 687 ὡς
2610 627 2780 700 νεῦμα
2811 624 2974 700 ὀξέως
3002 628 3106 678 πᾶν
3137 622 3306 678 νεύειν
3338 623 3429 678 καὶ
3461 630 3763 689 κινεῖσθαι

2076 717 2185 774 hoc
2207 721 2314 787 est,
2351 717 2488 790 quia
2519 721 2803 789 tanquam
2835 721 3014 772 nutus
3043 731 3399 786 quocunque
3430 725 3660 772 annuat
3698 722 3768 774 et

2075 808 2625 865 moveatur.Dicitur
2655 818 2852 863 autem
2883 805 3132 878 Spiritus
3163 805 3219 860 in
3251 805 3563 878 Scriptura
3598 825 3766 879 qua-

2080 905 2209 956 tuor
2259 897 2477 955 modis.
2532 897 2784 970 Spiritus
2840 899 3102 963 sanctus,
3151 896 3406 968 Spiritus
3467 897 3760 969 angelus,

2076 988 2328 1061 Spiritus
2395 991 2625 1054 ventus,
2659 986 2955 1042 interdum
3015 984 3188 1041 etiam
3250 1001 3420 1041 mens
3479 985 3760 1057 Spiritus

2079 1076 2470 1150 appellatione
2501 1075 2888 1148 signiﬁcatur.

2149 1167 2204 1222 6.
2236 1165 2490 1222 Trinitas
2523 1165 2661 1238 quid
2696 1165 2832 1221 est?
2887 1163 3164 1235 Trinitas,
3208 1163 3504 1235 siquidem
3568 1170 3738 1220 natu-

2079 1256 2216 1312 ralis
2249 1256 2472 1313 ordinis
2506 1255 2789 1312 rationem
2823 1252 3219 1322 habeas,nihil
3254 1253 3413 1309 aliud
3445 1263 3737 1328 esl,quam

2084 1347 2378 1403 unitatum
2411 1346 2780 1418 compositio.
2813 1344 2871 1400 Si
2896 1359 3032 1400 vero
3051 1343 3311 1399 divinam
3345 1343 3752 1400 substantiam

2083 1436 2438 1502 consideres,
2495 1435 2746 1492 essentia
2799 1437 2910 1500 est,
2943 1449 3070 1505 quze
3127 1449 3444 1489 numerum
3504 1450 3756 1490 omnem

2085 1529 2417 1598 exsuperat.

2153 1615 2208 1670 7.
2241 1615 2556 1671 )Eternitas
2589 1613 2728 1686 quid
2780 1613 2918 1669 est?
2963 1613 3126 1679 Quod
3169 1613 3526 1685 principium
3597 1631 3767 1671 nun-

2088 1721 2264 1778 quam
2326 1704 2554 1778 habuit,
2612 1720 2718 1760 nec
2766 1703 2946 1758 ﬁnem
3003 1702 3123 1758 ullo
3172 1719 3434 1774 unquam
3482 1706 3768 1776 tempore

2086 1794 2427 1850 habiturum
2463 1799 2572 1849 est.
2605 1797 2890 1850 Caterum
2918 1793 3202 1865 quidquid
3257 1809 3564 1864 nunquam
3599 1793 3769 1848 desi-

2093 1889 2293 1940 turum
2346 1888 2454 1950 est,
2507 1901 2622 1939 non
2674 1883 2877 1939 statim
2939 1881 3226 1954 principio
3276 1882 3536 1938 caruisse
3597 1889 3771 1940 recte

2093 1973 2352 2046 colligas.
2379 1973 2584 2045 Angeli
2616 1972 2772 2028 enim
2803 1976 2859 2028 et
2889 1971 3100 2028 animas
3131 1970 3486 2044 principium
3511 1971 3770 2044 quidem

2087 2065 2352 2120 essentia:
2415 2061 2966 2130 habuerunt,ﬁnem
3009 2060 3244 2118 interim
3299 2061 3527 2117 nullum
3582 2061 3772 2118 habi-

2088 2154 2230 2212 turi.

2737 2269 2890 2332 CAP.
2933 2269 3088 2333 XXl.

2097 2406 2420 2477 Thcologica
2462 2405 2579 2460 alia
2653 2405 2718 2460 de
2781 2406 3060 2477 Trinitate
3121 2403 3513 2477 consideratio.
3570 2405 3764 2476 [Unus

2163 2475 2396 2534 cumcit‘3
2428 2494 2528 2532 cur
2552 2483 2806 2544 Patrem,
2850 2475 3068 2541 Filium
3089 2479 3141 2532 et
3201 2476 3475 2548 Spiritum
3530 2475 3772 2535 invoce-

2163 2567 2304 2621 mus,
2337 2559 2528 2609 contra
2560 2549 2897 2621 Trilheuas].

2091 2686 2286 2742 Unum
2348 2689 2530 2742 Deum
2590 2701 2719 2741 esse
2787 2683 3105 2753 credimus,
3179 2683 3281 2758 qui
3357 2684 3766 2743 substantiam

2095 2778 2417 2854 quamlibet
2449 2781 2840 2849 naturamque
2861 2773 3173 2830 creaverit:
3203 2774 3324 2830 sive
3376 2775 3764 2848 aspectabilis

2093 2867 2192 2922 illi
2223 2866 2319 2938 sit,
2351 2865 2472 2924 sive
2503 2865 2614 2924 sub
2645 2869 2948 2938 aspectum
3011 2881 3126 2920 non
3159 2865 3348 2921 cadat.
3395 2865 3503 2930 Qui
3559 2866 3762 2922 diver-

2095 2975 2219 3016 sam
2275 2957 2348 3013 ab
2397 2956 2508 3012 hac
2592 2955 2943 3012 sententiam
3017 2953 3284 3027 sequitur
3352 2955 3573 3036 impius
3644 2964 3760 3015 est.

2095 3048 2378 3105 Eumdem
2414 3045 2577 3104 illum
2623 3043 3014 3111 humanitate,
3039 3043 3295 3118 justitia,
3325 3043 3630 3116 sapientia,
3696 3051 3759 3104 et

2094 3137 2356 3194 bonitate
2405 3133 2690 3206 singulari
2753 3133 3062 3208 praeditum
3121 3149 3250 3190 esse
3291 3133 3458 3190 nobis
3508 3149 3756 3206 persua-

2099 3227 2330 3297 demus,
2381 3225 2720 3298 ceeterisque
2790 3224 2932 3279 adeo
2993 3223 3188 3292 rebus,
3249 3238 3370 3302 quis
3410 3221 3621 3279 divinae
3679 3225 3742 3290 et

391 3309 444 3363 3.
473 3309 634 3364 Pater
665 3309 803 3382 quid
847 3307 1188 3381 signiﬁcat?
1235 3313 1493 3388 quotque
1543 3311 1732 3370 modis
1787 3319 1975 3388 pater-
2011 3297 2052 3364 (ἶ
2092 3316 2275 3373 beatae
2322 3319 2542 3371 naturm
2593 3297 2967 3370 conveniunt.
3001 3311 3083 3368 Ne
3141 3297 3373 3386 singula
3426 3308 3734 3368 scribendo

320 3399 474 3454 nitas
515 3399 631 3454 Deo
681 3398 1002 3454 convenit?
1058 3399 1225 3455 Pater
1254 3399 1457 3472 utique
1516 3401 1748 3474 proprie
1796 3401 1974 3475 hypo-

315 3486 494 3543 stasis
525 3503 625 3546 seu
661 3503 912 3567 persona
945 3487 1178 3554 dicitur,
1207 3505 1332 3562 quis
1365 3488 1524 3546 nulla
1545 3490 1662 3548 alia
1695 3507 1763 3546 ex
1793 3508 1976 3552 causa

317 3577 548 3649 pendet.
581 3577 689 3632 Sed
723 3577 991 3650 quamvis
1015 3583 1272 3650 generet,
1308 3596 1342 3636 a
1373 3579 1532 3636 nullo
1567 3584 1760 3637 tamen
1793 3597 1974 3655 gene-

314 3671 496 3722 ratur.
535 3667 734 3737 Porro,
767 3671 948 3741 πατὴρ
973 3667 1170 3725 dictus
1201 3673 1310 3737 est,
1342 3671 1514 3746 quasi
1559 3669 1733 3724 πάντα
1763 3674 1975 3746 τηρῶν,

317 3757 426 3812 hoc
458 3761 567 3826 est,
600 3758 797 3813 omnia
829 3773 1204 3826 conservans,
1257 3757 1344 3818 vel
1377 3760 1540 3833 quasi
1573 3757 1705 3821 τοὺς
1739 3758 1976 3821 οἰκείους

320 3843 520 3910 παῖδας
547 3850 750 3921 τηρῶν,
783 3847 894 3906 hoc
943 3854 1052 3919 est,
1088 3850 1356 3928 proprios
1389 3848 1538 3908 ﬁlios
1600 3867 1975 3908 conservans.

324 3943 473 3994 Deus
506 3936 677 3994 Pater
705 3939 934 3995 duobus
969 3939 1158 3996 modis
1188 3939 1426 4008 dicitur,
1466 3945 1676 4000 natura
1731 3941 1977 4012 scilicet,

317 4033 374 4083 et
405 4028 630 4102 gratia:
667 4033 877 4084 natura
907 4029 1147 4101 quidem
1183 4030 1404 4101 proprii
1440 4030 1550 4085 sibi
1587 4032 1979 4088 consubstan-

315 4117 592 4192 tialisquc
645 4121 737 4174 Dei
789 4119 998 4187 Verbi;
1031 4120 1224 4192 gratia
1279 4136 1411 4176 vero
1459 4123 1659 4178 noster
1721 4137 1978 4195 quoque,

315 4209 472 4264 unde
530 4207 696 4274 illud,
731 4209 840 4278 Ego
897 4208 1043 4279 dixi,
1080 4209 1172 4269 Dii
1228 4209 1386 4278 estis,
1439 4218 1490 4270 et
1534 4209 1647 4283 ﬁlii
1703 4211 1980 4268 Altissimi

317 4314 502 4355 omnes
532 4297 601 4354 ³⁵.

387 4391 441 4446 4.
473 4389 622 4454 Quid
658 4389 890 4446 Filius?
920 4407 1040 4464 qua
1099 4394 1324 4454 ratione
1390 4389 1568 4448 Filius
1627 4391 1885 4450 dicitur?
1927 4397 1985 4449 et

317 4482 461 4558 quot
519 4478 708 4536 modis
765 4478 1164 4552 intelligitur?
1220 4480 1404 4536 Filius
1480 4482 1712 4555 proprie
1772 4499 1982 4544 secunq

2080 3422 2424 3480 persequar,
2459 3421 2667 3480 parum
2700 3404 2886 3472 abest,
2921 3401 3064 3476 quin
3097 3403 3300 3462 eadem
3332 3404 3389 3458 et
3445 3397 3648 3456 dicatis
3683 3404 3747 3456 et

2083 3497 2375 3554 sentiatis.
2433 3495 2551 3552 Vos
2607 3495 2764 3553 enim
2815 3491 3091 3549 audiente
3150 3509 3242 3548 me
3319 3493 3579 3550 Verbum
3636 3491 3745 3548 Dei

2081 3587 2418 3647 invocastis.
2450 3587 2521 3644 Et
2550 3603 2611 3643 re
2655 3603 2792 3644 vera
2821 3592 2929 3641 est.
2961 3584 3070 3650 Qui
3128 3584 3284 3640 enim
3345 3583 3471 3638 ﬁeri
3523 3591 3752 3654 posset,

2083 3685 2149 3736 ut
2179 3679 2334 3736 Deus
2364 3677 2540 3734 verbo
2573 3675 2838 3736 careret?
2864 3674 3152 3748 Spiritum
3213 3674 3351 3730 item
3377 3673 3620 3730 vocatis.
3647 3676 3752 3730 Est

2082 3786 2216 3828 vero
2248 3778 2301 3826 et
2323 3768 2597 3844 Spiritus.
2635 3765 2846 3826 Nullus
2875 3765 3031 3822 enim
3064 3765 3211 3820 citra
3239 3763 3516 3836 spiritum
3549 3779 3752 3822 sermo

2083 3859 2392 3916 articulate
2451 3856 2764 3929 procedere
2823 3857 3030 3928 potest.
3080 3855 3196 3911 Nos
3257 3869 3427 3928 porro
3480 3871 3618 3909 cum
3682 3870 3755 3910 ea

2083 3949 2322 4006 unicum
2381 3949 2450 4003 ad
2517 3953 2692 4004 Deum
2747 3946 3096 4011 referamus,
3153 3943 3372 4002 idcirco
3403 3943 3634 4000 Patrem
3694 3947 3758 4002 et

2084 4039 2294 4096 Filium
2345 4043 2400 4100 et
2455 4035 2740 4110 Spiritum
2833 4038 3104 4093 sanctum
3163 4033 3528 4104 invocamus,
3590 4050 3658 4088 ac
3703 4033 3754 4090 si

2085 4132 2362 4194 mentem,
2411 4126 2691 4194 Verbum,
2723 4127 2781 4179 et
2809 4123 3092 4196 Spiritum
3154 4121 3330 4178 simul
3380 4121 3754 4196 contempla-

2087 4233 2304 4274 remur.
2337 4215 2446 4272 Sed
2500 4215 2703 4272 eadem
2747 4229 2982 4288 quoque
3031 4228 3133 4286 per
3180 4228 3242 4268 se
3271 4210 3444 4286 vique
3495 4229 3605 4272 sua
3663 4228 3757 4270 as-

2086 4307 2357 4366 serimus.
2392 4305 2737 4362 Divinarum
2771 4300 2929 4358 enim
2963 4318 3160 4360 rerum
3222 4301 3384 4357 nulla
3415 4301 3542 4359 suis
3583 4305 3754 4360 caret

2084 4397 2333 4455 viribus.
2378 4394 2683 4466 Siquidem
2734 4392 2992 4449 Verbum
3045 4395 3246 4448 nostro
3304 4390 3496 4448 simile
3527 4389 3760 4450 intelli—

2087 4487 2342 4556 gendum
2376 4501 2492 4540 non
2545 4487 2658 4551 est,
2688 4481 2846 4560 quod
2888 4480 3134 4553 spiritus
3195 4479 3436 4557 quidem
3491 4480 3760 4536 admini-

322 4571 486 4628 daria
523 4571 863 4646 hypostasis
887 4577 979 4628 est
1015 4572 1074 4628 in
1105 4589 1222 4628 una
1253 4573 1572 4646 eademque
1631 4580 1862 4650 natura,
1896 4573 1991 4638 vel
2091 4575 2222 4634 culo
2263 4574 2574 4650 profertur,
2611 4577 2670 4628 at
2729 4573 2786 4626 in
2849 4588 3022 4627 auras
3076 4571 3416 4642 evanescit;
3469 4570 3568 4626 sed
3611 4586 3764 4628 con-

314 4679 704 4736 personarum
761 4661 1216 4732 incrementum,
1248 4663 1340 4723 vel
1401 4663 1704 4737 unigenita
1756 4664 2383 4738 naturaDvenientcr
2437 4662 2574 4736 Deo,
2635 4660 3060 4738 sempiternum
3139 4659 3362 4718 scilicet
3419 4664 3591 4728 atque
3651 4677 3762 4734 per

315 4753 632 4825 processio,
675 4751 758 4810 vel
818 4753 1083 4824 cognatio
1151 4754 1408 4826 cognita,
1452 4753 1576 4822 Υἱὸς
1619 4759 1837 4824 autem,
1867 4755 1978 4815 hoc

314 4847 406 4899 est
459 4843 664 4911 Filius,
724 4843 954 4918 proprie
1021 4841 1254 4916 dicitur,
1309 4845 1482 4916 quasi
1533 4841 1674 4912 οἷος,
1734 4845 1842 4900 hoc
1892 4846 1980 4900 est

321 4933 534 5006 qualis.
569 4933 772 4998 Qualis
794 4932 952 4990 enim
987 4935 1156 4990 Pater
1197 4933 1550 5000 substantia,
1584 4931 1720 4990 talis
1751 4941 1807 4989 et
1837 4933 1980 4990 uni-

323 5021 558 5094 genitus
587 5026 678 5077 est
709 5021 914 5078 Filius.
949 5022 1081 5078 Sive
1113 5039 1182 5079 ex
1213 5021 1473 5080 increato
1512 5022 1829 5092 increatus,
1863 5023 1983 5080 sive

323 5127 391 5167 ex
419 5111 646 5166 mortali
679 5111 964 5184 mortalis,
993 5112 1372 5192 humanoque
1398 5111 1718 5172 humanus.
1742 5113 1984 5173 Duobus

326 5199 531 5256 itidem
558 5199 748 5256 modis
779 5201 838 5255 in
857 5204 970 5257 Deo
994 5201 1196 5258 ﬁliatio
1218 5199 1677 5262 dicitur.Natura
1698 5204 1982 5276 etgratia.

325 5289 546 5346 Natura
603 5289 840 5363 quidem
903 5295 1050 5348 Deus
1098 5289 1380 5360 Verbum,
1425 5291 1612 5366 gratia
1650 5309 1786 5349 vero
1819 5292 1983 5364 iusti.

396 5383 448 5434 5.
489 5379 638 5444 Quid
669 5379 918 5454 Spiritus
940 5379 968 5434 ?
998 5397 1115 5455 qua
1159 5381 1384 5438 ratione
1415 5379 1678 5438 dicitur?
1725 5387 1986 5458 quotque

332 5469 522 5523 modis
555 5469 1161 5548 accipitur?8piritus
1190 5475 1278 5527 est
1311 5471 1501 5528 tenuis
1535 5472 1803 5546 quasdam
1854 5491 1986 5548 pro-

335 5559 561 5614 cessiva
613 5561 966 5630 substantia,
1029 5567 1082 5616 et
1168 5578 1298 5632 quas
1354 5562 1615 5620 materiei
1676 5563 1987 5636 formaeque

405 5725 456 5761 3‘
481 5729 629 5784 Dan.
661 5747 721 5800 x,
748 5731 802 5790 8.
877 5731 926 5768 ³⁵
957 5729 1109 5789 Psal.
1144 5748 1334 5802 Lxxxr,
1364 5734 1419 5790 6.

2095 4771 2158 4811 se
2215 4753 2568 4809 subsistens.
2627 4750 2930 4824 Siquidem
2982 4765 3174 4805 rerum
3236 4749 3566 4804 divinarum
3613 4765 3759 4820 per-

2098 4842 2388 4904 functorie
2438 4840 2602 4898 nulla
2654 4839 2734 4896 ﬁt.
2786 4841 2937 4898 Sunt
2991 4838 3147 4894 enim
3209 4837 3343 4920 ilice,
3406 4844 3584 4910 atque
3635 4856 3762 4894 una

2093 4938 2252 5000 sunt,
2313 4949 2541 5004 suaque
2587 4930 2888 5006 bypostasi
2947 4934 3001 4986 et
3062 4929 3395 4985 substantia
3450 4933 3755 4998 constant,

2095 5024 2272 5081 unius
2295 5027 2351 5080 et
2382 5023 2650 5098 ejusdem
2685 5025 2934 5086 naturae,
2966 5018 3208 5076 honoris
3251 5022 3430 5096 atque
3461 5019 3754 5076 essentia.
3843 5063 3851 5070 .

2095 5120 2216 5172 Hoc
2275 5113 2446 5170 nobis
2493 5117 2584 5168 est
2629 5109 2908 5180 Trinitas,
2952 5125 3065 5165 non
3125 5108 3301 5175 Deus,
3356 5113 3415 5165 et
3466 5107 3640 5174 Deus,
3698 5111 3760 5164 et

2097 5210 2272 5262 Deus.
2313 5200 2627 5260 Abeantin
2690 5199 2906 5256 malam
2957 5215 3103 5272 rem,
3160 5201 3259 5272 qui
3303 5199 3456 5256 hanc
3509 5199 3770 5256 circum-

2098 5295 2294 5350 ferunt
2331 5291 2602 5360 haeresin,
2644 5290 2754 5346 hac
2807 5289 2962 5344 enim
3013 5286 3109 5344 via
3149 5286 3457 5362 pluralitas
3517 5289 3770 5346 deorum

2097 5385 2590 5442 introduceretur.
2653 5382 2769 5438 Nos
2822 5397 2955 5436 vero
3023 5379 3167 5446 haec,
3219 5397 3348 5454 quae
3431 5381 3773 5456 proprieta—

2098 5475 2260 5536 tibus
2294 5473 2404 5529 tria
2433 5477 2594 5539 sunt,
2628 5487 2810 5526 unum
2840 5485 2969 5528 esse
3015 5470 3215 5540 Deum,
3245 5485 3424 5524 unam
3456 5471 3772 5544 naturam,

2101 5581 2276 5622 unam
2327 5563 2581 5635 denique
2625 5559 3016 5618 substantiam
3077 5559 3378 5616 docemus.
3434 5557 3554 5614 Hoc
3604 5569 3776 5621 certo
