4052 6392
300 366 458 428 1149

1640 357 2037 421 THESAURI
2084 357 2234 419 LIB.
2279 356 2362 418 II.

3572 358 3731 420 1150

283 502 486 559 credat
544 516 787 567 necesse
844 502 952 565 est,
1004 496 1347 569 quicunque
1406 495 1586 568 sapit,
1646 495 1950 566 pietatem-
1983 497 2038 564 Α
2066 497 2175 563 est,
2203 493 2355 564 quod
2390 508 2517 557 nos,
2553 490 2651 563 qui
2683 492 3014 548 orthodoxae
3076 491 3209 547 ﬁdei
3253 495 3578 548 assertores
3612 510 3718 549 su-

287 608 409 664 que
453 590 851 664 amplectitur.

950 679 1101 735 CAP.
1142 677 1315 734 XXII.

295 790 707 846 Demonstratio
781 805 852 844 ex
906 786 1287 844 communibus
1360 784 1704 853 actionibus,
1782 797 1961 838 unum

760 863 818 916 in
852 860 1124 917 Trinitale
1156 859 1324 913 Deum
1352 872 1488 915 esse.

370 970 566 1026 Cuivis
625 967 874 1036 homini,
927 968 1027 1039 qui
1057 968 1315 1021 mentem
1373 962 1653 1019 divinitus
1717 963 1956 1019 insitam

297 1060 495 1125 habet,
555 1058 676 1113 hsce
732 1057 885 1113 ultro
946 1071 1180 1127 quoque
1220 1054 1465 1110 inhaeret
1522 1053 1740 1125 Opinio,
1800 1054 1957 1125 quod

302 1151 453 1205 Deus
486 1148 820 1204 substantia
890 1147 985 1217 sit,
1017 1162 1144 1217 qua:
1201 1143 1594 1200 substantiam
1624 1159 1859 1198 omnem
1905 1146 1961 1199 et

304 1238 583 1311 potentia,
634 1254 761 1310 qua).
823 1236 1145 1309 potentiam
1197 1239 1483 1307 superet:
1516 1232 1665 1289 actio
1708 1232 1960 1304 denique

302 1329 464 1386 omni
522 1329 754 1385 actione
813 1326 1105 1400 superior,
1164 1332 1226 1381 ut
1275 1325 1376 1397 qui
1448 1340 1638 1396 neque
1690 1324 1957 1392 sectioni,

308 1437 498 1494 neque
534 1418 967 1492 compositioni,
1031 1433 1221 1489 neque
1273 1416 1531 1489 passioni
1582 1414 1688 1471 ulli
1740 1415 1817 1470 sit
1847 1415 1958 1470 ob-

308 1511 538 1567 noxius.
591 1508 707 1564 Nec
739 1512 938 1563 tamen
991 1525 1024 1562 a
1081 1507 1307 1563 ratione
1366 1506 1562 1561 minus
1618 1503 1670 1561 is
1703 1505 1958 1572 aberrat,

297 1601 397 1671 qui
429 1600 612 1655 Deum
648 1597 1015 1665 substantiae,
1077 1596 1347 1668 potentias
1380 1598 1435 1651 et
1478 1594 1724 1651 actionis
1753 1611 1959 1668 exper-

302 1696 419 1746 tem
453 1707 583 1746 esse
642 1689 981 1745 arbitratur.
1014 1693 1198 1761 Eque
1225 1703 1360 1743 vero
1422 1688 1653 1743 aberrat
1713 1703 1746 1741 a
1803 1686 1960 1741 veri-

2064 598 2196 638 mus
2227 598 2416 654 neque
2476 580 2660 637 alium
2705 580 2912 650 Deum,
2955 598 3023 637 ex
3076 598 3191 654 quo
3252 580 3441 638 Verbo
3499 586 3555 637 et
3588 582 3719 654 Spi-

2071 671 2220 727 ritus
2265 670 2614 743 procedunt,
2675 685 2864 742 neque
2922 671 3061 726 item
3123 672 3503 743 procedentes
3563 673 3727 744 ipsos

2065 763 2246 818 alium
2300 767 2359 819 et
2409 761 2592 818 alium
2652 779 2782 818 esse
2844 763 3123 817 docemus
3178 763 3347 818 :imo
3410 781 3597 819 unum
3650 781 3720 819 ex

2070 853 2260 908 tribus
2319 852 2500 907 Deum
2553 851 2729 906 unius
2791 855 3032 921 naturae,
3084 850 3422 922 voluntatis,
3468 853 3723 926 imperii,

2067 947 2124 998 et
2154 941 2592 998 dominationis.
2658 940 2803 997 Hinc
2833 938 2989 996 enim
3023 940 3260 996 deorum
3316 941 3512 997 unitas
3544 960 3728 1013 eaque

2067 1031 2371 1087 individua
2443 1030 2736 1087 elucescit.
2790 1029 2969 1098 Alias,
3027 1030 3126 1101 qui
3187 1032 3341 1086 ﬁerit
3388 1035 3602 1102 potest,
3660 1039 3724 1088 ut

2068 1139 2197 1195 quas
2259 1121 2316 1176 in
2353 1138 2531 1177 unam
2577 1122 2963 1192 eamdemque
3012 1124 3302 1187 naturam,
3336 1120 3723 1189 voluntatem,

2068 1217 2125 1269 et
2175 1217 2520 1283 potestatem
2578 1212 3021 1283 conjunguntur
3078 1210 3458 1285 conjungenti
3519 1211 3727 1266 nobili-

2068 1305 2185 1357 tate
2216 1300 2636 1359 contumeliosa
2659 1300 2774 1357 sint
2803 1300 2831 1354 ?

2688 1449 2845 1502 CAP.
2890 1445 3104 1505 XXIII.

2123 1565 2402 1621 Adversus
2430 1578 2539 1631 eos,
2572 1564 2669 1634 qui
2696 1577 2794 1618 nos
2826 1565 2883 1617 in
2917 1570 3027 1618 (res
3057 1561 3181 1618 deos
3203 1562 3428 1618 credere
3451 1561 3662 1616 dicunt.

2140 1701 2518 1773 Nequaquam
2568 1700 2626 1759 in
2660 1703 2777 1756 tres
2831 1699 2971 1755 deos
3020 1698 3340 1765 credimus,
3375 1698 3481 1755 hoc
3515 1697 3670 1753 absit
3706 1695 3720 1752 1

302 1786 443 1849 tate,
502 1781 600 1851 qui
652 1780 835 1836 Deum
895 1778 1250 1846 substantia,
1312 1781 1369 1834 et
1417 1779 1518 1849 qui
1570 1778 1853 1851 potentia,
1906 1781 1951 1834 et

2070 1790 2265 1861 sedﬁin
2322 1807 2503 1849 unum
2537 1788 2720 1846 Deum
2772 1787 3255 1861 omnipotentem,
3308 1787 3407 1859 qui
3442 1788 3633 1843 tribus
3664 1788 3722 1845 in

300 1871 402 1943 qui
461 1871 688 1926 actione
751 1870 964 1942 privat.
1035 1870 1435 1939 Quodcunque
1493 1868 1648 1922 enim
1707 1866 1951 1939 triplicis

2064 1880 2332 1954 personis
2386 1880 2773 1953 dignoscitur.
2825 1883 3013 1939 Unam
3055 1879 3115 1934 in
3173 1878 3360 1939 tribus
3420 1884 3716 1944 naturam,

303 1960 668 2033 cognationis
755 1959 1010 2032 primum
1070 1956 1337 2013 divellere
1415 1957 1713 2029 quispiam
1776 1974 1959 2014 ausus

302 2048 498 2116 fuerit,
555 2066 622 2105 eo
676 2047 969 2119 duplicem
1030 2046 1458 2118 blasphemiam
1519 2047 1800 2101 adversus
1859 2046 1959 2102 Di-

304 2140 606 2194 vinitatem
639 2136 1048 2209 ejaculabitur.
1083 2136 1588 2202 Quemadmodum
1615 2135 1769 2191 enim
1805 2137 1959 2207 quod

302 2227 631 2283 substantia
677 2232 855 2294 caret,
905 2226 1096 2281 Deitas
1129 2243 1242 2280 non
1276 2229 1367 2280 est
1399 2242 1413 2279 :
1467 2225 1550 2281 ita
1581 2241 1770 2297 neque
1800 2225 1960 2296 quod

307 2326 409 2370 aut
439 2314 716 2385 potentia,
776 2316 878 2368 aut
926 2313 1153 2368 actione
1186 2312 1469 2382 privatur.
1519 2310 1665 2366 Nam
1700 2310 1800 2383 qui
1832 2310 1960 2366 fieri

304 2408 519 2475 potest,
556 2418 628 2458 ne
678 2402 734 2456 id
767 2400 1358 2474 supersuhstantiatis
1397 2400 1725 2456 substantia
1758 2400 1857 2469 sit,
1891 2415 1959 2455 ex

304 2510 420 2564 quo
452 2491 617 2548 nulla
652 2508 764 2547 non
798 2491 1130 2546 substantia
1148 2489 1455 2561 procedit?
1476 2489 1590 2544 Nec
1611 2505 1745 2544 vero
1770 2489 1959 2561 magis

306 2581 428 2638 fieri
464 2585 674 2653 potest,
736 2587 799 2635 ut
827 2580 885 2634 id
913 2596 979 2635 ex
1011 2596 1124 2650 quo
1182 2579 1443 2649 potentia
1471 2582 1529 2632 et
1558 2578 1708 2634 actio
1739 2577 1957 2648 quasvis

305 2677 569 2740 scaturit,
602 2671 718 2726 illis
776 2670 922 2741 ipsis
954 2674 1165 2724 careat.
1210 2669 1287 2723 Ex
1345 2667 1442 2723 illa
1475 2684 1607 2738 ergo
1660 2667 1807 2723 nulli
1844 2682 1954 2723 non

305 2763 612 2817 hominum
675 2762 850 2817 insita
924 2762 1158 2816 notione
1235 2762 1399 2831 patet
1476 2774 1653 2831 quam
1715 2757 1956 2812 minime

306 2848 382 2906 sit
414 2850 757 2921 absurdum,
808 2850 927 2905 imo
955 2850 1132 2905 etiam
1175 2846 1504 2904 necessario
1539 2851 1955 2918 consequatur,

307 2949 368 2995 ut
390 2940 545 2996 trina
583 2940 685 2996 Dei
717 2944 972 3011 potestas
1004 2938 1348 2995 celebretur.
1381 2937 1505 2993 Una
1536 2937 1769 3005 quidem
1812 2936 1956 2993 sub-

305 3032 529 3086 stantia
588 3029 1263 3104 supersuhstantialitas,
1323 3045 1443 3085 una
1490 3029 1627 3085 item
1687 3028 1955 3100 potentias

304 3119 908 3193 superpotentiaiitas,
973 3137 1093 3176 una
1164 3118 1416 3191 denique
1474 3116 1721 3174 actionis
1777 3117 1956 3173 simul

2073 1986 2248 2031 unam
2284 1971 2629 2042 potentiam,
2668 1985 2851 2027 unum
2885 1967 3220 2039 consilium,
3256 1985 3435 2025 unam
3468 1968 3720 2041 denique

2074 2060 2365 2117 actionem
2426 2062 2866 2133 cognoscentes,
2926 2074 3044 2130 qua
3096 2057 3444 2121 innotescat.
3505 2058 3621 2114 Nec
3663 2075 3728 2116 eo

2073 2148 2418 2205 temeritatis
2446 2148 2671 2220 venias,
2706 2152 2770 2204 ut
2798 2165 2915 2219 quo
2948 2148 3004 2203 id
3048 2152 3213 2221 pacto
3247 2148 3349 2207 fiat
3381 2148 3733 2219 interroges-

2075 2237 2322 2299 Inscitiat
2378 2238 2531 2297 enim
2592 2244 3002 2310 argumentum
3054 2241 3161 2308 est,
3203 2238 3250 2293 si
3310 2237 3444 2309 quis
3488 2255 3621 2294 cum
3654 2238 3725 2294 de

2071 2328 2186 2384 Deo
2239 2327 2447 2400 agitur,
2481 2344 2595 2400 quo
2627 2329 2801 2387 modo
2848 2328 3199 2391 sciscitatur.
3235 2327 3722 2399 Quandoquidem

2069 2416 2705 2491 incomprehensibilis,
2766 2417 2885 2475 imo
2932 2419 3108 2476 etiam
3160 2418 3606 2487 inaccessibilis,
3666 2421 3726 2475 et

2067 2507 2413 2581 incorporea
2468 2515 2551 2563 est
2587 2506 2891 2565 Divinitas.
2951 2506 3112 2567 Unde
3154 2508 3239 2574 ﬁt,
3297 2512 3364 2563 ut
3416 2507 3610 2579 qualis
3649 2507 3726 2563 sit

2070 2596 2346 2670 explicari
2380 2596 2538 2655 nullo
2572 2597 2746 2655 modo
2778 2598 2974 2669 queat.
3009 2598 3145 2663 Quae
3176 2597 3329 2653 enim
3361 2596 3568 2657 oculus
3608 2613 3723 2653 non

2068 2687 2235 2754 vidit,
2290 2687 2390 2758 qui
2440 2686 2789 2759 cogitatione
2847 2702 3015 2745 mens
3067 2686 3302 2759 assequi
3348 2686 3536 2744 valeat
3582 2686 3609 2742 ?
3670 2691 3727 2743 et

2069 2794 2199 2849 quas
2256 2778 2439 2832 menti
2519 2778 2714 2847 pervia
2772 2793 2892 2833 non
2948 2780 3105 2845 sunt,
3165 2791 3309 2833 eane
3367 2777 3718 2847 cujusquam

2068 2882 2338 2923 sermone
2393 2864 2667 2935 explicari
2716 2868 2994 2937 poterunt
3040 2865 3070 2920 ?
3124 2867 3408 2921 Caeterum
3449 2866 3606 2937 quod
3662 2866 3720 2921 in

2068 2954 2357 3011 Trinitate
2385 2956 2533 3010 Deus
2564 2955 2659 3022 sit,
2692 2958 2749 3011 et
2777 2954 3041 3010 veritatis
3070 2954 3282 3029 ipsius,
3312 2960 3370 3011 et
3401 2954 3719 3027 Scriptores

2069 3061 2248 3105 sacra
2314 3044 2648 3106 testimonio
2702 3044 3077 3119 perspicuum
3137 3048 3246 3115 est,
3337 3050 3401 3101 ut
3466 3061 3719 3117 sequen-

2068 3135 2227 3191 tibus
2285 3134 2750 3191 conﬁrmahitur.
2816 3134 3149 3199 Percontari
3207 3139 3426 3200 autem,
3485 3151 3600 3208 quo
3658 3134 3717 3190 id

302 3219 437 3267 Βδῑᾶ
467 3211 766 3312 ίάεξῑιῑίιιᾶῥο
796 3213 929 3311 (ξοδδ
956 3211 1077 3319 ξτίθι
1106 3225 1176 3265 ex
1212 3211 1433 3319 :33de
1484 3207 1950 3319 fallsaifoflem‘
1985 3251 2028 3319 ο
2068 3226 2240 3281 modo
2274 3225 2393 3292 fiat,
2445 3224 2701 3285 hominis
2752 3224 3061 3303 improvidi
3117 3228 3225 3295 est,
3252 3228 3309 3281 et
3338 3225 3465 3295 ejus
3504 3224 3606 3296 qui
3656 3242 3719 3281 se

302 3318 413 3373 que
474 3301 760 3372 principio
792 3300 971 3356 simul
1028 3301 1377 3372 procedunt,
1448 3307 1502 3355 et
1533 3298 1709 3355 simul
1759 3297 1952 3355 eluce-

302 3395 492 3451 scont.
554 3391 700 3451 Nam
760 3407 895 3450 cum
947 3390 1142 3449 omnis
1214 3391 1547 3453 substantia
1601 3389 1710 3451 hoc
1762 3390 1952 3460 ipsum

300 3482 453 3553 quod
487 3488 576 3538 est
606 3499 640 3537 a
670 3486 782 3537 Deo
842 3482 1149 3553 acceperit,
1219 3481 1287 3536 ﬁt
1335 3484 1399 3535 ut
1454 3496 1646 3552 neque
1690 3480 1820 3536 sine
1851 3496 1954 3551 po-

298 3570 478 3627 tentia
538 3587 726 3643 neque
795 3572 921 3626 sine
974 3571 1199 3625 actione
1270 3568 1764 3643 deprehendatur.
1818 3569 1950 3624 Jam

299 3662 399 3734 qui
434 3662 556 3717 fieri
590 3664 806 3735 potest,
865 3664 929 3719 ut
960 3662 1057 3739 qui
1091 3661 1212 3721 haec
1273 3661 1450 3719 rebus
1482 3677 1607 3731 quae
1667 3663 1807 3719 sunt
1836 3658 1948 3714 im-

305 3752 550 3823 pertitus
589 3758 699 3821 est,
751 3753 1088 3823 donumque
1140 3751 1198 3807 in
1256 3750 1373 3806 illis
1404 3767 1581 3807 suum
1612 3751 1692 3805 ita
1717 3766 1950 3806 conser-

301 3846 398 3897 vat
455 3847 519 3897 ut
574 3841 811 3899 dissolvi
864 3842 1200 3915 dissiparive
1259 3859 1374 3897 non
1418 3841 1617 3915 possit,
1680 3839 1767 3896 vel
1825 3839 1952 3912 ipse

304 3932 469 4002 prius
517 3949 633 3988 non
685 3932 804 3988 haac
848 3932 1044 4000 fuerit,
1089 3931 1176 3989 vel
1208 3930 1681 3989 immutationem
1740 3946 1950 4002 quam-

301 4022 434 4076 dam
489 4025 546 4077 et
596 4022 973 4093 privationem
1008 4038 1207 4079 eorum
1258 4039 1385 4096 quae
1433 4037 1542 4077 sua
1589 4024 1785 4078 essent
1828 4036 1953 4097 per-

296 4128 507 4182 pessus
565 4114 928 4168 existimetur
983 4113 1011 4167 ‘t‘
1064 4113 1225 4178 Quod
1287 4113 1338 4168 si
1395 4110 1486 4167 his
1548 4111 1951 4167 contradicere

296 4217 466 4256 nemo
498 4207 693 4271 queat,
754 4201 1132 4272 perspicuum
1191 4205 1300 4269 est,
1353 4218 1532 4257 unam
1574 4201 1854 4256 Deitatem
1891 4201 1946 4256 in

297 4290 483 4344 tribus
514 4306 643 4345 esse
674 4290 1054 4346 adorandum.
1088 4291 1169 4345 Ea
1197 4306 1330 4346 vero
1354 4298 1488 4345 sunt
1522 4290 1707 4359 Pater,
1742 4289 1947 4361 Filius,

297 4382 354 4432 et
384 4377 632 4450 Spiritus
679 4383 936 4435 sanctus.
970 4378 1073 4434 Vel
1114 4379 1289 4435 etiam
1347 4379 1457 4435 hoc
1503 4384 1671 4451 pacto
1704 4379 1948 4435 demon-

296 4470 466 4523 strari
503 4474 690 4540 potest
722 4485 735 4536 ;
769 4468 894 4524 Una
926 4469 1143 4537 Deitas,
1169 4487 1295 4541 quae
1330 4469 1567 4541 quidem
1597 4486 1631 4524 a
1659 4469 1947 4541 theologis

295 4574 460 4613 mens
495 4558 749 4614 universi
782 4557 1083 4627 definitur,
1108 4559 1179 4614 ab
1207 4557 1594 4630 intelligentia
1622 4564 1678 4614 et
1699 4564 1944 4630 cognato

294 4645 591 4703 intellectu
628 4665 743 4704 non
801 4648 1153 4720 sejungitur.
1184 4648 1241 4703 Si
1286 4649 1523 4721 quidem
1558 4665 1722 4704 mens
1755 4649 1944 4704 haud-
1977 4630 2022 4695 D

294 4754 589 4809 quaquam
623 4742 800 4807 esset,
845 4739 957 4793 nisi
988 4738 1162 4794 simul
1203 4739 1507 4794 exsisteret
1535 4738 1941 4817 intelligentia,

294 4844 400 4883 nec
431 4827 816 4899 intelligentia
862 4827 1121 4884 vicissim
1173 4827 1217 4884 si
1245 4827 1544 4883 intellectu
1594 4827 1940 4899 privaretur.

290 4922 412 4973 Hoc
463 4916 857 4989 theologicum
905 4916 1132 4973 axioma
1189 4916 1275 4973 vel
1338 4916 1445 4973 hac
1504 4934 1671 4973 sacra
1720 4918 1945 4974 ratione

287 5008 752 5064 confirmabitur.
799 5007 913 5062 Nec
946 5006 1100 5063 aliud
1139 5023 1207 5063 ex
1257 5007 1370 5064 alio
1401 5013 1504 5065 aut
1553 5007 1803 5066 divisum
1842 5013 1944 5066 aut

282 5099 621 5169 sejunctum
654 5104 763 5164 est,
819 5114 1009 5172 neque
1040 5098 1200 5154 aliud
1236 5098 1424 5171 prius,
1474 5100 1703 5156 aliudve
1734 5106 1940 5179 poste-

282 5188 426 5258 rius,
478 5192 535 5244 et
586 5193 783 5244 tamen
817 5188 929 5242 tria
979 5191 1141 5243 sunt.
1192 5186 1307 5251 Nec
1338 5189 1493 5245 enim
1552 5190 1707 5260 quod
1749 5206 1940 5261 mens,

282 5279 342 5334 id
401 5279 597 5350 ipsum
660 5281 750 5334 est
798 5276 1209 5351 intelligentia,
1272 5282 1330 5334 et
1385 5277 1743 5346 intellectus,
1803 5296 1943 5353 quo-

280 5374 441 5433 niam
501 5388 607 5429 nec
656 5372 755 5435 illa
830 5375 971 5429 sunt
1026 5370 1238 5428 mentis
1300 5373 1538 5433 nomine
1621 5377 1938 5448 censenda,

269 5463 536 5537 quamvis
586 5477 656 5516 ex
688 5466 882 5518 mente
930 5462 1272 5533 procedant,
1320 5468 1376 5519 et
1435 5479 1598 5519 mens
1649 5465 1828 5522 simul
1862 5468 1941 5524 sit

266 5569 402 5611 cum
462 5551 603 5606 illis.
658 5549 760 5606 His
813 5567 985 5622 porro
1038 5550 1201 5607 aliud
1264 5556 1493 5618 natura,
1535 5555 1819 5627 dignitate
1877 5557 1934 5613 et

273 5640 683 5711 conjunctione
758 5638 1208 5712 haudquaquam
1272 5657 1551 5699 conversa
1607 5644 1766 5701 aliud
1824 5644 1929 5703 ha-

267 5730 398 5788 bitu
447 5732 505 5786 et
554 5727 1014 5800 proprietatibus
1053 5733 1303 5788 constat.
1349 5730 1497 5788 Hine
1553 5732 1934 5806 perspicuum

2066 3333 2174 3372 suo
2218 3313 2410 3373 metiri
2461 3315 2607 3390 pede
2667 3314 2911 3371 nesciat.
2965 3312 3135 3370 Prius
3191 3314 3347 3371 enim
3398 3330 3575 3371 nosce
3630 3318 3720 3371 te-

2060 3405 2259 3478 ipsum
2310 3421 2425 3477 quo
2458 3405 2631 3460 modo
2663 3404 2860 3465 anima
2891 3402 2995 3461 tibi
3028 3403 3107 3459 sit
3150 3402 3369 3475 infusa,
3418 3406 3713 3481 quomodo

2060 3499 2399 3571 compactus
2456 3511 2542 3560 es,
2590 3494 2885 3575 quomodo
2942 3511 3035 3553 res
3094 3494 3432 3569 incorporea
3483 3497 3714 3568 corpori

2058 3588 2160 3640 tuo
2191 3584 2499 3640 inhabitet.
2534 3583 2742 3640 Utrum
2768 3584 2947 3657 igitur
2986 3601 3199 3658 corpus
3230 3589 3399 3643 tuum
3426 3601 3559 3643 cum
3584 3603 3714 3643 om-

2060 3675 2235 3730 nibus
2283 3674 2407 3729 suis
2459 3672 2740 3729 membris
2792 3673 3146 3745 extenditur,
3206 3691 3279 3731 an
3322 3691 3454 3733 vero
3505 3676 3563 3731 in
3593 3691 3712 3733 uno

2059 3767 2421 3820 contractum
2457 3762 2789 3819 continetur
2816 3764 2844 3819 ?
2874 3763 3003 3820 Jam
3056 3762 3105 3819 si
3136 3764 3495 3834 extenditur,
3529 3765 3711 3823 stulta

2058 3863 2145 3913 est
2174 3853 2434 3927 quaestio,
2467 3870 2778 3927 corporum
2803 3854 2958 3910 enim
2993 3853 3295 3930 proprium
3330 3859 3421 3910 est
3451 3855 3702 3913 extendi.

2059 3945 2159 4000 Sin
2203 3943 2589 4013 contrahitur,
2652 3942 2838 3999 multo
2870 3943 3123 4013 stultior,
3159 3960 3266 4002 nec
3313 3948 3465 4002 enim
3497 3962 3708 4016 corpus

2058 4034 2343 4091 duntaxat
2400 4034 2807 4107 incorporeum
2864 4032 3353 4109 deprehendetur,
3414 4033 3517 4091 sed
3574 4034 3711 4090 reli-

2057 4142 2187 4199 qua:
2265 4141 2497 4201 quoque
2557 4127 2749 4193 partes
2802 4128 3078 4183 emortuis
3157 4124 3595 4194 convincentur,
3647 4129 3711 4185 ut

2056 4232 2182 4286 quae
2214 4214 2285 4268 ab
2335 4213 2533 4268 anima
2582 4212 2909 4269 vivificante
2962 4214 3241 4287 sejunctas
3272 4213 3415 4273 sint.
3460 4213 3622 4278 Quod
3653 4214 3705 4273 si

2054 4318 2255 4359 eorum
2315 4318 2441 4377 quae
2473 4301 2531 4356 in
2563 4304 2621 4358 te
2647 4306 2788 4357 sunt
2836 4302 3188 4375 cognitionis
3234 4319 3413 4377 capax
3463 4302 3709 4360 minime

2054 4393 2158 4462 sis,
2209 4391 2309 4466 qui
2343 4391 2465 4447 fieri
2517 4394 2731 4464 potest,
2764 4396 2832 4449 ut
2872 4409 2938 4447 ea
2989 4390 3305 4467 intelligas,
3374 4410 3501 4466 quis
3533 4410 3709 4465 supra

2050 4484 2107 4536 te
2150 4481 2337 4537 sunt?
2363 4480 2509 4537 Nam
2543 4483 2593 4545 si
2619 4480 2838 4555 judicia
2860 4480 3087 4541 Domini
3121 4480 3527 4539 inscrutabilia
3549 4478 3706 4552 sunt,

2054 4576 2109 4626 et
2138 4569 2238 4625 vise
2288 4570 2417 4645 ejus
2467 4570 3051 4647 impervestigabiles,
3097 4588 3354 4651 quonam
3409 4574 3584 4637 modo
3614 4572 3710 4629 ille

2058 4661 2181 4734 ipse
2212 4658 2565 4739 inquiretur,
2601 4665 2702 4715 aut
2733 4659 3220 4734 pervestigabitur
3257 4661 3285 4716 ?
3324 4662 3711 4729 Quemadmo-

2056 4752 2196 4805 dum
2256 4767 2389 4817 vero
2446 4751 2554 4819 sol,
2587 4752 2818 4813 tametsi
2876 4752 3084 4811 unicus
3134 4752 3229 4819 sit,
3289 4768 3359 4808 ex
3420 4769 3482 4813 se
3514 4759 3704 4810 tamen

2054 4840 2243 4897 lucem
2277 4843 2334 4896 et
2364 4840 2611 4903 calorem
2639 4841 2852 4898 emittit
2885 4860 2898 4899 :
2934 4845 2989 4896 et
3020 4840 3107 4897 sol
3149 4840 3383 4915 quidem
3418 4841 3567 4903 lucis
3600 4860 3708 4900 no—

2056 4930 2211 4987 mine
2248 4929 2775 5002 signiﬁcaturzlux
2820 4947 2989 5003 porro
3035 4935 3245 4991 cuncta
3275 4947 3403 5003 qum
3435 4932 3710 4989 videntur

2054 5019 2404 5077 claritudine
2435 5020 2726 5092 patefacit,
2786 5018 2943 5079 calor
2994 5036 3130 5077 vero
3152 5019 3481 5081 animantia
3511 5022 3708 5079 omnia

2055 5108 2405 5181 plantasque
2436 5108 2693 5165 viviﬁcat
2726 5126 2739 5164 :
2775 5107 2855 5169 ita
2885 5109 3063 5167 etiam
3110 5108 3264 5167 Deus
3297 5108 3463 5171 Pater
3492 5110 3706 5169 Filium

2053 5202 2111 5255 et
2141 5199 2422 5279 Spiritum
2456 5198 2538 5254 ita
2576 5198 2857 5271 continet,
2910 5202 2975 5255 ut
3030 5215 3149 5256 una
3173 5202 3231 5254 in
3294 5200 3482 5261 tribus
3512 5200 3707 5257 Dietas

2053 5289 2605 5369 comprehendatur.
2654 5289 2813 5349 Unus
2866 5289 3022 5351 enim
3073 5289 3230 5348 Deus
3260 5297 3372 5359 est,
3425 5291 3563 5363 quia
3594 5308 3711 5349 una

2051 5375 2270 5447 Dietas,
2313 5376 2814 5448 quemadmodum
2877 5382 2934 5434 et
2992 5376 3180 5439 lucem
3215 5378 3357 5435 solis
3399 5378 3581 5439 solem
3615 5395 3715 5452 ap-

2050 5463 2362 5536 pellamus.
2398 5466 2539 5521 Cum
2573 5465 2729 5527 enim
2762 5483 2865 5538 per
2907 5466 3170 5527 foramen
3203 5464 3525 5536 aliquodin
3558 5466 3712 5531 sedes

2049 5554 2355 5627 ingressus
2405 5560 2514 5624 est,
2556 5554 2640 5610 ita
2691 5555 2884 5612 dicere
2933 5554 3193 5613 solemus
3229 5573 3242 5611 :
3276 5554 3369 5610 Sol
3414 5555 3712 5627 ingressus

2051 5649 2295 5705 domum
2339 5644 2679 5717 illustravit,
2730 5652 2953 5717 contra,
2985 5647 3035 5703 si
3066 5644 3301 5725 quando
3350 5645 3407 5702 vi
3439 5647 3580 5707 solis
3613 5664 3709 5703 ca-

2049 5738 2315 5796 lefactiva
2360 5735 2807 5805 incalescamus,
2863 5737 3068 5809 utique
3126 5752 3234 5793 nos
3264 5754 3296 5795 a
3329 5735 3454 5794 sole
3492 5736 3703 5793 calefa-
