4052 6426
333 347 482 409 1151
1655 344 1973 407 NICETJE

2114 349 2223 412 ΟΝ
2231 352 2440 415 ΙΑΤιΕ
3604 358 3638 415 1
3652 361 3681 417 1
3696 360 3805 421 52

332 485 456 537 ctos
487 480 761 543 dicimus,
794 495 930 533 vera
960 477 1196 532 interim
1232 477 1511 532 dicentes.
1544 479 1680 540 Quae
1724 477 1880 532 enim
1910 477 1983 534 ab
2012 489 2072 553 Α
2104 495 2292 552 verbis
2324 497 2412 549 εει
2447 489 2794 546 vaticinatus
2830 506 2843 543 ε
2875 487 3013 560 Qui;
3042 489 3105 543 ίη
3140 487 3380 545 nubibus
3407 490 3652 560 κςηαιίε
3682 492 3806 561 [εει

329 572 454 643 ipsa
491 573 703 624 natura
735 569 1077 639 procedunt.
1103 583 1168 622 ea
1201 582 1576 637 nequaquam
1630 567 1701 622 ab
1724 568 1987 639 eiusap-
2094 586 2350 650 Domino,
2408 578 2818 636 assimilabitur
2874 579 3103 634 Domino
3164 579 3224 632 in
3281 579 3419 648 ﬁliis
3474 579 3577 635 Dei
3635 580 3683 615 ³⁸
3765 581 3799 636 r

333 658 649 749 Penati?“
689 657 1040 749 thori‘eni'
1124 655 1621 749 Ωυθωθάωοάυηλ
1681 673 1817 749 επεο
1877 658 1986 724 εοιν
2093 676 2308 749 quibus
2382 670 2576 727 verbis
2648 667 2978 724 naturalem
3056 666 3371 740 peculiaris
3447 668 3789 728 ﬁliationis

334 746 569 805 tametsi
600 747 811 803 unicus
861 746 961 814 sit,
993 744 1219 800 lumine
1268 749 1466 800 tamen
1512 750 1571 800 et
1613 745 1801 802 calore
1844 763 1988 818 prae-

2114 744 2309 822 lhristi
2363 759 2806 835 praerogativam
2865 759 3043 815 tacite
3100 757 3460 825 subindieat,
3513 775 3637 829 pra
3690 760 3786 817 iis

336 840 650 929 dlillsueart:
708 851 959 929 ειυοτιξιω
1007 833 1244 929 utrique
1298 835 1474 929 etiam
1535 834 1678 929 solis
1709 835 1992 929 ίῗίδυξῖυν
2094 873 2242 929 quos
2310 833 2466 909 Deus
2539 849 2853 921 adoptione
2908 855 2964 904 el
3033 847 3219 919 gratia
3294 847 3408 903 sibi
3467 848 3782 906 devinxit.

338 927 673 1000 appellatio,
707 941 837 981 cum
871 923 1107 979 interim
1167 924 1247 979 sit
1278 923 1490 979 unicus
1536 922 1622 979 sol
1662 941 1674 979 :
1708 925 1792 980 sic
1814 926 1987 981 etiam
2094 922 2317 1002 ﬁeinde
2365 957 2502 997 vero
2561 942 2755 1011 potest
2804 941 2862 994 ει
2912 937 3029 993 hac
3078 937 3139 992 in
3181 936 3441 993 medium
3508 940 3779 1009 ριιοεθιτί

335 1017 566 1072 “linem
628 1032 780 1070 unus
847 1018 1080 1069 tantum
1142 1013 1220 1068 ait
1278 1014 1455 1079 Deus!
1533 1012 1743 1069 Filium
1795 1018 1991 1071 tamen
2097 1034 2265 1090 ratio.
2320 1031 2663 1101 Ubicunque
2714 1025 2979 1083 naturale
3018 1042 3131 1081 non
3183 1026 3570 1098 praecesserit,
3633 1028 3773 1085 ﬁeri

335 1112 392 1162 εἴ
446 1106 727 1178 Spiritum
786 1103 1182 1194 indissombi“
1257 1121 1405 1160 ne!“
1470 1104 1587 1194 Sibi
1644 1105 1992 1194 οοηᾰιωβιοε
2098 1140 2215 1181 non
2270 1136 2464 1194 posse,
2526 1122 2592 1173 ut
2636 1115 2978 1188 adoptivum
3039 1115 3457 1187 subsequatur.
3512 1121 3655 1173 Nam
3685 1135 3763 1174 ex

336 1195 530 1265 habet,
579 1195 823 1266 ipseque
874 1194 1018 1250 adeo
1063 1193 1240 1264 De“,
1279 1198 1342 1248 Ut
1400 1193 1592 1282 τείρεα
1624 1197 1730 1260 θεῖ’
1785 1193 1992 1250 Filius“
2097 1193 2355 1270 naturali
2411 1208 2784 1282 generatione
2833 1223 2898 1262 ea
2929 1221 3058 1277 quae
3102 1221 3202 1278 per
3253 1205 3622 1277 adoptionem
3658 1207 3755 1274 ﬁt,

338 1299 453 1355 que
502 1282 676 1351 De“,
710 1289 788 1374 θίᾼ
819 1281 1073 1374 δρίῗίίμυβ
1123 1287 1275 1374 De"?
1326 1281 1676 1374 #PPenFiu“,
1721 1282 1993 1374 quam“?
2097 1281 2433 1374 excogitata,
2472 1300 2579 1353 est.
2631 1295 2829 1351 Priore
2880 1293 3133 1358 sublata,
3188 1293 3474 1363 posterior
3524 1310 3764 1366 quoque

337 1391 454 1428 una
487 1376 710 1426 tantum
745 1371 821 1427 sit
880 1370 1182 1426 Divinitas.
1237 1371 1385 1436 Quid
1414 1371 1604 1426 verbis
1665 1387 1813 1440 Opus
1845 1370 1993 1426 est?
2101 1370 2341 1449 ιοιιαξω.
2392 1403 2631 1445 necesse
2687 1390 2793 1442 est,
2853 1383 3200 1441 Necessario
3259 1383 3417 1439 enim
3477 1389 3766 1441 naturam

340 1463 499 1535 Ignis
524 1464 638 1530 hic»
674 1477 847 1533 quem
881 1477 1057 1516 3°03“
1110 1462 1492 1532 Ρθτθίῖδίωυδν
1544 1460 1788 1516 materia
1834 1461 1995 1552 ﬂum'
2102 1479 2484 1552 subsequitur
2528 1476 2779 1548 adoptio.
2845 1474 3090 1530 Proinde
3149 1473 3260 1529 nisi
3309 1473 3427 1529 Deo
3476 1473 3634 1529 Patri
3669 1474 3773 1529 Fi-

341 1571 496 1610 mam
537 1556 963 1626 progenerante
993 1558 1242 1617 constat,
1288 1556 1518 1608 constat
1542 1557 1599 1607 et
1626 1568 1841 1623 vapore
1873 1551 1992 1608 illo.

341 1645 441 1716 qui
470 1661 537 1698 ex
588 1643 825 1698 ﬂamma
870 1646 927 1697 et
979 1641 1224 1698 materia
1263 1656 1499 1697 sursum
1550 1641 1872 1697 emittitur:
1903 1641 1994 1695 in-

344 1734 518 1788 terim
560 1733 714 1804 ignis
776 1749 929 1786 unus
968 1736 1076 1800 est,
1129 1731 1379 1786 ﬂammea
1405 1734 1599 1785 autem
1645 1730 1996 1801 vaporisque

2101 1572 2215 1627 lius
2249 1566 2536 1625 naturalis
2566 1569 2742 1631 esset,
2770 1579 2876 1619 nec
2905 1563 3240 1634 adoptivum
3285 1562 3461 1619 etiam
3488 1563 3767 1619 haberet.

2100 1662 2211 1719 Sed
2246 1658 2377 1717 Filii
2408 1655 2605 1712 dilecti
2635 1653 2940 1722 beneﬁcio,
2975 1669 3142 1709 amor
3169 1669 3283 1725 quo
3328 1654 3456 1724 pios
3486 1670 3771 1726 quosque

2102 1749 2499 1824 prosequitur,
2549 1744 2938 1801 ascribendus
2986 1747 3093 1799 est.
3153 1743 3367 1799 Eadem
3420 1759 3661 1814 quoque
3694 1745 3773 1799 de

340 1821 622 1913 b90939“)
651 1822 735 1889 ﬁt:
770 1825 836 1875 ιη
859 1821 1294 1913 (ἰυοίῙέωωρίξο
1322 1819 1541 1913 fere?“
1562 1821 1797 1913 “Dicul”
1829 1819 1991 1913 illam
2029 1850 2072 1913 Β
2104 1819 2465 1896 δαηεαήίὶιὶοε
2498 1835 2807 1907 adoptione
2855 1841 3040 1890 vocat.
3100 1832 3334 1904 Alioqui
3363 1834 3500 1904 quid
3537 1834 3776 1900 obstat,

356 1911 745 1978 Divinitatem,
808 1927 934 1982 quae
1025 1911 1082 1964 in
1165 1910 1375 1964 Triade
1434 1914 1635 1966 sancta
1693 1910 1993 1968 elucescit.

354 2001 544 2057 Unum
599 2016 735 2072 ergo
784 1999 844 2055 in
900 1999 1184 2055 Trinitate
1218 2004 1401 2055 Deum
1434 2015 1563 2055 esse
1612 1999 1721 2057 hac
1760 2000 2001 2056 demon-

353 2091 635 2147 stratione
703 2090 1012 2161 probatum
1070 2089 1168 2155 sit,
1234 2093 1399 2145 tanta
1472 2089 1733 2161 quidem,
1783 2096 2003 2161 quanta

350 2181 433 2235 rei
469 2180 655 2251 ipsius
690 2177 892 2235 virtuti
921 2178 1204 2249 exemplis
1244 2179 1800 2251 cemprehendeudae
1832 2178 2002 2234 suffi-

347 2268 481 2324 ciat.
520 2268 635 2323 Nec
687 2268 840 2324 enim
893 2267 1013 2322 ullo
1067 2268 1194 2322 fieri
1254 2268 1426 2323 modo
1485 2271 1693 2340 potest,
1746 2272 1812 2322 ut
1869 2283 2002 2340 per-

348 2358 613 2428 spicuam
682 2357 835 2428 quis,
904 2356 1297 2428 omnibusque
1371 2358 1634 2413 numeris
1669 2356 2000 2413 absolutam

352 2447 613 2505 veritatis
701 2446 1091 2518 cognitionem
1191 2451 1563 2518 assequatur.
1641 2446 2003 2517 Expediisset

352 2538 589 2610 quidem
624 2542 800 2606 certe,
833 2540 899 2593 ut
950 2537 1157 2592 mundi
1189 2538 1391 2609 Opifex
1441 2554 1542 2608 per
1590 2542 1814 2593 creatas
1866 2554 1900 2592 a
1940 2554 2002 2594 se

351 2644 443 2683 res
475 2644 589 2683 non
625 2626 995 2682 innotuisset.
1032 2626 1157 2682 Dici
1198 2626 1355 2681 enim
1390 2642 1507 2681 non
1550 2630 1741 2698 potest
1782 2631 2001 2698 quanto

348 2716 666 2773 interstitio
695 2716 930 2773 Creator
949 2733 982 2771 a
1012 2720 1280 2772 creatura
1301 2716 1381 2772 sit
1409 2716 1676 2773 dissitus.

972 2834 1127 2891 CAP.
1171 2832 1371 2890 XXIV.

352 2944 781 3011 Demonstratio,
812 2959 923 3014 qua
946 2943 1116 2998 Deum
1145 2958 1215 2997 ex
1243 2958 1306 2998 eo
1334 2942 1482 3014 quod
1510 3013 1513 3014 ν
1537 2950 1743 3014 natura
1791 2939 2000 2996 Filium

420 3015 603 3081 habet,
674 3013 967 3078 adoptione
1041 3029 1253 3086 quoque
1306 3013 1457 3086 ﬁlios
1499 3013 1725 3086 habere,
1790 3019 1843 3086 et
1889 3014 2001 3086 nisi

422 3087 711 3141 naturalis
758 3085 941 3142 Filius
968 3082 1357 3156 praecessisset,
1388 3084 1662 3156 adoptivis
1709 3082 1821 3139 loci
1850 3083 2001 3139 nihil

423 3158 696 3230 reliquum
714 3159 910 3227 fuisse,
940 3157 1225 3228 probatur.

419 3270 584 3338 Quod
612 3271 660 3328 si
688 3272 917 3328 Christo
966 3272 1100 3343 quis
1163 3273 1225 3326 ut
1284 3271 1466 3326 Filius
1519 3272 1615 3326 Dei
1670 3276 1997 3340 vocaretur,

350 3361 848 3432 quemadmodum
908 3365 965 3416 et
1019 3361 1264 3428 sanctis,
1325 3364 1381 3417 et
1440 3359 1662 3429 Israeli,
1718 3359 1999 3433 obtigisse

348 3450 537 3522 gratia
574 3450 904 3517 contendat,
953 3450 1103 3506 scire
1132 3450 1305 3505 debet
1334 3452 1671 3505 sanctorum
1704 3449 1997 3505 neminem

349 3539 655 3611 perspicue
688 3537 875 3594 ﬁlium
907 3557 938 3595 a
969 3539 1084 3595 Deo
1123 3543 1392 3595 vocatum
1423 3538 1626 3596 videri.
1670 3540 1791 3596 Imo
1841 3557 2000 3595 com-

355 3627 516 3682 muni
547 3643 752 3683 omnes
785 3628 1041 3699 quodam
1073 3628 1309 3683 nomine
1358 3627 1508 3685 ﬁlios
1540 3628 1842 3702 appellari,
1885 3645 1999 3684 non

353 3733 521 3773 secus
573 3721 750 3789 atque
813 3734 1012 3774 servos
1062 3717 1372 3775 benevolos
1437 3735 1469 3774 a
1531 3721 1776 3778 Domino
1848 3719 1999 3776 filios

354 3810 468 3866 dici
516 3811 803 3867 videmus.
857 3811 1106 3884 Magnus
1151 3817 1305 3869 certe
1357 3812 1467 3868 fuit
1513 3813 1907 3882 Abrahamus,
1942 3814 2002 3868 at

355 3900 451 3955 Dei
508 3898 664 3955 illius
720 3916 1098 3973 nequaquam
1158 3901 1351 3959 dictus
1422 3906 1529 3958 est.
1588 3902 1841 3974 Magnus
1892 3902 2002 3957 fuit

345 3991 565 4059 Moyes,
602 3992 665 4044 et
715 3993 908 4045 caeteri
959 4005 1166 4045 omnes
1215 3989 1532 4062 praphette,
1573 4007 1775 4046 eorum
1804 3996 2000 4045 tamen

349 4076 644 4133 neminem
729 4081 884 4135 Deus
939 4077 1177 4135 nomine
1234 4078 1491 4135 filiorum
1549 4080 1829 4151 dignatus
1888 4084 1997 4136 est.

347 4166 647 4223 Christum
706 4184 907 4224 verum
955 4171 1080 4224 tum
1142 4173 1292 4224 Deus
1350 4169 1475 4240 ipse
1515 4172 1686 4225 Pater
1715 4167 1998 4225 dilectum

351 4256 567 4312 Filium
620 4260 807 4324 vocat,
840 4262 964 4313 tum
1019 4257 1316 4329 prophetae
1376 4274 1611 4330 quoque
1669 4258 1784 4331 ipsi
1842 4259 1997 4316 idem

350 4349 664 4404 testantur.
727 4346 842 4403 Nec
891 4347 950 4402 id
981 4346 1173 4404 solum
1230 4353 1383 4420 post,
1417 4349 1519 4404 sed
1551 4352 1610 4404 et
1655 4354 1789 4405 ante
1820 4365 2000 4420 quam

348 4434 674 4491 humanam
726 4452 962 4491 carnem
1002 4436 1294 4506 indueret,
1351 4437 1467 4494 imo
1512 4437 1707 4494 hercle
1737 4455 1869 4495 vero
1898 4456 1999 4495 an-

2110 1930 2429 2001 quominus
2460 1925 2676 1998 angeli,
2708 1940 2839 1980 cum
2876 1924 2996 1980 sint
3026 1922 3367 1979 hominibus
3404 1922 3590 1977 multo
3613 1940 3774 1993 prae-

2108 2018 2444 2084 stantiores,
2477 2014 2866 2087 spiritualium
2918 2011 3171 2068 ﬁliorum
3213 2016 3405 2084 patres
3436 2012 3720 2068 dicantur
3752 2031 3773 2070 :

2108 2107 2372 2165 homines
2389 2110 2583 2161 autem
2601 2104 2873 2160 dicantur
2891 2100 2919 2156 τ
2941 2101 3439 2173 quemadmodum
3472 2102 3544 2157 de
3576 2102 3774 2159 Abra-

2107 2198 2282 2253 hamo
2341 2195 2625 2251 Dominus
2674 2192 2755 2249 ait
2805 2210 2817 2249 :
2867 2193 3088 2248 Patrem
3148 2191 3453 2246 multarum
3508 2194 3776 2264 gentium

2105 2285 2368 2343 constitui
2393 2289 2443 2341 le
2474 2282 2544 2352 δν,
2578 2283 2733 2355 quod
2755 2282 2824 2338 de
2842 2280 3006 2338 nullo
3025 2279 3369 2353 angelorum
3391 2280 3611 2336 dictum
3645 2290 3770 2338 est.

2105 2378 2355 2435 Omnino
2386 2380 2581 2433 autem
2627 2374 2767 2446 quia
2824 2372 3108 2429 naturalis
3166 2371 3512 2427 hominibus
3568 2376 3663 2428 est
3693 2372 3772 2429 li-

2105 2470 2374 2525 berorum
2435 2463 2784 2538 procreatio,
2815 2460 3042 2534 angelis
3076 2478 3209 2517 vero
3268 2478 3384 2517 non
3442 2463 3607 2529 item,
3668 2462 3773 2518 id—

2103 2558 2259 2615 circo
2290 2556 2379 2613 illi
2408 2571 2558 2627 quos
2609 2570 2712 2627 per
2741 2551 2991 2623 gratiam
3022 2551 3179 2607 Deus
3224 2551 3546 2623 adoptavit,
3582 2557 3769 2608 natu-

2103 2649 2287 2705 ralem
2344 2645 2562 2702 Christi
2613 2643 2956 2699 filiationem
3013 2642 3384 2697 conﬁrmant.
3448 2641 3557 2698 Ubi
3605 2642 3769 2698 enim

2104 2738 2340 2804 veritas,
2399 2735 2481 2791 ibi
2524 2738 2582 2791 et
2627 2732 2894 2790 veritatis
2941 2732 3192 2805 species.
3251 2730 3361 2786 Ubi
3411 2747 3647 2803 corpus,
3683 2732 3768 2788 ibi

2104 2833 2162 2883 et
2214 2826 2443 2881 umbra.
2490 2822 2601 2878 Ubi
2642 2820 2957 2892 exemplar,
3018 2821 3097 2875 ibi
3130 2825 3187 2876 et
3242 2821 3459 2893 imago.
3516 2820 3775 2877 Proinde

2106 2916 2245 2988 quia
2295 2921 2561 2969 naturam
2610 2911 2880 2983 sequitur
2910 2910 3169 2983 adoptio,
3238 2910 3289 2965 si
3348 2918 3558 2966 natura
3617 2927 3775 2983 prm-

2104 3004 2331 3073 existat,
2380 3001 2680 3075 adoptioni
2726 3016 2959 3074 quoque
3005 3000 3170 3056 locus
3209 2999 3339 3056 erit.
3374 3001 3415 3056 E
3446 3001 3772 3070 contrario,

2106 3093 2222 3149 nisi
2281 3096 2492 3149 natura
2536 3091 2888 3163 praeexistat,
2942 3090 3176 3161 ad0ptio
3230 3088 3564 3160 neutiquam
3618 3104 3771 3143 con—

2039 3212 2082 3279 ρ
2112 3183 2321 3239 sistere
2352 3185 2562 3253 potest.

2744 3294 2900 3352 CAP.
2942 3294 3114 3353 XXV.

2106 3410 2180 3464 De
2218 3407 2522 3478 Principio,
2580 3404 2951 3477 Principium,
3002 3405 3062 3459 id
3119 3409 3199 3460 est
3246 3406 3391 3478 Deus
3437 3408 3625 3467 Pater,
3657 3405 3768 3478 qui.

2178 3476 2518 3552 quascunque
2591 3478 2724 3552 vult,
2776 3476 2849 3552 ea
2902 3483 3102 3548 potest.
3154 3476 3382 3552 Primus
3464 3479 3513 3530 et
3568 3476 3770 3552 noris-

2176 3547 2373 3619 simus,
2421 3547 2771 3616 invisibilis,
2825 3547 3152 3616 immensus,
3221 3547 3769 3618 incircumscriptus,

2178 3626 2567 3695 incorporeus,
2654 3620 3006 3695 inde/initus,
3078 3632 3341 3695 internus,
3430 3619 3771 3675 circulorum

2177 3691 2415 3762 creator,
2446 3694 2621 3750 variis
2650 3691 2948 3763 Scriptum
2977 3693 3110 3747 locis
3131 3694 3419 3764 probatur.

2178 3814 2382 3871 Totius
2414 3828 2606 3869 rerum
2661 3810 3061 3868 universitatis
3120 3827 3306 3867 unum
3365 3826 3495 3867 esse
3550 3810 3780 3882 princi-

2107 3905 2269 3977 pium
2328 3907 2385 3960 et
2440 3902 2665 3959 Veteris
2717 3909 2770 3958 et
2826 3901 2968 3957 Novi
3044 3901 3403 3957 Testamenti
3460 3900 3778 3971 Scriptura

2106 3998 2356 4052 constat.
2389 3992 2677 4050 Nimirum
2712 3992 2996 4049 universa:
3027 3992 3234 4048 mundi
3264 3991 3547 4048 machinae
3575 3996 3774 4048 Deum

2106 4087 2163 4139 et
2193 4087 2422 4139 Patrem
2456 4081 2689 4138 Domini
2744 4084 2933 4137 nostri
2960 4079 3100 4136 Jesu
3131 4080 3370 4149 Christi,
3402 4078 3770 4152 ingenitum,

2106 4172 2367 4229 inleritui
2427 4189 2543 4228 non
2603 4172 2944 4241 obnoxium,
3007 4175 3309 4239 internum,
3378 4170 3773 4239 immensum,

2105 4260 2705 4333 incircumscriptu'n,
2733 4260 3129 4328 indeﬁnitum,
3164 4259 3649 4332 incompositum,
3684 4260 3779 4314 in-

2106 4366 2477 4422 corporeum,
2581 4348 2958 4417 invisibilem,
3057 4348 3407 4421 simplicem,
3520 4349 3775 4418 bonum,

2099 4440 2354 4511 justum,
2390 4439 2588 4494 lumen
2622 4438 2745 4494 solo
2793 4437 3090 4494 intellectu
3126 4436 3526 4510 perceptibile,
3562 4444 3774 4508 poten-

346 4529 588 4596 tequam
621 4526 881 4581 mundus
930 4526 1295 4582 conderetur.
1330 4526 1482 4583 Illud
1514 4527 1696 4594 enim,
1728 4530 1810 4583 Ea:
1838 4538 1997 4586 utero
2034 4577 2076 4598 ἢ
2107 4529 2248 4583 tiam
2284 4526 2854 4595 immensurabilem,
2907 4528 3075 4598 cujus
3106 4532 3306 4582 tamen
3366 4525 3540 4583 unica
3600 4543 3775 4581 men-

343 4622 473 4671 ante
530 4615 851 4684 Luci/erum
896 4617 1067 4687 genui
1118 4613 1264 4683 te“,

345 4706 507 4762 colles
526 4705 721 4777 genuit
753 4721 840 4760 me
866 4703 939 4776 ³⁷,
971 4705 1079 4762 hoc
1110 4708 1307 4778 ipsum
1350 4707 1680 4762 conﬁrmat.
1718 4709 1781 4762 In
1813 4708 2002 4764 homi-

348 4795 523 4852 nibus
574 4800 769 4852 autem
821 4812 936 4852 non
983 4795 1065 4851 ita
1094 4811 1157 4852 se
1206 4812 1294 4852 res
1332 4795 1527 4853 habet.
1590 4798 1792 4868 Itaque
1821 4814 1891 4853 ex
1914 4798 2004 4855 his

349 4886 539 4957 primo
597 4884 892 4941 Christum
926 4900 1040 4940 non
1074 4884 1387 4956 adoptione
1435 4889 1493 4940 et
1523 4885 1731 4955 gratia,
1761 4887 1861 4941 sed
1895 4903 2000 4943 na-

349 4977 482 5029 tura
512 4977 569 5028 et
617 4972 857 5030 veritate
888 4972 1101 5030 Filium
1134 4973 1237 5029 Dei
1269 4973 1382 5029 dici
1447 4978 1715 5031 constat:
1754 4991 1819 5031 eo
1843 4977 1999 5047 quod

348 5078 546 5118 eorum
583 5062 683 5133 qui
727 5063 912 5135 gratia
944 5062 1049 5117 filii
1082 5066 1223 5118 sunt
1273 5062 1502 5118 nullum
1538 5067 1690 5118 Deus
1740 5064 1849 5120 hoc
1880 5066 2000 5137 pri-

347 5152 527 5207 vatim
590 5152 825 5208 nomine
882 5151 1247 5225 compellarit
1292 5168 1307 5208 :
1356 5152 1449 5208 cui
1508 5152 1741 5223 quidem
1802 5155 1998 5225 amici,

348 5240 520 5309 servi,
561 5248 614 5296 et
645 5241 845 5297 famuli
879 5258 1094 5298 nomen
1119 5242 1175 5297 in
1211 5257 1306 5298 ore
1330 5242 1606 5315 frequens
1638 5244 2001 5316 obversatur,

346 5330 425 5386 fili
460 5346 593 5387 vero
625 5345 972 5401 nunquam;
1014 5331 1246 5388 Christo
1294 5337 1489 5388 autem
1541 5333 1649 5389 soli
1694 5336 2002 5407 perspicue

349 5420 463 5472 κατ’
522 5416 745 5494 ἐξοχὴν,
805 5421 913 5477 hoc
972 5426 1061 5478 est
1121 5436 1224 5493 per
1300 5421 1725 5489 excellentiam,
1783 5441 1998 5481 nomen

350 5507 477 5563 Filii
509 5508 705 5566 dilecti
761 5511 1048 5567 attribuit.
1113 5509 1277 5573 Quod
1332 5512 1575 5569 Davides
1625 5530 1860 5585 quoque
1906 5514 2000 5570 his

1319 4622 1376 4672 et
1418 4616 1587 4685 illud,
1641 4619 1787 4673 Ante
1815 4614 2247 4674 omnesusura
2303 4620 2414 4687 est,
2493 4617 2694 4671 divina
2751 4615 2976 4672 scilicet
3041 4614 3332 4672 voluntas.
3395 4619 3777 4687 Quaecunque

2117 4705 2272 4762 enim
2314 4705 2454 4772 vult,
2515 4706 2717 4761 eadem
2751 4721 2981 4777 quoque
3033 4708 3247 4777 potest.
3282 4705 3445 4769 Quod
3479 4704 3777 4777 Propheta

2115 4795 2209 4851 his
2247 4795 2438 4852 verbis
2470 4800 2665 4866 aperte
2727 4795 3090 4852 demonstrat
3120 4811 3132 4851 :
3168 4794 3371 4851 Omnia
3425 4793 3583 4850 enim
3611 4812 3775 4865 qua:-

2113 4902 2328 4958 cunque
2356 4886 2532 4941 voluit
2559 4886 2846 4952 Dominus,
2888 4884 3022 4957 fecit
3052 4883 3119 4939 ⁴⁰.
3153 4884 3564 4939 Praedictorum
3598 4900 3775 4953 porro

2109 4976 2410 5032 veritatem
2470 4990 2639 5031 sacra
2712 4973 3011 5047 Scriptura
3067 4974 3398 5029 confirmat.
3477 4973 3775 5029 Audimus

2111 5063 2268 5121 enim
2333 5065 2511 5120 Deum
2573 5063 2745 5119 sicin
2806 5061 3192 5135 legislationis
3245 5079 3364 5117 suae
3397 5060 3564 5117 initio
3590 5064 3779 5121 verba

2112 5155 2422 5212 facientem
2459 5173 2471 5213 :
2512 5158 2616 5228 Ego
2647 5173 2769 5212 sum
2818 5156 3084 5212 Dominus
3111 5155 3250 5209 Deus
3288 5159 3438 5221 tuus,
3472 5154 3570 5225 qui
3598 5155 3781 5210 eduxi

2112 5253 2163 5301 te
2192 5245 2259 5302 de
2302 5253 2452 5302 terra
2507 5246 2752 5318 .Egypti.
2813 5245 2931 5301 Non
2990 5251 3157 5299 erunt
3186 5243 3291 5298 tibi
3341 5243 3427 5298 dii
3480 5243 3660 5298 alieni
3689 5259 3780 5299 co—

2112 5352 2232 5391 ram
2262 5351 2349 5391 me
2399 5334 2468 5393 ίί.
2502 5336 2641 5390 item
2676 5334 2789 5391 alio
2853 5334 3003 5405 loco,
3052 5333 3220 5399 Audi,
3278 5333 3468 5400 Israel,
3503 5333 3783 5390 Dominus

2112 5424 2254 5480 Deus
2313 5432 2441 5479 tuus
2498 5425 2762 5481 Dominus
2819 5441 2964 5480 unus
3021 5427 3103 5479 est
3150 5422 3217 5477 ⁴².
3279 5420 3380 5476 His
3440 5420 3781 5494 astipulan-

2110 5517 2208 5568 tur
2256 5518 2314 5571 et
2368 5512 2490 5581 illa,
2551 5530 2675 5586 quae
2734 5530 2836 5586 per
2901 5512 3114 5569 Isaiam
3172 5510 3520 5584 prOphetam
3580 5512 3774 5571 docet.

423 5623 654 5701 “APBAal.
702 5644 820 5701 clx,
850 5630 902 5683 3.
985 5628 1030 5662 ⁸⁷
1064 5633 1221 5701 Prov.
1284 5645 1405 5699 vm,
1453 5630 1545 5686 25.
1622 5629 1845 5689 “Psal.
1897 5647 2162 5701 Lxxxvm,
2218 5633 2273 5690 7.
2353 5632 2398 5668 ³⁸
2428 5634 2571 5691 Gen.
2628 5649 2768 5701 xvu,
2801 5632 2855 5689 4.
2931 5629 2978 5665 ⁴⁰
3005 5628 3161 5686 Psal.
3193 5644 3353 5701 ann,
3385 5629 3438 5684 3.
3516 5629 3558 5683 μ
3589 5629 3776 5687 Exod.

351 5712 446 5761 XX,
476 5694 532 5763 2,
565 5694 617 5749 3-
695 5697 742 5732 ⁴²
767 5694 936 5757 Deut.
965 5714 1046 5769 vr,
1078 5698 1130 5753 4.
