4052 6438
295 432 450 492 1153

1641 422 2041 486 THESAURI
2087 422 2234 482 LIB.
2281 421 2361 482 II.

3561 431 3717 493 1154

293 573 442 643 Ego,
493 569 648 626 enim
697 568 906 640 inquit,
955 583 1075 623 sum
1124 569 1262 623 Deus
1309 565 1548 636 primus,
1600 567 1653 619 et
1699 577 1796 632 ego
1849 575 1942 616 no-
1981 560 2034 626 Α
2063 557 2288 622 Quibus
2313 557 2487 612 etiam
2519 557 2715 613 verbis
2738 558 2906 614 illum
2940 561 3218 617 omnibus
3277 561 3340 617 in
3391 563 3567 618 rebus
3626 565 3718 619 in-

293 661 576 725 vissimus,
610 665 662 714 et
688 659 888 729 absque
917 673 1001 713 me
1031 674 1148 711 non
1177 664 1256 712 est
1288 657 1431 710 Deus
1461 653 1530 709 43.
1563 654 1698 709 Ante
1728 668 1813 707 me
1840 666 1952 706 non

295 756 379 807 est
433 753 706 820 formatus
764 749 902 802 Deus
949 746 1123 815 alius,
1181 761 1292 800 non
1347 745 1482 816 fuit,
1540 760 1638 799 nec
1692 751 1810 814 post
1867 756 1955 795 me

295 843 524 911 futurus
581 847 682 904 est,
739 853 840 892 nec
886 837 1034 891 alius
1088 839 1169 892 est
1218 844 1420 906 prater
1463 849 1571 888 me.
1628 833 1791 898 Item,
1847 832 1954 900 Ego

296 931 462 996 Deus,
513 944 610 983 nec
649 935 730 982 est
785 934 990 996 praeter
1018 941 1124 994 me,
1175 927 1358 997 justus
1413 931 1675 988 servator,
1733 935 1830 975 nec
1879 928 1956 974 est

293 1023 505 1090 praeter
562 1017 739 1072 me“.
802 1016 1026 1078 Quibus
1084 1020 1238 1072 certe
1297 1014 1487 1070 verbis
1556 1011 1949 1076 Valentinum,

301 1110 587 1175 Marcum,
646 1106 978 1173 Basilidem,
1037 1111 1094 1161 et
1143 1104 1494 1161 Marcionem
1532 1102 1808 1158 vanitatis
1862 1117 1956 1155 co-

303 1198 522 1270 arguit,
557 1213 746 1267 neque
775 1195 931 1250 enim
967 1199 1102 1250 ante
1149 1211 1304 1258 eum,
1361 1209 1550 1265 neque
1606 1195 1738 1262 post
1794 1207 1954 1246 eum,

303 1285 404 1341 alii
467 1285 744 1355 cuiquam
799 1284 898 1338 Dei
957 1299 1165 1338 nomen
1224 1282 1466 1337 tribuit:
1525 1280 1630 1336 sed
1685 1279 1954 1334 eumdem

300 1375 564 1446 primum
597 1378 656 1428 et
682 1379 1042 1444 postremum
1075 1388 1205 1427 esse
1235 1371 1562 1427 conﬁrmat.

938 1508 1092 1562 CAP.
1132 1507 1315 1562 XXVI.

383 1628 450 1680 De
481 1628 663 1680 Patre.
717 1624 982 1680 Videntur
1031 1623 1146 1680 haec
1192 1622 1624 1694 praecedentibus
1665 1620 1883 1693 ἀμέσως

947 1697 1314 1750 adnectendo.

379 1816 484 1870 His
515 1832 685 1886 porro
717 1829 1020 1869 sacrarum
1052 1814 1486 1884 Scripturarum
1519 1812 1784 1868 doctrina
1815 1829 1955 1868 con-

2063 647 2574 717 circumscriptum
2609 662 2739 702 esse
2771 651 3060 705 ostendit:
3095 667 3164 706 ex
3208 651 3376 721 cujus
3437 653 3715 710 nimirum

2063 733 2431 806 providentia
2463 735 2660 789 omnia
2701 735 3086 806 dependeant.
3135 737 3291 794 Idem
3329 739 3387 794 in
3422 740 3537 796 alia
3567 759 3720 811 qua-

2064 827 2199 880 dam
2229 823 2570 895 hymnodia,
2604 840 2704 879 seu
2738 823 2978 880 laudum
3028 828 3281 897 cantico,
3341 831 3410 883 ad
3443 847 3576 884 eum
3630 832 3716 888 sic

2065 912 2187 968 ait:
2213 916 2332 982 Quo
2362 912 2449 967 ibo
2480 930 2513 967 a
2567 915 2772 984 spiritu
2802 919 2916 981 tuo,
2959 924 3055 971 aut
3085 932 3192 987 quo
3252 934 3290 973 α
3319 919 3463 988 facie
3493 925 3590 975 tua
3618 924 3711 990 fu-

2063 1005 2244 1072 giam?
2273 1002 2334 1057 Si
2363 1002 2655 1059 ascendere
2689 1004 2745 1057 in
2774 1004 2994 1072 calum,
3023 1010 3088 1059 tu
3118 1005 3239 1061 illic
3269 1024 3325 1061 es
3344 1025 3364 1068 ,·
3407 1009 3457 1064 si
3500 1010 3716 1066 descen-

2065 1092 2193 1147 dero
2225 1095 2289 1148 in
2346 1093 2652 1162 infernum,
2686 1093 2830 1148 ades.
2867 1094 2926 1148 Si
2984 1111 3262 1166 sumpsero
3308 1113 3519 1168 pennas
3573 1117 3722 1156 meas

2064 1183 2331 1250 diluculo,
2362 1191 2412 1238 et
2444 1183 2763 1240 habit'avero
2823 1186 2884 1238 in
2925 1187 3191 1240 extremis
3242 1191 3417 1244 maris
3443 1207 3461 1244 :
3520 1191 3719 1245 etenim

2066 1271 2188 1327 illic
2219 1289 2419 1327 manus
2467 1276 2563 1327 tua
2610 1272 2837 1328 deducet
2883 1290 2987 1341 me,
3015 1279 3065 1329 et
3109 1277 3391 1346 occupabit
3441 1295 3528 1333 me
3587 1281 3726 1334 dea:-

2065 1366 2184 1416 tera
2239 1367 2337 1416 tua
2367 1361 2435 1418 5’.
2497 1361 2627 1417 Haec
2689 1362 2890 1433 utique
2966 1363 3543 1438 incircumscriptam
3598 1369 3724 1439 ejus

2067 1451 2463 1507 substantiam
2496 1456 2555 1506 et
2586 1453 2906 1523 potentiam
2940 1453 3254 1510 declarant.
3290 1456 3470 1511 Isaias
3495 1474 3727 1529 quoque

2068 1540 2349 1611 propheta
2397 1541 2650 1596 clamat:
2708 1540 2814 1608 Qui
2862 1541 3009 1598 sedet
3064 1559 3226 1614 super
3277 1562 3481 1616 gyrum
3535 1552 3723 1614 terrae,

2066 1633 2120 1684 et
2154 1629 2496 1684 habitatores
2551 1630 2665 1699 ejus
2719 1634 2847 1684 sunt
2906 1637 3172 1702 tanquam
3220 1635 3438 1690 locusta
3475 1634 3540 1689 ⁵³.
3603 1636 3726 1691 Alio

2069 1718 2209 1773 item
2261 1720 2384 1774 loco
2443 1719 2732 1775 idolorum
2794 1721 3202 1792 impotentiam
3263 1725 3730 1794 reprehendens,

2069 1808 2190 1863 btec
2239 1809 2500 1878 subjicit,
2553 1808 2769 1880 quibus
2824 1810 2924 1865 Dei
2980 1811 3385 1869 universorum
3443 1816 3726 1887 cognitio-

308 1911 591 1962 sentanea
620 1911 726 1961 est.
757 1907 1028 1960 Servatur
1058 1905 1213 1959 enim
1255 1908 1312 1959 et
1369 1903 1653 1959 Dominus
1686 1911 1884 1959 noster
1910 1904 1958 1959 is
1988 1890 2035 1953 Β
2070 1914 2201 1952 nem
2236 1898 2644 1968 adipiscamur.
2693 1899 2834 1970 Quis
2891 1899 3069 1970 enim,
3105 1901 3311 1971 inquit,
3374 1920 3592 1960 mensus
3651 1913 3730 1960 est

303 2001 416 2063 est,
453 1995 554 2068 qui
612 2011 844 2050 omnem
902 2011 1002 2065 pro
1055 1993 1223 2049 nobis
1247 1994 1542 2064 justitiam
1602 1992 1962 2065 adimplevit.

304 2085 437 2156 Ipse
469 2083 626 2140 enim
680 2083 825 2139 dixit
854 2082 1089 2149 Joanni,
1149 2082 1277 2137 Sine
1316 2083 1496 2149 modo,
1526 2081 1607 2137 sic
1637 2083 1786 2137 enim
1819 2083 1967 2137 decet

305 2189 403 2228 nos
461 2173 691 2244 implere
750 2188 966 2228 omnem
1018 2171 1307 2242 justitiam
1337 2170 1404 2228 ‘5.
1461 2171 1620 2226 Idem
1677 2175 1966 2242 quatenus

303 2263 506 2328 homo,
568 2264 829 2319 oratione
892 2278 1031 2317 usus
1093 2265 1202 2327 est,
1263 2265 1319 2316 et
1377 2279 1410 2316 a
1465 2261 1633 2316 Patre
1677 2261 1864 2332 petiit,
1903 2266 1966 2316 ut

307 2351 610 2424 apostolos
637 2353 888 2408 doceret.
922 2353 1111 2422 Atque
1159 2351 1218 2406 in
1252 2351 1528 2407 orationis
1589 2351 1775 2405 forma
1805 2352 1964 2406 theo-

309 2440 562 2512 logicam
593 2441 921 2496 doctrinam
982 2438 1290 2510 discipulis
1340 2439 1682 2495 insinuavit.
1725 2445 1860 2496 Hazc
1889 2445 1966 2494 est

312 2530 486 2598 enim,
520 2529 733 2601 inquit,
769 2529 880 2585 vita
935 2536 1174 2598 aeterna,
1234 2538 1294 2584 ut
1346 2533 1627 2600 cognoscat
1685 2539 1736 2584 te
1792 2531 1966 2584 solum

311 2637 503 2676 verum
533 2622 703 2676 Deum
735 2621 798 2675 ⁴⁶.
833 2622 1000 2690 Item,
1034 2621 1306 2690 Conﬁteor
1337 2621 1454 2680 tibi,
1489 2623 1682 2686 Pater,
1736 2622 1967 2677 Domine

305 2711 440 2765 coeli
467 2713 519 2765 et
563 2714 744 2780 terrae,
805 2711 1064 2780 quoniam
1120 2709 1454 2764 abscondisti
1502 2710 1620 2765 haec
1649 2727 1683 2764 a
1741 2713 1962 2781 sapien-

313 2799 462 2854 tibus
520 2807 572 2853 et
628 2799 885 2854 revelasti
939 2798 1044 2853 illa
1092 2799 1347 2870 parvulis
1385 2799 1448 2853 ‘7.
1509 2799 1657 2864 Quin
1717 2803 1773 2853 et
1825 2816 1960 2854 san-

309 2890 441 2942 ctus
473 2887 794 2958 Apostolus
826 2889 908 2942 sic
937 2887 1054 2943 ait:
1107 2888 1240 2959 Regi
1268 2891 1456 2943 autem
1499 2889 1828 2944 saeculorum
1859 2891 1968 2944 im-

307 2977 562 3044 mortali,
604 2976 898 3048 invisibili,
965 2977 1073 3034 soli
1125 2979 1250 3047 Deo,
1310 2978 1482 3034 honor
1539 2984 1589 3033 et
1662 2979 1840 3049 gloria
1904 2981 1964 3035 in

308 3069 517 3124 saecula
575 3069 919 3137 saeculorum,
997 3071 1170 3124 Amen
1227 3069 1290 3124 ‘3.
1365 3071 1533 3138 Item,
1599 3071 1746 3127 Unus
1803 3072 1964 3141 Deus,

307 3175 454 3212 unus
483 3157 753 3213 mediator
782 3157 881 3213 Dei
911 3161 960 3213 et
1005 3159 1312 3227 hominum,
1347 3164 1504 3215 homo
1528 3158 1771 3216 Christus
1793 3162 1963 3216 Jesus.

2074 1989 2282 2058 pugillo
2313 2004 2488 2058 aquas
2518 1993 2569 2043 et
2607 1989 2771 2045 caelos
2825 1990 3015 2060 palmo
3057 1992 3384 2061 ponderavit
3407 1993 3433 2047 ?
3478 1997 3604 2065 quis
3625 2013 3729 2066 ap-

2073 2077 2260 2147 pendit
2313 2076 2493 2132 tribus
2541 2078 2734 2148 digitis
2786 2080 2986 2135 molem
3036 2085 3221 2146 terrm,
3285 2087 3334 2137 et
3386 2084 3612 2140 libravit
3671 2088 3727 2140 in

2073 2165 2310 2236 pondere
2347 2176 2582 2236 montes,
2630 2176 2680 2222 et
2709 2168 2870 2223 colles
2927 2174 2989 2224 in
3017 2172 3264 2226 statera?
3323 2172 3453 2240 Quis
3511 2172 3730 2243 adjuvit

2074 2254 2350 2326 Spiritum
2379 2255 2642 2311 Domini?
2670 2265 2767 2312 aut
2796 2259 2918 2330 quis
2948 2259 3305 2316 consiliarius
3351 2261 3468 2333 ejus
3504 2265 3636 2334 fuit,
3679 2273 3732 2319 et

2074 2347 2313 2400 ostendit
2335 2346 2470 2400 illi?
2503 2345 2636 2401 Cum
2669 2363 2772 2418 quo
2802 2348 2936 2404 iniit
2991 2351 3315 2417 consilium,
3363 2356 3415 2407 et
3461 2354 3732 2409 instruxit

2075 2451 2220 2505 eum,
2264 2445 2313 2491 et
2369 2435 2556 2492 docuit
2602 2453 2727 2492 eum
2773 2439 3027 2493 semitam
3058 2439 3324 2510 justitiae,
3379 2448 3434 2497 et
3487 2442 3730 2500 erudivit

2075 2542 2199 2580 eum
2229 2526 2548 2593 scientiam,
2595 2535 2645 2582 et
2677 2529 2823 2582 viam
2869 2529 3184 2599 prudentiae
3224 2532 3470 2586 ostendit
3524 2534 3615 2588 illi
3641 2535 3733 2588 55?

2078 2616 2297 2670 Deinde
2327 2621 2614 2687 quantum
2649 2617 2909 2673 humano
2942 2618 3239 2674 intellectu
3275 2625 3329 2675 et
3380 2621 3584 2693 lingua
3631 2622 3727 2678 Iu-

2079 2709 2307 2764 tulenta
2345 2709 2624 2781 consequi
2669 2715 2884 2781 potest,
2944 2728 3121 2783 quam
3186 2713 3478 2769 immensa
3528 2713 3604 2769 sit
3627 2715 3730 2769 Dei

2076 2798 2262 2853 virtus
2321 2800 2594 2854 ostendit.
2654 2804 2797 2854 Nam
2877 2800 2926 2855 si
2983 2812 3171 2869 gentes
3251 2819 3457 2872 omnes,
3519 2804 3731 2875 inquit,

2077 2890 2239 2960 quasi
2266 2888 2419 2943 stilla
2474 2889 2681 2956 situlaz,
2732 2893 2782 2944 et
2828 2892 2990 2961 quasi
3036 2896 3370 2947 momentum
3416 2897 3638 2950 statera:
3681 2897 3736 2947 et

2077 2989 2350 3050 tanquam
2413 2979 2599 3034 saliva
2661 2985 2940 3050 reputatae
3005 2985 3154 3048 sunt,
3221 2983 3313 3036 cui
3380 2982 3736 3038 assimilastis

2076 3067 2390 3134 Dominum,
2421 3076 2515 3122 aut
2543 3084 2706 3139 quam
2740 3069 3038 3136 imaginem
3075 3071 3286 3142 ponetis
3345 3072 3400 3126 ei
3429 3070 3518 3125 "‘2
3569 3072 3730 3137 Quod

2079 3155 2128 3210 si
2187 3155 2417 3224 coelum,
2480 3160 2654 3222 terra,
2713 3161 2769 3211 et
2827 3173 3012 3229 aquea
3070 3163 3278 3214 natura
3330 3176 3564 3215 omnem
3626 3178 3730 3215 na-

310 3249 501 3303 Item:
536 3249 683 3304 Unus
716 3249 854 3302 Deus
905 3252 1089 3315 Pater,
1123 3265 1192 3304 ea:
1239 3266 1347 3320 quo
1378 3251 1565 3305 omnia
1595 3248 1662 3303 ‘9.
1727 3251 1854 3305 Ηεεο
1912 3257 1964 3305 et
2006 3259 2049 3326 (ς
2077 3247 2269 3300 turam
2305 3250 2557 3300 creatam
2591 3247 2908 3316 continent,
2940 3246 3149 3303 borum
3205 3254 3398 3304 autem
3461 3249 3724 3305 omnium

312 3337 652 3406 hujusmodi
685 3337 964 3409 pleraque
995 3337 1332 3393 testimonia
1364 3338 1422 3393 in
1457 3346 1703 3410 utroque
1762 3340 1967 3395 Testa—

311 3431 514 3482 mento
550 3427 804 3497 reperire
835 3430 946 3491 est,
979 3442 1106 3498 quas
1139 3427 1288 3481 hanc
1325 3428 1697 3484 concordiam
1756 3429 1968 3484 conﬁr-

312 3523 495 3581 ment,
561 3531 864 3586 unumque
947 3515 1130 3570 Deum
1196 3517 1534 3587 praedicent,
1607 3533 1782 3587 quem
1840 3522 1966 3573 tum

308 3609 542 3673 Vetere,
601 3609 727 3660 tum
788 3605 946 3661 Novo
1008 3606 1386 3662 Testamento
1445 3605 1797 3661 invisibilem
1840 3623 1969 3662 esse

308 3699 559 3752 constat.
599 3697 662 3749 In
697 3695 901 3750 Vetere
953 3695 1108 3750 enim
1143 3695 1213 3750 ad
1275 3695 1497 3751 Mosem
1556 3695 1640 3750 sic
1673 3694 1793 3751 ait:
1850 3697 1967 3751 Non

307 3786 458 3841 enim
480 3783 688 3840 videbit
719 3801 804 3839 me
835 3785 996 3840 homo
1027 3792 1078 3841 et
1111 3787 1256 3840 vivet
1285 3783 1351 3842 ⁸ο.
1407 3787 1470 3840 In
1526 3786 1709 3841 sacris
1769 3789 1966 3842 autem

310 3874 645 3945 Evangeliis
702 3873 986 3930 Dominus
1059 3873 1244 3929 dixit:
1305 3875 1470 3930 Nemo
1540 3873 1681 3931 vidit
1723 3875 1967 3942 Patrem,

309 3965 424 4020 nisi
453 3966 554 4036 qui
601 3968 685 4019 est
715 3980 784 4019 ea:
832 3965 966 4034 Deo,
999 3963 1092 4020 hic
1119 3965 1260 4020 vidit
1302 3970 1546 4021 Patrem.
1600 3964 1718 4020 Hoc
1772 3964 1968 4038 ipsum

309 4052 548 4109 divinus
609 4053 784 4109 etiam
850 4055 1211 4126 evangelista
1283 4055 1368 4109 sic
1429 4053 1766 4110 exclamans
1825 4059 1968 4110 atte-

311 4148 538 4200 statur:
607 4146 776 4199 Deum
825 4159 986 4199 nemo
1043 4144 1182 4199 vidit
1234 4161 1500 4216 unquam.
1555 4145 1778 4200 Indicat
1837 4161 1970 4200 vero

311 4232 490 4287 etiam
532 4233 687 4288 unde
716 4233 773 4287 id
809 4233 1098 4301 didicerit,
1157 4233 1356 4289 subdit
1387 4235 1582 4289 enim:
1646 4236 1971 4305 Ungienitus

339 4323 436 4390 qui
464 4327 543 4376 est
577 4322 636 4376 in
687 4323 818 4376 sinu
871 4321 1078 4388 Patris,
1139 4322 1236 4377 ille
1291 4325 1595 4378 enarravit.
1655 4323 1979 4395 Apostolus

311 4426 544 4481 quoque
587 4410 670 4466 sic
731 4410 1052 4466 exclamat:
1111 4411 1452 4482 Immortali,
1506 4411 1807 4478 invisibili,
1869 4414 1974 4468 soli

309 4499 572 4570 sapienti,
608 4500 780 4556 honor
809 4509 858 4556 et
886 4499 1066 4571 gloria
1081 4499 1144 4555 in
1167 4501 1376 4557 saecula
1415 4500 1752 4558 saeculorum
1773 4507 1967 4558 Amen.

313 4587 501 4643 Item:
539 4591 710 4658 Quem
751 4605 910 4645 nemo
941 4590 1078 4644 vidit
1109 4589 1416 4659 hominum,
1446 4607 1622 4662 neque
1652 4590 1842 4647 videre
1870 4607 1970 4663 po-

313 4677 466 4733 terit.
504 4680 866 4735 Immensum
904 4696 1075 4752 porro
1106 4685 1164 4737 et
1193 4681 1772 4754 incircumscriptum
1801 4699 1967 4738 eum-

315 4769 449 4824 dem
511 4785 660 4838 esse,
723 4769 856 4825 aliis
915 4787 984 4826 ex
1043 4771 1352 4843 utriusque
1413 4772 1774 4828 Testamenti
1822 4771 1967 4828 locis

313 4858 590 4913 dicimus.
661 4859 849 4930 Atque
921 4860 981 4914 in
1058 4859 1265 4916 Vetere
1339 4861 1572 4932 quidem
1633 4861 1786 4919 Deus
1846 4862 1966 4918 ait:

312 4956 508 5011 Nonne
536 4951 732 5005 caelum
754 4954 804 5005 et
835 4958 1040 5006 terram
1101 4967 1194 5022 ego
1222 4951 1495 5023 compleo?
1513 4951 1649 5007 dicit
1683 4953 1966 5007 Dominus.

312 5043 460 5098 Item
496 5056 510 5094 :
543 5039 754 5096 (Icelum
782 5041 924 5095 mihi
952 5040 1100 5096 sedes
1156 5049 1235 5096 est
1265 5050 1417 5097 terra
1457 5047 1644 5097 autem
1672 5042 1972 5098 scabellum

311 5131 517 5203 pedum
543 5146 812 5186 meorum.
848 5131 1020 5198 Quam
1038 5131 1259 5186 domum
1277 5130 1628 5201 aediﬁcabitis
1660 5131 1801 5186 mihi
1831 5131 1858 5185 Ἰ
1885 5131 1974 5185 di-

312 5223 391 5275 cit
453 5222 736 5276 Dominus.
826 5221 930 5277 γει
1009 5219 1134 5292 quis
1190 5221 1338 5276 locus
1412 5223 1612 5292 quietis
1664 5237 1803 5278 mese
1853 5223 1976 5276 est?

312 5307 564 5364 Davides
597 5323 830 5380 quoque
860 5307 1074 5364 divinis
1107 5307 1369 5363 moribus
1402 5309 1753 5380 conspicuus
1785 5309 1972 5364 excla-

313 5400 475 5452 mat:
511 5398 570 5451 In
604 5413 776 5452 manu
807 5399 928 5468 ejus
958 5401 1085 5452 sunt
1123 5413 1304 5453 omnes
1350 5398 1486 5467 ﬁnes
1545 5407 1709 5455 terra:
1734 5399 1777 5434 ⁵¹
1807 5415 1818 5452 :
1877 5395 1976 5451 ubi

313 5502 559 5540 manum
589 5503 692 5556 pro
731 5486 1176 5558 dispensatricis
1200 5487 1430 5543 virtutis
1462 5488 1671 5543 effectu
1707 5492 1974 5558 usurpat.

385 5611 430 5644 ⁴⁸
461 5611 573 5666 Isa.
635 5628 780 5677 xuv,
813 5615 870 5669 6.
945 5613 991 5648 ⁴⁴
1023 5617 1134 5671 Isa.
1196 5631 1353 5675 xuii,
1390 5614 1475 5678 IO,
1515 5615 1599 5668 11.

406 5682 496 5734 21.
600 5681 648 5716 ⁴δ
679 5685 696 5734 Ι
728 5685 873 5734 Tim.
909 5701 948 5734 ι-
982 5687 1069 5734 17-
1147 5684 1194 5720 49
1227 5685 1248 5734 I
1281 5686 1429 5734 Tim-
1467 5703 1527 5734 ιι-
1557 5687 1592 5734 5

314 5698 374 5746 x,
406 5698 496 5737 ιι.

314 5768 588 5823 cxxxvm,
620 5755 654 5806 7
686 5772 851 5828 seqq.

635 5628 780 5677 κων,
813 5615 870 5669 6.
945 5614 991 5648 ⁴⁴
1023 5617 1134 5671 Isa.
1196 5631 1353 5675 xuii,
1390 5614 1475 5678 IO,
1515 5615 1599 5668 11.
1705 5615 1750 5649 ⁸⁵
1784 5614 1968 5670 Matth

600 5681 696 5758 “fl
728 5685 873 5739 Tim.
909 5687 1069 5758 1,17.
1147 5684 1194 5720 ‘9
1227 5685 1248 5741 Ι
1281 5686 1527 5758 Τίιῑιηιι,
1557 5687 1630 5753 5;
1667 5686 1875 5758 Ephes.
1910 5703 1977 5754 tv,

2078 5629 2127 5681 ιι,
2164 5614 2246 5667 15.
2353 5614 2400 5646 ⁴⁶
2431 5614 2599 5669 Joan.
2660 5630 2798 5681 xvu,
2851 5615 2902 5669 3.
3009 5615 3053 5649 ‘7
3081 5617 3285 5672 Matth.
3339 5633 3414 5683 ιιι,

2146 5685 2193 5758 5°
2224 5685 2400 5740 Exod.
2461 5686 2778 5758 xxquLZO.
2812 5686 2854 5720 ⁸1
2889 5688 3040 5744 l‘sal.
3073 5705 3332 5755 Lxxxxw,
3365 5689 3420 5754 4,

930 5757 974 5792 ⁵³
1005 5760 1116 5814 Isa.
1152 5775 1241 5824 Lx,
1274 5760 1368 5813 22.
1444 5757 1492 5792 5‘
1520 5758 1667 5814 Ibid.
1714 5757 1822 5826 ⁷45,
1852 5759 1937 5814 18.
2013 5757 2061 5792 ⁵⁸
2094 5757 2240 5814 Ibid.
2277 5758 2343 5811 i2
2383 5773 2548 5829 seqq.

2079 3351 2355 3390 mensura
2375 3334 2579 3390 divina:
2606 3353 2818 3391 manus
2844 3352 3118 3392 mensura
3140 3341 3249 3405 est,
3280 3340 3638 3410 perpendam
3662 3339 3727 3408 ii,

2078 3425 2178 3496 qui
2211 3423 2407 3497 lingua
2437 3430 2622 3480 Deum
2652 3425 2842 3481 metiri
2869 3430 3179 3493 conantur,
3213 3444 3386 3498 quam
3433 3428 3726 3485 immensa

2077 3514 2152 3568 sit
2188 3514 2311 3583 ejus
2370 3518 2622 3580 natura;
2681 3531 2920 3569 manum
2979 3513 3092 3571 sibi
3146 3516 3204 3570 in
3267 3517 3463 3573 animo
3522 3535 3728 3590 propo-

2079 3607 2301 3669 nentes,
2336 3617 2448 3656 non
2484 3618 2609 3672 quae
2641 3601 2901 3674 corporis
2931 3605 3263 3660 membrum
3298 3605 3394 3676 sit,
3425 3608 3526 3661 sed
3559 3623 3729 3662 ener-

2077 3692 2234 3764 giam
2261 3691 2448 3761 illam,
2482 3708 2585 3748 seu
2617 3693 2732 3749 vim
2765 3694 3137 3762 effectricem,
3169 3713 3292 3767 quae
3350 3701 3558 3753 cuncta
3592 3713 3729 3752 con-

2079 3780 2292 3836 diderit
2323 3785 2380 3836 et
2411 3781 2716 3852 gubernet.

2149 3873 2280 3925 Haec
2311 3873 2469 3940 sunt,
2513 3887 2640 3942 quas
2687 3870 2758 3926 de
2806 3872 3206 3929 universitatis
3258 3878 3367 3931 Deo
3398 3879 3566 3930 vetus
3627 3893 3734 3932 nos

2081 3963 2382 4035 Scriptura
2411 3963 2598 4019 docet.
2631 3967 2913 4019 Caeterum
2944 3969 3079 4021 ante
3111 3965 3282 4021 dictis
3333 3966 3503 4040 longe
3563 3967 3734 4038 plura

2081 4054 2266 4111 cuivis
2296 4054 2555 4109 invenire
2585 4053 2749 4109 facile
2781 4059 2889 4125 est,
2921 4055 3131 4125 quibus
3163 4055 3418 4112 divinam
3453 4057 3730 4112 substan—

2080 4144 2244 4210 tiam,
2279 4144 2648 4216 sapientiam,
2681 4149 2737 4200 et
2786 4147 3102 4216 potentiam
3158 4147 3730 4219 incircumscriptam

2080 4250 2209 4290 esse
2240 4239 2416 4307 patet.
2450 4237 2512 4288 In
2546 4235 2761 4290 divinis
2812 4241 3004 4292 autem
3064 4236 3396 4308 Evangeliis
3453 4237 3732 4293 Dominus

2081 4324 2513 4379 Samaritanam
2549 4324 2667 4379 haec
2698 4328 2754 4379 et
2775 4325 2993 4381 similia
3024 4327 3325 4383 sentienda
3353 4344 3480 4383 esse
3514 4328 3730 4396 docuit,

2082 4430 2208 4486 quae
2241 4429 2372 4468 cum
2411 4413 2667 4469 divinam
2696 4414 3058 4483 majestatem
3083 4414 3206 4472 loco
3228 4416 3732 4488 circumscriptam

2082 4503 2460 4570 existimaret,
2493 4518 2678 4574 eaque
2709 4504 2778 4558 de
2810 4519 2987 4560 causa
3019 4504 3300 4561 dixisset:
3336 4513 3528 4562 Patres
3560 4505 3738 4561 nostri

2081 4595 2146 4650 in
2176 4599 2276 4649 hoc
2308 4600 2490 4647 monte
2538 4593 2941 4660 adoraverunt,
2973 4602 3022 4650 et
3077 4609 3168 4650 vos
3199 4595 3404 4662 dicitis,
3466 4595 3604 4666 quia
3658 4605 3737 4650 est

2084 4684 2227 4739 locus
2260 4683 2648 4754 Hierosolymis
2678 4684 2775 4738 ubi
2822 4685 3063 4739 adorare
3117 4687 3331 4755 oportet
3352 4684 3418 4750 ⁸6,
3455 4685 3735 4740 Dominus

2079 4772 2242 4828 illam
2275 4773 2637 4826 contrarium
2672 4772 2888 4826 sentire
2919 4773 3137 4836 docuit,
3163 4773 3442 4828 nimirum
3476 4772 3735 4828 divinam

2082 4864 2352 4916 naturam
2413 4859 2985 4931 incircumscriptum
3046 4877 3196 4917 esse.
3233 4860 3387 4916 Dixit
3444 4861 3600 4916 enim
3637 4861 3736 4918 ei:

2080 4951 2251 5006 Amen
2279 4951 2401 5005 dico
2431 4948 2554 5017 tibi,
2588 4950 2811 5017 mulier,
2839 4949 3100 5020 quoniam
3139 4952 3286 5005 venit
3320 4951 3480 5019 hora,
3513 4956 3565 5006 et
3591 4969 3738 5008 nunc

2081 5049 2182 5105 est,
2223 5039 2445 5112 quando
2490 5054 2669 5109 neque
2706 5038 3124 5110 Hierosolymis,
3172 5055 3348 5112 neque
3398 5043 3457 5095 in
3509 5041 3618 5099 loco
3646 5042 3745 5098 hoc

2083 5128 2398 5185 adorabunt
2445 5129 2692 5184 Patrem.
2745 5128 2971 5192 Quibus
3029 5129 3223 5186 verbis
3280 5146 3414 5186 cum
3476 5130 3738 5187 divinum

2085 5219 2309 5275 cultum
2343 5217 2522 5273 nullis
2569 5217 2974 5272 circumscribi
3032 5221 3178 5274 Deus
3228 5218 3370 5274 locis
3419 5219 3735 5284 docuisset,

2087 5307 2427 5378 subjunxit:
2461 5307 2705 5378 Spiritus
2727 5311 2827 5372 est,
2872 5314 2921 5361 et
2951 5306 3246 5364 adorantes
3279 5325 3404 5364 eum
3435 5311 3498 5365 in
3533 5310 3738 5380 spiritu

2089 5405 2144 5454 et
2167 5397 2398 5454 veritate
2426 5397 2658 5453 adorare
2684 5397 2831 5452 decet
2856 5397 2923 5454 ⁵⁷.

2160 5486 2284 5542 Una
2327 5504 2455 5544 vero
2485 5495 2538 5542 et
2569 5488 2766 5543 eadem
2807 5505 2978 5560 opera
3031 5491 3288 5547 divinam
3345 5499 3614 5546 naturam
3645 5491 3736 5547 in-

3009 5615 3053 5649 ⁴⁷
3081 5617 3285 5672 Matth.
3339 5619 3548 5683 xt,25;
3604 5619 3738 5673 Luc.

3009 5688 3016 5725 I
3073 5705 3312 5725 tvvvvny
3366 5689 3392 5725 Α
3515 5691 3560 5725 ss
3590 5689 3714 5725 nni

3204 5705 3332 5755 :xw,
3365 5689 3420 5754 4,
3515 5691 3560 5725 ⁵³
3590 5689 3742 5746 Psal.

3204 5759 3253 5794 ⁵⁷
3284 5762 3428 5817 Ibid.
3453 5763 3544 5833 23,
3577 5764 3665 5817 24.

2353 5611 2400 5646 ⁴⁶
2431 5612 2599 5669 Joan.
2660 5630 2798 5681 xvu,
2851 5615 2902 5669 3.

2647 5756 2693 5792 ⁸⁵
2722 5758 2893 5814 Joan.
2932 5777 3005 5825 ιν,
3037 5762 3126 5815 20.
