4052 6404
330 410 489 473 illi!

1659 398 1979 468 NlCET/E
2021 400 2446 468 OHONIATE

3606 404 3790 467 “58

326 557 669 616 corpoream
703 555 939 615 quoque
991 546 1050 598 et
1096 540 1468 598 indefinitum
1524 552 1653 596 esse
1711 537 1987 607 ostendit,
2021 538 2072 605 Α
2106 538 2206 595 Dei
2239 541 2447 598 Filium
2477 556 2678 597 verum
2713 543 2771 596 et
2798 539 3125 611 legitimum
3156 541 3387 595 vocant.
3418 541 3790 613 Atqueipes

331 636 509 691 Porro
537 639 817 690 internum
851 633 1026 689 etiam
1073 646 1202 687 esse
1251 631 1523 686 eumdem
1585 627 1988 684 universitatis

330 725 515 779 Deum
548 724 755 778 beatus
800 722 1041 777 Davides
1076 724 1277 776 auctor
1304 723 1413 784 est,
1448 718 1547 791 qui
1584 732 1740 772 nunc
1803 716 1984 774 dicit:

324 814 365 868 Α
398 812 603 870 saeculo
632 816 684 867 et
707 812 769 866 in
799 811 1063 867 sarculum
1097 815 1158 865 tu
1188 822 1243 865 es
1271 824 1283 865 :
1322 822 1476 864 nunc
1502 820 1635 863 vero
1666 821 1678 863 :
1715 806 1988 862 Emaudiet

325 905 614 967 Dominus,
662 907 713 956 et
770 900 1095 955 humttt‘abit
1124 915 1233 969 eos,
1274 898 1372 970 qui
1422 902 1501 954 est
1531 901 1658 953 ante
1688 896 1889 952 sazcula
1919 894 1984 951 ⁸⁸.

329 997 502 1049 Docet
526 992 701 1047 etiam
734 990 921 1046 isaias
954 990 1261 1062 propheta,
1283 988 1377 1045 his
1396 987 1588 1044 verbis
1611 982 1983 1044 exclamans:

327 1087 474 1139 Deus
536 1082 900 1152 sempiternus
961 1082 1246 1149 Dominus,
1310 1081 1406 1150 qui
1457 1078 1666 1134 creavit
1719 1079 1987 1133 terminos

326 1177 522 1227 terrae:
555 1186 661 1227 non
694 1170 928 1239 deﬁciet,
963 1184 1140 1241 neque
1171 1168 1466 1238 laborabit,
1498 1180 1598 1223 nec
1623 1176 1702 1223 est
1751 1165 1988 1222 investi-

322 1260 472 1330 gatio
519 1262 815 1331 sapientia:
872 1260 991 1327 eius
1010 1258 1079 1312 ⁵³.
1130 1258 1345 1314 Beatus
1388 1258 1632 1329 insuper
1670 1252 1984 1328 Apostolus

322 1349 595 1406 eumdem
657 1348 1007 1405 saculorum
1067 1351 1386 1403 creatorem
1451 1347 1634 1403 novit.
1696 1344 1982 1401 Dominus

328 1445 524 1495 autem
560 1443 826 1495 naturam
857 1439 1117 1494 divinam
1154 1450 1271 1493 non
1313 1440 1545 1493 tantum
1579 1446 1773 1493 rerum
1818 1446 1980 1491 crea-

324 1529 464 1584 tioni
500 1529 825 1600 prafuise,
859 1528 960 1583 sed
994 1540 1233 1597 regnum
1268 1525 1444 1582 etiam
1492 1528 1709 1581 sanctis
1739 1534 1981 1580 conces-

326 1633 459 1673 sum
522 1632 651 1672 esse
712 1621 845 1673 ante
903 1615 1388 1672 constitutionem
1449 1615 1657 1671 mundi
1706 1612 1976 1669 testatur.

391 1712 525 1762 Haec
554 1710 713 1773 sunt,
749 1721 877 1777 quae
908 1707 981 1760 de
1024 1706 1421 1761 universitatis
1463 1703 1642 1776 hujus
1688 1703 1977 1775 principio

323 1800 381 1851 et
402 1795 612 1852 veteris
662 1799 718 1850 et
767 1810 922 1851 novre
972 1794 1284 1865 Scriptura:
1330 1794 1580 1850 lectione
1636 1791 1974 1863 didicimus,

2101 630 2241 685 adeo
2276 635 2442 687 Pater
2474 644 2607 687 cum
2640 631 2847 686 Filium
2880 630 3109 686 cmiitus
3141 629 3527 697 nominasset,
3575 648 3781 703 quam

2099 719 2385 789 genuinas
2407 721 2535 792 eius
2553 726 2708 776 esset
2729 719 3024 791 generatio
3041 721 3421 775 demonstrat.
3450 720 3547 775 Ait
3567 721 3741 776 enim
3755 738 3775 778 :

2099 809 2197 863 Hic
2224 814 2304 865 est
2331 808 2514 865 Filius
2540 826 2695 866 meus
2724 808 2973 873 dilectus,
3004 810 3066 863 in
3094 822 3198 880 quo
3235 808 3378 864 mihi
3436 809 3574 865 bene
3600 825 3778 866 coma

2097 898 2361 968 placitum
2402 899 2575 955 est“.
2617 899 2762 965 Quid
2795 915 2967 970 porro
3011 898 3352 971 Baptistam,
3399 898 3545 969 quid
3577 917 3773 956 evan»

2097 996 2389 1068 gelistam,
2418 1001 2556 1070 quid
2589 996 2907 1071 apostolos,
2954 997 3096 1068 quid
3150 996 3347 1067 ipsum
3376 997 3636 1069 denique
3669 1012 3768 1055 re-

2098 1102 2227 1142 rum
2258 1088 2523 1143 omnium
2548 1094 2726 1144 Deum
2745 1088 2873 1143 dico
2892 1084 2921 1143 ‘2
2954 1084 3420 1159 neipsequidem
3453 1088 3756 1159 diabolus,

2098 1177 2387 1234 mendacii
2420 1183 2605 1250 pater,
2637 1177 2752 1233 alio
2773 1192 2908 1234 eum
2928 1177 3276 1249 compellare
3304 1177 3546 1233 nomine
3564 1192 3746 1235 ausus

2097 1270 2213 1323 est:
2248 1268 2350 1325 sed
2383 1272 2700 1339 antequam
2731 1266 2793 1322 in
2825 1271 3120 1324 certamen
3142 1267 3546 1334 descenderet,
3577 1268 3751 1323 dubi-

2094 1359 2226 1413 tans
2255 1357 2417 1429 dixit,
2440 1360 2502 1414 Si
2520 1359 2705 1415 Filius
2736 1359 2842 1415 Dei
2868 1373 2924 1416 es
2941 1356 3009 1412 ⁸⁸.
3044 1357 3276 1414 Amissa
3304 1372 3440 1414 vero
3485 1358 3761 1425 victoris,

2090 1455 2213 1527 jam
2247 1456 2487 1513 edoctus
2520 1457 2653 1528 quis
2672 1462 2851 1530 esset,
2876 1456 3035 1514 haud
3060 1456 3236 1512 dubie
3259 1456 3585 1513 exclamat:
3610 1458 3768 1527 Quid

2093 1545 2250 1601 nobis
2279 1551 2331 1602 et
2362 1546 2465 1602 tibi
2515 1548 2628 1603 Fili
2657 1547 2797 1603 Dei?
2847 1548 3053 1603 venisti
3083 1546 3189 1602 huc
3233 1550 3363 1602 ante
3396 1556 3633 1619 tempus,
3696 1555 3767 1603 ut

2092 1648 2191 1691 nos
2220 1642 2501 1708 torqueres
2526 1634 2573 1671 ⁸⁷
2595 1635 2623 1691 ‘l
2676 1628 2961 1708 Philippis
3018 1639 3211 1693 autem
3264 1628 3539 1691 eumdem
3572 1643 3626 1692 el
3659 1651 3768 1692 ex-

2094 1726 2342 1793 celsum,
2392 1727 2442 1782 el
2504 1726 2714 1781 Filium
2760 1725 3102 1807 appellavit.
3162 1729 3239 1781 Hi
3274 1727 3423 1782 enim
3479 1726 3763 1796 homines,

2093 1816 2306 1887 inquit,
2339 1818 2484 1871 servi
2505 1814 2613 1871 Dei
2637 1815 2846 1872 excelsi
2865 1818 3011 1883 sunt,
3036 1817 3132 1888 qui
3159 1813 3381 1888 quidem
3402 1816 3767 1873 annuntiant

325 1898 441 1941 non
476 1891 695 1976 {mth:
724 1883 1165 1976 υί-νθίθῖηίηυθ
1186 1888 1245 1939 εδ
1277 1883 1560 1976 Βίῆείίίμάθθ
1610 1879 1972 1976 fabulam?”
2011 1902 2056 1972 Β
2092 1879 2246 1962 nobis
2273 1879 2425 1961 uiam
2452 1906 2654 1962 salutis
2683 1906 2748 1962 ⁸⁸.
2781 1879 3006 1961 Οὴιιίεῐῖ
3029 1879 3222 1960 autem
3272 1903 3568 1976 apostolos
3625 1920 3763 1963 ser-

328 1971 675 2029 saeculorum
704 1972 1009 2045 utriusque
1030 1987 1202 2028 sexus
1226 1970 1520 2044 conjugis,
1540 1977 1597 2027 et
1617 1970 1980 2027 commixtio~

321 2078 445 2127 nes,
503 2062 721 2133 quibus
766 2063 926 2116 velut
981 2061 1043 2117 in
1101 2063 1401 2133 procinctu
1469 2062 1823 2117 consistant:
1873 2072 1981 2115 nec

319 2166 455 2211 vero
514 2152 693 2208 etiam
751 2152 1043 2209 contraria
1092 2160 1147 2208 et
1204 2153 1455 2219 diversa,
1516 2162 1649 2207 cum
1699 2151 1978 2218 Cerdone,

320 2241 636 2308 Marciane,
669 2249 722 2297 et
753 2239 1072 2297 Manichteo
1105 2241 1414 2313 principia,
1464 2242 1565 2296 sed
1599 2250 1780 2296 unum
1815 2240 1982 2311 prin-

318 2330 530 2402 cipium
558 2335 613 2387 et
643 2332 888 2402 iustum,
931 2339 991 2387 ut
1024 2328 1203 2404 paulo
1231 2336 1365 2403 post
1386 2329 1787 2407 ostendemus.

940 2452 1095 2515 CAP.
1129 2454 1360 2513 XXVII.

322 2567 391 2622 De
418 2565 580 2622 Filio.
619 2565 792 2637 [Quod
830 2566 1169 2637 unigenitus,
1212 2581 1375 2621 uerus
1416 2565 1527 2637 Dei,
1543 2564 1726 2637 Filius
1758 2564 1981 2637 altissi-

390 2654 533 2704 mus,
594 2635 879 2707 Dominus,
936 2635 1203 2703 aeternus,
1267 2637 1427 2707 Deus,
1499 2636 1651 2693 Iesus
1708 2635 1975 2707 Christus,

391 2711 552 2765 Patri
582 2706 1083 2776 consubstantialis,
1107 2708 1518 2780 coaeternusque
1545 2706 1666 2778 sit.]

391 2838 889 2902 Quemadmodum
924 2841 1120 2894 autem
1147 2838 1208 2895 in
1259 2854 1443 2894 unum
1502 2838 1686 2895 Deum
1749 2838 1976 2895 Patrem

321 2932 553 2987 credere
582 2930 920 3000 didicimus,
953 2930 1034 2987 ita
1059 2929 1237 2987 etiam
1268 2930 1327 2986 in
1361 2946 1546 2987 unum
1598 2928 1835 2995 Filium,
1877 2925 1979 2998 qui

322 3024 492 3076 natus
515 3020 592 3076 sit
620 3024 756 3076 ante
787 3019 1023 3090 saecula,
1058 3036 1249 3092 neque
1305 3019 1633 3075 secundum
1682 3016 1976 3075 Valentini

320 3107 565 3177 fabulas,
598 3109 779 3166 alium
825 3108 1216 3181 unigenitum,
1252 3108 1431 3164 alium
1465 3106 1740 3177 Verbum,
1790 3106 1974 3162 alium

325 3197 647 3268 Christum,
680 3197 863 3254 alium
895 3197 1149 3269 denique
1203 3197 1406 3255 Jesum
1463 3213 1593 3254 esse
1650 3197 1972 3266 docemus;

2091 2010 2191 2051 vos
2224 1992 2501 2068 appellat,
2536 1991 2644 2052 hoc
2685 2006 2898 2052 nomen
2931 1992 3002 2050 ab
3053 1995 3127 2050 iis
3177 1992 3439 2051 edoctae.
3502 1992 3761 2054 Beatam

2089 2084 2245 2142 enim
2276 2082 2523 2141 Paulum
2551 2085 2633 2141 ita
2663 2082 2955 2141 dicentem
2979 2088 3033 2140 et
3055 2076 3411 2140 scribentem
3444 2082 3758 2143 audierat:

2091 2175 2306 2231 Paulus
2348 2188 2533 2231 servus
2590 2177 2720 2233 Iesu
2785 2172 2998 2233 Christi
3056 2174 3278 2231 vocatus
3341 2172 3630 2246 Apostolus
3681 2174 3754 2234 ⁸⁸.

2090 2261 2254 2328 Item,
2279 2261 2496 2321 Paulus
2514 2275 2565 2322 et
2594 2265 2909 2323 Timotheus
2929 2265 3073 2321 servi
3100 2263 3229 2321 Iesu
3250 2262 3465 2319 Christi
3481 2264 3548 2321 ⁷ο.
3582 2260 3759 2331 Quod

2090 2354 2139 2411 si
2171 2352 2258 2409 vel
2290 2353 2415 2428 ipse
2448 2352 2739 2412 mendacii
2771 2351 2972 2411 doctor
3000 2358 3057 2410 et
3092 2354 3295 2425 Deum,
3337 2357 3394 2409 et
3424 2355 3754 2427 excelsum,

2089 2455 2145 2507 et
2176 2452 2277 2509 Dei
2310 2444 2520 2509 Filium
2552 2456 2737 2522 vocat,
2770 2450 3149 2525 veritatisque
3179 2449 3511 2523 fulgoribus
3542 2450 3716 2509 cedat
3743 2470 3759 2525 ;

2093 2546 2248 2599 certe
2297 2542 2481 2616 patris
2541 2540 2633 2600 sui
2683 2536 2901 2600 diaboli
2954 2536 3461 2614 compellationem
3516 2543 3760 2601 vincere

2091 2633 2475 2703 contendant,
2502 2634 2838 2706 quicunque
2870 2624 3082 2689 Filium
3120 2640 3449 2689 creaturam
3491 2646 3759 2692 asserere

2092 2722 2329 2779 audent.
2381 2720 2687 2793 Caeterum,
2738 2726 2806 2777 ut
2845 2720 3117 2779 eumdem
3168 2736 3202 2778 a
3249 2718 3467 2778 divinis
3516 2738 3757 2797 quoque

2087 2810 2227 2866 viris
2257 2810 2616 2867 altissimum
2649 2812 2762 2867 dici
2796 2810 3134 2883 probemus,
3166 2810 3370 2867 audire
3400 2816 3491 2868 est
3530 2812 3754 2870 Zacha-

2090 2901 2261 2969 riam,
2294 2902 2433 2958 dum
2464 2900 2555 2958 his
2588 2901 2884 2974 proprium
2919 2898 3132 2959 Filium
3166 2898 3360 2958 verbis
3386 2898 3754 2976 alloquitur:

2089 3000 2155 3055 Et
2184 3010 2262 3072 tu,
2321 3016 2480 3075 puer,
2537 3001 2811 3074 propheta
2867 3001 3144 3058 Altissimi
3188 3001 3469 3059 vocaberis
3519 3000 3759 3074 preeibis

2090 3093 2239 3146 enim
2279 3096 2406 3147 ante
2453 3093 2652 3163 faciem
2708 3095 2931 3148 Domini
2986 3108 3189 3164 parare
3242 3094 3361 3149 vias
3389 3093 3501 3165 ejus
3524 3092 3589 3148 7‘.
3624 3092 3755 3149 Ma-

2088 3197 2240 3252 gnus
2270 3180 2427 3237 enim
2480 3180 2577 3237 ille
2629 3176 2883 3237 Joannes
2935 3199 3049 3238 non
3100 3181 3284 3237 Deum
3332 3181 3573 3250 Patrem,
3632 3184 3745 3238 sed

316 3302 503 3358 neque
525 3302 657 3343 vero
681 3286 958 3343 Arionem
981 3286 1524 3358 Eunomianamque
1539 3285 1966 3357 blasphemiam

2090 3269 2460 3342 unigenitum
2494 3268 2705 3326 Filium
2740 3270 3131 3342 praecesserat,
3166 3270 3333 3344 cujus
3362 3269 3443 3325 rei
3484 3268 3571 3325 vel
3600 3268 3735 3341 ipse

313 3375 520 3441 secuti,
557 3390 693 3431 eum
725 3375 825 3447 qui
856 3375 1038 3432 Filius
1070 3375 1261 3433 dictus
1280 3380 1390 3445 est,
1417 3380 1746 3432 creaturam
1773 3377 1962 3433 nomi-

312 3480 546 3521 namus.
580 3464 753 3520 Illum
784 3464 940 3521 enim
968 3542 971 3545 _
1001 3465 1305 3536 Scriptura
1342 3466 1538 3522 divina
1596 3466 1958 3536 unigenitum

313 3569 442 3609 esse
472 3557 735 3611 testatur.
767 3554 931 3618 Quod
966 3555 1017 3610 si
1047 3559 1280 3613 creatus
1318 3560 1409 3613 est
1466 3555 1831 3629 Unigenitus,
1865 3573 1959 3613 so-

313 3658 503 3699 rorem
572 3642 784 3700 hebeat
858 3644 1232 3715 creationem,
1308 3645 1729 3719 universasque
1780 3647 1962 3704 totius

311 3732 630 3790 crcationis
661 3738 848 3805 partes
906 3750 1141 3792 necesse
1200 3740 1324 3805 est;
1359 3736 1449 3793 sin
1479 3737 1820 3809 unigenitus
1850 3742 1959 3807 est,

310 3827 376 3878 ut
405 3826 514 3888 est,
551 3822 711 3879 nulla
742 3823 826 3879 illi
858 3841 1093 3897 prorsus
1121 3841 1251 3882 cum
1276 3825 1449 3883 rebus
1478 3827 1689 3882 creatis
1717 3827 1961 3883 societas

309 3911 634 3967 intercedit.
668 3912 1045 3987 Unigenitum
1076 3932 1245 3988 porro
1294 3931 1423 3973 esse
1455 3915 1804 3989 Unigenitus
1835 3917 1963 3988 ipse

301 3999 395 4056 his
421 4001 612 4058 verbis
645 4007 955 4061 attestatus
986 4009 1112 4062 est:
1144 4006 1239 4062 Sic
1266 4005 1470 4062 dilexit
1501 4006 1639 4063 Deus
1668 4004 1962 4075 mundum,

297 4096 355 4146 ut
390 4093 748 4165 unigenitum
798 4095 1009 4151 Filium
1046 4111 1209 4152 suum
1250 4094 1480 4165 dederit,
1532 4103 1590 4152 ut
1648 4098 1824 4153 omnis
1865 4098 1963 4169 qui

303 4182 477 4237 credit
504 4182 566 4237 in
595 4200 723 4239 eum
752 4199 863 4240 non
892 4183 1180 4255 perdatur,
1211 4184 1305 4241 sed
1352 4185 1553 4241 habeat
1598 4187 1768 4243 vitam
1796 4190 1959 4243 aeter-

304 4286 442 4327 num
469 4270 537 4340 ⁸ο,
569 4279 625 4328 et
647 4270 818 4345 paulo
851 4278 1025 4345 post:
1058 4274 1167 4343 Qui
1186 4273 1362 4331 credit
1406 4276 1465 4330 in
1495 4291 1620 4332 eum
1649 4291 1758 4333 non
1802 4276 1959 4348 judi~

303 4364 483 4429 catur,
517 4361 612 4432 qui
642 4377 765 4418 vero
809 4377 920 4417 non
969 4363 1159 4433 credit,
1195 4364 1320 4435 jam
1373 4363 1653 4432 iudicatus
1681 4369 1780 4433 est,
1829 4366 1962 4438 quia

305 4464 416 4506 non
444 4449 679 4505 credidit
719 4452 781 4505 in
830 4450 1058 4508 nomine
1104 4453 1390 4526 unigeniti
1424 4455 1558 4519 Filii
1606 4455 1705 4510 Dei
1734 4453 1802 4508 θί.
1862 4456 1960 4511 His

299 4538 657 4613 evangelista
688 4557 921 4613 quoque
960 4542 1046 4597 sic
1077 4542 1392 4615 stipulatus
1423 4548 1514 4601 est
1547 4561 1560 4599 :
1594 4548 1662 4602 Et
1715 4546 1961 4602 Verbum

301 4647 428 4688 caro
473 4633 683 4703 factum
721 4640 822 4701 est,
871 4640 920 4690 et
968 4632 1250 4691 habitavit
1297 4636 1360 4691 in
1402 4635 1579 4704 nobis,
1620 4643 1673 4693 at
1720 4636 1960 4693 vidimus

299 4722 546 4794 gloriam
569 4724 711 4795 ejus,
742 4722 987 4793 gloriam
1036 4726 1197 4797 quasi
1248 4726 1523 4799 Unigeniti
1560 4745 1594 4782 a
1622 4731 1813 4797 Patre,
1841 4728 1961 4799 ple-

296 4829 431 4868 num
459 4812 660 4885 gratia:
689 4821 741 4871 et
757 4815 1007 4871 veritatis
1027 4813 1092 4870 δ’.
1120 4815 1318 4887 Neque
1338 4818 1494 4874 enim
1520 4821 1735 4874 natura
1764 4817 1963 4874 carnis

303 4901 624 4974 quidquam
656 4905 727 4960 de
774 4904 1098 4961 divinitatis
1156 4906 1443 4978 dignitate
1500 4908 1799 4975 diminuit,
1859 4906 1963 4965 sed

305 4989 395 5046 vel
428 5007 664 5048 carnem
696 4993 938 5050 indutus
970 4999 1274 5067 paternam
1298 4996 1659 5054 nobilitatem
1684 4998 1960 5055 ostendit.

298 5078 434 5135 Item
463 5097 475 5136 :
514 5082 840 5151 Unigenitus
868 5085 1069 5154 Filius,
1103 5088 1199 5158 qui
1235 5097 1319 5145 est
1365 5089 1427 5143 in
1457 5087 1589 5144 sinu
1621 5090 1827 5158 Patris,
1859 5088 1965 5146 ille

291 5172 584 5226 enarravit
612 5171 678 5226 ³³.
741 5172 1009 5245 Baptista
1070 5191 1306 5248 quoque
1338 5176 1420 5234 sio
1468 5175 1795 5234 exclamat:
1848 5180 1963 5251 Qui

289 5259 461 5315 credit
495 5261 556 5315 in
592 5260 812 5318 Filium
867 5264 1029 5320 habet
1076 5264 1250 5322 vitam
1300 5270 1597 5336 aetemam,
1647 5266 1746 5339 qui
1780 5271 1960 5325 autem

292 5345 627 5406 incredulus
672 5358 748 5407 est
804 5352 967 5421 Filio,
1018 5369 1127 5409 non
1175 5354 1382 5411 videbit
1413 5355 1586 5413 vitam
1614 5356 1705 5412 sed
1733 5358 1823 5414 ira
1862 5357 1964 5414 Dei

294 5444 481 5495 manet
511 5457 677 5514 super
705 5458 829 5498 eum
849 5442 913 5498 ⁸⁸.
972 5442 1191 5501 Omnes
1238 5446 1493 5519 denique
1548 5447 1796 5519 apostoli
1826 5463 1959 5504 eum

370 5536 616 5616 simul.
651 5558 904 5616 Assum,
943 5542 1236 5616 2;_AP_sal.
1305 5561 1416 5616 LIV,
1460 5545 1551 5599 20.

296 5624 335 5674 ι,
382 5606 508 5686 Mn;
571 5608 798 5686 “ibid.
844 5606 928 5668 18.
1002 5606 1078 5686 ί⁶⁴
1106 5613 1274 5686 Joan.
1314 5606 1415 5686 In;
1445 5618 1535 5673 36.

295 5672 414 5742 xvi,
439 5672 594 5760 ῃ...
628 5678 677 5760 :0
704 5684 872 5760 ch.
918 5700 970 5760 ι,
1004 5685 1053 5739 1.
1080 5754 1125 5760 __
1149 5684 1198 5760 7°
1229 5672 1514 5760 Ριιίιιίιᾳι,
1556 5688 1607 5760 γι.

290 5762 418 5815 VIII.
448 5744 506 5801 6ο
548 5747 597 5785 ⁷⁴
627 5752 772 5829 Eph.
809 5773 886 5824 ιν,
915 5744 971 5811 5.

1657 5544 1875 5618 €39ﬂlsa.
1929 5565 2020 5618 xc,
2078 5548 2167 5601 28.

1639 5616 1684 5653 “
1715 5616 1928 5675 Matth.
1978 5616 2064 5687 ιιι,
2098 5618 2185 5673 1⁸7.

1711 5687 1756 5762 7¹
1790 5688 1922 5762 Luc.
1969 5703 2011 5762 ι,
2044 5690 2134 5745 76.

1079 5754 1128 5790 ’⁷⁵
1155 5754 1511 5826 Μαῐιὴ.”χνι;
1542 5759 1630 5817 45.
1665 5761 1751 5818 16.
1829 5760 1876 5796 ’⁷⁸
1900 5754 2070 5820 Joen.
2102 5777 2141 5832 1,
2175 5760 2225 5816 1.

2086 3358 2253 3415 testis
2283 3366 2409 3415 est:
2442 3360 2839 3433 interrogatus
2889 3361 3065 3428 enim,
3116 3376 3190 3416 an
3237 3360 3364 3433 ipse
3392 3364 3543 3415 esset
3570 3357 3746 3416 Chri-

2073 3453 2223 3517 stus,
2257 3449 2367 3505 hoc
2400 3449 2633 3521 quidem
2691 3448 2945 3520 negavit,
2978 3451 3423 3523 responditque,
3454 3446 3563 3517 Ego
3590 3448 3738 3503 mis-

2070 3554 2163 3594 sus
2220 3555 2339 3593 sum
2369 3542 2497 3594 ante
2524 3535 2724 3610 faciem
2781 3536 2903 3610 ejus
2936 3536 3002 3595 ⁷³.
3066 3538 3308 3594 Divinus
3338 3538 3577 3608 insuper
3630 3536 3739 3595 ille

2073 3636 2312 3693 Davides
2335 3636 2603 3693 eumdem
2637 3635 2720 3692 sic
2753 3634 3103 3709 alloquitur;
3155 3636 3489 3709 Cognoscant
3541 3640 3738 3706 gentes

2067 3724 2209 3799 quod
2240 3742 2438 3783 nomen
2484 3731 2562 3783 est
2619 3724 2725 3783 tibi
2778 3728 3066 3797 Dominus,
3108 3736 3167 3783 tu
3217 3726 3368 3783 solus
3424 3726 3746 3784 altissimus

2064 3833 2231 3889 super
2270 3832 2486 3873 omnem
2518 3823 2724 3872 terram
2751 3813 2816 3872 ⁷³.
2849 3815 2903 3871 Si
2935 3811 3092 3872 enim
3125 3810 3436 3887 Dominus,
3467 3824 3520 3873 et
3571 3816 3751 3873 Deus

2065 3913 2168 3965 est.
2206 3907 2355 3964 Unus
2386 3905 2541 3962 enim
2604 3905 2867 3962 Dominus
2892 3906 3050 3963 .lesus
3098 3904 3365 3976 Christus,
3424 3923 3529 3979 per
3566 3922 3751 3977 quem

2066 3997 2254 4053 omnia
2281 3994 2349 4066 ⁷4,
2385 3996 2449 4053 ut
2503 3992 2709 4053 beatus
2752 3993 3065 4066 Apostolus
3095 3994 3192 4052 ait.
3225 3997 3375 4052 Item
3436 3996 3584 4052 Unus
3616 3999 3739 4051 Do-

2066 4088 2277 4156 minus,
2311 4102 2425 4143 una
2453 4084 2585 4158 ﬁdes
2608 4083 2675 4143 ⁷⁸.
2720 4083 2970 4142 Proinde
3026 4080 3211 4142 Filius
3251 4082 3583 4143 altissimus
3615 4088 3755 4155 est,

2070 4172 2553 4248 quandoquidem
2589 4170 2898 4231 Dominus.
2932 4174 3047 4230 Sed
3064 4173 3137 4230 de
3160 4172 3252 4230 his
3278 4173 3517 4248 quidem
3544 4168 3745 4246 plera-

2069 4289 2184 4346 que
2215 4278 2417 4329 contra
2446 4271 2649 4328 Arium
2693 4276 2750 4330 et
2806 4272 3183 4342 Eunomium,
3245 4272 3413 4328 libris
3444 4272 3739 4329 adversus

2067 4381 2165 4421 eos
2198 4364 2390 4434 editis,
2417 4362 2805 4421 disseruimus
2831 4381 2845 4432 ;
2873 4380 3029 4421 nunc
3051 4364 3206 4436 quod
3230 4363 3431 4435 instat,
3455 4379 3736 4436 agamus,

2069 4454 2463 4525 eumdemque
2494 4452 2814 4510 Dominum
2846 4469 2997 4520 esse,
3041 4454 3140 4525 qui
3169 4458 3228 4511 et
3274 4454 3638 4526 unigenitus,
3677 4454 3740 4509 et

2069 4549 2222 4600 Deus
2256 4543 2533 4611 Verbum,
2564 4547 2621 4599 et
2673 4543 2946 4600 Servator
2975 4546 3036 4599 et
3080 4542 3254 4600 Jesus
3312 4542 3410 4613 sit,
3452 4540 3742 4599 didicisse

2071 4649 2177 4689 nos
2209 4631 2615 4689 ostendamus.
2645 4635 2881 4687 Petrum
2916 4636 3108 4689 autem
3144 4631 3205 4687 in
3238 4630 3497 4687 medium
3549 4631 3748 4702 proie-

2074 4738 2296 4788 ramus,
2330 4720 2430 4794 qui
2463 4719 2690 4793 primus
2722 4721 2828 4776 has
2860 4719 3282 4793 appellationes
3336 4737 3469 4776 cum
3520 4736 3746 4793 magno

2072 4811 2343 4868 confessu
2385 4810 2689 4867 confessus
2720 4814 2828 4867 est.
2861 4809 3094 4866 Primus
3118 4810 3275 4866 enim
3328 4810 3478 4867 inter
3533 4827 3743 4869 sacros

2072 4908 2372 4984 apostolos
2429 4909 2827 4981 interrogatus
2885 4926 2920 4966 a
2976 4908 3308 4976 Servatore,
3376 4910 3485 4966 Vos
3542 4913 3746 4967 autem

2073 5015 2236 5072 quem
2284 5014 2371 5055 me
2397 5014 2515 5055 esse
2541 4998 2771 5056 dicitis?
2831 4998 3155 5070 respondit,
3190 4999 3264 5054 Tu
3307 5014 3364 5055 es
3409 4998 3591 5055 Filius
3622 5002 3745 5057 Dei

2071 5091 2190 5145 viui
2209 5085 2278 5142 ⁷⁵.
2312 5090 2526 5143 Beatus
2557 5092 2755 5145 autem
2783 5087 3043 5145 Joannes
3071 5086 3435 5159 evangelista
3462 5088 3745 5146 eumdem

2073 5183 2130 5236 et
2160 5177 2417 5234 Verbum
2452 5178 2607 5249 quod
2644 5178 2757 5234 fuit
2814 5180 2952 5235 ante
2983 5176 3220 5245 saecula,
3252 5182 3310 5232 et
3362 5177 3745 5250 unigenitum

2074 5267 2310 5336 Filium,
2343 5274 2394 5322 et
2423 5262 2632 5322 mundi
2663 5266 2845 5324 totius
2877 5266 3169 5339 opiﬁcem,
3221 5270 3278 5323 et
3307 5266 3605 5323 Christum
3628 5266 3744 5323 Je-

2074 5373 2206 5413 sum
2237 5359 2424 5423 vocat,
2457 5354 2551 5411 his
2576 5355 2790 5427 verbis,
2842 5357 2905 5415 In
2930 5354 3210 5428 principio
3238 5364 3360 5411 erat
3411 5350 3646 5412 Verbum
3662 5354 3737 5413 ⁷ο.

2072 5447 2297 5515 Quibus
2328 5446 2521 5502 verbis
2552 5450 2840 5504 aeternum
2874 5447 3054 5503 fuisse
3082 5445 3402 5518 signiﬁcat.
3436 5445 3544 5513 Qui
3576 5446 3742 5503 enim

2272 5544 2329 5613 θοή
2375 5544 2544 5601 Joan.
2611 5563 2695 5613 ιιι,
2756 5546 2844 5602 l6.
2946 5545 2991 5580 αι
3047 5544 3196 5600 Ibid.
3262 5544 3347 5599 18.
3449 5544 3499 5581 σε
3557 5545 3735 5601 Joan.

2290 5612 2336 5651 ⁸⁸
2364 5617 2527 5687 Matt.
2581 5633 2651 5687 tv,
2676 5612 2729 5672 3.
2833 5616 2877 5660 δ”
2898 5614 3102 5687 Hatth.
3146 5631 3269 5687 vui,
3298 5615 3393 5687 729.

2233 5687 2287 5724 τ’
2325 5686 2531 5747 Matth.
2582 5686 2647 5756 ιι.
2692 5688 2798 5757 to;
2832 5686 2989 5744 Psal.
3023 5686 3255 5756 Lxxxn,
3287 5686 3376 5744 19.

3528 5614 3575 5652 ⁸⁸
3602 5614 3739 5673 Act.

3472 5687 3520 5726 ⁷³
3550 5691 3574 5747 Ι
3596 5686 3736 5746 Cor.
