4052 6388
265 372 422 436 1157

1613 358 2018 425 THISAURI
2060 361 2211 424 LIB.
2258 364 2337 426 II.

3532 368 3694 431 1158

269 510 329 565 in
360 503 649 578 principio
680 503 824 568 erat,
880 497 1083 570 utique
1132 512 1363 568 semper
1412 501 1554 563 erat,
1606 510 1712 550 nec
1764 494 1922 551 enim
1957 499 2005 563 A
2037 498 2300 570 passioni
2329 499 2640 557 obnoxiam
2675 502 2949 558 ostendit.
2983 501 3065 559 Ne
3105 501 3261 558 enim
3306 501 3409 558 filii
3454 503 3694 560 nomine

269 595 439 661 dixit,
476 595 538 648 ln
573 588 859 662 principio
895 587 1086 657 fiebat,
1120 586 1209 641 vel
1242 586 1299 640 in
1355 584 1640 657 principio
1692 584 1926 641 creaba-

2037 588 2238 644 audilo
2273 589 2550 646 humanis
2582 591 3019 663 suspicionibus
3054 593 3502 660 involveremur,
3528 610 3695 649 mun-

275 693 388 753 lur,
423 683 547 753 sed,
581 683 643 737 In
672 676 949 751 principio
978 684 1116 733 erat.
1150 676 1329 731 Docet
1374 690 1505 731 vero
1558 676 1737 731 etiam
1782 674 1927 745 quid
2036 676 2214 749 dique
2242 678 2423 735 totius
2453 679 2735 752 Opificem
2769 682 2974 737 eadem
3002 683 3307 739 nobiscum
3339 681 3463 755 lege
3486 688 3693 738 natum

271 778 446 842 esset,
479 771 789 841 subjungit
820 770 1000 836 enim,
1034 769 1097 821 Et
1138 764 1381 820 Verbum
1408 769 1532 820 erat
1562 764 1705 836 apud
1736 764 1929 831 Deum,
2039 768 2482 839 arbitraremur,
2531 787 2600 826 ea
2638 770 2709 826 de
2760 789 2934 828 causa
2993 772 3250 828 Verbum
3317 774 3696 845 nuncupavit,

272 870 327 921 et
360 867 499 920 Deus
526 872 651 918 erat
687 860 920 916 Verbum
946 858 1042 914 π’.
1079 856 1296 912 Deinde
1327 854 1607 926 procemio
1632 858 1933 926 resumpto
2040 856 2296 913 innuens
2325 860 2759 931 generationem
2786 860 2946 917 illam
2972 862 3042 917 ab
3074 863 3233 919 omni
3258 863 3533 936 passione
3554 861 3701 919 libe-

274 953 581 1018 subinfert,
616 950 725 1006 Hoc
757 956 877 1004 erat
904 950 965 1002 in
991 944 1269 1019 principio
1285 946 1430 1016 apud
1454 946 1624 1001 Deum
1646 942 1733 1012 7",
1760 948 1937 1016 atque

276 1045 386 1100 hoc
432 1042 666 1113 quidem
717 1036 1017 1094 communi
1059 1035 1297 1091 nomine
1341 1032 1401 1086 τὸ
1455 1032 1772 1105 ὁμοοῦσιον,
1829 1033 1939 1090 hoc

280 1137 366 1188 est
395 1129 783 1201 aequalitatem
818 1125 1162 1182 substantias
1193 1124 1490 1180 indicavit.

349 1220 512 1287 Quod
559 1220 800 1289 insuper
853 1216 1040 1272 Deum
1093 1213 1324 1283 dixerit,
1376 1212 1470 1269 his
1519 1212 1732 1281 verbis,
1792 1211 1941 1283 apud

268 1312 461 1375 Deum,
518 1322 906 1380 personarum
951 1301 1350 1359 differentiam
1404 1301 1747 1358 denotavit:
1783 1301 1942 1357 hunc

270 1399 482 1455 Filium
508 1395 873 1468 unigenitum
903 1389 1046 1450 Jesu
1078 1392 1292 1448 Christi
1323 1390 1560 1448 nomine
1593 1406 1739 1462 saepe
1771 1391 1940 1447 dixit.

275 1486 759 1558 Sapientissimus
794 1501 965 1556 porro
998 1483 1213 1538 Paulus
1248 1480 1330 1536 sic
1360 1481 1441 1536 ait
1475 1497 1490 1536 :
1540 1483 1606 1535 At
1654 1481 1750 1536 ubi
1798 1481 1945 1536 venit

279 1577 568 1650 plenitudo
602 1577 885 1646 temporis,
918 1572 1072 1627 misit
1105 1573 1242 1627 Deus
1272 1570 1481 1626 Filium
1517 1588 1703 1639 suum,
1732 1574 1947 1639 factum

276 1684 350 1722 ea:
380 1667 633 1733 muliere,
676 1667 893 1734 factum
929 1663 1029 1717 sub
1080 1663 1193 1732 lege
1242 1678 1260 1718 :
1313 1667 1375 1715 ut
1408 1677 1495 1717 eos
1540 1663 1638 1732 qui
1678 1660 1780 1725 sub
1831 1660 1949 1729 lege

283 1761 467 1824 erant,
510 1754 831 1823 redimeret,
865 1761 924 1809 ut
965 1750 1328 1823 adoptionem
1376 1751 1626 1821 ﬁliorum
1673 1752 1948 1820 recipere-

2044 964 2187 1005 ram.
2223 949 2335 1003 Ncc
2364 948 2521 1004 enim
2558 950 2740 1005 menti
2770 967 2871 1007 seu
2931 952 3140 1007 rationi
3202 962 3414 1008 nostra:
3471 954 3539 1008 ad
3577 972 3698 1009 scr-

2047 1054 2278 1093 moccm
2304 1032 2748 1110 concipiendum
2774 1045 2832 1096 et
2856 1039 3284 1097 eii‘ormandum
3309 1042 3534 1097 feminae
3549 1060 3702 1098 cozu-

2046 1129 2217 1201 plexu
2263 1146 2409 1202 opus
2460 1134 2598 1185 est:
2652 1137 2755 1186 aut
2808 1129 2929 1186 ulla
2979 1134 3177 1198 sectio,
3231 1131 3459 1189 ullusve
3510 1132 3702 1189 fluxus

2044 1217 2384 1274 tolerandos
2437 1222 2571 1275 est:
2630 1218 2728 1274 sed
2762 1220 3053 1291 perfectus
3107 1238 3349 1276 manens
3380 1222 3698 1293 perlectum

2047 1323 2376 1365 sermonem
2409 1307 2605 1364 efficit.
2639 1307 2739 1363 His
2772 1309 2965 1381 itaque
2997 1314 3053 1365 et
3081 1311 3512 1381 generationem
3560 1307 3707 1365 nulli

2050 1398 2309 1472 passioni
2338 1398 2670 1467 obnoxiam,
2706 1404 2762 1455 et
2796 1400 3254 1458 coaeternitatcm
3292 1398 3590 1472 Unigcniti
3622 1399 3713 1454 di-

2052 1489 2327 1547 dicimus.

2128 1588 2221 1639 Est
2274 1601 2403 1641 vero
2453 1586 2631 1641 etiam
2685 1583 2950 1655 ejusdem
3000 1596 3134 1636 cum
3191 1583 3361 1636 Patre
3411 1579 3709 1652 potentia),

2053 1674 2222 1745 eique
2254 1675 2463 1732 similis
2496 1680 2551 1731 et
2582 1673 2831 1746 aequalis
2860 1672 2919 1728 in
2952 1670 3226 1727 omnibus
3260 1686 3272 1725 :
3305 1673 3365 1726 ut
3388 1686 3457 1726 ex
3478 1668 3712 1725 Domini

2056 1764 2322 1820 doctrina
2353 1766 2573 1822 discere
2606 1763 2799 1837 quivis
2833 1761 3000 1818 facile
3034 1765 3244 1834 potest.
3279 1760 3368 1815 Ait
3398 1759 3551 1816 enim
3578 1777 3589 1813 :
3612 1759 3716 1814 Pa-

284 1862 407 1902 mus
438 1846 501 1899 7".
537 1849 708 1912 Item,
743 1844 878 1898 Cum
910 1857 1032 1898 vero
1060 1842 1271 1913 placuit
1298 1842 1372 1911 ei,
1402 1841 1513 1923 qui
1551 1857 1639 1896 me
1676 1855 1946 1910 segrega-

2069 1862 2144 1908 τεν
2175 1871 2326 1910 meus
2355 1856 2529 1910 etiam
2557 1870 2707 1910 nunc
2736 1856 3020 1926 operatur,
3051 1858 3100 1906 et
3132 1865 3231 1919 ego
3263 1866 3457 1922 operor
3508 1849 3583 1919 ⁸ος
3636 1853 3712 1921 et,

276 1939 359 1993 vit
389 1939 460 1993 ab
492 1946 644 1993 utero
677 1934 877 1991 matris
900 1948 1062 2002 meae,
1088 1936 1138 1987 et
1158 1934 1372 1988 vocarit
1389 1948 1488 2003 per
1502 1934 1745 2001 gratiam
1766 1948 1945 1995 suam,

286 2030 349 2082 ut
380 2028 647 2083 reuelaret
699 2026 759 2081 in
812 2034 898 2079 me
934 2022 1143 2078 Filium
1190 2037 1356 2077 suum
1398 2020 1464 2077 ⁷⁸.
1508 2020 1638 2076 Haec
1687 2023 1744 2075 et
1785 2022 1950 2075 innu-

291 2133 457 2171 mera
514 2115 629 2172 alia
679 2112 1019 2170 testimonia
1068 2110 1332 2167 invenire
1382 2114 1495 2178 est,
1549 2109 1766 2182 quibus
1814 2123 1948 2163 eum

288 2204 590 2260 Christum
653 2220 887 2276 quoque
946 2206 1003 2258 et
1053 2205 1337 2257 aeternum
1399 2198 1631 2269 Filium,
1687 2202 1745 2254 et
1798 2195 1948 2252 Patri

292 2299 650 2350 coeeternum
684 2296 911 2360 vocant,
940 2306 1118 2363 quem
1152 2290 1307 2346 idem
1349 2305 1580 2361 quoque
1608 2287 1813 2344 doctor
1843 2286 1950 2341 do-

285 2402 430 2443 cens
461 2385 651 2456 primo
682 2383 926 2454 quidem
958 2380 1085 2437 loco
1119 2379 1471 2437 saeculorum
1504 2380 1786 2435 factorem
1820 2389 1951 2432 esse

287 2473 569 2532 ostendit.
604 2472 804 2543 Inquit
834 2470 991 2527 enim
1019 2487 1032 2524 :
1058 2471 1366 2526 Novissime
1391 2469 1579 2526 diebus
1601 2468 1719 2525 istis
1742 2468 1953 2525 locutus

281 2569 370 2621 est
404 2563 557 2619 nobis
588 2562 649 2617 in
668 2561 829 2631 Filio,
858 2577 1019 2631 quem
1038 2561 1224 2632 posuit
1242 2559 1517 2618 haeredem
1540 2560 1950 2624 universorum,

283 2671 387 2727 per
415 2670 574 2725 quem
594 2654 725 2724 fecit
764 2660 815 2708 et
842 2653 1048 2709 secula
1076 2650 1143 2709 7°.

364 2744 512 2810 Quia
542 2758 675 2799 vero
727 2743 828 2813 qui
880 2741 1078 2798 divina
1134 2740 1331 2797 divino
1390 2756 1571 2797 sensu
1627 2739 1952 2813 intelligere

284 2831 519 2899 nolunt,
551 2829 678 2887 ﬁeri
712 2848 884 2903 posse
916 2847 1032 2886 non
1065 2833 1297 2902 putant,
1349 2833 1412 2884 ut
1463 2834 1573 2886 Deo
1623 2834 1950 2887 coaternus

283 2922 386 2989 sit,
424 2919 523 2991 qui
551 2936 621 2976 ex
653 2920 769 2976 Deo
802 2924 893 2975 est
926 2937 940 2977 :
975 2936 1111 2976 nam
1154 2920 1295 2975 dum
1345 2918 1520 2975 stulte
1562 2920 1730 2989 juxta
1782 2923 1839 2976 et
1866 2923 1953 2977 te-

289 3023 451 3062 mere
508 3009 781 3061 naturam
843 3006 1103 3062 divinam
1152 3007 1424 3061 humanas
1468 3010 1686 3061 naturis
1725 3005 1954 3078 legibus

291 3096 604 3165 subjacere
634 3100 861 3165 putant,
896 3096 1121 3151 Patrem
1172 3096 1293 3150 lilio
1343 3095 1633 3151 seniorem
1674 3112 1805 3152 esse
1850 3113 1951 3152 su-

294 3185 514 3257 spicati
546 3189 686 3241 sunt
721 3202 734 3240 :
763 3186 970 3242 beatus
998 3185 1321 3257 Apostolus
1346 3186 1417 3241 de
1446 3184 1539 3241 his
1571 3186 1803 3241 abunde
1834 3187 1955 3243 dis-

2060 1942 2214 1998 Sicut
2243 1945 2416 2000 Pater
2436 1946 2661 2000 suscitat
2689 1947 2951 2012 mortuos,
2982 1944 3033 1997 et
3064 1939 3307 2009 viviﬁcat
3338 1937 3383 1974 δ’
3412 1956 3425 2007 ;
3458 1943 3533 2007 et,
3583 1941 3717 1998 0m-

2061 2036 2159 2088 m'a
2185 2048 2524 2105 quaecunque
2577 2033 2734 2089 habet
2762 2035 2946 2099 Pater,
2978 2045 3098 2085 mea
3126 2031 3252 2084 sunt
3282 2028 3360 2096 ⁸²;
3394 2033 3451 2085 et
3484 2045 3496 2085 :
3525 2029 3634 2099 Ego
3658 2027 3719 2084 in

2061 2127 2248 2189 Patre,
2278 2127 2330 2180 et
2345 2124 2510 2178 Pater
2539 2124 2598 2179 in
2625 2139 2709 2177 me
2730 2125 2839 2191 ;et,
2865 2121 2968 2189 Qui
2982 2118 3123 2175 videt
3141 2136 3226 2173 me
3244 2117 3635 2174 videtPalrem
3651 2116 3717 2173 ⁸³.

2132 2213 2209 2268 Ex
2241 2212 2334 2270 his
2362 2229 2534 2284 porro
2553 2229 2679 2284 quae
2709 2213 3040 2281 sequuntur
3065 2205 3563 2266 incommutabilis
3592 2204 3720 2278 ejus

2063 2301 2388 2360 similitudo
2421 2304 2732 2377 perspicua
2756 2302 2839 2359 fit.
2871 2299 3141 2372 Philippo
3170 2299 3327 2355 enim
3352 2298 3576 2355 Patrem
3607 2295 3719 2353 sibi

2062 2394 2285 2451 ostendi
2318 2398 2583 2465 rogante,
2618 2391 2880 2466 seipsum
2917 2389 3202 2447 Dominus
3234 2388 3491 2445 ostendit
3531 2403 3593 2443 se
3631 2387 3720 2442 vi-

2061 2487 2293 2540 ventem
2325 2484 2517 2541 Patris
2547 2481 2867 2556 imaginem
2895 2497 3027 2537 esse
3049 2479 3415 2552 significans,
3444 2495 3570 2549 quae
3598 2494 3721 2550 per-

2073 2573 2311 2645 spicuos
2342 2572 2633 2630 Genitoris
2666 2572 3051 2640 characteres,
3105 2584 3206 2625 seu
3257 2569 3444 2641 signa,
3499 2584 3611 2640 pro)
3663 2582 3725 2623 se

2071 2665 2265 2721 ferret.
2298 2665 2453 2722 Dixit
2480 2665 2638 2722 enim
2671 2663 2939 2736 Philippo
2971 2678 2983 2717 :
3028 2661 3258 2717 Tantum
3297 2664 3515 2732 tempus
3550 2659 3726 2715 vobis-

2069 2769 2193 2809 cum
2222 2771 2363 2826 sum,
2398 2763 2453 2812 et
2478 2769 2590 2811 non
2619 2754 2821 2811 novisti
2859 2767 2965 2821 me,
3013 2750 3279 2823 Philippe
3326 2748 3419 2807 3‘?
3463 2750 3718 2818 Patrem,

2074 2843 2289 2917 inquit,
2322 2845 2489 2917 cupis
2521 2844 2735 2913 videre,
2763 2859 2898 2899 cum
2941 2858 3035 2898 me
3071 2840 3321 2898 videas?
3366 2842 3563 2913 itaque
3605 2856 3722 2896 non

2065 2936 2280 2995 novisti
2303 2951 2395 2993 me
2428 2937 2514 2991 :si
2536 2935 2691 2990 enim
2723 2950 2813 2991 me
2835 2932 3125 3003 novisses,
3155 2946 3528 3003 nequaquam
3558 2928 3720 2985 illum

2066 3027 2265 3084 videre
2289 3031 2582 3099 optasses.
2625 3025 2690 3080 In
2725 3040 2814 3080 me
2843 3022 3003 3079 enim
3035 3025 3206 3079 Pater
3235 3020 3466 3077 videtur
3500 3035 3513 3075 :
3547 3018 3725 3091 siqui-

2070 3118 2203 3174 dem
2235 3118 2346 3173 hoc
2377 3133 2445 3172 ex
2478 3114 2568 3171 his
2588 3113 2782 3170 verbis
2806 3112 3108 3169 inducitur
3133 3128 3146 3168 :
3175 3112 3283 3179 Qui
3304 3110 3439 3166 vidit
3463 3126 3567 3177 me,
3592 3108 3728 3165 vidit

2070 3215 2121 3264 et
2153 3208 2407 3262 Patrem.
2451 3204 2626 3260 Porro
2658 3203 2752 3258 hic
2813 3216 2915 3274 per
2962 3205 3265 3274 aspectum
3308 3197 3725 3271 contemplatio

291 3252 535 3350 putans,
570 3274 940 3347 unigenitum
973 3252 1208 3342 Filium,
1242 3278 1299 3330 et
1328 3292 1395 3331 ex
1421 3280 1561 3343 Deo,
1588 3279 1644 3331 et
1674 3292 1806 3332 cum
1841 3280 1952 3332 Deo

2072 3296 2206 3353 ﬁdei
2235 3294 2602 3367 intelligitur.
2644 3252 2875 3349 Tantuin
2906 3252 3323 3364 eniniinquit,
3376 3252 3583 3362 tempu‘s
3636 3305 3726 3345 va-

290 3381 428 3422 esse
488 3364 782 3420 evidenter
840 3364 1116 3421 ostendit.
1170 3365 1318 3420 Eum
1377 3364 1526 3420 enim
1586 3364 1961 3438 splendorem

291 3455 496 3527 glorise
532 3452 856 3509 nominavit
890 3469 903 3509 :
937 3453 1229 3525 siquidem
1262 3451 1541 3524 splendor
1584 3457 1641 3508 et
1696 3470 1765 3511 ex
1804 3454 1959 3526 igne,

290 3551 353 3603 et
383 3561 520 3602 cum
554 3545 690 3617 igne
720 3542 1012 3601 subsistit.
1050 3542 1173 3615 Igni
1207 3542 1364 3598 enim
1398 3541 1677 3614 splendor
1721 3543 1961 3602 innatus

288 3640 409 3703 est,
443 3638 508 3689 ut
539 3634 649 3688 soli
683 3634 903 3689 radius.
938 3633 1019 3688 Ex
1049 3649 1164 3704 quo
1191 3632 1345 3687 enim
1385 3631 1495 3698 sol,
1548 3648 1616 3688 ex
1663 3634 1864 3689 eodem
1905 3636 1963 3690 et

288 3722 471 3793 radii,
501 3723 599 3779 sed
636 3728 831 3778 tamen
860 3722 1160 3777 radiorum
1189 3738 1367 3776 causa
1388 3719 1519 3788 soli,
1546 3725 1603 3776 et
1625 3721 1962 3792 splendoris

284 3811 418 3886 igni
450 3811 765 3868 ascribitur
797 3829 810 3867 :
848 3827 953 3866 nec
987 3810 1144 3866 enim
1178 3809 1266 3867 sol
1307 3824 1377 3866 ex
1417 3810 1621 3877 radiis,
1670 3812 1771 3866 sed
1813 3811 1962 3867 radii

290 3920 365 3959 ex
423 3900 546 3957 sole
594 3900 888 3970 oriuntur,
938 3902 996 3956 et
1044 3899 1323 3972 splendor
1370 3916 1438 3956 ex
1486 3899 1621 3972 igne
1682 3901 1960 3971 procedit.

297 3990 555 4047 Proinde
578 3989 916 4061 unigenitus
946 3994 1004 4046 et
1035 3989 1218 4045 Filius
1251 4007 1320 4045 ex
1367 3993 1536 4046 Patre
1582 3990 1814 4061 quidem
1862 4009 1962 4047 na-

298 4085 399 4137 tus
430 4087 534 4148 est,
573 4079 722 4135 Patri
757 4084 953 4134 autem
986 4094 1101 4135 non
1127 4090 1296 4134 secus
1320 4081 1494 4150 atque
1516 4079 1700 4136 oratio
1725 4078 1962 4151 rationi,

306 4166 596 4241 splendor
627 4168 769 4238 igni,
803 4171 860 4221 et
902 4166 1103 4223 radius
1153 4166 1261 4222 soli
1314 4166 1584 4224 cohaeret.
1631 4174 1705 4224 At
1752 4168 1962 4226 harum

302 4271 509 4313 rerum
539 4254 702 4310 nulla
735 4270 837 4326 per
867 4271 929 4311 se
960 4255 1252 4322 subsistit,
1287 4256 1389 4311 sed
1424 4255 1480 4311 in
1505 4270 1571 4312 eo
1594 4256 1961 4331 hypostasin,

290 4349 414 4403 hoc
464 4349 551 4401 est
596 4343 988 4401 sedimentum
1044 4350 1099 4400 et
1147 4343 1595 4402 subsistentiam
1646 4346 1843 4420 habet,
1894 4362 1963 4406 ex

289 4450 415 4510 quo
447 4432 768 4492 enascitur.
813 4438 962 4491 Deus
994 4437 1189 4491 autem
1224 4432 1502 4500 Verbum,
1535 4436 1812 4507 splendor
1832 4438 1959 4511 glo-

295 4525 428 4592 riae,
464 4523 699 4597 energia
746 4540 859 4580 non
907 4531 994 4580 est
1034 4521 1407 4586 ἀνυπόστατος
1457 4541 1489 4580 a
1539 4524 1727 4597 Patre,
1775 4543 1878 4585 seu
1930 4545 1964 4584 a

2070 3385 2280 3442 biscum
2308 3401 2455 3451 sum,
2482 3386 2535 3440 et
2563 3399 2674 3440 non
2702 3398 2791 3437 me
2819 3381 3047 3448 novisti,
3072 3380 3326 3453 Philippe
3350 3382 3371 3434 ἕ
3422 3396 3536 3435 non
3562 3379 3725 3451 dixit,

2070 3475 2196 3533 Non
2225 3474 2446 3544 vidisti,
2482 3474 2605 3543 sed,
2638 3474 2755 3529 Non
2784 3471 3007 3528 novisti.
3031 3470 3279 3527 Videbat
3309 3470 3465 3526 enim
3497 3466 3724 3541 Philip-

2068 3582 2203 3638 pus,
2232 3564 2291 3619 id
2320 3564 2473 3634 quod
2500 3564 2611 3620 sub
2661 3569 2963 3634 aspectum
3013 3559 3259 3617 cadebat
3290 3577 3303 3615 :
3359 3559 3722 3616 divinitalem

2068 3670 2225 3722 vero,
2255 3670 2385 3725 quae
2436 3651 2747 3709 invisibilis
2791 3655 2900 3717 est,
2943 3667 3061 3707 non
3104 3649 3264 3705 item.
3306 3647 3550 3705 Proinde
3597 3647 3728 3705 cul-

2072 3749 2244 3817 patus
2276 3742 2487 3799 merito
2519 3745 2628 3809 est,
2656 3741 2757 3813 qui
2791 3738 3007 3797 Filium
3054 3739 3307 3813 perfecte
3346 3755 3464 3795 non
3508 3743 3727 3801 nosset,

2070 3833 2452 3905 idcirquoque
2483 3835 2713 3886 Patrem
2748 3829 2941 3886 videre
2980 3832 3259 3900 optasset.

2677 3933 2830 3988 CAP.
2872 3929 3122 3987 XXVIII.

2314 4052 2390 4107 De
2420 4049 2635 4123 Spiritu
2664 4056 2871 4118 sancto,
2903 4053 2954 4104 et
2982 4049 3102 4117 eius
3130 4045 3507 4102 charismatis.

2141 4169 2422 4244 Spiritum
2458 4168 2657 4240 itaque
2692 4170 2960 4223 sanctum
2992 4183 3024 4221 a
3054 4167 3222 4221 Patre
3253 4162 3555 4237 [Filioque]
3590 4160 3727 4218 sub-

2073 4259 2351 4317 stantiam
2388 4258 2604 4314 habere
2637 4256 2954 4312 didicimus
2997 4256 3200 4327 :cujus
3224 4252 3569 4311 substantiae
3604 4269 3730 4308 mo-

2073 4348 2185 4406 dus
2218 4365 2409 4420 neque
2439 4350 2719 4404 creaturas
2748 4345 3068 4419 (increatus
3101 4343 3257 4401 enim
3290 4342 3548 4415 Spiritus
3592 4357 3729 4397 san-

2073 4438 2228 4511 ctus)
2261 4452 2450 4509 neque
2482 4430 2782 4508 unigenito
2814 4432 2959 4489 Filio
2992 4432 3205 4490 similis
3233 4437 3341 4489 est.
3377 4434 3725 4487 Sanctorum

2071 4531 2227 4585 enim
2247 4526 2482 4584 Patrum
2504 4542 2671 4582 nemo
2690 4522 2867 4580 divini
2883 4524 3133 4596 Spiritus
3146 4523 3539 4580 substantiam
3554 4537 3730 4594 gene-

289 4613 488 4672 Patris
522 4613 823 4687 hypostasi
852 4614 1255 4685 sejuncta,sed
1287 4614 1488 4671 vivens
1516 4619 1573 4672 et
1603 4626 1706 4687 per
1736 4632 1797 4673 se
1827 4615 1961 4675 sub-
1991 4621 2038 4685 1)
2072 4616 2317 4674 rationis
2369 4614 2646 4673 vocabulo
2697 4607 3047 4685 signiﬁcavit
3080 4629 3092 4668 :
3136 4611 3393 4685 quamvis
3424 4609 3616 4683 ipsum
3659 4624 3728 4665 ex

292 4704 524 4763 sistens
554 4702 910 4776 hypostasis.
946 4703 1060 4760 Nec
1107 4704 1265 4760 enim
1316 4698 1659 4775 simpliciter
1704 4702 1962 4764 Verbum

293 4794 667 4861 nominatur,
702 4794 802 4848 sed
838 4795 990 4850 Deus
1023 4792 1279 4851 Verbum
1317 4811 1329 4849 :
1366 4810 1472 4850 nec
1514 4794 1790 4867 splendor
1839 4797 1968 4871 glo-

296 4886 407 4944 riae
464 4884 762 4949 duntaxat,
806 4884 908 4939 sed
962 4883 1341 4957 hypostaseos
1389 4900 1620 4957 quoque
1663 4903 1780 4942 suae
1827 4888 1964 4943 cha-

298 4977 519 5036 racter.
554 4973 698 5039 Quia
729 4970 885 5028 enim
921 4989 1035 5029 una
1064 4973 1384 5044 eademque
1413 4970 1671 5046 imagine
1702 4990 1793 5032 res
1824 4976 1963 5033 divi-

297 5081 419 5124 nas
480 5067 673 5134 aperte
730 5061 1047 5134 eXprimere
1091 5060 1462 5135 impossibile
1494 5078 1634 5135 erat,
1695 5064 1963 5137 pluribus

296 5172 412 5213 eas
446 5150 556 5209 hoc
589 5154 757 5225 pacto
803 5151 1165 5224 imaginibus
1214 5146 1469 5209 dicimus
1523 5166 1537 5208 :
1584 5157 1641 5210 et
1689 5154 1966 5227 splendor

287 5244 536 5320 quidem
606 5241 800 5315 gloriae
870 5245 1245 5312 coazternum,
1318 5242 1696 5315 hypostaseos
1764 5249 1959 5302 autem

289 5334 612 5394 character
641 5330 1049 5387 similitudinis
1082 5330 1497 5402 perfectionem
1531 5334 1745 5405 arguit,
1779 5332 1962 5408 hypo-

288 5429 660 5491 staseonque
691 5434 791 5477 seu
826 5434 1206 5493 personarum
1242 5416 1636 5478 differentiam
1667 5421 1853 5481 docet.

374 5509 632 5570 Verbum
666 5514 859 5567 autem
890 5527 1025 5568 cum
1055 5510 1288 5581 dicitur,
1337 5511 1775 5583 generationem
1817 5514 1963 5571 nulli

372 5638 421 5672 ⁷⁸
445 5636 467 5659 "
494 5640 662 5690 Joan.
741 5637 785 5693 Ι.
838 5636 890 5693 1.

2073 4705 2244 4763 Patre
2275 4722 2423 4776 esse,
2459 4711 2631 4777 atque
2663 4704 2836 4759 etiam
2880 4698 3160 4770 divinum,
3208 4718 3386 4758 sacrae
3438 4702 3728 4757 testentur

2075 4797 2326 4853 Littera.
2360 4792 2645 4851 Dominus
2677 4790 2830 4851 enim
2861 4790 3129 4850 Christus
3152 4790 3275 4847 Ι]ωο
3298 4792 3367 4847 de
3390 4790 3517 4863 ipso
3545 4786 3686 4845 dicit
3714 4805 3728 4845 :

2074 4882 2317 4960 Expedit
2346 4886 2519 4953 vobis,
2556 4895 2610 4940 ut
2641 4900 2737 4955 ego
2758 4883 2970 4951 abeam,
3005 4880 3118 4939 nisi
3164 4880 3315 4937 enim
3365 4880 3573 4949 abiero,
3620 4877 3729 4934 Pa-

2073 4976 2309 5034 racletus
2330 4993 2441 5033 non
2473 4974 2651 5031 veniet
2682 4971 2751 5029 ad
2786 4989 2876 5029 vos
2905 4970 2975 5041 ⁸⁵,
3022 4976 3078 5027 et
3123 4968 3262 5026 alibi
3296 4987 3309 5025 :
3363 4968 3497 5026 Cum
3544 4971 3731 5025 autem

2074 5066 2285 5123 venerit
2335 5062 2653 5121 Paracletus
2704 5064 2935 5135 spiritus
2982 5058 3256 5127 veritatis,
3311 5056 3408 5131 qui
3454 5076 3526 5115 ea:
3564 5062 3733 5115 Patre

2070 5156 2340 5229 procedit,
2376 5148 2473 5212 ille
2493 5148 2871 5209 testimonium
2917 5148 3228 5224 perhibebit
3278 5144 3343 5206 de
3396 5166 3482 5205 me
3532 5147 3598 5203 ⁸⁸.
3650 5146 3728 5205 Eo

2074 5250 2273 5301 autem
2309 5244 2464 5317 quod
2496 5238 2692 5316 ipsum
2728 5258 2795 5297 ex
2826 5240 2990 5297 Patre
3023 5240 3331 5313 procedere
3360 5237 3463 5311 ait,
3494 5237 3727 5294 Patrem

2075 5335 2296 5392 fontem
2327 5332 2582 5406 Spiritus
2615 5346 2744 5388 esse
2768 5328 3010 5398 indicat,
3044 5347 3234 5403 neque
3256 5346 3411 5397 vero,
3433 5328 3732 5398 Procedet,

2074 5424 2285 5497 inquit,
2314 5424 2415 5480 sed
2450 5421 2719 5491 Procedit,
2767 5421 3033 5477 eamdem
3081 5419 3391 5492 utriusque
3434 5421 3733 5487 naturam,

2073 5515 2580 5587 substantiamque
2612 5504 2972 5570 individuam
3025 5517 3081 5568 et
3122 5504 3552 5579 indlferentem,
3597 5526 3729 5581 per-

967 5637 1013 5710 τέ
1063 5638 1104 5660 ’⁸
1154 5638 1298 5693 Ibid.
1347 5636 1521 5710 2:7"
1556 5638 1759 5710 ,Galat.
1828 5657 1902 5706 ιν,

2069 5643 2132 5710 5.~
2187 5641 2233 5678 ⁷⁸
2281 5641 2464 5698 Galat.
2516 5657 2557 5708 1,
2605 5641 2694 5707 15,
2748 5640 2835 5710 i6.
2912 5639 2961 5674 '9
3007 5639 3176 5696 Hebr.
3237 5656 3281 5706 ι,
3338 5640 3383 5693 ι.
3461 5637 3508 5672 ⁸ο
3558 5636 3731 5695 Joan.

287 5728 354 5787 ν,
395 5679 786 5765 17."87"ibicii
819 5679 907 5764 2'1'.
985 5708 1035 5744 δε
1066 5679 1456 5767 δοὲἕξῖινῗεθ
1485 5679 1759 5768 ιδίῖἱῗῖὲῗ
1820 5679 2165 5771 3111336.“
2192 5679 2720 5780 ,τοὶἱιῗῖἶιίῆἶἽε
2750 5679 2921 5770 ξιᾌὶιη.
2954 5679 3170 5781 χεζἜὲ
