2026 3192
172 192 254 223 1159

837 181 991 213 NICETE
1012 177 1226 210 GHONIAT/E

1811 180 1828 210 1
1835 180 1903 211 160

172 265 312 287 sonarum
329 257 457 292 denique
471 253 708 290 conjunctionem
724 250 892 279 ostendens.
922 248 1003 282 Quod
1020 257 1045 289 Α
1060 252 1178 294 ξονρᾳζα
1196 249 1286 273 υεεενα
1298 245 1407 294 ξιφηζα
1425 239 1489 294 3"!“
1513 246 1603 294 ξξυξειί
1628 245 1760 281 δρινίιιιι,
1786 247 1840 282 {tui
1855 248 1905 274 εει

172 304 251 332 enim
267 302 409 339 procedit,
423 302 458 328 ab
475 308 507 327 eo
525 308 540 327 a
555 307 613 334 quo
639 296 767 333 procedit
788 295 918 331 separari
941 302 997 322 non

171 351 278 385 potest.
295 350 401 375 Beatus
418 354 504 381 porro
519 343 678 379 Apostolus
703 342 743 378 [in
770 340 876 376 priore]
892 339 928 367 ad
944 340 997 367 Co-

170 393 295 422 rinthios
311 391 452 428 Epistola,
474 390 533 418 haec
557 390 591 416 de
617 388 729 424 Spiritu
752 386 848 414 dixit:
875 385 997 421 Spiritus

170 443 262 466 autem
276 439 369 465 omnia
384 438 534 469 scrutatur,
549 434 634 462 etiam
642 432 782 469 profunda
795 431 842 459 Dei
857 431 890 464 ⁸⁷,
907 438 997 466 quam

170 485 287 519 quidem
303 483 511 511 scrutationem
529 489 564 508 ne
576 480 636 508 ulla
649 487 778 514 unquam
794 478 900 506 deleret
914 476 996 513 igno-

171 529 276 562 rantia,
292 526 445 564 subjunxit
469 535 475 554 :
503 526 570 560 Quis
589 526 661 552 enim
687 524 834 551 hominum
861 523 914 550 scit
937 529 997 557 qua:

170 578 234 602 sunt
250 573 380 605 hominis,
396 572 453 599 nisi
468 570 583 607 spiritus
600 569 729 602 hominis,
746 568 796 605 qui
811 569 840 595 in
862 567 923 603 ipso
937 565 997 595 est?

169 619 209 647 ita
233 623 257 646 et
283 625 345 653 qua:
371 617 421 645 Dei
444 618 509 654 sunt
532 623 611 643 nemo
634 615 770 649 cognovit,
794 612 852 641 nisi
875 612 997 648 Spiritus

168 664 219 691 Dei
230 662 263 691 ⁸⁸.
281 662 439 698 Postquam
456 665 551 689 autem
568 660 616 688 his
643 660 738 687 verbis
758 665 876 686 omnem
896 657 922 684 ei
947 664 996 684 co-

166 708 327 745 gnitionem
343 707 512 742 adscripsit,
527 706 639 734 indicat
653 705 742 732 etiam
756 704 833 732 unde
856 703 994 730 substan-

165 753 239 781 tiam
255 753 363 780 habeat
377 760 383 779 :
397 752 451 779 Nos
461 753 568 784 autem,
581 750 683 785 inquit,
696 757 751 777 non
759 748 892 784 spiritum
900 746 998 774 mundi

168 799 331 834 accepimus,
338 796 384 825 sed
406 796 541 832 Spiritum
548 795 595 831 qui
601 803 636 822 ea:
643 795 695 822 Deo
702 799 740 821 est
753 793 787 827 39,
799 793 907 829 quibus
918 794 995 819 certe

169 843 266 871 verbis
281 842 383 870 eodem
407 841 491 868 illum
510 841 540 868 in
563 840 674 873 ordine,
698 847 755 874 quo
775 841 804 866 et
829 838 942 865 Patrem
969 840 996 863 et

170 887 275 915 Filium
292 886 425 919 collocat,
442 886 478 913 ad
493 885 649 913 creationis
665 887 762 912 autem
774 884 906 912 ordinem
919 891 994 910 nun-

170 940 258 968 quam
276 931 386 966 redegit
401 939 407 958 :
424 939 477 958 nec
501 930 579 958 enim
604 929 760 957 creationis
784 928 866 956 illum
882 930 994 963 partem

170 984 232 1005 esse
248 975 395 1011 intelligit,
412 983 507 1010 neque
521 974 592 1008 Arii,
609 973 755 1008 Eudomii,
780 975 809 1000 et
834 972 997 1000 Macedonii

168 1020 382 1056 blasphemiam
400 1022 517 1047 secutus
533 1020 644 1055 πρῶτον
663 1017 784 1053 minim,
808 1018 861 1044 hoc
878 1019 922 1044 est
938 1016 995 1052 pri-

168 1075 248 1094 mam
265 1068 429 1093 creaturam
448 1064 589 1092 nominat.
608 1064 661 1090 Sed
679 1063 781 1098 gratiae
797 1062 903 1089 divinae
922 1063 997 1089 dona

171 1113 374 1139 demonstrans
391 1110 431 1137 ita
448 1109 542 1145 inquit
559 1109 729 1136 :Diuisiouex
742 1109 997 1143 autemgratiarum

169 1161 243 1187 sunt,
261 1157 319 1189 ipsc
338 1158 428 1182 autem
450 1157 520 1181 Deus
544 1156 673 1189 operatur
695 1154 789 1180 omnia
806 1154 836 1179 in
860 1153 996 1181 omnibus.

172 1201 283 1228 Deinde
293 1202 522 1227 commonstrato
534 1199 746 1226 charismatum
760 1197 921 1225 differentia
933 1198 999 1224 sub-

165 1245 238 1281 jecit
267 1254 276 1272 :
292 1246 354 1273 Haec
374 1252 437 1272 vero
457 1248 553 1272 cuncta
575 1248 704 1279 operatur
728 1251 799 1270 unus
820 1247 900 1277 atque
926 1242 997 1269 idem

170 1291 289 1326 Spiritus
305 1289 429 1317 dividens
443 1289 563 1324 singulis
575 1291 657 1323 prout
674 1287 743 1314 vult.
757 1287 789 1314 (Ὃ.
808 1287 907 1322 Neque
919 1286 995 1314 enim

170 1335 284 1363 servilis
302 1337 356 1368 est,
373 1334 482 1369 inquit,
495 1333 662 1366 ministerii,
675 1333 723 1360 sed
739 1332 895 1360 Dominicis
909 1331 997 1366 digni-

168 1380 238 1407 tatis
249 1379 455 1406 sanctissimus
473 1378 602 1413 Spiritus
619 1386 625 1404 :
653 1386 746 1412 neque
772 1376 931 1408 ministrat,
948 1377 996 1404 sed

168 1426 352 1460 cooperatur,
370 1426 398 1451 et
415 1425 557 1458 tanquam
574 1423 718 1450 Dominus
734 1424 881 1457 operatur.
907 1421 954 1448 Sic
970 1424 997 1448 et

167 1469 196 1496 in
215 1469 271 1496 ﬁne
288 1469 423 1496 secundis
441 1469 475 1495 ad
488 1468 604 1495 eosdem
617 1467 751 1503 Epistolas
763 1466 995 1494 benedictionem

168 1513 290 1540 attexuit
308 1521 314 1540 :
332 1513 426 1540 Gratia
442 1513 553 1540 Domini
563 1513 652 1539 nostri
668 1512 729 1539 Jcsu
747 1511 865 1543 Christi,
885 1514 909 1537 et
929 1510 997 1537 cha-

170 1559 241 1586 ritus
257 1558 316 1590 Dei,
333 1559 359 1585 et
373 1557 586 1585 communicatio
602 1557 692 1584 sancti
706 1556 838 1590 Spiritus,
855 1563 916 1582 cum
937 1562 996 1582 om-

169 1603 251 1630 nibus
266 1603 350 1630 vobis.
368 1602 452 1629 Amen.
467 1601 500 1628 οι.
520 1604 613 1637 Atque
628 1601 658 1628 in
675 1601 769 1636 priore
786 1600 903 1635 quidem
931 1600 997 1635 Epi-

166 1647 252 1681 stola,
269 1646 396 1681 primum
413 1646 508 1674 locum
526 1646 658 1682 Spiritui,
676 1646 723 1673 hic
748 1654 814 1673 vero
831 1649 993 1673 extremum

165 1691 307 1727 assignat,
325 1691 431 1719 docens
448 1690 623 1726 dignitatum
640 1691 834 1718 differentiam
845 1699 878 1718 ex
890 1691 992 1718 ordine

165 1736 317 1763 nominum
340 1744 397 1763 non
423 1744 487 1763 esse
513 1735 720 1771 colligendam.
747 1735 868 1770 Spiritui
893 1735 992 1770 itaque

162 1780 266 1808 Filium
285 1780 362 1808 Patri
387 1780 557 1816 praeposuit,
583 1788 640 1807 non
663 1782 694 1807 ut
710 1780 841 1808 ordinem
862 1780 952 1808 semel
976 1789 992 1807 a

163 1829 222 1854 Deo
252 1825 380 1861 positum
405 1826 597 1859 subverteret,
625 1826 674 1852 sed
704 1827 735 1852 ut
754 1825 855 1853 eodem
884 1825 991 1853 honore

164 1870 335 1899 Trinitatem
353 1870 503 1897 colendam
520 1877 584 1897 esse
598 1869 805 1897 subindicaret.
824 1871 903 1898 Idem
920 1878 990 1905 apo-

163 1914 248 1942 stolis
264 1923 380 1950 quoque
404 1914 545 1942 divinitus
568 1914 685 1942 infusus
709 1917 762 1942 est.
790 1914 884 1942 Primo
912 1915 990 1942 enim

163 1955 282 1989 domum
299 1961 457 1994 concussit,
475 1963 507 1988 ut
523 1961 652 1988 divinam
671 1961 821 1988 denotaret
836 1960 992 1996 apparitio-

162 2014 240 2034 nem.
252 2008 310 2033 Hoc
323 2006 401 2033 enim
415 2006 559 2042 Propheta
571 2006 605 2033 de
618 2006 819 2034 universitatis
831 2006 888 2034 Deo
900 2006 971 2033 dicit
982 2015 990 2032 .-

163 2051 215 2084 Qui
228 2051 344 2086 respicit
361 2054 475 2086 terram,
493 2053 517 2078 et
533 2053 652 2078 tremere
666 2052 735 2087 facit
752 2059 812 2078 eam
829 2051 862 2077 “9.
881 2051 991 2078 Deinde

162 2095 318 2131 discipulis
333 2104 450 2131 quoque
467 2096 495 2122 in
511 2096 606 2130 specie
623 2096 698 2131 ignis
716 2095 834 2128 insedit,
850 2097 991 2131 quemad—

162 2141 355 2175 modumjam
372 2139 443 2168 olim
456 2140 548 2167 Deum
564 2140 593 2167 in
611 2140 684 2167 rubo
702 2141 876 2176 apparuisse
896 2143 991 2169 Moses

163 2187 318 2213 attestatur
330 2193 341 2212 .'
358 2186 386 2212 et
401 2184 651 2219 quemadmodum
667 2185 760 2213 rubus
776 2185 834 2219 ille,
859 2187 990 2221 quamvis

162 2229 288 2262 arderet,
303 2237 359 2256 non
370 2231 468 2256 tamen
482 2229 730 2257 consumebatur:
744 2230 784 2258 ita
792 2232 990 2266 apostolorum

162 2273 268 2310 linguae
285 2273 511 2308 haudquaquam
535 2274 592 2301 vim
619 2275 802 2310 energiamve
825 2276 989 2303 adustivam

1054 289 1085 317 in
1099 289 1186 323 vobis,
1202 297 1281 325 quem
1295 289 1400 318 habetis
1415 299 1431 317 ιι
1446 290 1499 318 Deo
1513 289 1536 307 9⁵
1553 291 1562 316 ἒ

1089 334 1202 367 Quibus
1231 334 1326 362 verbis
1355 336 1454 371 aperte
1483 335 1624 370 Spiritum
1654 335 1889 364 sanctissimum

1053 378 1156 406 divinis
1176 386 1241 406 esse
1263 381 1374 406 natura:
1396 379 1489 407 docet.
1515 379 1587 407 Nam
1611 379 1636 406 si
1662 380 1711 407 Dei
1738 380 1890 415 templum

1053 424 1207 451 credentes
1232 423 1383 458 dicuntur,
1407 425 1455 451 ubi
1481 425 1611 459 primum
1636 426 1731 460 gratia
1756 425 1895 461 Spiritus

1052 468 1151 496 donati
1174 471 1244 495 sunt
1263 476 1297 495 ex
1319 468 1527 496 consocutione
1553 469 1681 505 Spiritus
1707 475 1833 497 sanctus
1856 479 1892 498 ex

1052 512 1111 540 Deo
1128 515 1182 540 est.

1089 559 1163 592 Quia
1178 558 1256 586 enim
1273 559 1337 594 ejus
1362 559 1455 595 gratia
1481 560 1509 587 in
1537 559 1595 587 illis
1622 559 1747 594 habitat,
1777 560 1888 589 idcirco

1053 603 1102 631 Dei
1121 603 1261 639 templum
1279 603 1458 631 denominati
1476 606 1554 632 sunt.
1580 604 1721 640 Apertius
1747 614 1828 640 porro
1853 609 1881 633 et

1051 648 1237 684 explanatius
1251 649 1336 677 nobis
1351 658 1366 677 α
1383 650 1506 677 Domino
1518 650 1647 685 dignitas
1664 651 1795 686 Spiritus
1811 651 1885 678 indi-

1052 695 1143 720 catur.
1162 694 1233 720 Cum
1255 694 1333 721 enim
1362 693 1548 729 baptismatis
1573 694 1705 730 mysterio
1733 694 1890 730 apostolus

1051 736 1233 770 informaret,
1252 738 1293 765 ita
1309 738 1404 773 inquit
1422 746 1428 766 :
1445 739 1549 766 Euntes
1565 739 1657 766 docete
1671 747 1766 767 omnes
1782 742 1892 775 gentes,

1052 781 1223 816 baptismum
1237 789 1281 809 ea:
1296 783 1326 809 in
1343 782 1457 810 nomine
1471 782 1567 811 Patris
1582 786 1609 811 et
1622 783 1701 817 Filii,
1718 789 1744 811 et
1760 785 1892 820 Spiritus

1050 827 1140 853 sancti
1154 825 1189 854 θσ.
1218 826 1300 858 Quod
1325 827 1351 854 si
1388 830 1485 855 creata
1506 830 1611 855 natura
1636 828 1681 855 vel
1707 828 1811 863 Filius,
1841 829 1890 857 vel

1051 870 1178 905 Spiritus
1194 874 1325 905 sanctus,
1342 873 1498 907 praedictus
1516 874 1629 906 fuisset,
1641 881 1794 909 nunquam
1806 882 1892 902 crea-

1051 915 1108 942 tori
1121 915 1176 943 Deo
1193 916 1306 943 accensi
1325 917 1591 953 connumeratique
1608 918 1733 945 fuissent
1749 926 1755 945 :
1784 919 1889 946 verbis

1013 955 1035 987 B
1051 959 1130 986 enim
1139 960 1247 988 divinis
1263 964 1439 988 accusantur
1453 962 1484 994 ii,
1500 962 1550 997 qui
1567 962 1790 997 creaturas,loco
1803 963 1895 991 Crea-

1052 1004 1124 1031 toris
1139 1005 1312 1032 servierunt.
1329 1006 1453 1033 Proinde
1479 1006 1654 1042 Unigenitus
1677 1015 1795 1042 quoque
1821 1016 1893 1036 car-

1053 1058 1118 1076 nem
1131 1050 1291 1085 assumpsit
1303 1052 1473 1084 humanam,
1486 1055 1515 1078 ut
1527 1051 1660 1079 homines
1670 1054 1706 1079 ab
1721 1053 1774 1080 hoc
1787 1061 1893 1081 errore

1052 1093 1198 1128 liberaret,
1217 1096 1325 1130 Deique
1341 1105 1356 1123 a
1373 1099 1505 1123 creatura
1528 1097 1724 1124 dttferentiam
1745 1099 1890 1126 ostende-

1053 1142 1104 1165 ret.
1123 1140 1246 1167 Sublata
1263 1144 1362 1167 autem
1376 1145 1516 1168 creatura
1542 1142 1724 1175 adoratione,
1751 1145 1894 1170 naturam

1052 1186 1179 1210 creatam
1196 1184 1311 1211 adorari
1330 1194 1388 1211 non
1401 1186 1503 1220 jussit.
1523 1187 1725 1213 Absurdorum
1738 1186 1818 1214 enim
1835 1187 1897 1215 hoc

1052 1230 1095 1255 vel
1113 1237 1272 1256 maximum
1292 1231 1386 1264 fuerit,
1418 1231 1444 1257 si
1471 1230 1537 1265 quis
1559 1230 1695 1258 homines
1719 1231 1756 1258 ab
1780 1231 1818 1258 iis
1841 1232 1898 1268 qui

1052 1274 1091 1300 dii
1118 1282 1174 1301 non
1199 1278 1271 1301 sunt
1296 1275 1451 1309 abductos,
1482 1278 1647 1302 creaturam
1671 1276 1790 1303 servitio
1805 1276 1895 1304 addi-

1052 1319 1133 1346 xerit.
1152 1320 1251 1354 Itaque
1267 1320 1374 1346 Filium
1388 1323 1415 1346 et
1431 1320 1571 1355 Spiritum
1599 1322 1737 1348 sanctum
1756 1320 1892 1350 increata

1052 1364 1190 1398 prmtiitos
1206 1372 1271 1391 esse
1288 1368 1392 1391 natura
1406 1365 1594 1400 perspicuum
1611 1368 1664 1393 est.
1678 1365 1753 1393 Nam
1771 1366 1802 1394 in
1825 1365 1887 1395 Pa-

1052 1411 1136 1442 trem,
1161 1411 1187 1435 et
1203 1408 1307 1435 Filium
1334 1412 1362 1436 et
1386 1409 1526 1444 Spiritum
1548 1413 1683 1437 sanctum
1707 1411 1826 1438 credere
1843 1411 1889 1439 id-

1052 1454 1126 1480 circo
1138 1454 1288 1487 docemur,
1303 1456 1331 1480 et
1346 1453 1376 1480 in
1393 1454 1511 1481 nomine
1529 1454 1633 1490 Patris,
1650 1457 1679 1482 et
1694 1455 1772 1491 Filii,
1783 1458 1813 1483 et
1822 1457 1891 1493 Spi-

1052 1502 1127 1525 ritus
1142 1499 1235 1526 sancti
1251 1499 1446 1533 baptizamur.
1464 1500 1538 1531 Quia
1553 1500 1633 1527 enim
1645 1501 1775 1535 primum
1785 1500 1886 1529 homi-

1052 1551 1118 1570 nem
1135 1551 1191 1570 non
1206 1543 1288 1570 solus
1303 1545 1389 1570 Pater
1405 1545 1524 1578 creavit,
1543 1546 1593 1572 sed
1610 1547 1639 1572 et
1654 1545 1745 1573 Filius
1764 1547 1794 1573 et
1814 1546 1886 1582 Spi-

1051 1588 1123 1615 ritus
1146 1591 1265 1615 sanctus
1290 1589 1376 1624 (dixit
1399 1589 1487 1624 enim,
1515 1590 1662 1617 Faciamus
1681 1590 1816 1618 hominem
1841 1591 1884 1618 ad

1015 1636 1035 1668 C
1047 1635 1197 1670 imaginem
1213 1640 1238 1663 et
1248 1635 1466 1664 similitudinem
1481 1642 1606 1665 nostram
1621 1637 1661 1673 ⁵⁷),
1681 1636 1782 1665 merito
1795 1639 1880 1664 certe

1048 1684 1119 1709 tunc
1135 1683 1224 1709 etiam
1242 1690 1309 1709 cum
1327 1683 1513 1716 resurrectio,
1530 1691 1663 1720 novaque
1678 1683 1779 1711 mundi
1793 1690 1880 1710 orca-

1048 1728 1088 1754 tio
1105 1728 1264 1763 peragitur,
1280 1727 1371 1755 Filius
1387 1731 1415 1755 et
1429 1728 1558 1763 Spiritus
1574 1731 1694 1756 sanctus
1702 1728 1798 1756 Patris
1808 1736 1886 1757 con-

1048 1776 1140 1801 sortes
1158 1774 1242 1807 fiunt,
1278 1773 1486 1808 Trinitatisque
1508 1774 1580 1801 adeo
1605 1774 1753 1801 invocatio
1777 1781 1888 1802 eorum

1048 1818 1097 1853 qui
1114 1818 1299 1854 baptizantur
1316 1827 1407 1845 unum
1427 1826 1575 1854 quemque
1591 1823 1752 1855 regenerat.

1362 1886 1442 1915 CAP.
1468 1887 1572 1916 XXIX.

1292 1955 1330 1981 De
1344 1954 1449 1981 divinis
1464 1953 1634 1981 nominibus.

1081 2013 1132 2041 Sed
1150 2014 1317 2042 divinorum
1335 2016 1422 2042 etiam
1440 2015 1593 2043 nominum
1612 2016 1821 2053 intsrpretatip
1839 2017 1887 2046 sic

1047 2067 1078 2086 se
1103 2058 1199 2086 habet.
1226 2060 1299 2092 Quia
1320 2060 1397 2087 enim
1428 2061 1571 2088 vaecordes
1596 2060 1636 2088 illi
1668 2061 1885 2090 Hebraicorum

1047 2104 1201 2132 nominum
1236 2105 1508 2141 interpretationem
1543 2107 1722 2142 ignorantes,
1751 2106 1885 2140 Adonai,

1046 2149 1120 2182 Eloi,
1137 2151 1164 2176 et
1177 2148 1305 2177 Sabaoth
1323 2151 1455 2178 diversos
1471 2159 1535 2178 esse
1551 2152 1621 2179 deos
1637 2151 1774 2179 arbitrati
1798 2153 1888 2187 sunt,

1046 2201 1141 2229 operm
1166 2194 1293 2228 pretium
1319 2194 1391 2221 mihi
1414 2194 1546 2222 tacturus
1570 2195 1680 2228 videor,
1706 2195 1730 2222 si
1755 2195 1888 2223 rudibus

1046 2242 1072 2265 et
1089 2238 1199 2273 ignaris
1214 2237 1343 2272 aperiam
1368 2238 1437 2273 quid
1464 2239 1570 2267 horum
1595 2239 1748 2267 nominum
1776 2247 1888 2267 unum-

1046 2283 1182 2318 quodque
1203 2283 1308 2310 Graecis
1330 2285 1358 2310 et
1383 2283 1496 2311 Latinis
1522 2284 1645 2312 auribus
1670 2286 1765 2312 sonet.
1791 2283 1880 2313 Elolh

161 2322 284 2355 experta?
300 2320 381 2345 sunt
395 2319 463 2350 Quae
480 2326 547 2346 cum
572 2327 628 2346 non
650 2319 755 2352 VOPbiS,
777 2320 827 2347 56d
854 2320 942 2348 PCbUS
960 2323 988 2348 ει
1001 2324 1023 2355 D
1040 2327 1137 2362 itaque
1162 2326 1226 2353 Θεὸν
1239 2326 1331 2354 Deum
1347 2327 1568 2363 interpretatur.
1585 2329 1646 2356 Eloi
1658 2331 1769 2362 autem,
1785 2327 1883 2360 ὄθεός

161 2363 234 2392 actis
250 2364 354 2391 Petrus
369 2363 416 2390 ille
433 2363 583 2390 divinitate
598 2372 654 2398 pris
677 2365 787 2391 caeteris
811 2366 989 2400 conspicuus

161 2408 323 2442 didicisset,
340 2408 439 2443 ipsum
454 2410 544 2435 Deum
562 2408 682 2442 vocavit,
709 2417 772 2436 cum
794 2410 917 2438 Ananiae
932 2411 989 2438 fur-

161 2454 224 2480 tum
241 2453 435 2487 redarguerel.
456 2452 527 2480 Cum
544 2453 621 2480 enim
637 2453 770 2485 dixisset,
794 2454 849 2482 Cur
873 2456 989 2482 tentavit

161 2495 282 2524 Satanas
298 2504 346 2524 cor
360 2500 448 2529 tuum,
465 2497 578 2524 mentiri
594 2501 618 2524 te
640 2497 759 2533 Spiritui
782 2501 875 2526 sancto
886 2499 899 2525 ‘?
918 2500 987 2527 sub-

156 2540 256 2576 junxit
274 2549 280 2567 :
297 2541 355 2568 Non
369 2541 500 2569 mentitus
515 2550 541 2569 es
556 2541 727 2577 hominibus,
743 2543 857 2580 sedVDco
883 2544 914 2573 ⁹³.
937 2545 987 2574 His

160 2584 359 2620 astipulantur
375 2587 403 2613 et
417 2594 461 2619 ea,
478 2594 543 2621 qua:
559 2595 576 2613 a
598 2586 679 2614 beato
706 2587 794 2615 Paulo
818 2589 854 2615 de
877 2590 986 2625 Spiritu

159 2630 237 2658 dicta
253 2632 332 2658 sunt.
350 2631 505 2658 Credentes
521 2631 598 2659 enim
621 2632 736 2668 templa
759 2633 809 2661 Dei
833 2637 926 2668 vocat,
957 2637 985 2663 in

159 2675 268 2711 quibus
284 2674 424 2702 nimirum
452 2677 546 2711 gratia
571 2677 700 2712 Spiritus
721 2677 845 2706 habitet.
871 2680 987 2708 Nescitis

160 2720 249 2754 enim,
275 2720 383 2756 inquit,
407 2721 471 2756 quia
493 2723 626 2757 templum
650 2723 698 2751 Dei
717 2725 792 2760 estis,
817 2728 843 2753 rt
866 2727 986 2762 Spiritus

158 2763 209 2791 Dei
238 2763 344 2792 habitat
371 2765 402 2792 in
432 2765 505 2793 vobis
532 2765 577 2794 °‘?
608 2767 690 2802 Item,
716 2770 828 2798 Nescitis
854 2773 984 2806 quoniam

193 2827 217 2844 ⁸⁷
245 2828 309 2855 Cor.
335 2838 368 2862 ιι,
397 2831 440 2858 10.
479 2831 502 2848 ⁸⁸
527 2831 602 2860 Ibid.
629 2832 673 2860 11.

712 2833 834 2872 “UIbidr.
858 2836 893 2872 12
942 2837 964 2855 θο
989 2838 1000 2865 Ι
1026 2838 1092 2866 Cor.
1119 2846 1170 2870 xu,
1196 2838 1224 2872 6,

157 2864 203 2898 35,
220 2863 265 2888 32-
304 2863 326 2881 ³³
342 2867 405 2893 Act.
421 2875 450 2900 v,
465 2866 491 2894 3.
531 2866 553 2884 ⁶⁴
568 2867 582 2894 1
597 2867 661 2896 Cor.
677 2877 720 2903 ui,
737 2869 780 2898 16.
820 2871 841 2889 ⁸⁵
857 2871 867 2899 Ι
883 2872 947 2900 Cor.
965 2863 1003 2906 vi,
1021 2863 1063 2901 1'9:

1046 2381 1110 2407 μου,
1128 2374 1201 2399 Deus
1218 2379 1312 2399 meus.
1331 2372 1361 2399 El
1377 2381 1506 2408 quoque,
1523 2373 1546 2400 si
1567 2373 1649 2401 tenui
1676 2373 1782 2409 spiritu
1807 2381 1881 2409 pro-

1046 2417 1155 2444 feratur
1171 2416 1235 2443 Θεὸν
1265 2416 1357 2444 Deum
1388 2425 1395 2444 :
1428 2417 1453 2445 si
1481 2425 1594 2452 aspero,
1624 2417 1738 2454 ἰσχυρὸν
1770 2419 1879 2447 fortem

1044 2461 1202 2497 signiﬁcat.
1218 2461 1326 2489 Adonai
1344 2464 1455 2496 autem,
1475 2462 1577 2499 Κύριον
1592 2463 1762 2491 Dominum.
1787 2465 1882 2492 Caste-

1044 2514 1108 2533 rum
1125 2506 1268 2533 Dominus
1284 2506 1423 2538 Sabaoth,
1443 2506 1519 2534 idem
1548 2510 1642 2541 sonat,
1668 2508 1746 2543 quod
1774 2507 1880 2544 Κύριος

1044 2549 1195 2586 δυνάμεων,
1213 2551 1354 2578 Dominus
1371 2552 1527 2586 virtutum,
1545 2552 1590 2580 vel
1608 2552 1710 2589 Κύριος
1726 2555 1878 2590 στρατιῶν,

1043 2595 1186 2623 Dominus
1203 2594 1392 2623 exercituum.
1414 2595 1484 2624 Nam
1502 2597 1578 2632 apud
1597 2597 1710 2625 Graecos
1730 2596 1880 2627 militares

1042 2640 1160 2667 ordines
1184 2637 1336 2675 δυνάμεων,
1364 2648 1414 2668 seu
1431 2641 1573 2668 virtutum
1587 2643 1806 2677 potestatumve
1822 2651 1882 2671 no-

1042 2685 1121 2712 mine
1137 2684 1340 2719 designantur.
1358 2685 1467 2713 Saddai
1485 2694 1571 2721 porro
1589 2685 1679 2713 ἱκανὸν
1700 2686 1744 2714 καὶ
1762 2685 1879 2714 δννατόν

1041 2728 1179 2756 inodeum
1195 2730 1223 2756 et
1240 2730 1396 2763 potentem.
1411 2729 1475 2757 Alia
1490 2738 1556 2758 vero
1575 2730 1621 2757 τὸν
1637 2727 1712 2764 ὅντα,
1741 2739 1808 2759 eum
1825 2733 1877 2768 qui

1043 2776 1088 2801 est
1103 2773 1250 2809 signiﬁcat
1265 2783 1271 2801 :
1289 2774 1366 2808 quod
1391 2782 1498 2801 nomen
1529 2775 1676 2803 ineffabile
1697 2783 1813 2812 qquue
1839 2778 1878 2805 ab

1252 2838 1295 2864 11.
1335 2837 1356 2855 ⁹¹
1373 2838 1407 2877 ll
1432 2837 1509 2877 cor.~
1522 2846 1584 2872 xm,
1612 2839 1657 2868 43.
1697 2840 1719 2858 ³³
1741 2840 1820 2870 Psal.
1846 2849 1877 2877 ι,

1105 2874 1126 2891 ³⁸
1141 2873 1234 2901 Math.
1251 2881 1350 2908 xxvm,
1369 2873 1411 2908 19,
1451 2873 1473 2891 ⁸⁷
1490 2874 1560 2902 Gen.
1578 2884 1596 2910 ι)
1613 2876 1640 2904 6.
