4052 6384
245 377 396 446 HM

1592 379 1998 448 THEBAURI
2041 385 2192 449 LIB.
2241 385 2327 451 ῙῘ.

3509 395 3669 462 1102

240 510 502 570 Hebraeis
531 511 902 570 censebatur.
935 515 1292 574 Samaritani
1336 517 1614 575 eumdem
1665 515 1896 574 iabedi-
1927 519 1982 588 Α
2013 520 2407 592 extolleretur,
2432 522 2550 580 imo
2580 539 2731 596 vero,
2761 527 2863 597 qui
2920 542 3036 584 non
3070 529 3396 584 extremum
3429 527 3540 588 hoc
3573 531 3668 586 de-

255 608 417 671 cunt,
451 602 609 659 verbi
647 603 762 658 vim
797 604 1155 676 ignorantes.
1217 607 1347 663 Haec
1379 625 1512 664 cum
1562 608 1760 665 minus
1809 625 1902 665 ve-

255 695 460 750 cordes
493 692 576 747 illi
628 694 1013 763 adverterent,
1067 697 1206 752 deos
1263 697 1524 755 diversos
1574 698 1900 771 appellave-

251 787 407 842 runt

886 893 1044 951 CAP.
1101 894 1277 951 XXX.

255 1000 508 1076 Ejusdem
557 1000 879 1076 Chroniata
943 1001 1306 1076 [_Tri_nit_atis
1375 1003 1788 1071 demonstratio,
1869 1021 1903 1059 τι

326 1076 558 1131 trutina:
593 1073 959 1146 aequilibrio,’
983 1073 1199 1146 duplici
1239 1076 1458 1130 alarum
1487 1077 1903 1146 seraphicarum

330 1148 623 1212 Trinitate,
666 1145 955 1216 Trisagio.]

323 1253 744 1310 Dubitantibus
793 1257 1010 1322 autem,
1062 1270 1318 1327 quanam
1367 1255 1436 1312 de
1487 1272 1664 1312 causa
1722 1256 1903 1312 Filius

253 1343 655 1400 enuntiatione
713 1344 943 1399 medius
1003 1345 1341 1412 assumitur,
1401 1350 1660 1402 extrema
1708 1352 1902 1402 autem

252 1437 426 1489 Pater
479 1441 530 1488 et
584 1433 838 1502 Spiritus
887 1439 1130 1490 sanctus
1187 1442 1494 1507 occupent,
1555 1437 1904 1508 respondere

251 1537 596 1594 possumus,
630 1524 784 1594 quod
816 1539 950 1578 cum
983 1523 1137 1578 Deus
1165 1528 1373 1580 statera
1401 1524 1645 1596 justitire
1676 1525 1906 1582 dicatur

250 1612 452 1668 eadem
513 1629 754 1684 prorsus
786 1613 1029 1680 ratione,
1075 1629 1191 1684 qua
1230 1617 1510 1670 stateram
1547 1614 1821 1682 dicimus,
1853 1616 1904 1673 is

247 1717 485 1775 quoque
511 1703 652 1758 ordo
683 1701 741 1756 in
771 1706 983 1758 natura
1034 1702 1232 1759 divina
1288 1703 1650 1776 excogitatas
1699 1709 1808 1773 est,
1841 1709 1906 1761 ut

246 1791 509 1848 medium
545 1791 740 1848 locum
764 1791 945 1846 Filius
966 1807 1261 1865 occupans
1283 1808 1578 1850 summam
1613 1793 1905 1868 aaqualita-

249 1885 367 1939 tem
401 1898 535 1937 cum
590 1881 819 1938 duobus
849 1882 1124 1938 extremis
1144 1891 1466 1940 conservet.
1502 1886 1630 1957 Ipse
1662 1884 1817 1941 enim
1851 1888 1908 1941 et

250 1971 505 2045 primam
551 1971 714 2027 illam
757 1971 964 2027 mundi
999 1971 1466 2038 fabricationem,
1499 1977 1557 2028 et
1603 1989 1732 2029 eam
1783 1991 1909 2046 quas

249 2062 572 2116 subsecuta
603 2064 692 2116 est
718 2060 948 2131 generis
979 2059 1452 2116 reformationem
1487 2061 1754 2132 perfecit.
1787 2061 1910 2116 Ca3-

251 2153 447 2206 terum
473 2154 703 2206 statera
725 2149 1264 2222 exemplo,asqua1is
1286 2149 1385 2206 illa
1407 2150 1588 2206 virtus
1619 2155 1676 2207 et
1705 2155 1909 2223 poten-

251 2239 337 2295 tia
367 2239 798 2306 subindicatur,
835 2255 963 2311 quas
994 2237 1054 2293 in
1084 2238 1369 2296 Trinitate
1400 2239 1598 2312 (cujus
1629 2239 1911 2297 immensa

248 2334 340 2387 est
373 2330 654 2404 potentia)
702 2329 976 2387 elucescit
1006 2346 1142 2386 cum
1173 2345 1241 2386 ex
1272 2331 1463 2387 tribus
1493 2331 1610 2388 illis
1642 2332 1912 2404 personis

253 2419 419 2476 nulla
475 2421 798 2492 quidquam
831 2421 1088 2493 amplius
1121 2437 1356 2477 sursum
1389 2422 1558 2492 ferat,
1591 2439 1766 2495 quam
1809 2422 1914 2480 illa

257 2526 386 2583 quas
445 2512 724 2567 deorsum
785 2512 992 2583 vergit,
1051 2512 1151 2567 sed
1206 2511 1265 2566 in
1297 2511 1618 2583 aequilibrio
1648 2513 1912 2598 honoris,

263 2601 461 2674 glorias
509 2605 566 2656 et
622 2599 969 2656 substantias
1020 2599 1290 2670 libretur,
1323 2605 1379 2656 et
1427 2601 1755 2674 theologica
1785 2620 1914 2659 con-

257 2688 477 2744 stantia
507 2689 804 2761 persistat.
863 2692 945 2744 Ex
977 2704 1092 2760 quo
1151 2688 1239 2757 ﬁt,
1273 2693 1336 2743 ut
1373 2689 1432 2744 in
1465 2690 1640 2746 rebus
1681 2706 1913 2763 quoque

258 2778 626 2851 generationi
657 2778 926 2836 obnoxiis
970 2777 1272 2850 aequalitas
1317 2779 1508 2846 detur,
1557 2797 1913 2854 aequumque

258 2870 548 2938 tanquam
578 2868 800 2923 trutina
830 2871 1126 2939 pensatur.

337 2957 457 3012 Imo
490 2956 705 3028 duplex
735 2973 969 3029 quoque
999 2957 1442 3031 seraphicarum
1481 2959 1707 3016 alarum
1741 2960 1912 3017 trini-

253 3049 351 3102 tas
384 3051 600 3102 sanctas
633 3046 939 3103 Trinitatis
972 3049 1250 3120 mysterio
1265 3049 1634 3121 preportione
1665 3052 1913 3122 quadam

254 3137 613 3209 respondet;
675 3138 934 3193 medium
969 3137 1126 3193 enim
1185 3139 1362 3209 Patri,
1413 3144 1673 3197 extrema
1713 3145 1910 3198 autem

255 3226 405 3282 Filio
429 3230 484 3282 et
507 3227 749 3298 Spiritui
773 3228 1167 3299 respondent;
1201 3228 1472 3302 trinaque
1513 3229 1656 3286 adeo
1693 3233 1909 3288 sancti-

245 3317 393 3373 tatis
451 3317 781 3373 enuntiatio
813 3334 946 3374 cum
979 3334 1082 3390 per
1114 3335 1177 3376 se
1235 3336 1474 3391 prorsus
1522 3320 1909 3380 immutabilis

251 3406 521 3470 exsistat,
555 3411 672 3462 tres
732 3423 1014 3479 personas
1056 3408 1414 3476 substantia,
1447 3411 1664 3466 virtute
1711 3416 1912 3483 poten-

249 3495 452 3567 tiaque
473 3495 875 3552 immutabiles
895 3496 1261 3569 aanigmatice
1283 3498 1573 3571 designat,
1589 3499 1709 3555 imo
1732 3502 1912 3558 etiam

247 3585 596 3642 substantias
655 3585 961 3657 requalitas
1019 3590 1074 3642 et
1136 3587 1332 3643 unitas
1363 3586 1487 3657 illa,
1547 3605 1674 3660 quae
1725 3589 1916 3648 tribus

249 3675 433 3741 inest,
482 3678 640 3731 certa
698 3675 1040 3731 inductione
1071 3678 1129 3730 et
1178 3675 1440 3733 illatione
1497 3677 1732 3734 unicum
1786 3696 1916 3736 esse

256 3765 577 3822 Dominum
613 3767 943 3822 confirmat.
979 3765 1096 3821 Alte
1128 3782 1360 3839 quoque
1392 3767 1658 3840 duplices
1681 3785 1916 3826 omnem

251 3851 421 3910 illam
456 3855 850 3927 cognitionem
902 3857 1200 3926 denotant,
1231 3874 1358 3928 quae
1407 3858 1478 3914 ad
1533 3874 1637 3914 nos
1687 3859 1917 3916 illorum

260 3942 546 4001 beneflcio
606 3945 922 4015 descendit,
983 3945 1214 4003 etiamsi
1248 3947 1494 4020 spiritus
1546 3947 1706 4005 illam
1740 3950 1923 4006 admi-

263 4033 584 4091 nistrantes
615 4035 690 4091 ab
721 4033 882 4091 omni
925 4034 1043 4091 sint
1084 4037 1330 4111 materia
1363 4037 1592 4105 remoti,
1628 4054 1734 4095 nec
1781 4039 1920 4096 sim-

255 4122 393 4193 plex
423 4123 523 4178 illa
555 4124 876 4180 descendat
908 4125 1007 4180 sed
1027 4125 1318 4194 ejusmodi
1340 4127 1583 4182 materia
1614 4131 1920 4198 constans,

259 4228 395 4282 qua
426 4211 580 4282 typis
611 4216 669 4266 et
699 4212 906 4283 ﬁguris
942 4213 1306 4269 nostratibus
1362 4217 1689 4282 conveniat,
1749 4222 1924 4290 atque

263 4300 410 4354 adeo
433 4299 756 4369 composita
789 4299 1128 4370 compositis
1161 4304 1641 4372 peraccommoda
1673 4304 1769 4361 sit.
1807 4306 1926 4361 Du-

266 4386 400 4456 plex
432 4391 626 4442 autem
655 4391 745 4442 est
777 4403 871 4442 res
905 4389 1099 4444 omnis
1126 4389 1468 4461 msterialis,
1493 4408 1620 4463 quas
1643 4393 1925 4451 nimirum

270 4490 344 4531 ex
375 4477 623 4533 materia
653 4481 710 4532 et
740 4478 927 4533 forma
956 4482 1200 4536 constet.
1235 4479 1420 4536 Dictio
1451 4483 1925 4556 porro,Sanctus,

266 4565 328 4622 id
363 4569 718 4634 subindicat,
745 4570 900 4641 quod
923 4569 1142 4626 sanctis
1181 4572 1598 4643 superinsidet,
1631 4590 1762 4631 cum
1813 4591 1928 4648 quo

2013 610 2191 666 decus
2223 610 2420 677 fuerit,
2445 612 2496 667 si
2533 613 2604 668 ad
2640 615 2828 684 majus
2860 615 3052 672 laudis
3084 623 3501 690 argumentum
3535 634 3669 694 per-

2015 701 2448 760 turbationibus
2473 704 2610 774 illis,
2665 706 2881 777 quibus
2913 724 3116 765 omnes
3174 710 3408 768 obnoxii
3439 727 3665 781 sumus,

2014 789 2261 846 liberum
2297 807 2427 847 esse
2476 793 2704 850 Numen
2751 797 3137 853 asseramus?
3193 798 3304 855 Sed
3339 799 3398 854 id
3449 800 3666 871 potius,

2015 880 2173 950 quod
2234 886 2624 954 segregatum,
2685 887 2741 939 et
2791 886 3012 941 caeteris
3042 886 3318 944 omnibus
3363 888 3537 961 longe
3567 906 3666 946 su-

2015 968 2258 1026 blimius
2290 975 2398 1039 est,
2433 977 2490 1027 et
2547 973 2714 1043 quasi
2748 975 2998 1044 quodam
3062 993 3293 1032 recessu
3342 979 3667 1050 sepositum

2015 1057 2402 1126 indicat.Quae
2422 1061 2697 1117 dictionis
2731 1063 3088 1134 signiﬁcatio
3123 1067 3396 1140 frequens
3427 1067 3483 1122 in
3512 1069 3670 1125 Scri-

2016 1149 2208 1219 pturis
2259 1150 2530 1218 occurrit,
2592 1155 2696 1208 ut:
2749 1152 2919 1209 Omne
2971 1157 3282 1212 masculum
3342 1157 3670 1229 adaperiam

2014 1239 2260 1307 vulvam,
2311 1247 2557 1296 sanctum
2589 1242 2816 1299 Domino
2860 1244 3139 1300 vocabitur
3167 1244 3232 1312 98,
3256 1246 3314 1301 id
3354 1253 3442 1302 est
3474 1262 3671 1318 segre-

2015 1332 2237 1399 gatum.
2269 1333 2412 1384 Item
2463 1331 2522 1385 in
2556 1329 2703 1386 libro
2760 1332 3036 1388 Judicum
3071 1350 3084 1390 :
3122 1336 3308 1391 Pariet
3363 1337 3584 1407 Filium,
3619 1342 3670 1393 et

2013 1433 2127 1473 non
2155 1419 2408 1474 ascendet
2455 1421 2666 1488 ferrum
2695 1438 2864 1492 super
2890 1433 3056 1494 caput
3084 1425 3223 1495 ejus,
3257 1425 3518 1495 quoniam
3537 1442 3660 1481 san-

2013 1510 2287 1579 cti/iectus
2345 1518 2422 1565 est
2478 1509 2698 1581 puellus
2755 1509 2822 1576 σθ,
2881 1517 2938 1567 et
2995 1513 3323 1570 innumeris
3382 1516 3441 1570 in
3504 1517 3669 1574 locis.

2016 1599 2231 1655 Eodem
2264 1600 2440 1656 etiam
2473 1615 2650 1656 sensu
2681 1601 2897 1670 locum,
2959 1603 3047 1658 vel
3085 1621 3316 1677 panem,
3348 1607 3436 1663 vel
3467 1608 3671 1664 vinum

2015 1691 2372 1748 sanctificari
2429 1691 2706 1758 dicimus,
2761 1708 2886 1765 quis
2937 1694 3051 1751 Deo
3095 1703 3506 1770 segregantur,
3569 1716 3673 1757 nec

2014 1781 2076 1836 in
2143 1797 2515 1837 communem
2589 1780 2843 1854 aliquem
2885 1800 3060 1840 usum
3120 1787 3354 1844 cedunt.
3422 1789 3674 1846 Proinde

1939 1899 1987 1966 Β
2019 1870 2197 1927 simul
2219 1875 2395 1966 atque
2417 1873 2487 1927 ad
2514 1870 2695 1928 altare
2725 1875 3053 1966 sacerdotes
3076 1876 3442 1947 introierant,
3477 1895 3669 1936 sacro-

2022 1977 2151 2018 rum
2167 1963 2538 2020 Psalmorum
2562 1969 2764 2019 cantor
2779 1965 3048 2036 superius
3071 1967 3510 2025 exclamabant:
3530 1970 3672 2026 San-

2020 2056 2153 2108 ctus
2185 2053 2362 2122 Deus,
2420 2053 2671 2112 Sanctus
2729 2055 2914 2124 fortis,
2979 2057 3227 2113 Sanctus
3289 2059 3671 2115 Immortalis.

2019 2143 2182 2209 Quod
2223 2143 2456 2214 quidem
2517 2143 2757 2202 laudum
2808 2146 3164 2218 praeconium
3221 2163 3289 2203 ex
3343 2151 3675 2207 veneranda

2017 2234 2120 2290 illa
2150 2235 2444 2308 Seraphici
2468 2237 2694 2295 ordinis
2745 2237 3111 2293 confessione
3141 2238 3531 2310 compositum
3563 2244 3670 2297 est.

2020 2325 2178 2381 Idem
2204 2342 2371 2395 porro
2403 2326 2700 2383 canticum
2722 2327 3128 2384 exCherubico
3160 2328 3338 2385 etiam
3363 2330 3674 2401 praeconio,

2021 2413 2368 2486 musicoque
2398 2431 2700 2472 sacrorum
2759 2415 3126 2472 Psalmorum
3185 2422 3359 2473 cantu
3406 2421 3676 2475 constare

2023 2502 2330 2571 discimus,
2363 2519 2499 2560 cum
2555 2504 2615 2559 in
2650 2503 2878 2577 psalmo
2938 2507 3174 2578 quidem
3220 2510 3471 2564 Sanctus
3501 2508 3674 2578 Deus,

2022 2592 2207 2660 fortis,
2239 2594 2406 2648 vivus
2445 2597 2710 2649 canatur.
2760 2594 2868 2650 Ubi
2903 2603 3054 2651 certe
3109 2596 3287 2652 dictio
3346 2597 3520 2654 Vivus
3550 2598 3676 2655 loco

2022 2681 2297 2738 dictionis
2349 2683 2726 2754 immortalis,
2770 2688 3058 2756 tanquam
3117 2685 3271 2741 idem
3333 2687 3678 2759 significans

2023 2773 2776 2845 assumpta;dictiojautem
2793 2776 2976 2832 Fortis
2998 2776 3056 2831 in
3079 2775 3309 2849 integro
3347 2782 3592 2850 retenta,
3622 2784 3680 2835 et

2021 2862 2134 2918 hoc
2165 2863 2336 2918 modo
2381 2880 2547 2920 sacra
2577 2865 2812 2920 demum
2862 2866 3054 2924 cantio
3083 2870 3352 2922 contexta
3383 2872 3492 2924 est.
3527 2869 3678 2925 Deus

2023 2955 2222 3008 tamen
2259 2952 2467 3020 obiter,
2491 2957 2548 3009 et
2579 2954 2846 3023 Sanctus,
2872 2969 2942 3011 ex
2973 2955 3305 3013 adversario
3337 2957 3538 3030 impiis
3558 2957 3682 3013 ido-

2026 3040 2218 3099 lorum
2252 3043 2511 3098 cultibus
2566 3049 2964 3116 opponuntur.
3027 3049 3162 3111 Quae
3183 3047 3420 3119 quidem
3452 3051 3682 3104 terrena

2026 3136 2187 3200 sunt,
2236 3147 2529 3206 operaque
2560 3149 2845 3190 manuum
2880 3133 3208 3202 hominum,
3246 3139 3422 3208 atque
3454 3137 3679 3194 abomi-

2027 3223 2295 3278 nationes
2327 3237 2544 3278 revera.
2597 3223 2782 3279 Fortis
2815 3228 3011 3282 autem
3058 3226 3280 3282 eisdem
3340 3228 3678 3300 opponitur,

2027 3317 2317 3385 quatenus
2348 3318 2533 3386 muta,
2556 3315 2877 3372 immobilia
2898 3324 2953 3372 et
2981 3317 3216 3374 infirma
3243 3321 3404 3374 sunt.
3433 3321 3680 3376 Immor-

2024 3404 2160 3462 talis
2192 3405 2468 3478 denique,
2499 3410 2792 3479 quatenus
2817 3423 2923 3464 nec
2955 3408 3267 3481 respirant,
3301 3425 3404 3466 nec
3433 3425 3681 3483 cperan-

2024 3496 2142 3562 tur,
2211 3510 2318 3550 nec
2368 3494 2489 3550 ulla
2546 3495 2676 3552 viiaa
2728 3496 2986 3553 scintilla
3052 3498 3342 3556 fruuntur.
3397 3499 3680 3557 Caeterum

2027 3599 2209 3654 supra
2240 3585 2542 3640 memorati
2602 3585 2816 3642 cantici
2864 3588 3213 3660 compositio
3262 3589 3430 3645 beato
3479 3587 3682 3646 Proclo

2027 3672 2664 3746 Constantinopolitano
2712 3676 2976 3748 pontifici
3024 3693 3094 3733 ex
3141 3676 3493 3734 revelatione
3521 3679 3684 3734 inno-

2028 3763 2210 3819 tuisse
2242 3764 2446 3833 fertur,
2507 3765 2607 3836 qui
2671 3765 2896 3838 angelis
2931 3766 3172 3839 quidem
3233 3783 3463 3824 sacrum
3525 3768 3680 3827 hunc

2027 3853 2317 3924 hymnum
2352 3854 2797 3912 modulantibus
2845 3855 2966 3920 illo,
3001 3856 3125 3929 ipse
3159 3857 3382 3930 primus
3425 3857 3678 3914 omnium

2030 3944 2298 4003 initiatus
2330 3949 2440 4001 est.

2103 4037 2410 4092 Enimvero
2453 4035 2834 4092 senariusille
2863 4038 3437 4110 quoqueprimorum
3453 4037 3680 4093 dierum

2031 4137 2314 4183 numerus
2331 4126 2501 4197 cujus
2515 4125 2574 4181 in
2588 4125 2738 4182 libro
2760 4126 2831 4181 de
2849 4127 3052 4182 mundi
3070 4127 3442 4199 generatione
3457 4127 3680 4182 mentio

2032 4218 2261 4290 (ἰωγρο
2286 4217 2538 4289 quodam
2568 4216 2783 4273 trinam
2815 4217 2920 4272 Dei
2950 4218 3342 4290 cognitionem
3373 4218 3676 4290 exprimit;

2033 4307 2186 4379 quod
2225 4306 2463 4378 quidem
2497 4321 2631 4361 cum
2665 4305 2796 4362 aliis
2821 4307 3044 4378 aliquot
3063 4325 3132 4363 ex
3163 4308 3457 4379 locis,tum
3483 4324 3550 4363 ex
3567 4307 3676 4364 hoc

2031 4394 2404 4468 perapicuum
2456 4400 2545 4450 est
2575 4411 2588 4449 :
2650 4395 2777 4451 Dies
2806 4395 2920 4452 diei
2965 4401 3178 4453 eructat
3213 4399 3460 4467 uerbum,
3490 4401 3544 4454 et
3571 4413 3683 4455 nox

2033 4485 2184 4541 nocti
2228 4484 2760 4540 iridicatccientiam
2787 4488 2827 4540 ¹.
2882 4487 3023 4541 Item
3085 4503 3148 4543 ex
3181 4487 3291 4543 hoc
3321 4503 3342 4542 :
3400 4490 3458 4543 In
3499 4489 3682 4560 capite

2038 4577 2169 4635 libri
2192 4577 2458 4647 scriptum
2489 4581 2568 4630 est
2595 4574 2662 4630 de
2685 4591 2774 4630 me
2805 4576 2844 4630 ³.
2889 4575 3230 4648 Quicunque
3270 4577 3425 4634 enim
3457 4577 3527 4633 de
3559 4577 3682 4648 prl-

265 4659 433 4714 nulla
463 4675 706 4731 prorsus
737 4659 852 4715 alia
912 4661 1190 4716 sanctitas
1223 4663 1477 4719 conferri
1515 4670 1710 4736 queat.
1749 4667 1923 4732 Quot-
1957 4656 2004 4722 D
2034 4667 2146 4724 mis
2176 4665 2293 4723 illis
2325 4667 2529 4722 diebus
2589 4670 3003 4738 exposuerunt,
3037 4666 3272 4723 obscuri
3295 4666 3440 4722 nihil
3471 4665 3683 4722 elocuti

262 4751 409 4817 quot
437 4745 593 4803 enim
626 4747 960 4806 Divinitatis
991 4749 1214 4805 ratione
1245 4750 1432 4806 sancti
1464 4750 1928 4823 dicuntur,haud

267 4836 451 4893 dubie
491 4836 716 4908 profani
749 4841 806 4893 et
861 4837 1102 4910 impuri,
1161 4841 1663 4911 quemadmodum
1722 4857 1928 4899 omnes

268 4940 510 4998 quoque
542 4941 707 4998 reges
740 4927 973 4999 servi,et
1002 4943 1068 4983 ea
1095 4943 1222 4999 quas
1253 4934 1392 4984 unt
1417 4946 1532 4985 non
1565 4947 1693 4988 esse
1725 4948 1929 4990 cense-

265 5012 520 5082 buntur,
555 5016 606 5070 si
651 5031 784 5071 cum
818 5015 958 5085 Deo,
996 5015 1056 5071 id
1090 5021 1181 5073 est
1237 5033 1304 5074 eo
1337 5020 1435 5091 qui
1464 5037 1597 5078 vere
1648 5027 1757 5093 est,
1793 5040 1932 5081 con-

2037 4759 2198 4813 sunt.
2231 4760 2377 4812 Nam
2438 4759 2612 4828 caput
2633 4759 2689 4811 et
2719 4755 3073 4828 principium
3106 4755 3260 4824 libri,
3295 4755 3351 4810 id
3383 4759 3473 4811 est
3502 4754 3681 4811 totius

2039 4846 2354 4919 Scriptura:
2387 4843 3004 4916 divinitusinspiratw,
3035 4843 3134 4900 ille
3160 4843 3389 4900 dierum
3422 4843 3692 4900 senarius

2043 4951 2324 4993 numerus
2354 4939 2463 5006 est,
2522 4933 2739 5006 quibus
2775 4933 2995 4990 fabrica
3047 4933 3253 4990 mundi
3280 4938 3691 4990 consummata

2043 5026 2172 5082 fuit.
2225 5026 2298 5080 Ex
2332 5040 2587 5097 quorum
2621 5023 3031 5096 magnitudine
3082 5026 3138 5079 et
3193 5024 3399 5080 decore
3455 5027 3696 5082 Creator

263 5101 562 5160 ferantur.
617 5107 732 5160 Hac
762 5121 900 5177 ergo
929 5105 1207 5172 dictione,
1267 5109 1540 5178 Sanctus,
1594 5113 1934 5170 excellentia
2042 5117 2414 5172 innotescens
2448 5113 2720 5170 laudibus
2752 5114 3010 5169 effertur.

264 5190 329 5248 in
367 5201 482 5252 Deo
513 5199 570 5252 et
601 5196 976 5269 pramgativa
1007 5197 1340 5270 denotatur,
1379 5200 1552 5272 idque
1585 5204 1749 5272 adeo,
1777 5206 1932 5276 quod

269 5282 561 5357 dignitate
637 5301 745 5341 sua
807 5301 1005 5342 rerum
1065 5288 1334 5344 omnium
1397 5295 1637 5348 naturas
1697 5310 1940 5368 exsupe-

2119 5205 2220 5262 His
2259 5203 2520 5277 Gregorii
2578 5218 2811 5276 quoque
2870 5203 3152 5277 Theologi
3210 5217 3320 5260 vox
3367 5205 3698 5270 attexenda,

2049 5312 2174 5368 quae
2207 5294 2446 5366 quidem
2482 5291 2652 5349 nobis
2686 5293 2754 5348 ad
2804 5299 2917 5348 tres
2951 5309 3139 5364 usque
3170 5309 3454 5366 personas
3486 5293 3698 5348 divini-

272 5384 384 5430 ret.
417 5376 701 5432 Sanctum
733 5378 890 5432 enim
924 5375 1032 5432 hoc
1065 5378 1189 5434 loco
1223 5395 1336 5434 non
1369 5379 1428 5437 id
1461 5381 1936 5457 signiﬁcat,quod
2049 5384 2190 5440 tatis
2244 5382 2586 5456 mysterium
2639 5381 2960 5439 revelatum
2995 5384 3176 5439 fuisse
3211 5387 3472 5439 testatur.
3499 5382 3702 5439 Unitas

274 5476 310 5516 a
353 5465 526 5520 sorde
576 5464 840 5536 qualibet
891 5482 1104 5538 corpus
1152 5471 1255 5524 aut
1310 5471 1570 5527 animam
1643 5472 1940 5544 polluente
2051 5473 2448 5545 enim,inquit,
2481 5473 2554 5528 ob
2585 5471 2797 5528 insitas
2826 5489 2965 5544 opes
3017 5473 3278 5529 emersit.
3311 5471 3578 5528 Dualitas
3610 5488 3707 5527 au-

275 5564 494 5620 purum
526 5557 788 5620 exsistat,
815 5556 966 5612 absit
999 5557 1011 5611 ι
1055 5559 1178 5623 Quo
1200 5559 1356 5616 enim
1389 5562 1656 5618 encomio
1681 5562 1836 5620 Deus
1859 5564 1943 5620 ita
2053 5569 2171 5620 tem
2205 5563 2467 5618 ubertate
2509 5563 2767 5618 materia;
2822 5567 2876 5618 et
2909 5563 3126 5631 formes,
3185 5563 3404 5635 quibus
3463 5577 3707 5633 corpora

339 5722 392 5758 ³⁸
417 5725 594 5782 Exod.
627 5743 738 5798 xlv,
771 5727 859 5782 19.
936 5729 982 5764 ⁸⁸
1011 5729 1204 5787 Judic.
1236 5747 1362 5802 xm,
1387 5732 1424 5788 5
1457 5749 1471 5803 ;
1502 5749 1625 5804 xvr,
1664 5737 1746 5791 t7.
1829 5740 1846 5774 ¹
1881 5737 2030 5795 Psal.
2065 5753 2222 5806 xvm,
2257 5737 2310 5793 3.
2388 5734 2412 5770 ³
2440 5734 2591 5792 Psal.
2625 5751 2816 5803 xxxix,
2869 5735 2928 5793 8.

521 5845 788 5911 Parnm.
835 5847 944 5910 Gn.
993 5849 1311 5919 CXXXIX.

3390 5853 3464 5913 37
