2026 3190
178 198 256 232 1163

831 185 983 218 ΝῙΕΕΤΒ
1003 184 1216 216 ΟΗΟΝῙΛΤΑΕ

1821 184 1907 215 1161

179 267 326 300 oonstant,
342 264 373 292 in
388 262 486 299 majus
500 259 641 297 quiddam
656 255 791 285 excrevit.
807 254 936 300 Trinitas
957 253 1004 280 de-
1019 255 1045 288 Α
1061 251 1190 300 usitatis,
1207 258 1329 300 quasque
1350 251 1505 300 nobiseum
1522 250 1704 285 coaluerunt,
1739 251 1902 279 indicavit-

180 313 269 348 nique
294 297 331 338 ob
348 309 395 337 sui
425 297 632 344 perfectionem
661 301 782 330 deﬁnita
805 300 860 328 est.
889 297 1007 326 Primus

180 345 259 385 enim
277 354 421 383 ternarias
436 350 544 380 binarii
568 346 809 383 compositionem
825 345 955 379 superat,
971 350 1007 370 ne

180 402 226 430 vel
242 401 270 428 in
288 401 446 435 angustum
473 394 616 424 Divinitas
627 393 803 423 coarctetur,
826 388 871 416 vel
885 388 914 415 in
938 387 1007 414 infl-

183 447 280 474 nitum
293 443 485 472 diffundatur.

219 491 282 518 Alia
298 495 415 525 quoque
439 485 512 514 ratio
528 483 624 512 att‘erri
641 483 802 518 potest,cur
817 478 957 525 divinitas
973 477 1008 504 ad

182 522 343 564 ternarium
351 522 444 569 usque
452 537 602 559 numerum
612 522 1012 564 prooesserit,quianimirum

183 589 217 609 ex
234 578 363 607 numeris
391 576 538 605 ternarius
555 573 637 602 solus
652 570 870 609 apertissimum
893 569 1009 596 steteris

182 628 285 662 typum
300 624 416 651 referat.
445 622 559 648 Statera
577 625 662 655 porro
686 614 864 652 equalitatis
892 620 968 649 opus
983 613 1011 640 et

185 658 351 706 s'y-mbolum
369 668 424 694 est.
454 667 496 693 Ex
512 671 570 699 quo
586 662 631 696 ﬁt,
647 663 679 688 ut
694 661 772 688 inter
786 665 923 686 numeros
951 658 1009 683 ter-

184 703 285 742 narius
293 712 335 741 sol
342 721 375 740 us
383 710 516 739 omnium
526 708 657 736 medium
665 706 741 733 inter
747 705 871 738 utraque
882 703 1011 729 extrema

185 759 228 787 sic
243 758 386 790 obtineat,
399 757 431 783 ut
440 762 492 791 par
506 749 738 781 etimmutabilis
750 749 797 783 sit,
814 754 879 775 cum
891 745 1010 774 interim

184 803 267 831 nulla
281 809 402 838 prorsus
417 800 446 826 in
463 798 558 826 tribus
569 794 742 832 compositio
757 796 903 820 cernatur.

221 836 291 876 Jani
299 854 349 873 cur
360 844 479 872 tandem
495 838 851 874 Filius,dextra,Verbum
860 836 1012 871 virtusque

186 891 323 925 Patris,et
338 891 442 917 cetera
466 887 495 915 id
511 894 604 922 genus
621 883 798 920 appellatur,
828 883 930 909 contra
944 887 1011 907 vero

185 937 271 964 Pater
283 934 348 963 Filii
359 942 417 961 non
435 933 505 960 item
520 931 533 959 ?
549 937 690 958 numnam
723 927 792 963 quia
807 934 864 954 non
882 925 967 953 Pater
978 932 1013 952 ex

187 982 270 1015 Filio,
287 980 337 1008 sed
348 978 440 1007 Filius
455 986 490 1006 ex
499 977 582 1004 Patre
593 973 742 1011 procedit?
758 974 1012 1015 Prtetereamanua

187 1014 485 1063 quidem,brachium,
498 1020 685 1057 sapientia,et
699 1025 796 1046 sermo
809 1016 899 1051 huius
914 1014 1012 1042 homi-

186 1060 232 1099 nis
246 1070 353 1098 dicitur
370 1079 377 1103 ς
405 1068 455 1096 sed
472 1067 560 1095 homo
582 1065 701 1095 dextris,
718 1064 769 1090 aut
783 1060 944 1097 sapientiae,
961 1060 1013 1087 aut

185 1115 328 1144 similium
344 1121 403 1142 non
419 1114 501 1146 item,
514 1108 764 1146 quemadmodum
780 1113 875 1142 neque
883 1104 957 1133 rami
968 1112 1012 1132 ar-

186 1160 300 1193 borem,
315 1158 366 1187 sed
383 1156 497 1185 arboris
508 1162 623 1183 ramum
640 1152 779 1181 dicimus.

222 1204 351 1240 Spiritus
379 1202 501 1237 insuper
529 1199 579 1227 Dei
596 1198 706 1234 digitus
721 1196 915 1240 nominatur:
942 1193 1012 1229 quia

185 1239 253 1277 vero
262 1248 372 1284 digitus
382 1254 416 1274 ex
428 1253 517 1273 manu
528 1243 668 1280 procedit,
685 1242 790 1270 merito
806 1239 936 1276 Spiritus
952 1246 1011 1266 non

186 1293 281 1321 Patris
298 1290 475 1324 lantum,sed
488 1289 575 1317 etiam
587 1286 722 1322 Filii,qui
735 1286 836 1314 dextra
847 1284 940 1312 Patris
956 1284 1011 1317 est,

185 1347 251 1366 esse
279 1337 399 1365 dicitur.
428 1336 465 1363 At
480 1341 540 1362 non
555 1341 570 1361 e
600 1339 740 1360 converso
766 1329 846 1358 ﬂlius
862 1338 879 1357 a
899 1328 1012 1364 Spiritu

187 1382 342 1418 dependet.
355 1381 411 1408 Nec
427 1380 505 1407 enim
523 1386 628 1405 manus
651 1375 733 1412 digiti
750 1375 807 1403 dici
823 1376 927 1410 potest.
949 1373 1011 1400 Non

186 1431 282 1454 tamen
294 1434 357 1454 eam
382 1426 418 1453 ob
435 1433 494 1452 rem
511 1423 573 1451 loco
589 1422 682 1450 Putris
696 1420 797 1454 Filius,
818 1421 867 1447 aut
884 1418 1012 1453 Spiritus

186 1472 212 1500 id
232 1472 307 1507 quod
325 1471 407 1498 initio
425 1467 609 1497 conducibile
625 1469 688 1495 erat
703 1465 873 1493 enuntiasse
889 1463 1010 1490 dicetur.

185 1516 428 1551 Quandoquidem
458 1514 534 1541 Deus
564 1511 718 1539 hominum
734 1516 851 1545 quoque
871 1508 964 1540 Pater,
982 1509 1012 1533 ut

181 1562 244 1597 jam
262 1561 331 1593 dixi,
355 1560 517 1590 dicebatur,
548 1557 652 1584 Filium
685 1563 749 1581 vero
766 1554 791 1581 si
808 1552 903 1580 Patris
919 1552 1011 1578 nostri

1063 298 1097 324 Et
1112 296 1181 331 quia
1197 303 1261 324 mos
1277 295 1323 323 hic
1340 294 1468 330 inolevit,
1485 298 1517 323 ut
1533 303 1599 323 cum
1617 296 1652 323 de
1669 295 1740 323 ﬁliis
1756 297 1904 324 nostrati-

1063 343 1116 369 bus
1132 341 1292 376 loquimur,
1308 343 1452 368 recentem
1468 349 1568 368 eorum
1585 340 1819 376 generationem,
1831 341 1906 377 Spi-

1063 386 1140 414 ritus
1155 388 1253 413 autem
1269 385 1487 421 processionem
1504 385 1657 419 dicamus;
1670 385 1712 413 ait
1730 385 1812 413 enim
1826 386 1906 414 Scri-

1064 433 1162 467 ptura,
1173 431 1293 465 Spiritus
1308 431 1414 458 eadem
1427 432 1454 457 et
1475 438 1530 458 non
1544 430 1663 462 rediens,
1674 430 1685 447 '
1698 438 1706 464 ;
1723 430 1795 457 item
1812 438 1820 458 :
1833 431 1905 459 Exi-

1065 476 1102 503 bit
1117 476 1233 511 spiritu:
1249 475 1277 510 ej
1280 483 1309 502 us
1318 475 1329 492 ‘
1339 483 1345 508 ;
1357 474 1427 503 item
1440 483 1447 503 :
1464 474 1779 511 Spiritmpertramibtt
1786 476 1819 502 in
1829 481 1905 509 emet

1063 528 1119 548 non
1132 519 1259 547 subsistet
1276 519 1297 548 '.
1318 519 1400 554 Quia,
1418 519 1552 555 inquam,
1570 519 1601 547 in
1619 519 1775 547 hominum
1792 528 1903 555 genere

1065 565 1135 593 Filio
1151 565 1270 601 quidem
1301 564 1530 601 generationem,
1551 564 1673 600 Spiritui
1703 568 1808 593 autem
1831 574 1899 602 pro-

1066 610 1229 638 cessionem
1245 609 1455 641 attribuimus;
1472 610 1575 637 eodem
1593 618 1717 646 prorsus
1736 611 1846 638 ratione
1861 611 1891 638 in

1066 654 1374 683 naturaillaineﬂ'abili
1384 657 1413 682 et
1423 654 1641 690 supernatursli
1657 654 1766 682 Filium
1776 655 1896 691 quidem

1066 699 1199 735 genitum
1216 707 1289 733 esse,
1308 698 1467 727 didicimus
1484 707 1491 732 ;
1506 698 1708 735 Spiritumque
1723 700 1903 727 convenien-

1065 745 1110 771 ter
1124 744 1182 771 Deo
1199 744 1354 779 procedere
1382 743 1551 771 commoniti
1578 751 1692 772 sumus.
1719 744 1794 772 llino
1820 745 1903 772 enim

1066 788 1175 816 factum
1188 791 1242 823 est,
1261 791 1292 815 ut
1321 788 1412 816 Patris
1437 788 1559 823 quidem
1587 789 1725 824 Spiritus,
1748 788 1816 816 Filii
1833 797 1903 817 vero

1067 833 1193 868 Spiritus
1221 835 1345 861 Sanetus
1369 833 1463 861 dictus
1481 833 1530 867 sit,
1559 833 1707 869 siquidem
1735 835 1815 869 apud
1847 843 1905 863 nos

1066 877 1221 914 utriusque
1234 878 1339 906 horum
1355 878 1480 914 Spiritus
1496 878 1615 906 dicitur.
1631 878 1719 906 Pater
1734 880 1841 906 autem
1856 879 1905 907 vel

1028 943 1052 976 Β
1068 922 1159 976 filius
1174 923 1269 959 ipsius
1294 923 1422 959 Spiritus
1437 931 1495 950 non
1512 923 1594 957 item,
1612 923 1717 951 saltem
1733 924 1816 959 apud
1833 932 1902 952 nos.

1068 968 1205 996 Caeterum
1218 968 1280 995 Divi
1287 969 1312 995 ni
1319 971 1408 995 tatem
1420 976 1475 995 sua
1487 968 1582 1003 ipsius
1597 971 1703 995 natura
1714 968 1904 997 ineffabilem

1067 1022 1141 1047 esse,
1158 1022 1282 1049 eumque
1299 1014 1379 1048 adeo,
1398 1022 1486 1049 quam
1502 1014 1548 1041 vix
1569 1013 1720 1041 intellectu
1736 1014 1904 1050 quisquam

1067 1060 1204 1094 consequi
1221 1060 1324 1095 possit,
1342 1059 1424 1086 nulla
1438 1059 1467 1086 id
1481 1059 1559 1086 notio
1576 1059 1744 1087 communis
1761 1059 1907 1095 opiuiove

1067 1104 1225 1132 dittitetur:
1257 1104 1332 1131 idem
1361 1112 1477 1139 quoque
1503 1103 1649 1139 plerisque
1678 1103 1708 1130 in
1726 1103 1799 1132 locis
1815 1112 1908 1133 sacra

1067 1148 1217 1183 Scriptura
1227 1149 1376 1184 praedicat,
1393 1149 1622 1183 sapientumque
1646 1148 1765 1176 Patrum
1790 1153 1911 1178 nostro-

1067 1201 1132 1220 rum
1151 1193 1207 1221 fere
1223 1193 1329 1220 chorus
1346 1193 1440 1221 omnis
1456 1195 1623 1220 attestatur.

1382 1275 1458 1300 CAP.
1481 1272 1578 1300 XXXI.

1129 1345 1275 1381 Expositio
1291 1346 1372 1373 Fidei
1387 1347 1455 1380 (quae
1471 1344 1687 1380 praecedentium
1703 1345 1839 1381 omnium

1222 1381 1436 1417 anacephaleosi
1450 1382 1593 1408 succincta
1611 1380 1744 1417 constat.)

1103 1466 1261 1497 Hactenus,
1278 1463 1424 1499 congestis
1440 1465 1608 1490 sanctorum
1634 1463 1755 1490 Patrum
1777 1465 1904 1491 senten-

1066 1510 1128 1543 tiis,
1164 1509 1335 1537 Trinitatem
1374 1508 1505 1543 ejusdem
1549 1510 1673 1541 naturas,
1720 1508 1902 1543 majestatis,

1067 1554 1202 1589 potentia
1221 1556 1308 1588 atque
1324 1552 1495 1580 aeternitatis
1520 1561 1584 1580 esse
1601 1552 1671 1580 satis
1684 1560 1828 1588 superque
1841 1553 1902 1581 do-

185 1606 304 1634 nomine
321 1603 539 1639 compellamus,
555 1602 582 1628 id
611 1601 737 1635 profecto
753 1598 828 1625 inter
848 1597 896 1624 illa
912 1604 1011 1623 cense-
1031 1609 1052 1643 ρ
1070 1599 1199 1630 cuimus,
1217 1597 1339 1632 Filiique
1356 1597 1384 1624 in
1401 1605 1486 1624 carne
1499 1598 1657 1624 adventum
1672 1596 1895 1631 subjunximus.

186 1651 276 1684 bitur,
294 1657 356 1684 qua:
369 1649 508 1681 _tieri,aut
521 1654 554 1673 ex
572 1643 802 1681 praecedentibus
814 1642 912 1669 inferri
931 1641 1009 1668 nullo

187 1695 272 1722 modo
288 1696 421 1728 possunt.
439 1691 564 1718 Proinde
588 1698 654 1717 cum
675 1689 761 1715 Pater
788 1686 1009 1722 praedicabatur,

187 1740 306 1775 propter
322 1737 399 1763 vocis
415 1736 549 1766 abusum,
566 1734 615 1769 qui
633 1738 701 1760 tunc
724 1732 891 1763 inoleverat,
912 1739 1011 1766 perso-

188 1792 256 1810 nam
274 1782 388 1809 unicum
416 1780 563 1816 plerisque
580 1778 737 1805 denotabat
752 1780 779 1805 et
797 1776 1010 1804 subindicabat.

187 1828 267 1859 Quod
298 1827 321 1854 si
351 1826 428 1853 filius
456 1827 506 1852 aut
536 1823 662 1859 Spiritus
689 1821 922 1853 annuntieretur,
948 1821 1011 1847 duas

187 1880 307 1908 prorsus
328 1872 498 1907 hypostases
523 1870 552 1896 in
576 1868 707 1895 confesso
736 1870 827 1893 erant.
853 1865 905 1897 Qui
933 1865 1011 1892 enim

189 1917 255 1944 Filii
275 1924 380 1943 nomen
412 1915 559 1948 audiebat,
583 1922 616 1941 ex
643 1911 805 1940 continenti
833 1911 868 1938 ad
899 1911 1010 1937 Patrem

187 1961 285 1988 animo
303 1959 541 1987 ferebatur.Idem
560 1966 678 1993 prorsus
695 1957 723 1983 in
739 1955 866 1991 Spiritus
882 1954 1012 1989 appella-

187 2006 265 2033 tione
281 2005 478 2039 contingebat.
509 2003 670 2037 Cujusnam
696 2001 774 2028 enim
792 1999 919 2035 Spiritus
936 2001 1013 2025 esset

187 2050 261 2078 ratio
284 2049 479 2085 disquirebat.
499 2050 602 2082 Atque,
619 2048 650 2073 ut
664 2046 705 2073 ita
720 2046 826 2077 dicam,
844 2044 1012 2079 quicunque

190 2095 281 2122 Deum
296 2095 418 2122 rationis
434 2095 581 2129 expertem
598 2100 655 2118 non
681 2090 843 2126 proﬁtetur,
870 2089 893 2115 is
910 2089 1011 2115 eadem

187 2147 310 2175 prorsus
326 2147 414 2174 opera
430 2137 551 2165 rationis
581 2134 751 2172 participem
767 2141 831 2161 esse
851 2133 1011 2161 contendit.

186 2185 258 2219 Ejus
274 2191 360 2219 porro
377 2183 426 2218 qui
454 2184 498 2210 est
511 2179 696 2212 immortalis,
714 2178 880 2206 immortale
896 2186 1012 2213 quoque

187 2229 307 2256 verbum
324 2229 469 2255 censetur.
485 2226 550 2254 Jam
579 2224 743 2252 immortale
772 2223 892 2251 verbum
920 2222 1009 2256 aliud,

1071 1644 1142 1677 Quia
1160 1651 1225 1670 vero
1255 1643 1385 1670 facturus
1402 1650 1494 1677 operai
1511 1642 1639 1677 pretium
1652 1640 1719 1668 mihi
1731 1640 1844 1673 videor,
1861 1641 1891 1668 si

1067 1697 1131 1723 qua:
1148 1687 1248 1715 multis
1263 1690 1290 1715 et
1311 1687 1398 1714 variis
1429 1686 1589 1714 dictionum
1621 1686 1900 1721 sententiarumque

1068 1732 1343 1761 circumcisionibus
1373 1734 1401 1758 et
1416 1731 1598 1758 anfractibus
1614 1731 1691 1758 dicta
1709 1733 1789 1764 sunt,
1817 1734 1846 1758 et
1863 1732 1901 1759 de

1067 1778 1233 1811 Zoarchica,
1259 1777 1313 1804 hoc
1330 1779 1374 1804 est
1389 1776 1452 1803 vitae
1470 1776 1602 1811 praeside,
1628 1775 1780 1810 Trinitate,
1802 1778 1833 1803 et
1863 1776 1903 1804 de

1068 1823 1153 1851 unius
1165 1831 1198 1850 ex
1214 1822 1274 1855 illa,
1291 1822 1431 1849 nimirum
1459 1821 1558 1855 Verbi,
1575 1821 1788 1854 incarnatione,
1813 1828 1848 1848 ex
1867 1829 1904 1849 ea

1068 1876 1144 1896 nunc
1169 1867 1339 1895 summatim
1356 1865 1492 1902 colligam
1513 1873 1519 1892 :
1537 1865 1697 1901 praesrtim
1724 1864 1750 1893 si
1773 1866 1902 1901 quando

1067 1916 1183 1948 tempus
1204 1912 1291 1944 ferat,
1317 1913 1349 1937 ut
1376 1910 1542 1937 orthodoxae
1583 1909 1649 1937 ﬁdei
1675 1911 1779 1937 nostra
1823 1911 1903 1939 ratio

1068 1956 1218 1984 nonnullis
1242 1954 1387 1982 reddenda
1405 1953 1453 1988 sit,
1477 1955 1576 1989 rjusve
1592 1962 1608 1981 a
1639 1953 1723 1982 nobis
1752 1955 1901 1990 expositio

1067 2001 1234 2036 requiratur
1250 2008 1256 2027 :
1284 1999 1391 2027 idcirco
1409 1999 1466 2026 haec
1488 2007 1550 2035 qua
1575 1999 1802 2034 subsequuntur
1818 2000 1902 2028 addi-

1067 2047 1107 2074 di.

1103 2089 1254 2118 Credimus
1276 2089 1305 2116 in
1323 2089 1439 2116 Patrem
1454 2092 1481 2116 et
1498 2087 1604 2116 Filium
1622 2089 1651 2115 et
1666 2088 1813 2124 Spiritum
1830 2097 1900 2117 san-

1069 2137 1159 2170 ctum,
1175 2134 1348 2162 Trinitatem
1364 2133 1394 2161 in
1424 2133 1580 2167 unitate,et
1596 2132 1741 2161 unitatem
1754 2133 1783 2161 in
1798 2133 1902 2161 Trini-

1068 2182 1126 2208 tate
1140 2188 1145 2208 :
1159 2179 1301 2207 unitatem
1308 2179 1427 2214 quidem
1438 2178 1552 2206 ratione
1560 2178 1703 2207 naturalis
1715 2179 1905 2215 conjunctio-

1067 2223 1124 2257 nis,
1159 2224 1189 2250 et
1214 2221 1434 2255 dominationis,
1470 2221 1643 2249 Trinitatem
1678 2229 1746 2250 vero
1783 2222 1904 2250 ratione

187 2274 224 2301 ab
240 2281 283 2307 eo,
314 2280 399 2308 quem
430 2271 533 2298 Filium
563 2270 702 2303 dicimus,
731 2276 815 2296 nemo
831 2272 907 2296 recte
934 2267 1048 2321 dixe-D
1065 2266 1361 2304 τρισυποστάτου,ὶιοο
1386 2270 1431 2294 est
1445 2265 1553 2302 triplici
1570 2274 1697 2302 persona
1720 2268 1901 2301 constantis,

204 2318 208 2321 -
1120 2311 1251 2321 .,,.,,,.,
1284 2311 1433 2321 Διηυμ,
1468 2310 1630 2321 ,τέκῃ-η--

186 2318 235 2346 rit.

222 2362 303 2396 Quod
320 2362 345 2390 si
361 2362 427 2397 quis
442 2360 566 2393 dubitet,
595 2358 643 2394 qui
662 2358 712 2385 ﬁat
728 2360 770 2391 ut,
787 2366 854 2385 cum
878 2356 966 2384 Filius
983 2360 1011 2385 et

185 2408 313 2444 Spiritus
338 2415 421 2442 aequo
435 2406 526 2442 gradu
543 2413 577 2432 ex
593 2404 676 2431 Patre
693 2403 864 2439 procedant,
876 2402 924 2429 ille
936 2402 1009 2435 Filii,

186 2452 233 2479 hic
250 2451 374 2486 Spiritus
391 2450 508 2478 nomine
532 2451 669 2476 vocetur:
701 2456 754 2475 nec
771 2447 856 2475 ambo
881 2447 943 2474 Filii
960 2455 1009 2481 ap-

186 2496 383 2533 pellationem,
393 2495 640 2530 quemadmodum
652 2495 680 2521 et
691 2493 833 2526 habitum,
842 2492 987 2519 retineant
1001 2500 1008 2519 :

185 2542 225 2568 ita
241 2541 476 2575 respondendum
492 2542 546 2572 est,
559 2538 637 2574 quod
653 2538 681 2565 in
710 2538 879 2565 universum
897 2544 1009 2565 natura:

185 2586 290 2613 divinae
306 2585 460 2620 Theologia
489 2585 517 2611 id
535 2585 632 2619 ipsum
649 2592 665 2611 a
681 2582 843 2610 notioribus
861 2582 943 2609 nobis
959 2583 1009 2609 de-

183 2631 326 2664 scribens,
344 2629 421 2665 quod
439 2630 467 2656 in
483 2629 624 2656 Trinitate
636 2627 799 2663 legitimum
817 2629 870 2659 est,
885 2627 1010 2654 honore-

183 2684 240 2712 que
256 2674 398 2711 parsimili
418 2673 535 2706 colitur,
552 2673 722 2700 nominibus
740 2671 830 2699 Patris
846 2673 873 2699 et
900 2671 964 2699 Filii
981 2673 1009 2699 et

183 2719 308 2755 Spiritus
328 2718 423 2746 Sancti
439 2717 586 2745 ineffabile
602 2718 764 2745 divinitatis
781 2725 898 2751 nomen,
925 2716 1010 2744 nulli-

182 2771 237 2799 que
253 2763 413 2791 intellectui
430 2763 573 2799 pervium,
600 2762 848 2797 appellationibus
864 2761 939 2790 inter
956 2769 1009 2790 nos

217 2848 228 2864 ³
243 2847 320 2875 Psal.
335 2855 436 2883 Lxxvu,
453 2848 497 2875 39.
536 2847 547 2864 ‘
562 2846 639 2875 Psal.
657 2855 776 2880 cxxxxv,
789 2847 815 2874 4.
853 2846 865 2864 ⁵
880 2845 956 2874 Psal.
971 2854 1020 2881 cn,

1068 2311 1264 2348 perfectionis,
1280 2313 1309 2339 et
1324 2311 1437 2339 ratione
1465 2310 1634 2338 divitiarum
1660 2312 1902 2347 supernaturalis

1066 2357 1229 2385 Trinitatis.
1259 2356 1362 2384 Unitas
1391 2356 1469 2383 enim
1496 2363 1596 2383 revera
1610 2358 1655 2384 est
1677 2356 1809 2384 Trinitas
1834 2357 1899 2391 illa,

1067 2410 1131 2438 quis
1155 2401 1308 2430 Divinitate
1326 2401 1530 2436 conjungitur,
1556 2402 1584 2427 et
1604 2400 1734 2428 Trinitas
1749 2400 1899 2435 vicissim,

1066 2457 1164 2476 revera
1177 2447 1227 2475 illa
1252 2445 1430 2483 διαιρουμένη
1464 2447 1523 2476 ταῖς
1555 2444 1675 2480 ἰδιότησι
1699 2445 1744 2473 καὶ
1761 2445 1792 2473 οὗ
1812 2456 1899 2483 μερι-

1064 2492 1178 2530 ζομένη,
1195 2500 1258 2529 quae
1274 2491 1503 2528 proprietatibus
1520 2491 1561 2519 ita
1577 2491 1729 2526 dividitur,
1747 2494 1779 2519 ut
1791 2494 1897 2519 tamen

1065 2539 1093 2566 in
1110 2539 1207 2574 partes
1222 2537 1454 2572 haudquaquam
1470 2536 1644 2569 disseeetur,
1659 2536 1760 2564 eadem
1776 2539 1902 2564 comter-

1066 2592 1113 2618 na,
1129 2582 1272 2617 cujusque
1284 2581 1459 2609 substantiae
1475 2589 1527 2616 per
1541 2580 1636 2608 honor
1650 2580 1821 2609 exhibetur.
1838 2581 1902 2609 Nec

1065 2626 1143 2655 enim
1159 2629 1277 2662 tempus
1303 2627 1358 2659 est,
1375 2627 1425 2653 aut
1441 2625 1505 2658 fuit,
1521 2632 1577 2661 quo
1588 2624 1707 2660 quidem
1725 2633 1791 2652 cum
1812 2626 1901 2654 Patre

1065 2671 1155 2699 Filius
1175 2678 1231 2698 non
1246 2670 1351 2698 fuerit:
1369 2670 1419 2705 qui
1449 2669 1527 2697 enim
1544 2669 1642 2702 tiat,ul
1656 2669 1743 2697 Pater
1768 2670 1892 2698 dicatur

1065 2715 1122 2743 nisi
1137 2717 1302 2743 consortem
1316 2714 1430 2750 imperii
1444 2713 1549 2741 Filium
1576 2712 1705 2741 habeat?
1722 2713 1826 2750 Neque
1842 2715 1903 2744 fuit

1066 2768 1197 2796 unquam
1223 2762 1350 2796 tempus,
1366 2767 1425 2795 quo
1441 2759 1569 2795 Spiritus
1583 2760 1712 2787 Sanctus
1723 2766 1790 2787 cum
1809 2762 1901 2789 utro-

1039 2846 1081 2874 16.
