4052 6372
267 388 424 454 1165

1579 380 1978 444 ΤΠΕΞΑῸΒΙ
2021 377 2170 439 LIB.
2217 377 2296 438 II.

3529 380 3684 442 1166

258 541 372 596 que
400 539 514 580 non
549 519 742 577 fuerit.
789 519 936 576 Cum
984 521 1099 574 tres
1129 517 1280 576 inter
1326 536 1388 575 se
1415 517 1712 590 conjuncti
1761 532 1915 572 unus
1943 515 1998 582 Α
2024 530 2134 586 que
2192 513 2488 583 specimen
2529 511 2922 568 attribuamus
2957 527 2970 568 :
3003 511 3114 568 alia
3166 511 3401 584 quidem
3455 512 3684 570 ratione

254 615 332 670 sit
383 613 558 682 Deus,
617 611 742 668 sola
799 611 1088 682 cujusque
1151 609 1486 665 differentia
1547 609 1606 664 in
1639 607 1908 665 essentia

252 703 660 760 communione
693 699 994 754 individue
1043 715 1350 769 personam
1392 699 1705 754 dividente.
1739 695 1909 751 Solus

250 794 406 849 enim
459 797 648 861 Pater,
709 791 895 846 Pater.
958 788 1133 845 Solus
1188 789 1392 857 Filius,
1468 788 1669 844 Filius.
1741 787 1910 843 Solus

255 884 502 956 Spiritus
549 882 828 947 Sanctus,
888 879 1162 952 Spiritus.
1217 878 1319 934 Ilia
1365 878 1521 934 enim
1567 877 1912 933 differentiis

258 991 371 1029 non
406 975 820 1026 convertuntur
863 971 1014 1024 inter
1064 984 1146 1024 se.
1201 969 1310 1024 Sed
1362 968 1422 1023 in
1472 966 1565 1023 his
1614 966 1913 1022 individuo

257 1063 487 1134 quidem
520 1061 889 1129 dividuntur,
938 1058 1199 1114 essentia
1251 1066 1444 1113 autem
1496 1057 1718 1112 ratione
1760 1073 1914 1111 com-

259 1152 582 1207 municant.
616 1150 894 1218 Trinitas,
929 1148 1196 1220 simplex,
1218 1146 1575 1216 insecabilia,
1608 1146 1911 1218 incompo-

258 1241 390 1310 sita,
425 1257 492 1295 ex
522 1240 711 1295 tribus
770 1238 1040 1310 perfectis
1099 1253 1201 1308 per
1233 1253 1296 1293 se
1353 1237 1626 1309 perfecta,
1684 1240 1741 1290 et
1780 1236 1912 1306 plus

258 1349 432 1404 quam
478 1332 730 1402 perfecta
781 1333 889 1384 est.
954 1329 1134 1400 Cujus
1193 1345 1308 1383 una
1356 1331 1585 1398 natura,
1637 1325 1912 1382 divinitas

259 1426 318 1476 et
350 1419 764 1489 voluntas,una
799 1418 1053 1490 denique
1081 1419 1228 1474 actio
1260 1417 1910 1489 glorificatur.Quorum

257 1511 409 1566 enim
449 1513 659 1564 natura
690 1525 804 1563 una
835 1513 944 1574 est,
971 1523 1171 1562 eorum
1204 1507 1477 1562 voluntas
1509 1512 1564 1562 et
1593 1507 1742 1562 actio
1773 1523 1910 1577 una,

256 1599 757 1672 quemadmodum
811 1597 980 1652 beato
1031 1595 1245 1652 Basilio
1277 1597 1520 1652 docente
1569 1596 1907 1650 didicimus.

323 1688 687 1745 Confitemur
717 1687 857 1742 item
908 1702 1086 1741 unam
1125 1691 1338 1741 sanctae
1369 1685 1670 1742 Trinitatis
1703 1703 1908 1756 perso-

255 1796 412 1845 nam,
447 1778 842 1850 unigenitum,
895 1777 1162 1848 inquam,
1218 1777 1316 1832 Dei
1351 1776 1583 1842 Filium,
1614 1776 1912 1848 Deumque

2017 601 2301 658 miracula
2331 601 2541 668 edenti,
2576 601 2850 656 aliaitem
2885 601 3126 673 patienti
3158 602 3361 657 Divina
3383 599 3680 674 siquidem

2018 697 2236 748 naturae
2271 691 2491 747 ratione
2524 690 2826 762 signorum
2875 691 3150 747 virtutem
3184 693 3572 764 deprompsit,
3608 708 3678 748 ex

2020 783 2284 838 humanae
2313 786 2506 836 autem
2542 781 2738 836 formae
2793 781 3148 852 praescripto,
3209 797 3306 838 eas
3363 783 3677 854 passiones

2018 888 2133 928 non
2165 871 2525 940 detrectavit,
2578 871 2796 942 quibus
2828 887 2891 925 ea
2939 874 3146 925 natura
3186 872 3438 928 obnoxia
3469 881 3579 942 est,
3612 877 3678 929 ut

2018 963 2075 1018 in
2109 961 2298 1032 seipso
2333 960 2637 1033 passiones
2670 964 2897 1014 nostras
2929 960 2988 1015 in
3021 960 3367 1032 passionum
3399 964 3672 1019 vacuita-

2019 1061 2131 1110 tem
2191 1053 2659 1120 transformaret,
2721 1055 2894 1122 prout
2962 1051 3055 1106 his
3111 1052 3304 1108 verbis
3364 1058 3674 1110 attestatur

2017 1143 2329 1216 Apostolus
2360 1159 2371 1197 :
2410 1142 2629 1210 Oportet
2672 1140 3032 1211 corruptibile
3089 1145 3186 1197 hoe
3218 1143 3452 1199 induere
3487 1144 3672 1200 incor.

2017 1239 2346 1309 ruptionem,
2379 1242 2431 1292 et
2464 1234 2693 1290 mortale
2723 1234 2820 1290 hoc
2852 1233 3082 1289 induere
3124 1236 3598 1293 immertalitatem
3625 1237 3672 1296 °.

2016 1333 2132 1384 Nec
2162 1326 2318 1381 enim
2352 1324 2447 1380 ille
2479 1325 2721 1379 humani
2754 1325 2988 1396 generis
3021 1331 3244 1379 amator
3287 1325 3582 1394 humanis,
3617 1331 3675 1383 at

2017 1416 2163 1472 nulli
2198 1413 2635 1488 reprehensioni
2669 1413 2958 1481 obnoxiis,
2984 1413 3359 1484 passionibus
3391 1414 3586 1485 objici,
3620 1423 3676 1472 et

2017 1505 2290 1578 quamvis
2351 1509 2502 1559 Deus
2562 1506 2717 1559 esset
2776 1501 3153 1567 immortalis,
3214 1504 3413 1557 anima
3474 1507 3672 1559 tamen

2017 1595 2316 1650 mediante
2349 1591 2727 1664 corporaliter
2757 1591 2930 1646 morti
2964 1591 3124 1662 affigi
3158 1593 3508 1664 dedignatus
3541 1597 3670 1649 est:

2016 1684 2234 1751 anima,
2269 1684 2536 1754 inquam,
2572 1681 2849 1737 omnibus
2909 1679 2965 1735 in
2999 1682 3170 1736 rebus
3205 1682 3480 1753 perfecta,
3513 1683 3675 1739 suis-

2017 1791 2131 1847 que
2185 1773 2448 1830 numeris
2505 1771 2796 1839 absoluta,
2859 1774 2914 1826 et
2971 1771 3062 1826 cui
3117 1770 3264 1825 nihil
3313 1775 3549 1829 omnino
3599 1775 3672 1830 ad

254 1873 545 1932 nostrum,
602 1867 753 1922 Patri
815 1871 869 1921 et
925 1865 1167 1936 Spiritui
1223 1867 1435 1922 Sancto
1487 1874 1813 1922 consortem
1852 1870 1908 1922 et
1936 1879 1985 1944 Β
2015 1864 2407 1920 humanitatis
2439 1862 2854 1935 perfectionem
2905 1861 3152 1918 deesset.
3191 1863 3472 1920 Humana;
3503 1881 3672 1937 porro

257 1965 606 2013 coaeternum
639 1971 653 2010 :
679 1973 712 2010 a
745 1959 910 2010 Patre
940 1955 1176 2025 quidem
1207 1961 1340 2010 ante
1371 1953 1584 2010 saecula
1615 1953 1903 2026 genitum,

259 2049 540 2117 quantum
575 2045 646 2100 ad
681 2043 1043 2098 divinitatem
1081 2061 1094 2098 :
1125 2044 1517 2116 eumdemque
1572 2042 1633 2097 in
1679 2042 1906 2098 ultimis

261 2141 317 2191 et
349 2134 652 2206 praefinitis
684 2132 1064 2205 temporibus,
1098 2136 1160 2189 ut
1207 2149 1392 2205 genus
1423 2133 1750 2189 humanum
1784 2148 1906 2188 ser-

257 2228 414 2280 varet
443 2229 501 2280 et
533 2223 895 2294 reformaret,
929 2239 960 2277 e
1003 2221 1161 2278 cmlis
1212 2224 1604 2292 descendisse,
1656 2239 1758 2278 seu
1804 2239 1908 2278 vo-

254 2315 510 2372 luntaria
567 2313 927 2369 exinanitum
977 2313 1306 2369 humilitate
1346 2329 1500 2384 puraa
1535 2313 1908 2384 Deiparaaque

254 2403 516 2474 Virginis
546 2403 736 2457 Mariae
797 2402 1050 2457 ulterum
1109 2402 1385 2469 subiisse,
1443 2419 1567 2474 quae
1623 2403 1905 2474 aSpiritu

253 2498 461 2550 sancto
496 2497 866 2564 praepurgata
922 2508 1162 2563 corpore
1220 2496 1277 2547 et
1333 2492 1528 2548 animo
1583 2492 1788 2559 fuerat,
1839 2508 1908 2547 ex

253 2584 503 2653 ejusque
543 2585 748 2637 sancta
779 2587 835 2635 et
880 2581 1220 2652 incorrupta
1249 2597 1442 2647 carne,
1495 2582 1554 2637 in
1587 2581 1911 2637 subsisten-

253 2674 337 2728 tia
369 2670 603 2743 pr0pria
653 2686 889 2726 carnem
939 2673 1380 2742 assumpsisse:
1416 2673 1496 2726 ita
1545 2675 1608 2726 ut
1655 2672 1909 2726 consub-

256 2759 552 2818 stantialis
612 2761 780 2816 nobis
811 2760 1068 2827 effectus,
1130 2777 1258 2816 eam
1307 2761 1363 2815 in
1418 2762 1564 2833 ipsa,
1618 2762 1912 2817 mediante

263 2851 464 2906 anima
496 2849 740 2904 rationis
771 2854 828 2903 et
856 2849 1190 2905 intellectus
1236 2851 1534 2924 participe,
1570 2853 1910 2923 compinge-

257 2944 347 2994 ret
378 2943 552 3008 atque
586 2939 936 2994 efformaret.
987 2938 1092 3002 Qui
1140 2955 1207 2993 ex
1239 2941 1440 2995 eadem
1487 2939 1726 3013 Virgine
1759 2942 1911 2996 inte-

257 3033 600 3098 meratsque
633 3027 815 3081 Matre
851 3031 1025 3082 natus
1075 3032 1182 3096 est,
1236 3045 1415 3100 supra
1463 3045 1637 3100 quam
1671 3030 1784 3085 dici
1815 3035 1915 3086 aut

254 3118 575 3190 excogitari
624 3117 814 3172 ullove
874 3117 1169 3173 intellectu
1231 3118 1449 3190 percipi
1511 3120 1715 3190 possit.
1767 3121 1913 3177 Cum

253 3208 419 3264 enim
475 3207 600 3262 sine
660 3207 908 3275 semine,
961 3207 1544 3280 supernaturalisque
1613 3211 1910 3280 conceptio

249 3296 484 3363 fuisset,
518 3296 832 3351 ineffabilia
869 3313 1103 3367 quoque
1147 3300 1348 3366 partus
1396 3302 1454 3352 et
1499 3299 1908 3355 inenarrabilis

246 3386 386 3443 fuit.
422 3385 580 3440 More
611 3386 805 3456 itaque
846 3390 1067 3454 nostro,
1101 3386 1198 3457 qui
1231 3403 1412 3458 supra
1451 3403 1558 3443 nos
1588 3392 1713 3444 erat
1742 3387 1908 3444 Chri-

246 3481 383 3534 stus
414 3479 470 3530 et
507 3474 784 3530 Dominus
810 3474 1116 3547 processit,
1149 3476 1348 3531 omnia
1395 3480 1599 3532 nostra
1626 3479 1908 3533 essentia-

243 3566 388 3622 liter
420 3563 479 3618 in
513 3579 575 3619 se
609 3565 815 3631 ferens,
843 3581 960 3619 uno
993 3568 1228 3636 peccato
1261 3565 1517 3636 dempto,
1550 3569 1708 3620 totus
1740 3565 1912 3622 homo

246 3657 466 3720 factus,
505 3657 777 3725 totusque
811 3657 960 3708 Deus
1021 3670 1288 3724 manens,
1335 3653 1493 3710 idem
1539 3658 1807 3711 terrenus
1855 3659 1913 3711 et

251 3741 538 3812 ccclestis,
591 3742 838 3798 visibilis
890 3746 948 3797 et
1004 3741 1339 3810 invisibilis,
1400 3743 1662 3799 mortalis
1712 3751 1770 3800 et
1799 3744 1912 3799 im-

260 3832 553 3891 mortalis.
581 3833 717 3888 Duae
738 3833 892 3888 enim
930 3839 1149 3889 natura;
1180 3833 1473 3890 indivulsa
1505 3835 1916 3906 conjunctione

259 3924 620 3979 cohzerentcs
641 3939 821 3978 unum
855 3923 1024 3978 nobis
1045 3923 1490 3980 Emmanuelem
1516 3926 1914 3996 perfecerunt:

260 4014 351 4068 ita
411 4017 632 4080 tamen,
703 4017 766 4066 ut
830 4013 979 4069 citra
1052 4012 1235 4068 ullum
1302 4015 1589 4071 defectum
1663 4016 1919 4087 proprie-

257 4106 413 4158 tates
493 4105 860 4168 naturarum,
937 4117 1006 4156 ει
1079 4103 1295 4173 quibus
1372 4103 1733 4174 compositus
1809 4109 1917 4173 est,

261 4194 456 4246 sartas
486 4193 673 4243 tectas
705 4195 1094 4244 conservaret.
1120 4191 1264 4245 Cum
1297 4191 1452 4246 enim
1484 4196 1643 4248 totus
1675 4193 1924 4265 simplex

265 4283 448 4345 esset,
482 4277 810 4332 secundum
863 4279 1146 4347 divinam,
1194 4282 1574 4353 eamdemque
1616 4288 1922 4354 paternam

258 4371 321 4422 et
353 4371 634 4421 aeternam
666 4368 1128 4436 generationem,
1154 4368 1366 4440 duplex
1391 4372 1672 4441 processit
1702 4390 1922 4429 secun-

264 4458 414 4512 dum
448 4461 776 4512 maternam
836 4458 1218 4530 eamdemque
1272 4461 1690 4530 temporariam
1719 4467 1776 4518 et
1805 4481 1926 4519 cor-

265 4545 534 4619 poralem
567 4546 1242 4619 generationem.ltaque
1262 4551 1500 4605 tametsi
1533 4552 1681 4608 duas
1709 4553 1927 4609 Christi

255 4634 368 4694 Dei
400 4635 585 4691 nostri
618 4636 1025 4707 generationes
1075 4638 1470 4708 profiteamur,
1515 4656 1693 4697 unam
1727 4645 1924 4697 tamen

260 4727 400 4796 ejus
435 4740 745 4794 persona'n
780 4725 1380 4798 praedicamus,cujus
1409 4730 1666 4784 essentia
1698 4731 1923 4788 duabus

258 4817 326 4872 in
367 4814 595 4869 naturis
649 4813 921 4884 perfectis
969 4813 1275 4872 eluoescat.
1319 4817 1592 4881 Quamvis
1624 4818 1774 4874 enim
1809 4838 1927 4878 una

257 4910 482 4961 sanctae
513 4902 823 4958 Trinitatis
847 4918 1096 4973 persona
1122 4911 1294 4974 esset,
1332 4905 1551 4961 mansit
1580 4911 1803 4977 tamen,
1836 4909 1927 4965 vel

257 5009 403 5051 cum
432 4991 688 5046 Verbum
746 5007 880 5046 caro
931 4993 1150 5047 factum
1189 5000 1298 5063 est,
1334 4995 1626 5065 perfectus
1683 4999 1739 5052 in
1775 4998 1931 5053 Divi-

255 5085 474 5146 nitate,
510 5082 790 5154 idemque
821 5083 1115 5153 perfectus
1147 5084 1207 5139 in
1259 5083 1625 5142 humanitate
1660 5105 1674 5143 :
1709 5087 1928 5145 Divini-

256 5175 388 5229 tate
419 5170 661 5240 quidem
697 5175 809 5225 Deo
859 5169 1011 5226 Patri
1064 5171 1609 5239 consubstantialis,
1655 5177 1931 5249 idemque

259 5259 444 5319 nobis
471 5258 837 5314 humanitate
862 5260 1385 5316 consubstantialis
1413 5278 1424 5316 :
1453 5263 1713 5333 patibilis
1736 5283 1928 5339 carne,

257 5347 621 5419 impatibilis
653 5348 990 5403 Divinitate.
1041 5348 1206 5404 Unde
1260 5350 1341 5413 fit,
1377 5356 1442 5406 ut
1497 5351 1594 5407 alii
1628 5356 1930 5426 miracula,

257 5445 327 5498 et
359 5435 458 5490 alii
495 5437 803 5505 passiones
835 5455 950 5494 non
1017 5438 1488 5496 distribuamus:
1517 5445 1617 5498 sed
1651 5448 1930 5519 tanquam

255 5525 372 5586 uni
402 5524 710 5598 eidemque
749 5527 996 5586 Domino
1029 5533 1229 5585 nostro
1259 5529 1399 5586 Jesu
1441 5532 1669 5589 Christo
1700 5539 1934 5593 utrum-

339 5682 368 5719 ⁸
398 5680 422 5739 Ι
448 5682 576 5743 Cor.
607 5699 702 5751 xv,
730 5683 822 5741 53.

2017 1953 2395 2025 perfectionis
2423 1953 2598 2007 index
2629 1966 2793 2006 mens
2827 1949 2956 2021 ipso
3005 1956 3112 2017 est,
3146 1968 3261 2024 qua
3291 1951 3585 2021 volumus,
3617 1959 3672 2010 et

2015 2062 2048 2100 a
2107 2045 2297 2100 brutis
2357 2043 2762 2100 animantibus
2832 2042 3181 2099 differimus.
3239 2043 3456 2100 Eorum
3513 2046 3672 2101 enim

2015 2151 2142 2206 quae
2176 2133 2393 2189 mentis
2451 2135 2709 2206 expertia
2765 2138 2924 2204 sunt,
2985 2133 3212 2190 nullum
3271 2132 3416 2189 velle
3458 2138 3672 2206 potest.

2015 2223 2310 2296 Quidquid
2335 2231 2528 2279 autem
2577 2224 2896 2291 voluntate,
2926 2225 3081 2280 idem
3115 2229 3171 2279 et
3194 2222 3491 2280 intellectu
3525 2241 3676 2296 prae-

2017 2311 2202 2368 ditum
2237 2320 2344 2368 est.
2378 2311 2482 2367 Ubi
2514 2312 2669 2368 enim
2723 2330 2913 2381 mens,
2945 2313 3024 2368 ibi
3079 2312 3254 2368 etiam
3317 2329 3558 2384 prorsus
3591 2313 3678 2373 in.

2013 2401 2286 2458 tellectus
2317 2406 2424 2458 est.
2449 2405 2579 2457 Jam
2615 2402 2662 2458 si
2695 2403 2963 2458 Servator
3005 2402 3298 2474 perfectus
3332 2401 3506 2457 homo
3541 2403 3672 2470 fuit,

2015 2491 2074 2546 in
2110 2490 2420 2546 Divinitate
2453 2492 2709 2563 perfecta
2738 2508 3000 2559 manens,
3035 2490 3234 2563 procul
3267 2491 3448 2547 dubio
3483 2506 3676 2565 neque

2016 2585 2230 2647 mente,
2263 2596 2453 2652 neque
2483 2579 2784 2638 voluntate
2838 2580 3042 2636 caruit.
3076 2580 3183 2645 Qui
3228 2585 3424 2636 autem
3469 2580 3678 2637 huma-

2016 2687 2152 2726 nam
2181 2669 2392 2726 Christi
2418 2668 2672 2725 animam
2721 2669 2973 2725 naturali
2998 2671 3297 2725 voluntate
3320 2669 3545 2742 privare
3576 2686 3675 2726 co-

2019 2764 2252 2824 nantur,
2303 2775 2430 2814 eam
2465 2759 2679 2816 mentis
2727 2763 3041 2832 expertem,
3072 2759 3185 2831 ipsi
3235 2761 3446 2815 mentis
3476 2776 3674 2832 exper-

2018 2856 2100 2906 tes
2132 2849 2588 2920 descripserunt,
2621 2853 2677 2904 et
2707 2850 3042 2922 passionem
3097 2854 3155 2904 et
3203 2853 3446 2904 mortem
3481 2850 3670 2921 impa-

2017 2939 2167 2994 tibili
2202 2943 2424 2993 naturae
2466 2939 2844 2995 ascribentes.
2879 2941 3001 3004 Qua
3053 2939 3290 3012 quidem
3323 2937 3530 2995 haeresi
3563 2939 3673 2996 hoc

2019 3031 2484 3099 consequuntur,
2509 3031 2573 3083 ut
2603 3028 2856 3099 perfecte
2880 3027 3022 3083 salvi
3055 3027 3189 3084 facti
3213 3044 3328 3084 non
3349 3027 3671 3086 videamur.

2020 3117 2132 3172 Nec
2163 3116 2320 3171 enim
2357 3115 2685 3172 naturalem
2704 3116 3092 3173 humanitatis
3125 3117 3252 3189 ejus
3283 3116 3673 3186 voluntatem,

2023 3205 2418 3262 naturalemve
2441 3206 2726 3262 actionem
2752 3222 3058 3278 negamus,
3095 3223 3166 3262 ne
3206 3223 3322 3261 una
3354 3207 3675 3279 eademque

2024 3313 2197 3369 opera
2229 3295 2684 3367 dispensationis
2717 3295 2928 3352 salutis
2970 3301 3187 3353 nostris
3219 3300 3395 3369 caput
3425 3302 3480 3352 et
3511 3313 3676 3354 sum-

2019 3401 2174 3441 mam
2209 3385 2610 3456 antiquemus,
2671 3388 2727 3440 et
2781 3384 3075 3440 Divinitati
3133 3387 3437 3457 passiones
3495 3390 3673 3444 ascri-

2017 3475 2246 3540 bamus,
2281 3476 2344 3527 ut
2374 3477 2636 3528 astruere
2685 3473 2878 3529 conati
2910 3478 3048 3530 sunt
3079 3473 3182 3541 illi,
3216 3474 3320 3547 qui
3352 3492 3470 3532 una
3503 3476 3671 3534 illum

2017 3563 2337 3630 voluntate,
2367 3578 2602 3634 unaque
2633 3561 2881 3631 actione,
2907 3579 3024 3619 non
3057 3563 3184 3620 sine
3215 3581 3433 3639 magna
3463 3565 3672 3638 impie-

2017 3658 2155 3717 tate,
2190 3668 2388 3709 recens
2421 3653 2824 3726 excogitarunt
2855 3654 3222 3727 impiamque
3253 3655 3397 3726 Arii,
3439 3657 3665 3727 Apolli-

2020 3741 2192 3806 narii,
2222 3740 2513 3813 Eutychis,
2547 3745 2603 3797 et
2632 3741 2825 3798 Severi
2859 3742 3104 3798 hmresin
3134 3742 3508 3800 innovarunt.

2094 3831 2210 3886 Nos
2265 3833 2456 3885 autem
2511 3830 2844 3886 orthodoxae
2903 3832 3288 3888 confessionis
3347 3837 3669 3892 assertores

2023 3937 2202 3977 unum
2253 3921 2644 3992 eumdemque
2718 3921 3016 3978 Christum
3087 3922 3296 3977 Filium
3359 3924 3674 3982 Dominum

2025 4011 2396 4084 unigenitum
2431 4012 2777 4080 astruimus,
2821 4013 2919 4082 qui
2953 4013 3185 4068 duabus
3215 4013 3273 4067 in
3311 4014 3536 4070 naturis
3578 4015 3672 4071 in-

2027 4103 2288 4171 confuse,
2323 4100 2688 4172 simpliciter,
2720 4101 3211 4173 inseparabiliter,
3251 4103 3553 4160 individuo
3584 4105 3682 4160 di-

2029 4190 2348 4264 gnoscitur.
2396 4189 2476 4244 Ita
2539 4197 2754 4258 tamen,
2814 4195 2879 4246 ut
2936 4191 3274 4247 nullatenus
3335 4197 3683 4250 naturarum

2031 4279 2358 4336 differentia
2387 4279 2438 4332 vi
2473 4279 2908 4348 conjunctionis
2941 4281 3176 4336 sublata
3225 4282 3319 4350 sit,
3345 4283 3462 4339 imo
3495 4283 3689 4356 potius

2034 4371 2343 4440 utriusque
2376 4372 2596 4423 natura:
2632 4368 2953 4440 pr0prietas
3001 4369 3227 4442 integra
3278 4375 3688 4441 permanserit,

2033 4460 2178 4515 etin
2214 4475 2388 4512 unam
2436 4474 2744 4529 personam
2799 4474 3090 4532 unamque
3139 4461 3487 4534 hypostasin
3550 4480 3688 4520 con-

2036 4549 2320 4606 currerit:
2356 4562 2470 4603 non
2504 4550 2568 4602 ut
2597 4547 2654 4602 in
2688 4548 2838 4603 duas
2871 4564 3150 4619 personas
3197 4551 3567 4622 partitionem
3598 4553 3688 4608 di-

2034 4638 2385 4695 visionemve
2421 4635 2745 4704 admiserit,
2805 4637 2905 4692 sed
2962 4653 3117 4693 unus
3173 4638 3448 4710 idemque
3507 4639 3688 4695 Filius

2037 4727 2400 4798 unigenitus,
2424 4725 2576 4782 Deus
2598 4725 2880 4797 Verbum,
2915 4726 3196 4781 Dominus
3223 4731 3396 4782 Jesus
3420 4728 3688 4785 Christus

2036 4815 2490 4890 perseveraverit
2521 4831 2534 4869 :
2570 4815 3068 4886 quemadmodum
3102 4817 3506 4889 superioribus
3539 4823 3690 4874 tem-

2037 4907 2278 4980 poribus
2309 4904 2596 4977 prophetee
2646 4905 2716 4960 de
2763 4904 2892 4976 ipso
2923 4906 3221 4962 vaticinati
3267 4911 3426 4974 sunt,
3453 4909 3692 4981 ipseque

2040 4997 2180 5052 adeo
2212 4995 2384 5051 Jesus
2416 4993 2684 5049 Christus
2714 5008 2820 5048 nos
2851 4994 3069 5060 docuit,
3103 4999 3556 5068 sanctorumque
3584 4998 3693 5054 Pa-

2038 5091 2195 5142 trum
2228 5082 2558 5157 symbolum
2591 5082 2761 5137 nobis
2814 5085 2984 5153 quasi
3033 5100 3137 5155 per
3185 5102 3396 5142 manus
3429 5087 3693 5151 tradidit,

2041 5181 2194 5231 Duas
2227 5175 2284 5229 in
2318 5175 2518 5229 eodem
2547 5171 2882 5242 volitiones,
2908 5190 3010 5229 seu
3043 5173 3396 5244 voluntates,
3430 5177 3697 5248 duasque

2042 5265 2318 5332 actiones,
2352 5262 2495 5320 citra
2554 5260 2925 5329 divisionem,
2979 5265 3384 5334 mutationem,
3431 5268 3694 5337 partitio-

2042 5371 2196 5420 nem,
2257 5353 2781 5422 confusionemque
2843 5369 2910 5407 ex
2971 5360 3305 5411 sanctorum
3362 5357 3697 5428 prmscripto

2043 5448 2284 5500 Patrum
2318 5441 3698 5516 praedicamus,naturales,inquam,vcluntates,

2043 5553 2160 5594 non
2193 5537 2542 5603 contrarias,
2576 5536 3072 5607 quemadmodum
3115 5538 3277 5610 impii
3328 5531 3706 5602 astruxerunt
