4052 6384
330 458 484 524 116⁸1

1640 436 1949 499 NICETJE
1991 434 2414 498 CGONIATE

3615 424 3795 487 1168

325 592 611 663 heretici,
636 585 826 646 absit!
862 584 968 643 sed
1017 579 1431 653 obsequentem
1473 573 1604 645 ejus
1662 571 1988 628 humanam
2020 576 2072 642 Α
2102 568 2389 642 captionis
2424 569 2723 624 momento
2755 565 2814 621 in
2845 568 3070 620 tantam
3106 561 3378 619 coierunt
3407 542 3803 660 conjunctio-

330 660 715 745 voluntatem,
745 682 805 732 at
835 691 949 731 non
1011 669 1381 727 resistentem
1432 670 1529 720 aut
1584 660 1990 726 reluctantem,

2094 673 2250 724 nem,
2284 661 2348 712 ut
2380 673 2454 713 ne
2484 655 2757 712 humanae
2791 653 3029 727 quidem
3058 668 3151 708 res
3182 651 3311 707 sine
3341 649 3544 705 divina
3573 663 3797 705 essen-

333 738 463 830 imvo
487 771 679 845 potius
703 738 964 830 'divinaa,
997 761 1125 831 ejus
1173 762 1231 813 et
1278 750 1671 825 omnipotenti
1702 747 1992 845 voluntati
2094 747 2179 803 tia
2204 747 2409 845 fierent
2444 763 2457 801 :
2493 746 2593 802 sed
2622 750 2871 845 utraque
2902 747 3117 842 natura
3176 755 3312 797 cum
3344 738 3803 845 alteriusncom-

338 824 713 932 morigerum.
744 824 1045 925 Siquidem
1078 864 1183 921 par
1227 851 1368 911 erat,
1404 824 1465 897 ut
1496 840 1692 897 carnis
1723 838 1993 894 voluntas
2097 836 2381 892 munione
2429 852 2495 890 ea
2544 850 2676 907 quae
2707 833 2819 889 sibi
2889 831 3126 904 propria
3182 833 3376 932 erant,
3426 824 3701 932 et‘vellet
3729 832 3793 883 et

340 916 663 1009 movereter
697 964 711 1013 ;
744 916 954 999 divinas
994 916 1190 994 tamen
1242 932 1533 989 voluntati
1579 928 1993 1000 subjiceretur,
2099 930 2319 998 ageret.
2352 925 2635 991 Quocirca
2666 923 2818 979 duas
2867 922 3045 978 etiam
3078 918 3379 977 naturales
3409 916 3793 987 voluntates,

341 1045 409 1097 ut
436 1033 909 1109 sapientissimus
941 1028 1039 1084 ille
1068 1024 1276 1082 scribit
1305 1021 1679 1079 Athanasius.
1704 1017 1995 1085 Quemad-

344 1129 588 1185 modum
619 1124 776 1182 enim
832 1136 966 1176 caro
1014 1118 1147 1189 ejus
1205 1130 1339 1170 caro
1399 1110 1502 1168 Dei
1555 1109 1771 1166 dicitur
1800 1111 1998 1175 etest,

340 1219 421 1273 ita
452 1222 510 1273 et
540 1211 828 1271 naturalis
877 1207 1150 1264 voluntas
1194 1202 1389 1259 carnis
1445 1202 1575 1273 ejus
1631 1198 1867 1271 propria
1896 1196 1997 1253 Dei

341 1305 517 1361 Verbi
549 1302 762 1358 dicitur
790 1302 848 1355 et
871 1304 961 1353 est
988 1311 1001 1350 :
1028 1298 1095 1350 ut
1125 1292 1280 1349 idem
1302 1291 1419 1347 ait:
1454 1287 1718 1345 Descendi
1748 1285 1815 1342 de
1842 1285 1997 1353 calo,

342 1410 453 1451 non
483 1401 544 1448 ut
592 1391 807 1461 faciam
861 1384 1202 1442 voluntatem
1254 1395 1461 1448 meam,
1511 1376 1607 1434 sed
1661 1375 2000 1431 voluntatem

344 1486 463 1554 eius
494 1482 591 1554 qui
621 1478 776 1535 misit
802 1492 893 1531 me
922 1471 1111 1530 Patris
1139 1469 1188 1528 ’⁷.
1229 1469 1455 1537 Quibus
1481 1466 1673 1522 verbis
1705 1463 1997 1537 propriam

346 1552 548 1630 carnis
578 1570 707 1641 ejus
756 1565 1116 1622 voluntatem
1173 1558 1468 1631 intelligit.
1515 1552 2000 1627 Quandoquidem

346 1662 478 1732 ipsa
506 1671 736 1730 quoque
768 1669 904 1710 caro
952 1653 1004 1709 ei
1051 1649 1288 1723 propria
1332 1647 1463 1715 fuit,
1504 1643 2003 1717 quemadmodum

353 1751 513 1806 enim
545 1743 921 1803 sanctissima
950 1745 1009 1796 et
1055 1737 1352 1808 inculpata
1399 1737 1527 1807 ejus
1560 1732 1820 1790 animata
1846 1747 2002 1799 caro,

352 1854 482 1895 cum
515 1834 785 1891 deiﬁcata
814 1835 923 1895 est,
970 1828 1429 1899 haudquaquam
1461 1822 1672 1895 periit;
1706 1823 1787 1878 ita
1817 1836 2005 1891 neque

2099 1016 2464 1090 totidemque
2510 1013 2770 1070 actiones
2811 1012 2884 1069 ad
2941 1009 3185 1067 humani
3237 1006 3472 1082 generis
3524 1004 3789 1065 salutem

2103 1124 2219 1164 una
2253 1106 2621 1164 concurrisse
2643 1103 3192 1167 asserimus.Quare
3226 1116 3363 1158 cum
3390 1102 3550 1157 beati
3581 1101 3785 1158 Patres

2102 1196 2225 1253 haec
2257 1198 2337 1252 ita
2368 1211 2602 1252 summo
2631 1210 2766 1250 cum
2816 1191 3017 1249 studio
3047 1198 3103 1246 et
3153 1189 3468 1263 diligentia
3520 1191 3773 1263 undique

2104 1284 2509 1359 congesserint
2539 1289 2600 1340 ct
2662 1281 3083 1355 expresserim,
3140 1296 3248 1353 par
3297 1284 3412 1347 est,
3463 1283 3531 1334 ut
3581 1278 3778 1334 nullus

2105 1374 2276 1432 aliter
2309 1376 2582 1446 proferat,
2638 1376 2743 1429 aut
2793 1371 3036 1439 scribat,
3092 1376 3190 1425 aut
3242 1368 3484 1435 sentiat,
3520 1372 3629 1423 aut
3680 1369 3784 1424 do-

2107 1472 2269 1521 ceat:
2305 1464 2423 1520 imo
2474 1478 2611 1519 vero
2644 1477 2717 1518 ne
2747 1461 3043 1516 diversum
3088 1459 3324 1531 quidem
3377 1457 3449 1513 ab
3493 1457 3607 1514 hoc
3651 1456 3793 1513 fidei

2108 1553 2445 1627 symbolum
2477 1550 2551 1606 iis
2581 1552 2923 1624 proponat,‘
2957 1547 3060 1621 qui
3107 1545 3197 1603 vel
3228 1562 3298 1602 ex
3347 1545 3652 1619 gentibus,
3701 1546 3795 1603 vel

2109 1660 2180 1701 ex
2204 1640 2444 1711 Judaais,
2473 1638 2558 1697 vel
2591 1655 2660 1696 ex
2707 1636 2917 1695 haeresi
2962 1636 3238 1708 quaslibet
3283 1637 3355 1692 ad
3395 1635 3670 1693 veritatis
3702 1652 3795 1693 co-

2111 1731 2433 1805 gnitionem
2465 1732 2913 1787 convertuntur.

2733 1836 2896 1894 CAP.
2945 1834 3182 1890 XXXII.

352 1925 551 2015 carni,”
580 1924 710 1995 ⁸³⁸⁸
734 1919 1012 2015 .vollmm
1044 1915 1359 2015 pfriil’irfw
1400 1912 1598 2015 9.9”“
1628 1912 1857 2015 iélegm
1882 1925 2006 2015 p.81.-
2035 1945 2081 2011 B
2112 1950 2275 2008 Fides
2334 1948 2586 2004 revelata
2635 1944 2989 2002 sanctissimo
3038 1943 3306 2015 Gregorio
3351 1943 3621 2015 miriﬁco,
3660 1952 3800 2000 lan-

354 2014 659 2079 mansit,ut
686 2006 1013 2080 Theologus
1068 2003 1377 2076 Gregorius
1427 2002 1518 2058 his
1565 2000 1751 2057 verbis
1802 2003 2006 2056 auctor

354 2109 461 2163 est.
496 2101 663 2160 Illius
692 2098 846 2156 enim
878 2095 1174 2162 voluntas,
1200 2092 1299 2167 qui
1332 2108 1436 2166 pro
1485 2091 1791 2147 Servatore
1832 2087 2004 2145 intel-

362 2191 586 2265 ligitur,
619 2188 1076 2259 haudquaquam
1106 2183 1225 2240 Deo
1255 2181 1545 2238 contraria
1575 2183 1683 2246 est,
1714 2195 1851 2236 cum
1882 2181 2008 2234 tota

355 2283 541 2340 Deum
575 2276 852 2336 redoleat.
899 2278 961 2333 In
995 2292 1064 2332 ea
1120 2290 1290 2346 porro
1347 2270 1637 2327 sententia
1679 2286 1912 2335 sumus,
1944 2271 2010 2324 ut

359 2368 660 2431 naturales
691 2372 838 2427 duas
870 2368 1129 2426 actiones
1161 2365 1308 2421 citra
1339 2363 1707 2431 divisionem,
1733 2359 2010 2417 mutatio-

358 2481 515 2533 nem,
578 2460 1009 2526 confusionem,
1070 2455 1468 2529 partitionem,
1528 2453 1587 2509 in
1647 2453 1852 2509 eodem
1892 2449 2008 2508 Do-

355 2554 516 2611 mino
576 2556 774 2608 nostro
847 2548 988 2606 Jesu
1057 2545 1289 2603 Christo
1363 2544 1482 2602 Deo
1550 2559 1684 2600 vero
1760 2541 2009 2613 conjun-

354 2650 479 2701 ctas
536 2659 665 2701 esse
722 2655 1084 2704 asseramus,
1161 2636 1271 2693 hoc
1328 2643 1418 2692 est
1492 2632 1752 2690 divinam
1830 2630 2009 2687 actio-

353 2749 514 2803 nem,
574 2735 641 2787 ut
689 2730 898 2786 beatus
963 2725 1063 2783 ille
1132 2725 1241 2783 Leo
1313 2723 1487 2797 paulo
1565 2721 1828 2794 apertius
1902 2718 2008 2776 ait.

355 2822 647 2894 Operatur
680 2822 923 2889 utraque
953 2817 1141 2873 forma
1164 2831 1297 2871 cum
1328 2813 1568 2869 alterius
1597 2811 2012 2868 communione

355 2908 750 2984 proprietatis,
830 2906 1018 2963 Verbo
1090 2903 1312 2961 scilicet
1378 2901 1434 2957 id
1494 2902 1791 2974 operante,
1852 2896 2009 2969 quod

362 3016 538 3057 suum
571 3004 696 3067 est;
726 3002 783 3054 et
822 3012 1064 3068 corpore
1118 2992 1377 3049 vicissim
1432 3007 1501 3048 ea
1541 2989 1851 3058 efﬁciente,
1885 3004 2011 3059 quis

363 3080 505 3147 sunt
534 3088 815 3161 corporis.
846 3086 1017 3141 Nullo
1074 3083 1232 3140 enim
1294 3084 1459 3153 pacto
1517 3080 1783 3136 eamdem
1832 3078 2013 3134 fuisse

357 3180 688 3236 naturalem
719 3176 823 3232 Dei
854 3178 911 3230 et
941 3177 1220 3228 creaturas
1265 3171 1552 3225 actionem
1585 3166 1961 3225 concedimus
1995 3183 2008 3223 :

356 3286 431 3325 ne
462 3268 551 3324 vel
583 3270 911 3322 creaturam
945 3260 1260 3333 impatibili
1321 3258 1587 3315 essentia;
1618 3257 2009 3324 ascribamus,

353 3357 449 3413 vel
484 3355 695 3411 divinas
757 3359 976 3408 naturas
1034 3348 1432 3405 excellentiam
1492 3347 1550 3402 in
1609 3352 2010 3403 creaturarum
2050 3319 2094 3387 α

356 3443 619 3503 ordinem
652 3441 1003 3512 redigamus.
1055 3438 1238 3495 Unius
1281 3438 1437 3494 enim
1483 3437 1864 3509 ejusdemque
1895 3436 2006 3491 mi-

356 3532 559 3591 racula
586 3536 645 3588 ot
667 3529 970 3603 passiones
1000 3529 1182 3584 fuisse
1214 3526 1481 3583 novimus
1510 3543 1523 3582 :
1551 3525 1668 3582 alia
1694 3529 1868 3598 atque
1897 3525 2010 3581 alia

361 3628 806 3689 naturarum,ex
830 3619 1047 3691 quibus
1065 3616 1550 3684 constat,ratione
1573 3614 1857 3682 habita,in
1880 3612 2007 3685 qui-

362 3713 591 3784 busque
609 3712 737 3783 ejus
763 3709 1019 3765 essentia
1040 3705 1396 3772 consistit,ut
1412 3706 1620 3762 beatus
1634 3703 1885 3778 Cyrillus
1908 3702 2008 3760 ait.

433 3806 509 3858 Eo
537 3804 736 3872 itaque
756 3797 914 3871 quod
944 3797 1318 3854 inconfusum
1342 3795 1726 3851 etindivisum
1750 3798 1840 3850 est
1861 3791 2013 3849 omni

359 3907 431 3951 ex
460 3894 623 3963 parte
652 3894 900 3955 servato,
932 3884 1042 3942 hoc
1073 3886 1131 3940 in
1165 3900 1398 3941 summa
1440 3884 1802 3955 profitemur,
1835 3897 2012 3937 unam

364 3984 582 4035 sanctis
640 3976 946 4033 Trinitatis
995 3989 1332 4046 personam,
1388 3972 1699 4029 Dominum
1750 3978 2013 4027 nostrum

359 4073 564 4128 Jesum
598 4067 892 4123 Christum
948 4081 1149 4122 verum
1203 4069 1383 4120 Deum
1432 4067 1697 4119 nostrum
1731 4064 2013 4134 esse:cre-

365 4158 594 4225 dentes,
626 4158 777 4213 duas
806 4156 935 4226 ejus
986 4159 1228 4210 naturas
1276 4153 1616 4219 asserimus,
1649 4167 1778 4223 quin
1811 4152 1868 4207 in
1900 4168 2017 4207 una

366 4249 496 4319 ejus
545 4261 798 4320 persona
826 4243 1180 4312 elucesoant,
1238 4240 1298 4297 in
1332 4257 1449 4313 qua
1480 4239 1767 4296 miracula
1805 4243 1862 4296 et
1893 4256 2022 4312 pss-

367 4334 883 4406 siones,quamdiu
916 4349 986 4389 ex
1015 4332 1448 4404 dispensatione
1481 4331 1785 4388 nobiscum
1820 4347 2019 4387 versa-

365 4430 465 4483 tus
496 4433 603 4492 est,
640 4440 754 4480 non
790 4421 1104 4495 phantasia
1133 4426 1192 4476 et
1234 4419 1637 4491 simulatione,
1688 4421 1791 4477 sed
1821 4437 2019 4477 revera

365 4514 653 4581 exhibuit,
687 4529 819 4569 cum
863 4510 1185 4584 praesertim
1231 4510 1517 4567 naturalis
1576 4510 1903 4568 diﬂ‘erentia
1956 4511 2017 4568 in

363 4605 496 4678 ipsa
525 4605 699 4661 unica
731 4618 981 4675 persona
1001 4604 1432 4673 cognoscatur:
1458 4616 1574 4656 non
1606 4600 1739 4672 quia
1772 4617 2021 4671 persona

2187 2038 2354 2094 quam
2412 2036 2487 2094 ea}
2542 2017 3043 2094 suppersanctzpei
3099 2014 3423 2094 Genitricis,
3481 2014 3537 2072 et
3599 2014 3804 2074 sancti

2185 2086 2419 2166 apostoli
2445 2086 2678 2150 Joannis
2708 2088 3059 2160 evangelista
3090 2086 3364 2144 doctrina.

2187 2200 2352 2257 Unus
2381 2205 2471 2256 est
2502 2203 2654 2254 Deus
2684 2195 3037 2268 principium
3063 2199 3121 2251 et
3169 2198 3340 2252 Pater
3364 2194 3543 2253 Verbi
3587 2195 3801 2254 viven-

2114 2291 2213 2359 tis,
2247 2288 2551 2362 sapientia:
2578 2286 2979 2354 subsistentia,
3038 2301 3263 2342 necnon
3305 2284 3549 2341 virtutis
3579 2290 3642 2342 et
3672 2287 3801 2343 t‘or-

2118 2396 2227 2436 mae
2259 2383 2509 2447 aeternae,
2539 2377 2838 2450 perfectus
2879 2374 3125 2447 perfecti
3148 2374 3405 2448 genitor,
3438 2374 3613 2432 Pater
3656 2376 3800 2434 Filii

2119 2467 2410 2540 unigeniti
2428 2507 2441 2522 .

2194 2556 2359 2613 Unus
2388 2556 2530 2612 item
2565 2563 2653 2612 est
2682 2555 2996 2622 Dominus,
3049 2552 3215 2610 solus
3244 2569 3316 2611 ex
3343 2551 3492 2624 solo,
3526 2553 3699 2612 Deut
3726 2572 3803 2614 ex

2122 2651 2260 2716 Deo,
2291 2647 2487 2719 imago
2518 2660 2774 2718 persona
2831 2643 3038 2712 Patris,
3090 2642 3249 2700 Deus
3294 2642 3553 2701 Verbum
3587 2662 3799 2717 agens,

2124 2736 2225 2809 qui
2257 2752 2451 2792 rerum
2507 2734 2774 2791 omnium
2833 2733 3181 2807 hypostasin
3223 2733 3442 2790 creavit
3473 2736 3799 2806 sapientia,

2123 2842 2254 2899 qua
2303 2825 2710 2881 universorum
2760 2822 3240 2880 constitutionem
3291 2823 3557 2879 continet
3605 2824 3802 2882 virtus

2122 2928 2155 2968 o
2165 2911 2392 2969 mnium
2407 2914 2813 2967 creaturarum
2826 2908 3105 2966 etiectrlx.
3131 2908 3365 2965 Veritas
3382 2925 3453 2965 ex
3466 2924 3672 2966 verace
3690 2911 3801 2968 Pa-

2119 3004 2231 3071 tre,
2251 2998 2562 3056 invisibilis
2582 3015 2649 3055 ex
2670 2997 2978 3066 invisibili,
3010 2997 3476 3069 incorruptibilis
3499 3014 3568 3055 ex
3595 2999 3801 3055 incor-

2121 3106 2186 3145 ru
2196 3087 2836 3162 ptibili,immortaliscx
2850 3086 3453 3155 immortaligeternus
3465 3092 3797 3143 exaterno.

2196 3178 2359 3235 Unus
2385 3178 2641 3250 denique
2691 3176 2942 3248 Spiritus
2992 3180 3235 3232 sanctus
3281 3179 3583 3248 perfectus,
3636 3191 3788 3246 per-

2125 3269 2272 3325 fecta
2302 3267 2621 3324 viventium
2652 3266 2771 3321 vita
2798 3282 2810 3320 :
2845 3267 3152 3336 sanctitas,
3182 3270 3242 3321 et
3267 3263 3581 3322 sanctitatis
3613 3264 3777 3333 fons,

2125 3361 2302 3429 atque
2332 3356 2657 3413 sanctitatis
2690 3354 2949 3428 largitor.
2979 3356 3059 3411 Ex
3106 3372 3220 3427 quo
3251 3355 3337 3422 tit,
3371 3359 3432 3409 ut
3460 3357 3611 3409 Deus
3643 3368 3786 3409 om-

2125 3446 2292 3502 nium
2324 3446 2689 3503 credentium
2742 3443 2969 3501 calculo
3010 3445 3086 3500 sit
3129 3461 3308 3517 super
3338 3444 3557 3511 omnia,
3587 3443 3785 3508 Filius

2123 3551 2228 3608 per
2254 3536 2472 3607 omnia,
2504 3536 2755 3607 Spiritus
2804 3537 3046 3591 sanctus
3087 3534 3147 3591 in
3195 3535 3495 3591 omnibus.
3524 3533 3802 3594 Trinitas

2126 3625 2399 3696 perfecta,
2449 3626 2622 3698 cujus
2664 3624 2875 3695 honor,
2930 3623 3372 3694 sempiternitas
3430 3626 3489 3679 et
3533 3638 3796 3696 regnum

2126 3730 2317 3786 neque
2347 3713 2695 3783 dissecatur,
2748 3727 2938 3785 neque
2987 3711 3286 3769 alteratur.
3339 3714 3532 3779 Quare
3576 3712 3639 3769 in
3671 3715 3808 3771 Tri-

2127 3804 2311 3861 nitate
2366 3808 2626 3861 creatum
2684 3801 2832 3859 nihil
2888 3805 3026 3858 est:
3072 3817 3264 3874 neque
3320 3801 3674 3873 ascititium,
3734 3821 3807 3864 ac

2126 3893 2175 3971 si
2206 3892 2347 3965 quid
2380 3908 2510 3949 esse
2557 3896 2762 3967 postea
2817 3892 3082 3964 cmperit,
3114 3892 3272 3964 quod
3319 3896 3493 3949 antea
3522 3909 3644 3949 non
3676 3894 3807 3951 fue-

2127 3982 2223 4038 rit.
2256 3980 2427 4039 Nullo
2457 3981 2614 4039 enim
2663 3997 2927 4054 unquam
2973 3984 3241 4054 tempore
3270 3979 3456 4037 Filius
3494 3981 3660 4038 Patri
3691 3984 3804 4039 de-

2126 4072 2260 4144 fuit,
2290 4087 2477 4143 naque
2506 4070 2649 4128 Filio
2697 4070 2977 4143 Spiritus,
3029 4086 3133 4127 nec
3165 4071 3365 4127 unitas
3395 4069 3456 4127 in
3486 4070 3805 4130 binarium

2127 4162 2394 4232 excrevit,
2427 4177 2532 4218 nec
2593 4160 2862 4217 binarius
2892 4159 2952 4216 in
3010 4159 3375 4229 Trinitatem,
3420 4160 3521 4217 sed
3557 4176 3809 4234 semper

2127 4268 2247 4307 una
2269 4251 2588 4323 eademque
2645 4250 2902 4307 Trinitas
2961 4249 3110 4306 citra
3162 4248 3342 4307 ullam
3405 4250 3810 4310 mutationem

2129 4339 2607 4397 alterationemve
2631 4339 2856 4395 mansit.

2727 4446 2881 4502 CAP.
2924 4445 3188 4502 XXXIII.

2134 4541 2343 4597 Iterum
2392 4538 2460 4593 dc
2523 4541 2718 4594 sancta
2774 4538 3039 4593 Trinitate
3116 4537 3208 4607 (de
3261 4537 3452 4604 Patre,
3518 4536 3696 4605 Filio,
3763 4548 3821 4596 et

2201 4610 2415 4679 Spiritu
2442 4618 2643 4665 sancto
2685 4608 2948 4665 distincta
2991 4608 3163 4664 simul
3205 4612 3259 4664 et
3303 4608 3612 4679 conjuncta
3640 4610 3817 4667 Divi-

363 4702 570 4767 przeter
622 4698 862 4749 naturas
891 4689 1038 4745 alias
1068 4689 1163 4755 sit,
1218 4688 1318 4745 sed
1355 4690 1492 4761 quia
1524 4688 1582 4744 in
1627 4693 1839 4746 natura
1867 4690 2019 4760 ejus-
2051 4681 2097 4747 Β
2197 4684 2392 4737 uitali:
2422 4683 2592 4751 ratio.
2624 4697 2693 4736 ex
2727 4681 2787 4735 Β.
2818 4683 3030 4737 Joanne
3062 4685 3433 4749 οαηιαδσθηο,
3464 4696 3591 4753 cap.
3626 4682 3722 4752 8.)

366 4783 502 4838 dem
537 4797 801 4853 personae
834 4784 956 4835 tota
1006 4783 1218 4833 natura
1272 4777 1532 4834 humana
1588 4778 1890 4835 eil‘ormata
1918 4779 2016 4835 sit.

364 4872 627 4942 Quaeque
666 4883 908 4926 suarum
966 4872 1107 4923 sunt
1138 4867 1390 4938 partium
1439 4884 1506 4922 ea
1537 4867 1620 4923 sic
1638 4867 2019 4940 “exsequitur,

249 5019 257 5028 _
366 4971 433 5015 ut
468 4958 614 5014 nihil
646 4958 793 5015 desit
825 4977 838 5014 :
871 4974 1003 5014 cum
1035 4973 1154 5029 qua
1190 4957 1428 5028 quidem
1464 4972 1713 5028 persona
1742 4956 2018 5031 hyposta-

366 5048 549 5106 ticum
608 5050 858 5107 Verbum
917 5049 1264 5116 coberebat,
1297 5064 1415 5105 uno
1470 5053 1707 5121 peccato
1761 5049 2017 5122 dempto.

2204 4789 2408 4860 Itaque
2441 4788 2737 4844 credimus
2764 4787 2826 4842 in
2875 4803 3061 4843 unum
3113 4786 3320 4857 Deum,
3381 4786 3630 4844 unicum
3677 4788 3819 4845 sine

2128 4878 2414 4951 principio
2463 4876 2842 4950 principium,
2892 4877 3252 4947 increatum,
3284 4883 3599 4948 aeternum,
3638 4879 3818 4952 inge-

2131 4968 2335 5033 nitum,
2392 4965 2898 5039 incorruptibilem
2958 4970 3137 5039 atque
3197 4965 3628 5033 immortalem,
3682 4967 3815 5025 im-

2131 5073 2424 5124 mensum,
2459 5055 2641 5113 nullis
2672 5055 2892 5112 ﬁnibus
2935 5055 3478 5128 circumscriptum,
3510 5055 3818 5112 indeﬁni-

366 5139 870 5203 Quemadmodum
903 5138 1079 5195 etiam
1096 5136 1353 5193 Verbum
1395 5137 1653 5194 vicissim
1678 5154 1744 5195 ea
1769 5140 2019 5210 perfecte
2127 5151 2280 5212 tum,
2311 5147 2618 5202 immensas
2646 5145 2979 5217 potestatis,
3001 5143 3272 5216 simplex,
3305 5146 3819 5217 incompositum,

361 5232 421 5282 et
471 5229 745 5284 absolute
791 5228 1160 5297 operabatur,
1216 5245 1345 5300 quas
1403 5227 1515 5283 sibi
1565 5228 1801 5300 propria
1830 5234 2016 5300 erant,
2129 5235 2561 5307 incorporeum,
2592 5234 3036 5301 inexhaustum,
3094 5233 3615 5306 imperturbatum,
3674 5234 3815 5292 im-

366 5316 542 5386 idque
564 5333 698 5373 cum
721 5315 985 5370 humana
1015 5316 1116 5370 illa
1149 5321 1563 5388 natura,quam
1594 5328 2017 5390 assumpserat.
2136 5324 2436 5391 mobilem,
2478 5321 2935 5393 immutabilem,
2985 5322 3369 5394 invisibilem,
3424 5323 3723 5381 bonitatis
3760 5334 3825 5383 et

364 5408 698 5460 Proferatur
753 5404 810 5459 in
874 5403 1135 5459 medium
1198 5406 1389 5461 denuo
1448 5406 1862 5465 sanctissimus
1920 5409 2020 5465 ille
2123 5412 2370 5484 justitias
2427 5412 2674 5480 fontem,
2728 5411 2930 5469 lumen
3012 5411 3406 5485 intelligibile,
3465 5412 3826 5473 inacessam

360 5492 502 5587 Pco,
531 5492 1010 5587 qui—in‘epistola
1035 5494 1135 5587 _ad
1190 5494 1438 5587 Leonem
1488 5497 1901 5587 imperatorem
1936 5499 2021 5554 ita
2130 5502 2459 5573 potentiam
2490 5519 2616 5573 qua
2648 5501 2816 5558 nulla
2838 5517 3115 5559 mensura
3143 5502 3651 5575 dignoscitur,sed
3686 5506 3829 5563 sola

366 5581 570 5640 scribit
593 5597 607 5635 :
630 5582 916 5638 Divinitas
947 5586 1005 5637 et
1035 5581 1375 5639 humanitas
1417 5584 1547 5656 ipso
1578 5585 1850 5658 virginea
1878 5604 2018 5645 con-
2131 5590 2389 5664 scipsam
2424 5592 2659 5665 propria
2689 5590 2994 5649 voluntate
3042 5591 3364 5649 dimetitur.
3399 5593 3830 5670 Quaecumque

440 5736 466 5772 ⁷
499 5736 672 5798 Joan.
702 5754 779 5813 vr,
809 5740 901 5799 38.

3646 6038 3771 6059 .‘Hﬁ.

3514 6084 3521 6087 τ
3568 6078 3573 6081 -
3602 6092 3607 6093 γ
3634 6060 3781 6109 ,ξεῖ-Ἐμὲ

3556 6116 3571 6121 ὴ
3742 6110 3757 6113 ι

3504 6144 3593 6179 se:
3700 6106 3777 6163 me

3502 6368 3554 6374 ἡ
3702 6366 3758 6378 η,
3812 6372 3820 6373 ,
