4052 6440
351 349 506 412 1169

1693 352 2098 437 THESAURl
2143 353 2296 437 LIB.
2344 355 2423 414 II.

3632 358 3789 454 me

349 484 507 540 enim
562 485 707 555 vult,
761 486 963 542 eadem
1015 503 1250 558 quoque
1294 491 1504 557 potest,
1555 495 1616 542 ut
1665 504 1793 559 quae
1844 502 2008 544 crea-
2038 492 2089 555 Α
2124 491 2322 558 postea
2352 486 2559 542 Filium
2594 486 2920 555 habuisset,
2954 491 3156 558 postea
3189 504 3423 561 quoque
3454 492 3625 546 Pater
3651 506 3782 547 esse

354 586 518 637 turas
549 595 755 635 omnes
787 577 1049 634 visibiles
1081 584 1139 634 et
1188 578 1511 634 invisibiles
1561 578 1859 648 creaverit,
1881 595 2005 634 om-

352 690 456 727 nes
511 671 836 740 contineat,
896 669 1172 726 omnibus
1239 670 1504 741 imperet,
1566 673 1621 725 et
1677 668 2010 725 dominetur

359 778 560 834 regno,
590 761 744 832 quod
779 758 929 815 nulli
967 759 1068 814 ﬁni
1103 758 1344 815 mortive
1392 759 1707 814 obnoxium
1758 763 1867 825 est,
1900 773 2008 813 nec

358 852 416 905 in
471 867 532 907 se
581 850 903 921 quidquam
965 849 1322 904 contrarium
1392 848 1586 916 habet,
1639 864 1764 920 quae
1809 847 2004 902 omnia

356 939 725 1012 plenitudine
758 955 896 994 suas
942 938 1246 1009 complens
1277 956 1310 993 a
1341 938 1501 993 nullo
1547 936 2007 1009 comprehende.

345 1036 462 1095 tur,
494 1028 612 1084 imo
675 1029 873 1100 potius
919 1027 1115 1082 omnia
1165 1026 1640 1099 comprehendat,
1691 1026 2003 1092 contineat,

342 1124 397 1175 et
428 1122 755 1189 exsuperet,
790 1134 920 1188 quae
969 1115 1192 1172 nullam
1226 1132 1340 1171 non
1391 1115 1702 1172 essentiam
1753 1115 2003 1170 inteme-

340 1212 465 1262 rata
498 1210 771 1279 permeet,
806 1222 1100 1277 supraque
1123 1205 1324 1261 omnia
1354 1206 1594 1275 feratur,
1617 1222 1745 1276 quae
1770 1203 2002 1260 nullam

338 1314 454 1352 non
484 1296 799 1353 essentiam
830 1301 1156 1368 exsuperet,
1183 1294 1800 1367 supersubstantialis,
1845 1298 1902 1349 et
1935 1311 2002 1350 ea

337 1404 462 1457 qure
515 1390 654 1441 sunt
700 1386 1141 1452 transcendens,
1190 1384 1520 1457 plusquam
1579 1383 1798 1452 divina,
1835 1383 2001 1455 plus-

335 1492 511 1547 quam
543 1477 716 1543 bona,
752 1474 1062 1547 plusquam
1095 1473 1291 1546 plena,
1332 1491 1459 1546 quis
1493 1474 1781 1545 principia
1803 1474 2003 1529 omnia

331 1566 683 1637 ordinesque
714 1566 982 1640 definiat,
1016 1565 1210 1620 omnis
1241 1564 1517 1636 principii
1548 1568 1724 1636 atque
1775 1563 2000 1619 ordinis

337 1670 575 1724 praeses,
610 1670 740 1727 quae
784 1651 1003 1708 nullam
1042 1669 1156 1709 non
1211 1652 1551 1718 essentiam,
1587 1651 1790 1720 vitam,
1824 1652 1998 1708 ratio-

334 1758 491 1810 nem,
520 1747 690 1813 atque
721 1741 1136 1814 cogitationem
1171 1745 1499 1812 exsuperet,
1534 1741 1728 1813 ipsum
1774 1740 1997 1807 lumen,

343 1832 471 1902 ipsa
503 1831 758 1896 bonitas,
791 1832 918 1903 ipsa
966 1831 1105 1899 vita,
1138 1832 1268 1902 ipsa
1313 1830 1591 1900 essentia,
1626 1835 1689 1886 ut
1737 1847 1863 1902 quae
1910 1830 1996 1887 al-
2028 1860 2075 1926 Β

340 1921 525 1976 terius
558 1920 841 1977 beneﬁcio
874 1937 987 1975 non
1040 1921 1137 1990 sit,
1188 1927 1284 1975 aut
1333 1919 1557 1991 aliquid
1617 1936 1816 1976 eorum
1866 1938 1990 1991 qua

332 2018 467 2066 sunt
501 2011 767 2079 exsistat,
800 2012 913 2067 imo
946 2011 1018 2065 iis
1052 2027 1179 2081 quas
1230 2014 1368 2066 sunt
1415 2009 1703 2075 essentia,
1738 2008 1811 2065 iis
1864 2027 1991 2082 quae

332 2101 557 2169 vivunt,
590 2100 742 2168 vitae,
770 2099 840 2155 iis
867 2117 994 2172 qua:
1027 2101 1254 2156 ratione
1282 2103 1528 2155 utuntur
1560 2099 1804 2156 rationis
1836 2100 1989 2168 fons,

335 2189 612 2244 omnibus
666 2188 919 2262 denique
975 2190 1265 2245 bonorum
1326 2189 1593 2245 omnium
1652 2204 1832 2244 causa
1891 2188 1989 2259 sit,

330 2295 457 2350 quae
491 2279 687 2336 omnia
738 2284 872 2335 ante
903 2297 1103 2336 eorum
1152 2278 1585 2351 generationem
1634 2278 1813 2346 norit,
1861 2281 1991 2333 tan-

325 2384 499 2438 quam
534 2385 650 2424 una
682 2369 959 2436 essentia,
993 2386 1109 2424 una
1140 2369 1436 2437 divinitas,
1473 2385 1589 2424 una
1627 2367 1839 2435 virtus,
1874 2383 1992 2421 una

323 2458 620 2525 voluntas,
658 2477 774 2515 una
821 2460 969 2515 actio
1019 2476 1202 2515 unum
1257 2459 1592 2531 imperium,
1628 2476 1745 2514 una
1792 2462 1987 2530 poten-

332 2547 438 2615 tia,
475 2566 591 2604 una
640 2550 983 2618 dominatio,
1039 2566 1223 2604 unum
1274 2565 1541 2621 regnum,
1577 2548 1731 2619 quod
1784 2546 1841 2602 in
1887 2546 1991 2601 tri-

337 2641 449 2695 bus
480 2641 750 2711 perfectis
800 2641 1068 2713 personis
1118 2641 1510 2714 cognoscitur,
1544 2647 1601 2696 et
1649 2639 1990 2695 adcretione

337 2746 456 2784 una
488 2729 719 2786 colitur.
751 2730 1023 2787 Creditur
1071 2734 1266 2786 autem
1322 2733 1380 2786 et
1405 2731 1681 2785 adorator
1726 2729 1798 2784 ab
1826 2726 1988 2784 omni

329 2825 599 2873 creatura
630 2819 873 2875 rationis
928 2819 1227 2891 participe,
1262 2820 1524 2892 citraque
1565 2817 1747 2874 ullam
1781 2818 1988 2873 confu-

330 2908 556 2964 sionem
590 2910 983 2982 conjungilur,
1014 2915 1071 2967 et
1101 2911 1244 2966 citra
1291 2910 1730 2966 distractionem
1770 2908 1985 2964 distin-

322 2998 543 3070 guitur,
599 2998 776 3071 (quod
828 2999 1042 3055 mirum
1094 3000 1227 3072 est),
1261 3001 1319 3055 in
1355 3001 1602 3069 Patrem,
1648 3004 1705 3055 et
1747 2999 1986 3069 Filium,

324 3092 381 3143 et
415 3088 697 3159 Spiritum
732 3095 1026 3159 sanctum,
1058 3090 1115 3146 in
1151 3107 1297 3162 quos
1326 3090 1606 3162 baptizati
1630 3105 1863 3162 quoque
1889 3106 1987 3145 su-

324 3193 481 3231 mus.
516 3179 601 3234 Ita
631 3179 786 3234 enim
820 3181 1103 3238 Dominus
1136 3182 1415 3254 apostolis
1447 3183 1767 3250 mandavit,
1800 3186 1865 3238 ut
1891 3184 1987 3239 ba-

317 3265 629 3338 ptizarent,
693 3269 781 3325 his
814 3270 1008 3326 verbis
1048 3272 1445 3344 :Baptizanles
1500 3290 1586 3329 eos
1643 3273 1706 3328 in
1762 3289 1987 3329 nomme

318 3358 528 3423 Patris,
564 3362 614 3413 et
667 3360 818 3427 Filii,
862 3365 911 3415 et
968 3361 1214 3432 Spiritus
1240 3366 1419 3419 sancti
1446 3365 1487 3419 ⁸.
1525 3367 1588 3419 In
1639 3382 1820 3420 unum
1876 3366 1986 3421 Pa-

317 3453 494 3518 trem,
529 3449 629 3520 qui
661 3451 925 3505 omnium
953 3452 1306 3525 principium
1330 3458 1383 3510 et
1413 3471 1591 3511 causa
1622 3459 1731 3525 est,
1759 3473 1792 3511 a
1824 3455 1984 3513 nullo

317 3538 605 3610 genitum,
639 3538 736 3610 qui
789 3539 949 3595 solus
1009 3540 1134 3595 sine
1184 3558 1379 3611 causa,
1413 3547 1468 3599 et
1520 3544 1820 3615 ingenitus
1874 3549 1983 3615 est,

325 3630 593 3686 omnium
627 3630 864 3701 quidem
896 3629 1152 3702 Creator,
1208 3637 1267 3687 at
1299 3633 1476 3688 unius
1508 3637 1737 3688 tantum
1781 3634 1980 3705 unige-

320 3719 430 3775 niti
467 3718 592 3774 Filii
628 3719 737 3786 sui,
773 3719 1002 3775 Domini
1036 3725 1231 3776 autem
1269 3721 1387 3791 Dei,
1422 3726 1478 3778 et
1521 3722 1844 3779 Servatoris
1877 3740 1984 3779 no-

322 3809 432 3864 stri
461 3809 599 3865 Jesu
651 3808 861 3864 Christi
898 3815 1107 3866 natura
1139 3814 1331 3883 Pater,
1367 3811 1554 3867 sancti
1609 3818 1805 3868 autem
1853 3812 1983 3885 Spi-

326 3899 477 3954 ritus
506 3899 755 3955 emissor
787 3901 1051 3956 exsistat.

398 3988 703 4045 Credimus
736 3990 875 4046 item
908 3990 964 4045 in
1001 4008 1182 4046 unum
1208 3991 1418 4048 Filium
1443 3992 1547 4048 Dei
1580 3992 1981 4065 unigenitum,

321 4079 642 4134 Dominum
672 4086 937 4136 nostrum
969 4081 1172 4137 Jesum
1229 4083 1551 4149 Christum,
1586 4083 1686 4154 qui
1719 4098 1787 4138 ex
1816 4084 1985 4139 Patre

322 4171 493 4223 natus
538 4173 622 4222 est
655 4174 787 4223 ante
837 4170 1034 4224 omnia
1085 4171 1314 4239 saecula,
1367 4170 1565 4227 lumen
1617 4173 1688 4227 de
1736 4173 1981 4242 lumine,

321 4257 505 4310 Deum
537 4272 740 4310 verum
799 4258 869 4312 de
923 4260 1038 4314 Deo
1088 4276 1243 4327 vero,
1276 4261 1538 4333 genitum
1591 4277 1707 4317 non
1740 4262 1983 4333 factum,

321 4345 881 4402 consubstantialem
908 4347 1079 4412 Patri,
1102 4364 1202 4419 per
1226 4364 1401 4421 quem
1420 4350 1622 4406 omnia
1644 4351 1799 4406 facta
1822 4359 1980 4409 sunt.

317 4435 457 4485 Cum
511 4430 763 4489 dicimus
815 4435 954 4490 Ante
1007 4434 1205 4491 omnia
1262 4436 1490 4508 saecula,
1550 4438 1984 4510 generationem

320 4520 451 4590 ejus
482 4522 761 4593 temporis
801 4527 857 4579 et
902 4524 1174 4596 principii
1224 4530 1518 4598 expertem
1561 4545 1690 4584 esse
1745 4528 1980 4585 indica-

2119 576 2410 647 cmpisset,
2437 592 2570 631 cum
2597 579 2769 632 Pater
2798 582 2970 632 antea
3002 593 3117 635 non
3149 582 3323 645 esset,
3358 582 3533 650 atque
3557 595 3625 634 ex
3657 596 3772 635 non

2122 666 2283 721 Patre
2317 666 2373 719 in
2406 665 2631 720 Patrem
2670 670 2932 722 mutatus
2980 667 3205 733 fuisset,
3241 685 3354 739 qua
3406 668 3775 739 blasphemia

2118 754 2284 826 quid,
2336 772 2553 827 quasso,
2603 756 2791 826 magis
2843 755 3092 827 impium
3148 758 3460 828 excogitari
3524 758 3774 829 potest?

2116 844 2263 900 Fieri
2295 849 2450 900 enim
2478 862 2593 901 non
2626 848 2838 917 potest,
2873 850 2939 900 ut
2968 845 3121 901 Deus
3154 846 3404 903 naturali
3454 847 3773 919 generandi

2115 934 2169 988 vi
2198 935 2457 1004 privatus
2492 933 2740 1004 dicatur,
2773 935 3089 1005 generandi
3111 939 3307 991 autem
3334 936 3421 991 vis
3443 935 3503 991 in
3526 953 3593 992 eo
3625 952 3763 994 con-

2113 1024 2289 1091 sistit,
2328 1028 2390 1078 ut
2421 1038 2488 1078 ex
2546 1023 2761 1096 seipse,
2794 1022 2913 1079 sive
2967 1025 3198 1095 propria
3241 1042 3310 1080 ex
3358 1026 3612 1081 essentia
3660 1027 3773 1082 sibi

2114 1117 2324 1168 natura
2355 1111 2605 1170 similem
2640 1120 2922 1184 procreet.
2978 1113 3058 1169 Ex
3090 1130 3202 1184 quo
3248 1114 3335 1183 fit,
3371 1118 3435 1169 ut
3466 1114 3514 1169 si
3549 1115 3681 1186 quis
3712 1115 3772 1170 in

2111 1202 2237 1257 Filii
2292 1204 2664 1274 generatione
2724 1207 2956 1275 tempus
3006 1203 3430 1271 intercessisse,
3487 1208 3589 1260 aut
3636 1214 3769 1276 post

2112 1293 2363 1358 Patrem,
2397 1294 2770 1349 subsecutam
2808 1292 2990 1349 fuisse
3047 1291 3174 1348 Filii
3206 1293 3650 1349 subsistentiam
3676 1294 3768 1350 di-

2109 1387 2225 1447 cat,
2283 1382 2504 1454 impins
2554 1382 2863 1438 habendus
2905 1381 3113 1438 merito
3168 1382 3264 1439 sit.
3319 1383 3399 1437 Ex
3429 1382 3558 1453 ipso
3590 1382 3772 1449 enim,

2109 1470 2219 1527 hoc
2253 1475 2434 1527 estex
2464 1472 2653 1527 Patris
2687 1476 2899 1528 natura
2931 1473 3371 1544 generationem
3401 1471 3530 1527 Filii
3585 1470 3770 1527 fuisse

2109 1561 2377 1617 dicimus.
2410 1563 2480 1617 Et
2536 1562 2649 1619 nisi
2681 1562 2890 1618 Filium
2945 1563 3015 1618 ab
3065 1561 3229 1619 initio
3268 1579 3384 1618 una
3434 1578 3564 1618 cum
3599 1562 3767 1618 Patre

2108 1651 2313 1720 fuisse,
2372 1656 2435 1707 ut
2477 1669 2545 1707 ex
2594 1651 2722 1724 ipso
2772 1652 3066 1724 genitum,
3114 1653 3528 1721 concedamus,
3565 1652 3763 1723 utique

2108 1741 2362 1797 Paterne
2396 1758 2656 1813 personas
2692 1741 3075 1798 mutationem
3108 1741 3539 1798 introducimus
3576 1758 3589 1796 :
3623 1742 3764 1812 quia

2108 1830 2386 1887 nimirum
2419 1848 2555 1888 cum
2613 1836 2787 1888 Pater
2836 1836 3009 1888 antea
3053 1848 3172 1888 non
3223 1836 3399 1901 esset,
3433 1836 3605 1888 Pater
3634 1848 3765 1889 esse

2108 1924 2345 1977 tandem
2415 1922 2671 1993 cmperit.
2729 1922 2982 1978 Tametsi
3033 1922 3188 1979 enim
3240 1926 3506 1979 creatura
3561 1928 3766 1995 postea

2105 2011 2264 2067 facta
2313 2012 2443 2081 fuit,
2476 2029 2591 2069 non
2624 2017 2820 2068 tamen
2872 2029 2939 2067 ex
2992 2011 3090 2068 Dei
3137 2013 3413 2079 essentia,
3448 2012 3544 2069 sed
3603 2027 3671 2067 ex
3701 2029 3767 2068 eo

2106 2100 2263 2172 quod
2293 2118 2407 2157 non
2441 2106 2566 2158 erat
2597 2103 2656 2158 in
2688 2103 2745 2158 id
2778 2103 2933 2173 quod
2965 2105 3055 2158 est
3084 2101 3386 2158 voluntate
3417 2106 3474 2158 et
3506 2103 3767 2173 petentia

2106 2190 2234 2261 ejus
2266 2192 2551 2261 producta
2591 2192 2721 2247 fuit.

2173 2279 2287 2335 Nec
2313 2296 2443 2336 vero
2479 2279 2790 2337 mutationi
2843 2283 3057 2337 natura
3106 2281 3306 2338 divina
3359 2280 3608 2338 obnoxia
3653 2288 3756 2338 est.

2104 2368 2409 2426 Generatio
2441 2370 2598 2427 enim
2646 2375 2754 2435 est,
2786 2387 2920 2427 cum
2952 2370 3012 2427 id
3052 2373 3209 2444 quod
3261 2370 3519 2445 gignitur
3556 2388 3758 2428 essen-

2104 2458 2188 2515 tia
2217 2458 2411 2515 simile
2442 2477 2509 2515 ex
2545 2459 2882 2532 generantis
2936 2461 3192 2517 essentia
3224 2460 3439 2532 prodit.
3482 2462 3757 2518 Creatura

2103 2567 2237 2608 vero
2269 2554 2326 2606 et
2352 2552 2726 2620 figmentum,
2757 2550 2814 2606 id
2848 2551 3004 2622 quod
3063 2551 3447 2619 extrinsecus,
3489 2567 3604 2606 non
3650 2568 3755 2607 au-

2102 2646 2220 2696 tem
2252 2658 2321 2696 ex
2377 2641 2628 2696 creantis
2656 2641 3004 2713 fingentisve
3054 2641 3389 2697 substantia
3420 2656 3511 2696 res
3562 2644 3757 2697 creata

2100 2731 2307 2788 fictave
2337 2732 2721 2803 depromitur,
2753 2748 2881 2803 quae
2932 2731 3167 2803 quidem
3219 2730 3552 2787 substantia
3590 2747 3754 2802 pror-

2100 2839 2204 2878 sus
2236 2821 2525 2878 absimilis
2558 2820 2818 2878 exsistat.
2858 2821 3135 2885 Quocirca
3174 2821 3470 2894 generatio
3501 2824 3558 2877 et
3588 2837 3748 2877 crea-

2101 2912 2180 2967 tio
2211 2910 2559 2983 impatibilis
2590 2915 2679 2967 est
2708 2910 2766 2966 in
2806 2927 2920 2966 uno
2961 2912 3245 2966 duntaxat
3273 2910 3412 2980 Deo,
3446 2910 3544 2982 qui
3587 2910 3751 2967 solus

2101 2999 2472 3073 impatibilis,
2506 2999 2890 3056 inalterabilis
2935 3010 2990 3056 et
3028 2999 3419 3056 immutabilis
3452 3002 3562 3069 est,
3603 3015 3759 3054 sem-

2101 3106 2314 3161 perque
2352 3091 2556 3146 eodem
2605 3106 2665 3145 se
2694 3089 2868 3145 modo
2918 3089 3114 3146 habet.
3146 3090 3290 3146 Cum
3322 3088 3478 3145 enim
3530 3092 3745 3146 natura

2098 3178 2469 3252 impatibilis,
2500 3178 2922 3250 ,inexbaustus,
2954 3178 3207 3251 simplex
3232 3186 3287 3235 et
3332 3178 3757 3252 incompositus

2100 3269 2363 3341 exsistat,
2392 3269 2465 3327 ad
2496 3269 2829 3342 passionem
2854 3268 3031 3325 ullam
3058 3269 3401 3343 tluxumque
3426 3269 3749 3334 ferendum,

2096 3376 2284 3432 neque
2323 3362 2676 3432 generando,
2724 3376 2913 3431 neque
2964 3360 3236 3427 creando,
3286 3359 3747 3433 haudquaquam

2094 3451 2342 3507 idoneus
2373 3456 2483 3520 est,
2518 3466 2621 3506 nec
2652 3449 2770 3506 ullo
2802 3449 3093 3521 adiutorio
3124 3458 3271 3523 eget.
3303 3451 3409 3507 Sed
3445 3450 3745 3522 generatio

2096 3540 2335 3611 quidem
2368 3539 2654 3611 principio
2694 3556 2899 3597 carens
2951 3543 3009 3596 et
3055 3544 3273 3597 aeterna
3319 3544 3430 3611 est,
3481 3554 3614 3596 cum
3670 3538 3747 3595 sit

2095 3646 2243 3701 opus
2275 3633 2518 3700 natura),
2550 3634 2725 3701 atque
2757 3647 2826 3686 ex
2855 3630 2983 3702 ejus
3029 3630 3285 3686 essentia
3327 3630 3599 3702 procedat
3625 3645 3640 3685 :
3670 3645 3742 3685 ne

2096 3720 2406 3777 mutationi
2438 3720 2667 3792 genitor
2697 3722 2775 3777 sit
2804 3720 3090 3777 obnoxius
3124 3738 3137 3777 :
3173 3736 3313 3777 neve
3338 3721 3486 3776 Deus
3515 3718 3744 3791 primus

2095 3811 2171 3867 sit
2222 3814 2278 3866 et
2329 3817 2680 3882 postremus,
2760 3815 2937 3883 atque
2997 3811 3424 3867 incrementum
3481 3809 3743 3881 recipiat.

2093 3900 2318 3957 Creatio
2346 3916 2480 3956 vero
2512 3915 2646 3955 cum
2682 3899 2877 3957 divisa:
2923 3898 3242 3956 voluntatis
3292 3917 3439 3971 opus
3493 3899 3588 3965 sit,
3630 3903 3744 3956 Deo

2094 3992 2377 4045 coaeterna
2408 4006 2519 4044 non
2554 3993 2661 4059 est,
2697 3990 3181 4061 quandoquidem
3216 3998 3424 4046 natura
3454 3989 3564 4047 hoc
3594 4007 3748 4048 com-

2094 4084 2363 4153 paratum
2397 4096 2512 4135 non
2547 4082 2656 4147 est,
2689 4083 2755 4135 ut
2791 4079 2850 4135 id
2883 4080 3041 4151 quod
3093 4097 3161 4136 ex
3209 4079 3391 4136 nihilo
3440 4081 3499 4135 in
3549 4099 3745 4139 rerum

2093 4177 2361 4225 naturam
2395 4169 2752 4242 producitur,
2786 4168 2838 4225 ei
2868 4174 3219 4226 eoaeternum
3254 4170 3349 4240 sit,
3385 4171 3537 4242 quod
3587 4170 3746 4243 prin-

2094 4260 2246 4331 cipio
2277 4267 2452 4327 caret,
2486 4276 2832 4332 semperque
2863 4265 2970 4317 est.
3014 4265 3213 4332 Itaque
3245 4259 3744 4333 quemadmodum

2095 4367 2211 4406 non
2256 4352 2457 4407 eodem
2508 4353 2676 4408 modo
2726 4357 2882 4409 Deus
2913 4355 2969 4408 et
3007 4351 3181 4409 homo
3231 4357 3507 4425 operatur
3548 4352 3744 4425 (homo

2092 4439 2249 4495 enim
2281 4455 2350 4495 ex
2380 4439 2564 4497 nihilo
2601 4440 2747 4496 nihil
2779 4440 3100 4513 quidquam
3132 4441 3191 4497 in
3241 4458 3437 4498 rerum
3472 4446 3742 4500 naturam

2094 4531 2331 4602 profert,
2379 4531 2477 4587 sed
2526 4530 2817 4603 quidquid
2867 4530 3025 4601 facit,
3051 4531 3105 4587 id
3156 4548 3225 4588 ex
3254 4532 3516 4604 subjecta
3565 4536 3750 4590 mate-

323 4624 477 4664 mus.
512 4609 627 4665 Nec
657 4612 812 4668 enim
847 4630 914 4668 ex
967 4630 1033 4669 eo
1064 4615 1215 4686 quod
1266 4632 1382 4671 non
1414 4620 1539 4672 erat
1567 4617 1625 4672 in
1658 4618 1974 4675 essentiam
2004 4614 2052 4680 D
2086 4619 2172 4674 ria
2220 4619 2380 4688 facit,
2430 4622 2789 4691 praecedente
2843 4637 2956 4678 non
3007 4620 3305 4677 voluntate
3354 4624 3608 4690 tantum,
3642 4622 3745 4678 sed

326 4698 650 4769 productus
680 4706 770 4757 est
817 4700 997 4758 Filius
1052 4703 1170 4772 Dei,
1204 4704 1478 4775 splendor
1521 4705 1743 4777 gloriae,
1787 4706 1980 4780 imago

322 4793 579 4860 paternae
638 4807 921 4863 personae,
980 4793 1179 4849 vivens
1230 4795 1522 4867 sapientia
1561 4804 1616 4852 et
1689 4800 1978 4870 potentia,

319 4879 574 4933 Verbum
611 4897 713 4951 per
750 4897 812 4937 se
845 4882 1194 4955 subsistens,
1228 4885 1576 4953 essentialis,
1629 4887 1883 4958 perfecta
1915 4892 1971 4943 et

316 4968 449 5023 viva
482 4970 674 5041 imago
706 4970 807 5025 Dei
837 4970 1173 5042 invisibilis,
1207 4975 1307 5030 sed
1328 4990 1558 5046 semper
1580 4975 1687 5032 fuit
1717 4992 1849 5031 cum
1878 4980 1980 5033 Pa-

317 5063 425 5123 tre,
459 5062 515 5115 et
544 5058 601 5112 in
635 5058 788 5130 ipso,
823 5060 895 5115 ab
928 5065 1165 5129 esterno,
1202 5068 1258 5119 et
1280 5063 1405 5119 sine
1438 5064 1724 5137 principio
1751 5082 1815 5121 ex
1851 5066 1978 5137 ipso

316 5149 573 5223 genitus.
610 5147 722 5205 Nec
754 5149 909 5205 enim
944 5149 1063 5207 ullo
1089 5168 1346 5222 unquam
1375 5156 1634 5224 tempore
1657 5158 1827 5210 Pater
1850 5154 1976 5225 fuit,

317 5256 434 5312 quo
468 5239 651 5294 Filius
683 5256 797 5295 non
829 5240 1026 5308 fuerit,
1059 5241 1157 5295 sed
1192 5257 1323 5298 cum
1359 5244 1613 5314 primum
1645 5244 1753 5299 fuit
1785 5244 1975 5312 Pater,

314 5330 429 5383 fuit
458 5334 514 5383 et
550 5328 727 5384 Filius
759 5346 826 5385 ex
857 5346 921 5385 eo
955 5330 1205 5401 genitus.
1253 5332 1367 5388 Nec
1418 5333 1574 5388 enim
1610 5334 1734 5390 ﬁeri
1766 5338 1976 5406 potest,

319 5423 383 5473 ut
413 5418 633 5489 absque
670 5417 807 5475 Filio
840 5418 1009 5476 Pater
1040 5424 1297 5478 vocetur.
1332 5422 1495 5486 Quod
1528 5422 1576 5478 si
1611 5422 1825 5479 Filium
1861 5441 1976 5480 non

322 5509 652 5581 habuisset,
717 5510 883 5568 Pater
960 5513 1419 5587 haudquaquam
1507 5516 1740 5590 fuisset,
1798 5520 1855 5574 et
1926 5517 1977 5574 si

392 5688 417 5726 ⁸
446 5689 644 5749 Matth.
682 5707 882 5762 nvm,
918 5694 1004 5752 19.

2092 4708 2269 4765 etiam
2300 4710 2791 4783 prmeogitatione,
2822 4714 2881 4766 et
2911 4710 3041 4781 ejus
3090 4710 3172 4766 rei
3206 4710 3265 4765 in
3320 4710 3518 4766 animo
3562 4710 3749 4766 infor-

2093 4801 2369 4869 matione,
2402 4816 2576 4872 quam
2610 4801 2797 4856 facere
2825 4799 3106 4868 instituit,
3140 4803 3418 4871 sequente
3458 4816 3591 4856 vero
3621 4816 3745 4858 ma-

2091 4908 2275 4949 nuum
2307 4893 2662 4964 operatione,
2692 4909 2812 4948 una
2836 4908 2971 4947 cum
3021 4891 3243 4947 laboris
3291 4896 3348 4948 et
3394 4892 3551 4948 taedii
3598 4892 3747 4950 tole‘

2090 4983 2279 5039 rantis
2309 4999 2322 5037 :
2356 4982 2441 5039 ita
2472 4986 2693 5052 tamen,
2726 4985 2789 5037 ut
2817 4982 3244 5054 exspectatione
3292 4999 3396 5039 sua
3440 4998 3593 5056 saepe
3639 4985 3742 5041 de-

2092 5071 2416 5142 fraudatur,
2450 5089 2555 5129 nec
2586 5089 2676 5128 res
2709 5073 2786 5127 ita
2827 5072 3121 5138 succedat,
3156 5076 3328 5143 prout
3382 5073 3578 5129 animo
3609 5091 3743 5146 pro-

2089 5166 2365 5232 posuerat
2398 5178 2411 5216 :
2445 5168 2600 5219 Deus
2634 5166 2829 5219 autem
2862 5161 2951 5218 vel
2984 5161 3110 5219 sola
3134 5162 3434 5220 voluntate
3465 5179 3534 5219 ex
3558 5163 3743 5220 nihilo

2090 5256 2303 5307 cuncta
2333 5252 2392 5306 in
2426 5269 2617 5308 rerum
2646 5256 2915 5309 naturam
2943 5251 3263 5324 produxit),
3295 5253 3377 5309 ita
3408 5270 3512 5310 nec
3539 5255 3744 5311 eodem

2090 5339 2263 5396 modo
2296 5344 2441 5396 Deus
2471 5348 2525 5396 et
2558 5340 2733 5397 homo
2764 5344 3023 5413 generat.
3057 5342 3210 5396 Deus
3244 5341 3424 5411 enim,
3459 5358 3591 5397 cum
3621 5340 3746 5397 sine

2088 5433 2348 5502 tempore
2379 5433 2436 5485 et
2465 5430 2591 5486 sine
2622 5429 2906 5502 principio
2948 5430 3045 5501 sit,
3080 5432 3151 5487 ad
3201 5430 3323 5487 haec
3372 5430 3743 5503 impatibilis,

2089 5518 2499 5588 inexhaustus,
2562 5519 2941 5592 incorporeus
2997 5524 3056 5579 et
3109 5519 3291 5591 solus,
3346 5520 3464 5578 fine
3524 5526 3743 5593 careat,
