2026 3206
153 199 233 231 1171

811 197 967 229 ΝΙΟΕΤΛΕ
987 196 1197 229 ΟΗΟΝΙΔΤΕ

1793 200 1884 231 1172

151 266 265 295 idcirco
281 266 345 294 sine
360 268 501 302 tempore,
519 268 547 295 et
562 266 625 295 sine
638 265 792 302 principio,
809 265 908 293 adhac
923 264 987 292 sine
1002 265 1030 299 Α
1044 267 1142 292 tamen
1166 264 1195 292 id
1221 265 1410 300 generatione
1437 265 1487 293 sed
1505 266 1691 301 processione
1718 267 1761 295 ﬁt.
1788 267 1886 296 Alius

155 312 294 348 passione
309 313 340 339 et
355 311 433 339 ﬂuxu
450 314 581 348 generat,
598 314 684 346 atque
700 311 771 338 adeo
798 310 872 338 citra
896 317 987 345 copu-

155 357 227 391 lam,
244 357 448 393 principioque
476 357 601 392 denique
626 359 654 384 et
669 356 727 384 fine
751 358 830 383 caret
854 355 919 390 ejus
944 355 988 381 in-

159 402 373 437 comprehecsa
394 402 554 437 generatio.
573 402 607 429 Et
632 401 774 437 principio
797 400 916 436 quidem
941 408 989 427 ca-

166 449 220 481 ret,
237 447 288 481 qui
303 446 497 474 immutabilis
512 448 558 474 est
571 456 579 481 ;
595 447 673 474 ﬂuxu
687 449 785 474 autem
796 446 865 481 quia
876 446 989 482 impati-

158 491 229 519 hilis
246 494 275 519 et
292 492 461 527 incorporea
478 500 484 521 :
502 491 575 519 citra
590 491 726 527 copulam
739 499 817 526 vero,
829 491 897 526 quia
913 491 991 519 Deus

164 537 356 572 incorporeus
371 536 420 571 sit,
438 538 467 564 et
481 536 563 564 solus
579 535 699 564 alterius
725 544 779 572 ope
804 544 861 563 non
886 538 968 570 egeat
984 543 991 562 :

160 580 225 609 sine
250 581 307 608 fine
329 582 427 608 autem
452 583 481 608 et
504 580 716 614 indesinenter,
740 579 810 616 quia
836 580 991 615 principio,

161 627 293 661 tempore
310 625 426 660 ﬁneque
452 628 558 659 careat,
574 626 643 660 quia
664 625 790 660 denique
813 632 929 660 semper
943 632 991 652 eo-

163 671 231 698 dem
251 678 282 697 se
309 670 397 698 modo
426 670 541 698 habeat.
572 670 721 705 Quidquid
747 669 824 697 enim
849 668 994 705 principio

165 717 257 749 caret,
273 714 349 743 idem
360 714 418 742 tino
430 723 547 752 quoque
556 717 647 748 caret,
659 717 747 751 atque
758 723 789 743 se
799 714 885 742 modo
897 714 995 741 eodem

165 767 283 795 semper
299 759 397 787 habet.
415 760 470 794 Qui
484 767 552 787 vero
569 768 619 795 per
629 759 750 795 gratiam
763 760 820 787 ﬁne
832 761 922 793 caret,
935 766 995 787 non

163 805 263 833 statim
282 805 346 832 sine
362 804 505 840 principio
531 806 596 832 est:
612 804 861 840 quemadmodum
888 803 995 840 angeli.

166 850 292 879 Generat
308 850 398 886 igitur
414 849 465 886 qui
484 857 598 885 semper
611 852 655 878 est
670 853 748 877 Deus
763 850 891 877 Verbum
909 857 996 877 suum

169 896 265 931 ipsius
282 896 453 931 perfectum,
470 895 558 930 idque
575 895 637 923 sine
667 896 810 931 principio
834 898 861 922 et
876 896 946 929 ﬁne,
962 904 997 922 ne

1042 308 1088 336 hic
1108 311 1152 337 est
1167 310 1364 338 subsistentias
1381 310 1772 347 modus,ineomprehensus
1789 315 1820 340 et
1836 313 1889 341 in-

1042 354 1175 390 cognitus
1195 355 1443 390 quemadmodum
1470 358 1499 384 et
1522 356 1588 384 Filii
1613 357 1774 393 generatio.
1799 359 1885 390 Quo-

1043 399 1118 427 circa
1133 407 1314 436 qumcunque
1333 402 1418 429 Pater
1442 400 1541 437 habet,
1559 409 1593 429 ea
1615 401 1704 429 habet
1726 406 1755 429 et
1771 402 1884 436 Filius,

1043 447 1149 480 praeter
1163 453 1250 480 quam
1268 446 1346 481 quod
1362 445 1511 481 ingenitus
1528 454 1585 474 non
1602 448 1656 481 est,
1673 454 1733 482 qua
1754 447 1884 483 quidem

1043 496 1075 517 re
1093 497 1187 525 neque
1202 490 1336 517 essentiaa
1352 491 1528 524 diﬂ'erenlia,
1547 484 1643 527 neque
1668 492 1813 528 dignitas,
1830 492 1883 519 sed

1044 534 1221 562 exeistentirs
1256 536 1361 563 modus
1394 535 1588 571 significatur,
1624 537 1879 572 quemadmodum

1045 581 1178 608 Adamus
1193 589 1311 617 quoque
1334 581 1485 617 ingenitus
1500 583 1553 616 est,
1571 590 1638 610 cum
1666 582 1714 610 Dei
1741 585 1875 610 creatura

1046 625 1086 653 sit
1100 633 1108 653 :
1125 625 1232 654 Sethus
1241 627 1340 654 autem
1355 626 1484 662 genitus,
1501 626 1569 661 quia
1593 626 1696 655 Adami
1721 627 1821 656 Filius.
1834 628 1872 655 At

1047 670 1105 698 Eva
1119 678 1155 698 ex
1167 670 1274 698 Adami
1298 670 1388 699 latere
1407 679 1572 707 progressa,
1597 679 1650 700 nec
1676 672 1756 700 enim
1778 671 1879 707 genita

1047 717 1102 743 est.
1119 714 1154 742 Hi
1171 723 1272 743 omnes
1289 715 1517 751 haudquaquam
1540 718 1646 744 natura
1659 716 1737 745 inter
1750 724 1783 744 se
1793 716 1882 743 diffe-

1048 762 1129 793 runt,
1145 768 1213 788 cum
1238 759 1297 788 sint
1327 759 1474 795 homines,
1503 761 1555 788 sed
1576 761 1755 789 exsistentina
1780 762 1884 789 modo.

1052 804 1221 840 [Sciendum
1250 804 1328 832 enim
1356 808 1411 839 est,
1427 805 1506 840 quod
1530 804 1673 842 ἀγένητον,
1689 805 1715 833 si
1743 814 1795 841 per
1812 807 1885 834 uni-

1052 857 1118 877 cum
1128 860 1140 876 ν
1149 849 1305 883 scribatur,
1317 849 1346 877 id
1356 849 1514 885 signiﬁcat,
1522 850 1600 886 quod
1613 858 1665 878 nec
1675 853 1823 884 creatum,
1834 859 1892 879 nec

1056 896 1164 922 factum
1182 897 1244 928 est;
1261 894 1407 931 ἀγνεντ,τον
1428 904 1505 928 vero,
1523 904 1574 932 per
1588 897 1696 932 duplex
1705 907 1731 931 ν,
1744 897 1774 924 id
1790 897 1890 931 signi-

168 940 199 967 in
216 942 347 975 tempore
365 940 458 975 pariat
472 940 559 971 Deus,
576 940 662 974 cujus
687 944 791 967 natura
818 943 845 967 ct
869 940 997 967 essentia
1014 946 1037 978 Β
1054 941 1132 973 ticat,
1149 941 1225 975 quod
1243 940 1373 975 genitum
1388 949 1444 967 non
1456 943 1510 967 est.
1527 941 1593 968 Jam
1608 941 1703 976 priore
1714 941 1888 976 signiﬁcato

169 987 288 1020 tempus
323 993 409 1012 omne
439 987 567 1020 superat.
599 985 691 1012 Homo
726 987 821 1012 autem
853 984 998 1011 contrario

174 1029 252 1056 haud
270 1029 358 1056 dubie
380 1030 466 1056 modo
495 1033 623 1064 generat,
642 1034 672 1057 ut
701 1029 749 1065 qui
778 1029 956 1064 generationi
972 1031 1000 1057 et

176 1074 361 1110 corruptioni,
380 1074 468 1101 fluxui
486 1077 513 1101 et
530 1074 766 1109 multiplicationi
787 1074 825 1101 sit
846 1074 999 1106 obnoxius,

176 1124 263 1154 atque
279 1128 397 1155 corpore
413 1119 544 1151 vestitus,
561 1120 645 1154 cujus
661 1121 764 1146 natura
790 1118 901 1154 duplici
917 1127 998 1152 sexu,

176 1165 351 1199 masculino,
368 1164 500 1200 inquam,
515 1167 542 1191 et
559 1164 699 1192 feminino
719 1164 855 1191 distincta
870 1166 924 1191 est.
940 1164 998 1190 Ma-

174 1209 322 1237 sculinum
333 1209 410 1236 enim
422 1209 552 1237 feminini
565 1209 709 1244 adjutorio
719 1211 783 1244 eget
796 1217 801 1235 :
813 1211 916 1236 Pareat
928 1208 998 1236 mihi

174 1255 328 1289 Dominus,
339 1255 388 1290 qui
402 1255 489 1282 rebus
499 1254 636 1281 omnibus
650 1256 756 1289 prmest
768 1262 945 1288 omnemque
959 1253 999 1280 in-

173 1300 321 1328 tellectum
331 1303 359 1327 et
367 1308 484 1328 omnem
493 1300 595 1327 mentis
605 1299 824 1335 conceptionem
833 1301 997 1334 exsuperat.

471 1354 546 1381 CAP.
568 1353 700 1381 XXXIV.

174 1399 389 1426 Praecedenlium
397 1398 640 1433 anacephalasosz's,
659 1401 814 1434 Δγεννητου
826 1399 850 1425 et
865 1396 998 1434 ἀγενήτου

205 1434 372 1475 dmin-entia.
404 1435 595 1467 Palemitalis,
635 1434 793 1469 ﬁlian'onis,
817 1433 1000 1469 procusionis

205 1473 293 1505 origo,
310 1473 363 1498 etc.

212 1524 302 1552 Docet
319 1524 417 1560 itaque
433 1526 544 1557 sancta,
562 1523 714 1557 catholica,
732 1526 760 1550 et
775 1523 934 1559 apostolica
947 1523 998 1550 Eo-

179 1569 268 1597 clesia
287 1571 401 1596 Patrem
419 1572 448 1596 et
462 1568 647 1604 unigenitum
664 1568 728 1603 ejus
745 1567 862 1601 Filium,
879 1567 915 1595 ab
936 1568 997 1603 ipso

171 1614 234 1642 sine
250 1616 388 1648 tempore,
407 1613 498 1645 ﬂuxu,
514 1613 650 1648 passione
667 1621 672 1640 ;
689 1615 776 1647 atque
793 1612 833 1640 ita
854 1612 995 1647 genitum,

172 1662 206 1688 ut
235 1668 252 1686 ει
275 1658 356 1687 nullo
385 1658 594 1693 comprehendi
610 1662 696 1694 queat
712 1666 719 1685 :
733 1658 783 1692 ita,
813 1658 943 1693 inquam,
965 1660 997 1685 ut

171 1703 253 1731 solus
272 1706 349 1731 Deus
366 1702 570 1730 universorum
583 1704 766 1738 perspectum
784 1702 879 1736 habet,
894 1711 995 1737 quem-

171 1748 331 1776 admodum
346 1747 433 1783 ignis,
452 1750 479 1774 et
494 1756 527 1775 ex
543 1748 757 1783 eo,procedcns
782 1748 881 1775 lumen
907 1747 995 1774 simul

172 1794 201 1821 et
218 1801 276 1820 una
292 1795 372 1827 sunt,
389 1801 441 1820 nec
467 1793 603 1828 prazcedit
629 1793 716 1828 ignis,
734 1793 925 1829 sequiturque
949 1793 994 1819 lu-

171 1845 248 1870 men,
275 1838 324 1864 sed
350 1837 438 1864 simul
461 1840 489 1864 et
507 1846 564 1864 una
589 1840 680 1871 sunt;
699 1843 724 1864 et
745 1838 994 1873 quemadmodum

169 1881 271 1909 lumen
287 1890 320 1909 ex
345 1883 410 1917 igne
437 1890 552 1917 semper
576 1882 715 1918 gignitur,
733 1885 761 1910 et
784 1891 899 1918 semper
915 1882 945 1909 in
962 1890 994 1909 eo

168 1929 225 1960 est,
245 1935 296 1954 nec
322 1926 381 1954 ullo
406 1927 491 1954 modo
519 1927 554 1954 ab
583 1927 632 1955 illo
658 1930 820 1962 separatur,
839 1927 879 1954 ita
903 1928 993 1954 Filius

170 1971 259 1999 etiam
281 1979 313 1999 ex
330 1973 414 1999 Patre
435 1974 601 2007 generatur,
619 1974 650 1999 ut
675 1973 711 1999 ab
739 1972 802 2007 ipso
829 1972 994 1999 nullatenus

169 2019 330 2052 separetur,
349 2017 398 2044 sed
421 2016 449 2043 in
467 2025 499 2044 eo
525 2024 639 2052 semper
664 2019 717 2044 est.
743 2020 778 2044 At
804 2025 869 2044 vero
895 2016 993 2044 lumen

168 2061 278 2097 ipsum,
296 2062 372 2097 quod
389 2070 422 2089 ex
444 2062 512 2097 igne
536 2061 770 2096 inseparabiliter
798 2062 936 2094 nascitur,
967 2063 995 2089 et

169 2115 284 2142 semper
299 2107 328 2134 in
344 2114 377 2134 eo
405 2108 503 2133 manet
530 2107 675 2141 propriam
698 2106 878 2142 hypostasin,
893 2108 943 2133 aut
959 2106 994 2134 ab

169 2152 237 2187 igne
266 2151 430 2186 sejunctam
466 2159 523 2178 non
554 2150 652 2185 habet,
681 2159 747 2179 cum
777 2151 815 2178 sit
854 2151 995 2178 naturalis

173 2195 300 2232 qualitas
315 2195 407 2230 ipsius
435 2195 523 2231 ignis.
540 2194 715 2230 Unigenitus
745 2197 843 2222 autem
873 2195 922 2222 Dei
950 2195 996 2222 Fi-

170 2238 240 2272 lius,
257 2248 273 2266 a
288 2239 371 2267 Patre
386 2239 622 2275 inseparabiliter
636 2241 664 2267 et
679 2239 851 2267 indistincte
867 2240 995 2275 genitus,

171 2287 259 2321 atque
284 2293 400 2321 semper
424 2285 453 2312 in
479 2293 512 2312 eo
538 2292 670 2318 manens,
695 2285 841 2320 propriam
857 2288 885 2313 et
908 2294 922 2312 a
946 2294 995 2321 pa-

169 2331 254 2358 terna
283 2330 414 2365 sejuncta
439 2329 610 2365 hypostasin
639 2329 736 2357 habet.
762 2329 900 2361 Quocirca
923 2330 994 2357 Ver-

167 2374 235 2403 bum
251 2377 280 2402 et
295 2374 433 2410 splendor
448 2373 564 2407 dicitur,
582 2375 651 2409 quia
679 2374 750 2402 citra
766 2375 910 2410 copulam,
927 2375 990 2402 sine

168 2420 316 2456 passione,
333 2421 474 2454 tempore,
500 2419 577 2446 ﬂuxu
604 2422 632 2447 et
660 2420 884 2455 separatione,a
909 2420 992 2448 Patre

166 2466 283 2501 genitus
305 2465 367 2498 sit;
395 2465 485 2492 Filius
511 2473 577 2493 vero
598 2468 624 2492 et
648 2464 839 2500 hypostaseos
864 2467 991 2500 paternae

166 2510 328 2544 character,
345 2509 414 2545 quia
425 2510 570 2545 perfectus
586 2512 640 2543 est,
658 2517 710 2545 por
735 2518 824 2546 seque
843 2509 990 2542 subsistit,

165 2562 218 2590 per
235 2554 335 2583 omnia
350 2555 429 2582 Patri
455 2554 571 2590 similis,
589 2557 781 2590 praeterquam
807 2555 885 2591 quod
910 2555 991 2590 inge-

166 2598 248 2626 nitus
263 2606 320 2626 non
349 2598 395 2626 sit.
414 2598 586 2634 Unigenitus
613 2601 723 2633 autem,
751 2600 828 2635 quod
853 2599 934 2627 solus
958 2607 991 2626 ex

167 2644 228 2671 solo
245 2643 328 2671 Patre
343 2643 439 2671 solum
464 2643 580 2679 genitus
606 2644 654 2671 sit.
672 2643 729 2671 Nec
754 2644 831 2671 enim
854 2644 911 2671 alia
931 2643 991 2671 ulla

166 2688 316 2723 generatio
328 2692 380 2722 est,
398 2695 460 2723 quas
487 2696 553 2715 cum
573 2688 635 2715 Filii
652 2687 703 2716 Dei
719 2689 906 2724 generatione
923 2697 990 2716 con-

167 2732 235 2760 ferri
250 2734 348 2767 queat,
365 2740 431 2760 cum
458 2731 534 2760 alius
549 2732 585 2760 ab
600 2741 633 2761 eo
658 2732 707 2760 Dei
737 2733 829 2761 Filius
858 2742 915 2762 non
942 2734 989 2763 sit.

167 2776 228 2803 Etsi
248 2776 326 2804 enim
342 2776 468 2813 Spiritus
484 2779 605 2805 sanctus
618 2785 651 2805 ex
675 2779 759 2806 Patre
775 2778 915 2815 procedit,
932 2787 990 2807 non

202 2861 215 2881 ⁸
229 2862 301 2900 Eph.
317 2874 360 2903 ιιι,
377 2867 420 2897 lt.

1054 986 1181 1012 essentia
1196 985 1291 1011 dill‘ert
1303 985 1338 1012 ab
1355 985 1492 1012 essentia.
1509 985 1572 1013 Alia
1597 986 1675 1013 enim
1695 986 1827 1015 essentia
1842 988 1893 1014 est

1054 1030 1193 1062 increata,
1209 1038 1258 1057 seu
1276 1028 1406 1065 ἀγένητος
1429 1038 1478 1064 per
1494 1030 1612 1057 unicum
1630 1041 1656 1061 ν,
1670 1030 1787 1066 aliaque
1812 1031 1889 1060 item

1054 1074 1152 1111 γενητή
1170 1082 1219 1101 seu
1237 1076 1341 1101 creata.
1362 1074 1521 1102 Posteriore
1546 1083 1612 1102 vero
1639 1075 1807 1111 signiﬁcato
1839 1084 1891 1104 es-

1055 1120 1149 1147 sentia
1172 1119 1244 1146 nihil
1272 1119 1430 1154 quidquam
1449 1120 1484 1147 ab
1501 1120 1630 1148 essentia
1645 1121 1765 1156 differt.]
1781 1120 1893 1149 Omnis

1055 1165 1132 1193 enim
1142 1165 1337 1192 animantium
1346 1165 1450 1199 speciei
1459 1165 1553 1200 prima
1564 1166 1732 1201 hypostasis
1740 1165 1893 1203 ἀγένητος,

1055 1210 1108 1237 hoc
1139 1210 1279 1245 ingenita,
1314 1218 1370 1237 non
1414 1212 1511 1238 autem
1548 1209 1704 1247 ἀγέννητος,
1744 1211 1800 1239 hoc
1841 1214 1890 1240 est

1054 1255 1181 1282 increata
1208 1255 1271 1281 fuit.
1300 1256 1400 1282 Creata
1425 1256 1502 1282 enim
1520 1265 1536 1283 ει
1559 1256 1708 1284 conditore
1734 1255 1794 1284 Deo
1818 1259 1894 1284 sunt

1055 1309 1097 1333 ea,
1116 1308 1297 1335 quaecunque
1322 1300 1407 1327 verbo
1424 1308 1477 1327 suo
1508 1301 1557 1328 ille
1574 1300 1606 1328 in
1623 1308 1722 1328 rerum
1747 1302 1888 1329 naturam

1054 1344 1192 1380 produxit
1209 1352 1214 1371 :
1233 1343 1331 1379 genita
1347 1352 1414 1371 vero
1431 1344 1656 1379 haudquaquam
1674 1345 1805 1378 luerunt,
1819 1353 1889 1372 cum

1055 1389 1169 1417 nullum
1195 1389 1327 1423 ejusdem
1354 1388 1461 1423 speciei
1491 1388 1601 1416 animal
1627 1391 1715 1417 antea
1738 1391 1827 1422 esset,
1855 1398 1890 1418 ex

1054 1443 1111 1470 quo
1124 1434 1204 1470 gigni
1222 1437 1349 1469 possent.
1367 1434 1432 1461 Jam
1450 1434 1474 1460 si
1491 1433 1618 1469 priorem
1635 1434 1888 1470 significationem

1054 1479 1200 1515 sequaris,
1219 1482 1277 1506 tres
1291 1478 1347 1506 illae
1364 1478 1469 1506 divina:
1486 1479 1658 1514 hypostases
1674 1479 1752 1507 inter
1766 1487 1799 1508 se
1814 1487 1889 1508 con-

1054 1525 1187 1558 veniunt,
1214 1532 1276 1559 quae
1294 1524 1322 1550 in
1350 1526 1451 1551 sancta
1480 1523 1633 1551 divinitate
1662 1524 1843 1558 elucescunt,
1860 1525 1888 1552 si

1053 1569 1171 1604 quidem
1187 1568 1453 1596 consubstantiales
1469 1570 1497 1596 et
1513 1568 1647 1596 increatas
1670 1571 1738 1597 sunt
1754 1577 1762 1596 :
1776 1571 1886 1604 poste-

1054 1614 1158 1641 riorem
1176 1622 1240 1641 vero
1257 1613 1502 1648 signiﬁcationem
1519 1613 1544 1641 si
1560 1613 1703 1649 sequaris,
1718 1612 1880 1648 haudqua-

1054 1667 1141 1693 quam
1157 1658 1346 1686 conveniunt.
1363 1658 1449 1686 Solus
1464 1659 1542 1686 enim
1559 1658 1647 1686 Pater
1660 1657 1806 1694 ingenitus
1819 1659 1881 1691 est,

1052 1711 1104 1730 nec
1126 1703 1216 1736 enim,
1234 1705 1265 1730 ut
1289 1703 1337 1737 sit,
1354 1703 1389 1730 ab
1415 1703 1470 1730 alia
1496 1703 1647 1739 hypostasi
1670 1703 1780 1731 habet:
1798 1702 1885 1731 solus

1051 1756 1165 1783 quoque
1187 1748 1276 1775 Filius
1297 1747 1424 1783 genitus,
1445 1748 1494 1783 qui
1511 1755 1544 1775 ex
1574 1748 1667 1776 Patris
1694 1748 1822 1776 essentia
1847 1748 1887 1775 ab

1051 1796 1158 1821 mterno
1183 1795 1211 1820 et
1235 1792 1295 1820 sine
1325 1795 1456 1828 tempore
1487 1793 1604 1828 genitus
1620 1801 1626 1820 ε
1644 1792 1726 1821 solus
1751 1792 1889 1828 denique

1051 1838 1177 1873 Spiritus
1200 1840 1320 1865 sanctus
1346 1837 1474 1872 procedit
1491 1845 1524 1864 ex
1544 1838 1609 1873 ipsa
1634 1837 1728 1865 Patris
1751 1837 1788 1873 (et
1803 1837 1887 1873 Filii)

1051 1882 1189 1915 essentia,
1208 1890 1265 1909 non
1280 1882 1409 1917 genitus,
1427 1882 1476 1908 sed
1494 1882 1665 1917 procedens,
1683 1884 1715 1909 ut
1727 1889 1812 1909 sacra
1830 1890 1889 1910 nos

1051 1927 1202 1963 Scriptura
1219 1927 1315 1961 docet,
1330 1927 1464 1962 quamvis
1481 1926 1597 1954 interim
1615 1935 1668 1954 nec
1683 1926 1888 1962 generationis

1051 1980 1104 1999 nec
1121 1971 1317 2007 processionis
1332 1971 1437 1999 modus
1452 1971 1660 2008 comprehendi
1674 1971 1777 2007 possit.

1086 2016 1144 2045 IIoc
1161 2025 1245 2052 porro
1262 2016 1414 2044 sciendum
1440 2018 1495 2051 est,
1513 2016 1709 2052 paternitatis,
1726 2016 1887 2044 ﬁliationis

1050 2064 1078 2090 et
1093 2062 1286 2097 processionis
1309 2070 1414 2089 nomen
1442 2061 1672 2097 haudquaquam
1695 2070 1713 2090 a
1734 2061 1822 2089 nobis
1848 2062 1887 2090 ad

1051 2108 1164 2135 beatam
1190 2106 1359 2135 Trinitatem
1390 2106 1553 2140 transiisse,
1575 2106 1634 2134 imo
1651 2115 1666 2135 e
1681 2106 1797 2135 diverso
1815 2106 1889 2134 inde

1051 2152 1087 2179 ad
1105 2159 1156 2178 nos
1173 2150 1334 2184 devenisse,
1350 2152 1383 2177 ut
1398 2150 1500 2177 beatus
1515 2149 1673 2186 Apostolus
1689 2149 1729 2178 ait
1746 2150 1889 2186 :Propter

1051 2196 1099 2223 hoc
1113 2196 1190 2230 ﬂecto
1206 2203 1296 2229 genua
1310 2203 1371 2222 mea
1386 2195 1421 2222 ad
1434 2195 1520 2222 Deum
1549 2197 1670 2229 Patrem,
1695 2203 1730 2223 ex
1753 2202 1808 2231 quo
1829 2203 1886 2231 pa-

1052 2241 1168 2267 ternilas
1197 2239 1285 2267 omnis
1315 2240 1343 2266 in
1372 2239 1437 2266 cwlo
1465 2241 1492 2266 et
1522 2239 1643 2267 interra
1657 2238 1691 2266 δ’.
1720 2239 1784 2268 Jam
1815 2247 1888 2268 vero

1053 2284 1186 2320 quamvis
1202 2286 1328 2316 Patrem,
1345 2283 1522 2319 principium
1539 2283 1613 2319 Filii,
1630 2292 1723 2320 eoque
1739 2284 1888 2320 majorem

1051 2339 1115 2358 esse
1131 2331 1273 2365 dicamus,
1291 2338 1348 2357 non
1369 2331 1466 2357 tamen
1483 2337 1549 2357 eum
1565 2329 1637 2357 Filio
1654 2329 1782 2366 priorem
1806 2332 1888 2358 tem-

1050 2383 1120 2411 pore
1142 2378 1191 2402 aut
1218 2376 1323 2402 natura
1348 2373 1438 2402 fuisse
1464 2373 1666 2410 signiﬁcamus
1692 2375 1755 2410 (per
1779 2374 1887 2411 ipsum

1046 2420 1125 2447 enim
1142 2420 1207 2447 fecit
1224 2418 1351 2453 saecula),
1369 2427 1463 2454 neque
1480 2419 1538 2446 alia
1563 2419 1624 2447 ulla
1638 2428 1680 2455 re,
1705 2420 1761 2448 nisi
1778 2427 1886 2455 causa,

1049 2465 1104 2492 hoe
1119 2467 1164 2492 est
1177 2464 1246 2500 quia
1262 2463 1355 2492 Filius
1370 2472 1404 2491 ex
1418 2464 1501 2492 Patre
1515 2463 1633 2499 genitus
1645 2464 1694 2499 sit,
1711 2472 1769 2492 non
1780 2466 1887 2494 autem

1047 2511 1128 2538 Pater
1153 2518 1187 2537 ex
1211 2509 1292 2537 Filio.
1323 2509 1405 2543 ltem,
1423 2509 1492 2544 quia
1515 2508 1600 2536 Pater
1624 2508 1800 2537 naturaliter
1817 2509 1887 2538 Filii

1047 2563 1135 2583 causa
1155 2557 1208 2587 est,
1226 2554 1475 2589 quemadmodum
1503 2562 1561 2581 non
1582 2561 1616 2582 ex
1639 2553 1752 2582 lumine
1778 2553 1885 2591 ignem

1047 2600 1203 2636 procedere
1231 2599 1368 2632 dicimus,
1395 2597 1454 2626 imo
1483 2598 1581 2634 potius
1606 2607 1640 2626 ex
1667 2599 1735 2634 igne
1764 2598 1887 2628 lumen.

1046 2645 1147 2680 Itaque
1170 2644 1284 2679 quoties
1311 2644 1424 2671 Patrem
1441 2643 1506 2670 Filii
1535 2643 1714 2679 principium
1740 2651 1819 2678 esse,
1836 2643 1888 2673 Fi-

1046 2689 1145 2726 lioque
1170 2690 1310 2723 majorem
1328 2688 1493 2721 audiemus,
1520 2696 1610 2716 causa
1634 2688 1663 2716 id
1687 2696 1789 2717 verum
1815 2697 1889 2718 esse

1045 2734 1257 2770 intelligamus.
1269 2733 1554 2770 thuemadmodum
1567 2733 1656 2761 aliam
1669 2733 1757 2770 ignis,
1769 2733 1867 2764 aliam
1876 2749 1889 2757 α

1046 2787 1101 2815 que
1117 2779 1239 2807 luminis
1252 2779 1410 2807 essentiam
1434 2786 1492 2806 non
1508 2777 1647 2814 dicimus,
1666 2778 1706 2806 ita
1729 2778 1796 2807 ﬁeri
1823 2787 1888 2810 non
