4052 6452
371 410 526 481 1173

1728 415 2127 478 THESAURI
2170 411 2323 474 LIB.
2371 410 2449 471 II.

3647 418 3803 476 11⁸74

376 547 592 617 potest,
625 548 689 601 ut
718 545 911 602 Patris
942 546 1076 618 alia,
1124 548 1374 622 Filiique
1430 550 1566 620 alia,
1624 551 1743 608 imo
1803 570 1923 609 una
1978 554 2035 607 et
2061 551 2115 619 Α
2144 548 2421 623 γέννησις,
2454 546 2563 603 hoc
2598 549 2685 603 est
2716 546 3038 619 generatio,
3075 550 3249 619 atque
3304 548 3492 605 sancti
3547 550 3800 623 Spiritus

380 636 581 690 eadem
616 636 788 691 fuerit
817 638 1092 693 essentia.
1157 639 1225 694 Et
1273 642 1775 711 quemadmodum
1834 641 2031 714 ignem

384 723 607 780 lumine
637 727 789 795 quod
823 727 1151 797 ejaculatur
1182 729 1376 787 lucere
1406 731 1678 803 dicimus,
1710 748 1814 789 nec
1840 736 2032 788 tamen

385 814 615 870 interim
639 815 835 871 lumen
859 817 981 889 igni
1002 820 1379 876 subserviens
1402 822 1859 878 instrumentum
1883 838 2029 890 esse,

385 904 504 959 imo
536 905 726 975 potius
759 907 873 961 vim
908 912 1236 965 naturalem
1271 912 1592 967 asserimus
1625 928 1640 979 ;
1672 911 1754 967 ita
1802 916 2029 967 Patrem

385 1009 617 1063 quoque
651 999 857 1050 cuncta
888 1012 1016 1066 quae
1048 997 1206 1067 facit,
1248 1016 1351 1069 per
1401 1000 1767 1072 unigenitum
1819 999 2030 1056 Filium

380 1099 555 1138 suum
590 1084 775 1139 facere
807 1086 1150 1153 astruimus,
1184 1104 1292 1143 non
1327 1094 1603 1161 tauquam
1656 1108 1759 1163 per
1806 1090 2027 1146 instru-

376 1176 641 1227 mentum
667 1174 1064 1244 subserviens,
1113 1178 1216 1233 sed
1268 1195 1370 1250 per
1405 1179 1518 1235 vim
1569 1179 1918 1248 naturalem,
1977 1184 2034 1236 et

378 1276 505 1332 quas
535 1279 638 1334 per
666 1280 727 1319 se
759 1264 931 1336 vique
960 1283 1069 1322 sua
1097 1268 1389 1325 subsistit.
1424 1271 1495 1326 Et
1535 1272 2032 1342 quemodmodum

380 1349 576 1420 ignem
621 1351 818 1408 lucere
876 1354 1153 1426 dicimus,
1210 1358 1471 1431 itemque
1527 1359 1728 1416 lumen
1788 1359 2028 1432 igneum

381 1438 575 1495 lucere
596 1442 835 1498 asserim
847 1461 935 1511 us,
959 1444 1041 1500 ita
1061 1462 1439 1520 quiscumque
1460 1452 1629 1505 Pater
1645 1450 1800 1517 facit,
1826 1450 2029 1507 itidem

385 1528 523 1584 facit
548 1533 603 1583 et
626 1530 822 1586 Filius.
857 1531 982 1588 Non
1015 1538 1210 1591 tamen
1243 1536 1454 1593 lumini
1484 1539 1721 1610 propria
1762 1538 2027 1609 quaedam

382 1622 490 1685 est,
525 1620 597 1674 ab
631 1619 834 1690 ignave
866 1623 1130 1693 sejuncta
1159 1624 1506 1697 hypostasis,
1538 1632 1599 1683 at
1652 1628 1831 1683 Filius
1898 1645 2029 1700 per-

379 1708 529 1763 fecta
563 1709 891 1780 hypostasis
925 1716 1035 1782 est,
1069 1714 1140 1768 ab
1197 1714 1501 1787 hypostasi
1534 1722 1777 1788 paterna
1806 1718 2028 1789 insepa-

377 1797 601 1866 rabilis,
640 1804 703 1854 ut
735 1817 913 1870 supra
950 1802 1281 1861 docuimus.
1323 1804 1497 1860 Nulla
1543 1806 1703 1862 enim
1744 1807 1802 1862 in
1856 1807 2030 1862 rebus

2146 636 2459 710 ἑκπόρευσις
2522 653 2622 693 seu
2684 637 2978 708 processio
3038 637 3288 710 intelligi
3319 655 3490 709 posse
3548 640 3797 698 videtur.

2145 728 2327 793 Quare
2351 742 2733 799 quaecumque
2758 725 2939 782 Filius
2962 727 3279 798 etSpiritus
3295 733 3535 785 sanctus
3562 729 3798 798 habent,

2143 832 2211 873 ea
2243 833 2310 872 ex
2342 817 2505 872 Patre
2536 815 2773 882 habent,
2802 819 2978 887 atque
3006 815 3194 887 ipsam
3220 835 3450 888 quoque
3478 819 3797 875 essentiam

2143 913 2198 962 et
2231 904 2344 961 nisi
2387 906 2461 960 sit
2493 906 2685 971 Pater,
2716 905 2915 960 nullus
2946 904 3151 973 Filius,
3183 906 3379 962 nullus
3431 911 3487 963 et
3535 908 3800 979 Spiritus

2142 1011 2267 1051 esse
2300 999 2511 1067 potest,
2545 1003 2597 1049 el
2620 994 2665 1050 si
2701 1011 2818 1065 qua
2854 1011 2914 1050 re
2948 1000 3139 1050 careat
3170 995 3357 1062 Pater,
3377 1000 3577 1052 eadem
3616 997 3797 1054 Filius

2142 1094 2195 1141 et
2215 1085 2464 1157 Spiritus
2497 1090 2720 1141 carent.
2754 1087 2941 1156 Atque
2977 1089 3213 1156 propter
3245 1085 3498 1152 Patrem,
3542 1086 3651 1142 hoc
3684 1092 3798 1155 est,

2143 1174 2281 1250 quia
2314 1180 2477 1231 Pater
2516 1178 2605 1231 est
2664 1174 2846 1230 Filius
2913 1190 3143 1247 quoque
3174 1178 3231 1229 et
3281 1175 3532 1246 Spiritus
3583 1180 3692 1233 est.
3727 1180 3800 1233 Et

2142 1268 2376 1338 propter
2412 1265 2635 1321 Patrem
2667 1264 2847 1320 Filius
2881 1267 2937 1319 et
2966 1262 3225 1335 Spiritus
3250 1263 3469 1320 habent
3502 1282 3798 1336 quaecum-

2141 1373 2256 1428 que
2286 1356 2525 1420 habent,
2560 1354 2670 1410 hoc
2700 1359 2809 1421 est,
2842 1355 2979 1425 quia
3011 1371 3079 1409 ea
3106 1354 3281 1410 Pater
3309 1353 3506 1423 habet,
3548 1356 3795 1427 ingene-

2141 1444 2383 1510 ratione,
2414 1445 2787 1517 generatione
2832 1448 2888 1499 et
2937 1444 3310 1514 processione
3360 1444 3638 1516 demptis.
3698 1446 3797 1500 [lis

2140 1534 2295 1591 enim
2320 1533 2462 1590 solis
2493 1537 2550 1589 et
2578 1532 2959 1606 hypostaticis
2994 1532 3445 1605 proprietatibus
3486 1542 3598 1588 tres
3658 1550 3794 1589 san-

2139 1628 2241 1679 ctae
2288 1625 2627 1696 hypostases
2681 1623 2831 1677 inter
2867 1639 2932 1679 se
2980 1622 3302 1678 differunt:
3349 1639 3538 1694 neque
3589 1622 3642 1677 id
3705 1640 3797 1678 es-

2140 1714 2349 1782 sentia,
2391 1715 2493 1769 sed
2539 1713 2678 1784 quia
2726 1712 2976 1785 propriae
3024 1712 3404 1785 hypostaseos
3451 1712 3791 1768 charactere

2140 1822 2240 1862 seu
2304 1805 2472 1877 signo
2521 1802 2822 1858 individua
2882 1802 3243 1860 dividuntur.
3297 1802 3558 1860 Dicimus
3599 1807 3791 1859 autem

380 1886 590 1942 creatis
624 1888 816 1959 imago
849 1890 1097 1945 inveniri
1128 1896 1341 1962 potest,
1383 1910 1507 1963 qua:
1556 1896 1699 1951 citra
1747 1896 2023 1952 mutatio-
2057 1931 2105 1996 Β
2141 1908 2622 1965 unumquemque
2680 1908 2749 1947 ex
2795 1891 2981 1947 tribus
3032 1892 3266 1964 propria
3309 1892 3617 1963 praeditum
3664 1909 3790 1948 esse

377 1992 511 2031 nem
545 1978 602 2032 in
635 1979 830 2049 seipsa
860 1982 1103 2036 modum
1135 1981 1325 2038 illium
1376 1985 1607 2052 referat,
1660 2004 1774 2058 quo
1824 1992 2024 2044 sancta

374 2064 632 2121 Trinitas
664 2072 914 2125 constat.
948 2070 1052 2135 Qui
1084 2072 1240 2127 enim
1276 2074 1397 2144 fiat,
1435 2079 1495 2130 ut
1524 2076 1679 2146 quod
1740 2086 2021 2145 creatum,

379 2157 797 2227 compositum,
830 2158 1075 2227 ﬂuxum,
1122 2162 1426 2229 mutabile,
1486 2166 2021 2237 circumscriptum,

376 2244 698 2314 ﬁguratum
732 2252 789 2303 et
810 2249 1187 2322 corruptibile
1216 2259 1323 2321 est,
1358 2253 1542 2310 oculis
1567 2255 1826 2313 divinam
1859 2256 2021 2313 illam

376 2338 693 2390 essentiam
715 2337 993 2407 subjiciat
1023 2357 1149 2410 quae
1173 2340 1243 2397 ab
1270 2341 1343 2399 iis
1365 2344 1638 2401 omnibus
1676 2345 1861 2402 libera
1893 2346 2023 2403 nul-

378 2420 494 2476 lam
528 2440 641 2477 non
673 2427 990 2483 essentiam
1020 2432 1381 2501 exsuperat?
1412 2435 1589 2505 Atqui
1648 2434 2024 2507 perspicuum

379 2514 469 2566 est
499 2528 732 2569 omnem
766 2521 1092 2573 creaturam
1121 2536 1320 2576 eorum
1363 2521 1657 2594 plerisque
1714 2526 2023 2582 obnoxiam

379 2605 731 2673 esse,’.atque
752 2621 819 2660 ex
836 2622 945 2661 sua
968 2606 1154 2678 ipsius
1175 2614 1389 2665 natura
1409 2614 1766 2684 corruptioni
1789 2615 2023 2685 subjici.

986 2718 1135 2773 CAP.
1194 2718 1415 2777 XXXV.

380 2801 566 2856 Tertia
611 2819 741 2872 pars
804 2807 1163 2875 confessionis
1209 2808 1339 2877 ﬁdei
1402 2811 1637 2868 Joannis
1708 2815 2029 2870 Damasccni

914 2876 978 2932 de
1019 2876 1234 2949 Spiritu
1280 2890 1488 2938 sancto.

445 2979 758 3037 Credimus
790 2982 1043 3055 denique
1082 2985 1141 3041 in
1203 3005 1386 3043 unum
1446 3007 1680 3063 quoque
1741 2994 2026 3064 Spiritum

374 3077 651 3128 sanctum
686 3075 1027 3144 Dominum,
1063 3078 1477 3148 vivificantem,
1512 3084 1609 3154 qui
1632 3100 1700 3140 ex
1732 3086 1898 3141 Patre
1920 3087 2031 3156 (Fi-

372 3160 586 3232 lioque)
621 3165 903 3234 procedit,
936 3171 992 3221 et
1022 3167 1083 3223 in
1118 3169 1264 3225 Filio
1305 3172 1686 3244 conquiescit.
1746 3175 1859 3238 Qui
1894 3193 2028 3232 cum

375 3251 546 3306 Patre
576 3260 631 3307 et
662 3254 807 3309 Filio
844 3256 1023 3311 simul
1083 3259 1360 3316 adoratur
1415 3270 1472 3317 et
1528 3264 2024 3341 conglorificatur,

377 3344 658 3413 tanquam
690 3345 1210 3405 consubstantialis
1257 3354 1313 3405 et
1374 3357 1720 3409 coaeternus.
1771 3355 1869 3411 Dei
1903 3357 2027 3427 Spi-

382 3430 531 3485 ritus
561 3435 778 3497 rectus,
814 3433 1176 3505 principalis,
1212 3438 1341 3494 fons
1372 3439 1495 3494 vita;
1523 3444 1580 3495 et
1618 3441 2030 3499 sanctificatio-

381 3517 494 3572 nis.
529 3517 682 3573 Deus
713 3520 978 3590 quicum
1032 3522 1200 3579 Patre
1250 3530 1361 3594 est,
1422 3527 1739 3595 increatus,
1794 3530 2025 3602 plenus,

382 3611 606 3663 creator
639 3625 651 3675 ;
687 3609 885 3665 omnia
915 3612 1434 3686 comprehendens,
1486 3618 1752 3674 omnium
1810 3620 2025 3692 opifex,

378 3698 769 3769 omnipotens,
828 3700 1072 3757 inﬁnitae
1131 3707 1422 3775 potentiae,
1492 3709 1774 3765 Dominus
1832 3712 2024 3770 omnis

377 3791 681 3854 creaturae,
715 3789 958 3859 nullius,
984 3792 1244 3850 dominio
1258 3796 1569 3868 subjacens
1591 3815 1603 3853 :
1628 3798 1880 3871 replens,
1906 3818 2020 3859 non

374 3875 685 3947 repletus:
746 3878 1027 3952 largiens,
1080 3889 1135 3938 et
1198 3884 1269 3939 ab
1302 3884 1415 3941 alio
1473 3885 1618 3942 nihil
1676 3889 2019 3962 accipiens:

369 3966 765 4039 sanctificans,
791 3985 903 4025 non
929 3972 1336 4030 sanctiﬁcatus
1364 3993 1382 4030 :
1402 3976 1732 4035 consolator
1752 3981 2018 4038 omnium

367 4054 872 4114 consolationibus
908 4076 1057 4117 unus
1085 4063 1388 4121 sufficiens
1413 4084 1427 4125 :
1453 4067 1607 4123 Patri
1632 4072 1688 4124 et
1744 4070 1884 4126 Filio
1918 4086 2021 4142 per

366 4144 566 4198 omnia
596 4145 808 4202 similis
843 4164 855 4203 :
889 4151 988 4217 qui
1034 4166 1101 4206 ex
1158 4156 1328 4208 Patre
1379 4155 1685 4229 (Filioque)
1733 4160 2014 4231 procedit,

365 4233 538 4296 atque
570 4246 672 4298 per
700 4231 914 4288 Filium
946 4236 1245 4293 tribuitur.
1279 4240 1459 4312 Cujus
1508 4245 1701 4299 omnis
1752 4252 2017 4304 creatura

361 4316 654 4408 particeps
687 4324 796 4389 est,
828 4320 929 4391 qui
962 4340 1065 4394 per
1104 4342 1165 4381 se
1195 4333 1352 4384 creat
1381 4334 1438 4385 et
1468 4334 1690 4389 animat
1719 4336 2012 4408 universa,

362 4406 691 4463 sanctificat
722 4415 779 4464 et
808 4412 1095 4481 continet,
1124 4418 1360 4487 propria
1391 4421 1639 4492 denique
1674 4423 1730 4480 in
1764 4406 2013 4495 persona

358 4510 462 4565 per
486 4512 548 4552 se
588 4498 882 4569 subsistit,
942 4502 1026 4558 ita
1089 4510 1307 4576 tamen,
1361 4513 1487 4565 uta
1541 4512 1708 4569 Patre
1748 4514 2010 4587 Filioque

2138 1982 2462 2056 hypostasi,
2488 1998 2557 2037 ne
2580 1980 2769 2037 tribus
2792 1997 2859 2036 ex
2882 1981 3237 2053 imperfectis
3267 1998 3440 2037 unam
3472 1982 3789 2053 perfectam

2136 2073 2521 2144 compositam
2548 2076 2817 2126 naturam
2834 2070 3235 2142 profiteamur,
3254 2071 3354 2126 sed
3374 2071 3429 2124 in
3450 2070 3639 2126 tribus
3660 2087 3786 2142 per-

2136 2162 2305 2218 fectis
2327 2160 2742 2233 hypostasibus
2766 2177 2943 2216 unam
2969 2158 3293 2229 simplicem
3320 2155 3593 2233 ὑπερτελῇ
3621 2178 3679 2212 τε
3698 2157 3789 2212 καὶ

2133 2272 2240 2326 προ
2257 2249 2491 2323 τὲλειον,
2514 2251 2621 2308 hoc
2649 2255 2738 2308 est
2759 2269 2886 2323 quae
2923 2251 3341 2323 perfectionem
3368 2267 3606 2307 omnem
3633 2266 3791 2306 exce-

2136 2343 2236 2399 dat
2256 2347 2312 2398 et
2338 2343 2643 2414 praecedat.
2679 2342 2972 2412 Quidquid
2996 2340 3151 2397 enim
3181 2357 3250 2396 ex
3272 2340 3629 2412 imperfectis
3652 2357 3789 2395 con-

2136 2438 2253 2490 stat
2282 2433 2438 2488 haud
2488 2431 2666 2488 dubie
2711 2431 3105 2503 compositum
3146 2435 3255 2497 est,
3303 2434 3361 2486 at
3408 2446 3473 2486 ex
3516 2430 3791 2502 perfectis

2136 2523 2551 2595 hypostasibus
2584 2521 2707 2578 fieri
2748 2538 2864 2577 non
2911 2524 3122 2593 potest,
3171 2524 3232 2577 nt
3276 2519 3599 2591 quidquam
3651 2536 3790 2575 con-

2138 2618 2406 2685 ponatur.
2432 2613 2571 2667 Inde
2603 2614 2668 2666 tit
2699 2615 2763 2667 ut
2788 2610 3041 2682 speciem
3074 2626 3187 2666 non
3221 2625 3288 2665 ex
3333 2608 3599 2680 personis
3665 2624 3793 2679 pro-

2138 2702 2360 2768 cedere,
2385 2703 2485 2758 sed
2531 2701 2796 2775 personis
2843 2700 3125 2757 inhaerere
3174 2699 3459 2755 dicamus.
3512 2698 3790 2769 Imperfe-

2138 2792 2248 2847 ctis
2277 2796 2472 2847 autem
2505 2791 2782 2863 diximus,
2817 2790 2922 2845 hoc
2954 2797 3041 2847 est
3081 2789 3153 2845 iis
3199 2806 3328 2860 quas
3371 2787 3630 2860 speciem
3664 2788 3792 2856 ejus

2140 2882 2221 2938 rei
2254 2898 2369 2937 non
2394 2885 2650 2949 servant,
2684 2897 2807 2951 quas
2852 2896 2921 2935 ex
2946 2879 3092 2952 ipsis
3137 2879 3390 2935 conﬂata
3442 2882 3554 2945 est,
3605 2877 3791 2947 siqui-

2139 2971 2272 3027 dem
2297 2971 2469 3043 lapis,
2505 2971 2726 3040 lignum
2761 2973 2819 3025 et
2850 2970 3068 3025 ferrum
3114 2985 3216 3040 per
3257 2984 3319 3023 se
3369 2967 3610 3038 quidem
3662 2983 3791 3037 per-

2139 3061 2288 3116 facta
2319 3060 2554 3131 singula
2601 3064 2762 3126 sunt,
2814 3061 2864 3114 si
2913 3060 3209 3130 propriam
3260 3072 3463 3113 eorum
3513 3060 3791 3111 naturam

2140 3151 2604 3220 consideremus,
2640 3154 2698 3205 at
2728 3149 2777 3205 si
2810 3148 3009 3205 eadem
3043 3147 3139 3203 illa
3172 3148 3232 3203 in
3262 3144 3506 3201 aedificio
3536 3148 3794 3200 contem-

2143 3239 2393 3311 plemur,
2426 3240 2584 3313 quod
2613 3258 2682 3295 ex
2712 3240 2858 3311 ipsis
2889 3239 3197 3303 conﬂatur,
3225 3236 3568 3308 imperfecta
3627 3238 3789 3290 sunt.

2144 3336 2352 3388 Eorum
2378 3333 2534 3389 enim
2569 3330 2796 3388 nullum
2826 3347 2927 3401 per
2957 3346 3020 3386 se
3053 3330 3263 3385 domus
3294 3332 3401 3384 est.
3436 3327 3636 3399 Itaque
3667 3342 3791 3397 per-

2142 3426 2322 3481 fectas
2353 3422 2697 3495 hypostases
2726 3420 3001 3487 dicimus,
3048 3436 3119 3475 ne
3167 3416 3646 3489 compositionem
3708 3415 3791 3470 di-

2141 3514 2290 3570 vinas
2348 3517 2566 3567 naturae
2620 3510 2812 3566 inesse
2890 3508 3311 3580 intelligamus.
3396 3504 3788 3563 Dissensionis

2138 3602 2294 3657 enim
2328 3600 2682 3672 principium
2715 3598 2840 3672 ipsa
2869 3602 2959 3654 est
2989 3596 3353 3669 compositio.
3405 3597 3631 3651 Rursus
3664 3599 3785 3651 tres

2135 3692 2479 3763 hypostases
2524 3689 2582 3745 in
2638 3689 2850 3761 seipsis
2899 3691 3101 3744 mutuo
3160 3687 3353 3743 inesse
3408 3686 3679 3754 dicimus,
3713 3700 3784 3740 ne

2134 3780 2575 3836 multitudinem
2620 3778 2974 3851 populumve
3016 3778 3260 3834 deorum
3309 3774 3779 3831 introducamus.

2132 3870 2435 3941 Siquidem
2466 3869 2645 3925 trium
2672 3868 3059 3941 hypostaseon
3104 3866 3328 3921 ratione
3366 3862 3587 3919 nullam
3620 3861 3680 3917 in
3712 3862 3782 3917 iis

2130 3958 2615 4032 compositionem
2643 3962 2746 4015 aut
2802 3957 3254 4015 confusionem:
3309 3954 3531 4010 ratione
3580 3958 3778 4011 autem

2128 4050 2414 4118 essentiae,
2449 4053 2508 4105 et
2537 4049 2677 4121 quia
2696 4048 3087 4120 byposlaseon
3108 4046 3217 4102 alio
3242 4044 3340 4101 alii
3364 4044 3537 4111 inest,
3558 4043 3777 4100 idcirco

2127 4140 2491 4195 individuam
2524 4139 2584 4194 in
2617 4138 2820 4194 iisdem
2857 4137 3245 4203 identitatem,
3275 4134 3570 4202 utdicam,
3603 4137 3659 4188 et
3680 4149 3779 4187 vo-

2126 4230 2435 4299 luntatem,
2469 4233 2527 4286 et
2558 4227 2868 4297 actionem,
2900 4231 2958 4283 et
2982 4225 3303 4299 potentiam
3336 4224 3551 4290 inesse,
3604 4226 3776 4294 atque

2124 4336 2310 4375 unum
2343 4323 2523 4373 Deum
2556 4334 2684 4375 esse
2707 4318 3136 4389 cognoscimus.
3171 4315 3325 4371 Deus
3345 4314 3523 4381 enim,
3557 4320 3614 4368 et
3640 4311 3776 4367 Ver-

2121 4410 2287 4481 bum,
2303 4410 2544 4482 ejusque
2560 4407 2835 4481 Spiritus,
2854 4424 3009 4463 unus
3024 4408 3262 4463 demum
3278 4409 3477 4463 etvere
3496 4408 3648 4458 Deus
3661 4405 3768 4457 est.

2721 4533 2879 4588 CAP.
2918 4532 3161 4589 XXXVI.

360 4589 1025 4697 Ey‘faﬂft‘dive’tem
1058 4595 1421 4697 ΠυῙῙῖΨοάο
1441 4609 1636 4697 θυεερ)
1668 4603 1784 4697 im?
1813 4607 2009 4663 omnia
2042 4679 2083 4697 n
2118 4627 2190 4681 Re
2247 4626 2369 4697 ipsa
2406 4628 2459 4680 et
2488 4626 2673 4679 animo
2720 4624 3105 4693 contemplari.
3145 4619 3417 4697 Quomodo
3436 4632 3768 4697 peramans:

355 4672 457 4727 illa
484 4674 753 4745 habebat,
790 4696 1158 4755 quaecunque
1202 4685 1368 4743 Pater
1418 4694 1476 4744 et
1524 4690 1708 4748 Filius
1767 4693 2006 4764 habent,
2038 4679 2087 4741 D
2118 4672 2375 4754 “reﬂ;
2398 4672 3370 4763 5inﬁnitain};aiEaHsczaiaii

350 4766 740 4852 praeterquam
774 4772 929 4839 quod
969 4787 1074 4829 nec
1106 4774 1427 4846 ingenitus,
1471 4796 1575 4835 nec
1623 4782 1857 4852 genitus
1890 4790 2000 4843 est.

347 4849 517 4941 Pater
548 4853 704 4909 enim
755 4872 933 4915 causa
985 4870 1190 4919 caret:
1252 4849 1666 4940 ingenitusque
1720 4880 1824 4941 est,
1897 4890 2001 4930 nec

346 4940 504 4997 enim
534 4959 567 4997 a
600 4960 922 5016 quoquam,
957 4966 1061 5005 nec
1092 4970 1126 5007 a
1159 4954 1353 5025 seipse
1386 4958 1626 5027 quidem
1663 4940 1950 5030 processit
1984 4979 1996 5018 :

346 5046 454 5123 nec
476 5047 678 5123 eorum
713 5051 839 5106 quae
872 5037 1045 5095 habet
1094 5042 1442 5114 quidquam,
1476 5048 1596 5105 imo
1621 5049 1815 5120 potius
1873 5051 1998 5123 ipse

344 5120 724 5212 principium,
757 5130 815 5181 et
861 5132 1060 5184 auctor
1111 5135 1377 5190 essentiaa
1431 5140 1564 5193 est:
1626 5120 1998 5212 facitque—ut

344 5211 618 5271 universa
676 5234 914 5289 quoquo
974 5224 1144 5278 modo
1194 5241 1256 5280 se
1314 5228 1661 5285 naturaliter
1720 5211 1991 5289 habeant.

339 5299 594 5394 Verbum
624 5312 821 5363 autem
854 5311 1180 5379 generative
1210 5331 1242 5369 a
1296 5316 1461 5373 Patre
1508 5320 1804 5390 processit.
1866 5323 1995 5394 Spi-

340 5389 489 5482 ritus
521 5393 774 5467 denique
832 5404 1133 5458 sanctusa
1190 5403 1357 5459 Patre
1413 5389 1587 5463 etiam
1649 5427 1763 5466 non
1821 5389 1996 5482 gene-

341 5479 523 5574 rative
554 5486 650 5539 sed
676 5488 1006 5555 processive
1038 5492 1273 5562 prodiit.
1315 5494 1463 5557 Quid
1502 5515 1669 5569 porro
1720 5519 1755 5556 a
1810 5479 1990 5574 gene-

338 5569 567 5663 ratione
612 5577 906 5643 processio
960 5579 1207 5649 diﬂ‘erat,
1260 5583 1388 5654 jam
1459 5586 1774 5646 didicimus
1806 5569 1989 5663 {quis

338 5659 542 5752 autem
569 5663 775 5720 modus
808 5666 1144 5725 differentias
1177 5672 1276 5739 sit,
1312 5690 1427 5731 non
1460 5675 1621 5738 item.
1645 5659 1991 5752 Γεννήμᾶτος

336 5758 496 5823 ergo,
530 5751 592 5811 id
620 5756 711 5813 est
733 5754 1015 5829 genituras
1047 5761 1283 5821 nomine
1313 5766 1370 5822 et
1396 5763 1526 5840 ipsa
1563 5769 1693 5830 Filii
1724 5786 1794 5830 ex
1824 5751 1987 5830 Patre

3468 4689 3562 4744 uid
3619 4688 3767 4743 idem

2188 4690 2375 4754 refum
2398 4696 2647 4752 omnium
2666 4699 2910 4752 notiones
2930 4690 3324 4763 dignoscantur
3342 4691 3370 4744 ‘I
3423 4690 3562 4757 Quid
3619 4690 3767 4743 idem

2182 4786 2216 4825 a
2234 4770 2411 4825 simili
2439 4769 2657 4841 diﬂerat
2688 4771 2716 4822 ?
2745 4774 2993 4824 Persona
3020 4778 3273 4837 persona
3302 4760 3565 4833 quomodo
3590 4758 3767 4814 insit?

2180 4878 2495 4934 Sciendum
2529 4881 2621 4933 est
2651 4876 2810 4931 aliud
2870 4889 2999 4930 esse
3057 4888 3119 4927 re
3175 4871 3304 4942 ipsa
3352 4865 3757 4938 contemplari,

2108 4966 2371 5039 itemque
2399 4966 2554 5022 aliud
2582 4966 2805 5021 ratione
2834 4972 2889 5019 et
2909 4962 3275 5035 cogitatione.
3309 4959 3442 5015 Jam
3472 4958 3534 5014 in
3567 4956 3762 5013 omni-

2108 5056 2220 5112 bus
2253 5058 2429 5113 rebus
2461 5055 2678 5111 creatis
2710 5067 3093 5125 personarum
3129 5048 3342 5105 divisio
3374 5063 3434 5104 re
3463 5046 3594 5117 ipsa
3624 5062 3764 5101 con-

2107 5145 2371 5215 spicitur.
2424 5144 2829 5201 Communitas
2879 5146 3078 5197 autem
3127 5145 3187 5196 et.
3228 5137 3520 5210 cognatio,
3574 5141 3766 5190 mente

2106 5234 2575 5306 cogitationeque
2618 5232 2882 5304 patescit.
2942 5230 3089 5286 Nam
3154 5233 3346 5285 mente
3406 5225 3763 5298 percipimus

2104 5327 2344 5379 Petrum
2376 5328 2433 5379 et
2460 5321 2708 5378 Paulum
2752 5320 3019 5391 ejusdem
3067 5336 3195 5375 esse
3254 5321 3495 5383 natura},
3530 5328 3763 5384 unaque

2105 5416 2403 5469 communi
2436 5419 2704 5469 constare
2737 5416 2967 5467 natura.
3027 5411 3240 5466 Eorum
3293 5407 3449 5464 enim
3513 5410 3761 5473 uterque

2101 5501 2319 5557 animal
2352 5510 2439 5557 est
2500 5503 2726 5558 ratione
2784 5501 3118 5572 praeditum,
3181 5496 3355 5553 morti
3415 5491 3754 5550 obnoxium.

2103 5592 2248 5647 Item
2282 5597 2529 5664 uterque
2550 5607 2683 5649 caro
2712 5594 2824 5656 est,
2857 5588 2953 5646 cui
2983 5589 3180 5645 anima
3221 5584 3466 5642 rationis
3523 5579 3756 5637 intelle-

2101 5686 2348 5753 ctusque
2378 5682 2671 5755 particeps
2703 5680 2902 5737 infusa
2922 5685 3027 5737 est.
3061 5673 3409 5734 Communis
3435 5673 3633 5744 itaque
3655 5685 3752 5725 na-

2101 5781 2232 5832 tura
2260 5772 2488 5832 ratione
2515 5770 2762 5848 perspici
2794 5773 3005 5846 potest.
3033 5767 3151 5826 Nec
3173 5767 3328 5832 enim
3351 5765 3750 5841 hypostaseon
