4052 6424
305 415 459 477 H75

1616 409 1925 472 NICETE
1970 404 2393 471 GHONIATE

3577 408 3757 473 1176

312 549 428 605 alia
451 546 549 603 alii
588 545 764 617 inest,
815 549 916 603 sed
966 547 1237 620 privatim
1289 551 1345 602 et
1375 547 1434 602 in
1465 551 1629 619 parte
1658 545 1954 618 quaelibet,
1987 552 2040 617 Α
2069 544 2435 600 identitatem
2462 559 2647 599 unum
2680 542 2983 614 quidpiam
3008 542 3279 613 idemque
3319 543 3635 616 imaginem
3650 564 3755 603 ur.

313 639 432 694 sive
477 653 580 710 per
630 654 692 692 se
733 636 946 708 ipsam,
999 636 1188 692 divisa
1235 641 1343 703 est,
1401 637 1668 707 pleraque
1705 653 1772 691 ex
1821 635 1958 704 alio,

320 728 532 800 quibus
553 727 872 795 dividatur,
901 727 1146 782 habens.
1180 726 1325 784 Nam
1358 731 1416 782 et
1459 725 1584 782 loco
1630 726 1869 790 distant,
1904 727 1962 779 et

309 821 573 887 tempore
591 815 889 884 differunt,
914 815 1202 871 sententia
1221 813 1494 886 denique,
1514 815 1756 886 viribus,
1775 815 1962 869 forma

311 923 415 962 seu
446 906 658 977 figura,
689 905 908 971 habitu,
945 909 1428 975 temperamento,
1479 904 1782 976 dignitate,
1833 905 1959 959 vitae

316 995 612 1060 instituto,
637 1000 694 1050 et
713 994 989 1050 omnibus
1007 995 1339 1066 figurativis
1361 995 1833 1066 proprietatibus.
1858 995 1964 1048 lm-

313 1085 523 1157 primis
545 1088 756 1149 autem,
791 1084 925 1153 quia
968 1083 1080 1139 alia
1113 1083 1211 1140 alii
1264 1101 1378 1140 non
1423 1085 1596 1151 inest,
1649 1084 1754 1140 sed
1801 1101 1962 1156 sepa-

317 1178 444 1229 rata
475 1177 694 1229 manet.
731 1173 890 1228 Unde
913 1175 977 1228 ﬁt
1026 1178 1091 1229 ut
1137 1175 1251 1230 duo
1297 1179 1354 1230 et
1399 1179 1515 1230 tres
1559 1174 1828 1230 homines
1864 1174 1960 1229 di-

317 1267 546 1332 cantur,
569 1268 624 1318 ct
656 1263 844 1318 multi.
879 1263 996 1320 Hoc
1029 1270 1181 1320 certe
1212 1265 1270 1320 in
1304 1265 1459 1320 omni
1491 1266 1962 1321 creaturalocum

317 1350 512 1408 habet.
545 1355 620 1406 At
646 1352 704 1406 in
737 1355 960 1422 sancta,
995 1350 1577 1424 supersubstantiali,
1624 1356 1836 1408 cuncta
1863 1369 1964 1407 su-

317 1449 576 1512 perante,
605 1445 664 1496 et
693 1440 1182 1512 incomprehensa
1224 1442 1504 1498 Trinitate
1552 1457 1722 1497 secus
1761 1457 1824 1497 se
1871 1457 1963 1497 res

318 1530 515 1586 habet.
546 1531 708 1596 Quod
742 1532 899 1585 enim
933 1531 992 1585 in
1025 1530 1125 1586 illa
1155 1547 1466 1587 commune
1503 1535 1559 1586 et
1614 1547 1799 1586 unum
1853 1534 1962 1595 est,

318 1621 378 1676 id
409 1639 469 1678 re
491 1623 621 1694 ipsa
651 1624 1077 1681 consideratur.
1111 1624 1274 1689 Quod
1327 1623 1608 1680 nimirum
1659 1627 1962 1692 comterna,

317 1713 477 1783 quod
499 1713 778 1780 essentia,
809 1714 1162 1784 operatione,
1197 1721 1252 1769 et
1280 1714 1572 1769 voluntate
1595 1713 1802 1770 iisdem
1828 1730 1963 1784 prae.

319 1802 442 1858 dita
473 1808 584 1870 est,
617 1803 770 1874 quod
801 1803 1051 1874 denique
1084 1803 1209 1875 ipse
1239 1803 1394 1860 idem
1428 1810 1484 1860 et
1508 1803 1655 1860 velle
1703 1808 1760 1859 et
1789 1803 1964 1876 nolle,

323 1893 526 1948 eadem
561 1893 842 1964 potentia,
880 1893 1062 1948 virtus
1121 1898 1176 1949 et
1223 1893 1455 1950 bonitas
1514 1894 1666 1949 inest
1718 1893 1967 1965 (eadem,

321 1983 582 2054 inquam,
602 2000 716 2040 non
736 1983 992 2056 similis),
1020 1985 1409 2056 una’denique
1429 1991 1622 2042 motus
1641 1986 1968 2057 ejaculatio.

321 2072 449 2130 Una
482 2072 636 2128 enirn
669 2074 948 2144 essentia,
976 2091 1091 2129 una
1131 2074 1384 2143 bonitas,
1441 2091 1558 2130 una
1603 2074 1806 2142 virtus,
1853 2091 1972 2130 una

325 2162 618 2229 voluntas,
654 2180 771 2218 una
801 2163 975 2230 actio,
1005 2180 1124 2220 una
1176 2165 1454 2234 potentia,
1517 2181 1655 2234 una,
1704 2165 1970 2236 inquam,

325 2257 384 2307 et
412 2253 617 2308 eadem
650 2256 757 2308 est.
783 2252 910 2308 Non
941 2256 1062 2309 tres
1097 2255 1249 2308 inter
1279 2270 1348 2309 se
1379 2253 1622 2320 similes,
1657 2253 1760 2309 sed
1819 2270 1973 2310 unus

329 2339 559 2396 etidem
585 2341 764 2396 trium
825 2357 1208 2412 personarum
1269 2345 1484 2399 motus.
1544 2343 1757 2398 Earum
1817 2342 1974 2398 enim

331 2427 575 2500 singulas
609 2445 724 2484 non
757 2428 953 2486 minus
983 2429 1043 2484 in
1067 2429 1198 2485 aliis
1221 2445 1394 2501 quam
1419 2430 1478 2485 in
1502 2430 1716 2502 seipsis
1738 2429 1976 2496 habent,

330 2514 441 2572 hoc
472 2521 580 2586 est,
614 2518 752 2589 quia
775 2519 833 2573 in
867 2518 1141 2574 omnibus
1165 2535 1347 2576 unum
1381 2523 1520 2576 sunt
1557 2518 1746 2587 Pater,
1795 2519 1978 2576 Filius

334 2613 388 2663 et
416 2606 669 2679 Spiritus
691 2608 963 2675 Sanctus,
997 2608 1266 2680 ingeniti,
1299 2609 1481 2681 geniti
1512 2612 1568 2665 et
1613 2609 1979 2681 procedentis

331 2696 574 2751 vocibus
625 2697 900 2770 demptis,
953 2697 1302 2771 cogitatione
1361 2707 1555 2756 autem
1615 2699 1975 2756 dividuntur.

333 2783 524 2841 Unum
557 2785 712 2842 enim
743 2793 926 2843 Deum
962 2788 1392 2860 cognoscimus,
1427 2794 1487 2846 at
1507 2790 1566 2844 in
1612 2789 1755 2846 solis
1786 2793 1978 2862 pater-

333 2873 562 2944 nitatis,
595 2874 932 2932 ﬁliationem
967 2882 1023 2933 et
1053 2877 1446 2949 processionis
1505 2879 1979 2950 proprietatibus.

336 2965 481 3021 Item
515 2981 584 3021 ex
616 2983 794 3022 causa
823 2971 880 3023 et
920 2967 1151 3034 effectu,
1179 2974 1233 3022 et
1285 2968 1638 3040 perfectione
1695 2985 1979 3038 personae.

333 3053 462 3110 Sive
494 3057 735 3111 modum
767 3055 1140 3124 exsistcntise,
1174 3056 1364 3127 ipsam
1415 3073 1543 3113 esse
1595 3056 1981 3113 differentiam

335 3148 531 3200 mente
560 3145 945 3216 concipimus.
981 3145 1094 3202 Nec
1125 3145 1278 3200 enim
1313 3146 1438 3201 fieri
1471 3149 1684 3217 potest,
1733 3150 1794 3202 ut
1823 3145 1983 3202 loca-

332 3233 450 3290 lem
482 3233 816 3290 distantiam
874 3234 946 3289 de
1005 3234 1337 3302 Divinitate,
1399 3251 1526 3307 quae
1583 3235 1984 3292 circumscribi

2068 639 2278 690 Eorum
2304 650 2434 690 vero
2481 634 2705 689 ratione
2762 633 2984 701 habita,
3047 633 3106 688 in
3164 634 3380 706 quibus
3439 636 3753 692 divinitas

2074 723 2246 791 inest,
2277 722 2367 778 vel
2399 727 2461 778 ut
2493 722 2768 778 subtilius
2796 723 3011 790 dicam,
3074 739 3202 795 quas
3261 729 3400 779 sunt
3445 724 3753 782 divinitas

2072 812 2220 882 ipsa,
2253 828 2502 883 quaeque
2531 812 2686 881 inde,
2718 817 3002 884 tanquam
3037 830 3070 868 a
3095 814 3307 884 prima,
3340 830 3541 885 causa,
3606 816 3752 870 sine

2070 906 2352 972 tempore,
2386 901 2588 956 eadem
2619 918 2860 973 prorsus
2892 917 3024 956 cum
3057 901 3262 973 gloria,
3299 907 3355 958 et
3383 903 3750 960 indistincte

2072 992 2416 1064 procedunt,
2449 991 2559 1047 hoc
2583 996 2672 1048 est
2713 994 3097 1065 hypostaseon
3149 1009 3251 1048 seu
3311 1010 3738 1066 personarum,

2071 1081 2181 1136 tria
2211 1086 2352 1137 sunt
2391 1081 2546 1137 haud
2578 1081 2756 1138 dubie
2786 1098 2913 1153 quae
2955 1085 3292 1140 adorantur.
3344 1082 3510 1139 Unus
3560 1089 3741 1140 Pater

2071 1173 2244 1224 Pater
2272 1173 2380 1234 est,
2415 1174 2473 1226 et
2504 1170 2629 1226 sine
2659 1171 2970 1242 principio,
3018 1173 3129 1227 hoc
3160 1176 3251 1228 est
3296 1171 3423 1229 sine
3455 1189 3655 1241 causa,
3689 1192 3720 1229 a

2073 1258 2235 1317 nullo
2266 1260 2424 1316 enim
2457 1260 2735 1332 procedit.
2769 1260 2931 1318 Unus
2965 1260 3146 1318 Filius
3180 1261 3364 1318 Filius
3387 1267 3503 1329 est,
3526 1268 3586 1319 at
3606 1281 3720 1319 non

2074 1349 2201 1406 sine
2230 1349 2541 1422 principio,
2575 1350 2684 1406 hoc
2703 1355 2814 1416 est,
2838 1367 2957 1406 non
2988 1351 3114 1407 sine
3134 1367 3333 1416 causa,
3357 1352 3662 1424 siquidem
3694 1369 3731 1408 ο.

2075 1442 2244 1495 Patre
2279 1440 2560 1511 procedit.
2591 1439 2752 1504 Quod
2779 1441 2826 1495 si
2874 1441 3197 1512 temporale
3246 1441 3605 1514 principium
3655 1443 3749 1498 in-

2073 1527 2328 1600 telligas,
2385 1529 2656 1585 eumdem
2729 1528 2856 1584 sine
2931 1530 3219 1602 principio
3289 1531 3466 1588 etiam
3539 1532 3747 1588 dicere

2078 1632 2281 1689 queas.
2314 1617 2430 1673 Nec
2460 1617 2616 1674 enim
2649 1619 2896 1686 tempori
2930 1619 3196 1690 subjacet
3226 1620 3297 1689 is,
3331 1621 3434 1692 qui
3464 1626 3754 1694 tempora.

2077 1707 2358 1763 condidit.
2391 1707 2550 1764 Unus
2589 1707 2845 1780 Spiritus
2876 1713 3141 1777 sanctus,
3173 1709 3451 1782 Spiritus,
3483 1727 3519 1764 a
3563 1712 3753 1767 Patre

2077 1796 2314 1867 quidem
2367 1798 2688 1868 procedens
2734 1813 2850 1853 non
2901 1796 3158 1864 tilialive,
3226 1799 3326 1854 sed
3379 1801 3748 1870 processive.

2077 1889 2164 1941 Ita
2221 1890 2286 1940 ut
2341 1901 2530 1957 neque
2577 1889 2751 1942 Pater
2832 1885 3152 1957 ingenitus,
3212 1888 3365 1958 quod
3437 1888 3747 1960 genuerit,

2081 1990 2270 2046 neque
2299 1974 2482 2030 Filius
2511 1977 2762 2048 genitus,
2796 1977 2932 2046 quia
2963 1993 3032 2031 ex
3059 1975 3322 2048 ingenito
3355 1979 3746 2049 processerit,

2082 2081 2209 2121 esse
2239 2065 2487 2121 desinat.
2522 2066 2632 2130 Qui
2652 2066 2808 2122 enim
2834 2067 2959 2122 ﬁeri
2983 2067 3090 2122 hoc
3116 2068 3350 2138 possit?
3373 2071 3574 2140 Neque
3597 2069 3752 2126 item

2083 2155 2340 2228 Spiritus
2371 2159 2475 2210 aut
2502 2155 2560 2210 in
2595 2159 2844 2224 Patrem,
2893 2160 2994 2211 aut
3051 2155 3110 2211 in
3148 2156 3356 2212 Filium
3407 2158 3755 2228 degeneret,

2085 2245 2225 2316 quia
2257 2245 2537 2316 procedit,
2566 2249 2625 2299 et
2654 2245 2804 2300 Deus
2858 2249 2967 2301 est.
3023 2245 3355 2318 Proprietas
3404 2247 3562 2303 enim
3627 2265 3755 2305 non

2087 2339 2372 2391 movetur.
2406 2334 2551 2390 Nam
2587 2335 2688 2407 qui
2719 2336 2843 2390 ﬁeri
2879 2335 3028 2392 alias
3059 2337 3264 2408 possit,
3298 2349 3363 2393 ut
3411 2338 3753 2410 proprietas

2088 2429 2346 2480 mutetur
2374 2427 2432 2480 et
2457 2425 2767 2496 degeneret
2795 2425 2822 2479 ‘2
2851 2424 2908 2479 Si
2941 2425 3098 2481 enim
3131 2425 3336 2495 Filius,
3371 2444 3485 2482 non
3509 2430 3750 2500 proprie

2090 2515 2259 2570 Pater
2297 2523 2404 2581 est,
2453 2529 2588 2569 cum
2638 2531 2792 2570 unus
2839 2515 3071 2587 proprie
3129 2519 3302 2573 Pater
3358 2516 3454 2573 sit.
3511 2519 3660 2574 Item
3700 2519 3754 2574 si

2094 2603 2274 2671 Pater,
2308 2619 2421 2658 non
2454 2604 2686 2674 proprie
2730 2602 2912 2659 Filius
2957 2608 3066 2672 est,
3120 2623 3276 2661 unus
3299 2606 3453 2662 enim
3509 2609 3751 2680 proprie

2091 2691 2296 2759 Filius,
2329 2698 2386 2748 et
2418 2709 2572 2749 unus
2601 2693 2854 2764 Spiritus
2885 2699 3143 2751 sanctus.
3197 2696 3512 2752 Sctendum
3571 2714 3749 2768 porro

2090 2783 2356 2852 estquod
2391 2782 2621 2839 Patrem
2650 2798 2718 2839 ex
2749 2781 2867 2838 ullo
2925 2785 3241 2854 procedere
3299 2801 3406 2841 nec
3463 2787 3752 2854 dicimus,

2091 2886 2225 2926 eum
2260 2876 2454 2926 autem
2481 2871 2610 2927 Filii
2649 2874 2880 2927 Patrem
2939 2873 3280 2938 asserimus,
3342 2880 3401 2930 at
3460 2876 3666 2932 Filium
3696 2885 3755 2934 et

2093 2959 2374 3031 Spiritum
2407 2977 2584 3017 causa
2621 2977 2819 3017 carere
2861 2978 3234 3034 nequaquam
3255 2963 3523 3021 dicimus.
3570 2965 3748 3022 Illum

2091 3054 2287 3105 autem
2319 3065 2388 3105 ex
2418 3053 2584 3106 Patre
2615 3055 2791 3122 atque
2821 3051 3031 3107 Filium
3063 3051 3279 3121 Patris,
3324 3053 3481 3110 hunc
3509 3071 3644 3110 vero
3677 3073 3754 3112 ex

2094 3141 2266 3194 Patre
2292 3155 2530 3210 quoque
2559 3143 2616 3195 et
2648 3140 2790 3197 Filio
2823 3150 2878 3198 et
2906 3141 3100 3198 Patris
3129 3141 3410 3214 Spiritum
3469 3144 3750 3200 nomina-

2097 3244 2251 3283 mus.
2283 3227 2565 3299 Spiritum
2595 3233 2790 3286 autem
2821 3247 2891 3287 ex
2917 3230 3083 3298 Filio,
3121 3247 3236 3287 non
3270 3232 3420 3288 item.
3471 3232 3573 3286 Sed
3599 3231 3741 3286 Filii

339 3321 561 3394 nequit,
584 3323 788 3378 itidem
820 3327 885 3376 ut;
925 3323 994 3377 de
1041 3323 1208 3379 nobis
1253 3304 1518 3380 dicm—ius
1577 3327 1984 3396 (personarum
2023 3304 2067 3375 C
2097 3317 2673 3388 duntaxatSpiritum
2699 3319 2972 3377 dicimus.
2990 3321 3093 3377 Ait
3113 3321 3270 3377 enim
3309 3322 3369 3377 B.
3394 3321 3701 3393 Apostolus
3726 3341 3749 3384 ι

341 3411 497 3468 enim
531 3409 644 3465 alia
678 3409 774 3465 alii
825 3410 1002 3481 inest,
1042 3429 1158 3468 non
1200 3415 1264 3467 ut
1319 3414 1734 3482 confundatur,
1782 3415 1883 3472 sed
1929 3419 1994 3472 ut

339 3498 643 3557 inhmreat.
671 3500 1174 3563 Quemadmodum
1197 3503 1322 3570 ipse
1355 3505 1638 3561 Dominus
1660 3507 1772 3561 ait:
1793 3507 1903 3576 Ego
1932 3509 1994 3561 in

342 3591 530 3659 Patre,
562 3591 612 3644 et
641 3589 809 3644 Pater
838 3592 895 3645 in
926 3606 1016 3645 me
1042 3601 1119 3647 est
1146 3591 1209 3662 ο),
1242 3608 1346 3648 nec
1369 3592 1688 3650 voluntatis
1719 3599 1820 3651 aut
1856 3611 1995 3652 sen-

341 3675 554 3744 tentiis,
583 3682 686 3734 aut
716 3678 985 3747 actionis,
1017 3683 1117 3735 aut
1145 3681 1398 3752 virtutis,
1445 3687 1546 3740 aut
1597 3683 1750 3740 alius
1798 3685 1996 3756 cujus-

343 3766 499 3840 piam
533 3767 943 3826 differentiam.
995 3770 1128 3836 Quae
1184 3771 1422 3842 quidem
1481 3773 1767 3829 omniain
1824 3774 1994 3830 nobis

343 3873 405 3912 re
474 3857 604 3928 ipsa
659 3865 714 3913 et
764 3858 960 3914 animo
1021 3858 1361 3917 divisionem
1408 3862 1661 3934 pariunt.
1714 3864 1996 3928 Quocirca

344 3961 533 4017 neque
563 3950 681 4002 tres
703 3947 851 4003 Deos
900 3947 1149 4018 Patrem,
1208 3954 1264 4005 et
1313 3949 1548 4018 Filium,
1601 3956 1657 4007 et
1711 3953 1992 4024 Spiritum

344 4040 614 4092 sanctum
639 4037 911 4107 dicimus,
939 4038 1056 4094 imo
1077 4040 1270 4110 potius
1293 4056 1477 4096 unum
1498 4040 1990 4112 Deum,'sancram

340 4126 678 4182 Trinitatem
714 4144 727 4182 :
770 4126 914 4184 Filio
944 4131 1001 4183 et
1056 4129 1276 4200 Spiritu
1306 4131 1375 4185 ad
1401 4147 1581 4187 unam
1614 4132 1995 4203 eamdemque

346 4231 609 4286 causam,
641 4215 921 4270 nimirum
966 4218 1038 4272 ad
1087 4216 1309 4274 Patrem
1350 4217 1566 4287 relatis,
1599 4234 1715 4276 non
1753 4236 1994 4292 compo-

344 4305 499 4373 sitis,
532 4321 720 4377 neque
762 4305 1205 4378 conglutinatis,
1266 4313 1332 4363 ut
1389 4307 1627 4365 Sabellii
1673 4309 1994 4367 contractio

343 4393 525 4449 voluit
559 4414 572 4464 ;
616 4394 696 4451 ita
734 4395 890 4449 enim
927 4397 1373 4469 conjunguntur
1403 4415 1684 4470 persona},
1710 4401 1994 4472 quemad-

350 4484 591 4540 modum
627 4483 902 4554 diximus,
937 4490 1000 4541 ut
1020 4503 1136 4543 non
1160 4488 1615 4557 contundantur,
1640 4489 1743 4546 sed
1773 4495 1837 4546 ut
1868 4490 1994 4546 alia

348 4571 480 4632 aliis
504 4571 856 4642 adhaereant,
907 4579 1227 4645 mutuoque
1257 4593 1320 4632 se
1365 4577 1732 4649 contingant,
1775 4583 1996 4652 absque

2098 3405 2162 3461 Si
2189 3408 2313 3476 quis
2343 3405 2558 3464 Christi
2586 3407 2860 3475 Spiritum
2890 3426 3003 3466 non
3033 3410 3196 3466 habet
3229 3412 3295 3465 ιο.
3341 3411 3760 3482 Eumdemque

2100 3495 2270 3552 nobis
2302 3513 2405 3568 per
2435 3496 2650 3554 Filium
2685 3499 3051 3556 innotescere
3075 3505 3253 3572 atque
3277 3501 3453 3557 tribui
3481 3501 3760 3558 fatemur.

2097 3587 2192 3644 Ait
2221 3588 2378 3645 enim
2418 3589 2746 3661 Scriptura,
2800 3591 3136 3662 Insul/lavit,
3194 3591 3415 3647 etdixit
3467 3591 3770 3664 discipulis

2099 3679 2214 3733 suis
2247 3693 2259 3732 :
2297 3678 2538 3748 Accipite
2565 3678 2845 3745 Spiritum
2868 3685 3120 3736 sanctum
3153 3681 3220 3738 ¹¹.
3241 3681 3766 3744 Quemadmodum

2100 3783 2169 3822 ex
2197 3765 2320 3823 sole
2342 3767 2544 3824 radius
2565 3771 2622 3824 et
2651 3768 2948 3840 splendor.
2972 3768 3075 3826 Ille
3105 3769 3260 3826 enim
3285 3771 3434 3827 radii
3466 3779 3524 3827 et
3552 3770 3766 3843 splen-

2099 3857 2256 3913 doris
2288 3858 2417 3914 fons
2469 3862 2527 3913 et
2580 3858 2742 3930 origo
2803 3863 2912 3915 est.
2971 3863 3103 3915 Jam
3135 3876 3270 3916 vero
3322 3860 3493 3916 nobis
3551 3861 3770 3917 radius

2102 3946 2473 4018 splendorem
2505 3946 2768 4019 largitur,
2802 3952 2858 4005 et
2883 3949 2935 4005 is
2967 3953 3078 4017 est,
3136 3948 3238 4022 qui
3271 3966 3379 4007 nos
3434 3949 3773 4019 illuminat,

2100 4036 2386 4106 cujusque
2416 4037 2732 4109 participes
2754 4054 2981 4095 sumus.
3012 4038 3192 4096 Filius
3226 4056 3361 4095 vero
3395 4055 3586 4111 neque
3637 4041 3773 4112 Spi-

2101 4124 2285 4180 ritum
2318 4141 2467 4193 esse,
2501 4143 2692 4198 neque
2724 4142 2795 4183 ex
2839 4128 3055 4200 Spiritu
3114 4128 3430 4200 procedere
3475 4128 3768 4187 dicimus.

2689 4235 2844 4292 CAP.
2885 4235 3168 4292 XXXVII.

2101 4323 2358 4400 Eiusdem
2387 4323 2759 4400 (Damasceui)
2793 4328 2875 4381 De
2929 4327 3000 4400 iis
3039 4341 3164 4397 qua:
3210 4325 3278 4381 de
3308 4327 3413 4384 Deo
3469 4327 3774 4400 dicuntur,

2174 4397 2429 4467 quodque
2456 4399 2530 4451 ad
2559 4398 2834 4471 habitum,
2865 4399 3136 4453 actionem
3166 4403 3216 4454 et
3245 4404 3443 4455 caetera
3466 4399 3526 4454 id
3561 4397 3769 4471 genus,

2171 4483 2280 4522 non
2313 4473 2502 4524 autem
2525 4469 2596 4524 ad
2624 4470 2919 4526 essentiam
2950 4471 3252 4540 referenda
3283 4473 3414 4527 sint.

2178 4575 2325 4631 Deus
2358 4575 2611 4647 simplex
2634 4582 2746 4648 est,
2780 4582 2838 4633 et
2868 4577 3112 4634 minime
3144 4579 3531 4649 compositus.
3593 4583 3774 4648 Quod

352 4661 474 4718 ulla
503 4663 914 4720 commistione
943 4671 995 4719 et
1038 4665 1410 4722 concretione
1445 4683 1458 4720 :
1506 4682 1610 4722 nec
1644 4667 1724 4723 ita
1768 4668 2003 4740 disiun-
2033 4664 2080 4728 D
2112 4668 2309 4722 autem
2338 4683 2406 4722 ex
2437 4665 2640 4722 multis
2673 4671 2848 4737 atque
2879 4667 3124 4725 diversis
3145 4675 3397 4740 constat,
3429 4669 3484 4724 id
3517 4685 3774 4743 compo-

350 4761 570 4826 guntur
598 4758 663 4809 ut
694 4753 948 4809 essentia
1002 4751 1348 4824 dissideant,
1399 4759 1464 4810 ut
1502 4758 1621 4811 Arii
1672 4757 1881 4814 divisio
1914 4759 1996 4813 fa-

349 4841 607 4899 bulatur.
642 4843 724 4899 Ea
753 4845 841 4898 est
871 4841 1025 4898 enim
1061 4842 1338 4901 divinitas
1370 4848 1432 4900 ut
1459 4845 1515 4901 in
1563 4846 1787 4917 divisis,
1821 4847 1871 4903 si
1902 4863 1998 4904 res

354 4930 416 4986 in
474 4932 884 5004 compendium
958 4931 1358 4989 contrahenda
1441 4934 1538 5001 sit,
1623 4935 1997 4992 indivisibilis

356 5027 610 5089 maneat,
641 5027 698 5077 et
728 5023 1230 5095 quemadmodum
1264 5023 1323 5078 in
1377 5024 1567 5081 tribus
1621 5024 1844 5081 solibus
1885 5025 1997 5081 sibi

356 5115 558 5167 mutuo
590 5109 946 5168 haerentibus
977 5117 1034 5168 et
1053 5112 1433 5181 indistinctis,
1461 5114 1835 5170 unaluminis
1858 5119 1999 5171 tem-

354 5203 556 5272 perata
589 5201 780 5258 mistio
829 5205 888 5257 et
937 5201 1146 5272 copula
1189 5206 1294 5269 est,
1351 5202 1486 5259 inde
1551 5204 1616 5258 fit
1659 5208 1718 5260 ut
1789 5205 1998 5260 divini-

353 5291 493 5346 tatis
515 5289 714 5370 habita
747 5290 987 5358 ratione,
1047 5309 1286 5348 causam
1338 5309 1539 5360 unam,
1599 5295 1996 5352 monarchiam

353 5395 452 5436 seu
479 5378 718 5436 unitatis
749 5379 1080 5450 imperium,
1118 5399 1422 5456 unumque
1452 5391 1505 5439 et
1536 5386 1806 5441 eumdem
1849 5386 1999 5441 divi-

352 5469 577 5534 nitatis,
629 5478 686 5524 ut
745 5469 822 5526 ita
865 5469 1078 5539 dicam,
1130 5477 1354 5528 motum
1397 5477 1574 5544 atque
1611 5475 1995 5542 voluntatem,

347 5555 618 5614 essentiae
649 5559 898 5630 denique
924 5558 1114 5630 ipsius
1145 5560 1416 5632 actionis,
1459 5566 1517 5619 et
1579 5564 1998 5623 dominationis

417 5724 440 5762 ο
470 5720 643 5782 Joan.
675 5744 792 5803 xta,
823 5731 911 5790 10.
942 5729 989 5770 ¹⁰
1024 5729 1192 5788 Rem.
1220 5747 1344 5807 vni,
1375 5731 1430 5790 9.
1465 5733 1509 5774 ⁴¹
1539 5733 1711 5797 Joan.
1733 5751 1833 5811 xx,
1861 5734 1954 5798 22.

2108 4754 2286 4812 situm
2319 4760 2422 4813 est.
2453 4756 2585 4812 Jam
2609 4773 2742 4812 vero
2779 4756 2830 4812 si
2879 4758 3030 4828 quod
3090 4758 3417 4814 increatum
3462 4763 3571 4828 est,
3605 4764 3771 4832 quod

2108 4843 2394 4916 principio
2414 4850 2592 4913 caret,
2619 4845 3055 4917 quodidenique
3071 4846 3774 4919 incorporeum,immor-

2108 4933 2244 5000 tale,
2279 4935 2727 5006 sempiternum,
2757 4936 3000 5007 bonum,
3033 4937 3300 4994 omnium
3333 4938 3524 5009 Opifax
3562 4945 3683 5006 est,
3713 4945 3776 4996 et

2109 5029 2311 5080 caetera
2338 5024 2640 5097 id,genus,
2698 5024 3043 5081 essentiales
3091 5027 3150 5082 in
3225 5029 3335 5083 Deo
3401 5028 3774 5087 differentias

2108 5128 2237 5169 esse
2269 5113 2549 5184 diximus,
2581 5113 2638 5168 id
2673 5115 2826 5186 quod
2849 5130 2917 5169 ex
2950 5118 3031 5170 tot
3063 5116 3238 5171 rebus
3298 5117 3618 5185 constabit,
3654 5117 3779 5173 mi-

2108 5202 2267 5258 nime
2298 5204 2549 5274 simplex
2580 5203 2708 5270 erit,
2743 5203 2841 5258 sed
2881 5205 3294 5274 compositum.
3328 5205 3491 5269 Quod
3526 5207 3776 5278 quidem

2109 5292 2272 5348 nulla
2303 5309 2416 5348 non
2450 5293 2751 5364 impietate
2782 5292 3028 5349 laborat.
3063 5293 3158 5350 Sic
3184 5294 3370 5366 igitur
3427 5296 3781 5354 existiman-

2109 5388 2246 5442 dum
2278 5388 2390 5451 est,
2423 5383 2494 5438 de
2528 5382 2778 5455 singulis
2810 5397 3012 5440 eorum
3040 5400 3170 5456 qua)
3202 5385 3274 5440 de
3305 5390 3420 5441 Deo
3461 5385 3777 5446 dicuntur.

2110 5481 2176 5532 ut
2195 5471 2509 5530 essentiale
2539 5472 2686 5527 nihil
2718 5471 3070 5544 signiﬁcent,
3105 5475 3206 5529 sed
3233 5474 3349 5543 vel,
3376 5481 3445 5531 ut
3475 5478 3638 5548 quod
3672 5477 3779 5535 ille

2107 5582 2224 5622 non
2247 5567 2355 5635 est,
2381 5561 2441 5619 id
2460 5561 2836 5637 perspicuum
2858 5562 3076 5621 faciant
3090 5563 3177 5622 vel
3205 5563 3475 5623 habitum
3508 5564 3784 5641 aliquem
