4052 6440
306 435 462 499 11³17

1648 419 2046 483 THESAUBI
2086 415 2234 482 LIB.
2282 415 2362 479 II.

3572 414 3728 476 1178

310 570 384 626 ad
415 567 816 641 oppositorum
849 562 936 619 vel
968 566 1177 618 natura
1198 557 1676 630 consequentium
1703 553 1962 628 aliquod,
1989 556 2051 624 Α
2082 552 2211 622 ejus
2249 549 2337 606 vel
2387 549 2624 641 candor,
2674 548 2760 604 vel
2811 547 3053 641 nigredo
3104 545 3442 641 innotuerit.
3494 545 3606 602 Sed
3661 564 3728 603 ea

241 682 244 684 ·
310 660 398 715 vel
449 657 738 714 actionem
793 655 1092 710 denotent.
1146 653 1348 722 Itaque
1409 649 1561 704 inter
1607 660 1811 702 omnes
1861 643 1963 700 Dei

306 748 784 805 nomenclatores
813 744 976 799 nulla
1007 741 1153 797 mihi
1203 741 1387 810 magis
1439 737 1670 811 proprie
1711 736 1961 803 videtur,

302 855 478 909 quam
511 836 538 890 ὁ
584 829 682 904 ὧν,
715 852 842 900 seu,
873 834 923 889 is
955 834 1057 904 qui
1088 839 1200 887 est.
1222 827 1726 894 Quemadmodum
1750 825 1880 896 ipsa
1901 823 1961 877 in

303 933 498 985 monte
531 927 751 982 Mosem
787 923 1097 995 alloquens
1125 921 1240 976 ait:
1267 920 1441 975 Dicito
1464 917 1731 972 lsraetilis
1757 932 1770 970 :
1794 916 1844 970 Is
1866 912 1963 985 qui

307 1022 382 1073 est
412 1032 500 1072 me
543 1015 696 1070 misi.
729 1015 797 1070 1³.
831 1014 885 1069 ls
917 1012 1075 1067 enim
1109 1010 1333 1065 nullam
1380 1025 1497 1064 non
1544 1005 1852 1062 essentiam
1902 1004 1960 1058 in

307 1123 369 1161 se
409 1104 844 1176 complectitur,
880 1106 1162 1172 tanquam
1205 1103 1436 1153 vastum
1480 1095 1669 1152 nescio
1711 1093 1866 1164 quod
1907 1093 1964 1146 et

305 1195 659 1250 immensum
695 1191 963 1248 essentiaa
997 1190 1259 1261 pelagus.
1293 1188 1366 1243 Ut
1397 1192 1590 1242 autem
1631 1186 1797 1240 beato
1825 1183 1960 1238 Dio-

302 1284 468 1355 nysio
501 1283 752 1347 videtur,
777 1281 974 1336 Bonus
1000 1279 1253 1334 maxime
1276 1276 1508 1348 prepria
1527 1275 1624 1331 Dei
1646 1272 1961 1346 appellatio

299 1377 405 1440 est,
438 1388 543 1428 nec
573 1370 731 1426 enim
764 1370 1020 1426 essentia
1074 1368 1132 1423 in
1181 1373 1297 1424 Deo
1347 1367 1663 1422 bonitatem
1715 1377 1959 1435 praeces-

304 1459 454 1516 sisse
486 1459 603 1515 dici
636 1462 847 1530 potest.
891 1458 1154 1514 Alterum
1201 1471 1414 1511 nomen
1467 1451 1596 1512 Θεὸς
1647 1452 1802 1507 Deus
1851 1457 1957 1520 est,

299 1551 452 1620 quod
508 1549 724 1605 dicitur
779 1547 868 1604 vel
929 1545 988 1600 ἐκ
1040 1548 1139 1599 τοῦ
1195 1544 1353 1613 θέειν,
1411 1545 1501 1597 καὶ
1559 1542 1833 1617 περιέπειν
1891 1538 1958 1594 τὰ

300 1637 615 1711 σύμπαντα,
652 1639 761 1694 hoc
792 1642 904 1706 est,
939 1637 1093 1710 quod
1127 1653 1303 1693 cursu
1335 1651 1442 1692 suo
1469 1639 1527 1691 et
1553 1633 1777 1690 ambitu
1819 1649 1959 1688 con-

295 1729 480 1788 tineat
514 1728 812 1795 universa,
840 1726 927 1783 vel
959 1725 1020 1780 ἐκ
1043 1725 1142 1779 τοῦ
1172 1725 1364 1794 αἳθειν,
1397 1725 1453 1780 id
1487 1728 1578 1781 est
1627 1723 1699 1780 ab
1747 1723 1956 1778 arden-

299 1819 394 1874 do.
430 1819 588 1873 Deus
619 1817 775 1872 enim
807 1817 965 1888 ignis
995 1822 1104 1886 est,
1134 1833 1246 1887 quo
1275 1816 1485 1870 vitium
1524 1829 1698 1870 omne
1744 1829 1957 1868 consu-

304 1907 509 1976 mitur,
545 1907 633 1962 vel
661 1904 769 1959 ἆπὸ
800 1908 898 1958 τοῦ
929 1908 1146 1968 θεᾶσθαι
1199 1903 1265 1958 τὰ
1310 1903 1506 1974 πάντα,
1554 1903 1710 1974 quod
1758 1902 1957 1960 omnia
1988 1923 2034 1988 Β

300 1997 619 2052 intueatur.
653 1995 824 2052 Illum
856 1996 1014 2051 enim
1047 1994 1193 2050 nihil
1224 1994 1386 2062 latet,
1437 1999 1637 2063 estque
1684 1993 1950 2049 omnium

305 2103 500 2143 rerum
534 2086 882 2158 speculator,
917 2103 1052 2141 nam
1084 2085 1415 2158 speculatus
1444 2088 1535 2140 est
1576 2083 1773 2138 omnia
1819 2099 1953 2155 pro-

302 2177 559 2234 videntia
589 2195 715 2244 sua,
751 2178 1096 2250 priusquam
1143 2176 1455 2244 orirentur,
1486 2179 1542 2230 et
1587 2190 1783 2230 eorum
1831 2172 1950 2230 sin-

301 2265 440 2338 gula
468 2266 796 2323 voluntaria
827 2284 934 2322 sua
982 2266 1353 2338 cogitatione,
1397 2281 1526 2334 qua:
1577 2264 1817 2335 quidem
1865 2267 1957 2319 est

298 2355 758 2426 praedestinatio,
792 2355 1004 2426 imago,
1038 2363 1090 2410 et
1122 2353 1416 2425 exemplar
1445 2353 1505 2408 in
1541 2369 1600 2408 re
1648 2351 1951 2424 praedesti-

297 2451 458 2513 nata,
492 2444 550 2499 in
586 2461 704 2516 qua
750 2444 836 2500 ﬁt.
882 2444 1013 2500 Jam
1067 2443 1256 2515 priore
1309 2441 1749 2499 nomenclatura
1801 2440 1951 2512 ejus,

297 2533 605 2589 nimirum.
641 2533 693 2589 Is
718 2533 818 2604 qui
851 2538 962 2599 est,
995 2534 1123 2605 ipsa
1151 2531 1407 2589 essentia
1453 2531 1781 2601 exhibetur,
1835 2547 1953 2587 non

297 2628 493 2679 autem
527 2624 680 2694 quod
715 2622 857 2693 quid
905 2627 1030 2689 est;
1064 2622 1382 2694 posteriore
1410 2638 1572 2687 vero,
1625 2621 1776 2677 actio
1824 2621 1955 2692 ipsa

295 2713 516 2786 pateﬁt.
551 2712 832 2766 Caeterum
866 2711 987 2766 haec
1033 2711 1296 2779 nomina,
1348 2708 1612 2787 ἄναρχον,
1663 2710 1952 2783 principio

301 2817 530 2868 carens,
567 2800 1027 2873 incorruptibile,
1062 2801 1390 2872 ingenitum
1432 2803 1555 2856 sive
1597 2801 1947 2870 increatum,

299 2890 739 2961 incorporeum,
773 2890 1083 2958 invisibile,
1118 2896 1174 2945 et
1203 2889 1439 2958 similia,
1466 2889 1521 2945 id
1547 2889 1702 2961 quod
1727 2906 1842 2945 non
1865 2895 1952 2945 est

295 2979 580 3048 indicant,
613 2980 722 3035 hoc
753 2985 862 3046 est,
896 2981 952 3035 id
984 2980 1138 3050 quod
1169 2995 1298 3036 esse
1345 2995 1462 3035 non
1509 2980 1701 3050 cmpit.
1751 2977 1952 3050 Neque

295 3070 453 3126 enim
486 3071 906 3142 corrumpitur,
939 3085 1125 3141 neque
1157 3074 1387 3125 creatus
1428 3073 1538 3138 est,
1573 3083 1765 3138 neque
1812 3084 1948 3124 cor-

293 3176 408 3232 pus
439 3163 550 3230 est,
582 3176 771 3233 neque
809 3159 1054 3216 videtur.

367 3250 589 3306 Bonum
621 3254 842 3316 autem,
873 3251 1120 3320 justum,
1154 3253 1211 3305 et
1240 3255 1533 3320 sanctum,
1565 3250 1786 3304 natura)
1817 3246 1947 3319 qui-

288 3341 428 3395 dem
459 3341 835 3406 conveniunt,
865 3340 1056 3410 ipsam
1089 3357 1223 3396 vero
1277 3341 1595 3395 essentiam
1645 3338 1947 3410 haudqua-

285 3445 468 3500 quam
501 3430 930 3485 demonstrant.
969 3429 1252 3484 Dominus
1282 3428 1556 3500 denique,
1589 3445 1690 3484 rex
1737 3433 1795 3484 et
1843 3445 1949 3484 caa-

288 3523 422 3574 tera
469 3519 528 3574 id
583 3535 770 3590 genus
822 3517 1090 3574 habitum
1140 3519 1212 3573 ad
1269 3518 1539 3590 opposita
1589 3517 1946 3589 signiﬁcant.

284 3610 507 3666 Eorum
543 3608 699 3664 enim
733 3608 835 3680 qui
867 3607 1128 3665 dominio
1160 3608 1401 3680 subjecti
1433 3611 1595 3675 sunt,
1617 3607 1947 3664 Dominus:

286 3714 492 3755 eorum
552 3697 654 3769 qui
713 3713 912 3770 regno,
971 3714 1072 3753 rex
1120 3714 1134 3753 :
1203 3712 1403 3752 eorum
1463 3697 1564 3768 qui
1643 3696 1946 3766 creationi,

286 3793 561 3843 creator:
596 3803 796 3843 eorum
842 3787 1094 3857 denique
1149 3785 1250 3857 qui
1292 3785 1564 3859 pastioni,
1615 3790 1814 3858 pastor
1860 3787 1948 3842 di-

295 3877 470 3934 citur.

861 3983 1014 4041 CAP.
1067 3983 1373 4041 XXXVIII.

290 4075 547 4148 Ejusdem
575 4075 821 4148 Joannis
841 4076 1186 4148 Damasceni.
1222 4075 1291 4130 De
1319 4074 1511 4148 diuina
1559 4076 1949 4148 coniunctione

359 4151 415 4202 et
442 4147 774 4217 discretione
803 4145 1073 4217 (quodque
1121 4145 1225 4201 illa
1278 4149 1340 4202 in
1394 4147 1682 4216 Trinitate,
1725 4146 1842 4203 hac
1886 4151 1946 4203 in

363 4219 506 4272 Filio
526 4215 645 4272 solo
681 4215 1046 4286 intelligenda
1069 4217 1184 4288 sit).

361 4325 576 4382 Omnia
604 4341 740 4398 ergo
773 4326 1186 4394 communiter,
1219 4328 1422 4383 eodem
1456 4329 1630 4385 modo
1659 4328 1946 4401 simplici~

291 4419 404 4487 ter,
437 4415 709 4485 indivise,
740 4420 798 4472 et
843 4416 1155 4487 conjuncta
1205 4417 1274 4472 de
1326 4417 1601 4475 universa
1647 4417 1945 4476 divinitate

289 4506 632 4579 accipienda
662 4511 822 4564 sunt.
851 4507 1132 4564 Distincte
1162 4524 1316 4577 vero,
1363 4525 1464 4565 seu
1510 4509 1782 4582 discreto,
1834 4510 1943 4567 Pa-

2072 646 2304 698 tantum
2336 639 2624 706 novimus,
2659 655 2786 710 qua:
2818 639 2871 694 ei
2903 639 3194 709 adjacent.
3228 636 3374 693 Vera
3405 641 3600 692 autem
3633 653 3727 692 ra-

2072 732 2230 788 tione
2259 730 2632 797 instruimur,
2678 727 3005 799 simplicem
3056 743 3184 783 esse
3233 732 3441 791 Deum,
3495 741 3726 795 unaque

2072 822 2328 893 simplici
2358 819 2584 876 actione
2618 820 2768 874 bona
2800 818 3132 889 praeditum,
3163 834 3292 889 quae
3325 817 3523 873 omnia
3546 817 3728 872 omni-

2071 913 2182 967 bus
2213 915 2512 982 suggerat,
2543 908 2690 964 radii
2723 906 2930 964 solaris
2975 906 3189 974 instar,
3219 907 3322 977 qui
3370 909 3578 961 cuncta
3626 923 3725 961 ca-

2071 999 2283 1070 lefacit,
2316 1005 2372 1055 et
2403 999 2460 1054 in
2494 997 2747 1070 singulis
2781 1001 2953 1068 prout
2981 999 3117 1067 apta
3164 995 3515 1066 capaciaquc
3563 1001 3724 1067 sunt,

2072 1095 2368 1163 operatur,
2402 1090 2510 1145 hac
2543 1088 2772 1145 actione
2803 1087 3080 1160 praeditus
3121 1085 3214 1142 Dei
3249 1086 3527 1142 creatoris
3558 1086 3729 1142 bene-

2071 1180 2219 1238 ﬁcio.
2257 1181 2514 1236 Discreta
2544 1195 2714 1250 porro
2748 1183 2888 1234 sunt
2935 1180 2990 1232 et
3034 1176 3315 1246 sejuncta,
3366 1192 3726 1248 quaecunque

2068 1271 2140 1326 ad
2175 1269 2434 1324 divinam
2465 1274 2523 1324 et
2544 1267 2928 1323 humanitatis
2952 1266 3184 1338 plenam
3207 1264 3308 1320 Dei
3332 1263 3508 1320 Verbi
3531 1263 3722 1320 incar-

2069 1359 2369 1416 nationem
2430 1359 2743 1429 pertinent.
2805 1357 3017 1412 Eorum
3075 1355 3231 1411 enim
3307 1353 3468 1410 nullo
3545 1355 3720 1409 modo

2068 1448 2237 1506 Pater
2287 1452 2346 1505 et
2401 1447 2655 1521 Spiritus
2714 1446 3022 1518 participes
3074 1449 3235 1512 sunt,
3305 1443 3420 1500 nisi
3489 1446 3719 1500 tantum

2067 1539 2207 1610 quia
2238 1539 2469 1610 utrique
2525 1538 2674 1594 bene
2733 1536 3146 1610 complacitum
3206 1537 3313 1602 est,
3364 1538 3421 1590 et
3469 1537 3722 1590 miracu-

2064 1628 2256 1685 lorum
2291 1628 2468 1685 editio
2500 1627 2602 1683 illa
2653 1623 3069 1682 inenarrabilis
3117 1624 3354 1681 arrisit:
3414 1640 3540 1696 quae
3589 1623 3721 1694 qui-

2066 1719 2196 1775 dem
2257 1735 2290 1774 a
2344 1717 2532 1773 Verbo
2594 1722 2730 1786 Deo,
2784 1716 2962 1772 etiam
3015 1714 3256 1770 homine
3315 1713 3483 1768 nobis
3542 1711 3721 1768 simili

2065 1807 2240 1875 facto,
2274 1812 2553 1879 tanquam
2581 1807 2697 1862 Deo
2731 1803 3108 1872 immutabili,
3141 1807 3200 1859 et
3233 1803 3330 1860 Dei
3364 1801 3529 1871 Filio,
3564 1803 3720 1859 edita

2065 1903 2224 1955 sunt.

2658 2007 2808 2062 CAP.
2864 2003 3113 2061 XXXIX.

2057 2100 2099 2168 -Ι-
2127 2097 2384 2170 Ejusdem
2409 2113 2480 2154 ex
2518 2113 2640 2170 cap.
2698 2094 2879 2170 tida
2935 2097 3008 2151 iis
3059 2111 3185 2170 quis
3237 2093 3593 2165 corporaliter
3649 2094 3714 2151 de

2618 2169 2722 2224 Deo
2741 2168 3007 2224 dicuntur
3048 2167 3184 2239 (12).

2132 2259 2277 2324 Quia
2307 2274 2440 2315 vero
2472 2257 2747 2330 pleraque
2796 2257 2980 2314 sacris
3025 2257 3342 2328 Scripturis
3392 2255 3476 2312 ita
3522 2272 3706 2311 enun-

2057 2347 2204 2405 tiata
2257 2347 2766 2420 deprehendimus,
2808 2352 2869 2404 ut
2912 2363 3257 2419 corporeum
3305 2346 3419 2419 (t3)
3464 2344 3707 2416 aliquid,

2059 2438 2218 2496 velut
2246 2455 2315 2495 ex
2345 2438 2683 2510 conjectura
2713 2438 3041 2510 designent,
3091 2437 3394 2494 sciendum
3444 2440 3532 2492 est
3583 2433 3711 2490 ﬁeri

2060 2545 2177 2585 non
2212 2545 2403 2600 posse,
2437 2533 2500 2584 ut
2531 2546 2658 2600 nos,
2690 2545 2822 2586 cum
2856 2527 3128 2584 homines
3157 2526 3344 2584 simus
3375 2527 3483 2582 hac
3501 2541 3711 2582 carnea

2061 2635 2259 2675 massa
2287 2616 2673 2688 circumtecti,
2706 2617 2956 2686 divinas,
2989 2616 3272 2685 excelsas,
3321 2620 3378 2672 et
3424 2615 3496 2672 ab
3549 2615 3713 2672 omni

2062 2708 2306 2764 materia
2338 2712 2609 2772 remotas,
2644 2707 2967 2764 divinitatis
2996 2707 3255 2763 actiones
3288 2705 3583 2763 intellectu
3608 2720 3707 2760 as-

2061 2813 2404 2869 sequamur,
2439 2802 2540 2854 aut
2572 2798 2763 2855 verbis
2795 2798 3196 2870 exprimamus
3226 2814 3238 2852 :
3276 2795 3387 2853 nisi
3436 2795 3708 2866 imagini-

2061 2886 2192 2957 bus,
2226 2887 2430 2944 formis
2459 2893 2516 2944 et
2549 2886 2832 2960 symbolis
2863 2887 3015 2943 inter
3046 2904 3150 2943 nos
3173 2886 3423 2958 cognitis
3457 2894 3706 2942 utamur.

2059 2979 2431 3050 Quaecunque
2462 2994 2597 3050 ergo
2631 2979 2702 3034 de
2731 2983 2850 3034 Deo
2880 2977 3263 3050 corporaliter
3301 2975 3708 3045 enuntientur,

2059 3083 2127 3123 ex
2161 3068 2495 3139 conjectura
2528 3069 2878 3138 dependent,
2911 3067 2970 3122 in
3021 3067 3095 3122 iis
3145 3070 3338 3122 autem
3397 3065 3712 3122 sublimior

2060 3157 2278 3230 aliquis
2309 3173 2524 3214 sensus
2554 3157 2865 3215 delitescit.
2899 3156 3151 3228 Simplex
3197 3156 3350 3212 enim
3405 3157 3553 3212 Deus
3598 3159 3708 3223 est,

2064 3265 2254 3320 neque
2311 3248 2428 3304 ulla
2479 3248 2664 3321 ﬁgura
2714 3246 3160 3304 lineamentisve
3207 3245 3440 3319 depingi
3494 3250 3709 3318 potest.

2063 3338 2251 3410 Igitur
2281 3338 2606 3404 oculorum,
2641 3338 3081 3410 palpebrarum,
3115 3341 3580 3410 conspectusque
3609 3336 3708 3392 Dei

2062 3428 2298 3485 nomine
2329 3428 2444 3484 vim
2477 3429 2608 3501 ejus
2637 3427 3043 3500 intelligimus,
3090 3445 3208 3500 qua
3255 3444 3347 3484 res
3402 3427 3706 3484 universas

2061 3520 2511 3592 contemplatur,
2543 3535 2791 3592 eamque
2822 3520 2964 3576 adeo
2995 3520 3412 3591 cognitionem,
3455 3536 3573 3592 qua
3619 3518 3704 3587 ﬁt,

2061 3613 2126 3665 ut
2182 3609 2328 3666 nihil
2387 3609 2552 3666 illum
2606 3610 2786 3667 lateat
2832 3611 2970 3682 quia
3025 3610 3307 3666 nimirum
3359 3609 3707 3681 hujusmodi

2059 3715 2270 3756 sensus
2302 3699 2582 3756 beneﬁcio
2613 3701 3016 3772 pert‘ectiorem
3049 3717 3242 3756 rerum
3294 3699 3707 3772 cognitionem,

2059 3792 2118 3844 et
2147 3787 2453 3844 certiorem
2487 3789 2924 3861 persuasionem
2971 3789 3410 3860 consequimur.
3457 3787 3707 3845 Aurium

2060 3877 2198 3934 item
2230 3878 2588 3950 auditusque
2617 3879 2855 3936 nomine
2878 3878 3334 3951 placabilitatem
3368 3878 3518 3949 ejus,
3551 3882 3606 3934 et
3635 3878 3707 3934 ad

2058 3971 2191 4023 vota
2223 3971 2423 4023 nostra
2453 3983 2772 4040 precesque
2803 3969 3254 4041 propensionem
3305 3967 3706 4038 designamus.

2057 4056 2174 4113 Nos
2203 4057 2355 4112 enim
2389 4056 2567 4129 hujus
2588 4073 2800 4114 sensus
2824 4057 3104 4114 beneﬁcio
3127 4056 3492 4128 supplicibus
3512 4057 3709 4113 faciles

2058 4154 2114 4204 et
2143 4146 2462 4204 exorabiles
2497 4147 2810 4214 efficimur,
2843 4147 3043 4220 eisque
3083 4163 3284 4203 aurem
3334 4146 3710 4203 familiariora

2059 4239 2313 4312 quodam
2348 4239 2520 4296 modo
2553 4238 2930 4296 inclinamus.
2963 4239 3094 4295 Oris
3129 4256 3298 4310 porro
3332 4244 3388 4294 et
3419 4239 3709 4294 sermonis

2057 4330 2449 4402 appellatione
2479 4335 2706 4386 certum
2739 4330 2972 4402 aliquod
3005 4329 3322 4386 voluntatis
3376 4330 3506 4400 ejus
3556 4329 3710 4386 indi-

2057 4418 2204 4474 cium
2235 4419 2667 4492 depromimus,
2699 4421 2840 4492 quia
2866 4421 3046 4477 moris
3089 4424 3180 4476 est
3230 4420 3400 4476 nobis
3443 4419 3709 4477 cordium

2055 4512 2390 4565 nostrorum
2423 4526 2638 4566 arcana
2665 4508 2783 4566 oris
2815 4513 2874 4566 et
2903 4511 3195 4567 sermonis
3235 4508 3516 4567 beneﬁcio
3547 4513 3707 4567 rete-

291 4601 398 4660 ter,
436 4595 620 4653 Filius
651 4602 710 4654 et
735 4597 1007 4669 Spiritus,
1043 4598 1436 4666 incausatum,
1468 4605 1801 4669 causatum,
1847 4601 1940 4657 in-
1971 4631 2020 4698 Β
2053 4613 2208 4671 gere.
2241 4599 2366 4656 Cibi
2399 4616 2634 4671 quoque
2665 4605 2723 4656 et
2752 4609 2926 4673 potus
2952 4599 3397 4657 nomenclatura
3437 4604 3708 4657 nostrum

292 4688 580 4758 genitum,
615 4690 903 4760 genitum,
937 4693 994 4744 et
1024 4691 1366 4761 procedens,
1398 4707 1524 4762 quae
1554 4690 1797 4762 quidem
1844 4707 1943 4748 es-

283 4778 487 4835 sentia
520 4778 1012 4849 signiﬁcationem
1066 4779 1292 4836 nullam
1343 4780 1580 4849 habent,
1630 4781 1732 4837 sed
1783 4781 1943 4837 modi

283 4868 492 4934 solius,
526 4883 639 4938 quo
672 4885 733 4923 se
765 4868 923 4924 aliud
957 4869 1029 4924 ad
1065 4868 1222 4926 aliud
1257 4869 1453 4937 habet,
1477 4874 1534 4926 et
1553 4887 1669 4942 quo
1691 4871 1940 4929 exsistit.

285 4959 390 5014 His
422 4957 604 5029 igitur
634 4957 904 5029 cognitis,
938 4957 1145 5029 viaque
1178 4959 1312 5015 inde
1364 4961 1432 5015 ad
1484 4960 1801 5016 essentiam
1849 4960 1941 5032 ip-

279 5065 434 5116 sam,
469 5047 568 5104 sed
601 5047 866 5103 essentia;
908 5051 1138 5104 tantum
1187 5050 1514 5120 adjacentia
1560 5049 1940 5120 comprehen-

275 5139 505 5194 dimus.
539 5137 1050 5203 Quemadmodum
1086 5155 1191 5196 nec
1223 5138 1272 5194 si
1301 5139 1666 5211 exploratum
1700 5141 1936 5213 quidem

277 5227 608 5284 habeamus
639 5227 894 5283 animum
929 5229 1210 5299 corporis,
1243 5231 1594 5300 quantitatis
1635 5235 1691 5286 et
1737 5230 1935 5302 ﬁgures

272 5321 571 5388 expertem
631 5334 781 5384 esse,
833 5317 1106 5374 continuo
1158 5318 1284 5389 ejus
1335 5320 1648 5376 essentiam
1705 5337 1934 5393 quoque

273 5406 852 5477 comprehendimus,
887 5423 1076 5479 neque
1119 5409 1382 5480 corporis
1434 5410 1576 5466 item
1625 5410 1836 5482 ipsius,
1882 5411 1934 5467 si

346 5505 392 5541 ⁸³
422 5506 601 5562 Exod.
635 5522 719 5575 ιιι,
753 5507 841 5564 IL

349 5604 462 5745 212;
491 5601 635 5686 Vide
666 5606 1010 5679 Patrologim
1040 5610 1184 5664 tom.
1218 5605 1414 5678 XCIV,
1449 5608 1558 5665 col.
1585 5610 1710 5666 841.

374 5675 439 5731 13
492 5674 723 5733 Nicetes
756 5681 1084 5745 σωματικῶς
1115 5679 1311 5745 habet,
1364 5685 1423 5736 at
1468 5681 1710 5745 Zigaber

325 5674 462 5757 .(13)
492 5674 723 5757 Nicetes
756 5674 1090 5757 σωμᾳῑεκῶς
1115 5679 1319 5757 habet,
1364 5674 1798 5757 at_Zigabe_nus
1842 5679 1931 5739 le-

277 5747 442 5829 gisse
461 5747 688 5808 videtur
710 5765 777 5821 ση
786 5747 1054 5828 meum,
1075 5751 1135 5811 id
1155 5747 1650 5829 θοιρίσπίρεαιῗυε.
1676 5753 1933 5829 Utraque

2055 4691 2126 4745 ad
2159 4689 2287 4761 ejus
2321 4689 2677 4747 voluntatem
2711 4707 3064 4748 concursum
3106 4691 3364 4746 denotat.
3399 4689 3516 4746 Nos
3546 4689 3704 4747 enim

2055 4794 2232 4835 sensu
2259 4784 2533 4850 gustatus
2566 4781 2900 4838 necessario
2925 4785 3143 4837 natura
3167 4779 3448 4852 appetitui
3471 4778 3708 4835 satisfa-

2053 4870 2262 4926 cimus.
2287 4869 2544 4927 Olfactus
2577 4870 2966 4942 appellatione
2996 4871 3114 4926 vim
3147 4869 3317 4926 nobis
3344 4869 3580 4926 insitam
3613 4869 3709 4926 in-

2053 4959 2395 5032 telligimus,
2430 4977 2558 5032 qua:
2591 4964 2850 5016 nostram
2882 4975 3020 5032 erga
3049 4960 3234 5016 Deum
3267 4958 3627 5016 voluntatem
3651 4965 3709 5017 et

2049 5049 2515 5106 benevolentiam
2574 5053 2843 5120 testatur,
2883 5050 3024 5121 quia
3076 5049 3357 5106 nimirum
3408 5066 3474 5106 eo
3525 5066 3704 5106 sensu

2048 5141 2507 5198 suaveolentiam
2541 5143 2786 5198 odorum
2819 5142 3194 5214 percipimus.
3243 5143 3511 5199 Personas
3559 5142 3701 5198 item

2046 5231 2326 5288 vocabulo
2359 5249 2485 5288 eam
2521 5231 2619 5287 Dei
2651 5232 3021 5304 praesentiam
3071 5233 3532 5303 subindicamus,
3583 5249 3701 5304 qua

2044 5319 2142 5377 ille
2173 5338 2350 5393 opera
2383 5339 2491 5377 sua
2521 5321 2804 5389 vicissim,
2827 5327 2884 5378 et
2913 5322 3084 5394 quasi
3106 5324 3456 5391 successive,
3489 5323 3703 5378 lustrat

2043 5415 2100 5468 et
2128 5417 2388 5484 permeat
2419 5413 2552 5486 (14),
2591 5413 2729 5485 quia
2777 5413 3057 5471 nimirum
3106 5433 3368 5488 personae
3418 5413 3702 5477 beneﬁcio

2038 5609 2213 5685 lectio
2245 5610 2489 5685 defendi
2515 5616 2723 5685 potest.

2042 5683 2229 5814 0⁸ἑΗ)
2282 5683 2533 5743 Consule
2583 5683 3032 5754 Damascenum,
3105 5703 3242 5745 nam
3319 5686 3532 5747 lacuna
3601 5686 3697 5746 hic
