2026 3184
197 186 275 218 1179

196 256 356 290 prasentes
372 262 424 282 nos
439 253 521 290 ipsos
536 253 678 281 sistimus.
696 255 751 281 Per
764 260 868 281 manus
879 253 966 281 etiam
978 253 1022 281 vis
1037 253 1065 287 Α

197 297 248 326 illa
259 298 432 333 intelligitur
446 307 505 334 qua
520 298 571 326 Dei
590 298 665 326 actio
681 298 856 326 absolvitur:
875 306 927 326 nos
947 298 1025 325 enim

200 351 265 379 quas
281 344 367 371 nobis
382 343 467 371 utilia
482 345 561 379 sunt,
578 346 607 372 et
634 344 663 372 in
688 344 791 379 primis
814 344 1026 380 pretiosissima

199 395 321 423 quaeque
332 388 575 416 administramus
591 389 738 416 manibus.
753 391 806 416 Per
817 389 946 417 dextram
957 397 1026 425 quo-

200 440 254 469 que
266 441 350 468 opem
362 433 490 460 divinam
503 433 664 469 intelligere
674 433 811 467 solemus,
824 442 887 469 qua
898 435 983 462 nobis
995 434 1023 462 in

198 478 287 505 rebus
304 478 450 513 prosperis
465 478 606 505 adest:in
623 478 657 506 iis
672 478 750 506 enim
763 487 828 514 quae
853 480 940 515 paulo
953 478 1024 515 poli-

197 522 272 550 tiora
286 525 314 550 et
326 522 472 551 ornatiora
482 523 568 551 nobis
577 525 665 559 atque
674 523 808 560 pluribus
819 532 903 560 egere
913 524 1024 552 viribus

198 567 343 601 videntur,
351 568 451 595 dextra
462 576 551 595 manu
562 568 620 596 fere
631 568 821 601 utimur,Jam
833 569 1024 605 palpationem

198 611 269 647 quid
286 611 377 645 aliud,
390 620 500 648 quasso,
512 621 576 641 esse
588 613 729 646 dicemus,
742 622 829 649 quam
842 613 1022 642 subtiliorem

200 656 248 684 Dei
264 659 408 684 eteorum
425 665 487 692 quae
502 660 572 685 sunt
595 657 679 686 valde
703 657 823 686 subtilia
847 661 876 686 et
899 662 1023 687 obscura

197 701 447 738 disquisitionem,
468 705 496 731 et
518 703 693 732 exactiorem
720 704 1023 740 prmvestigationem?

196 746 329 775 humano
344 747 422 775 enim
439 755 521 776 more
536 748 579 781 ﬁt,
597 750 629 776 ut
643 748 693 784 qui
710 748 885 785 palpantur,
903 749 976 777 nihil
992 750 1021 777 in

197 799 228 819 se
246 792 318 827 ipsis
333 792 426 820 celare
442 795 563 828 queant.
580 793 709 821 Pedibus
725 793 919 821 consimiliter
932 796 960 821 et
976 794 1021 821 in-

199 844 295 870 cessu,
319 836 416 864 venire
440 840 602 872 priuatoque
627 838 729 865 adesse
752 838 960 873 significamus,
986 839 1022 866 ad

197 889 282 916 opem
299 881 481 916 supplicibus
499 882 658 916 ferendam,
675 883 717 910 vel
734 882 832 911 hostes
849 884 1021 919 propulsan-

199 925 262 959 dos,
280 925 321 951 vel
340 924 418 953 aliud
436 926 549 960 quidvis
570 927 663 954 simile
683 928 840 963 agendum,
871 931 1022 963 propterea
1038 941 1061 974 Β

199 969 276 1005 quod
294 970 417 1004 pedibus
439 979 471 997 eo
499 971 646 1006 pervenire
670 972 827 1005 soleamus,
852 981 908 1008 quo
934 973 1021 1000 desti—

198 1014 343 1042 navimus.
361 1016 555 1050 Jurejurando
571 1016 672 1044 itidem
690 1026 777 1052 quam
804 1018 888 1045 ﬁrma
915 1018 951 1045 sil
973 1026 1022 1045 vo-

198 1059 299 1087 luntas
323 1060 419 1087 divina
449 1061 622 1095 ostenditur,
646 1070 698 1089 nos
723 1062 800 1089 enim
826 1062 1022 1098 jurisjurandi

201 1104 341 1139 religione
358 1105 469 1133 mutuis
486 1107 727 1134 conventionibus
750 1108 857 1134 nostris
882 1108 971 1135 robur
994 1111 1023 1135 et

199 1149 315 1184 pondus
332 1150 437 1177 addere
453 1151 669 1179 consuevimus.
687 1152 826 1179 Caeterum
841 1152 890 1180 irae
902 1153 1021 1180 furoris-

199 1202 256 1229 que
273 1194 390 1222 nomine
406 1195 607 1230 significamus
619 1199 728 1231 quanto
743 1196 820 1225 Dens
831 1198 897 1225 odio
906 1197 1021 1232 habeat,

198 1242 400 1276 quantumque
418 1244 566 1269 aversetur
582 1242 694 1269 vitium.
713 1242 769 1269 Nos
789 1243 877 1277 enim,
902 1243 925 1270 si
950 1244 1019 1279 quid

197 1287 297 1312 contra
313 1285 374 1319 fiat,
391 1294 478 1321 quam
496 1286 580 1313 nobis
596 1287 736 1319 videatur,
754 1287 898 1322 indignari
915 1290 942 1314 et
952 1296 1021 1315 suc-

194 1338 312 1357 censere
339 1330 478 1358 solemus.
510 1331 563 1358 Per
595 1331 768 1359 oblivionem
803 1332 939 1368 denique,
970 1341 1019 1368 per

192 1382 338 1408 somnum,
357 1377 385 1402 at
408 1384 459 1410 per
482 1376 729 1410 dormitationem,
754 1377 855 1404 dilatio
880 1379 1019 1413 repetun-

191 1418 295 1447 darum
313 1421 347 1448 de
364 1421 446 1449 hoste
463 1430 613 1457 pmnarum
631 1424 658 1450 et
678 1423 947 1458 comperendinatio
973 1423 1019 1450 in-

190 1464 340 1499 telligitur,
358 1466 494 1501 solitique
517 1466 615 1494 auxilii
643 1467 835 1494 familiaribus
859 1467 967 1495 nostris
991 1470 1019 1495 et

194 1509 298 1537 amicis
314 1511 470 1543 praestandi
488 1511 721 1546 procrastinatio.
734 1511 771 1538 Ut
786 1511 874 1538 simul
887 1514 916 1539 et
926 1512 1017 1539 semel

191 1554 377 1588 concludam,
404 1555 557 1590 multaque
581 1556 682 1590 paucis
705 1555 903 1591 complectar;
929 1557 957 1583 in
982 1556 1018 1584 iis

190 1598 330 1626 omnibus
342 1607 407 1634 quae
423 1600 613 1634 corporaliter
627 1600 661 1627 de
681 1600 739 1627 Deo
764 1600 910 1634 dicuntur,
937 1609 1017 1628 arcn-

189 1649 246 1669 nus
262 1642 381 1677 quidam
398 1650 504 1670 sensus
524 1643 678 1679 delitescit,
695 1644 745 1679 qui
761 1653 858 1672 rerum
875 1646 952 1673 inter
964 1654 1016 1673 nos

188 1685 364 1713 usitalarum
382 1687 500 1714 obtentu
518 1696 551 1714 ea
567 1696 631 1723 qua:
648 1697 737 1724 supra
749 1697 801 1716 nos
817 1693 885 1716 sunt
902 1691 1012 1724 edocet,

191 1730 247 1758 nisi
265 1730 336 1758 forte
354 1731 424 1766 quid
440 1732 474 1759 de
489 1732 631 1767 corporali
649 1733 732 1761 Verbi
749 1734 795 1761 Dei
824 1735 949 1762 adventu
973 1735 1018 1762 di-

193 1778 271 1803 ctum
285 1775 333 1803 sit.
351 1776 377 1803 Is
393 1777 470 1804 enim
487 1780 581 1805 totum
599 1778 747 1806 hominem
760 1779 865 1813 induit,
879 1780 1017 1808 utsalvos

193 1829 247 1848 nos
264 1821 380 1854 faceret,
397 1822 451 1849 hoc
462 1825 506 1850 est
518 1823 646 1850 animam
660 1824 825 1852 intellectus
836 1826 1016 1861 participem,

192 1867 221 1892 et
235 1873 351 1901 corpus,
368 1874 427 1894 una
442 1875 506 1894 cum
524 1867 560 1894 iis
576 1876 638 1903 quis
659 1870 768 1896 natura:
792 1869 927 1897 humana;
949 1879 1016 1906 pro-

189 1912 253 1946 pria
273 1912 352 1943 sunt,
368 1911 494 1946 denique
508 1912 656 1940 naturales
669 1915 698 1940 et
720 1913 921 1942 immutabiles
949 1923 1016 1950 pas-

192 1962 298 1983 siones.

528 2039 606 2067 CAP.
628 2040 688 2068 XL.

244 2101 281 2129 Ds
295 2102 412 2138 angelis,
428 2101 514 2129 altera
528 2102 595 2130 libri
614 2102 694 2136 huius
713 2105 795 2139 parte
812 2105 960 2140 praecipua.

227 2172 300 2204 Quis
314 2180 381 2199 vero
397 2173 524 2208 primum
540 2175 739 2209 aeternumque
755 2174 854 2202 lumen
873 2175 948 2204 Deus
969 2176 1015 2203 di-

188 2217 275 2250 citur,
302 2218 463 2245 secundum
492 2221 600 2251 autem,
625 2219 742 2246 ordines
772 2219 943 2255 angelorum
970 2221 1015 2248 in-

187 2261 302 2289 tellectu
332 2262 457 2298 prediti,
487 2263 522 2290 de
551 2262 587 2290 iis
615 2271 732 2298 quoque
759 2272 849 2299 pauca
885 2265 1015 2294 dicenda

190 2311 269 2335 sunt.

222 2352 349 2388 Angelus
377 2352 506 2381 essentia
534 2355 578 2381 est
607 2352 757 2381 intellectu
787 2355 917 2389 praadita,
949 2364 1012 2391 qua:

187 2404 305 2433 semper
318 2398 460 2431 movetur,
491 2396 576 2424 liberi
603 2398 728 2431 arbitrii,
754 2398 935 2434 incorporea,
963 2400 1013 2428 Dei

188 2441 353 2469 ministerio
368 2445 396 2469 et
411 2442 503 2470 cultui
515 2442 641 2474 addicta,
654 2447 824 2478 naturaque
836 2444 1013 2473 immortalis

187 2494 241 2522 per
266 2486 391 2522 gratiam
421 2487 565 2523 particeps
603 2487 716 2516 eti'ecta.
758 2488 849 2524 Cujus
892 2490 1011 2525 quidem

187 2531 320 2559 essentiaz
335 2540 400 2568 qus
415 2532 454 2560 sit
469 2532 572 2566 lorma,
588 2533 696 2568 quique
713 2533 854 2561 terminus
865 2534 917 2562 soli
929 2537 1012 2563 Crea-

183 2575 240 2604 tori
255 2580 440 2613 perspectum
467 2579 496 2605 et
523 2577 723 2613 exsploratum
756 2580 812 2606 est.
839 2578 1013 2615 Incorporea

185 2628 272 2657 porro
301 2623 331 2649 et
358 2629 462 2656 expers
489 2622 616 2649 materiae
643 2621 762 2655 dicitur,
798 2623 823 2650 si
858 2624 1011 2653 nobiscum

186 2666 364 2694 conferatur.
386 2665 532 2701 Quidquid
557 2666 634 2694 enim
659 2669 703 2695 est
728 2667 757 2694 in
783 2676 881 2696 rerum
907 2673 1014 2699 natura

188 2717 320 2738 crassum
336 2713 364 2739 et
379 2710 528 2739 msteriale
544 2710 782 2746 deprehenditur,
805 2714 830 2741 si
863 2722 928 2742 cum
957 2716 1012 2743 Deo

187 2753 363 2789 conferatur,
380 2756 430 2792 qui
446 2756 527 2783 solus
551 2755 587 2783 ab
611 2756 692 2784 omni
716 2758 917 2794 corporatione
939 2759 1013 2787 liber

187 2802 215 2828 et
243 2797 384 2828 immunis
410 2803 519 2829 manet.
549 2799 698 2835 Siquidem
730 2801 807 2831 Deus
844 2802 926 2832 solus
956 2806 1011 2839 est,

186 2840 240 2882 qui
267 2849 334 2874 vere
361 2845 398 2875 ab
433 2844 514 2875 omni
551 2845 675 2875 materia
716 2849 860 2883 remotus,
899 2850 928 2877 et
963 2848 1011 2878 in-

1032 2311 1055 2343 D

851 183 1005 217 NIGETE
1026 184 1234 217 GHONIATJI

1831 188 1917 219 1180

1078 260 1237 290 corporeus
1265 252 1323 281 dici
1345 254 1450 289 potest.
1474 252 1602 289 Angelus
1626 261 1695 290 ergo
1725 256 1835 283 natura
1871 257 1921 285 est

1082 298 1214 330 rationis,
1239 297 1414 331 intellectus,
1444 300 1473 326 et
1500 298 1584 326 liberi
1614 298 1727 326 arbitrii
1753 300 1919 336 particeps,

1081 351 1145 378 quis
1159 343 1333 371 sententiam
1342 345 1456 371 mutare
1467 345 1572 379 potest,
1584 352 1634 372 seu
1647 346 1751 380 sponte
1762 345 1918 374 mutabilis

1081 390 1136 415 est.
1153 387 1301 423 Quidquid
1318 387 1395 416 enim
1412 390 1554 422 creatum,
1567 388 1643 417 idem
1656 390 1684 416 et
1696 389 1916 419 mutabileest:

1079 432 1243 460 increatum
1260 431 1357 460 solum
1374 434 1418 461 est
1432 433 1626 461 immutabile.
1649 434 1722 461 Item
1757 434 1911 470 quidquid

1080 476 1192 504 ratione
1208 476 1372 512 praeditum,
1388 477 1466 505 idem
1483 479 1512 504 et
1527 477 1610 505 liberi
1627 477 1741 505 arbitrii
1755 480 1813 506 est.
1836 480 1915 511 Qua-

1080 523 1166 549 tenus
1189 528 1258 557 ergo
1283 521 1404 549 rationis
1431 523 1459 549 et
1486 521 1654 551 intellectus
1679 522 1831 559 particeps
1856 526 1913 559 est,

1079 566 1165 594 liberi
1181 574 1298 602 quoque
1312 566 1425 594 arbitrii
1440 568 1504 595 est:
1520 569 1665 602 quatenus
1690 570 1788 596 autem
1816 571 1910 596 creata

1078 613 1133 645 est,
1151 610 1306 639 mutationi
1320 611 1409 639 etiam
1424 611 1550 640 obnoxia
1568 614 1623 641 est.
1649 614 1686 640 Ut
1709 612 1758 640 cui
1783 612 1904 641 liberum

1078 658 1106 684 et
1122 656 1269 692 integrum
1285 656 1325 684 sit
1340 664 1457 685 manere
1473 660 1500 684 et
1517 657 1656 693 proﬁcere
1668 657 1697 684 in
1712 657 1804 693 bono,
1822 660 1908 693 atque

1078 700 1107 729 in
1119 701 1248 729 deterius
1257 700 1418 730 deﬂectere.
1433 701 1628 729 Panitudinis
1638 704 1735 729 autem
1747 710 1841 738 capax
1854 711 1914 730 non

1077 749 1134 780 est,
1147 745 1214 781 quia
1229 746 1410 781 incorporea.
1429 746 1585 774 Hominem
1601 746 1680 774 enim
1702 749 1824 782 propter
1847 755 1914 775 cor-

1078 790 1157 826 poris
1170 790 1348 819 debilitatem
1365 791 1507 827 pmuitere
1523 793 1626 827 potest.
1644 791 1829 820 Immortalis
1841 801 1917 828 pra:-

1078 838 1155 862 terea
1170 837 1224 868 est,
1242 838 1270 863 at
1285 844 1342 863 non
1359 838 1474 870 natura,
1488 836 1536 863 sed
1548 836 1653 870 gratia.
1664 836 1817 872 Quidquid
1828 837 1915 865 enim

1078 882 1174 916 accpit,
1188 882 1263 908 idem
1275 885 1303 908 et
1314 884 1416 910 natura
1425 882 1542 916 desinit,
1551 884 1579 910 et
1592 883 1627 909 ad
1637 882 1787 910 interitum
1801 883 1914 910 tendit.

1077 927 1160 953 Solus
1177 928 1273 953 autem
1291 926 1368 954 Deus
1385 929 1511 954 mternus
1527 929 1582 960 est,
1599 927 1670 961 imo,
1687 935 1778 963 supra
1788 935 1915 956 omnem

1080 972 1281 1006 aeternitatem,
1294 980 1346 999 nec
1358 972 1434 999 enim
1447 972 1570 1007 tempori
1582 973 1747 1008 subjicitur,
1755 973 1808 1000 sed
1819 981 1918 1008 supra

1078 1018 1195 1051 tempus
1212 1016 1236 1043 is
1252 1019 1306 1051 est,
1319 1025 1334 1044 a
1350 1025 1407 1052 quo
1419 1021 1550 1052 tempora
1561 1017 1679 1045 condita
1689 1019 1769 1045 sunt.
1781 1017 1917 1046 Lumina

1079 1068 1163 1095 porro
1181 1061 1309 1088 secunda
1324 1060 1473 1088 intellectu
1490 1061 1621 1097 praedita,
1638 1070 1702 1097 qua:
1718 1061 1915 1098 splendorem

1079 1114 1165 1133 suum
1183 1114 1199 1133 a
1214 1106 1306 1140 primo
1322 1106 1443 1140 lumine,
1461 1107 1538 1142 quod
1556 1107 1702 1143 principio
1731 1109 1821 1143 caret,
1846 1116 1919 1136 mu—

1078 1152 1159 1177 tuata
1175 1153 1255 1184 sunt,
1273 1159 1323 1178 nec
1334 1151 1435 1187 lingua
1447 1159 1498 1179 nec
1508 1151 1610 1179 auditu
1622 1154 1720 1187 egent,
1733 1152 1785 1180 sed
1793 1152 1913 1189 absque

1079 1194 1222 1222 sermonis
1239 1194 1326 1223 ullius
1343 1195 1503 1230 prolatione
1529 1197 1664 1232 proprios
1686 1194 1779 1225 animi
1803 1205 1912 1227 conce-

1077 1242 1146 1274 ptus
1159 1243 1186 1266 et
1198 1239 1361 1267 voluntates
1374 1241 1448 1267 inter
1459 1249 1491 1268 se
1502 1241 1731 1269 communicant.
1745 1242 1849 1278 Itaque
1859 1251 1913 1272 au-

1076 1284 1130 1319 geli
1146 1292 1246 1311 omnes
1259 1293 1275 1312 a
1291 1284 1384 1312 Verbo
1400 1285 1498 1319 creati,
1514 1289 1541 1313 et
1557 1295 1573 1313 a
1588 1286 1697 1321 Spiritu
1714 1289 1818 1315 sancto
1843 1295 1918 1316 san-

1076 1329 1251 1356 ctiﬁcatione
1268 1330 1388 1364 perfecti
1404 1334 1482 1363 sunt,
1499 1339 1550 1366 pro
1566 1331 1720 1366 dignitatis
1746 1333 1775 1359 et
1798 1332 1917 1361 ordinis

1076 1374 1261 1409 proportione
1277 1374 1395 1402 luminis
1411 1378 1438 1402 et
1458 1375 1559 1410 gratiae
1583 1375 1753 1411 participes.
1776 1375 1913 1405 Circum-

1075 1418 1177 1454 scripti
1194 1422 1262 1446 sunt
1276 1427 1281 1445 :
1295 1427 1361 1446 nam
1379 1419 1403 1447 si
1417 1419 1477 1446 sint
1490 1420 1519 1447 in
1531 1419 1612 1453 coelo,
1625 1428 1684 1447 non
1695 1422 1767 1448 sunt
1778 1421 1808 1449 in
1818 1425 1909 1455 terra,

1074 1467 1100 1490 el
1117 1463 1141 1490 si
1158 1472 1174 1490 a
1189 1463 1246 1491 Deo
1265 1464 1292 1491 in
1305 1466 1412 1491 terram
1430 1465 1634 1498 demittantur,
1649 1464 1678 1492 in
1694 1466 1766 1494 ccelo
1791 1474 1909 1502 nequa-

1074 1516 1162 1543 quam
1175 1511 1338 1543 remanent,
1353 1509 1509 1542 maznibus,
1522 1510 1624 1544 portis,
1637 1509 1786 1544 claustris,
1798 1510 1910 1546 sigillis

1074 1561 1132 1580 non
1151 1553 1374 1581 concluduntur.
1394 1555 1538 1582 Indeﬁniti
1555 1558 1635 1582 sunt.
1654 1555 1821 1584 Indeﬁnitus
1847 1564 1909 1584 au-

1074 1599 1133 1624 tem
1150 1598 1226 1630 dico,
1244 1606 1300 1626 non
1313 1599 1390 1626 enim
1404 1601 1490 1634 prout
1504 1603 1585 1635 sunt,
1602 1600 1643 1627 ita
1654 1600 1720 1628 viris
1732 1599 1830 1635 dignis
1845 1608 1903 1635 ap-

1075 1647 1187 1677 parent,
1207 1643 1313 1678 quibus
1335 1652 1384 1672 eos
1414 1653 1554 1679 apparere
1583 1644 1662 1673 Deus
1684 1643 1817 1676 voluerit,
1843 1644 1900 1671 sed

1073 1688 1286 1723 transﬁgursti,
1305 1691 1391 1723 prout
1407 1689 1480 1716 ferre
1496 1692 1629 1724 possunt,
1647 1689 1697 1726 qui
1711 1697 1759 1718 eos
1783 1689 1908 1717 intuen-

1072 1734 1130 1760 tur.
1148 1732 1221 1760 Nam
1238 1734 1315 1767 quod
1333 1733 1495 1761 increatum
1511 1736 1566 1769 est,
1582 1734 1661 1762 idem
1677 1739 1782 1763 natura
1796 1737 1824 1762 et
1835 1743 1909 1771 pro-

1073 1778 1134 1813 prie
1149 1778 1337 1806 indefinitum
1353 1781 1408 1806 est.
1425 1779 1527 1806 Omnis
1543 1782 1642 1807 autem
1665 1782 1801 1808 creatura
1824 1782 1911 1808 extra

1073 1823 1230 1850 essentiam
1247 1831 1263 1850 a
1278 1823 1412 1850 Creatore
1429 1831 1481 1850 suo
1499 1823 1649 1851 deﬁnitur.
1667 1824 1758 1853 Iidem
1773 1824 1913 1852 sanctiﬁ-

1073 1867 1217 1895 cationem
1234 1876 1249 1894 a
1278 1870 1380 1895 sancto
1401 1868 1511 1903 Spiritu
1535 1868 1781 1902 habentpdivina
1806 1869 1911 1905 gratia

1071 1911 1281 1944 vaticinantur,
1310 1912 1420 1948 nuptiis
1451 1912 1683 1949 haudquaquam
1709 1916 1805 1949 egent,
1832 1922 1915 1942 mor-

1071 1956 1142 1983 tales
1158 1956 1235 1983 enim
1255 1965 1311 1984 non
1329 1959 1409 1984 sunt.
1424 1957 1478 1984 Sed
1495 1966 1562 1985 cum
1573 1957 1633 1986 sint
1644 1958 1780 1994 spiritus,
1796 1958 1910 1987 idcirco

1072 2000 1160 2028 etiam
1176 2000 1206 2027 in
1222 2000 1295 2028 locis
1312 2001 1470 2029 intellectui
1487 2001 1539 2029 soli
1557 2002 1665 2038 perviis
1682 2002 1828 2035 habitant,
1848 2011 1907 2032 non

1072 2047 1104 2072 ut
1119 2054 1238 2080 corpore
1259 2046 1558 2074 circumscribantur:
1586 2055 1638 2074 nec
1663 2047 1741 2075 enim
1762 2055 1909 2083 corporea

1072 2092 1175 2117 natura
1193 2098 1244 2130 seu
1258 2090 1399 2118 exteriore
1415 2091 1508 2126 ﬁgura
1534 2091 1690 2127 efﬁgieque
1715 2092 1808 2120 dividi
1834 2100 1908 2128 pos-

1071 2137 1151 2169 sunt,
1167 2135 1217 2162 sed
1248 2135 1317 2170 quia
1346 2135 1495 2163 intellectu
1527 2135 1590 2164 solo
1620 2136 1720 2171 pervia
1744 2137 1907 2172 praesentia

1070 2182 1151 2214 sunt,
1173 2179 1310 2214 jussique
1339 2181 1550 2215 obsequuntur,
1579 2188 1631 2208 nec
1655 2189 1714 2209 uno
1742 2181 1909 2218 eodemque

1071 2227 1215 2253 momento
1237 2225 1284 2252 hic
1313 2227 1341 2253 et
1370 2225 1430 2253 illic
1455 2234 1519 2254 esse
1543 2228 1571 2254 et
1595 2234 1717 2255 munere
1740 2235 1797 2255 suo
1820 2226 1910 2264 fungi

1070 2274 1205 2305 possunt.
1222 2270 1264 2296 An
1280 2272 1378 2297 autem
1395 2279 1480 2306 pares
1496 2271 1624 2298 essentia
1639 2271 1710 2304 sint,
1721 2279 1760 2299 an
1769 2279 1840 2300 vero
1855 2271 1907 2300 alii

1070 2314 1106 2342 ab
1122 2314 1187 2342 aliis
1204 2314 1349 2348 differant,
1367 2315 1522 2343 nescimus.
1545 2317 1630 2344 Solus
1659 2324 1761 2345 eorum
1787 2319 1908 2345 creator

1067 2361 1144 2387 Deus
1161 2360 1189 2386 id
1208 2360 1297 2393 novit,
1314 2361 1360 2387 cui
1377 2360 1466 2387 etiam
1483 2360 1581 2388 omnia
1590 2361 1710 2397 cognita
1721 2364 1804 2390 sunt.
1816 2361 1906 2391 Diﬁ'er

1068 2407 1137 2431 runt
1153 2408 1249 2432 autem
1265 2404 1314 2431 alii
1330 2404 1366 2432 ab
1383 2404 1449 2432 aliis
1466 2405 1622 2441 splendore
1651 2407 1680 2433 et
1703 2406 1819 2442 ordine,
1844 2407 1907 2436 sive

1068 2449 1200 2476 ordinem
1218 2450 1333 2476 servent
1345 2449 1379 2476 ad
1394 2449 1592 2485 splendorem,
1609 2450 1669 2478 sive
1678 2449 1840 2486 splendore
1853 2460 1907 2488 po-

1068 2494 1324 2529 tiantur,eumque
1337 2493 1386 2521 alii
1399 2494 1467 2522 altis
1478 2496 1708 2529 communicent,
1720 2499 1752 2523 ut
1763 2496 1903 2525 ordinem

1069 2540 1251 2566 conservent.
1269 2538 1384 2566 Certum
1401 2543 1429 2566 et
1445 2541 1542 2566 autem
1560 2547 1609 2567 eos
1625 2539 1674 2575 qui
1691 2541 1761 2567 sunt
1771 2540 1804 2568 in
1826 2541 1906 2570 infe-

1068 2583 1195 2610 rioribus
1211 2582 1365 2611 ordinibus
1381 2586 1409 2611 et
1425 2583 1612 2619 splendorem
1640 2586 1667 2612 et
1696 2585 1903 2621 cognitionem

1068 2627 1104 2655 ab
1119 2627 1154 2654 iis
1172 2628 1255 2662 quasi
1272 2636 1322 2663 per
1338 2636 1444 2656 manus
1461 2628 1601 2663 accipere,
1619 2628 1667 2663 qui
1683 2632 1754 2656 sunt
1768 2629 1799 2657 in
1815 2639 1908 2667 supe-

1068 2672 1206 2700 rioribus.
1225 2672 1323 2700 Fortes
1340 2677 1478 2708 praeterea
1493 2675 1574 2705 sunt,
1592 2676 1621 2700 et
1637 2673 1730 2709 parati
1746 2675 1782 2702 ad
1795 2675 1907 2704 divina

1067 2717 1226 2744 voluntatis
1241 2718 1468 2750 exsecutionem,
1485 2718 1702 2753 confestimque
1722 2720 1839 2755 passim
1857 2728 1907 2749 re-

1068 2761 1234 2796 periuntur,
1251 2764 1331 2789 tanta
1346 2764 1390 2790 est
1404 2770 1506 2790 eorum
1524 2764 1634 2789 naturas
1650 2761 1798 2798 celeritas,
1825 2772 1906 2802 quo-

1067 2813 1182 2841 cunque
1191 2805 1307 2834 divinus
1317 2806 1383 2834 illos
1393 2802 1904 2838 nutusamandaverit:custodiunt-

1067 2857 1122 2886 que
1145 2850 1280 2888 regiones
1297 2854 1388 2890 terra,
1403 2850 1542 2888 gentibus
1555 2853 1584 2882 et
1597 2850 1671 2892 locis
1680 2851 1828 2891 pmfeoti,
1837 2850 1911 2902 prp—
