4052 6446
327 433 479 493 1181

1671 425 1982 489 THESAU
1993 421 2076 486 BI
2117 423 2272 487 LIB.
2320 421 2397 487 Π.

3584 427 3742 488 1182

335 569 401 621 ut
430 563 683 620 Creatori
711 561 822 634 ipsi
856 560 1158 634 placuerit,
1209 564 1381 632 atque
1439 559 1516 616 ita
1551 575 1642 616 res
1693 559 1980 627 humanas
2009 558 2060 625 Α
2094 557 2438 628 participem
2481 557 2767 625 condidit,
2799 557 3060 629 angelos,
3121 557 3365 629 inquam
3425 563 3484 614 et
3531 575 3737 615 omnes

337 653 775 721 administrant,
809 650 1094 721 nobisque
1127 651 1426 721 suppetias
1476 650 1688 705 ferunt.
1721 647 1972 704 Omnino

333 747 526 798 autem
570 740 709 812 quia
739 757 806 794 ex
837 739 1040 794 divina:
1063 737 1378 794 voluntatis
1414 741 1470 793 et
1515 735 1802 807 jussionis
1838 752 1977 807 prae-

335 833 570 902 scripto,
603 847 781 900 supra
813 846 919 884 nos
951 831 1108 897 sunt,
1142 829 1375 899 Deoque
1406 843 1639 898 semper
1669 826 1972 882 assistunt.

335 921 577 990 Insuper
608 919 877 990 quamvis
909 919 980 972 ad
1031 916 1253 972 malum
1309 917 1405 972 vix
1462 920 1826 981 moveantur,
1858 931 1974 969 non

332 1013 527 1064 tamen
560 1007 895 1062 immobiles
928 1011 1088 1061 sunt.
1122 1007 1286 1061 Nunc
1319 1011 1512 1062 autem
1544 1009 1721 1062 etiam
1754 1006 1973 1060 immo-

334 1100 482 1155 biles
516 1106 774 1165 manent,
811 1115 924 1154 non
959 1104 1192 1166 natura,
1225 1099 1324 1154 sed
1365 1099 1572 1169 gratia,
1609 1105 1663 1154 et
1691 1097 1815 1167 Dei,
1875 1096 1974 1168 qui

333 1189 496 1245 solus
521 1189 709 1244 bonus
732 1195 840 1257 est,
874 1187 1164 1258 praesidio.
1201 1187 1381 1244 Deum
1426 1187 1627 1242 vident
1658 1190 1832 1258 prout
1889 1186 1974 1241 eis

329 1275 718 1349 permittitur,
752 1276 980 1345 hocque
1017 1277 1281 1332 ciborum
1329 1276 1455 1331 vice
1494 1275 1732 1331 habent.
1787 1275 1976 1345 Supra

327 1383 437 1421 nos
466 1369 628 1434 sunt,
649 1370 927 1434 tanquam
945 1365 1354 1437 incorporei,et
1376 1365 1447 1419 ab
1479 1364 1640 1420 omni
1673 1362 1975 1419 atl'ectione

328 1470 607 1526 corporea
633 1454 946 1524 liberi,non
982 1459 1177 1510 tamen
1203 1454 1600 1527 impatibiles:
1635 1452 1799 1509 solus
1816 1453 1972 1508 enim

326 1544 486 1600 Deus
517 1543 884 1615 impatibilis.
943 1545 1470 1600 Trausformantur
1527 1549 1720 1600 autem
1782 1543 1838 1597 in
1890 1542 1972 1613 id,

324 1634 718 1704 quodcunque
742 1633 1029 1689 Dominus
1059 1634 1215 1689 Deus
1239 1634 1506 1704 jusserit,
1539 1635 1718 1704 atque
1766 1632 1848 1688 ita
1878 1631 1976 1687 ho-

326 1721 588 1777 minibus
612 1726 914 1793 apparent,
931 1722 1137 1794 eisque
1167 1723 1364 1779 divina
1391 1724 1667 1796 mysteria
1695 1721 1971 1779 revelant.

328 1814 393 1868 In
426 1813 569 1868 coelo
600 1818 930 1880 versantur,
956 1813 1171 1884 unique
1216 1815 1296 1870 rei
1331 1817 1473 1870 dant
1499 1832 1759 1887 operam,
1793 1813 1968 1868 nimi-

2087 647 2350 704 cosleetes
2384 649 2692 704 exercitus.
2729 651 2790 703 In
2852 649 3006 703 enim
3058 648 3236 704 dubio
3295 648 3494 718 procul
3525 656 3736 705 natura

2085 737 2418 794 intellectus
2459 738 2736 809 participe
2767 742 2825 792 et
2877 737 3222 809 incorporea
3287 739 3514 808 praediti
3570 745 3729 794 sunt.

2086 829 2453 898 Incorporea,
2490 829 2756 898 inquam,
2791 829 2840 882 si
2883 844 3018 882 cum
3055 828 3310 883 materias
3342 829 3733 886 crassitudine

2087 919 2436 974 conferatur.
2466 917 2613 972 Nam
2664 917 2826 972 solus
2879 919 3028 972 Deus
3079 934 3275 974 revera
3317 920 3575 975 materiai
3636 936 3735 975 ex-

2090 1022 2223 1078 pers
2253 1013 2310 1062 et
2337 1007 2715 1079 incorporeus
2745 1011 2855 1062 est.
2886 1007 3104 1062 Deinde
3161 1023 3295 1063 vero
3344 1024 3472 1065 eam
3506 1025 3737 1081 quoque

2088 1097 2400 1153 essentiam
2445 1098 2683 1166 creavit,
2709 1114 2832 1169 quae
2865 1098 2974 1152 sub
3007 1113 3247 1153 sensum
3290 1099 3465 1167 cadit,
3498 1099 3732 1167 ccelum,

2087 1186 2352 1258 inquam,
2385 1190 2622 1256 terram,
2651 1193 2708 1242 et
2737 1203 2864 1257 quae
2906 1186 2964 1241 in
3023 1203 3224 1242 eorum
3268 1187 3460 1243 medio
3512 1188 3731 1258 jacent,

2088 1281 2263 1346 atque
2295 1277 2455 1332 illam
2489 1277 2726 1348 quidem
2767 1276 3061 1348 propriam
3096 1281 3155 1332 et
3211 1276 3563 1333 familiarem
3619 1277 3730 1350 (fa-

2089 1365 2348 1420 miliaris
2395 1364 2548 1420 enim
2610 1365 2725 1420 Deo
2785 1369 2996 1420 natura
3056 1364 3154 1419 illa
3186 1372 3296 1431 est,
3347 1382 3478 1436 quoe
3512 1367 3737 1422 ratione

2089 1453 2270 1509 utitur
2291 1453 2533 1524 solaque
2565 1457 2761 1510 mente
2808 1455 3372 1527 comprehenditur),
3406 1455 3557 1511 hanc
3596 1471 3731 1512 vero

2086 1543 2477 1614 undecunque
2534 1543 3013 1612 remotissimam,
3075 1559 3202 1614 quae
3291 1545 3571 1600 nimirum
3621 1545 3733 1601 sub

2085 1647 2322 1688 sensum
2354 1632 2543 1689 cadat.
2577 1633 2708 1689 Jam
2739 1650 2871 1689 vero
2904 1651 2970 1688 ex
3012 1633 3275 1705 utrisque
3329 1634 3526 1692 mistio
3579 1651 3730 1706 quae-

2085 1721 2219 1777 dam
2247 1723 2610 1778 eﬂ‘ormanda
2639 1727 2785 1789 erat,
2819 1727 2882 1778 ut
2937 1727 3092 1779 esset
3131 1725 3374 1795 majoris
3431 1725 3728 1794 sapientiae

2085 1820 2140 1867 et
2181 1812 2625 1883 magnificentiae
2672 1828 2866 1868 rerum
2918 1813 3274 1868 naturalium
3323 1815 3618 1886 specimen
3673 1818 3731 1870 et

321 1919 452 1958 rum
485 1909 546 1956 ut
580 1903 758 1957 Deum
791 1901 1051 1969 laudent,
1085 1908 1142 1959 et
1170 1904 1380 1961 divinae
1413 1905 1540 1976 ejus
1566 1903 1848 1961 voluntati
1871 1905 1973 1960 ob-
2005 1933 2053 1997 Β
2085 1901 2338 1973 insigne,
2372 1903 2770 1973 utGregorius
2800 1902 3132 1974 Theologus
3155 1905 3319 1971 ait,et
3347 1903 3518 1976 quasi
3568 1921 3725 1975 quae-

317 1996 663 2063 sequantur.

958 2100 1121 2156 CAP.
1154 2101 1300 2158 XLI.

319 2186 662 2248 Hierarchiae
695 2195 966 2265 synopsis.
997 2191 1234 2263 Angelos
1291 2196 1596 2265 creaturas,
1649 2207 1764 2245 non
1820 2206 1972 2246 crea-

701 2263 846 2323 tores
873 2280 1006 2334 esse,
1036 2268 1230 2320 contra
1258 2263 1567 2319 Sethianos.

387 2358 894 2422 Quemadmodum
918 2359 1109 2410 autem
1163 2354 1576 2410 sanctissimus
1621 2354 1741 2422 ille,
1774 2369 1973 2410 sacra-

322 2445 730 2518 tissimusque.
765 2462 992 2501 necnon
1035 2445 1094 2500 in
1128 2445 1302 2500 rebus
1360 2444 1704 2516 theologicis
1762 2441 1972 2500 exerci-

318 2535 646 2592 tatissimus
673 2536 986 2608 Dionysius
1021 2534 1372 2606 Areopagita
1398 2533 1974 2607 testatur,theologia

315 2625 529 2692 omnis,
565 2641 666 2680 seu
722 2623 1024 2695 Scriptura
1081 2639 1269 2687 sacra,
1303 2639 1509 2678 novem
1565 2623 1828 2679 caelestes
1888 2639 1974 2678 es-

313 2714 540 2768 sentias
574 2713 879 2785 expressit.
909 2712 1019 2766 Eas
1049 2711 1283 2766 divinus
1313 2711 1409 2766 ille
1441 2728 1634 2766 rerum
1669 2728 1970 2767 sacrarum

313 2802 758 2860 administrator
774 2803 964 2858 tribus
998 2801 1271 2857 ternariis
1303 2802 1610 2857 ordinibus
1636 2803 1968 2874 distinguit.

315 2892 507 2962 Atque
551 2892 820 2947 omnium
874 2892 1128 2962 primum
1173 2891 1341 2946 illum
1400 2907 1528 2947 esse
1586 2893 1812 2960 statuit,
1869 2891 1970 2964 qui

316 2980 503 3035 Deum
538 2981 924 3037 circumstare
956 2997 1211 3054 semper,
1235 2980 1406 3053 eique
1458 2980 1731 3053 contigue
1761 2985 1818 3036 et
1848 2981 1968 3036 im-

317 3069 572 3124 mediate
602 3070 878 3142 conjungi
906 3070 1109 3126 fertur.
1152 3070 1206 3125 Is
1229 3070 1370 3124 ordo
1407 3074 1496 3125 est
1523 3072 1632 3123 τῶν
1665 3069 1968 3142 Scraphim

313 3175 415 3214 sex
449 3159 570 3215 alas
622 3159 994 3228 habentium,
1027 3167 1080 3214 et
1111 3159 1570 3216 multoculorum
1629 3160 1968 3232 Cherubim,

312 3249 564 3320 denique
605 3251 1118 3306 sanctissimorum
1179 3251 1571 3306 Thronorum.
1625 3251 1960 3308 Secundum

313 3345 512 3395 autem
565 3340 1399 3410 Dominationum,Virtutum
1461 3346 1516 3398 et
1571 3343 1958 3399 Potestatum.

304 3429 566 3486 Tertium
625 3435 680 3486 et
731 3430 1002 3486 ultimum
1064 3430 1528 3503 Principatuum,
1563 3433 1958 3505 Archangelo-

306 3536 443 3574 rum
478 3523 536 3575 et
567 3519 922 3592 Angelorum
957 3538 1085 3576 esse
1117 3521 1216 3576 ait.

383 3608 511 3664 Jam
549 3610 850 3665 nonnullis
871 3609 1104 3666 videtur
1133 3609 1265 3666 illos
1298 3615 1431 3666 ante
1475 3615 1800 3667 creaturam
1833 3629 1958 3668 om-

309 3715 444 3754 nem
479 3699 744 3754 conditos
796 3700 996 3766 fuisse,
1031 3703 1094 3754 ut
1139 3699 1448 3770 Gregorius
1495 3699 1826 3772 Theologus
1881 3699 1961 3756 ait

306 3788 404 3843 his
436 3789 662 3844 verbis:
699 3788 958 3844 Primum
1006 3788 1301 3862 angelicas
1334 3794 1390 3845 et
1419 3790 1683 3847 ccelestes
1713 3791 1958 3848 virtutes

299 3877 364 3933 in
431 3878 626 3934 animo
682 3884 894 3946 versat,
947 3883 1123 3950 atque
1191 3880 1466 3952 cogitatio
1524 3878 1626 3936 illa
1693 3883 1750 3937 in
1811 3899 1958 3955 opus

301 3969 520 4024 evadit.
549 3968 694 4025 Aliis
721 3975 915 4025 autem
949 3985 1048 4026 eos
1073 3975 1204 4042 post
1227 3971 1483 4042 primum
1517 3971 1727 4028 cmlum
1758 3973 1958 4028 condi-

299 4062 393 4113 tos
429 4058 611 4114 fuisse
653 4057 894 4130 placuit.
947 4058 1114 4115 Certe
1164 4064 1298 4116 ante
1356 4069 1614 4117 creatum
1655 4061 1955 4119 hominem

303 4148 576 4202 conditos
600 4163 772 4202 nemo
804 4164 918 4202 non
956 4148 1199 4204 fatetur.
1237 4149 1355 4219 Ego
1402 4165 1538 4204 vero
1594 4148 1653 4204 in
1695 4151 1957 4222 Gregorii

295 4233 582 4304 Theolcgi
641 4237 990 4290 sententiam
1057 4237 1303 4305 pedibus
1353 4252 1441 4292 eo.
1513 4237 1812 4308 Siquidem
1867 4257 1956 4295 ra-

298 4320 446 4375 tioni
477 4327 943 4378 consentaneum
978 4328 1125 4392 erat,
1161 4329 1225 4380 ut
1285 4326 1475 4396 primo
1525 4327 1650 4382 loco
1704 4328 1958 4384 essentia

294 4407 600 4464 intellectu
636 4411 882 4480 praedita
913 4419 1230 4479 crearetur,
1262 4416 1389 4468 tum
1455 4413 1666 4470 deinde
1721 4431 1788 4470 ea
1826 4432 1954 4487 quas

294 4514 511 4554 sensus
544 4501 832 4572 particeps
863 4508 972 4570 est,
1006 4504 1180 4573 atque
1211 4502 1295 4558 ita
1327 4503 1562 4559 demum
1611 4521 1678 4560 ex
1709 4510 1956 4577 utraque

293 4589 473 4644 homo
506 4592 1170 4647 conﬂaretur.Cieterum
1196 4592 1234 4647 ii
1268 4594 1368 4665 qui
1415 4592 1656 4666 angelos
1687 4597 1951 4652 essentia:

2085 1993 2220 2046 dam
2254 1991 2560 2062 utriusque
2587 1998 2809 2047 naturae
2857 1993 3217 2063 conjunctio,
3258 1995 3386 2064 ejus
3425 1993 3732 2066 nimirum,

2084 2096 2212 2151 quae
2242 2079 2492 2137 visibilis
2547 2085 2657 2148 est,
2692 2087 2748 2138 et
2806 2082 2930 2153 ejus
2963 2099 3088 2154 quia
3153 2099 3270 2138 non
3328 2081 3578 2140 videtur.
3623 2084 3733 2140 Par

2081 2173 2224 2238 erat,
2258 2169 2521 2241 inquam,
2575 2177 2634 2226 ut
2684 2171 3027 2240 hujusmodi
3085 2171 3407 2243 specimine
3458 2172 3731 2228 voluntas

2081 2257 2373 2315 Creatoris
2429 2259 2840 2316 innotesceret.
2900 2260 3029 2316 Haec
3082 2261 3235 2317 enim
3313 2261 3729 2318 decentissima

2081 2347 2172 2404 lex
2201 2353 2259 2404 et
2315 2349 2515 2422 regula
2572 2355 2682 2420 est,
2713 2352 2783 2407 ad
2818 2351 2984 2422 cujus
3043 2352 3449 2424 prascriptum
3499 2352 3723 2408 exami-

2084 2439 2278 2493 nanda
2328 2443 2465 2495 sunt
2494 2437 2712 2494 omnia.
2746 2439 2810 2494 Et
2856 2455 3027 2494 nemo
3085 2439 3321 2511 quidem
3355 2457 3420 2496 eo
3479 2440 3725 2496 vesaniae

2081 2528 2373 2598 procedet,
2408 2533 2472 2583 ut
2501 2527 2832 2584 Creatorem
2859 2546 3032 2586 suum
3064 2529 3148 2586 sic
3197 2530 3556 2601 interroget:
3611 2529 3726 2584 Cur

2079 2617 2163 2673 ita
2196 2635 2288 2673 me
2320 2618 2633 2674 formasti?
2660 2619 2853 2675 Potest
2881 2621 3036 2675 enim
3071 2619 3290 2688 ﬁgulus
3347 2636 3414 2675 ex
3445 2618 3568 2674 luto
3618 2635 3724 2675 suo

2077 2707 2239 2763 varia
2269 2725 2407 2764 vasa
2439 2709 2678 2781 fingere,
2699 2709 2913 2780 quibus
2939 2711 3240 2781 sapientiai
3273 2726 3390 2766 suae
3425 2710 3722 2782 specimen

2079 2799 2215 2854 edat
2245 2798 2377 2871 (15).

2152 2887 2292 2943 Cum
2327 2889 2444 2944 haec
2477 2889 2556 2945 ita
2587 2906 2648 2945 se
2674 2889 2950 2958 habeant,
2983 2907 3052 2946 ex
3091 2890 3307 2947 visibili
3357 2895 3411 2947 et
3440 2889 3721 2946 invisibili

2078 2982 2291 3034 natura
2322 2979 2618 3034 hominem
2651 2979 2901 3051 propriis
2951 2981 3226 3037 manibus
3271 2981 3341 3036 ad
3401 2980 3718 3052 imaginem

2078 3073 2135 3123 et
2165 3068 2612 3124 similitudinem
2647 3085 2810 3125 suam
2843 3070 3078 3139 creavit,
3112 3087 3354 3143 corpore
3393 3070 3629 3142 quidem
3689 3085 3720 3126 e

2076 3163 2232 3214 terra
2263 3158 2534 3224 formato,
2566 3159 2764 3216 anima
2814 3177 2945 3215 vero
2996 3161 3244 3217 rationis
3288 3167 3346 3216 et
3393 3158 3721 3216 intellectus

2077 3247 2359 3319 participe
2400 3248 2450 3303 ei
2484 3250 2718 3321 proprio
2751 3251 3087 3307 sufflamine
3127 3251 3346 3320 infusa,
3372 3251 3528 3322 quod
3588 3251 3720 3322 qui-

2076 3337 2209 3392 dem
2261 3338 2466 3394 divinze
2524 3339 2800 3413 imaginis
2849 3341 3239 3413 appellatione
3305 3340 3719 3413 intelligimus.

2071 3428 2220 3485 Illud
2249 3428 2428 3499 enim,
2459 3430 2528 3485 ad
2563 3431 2902 3503 imaginem,
2942 3431 3060 3486 vim
3092 3430 3254 3487 illam
3300 3431 3536 3497 indicat,
3587 3447 3712 3503 qua

2070 3520 2400 3576 intellectus
2433 3521 2721 3592 particeps
2754 3522 3056 3593 liberoque
3075 3522 3317 3577 arbitrio
3339 3522 3577 3587 praedita
3598 3525 3708 3578 est.

2069 3615 2191 3665 Hoc
2221 3614 2440 3678 autem,
2475 3610 2542 3665 ad
2578 3611 3049 3678 similitudinem,
3085 3611 3197 3666 vim
3249 3611 3413 3666 illam
3455 3611 3709 3680 denotat,

2070 3717 2198 3773 quae
2232 3699 2441 3756 divinae
2480 3699 2736 3770 virtutis,
2762 3701 2952 3771 quoad
2995 3702 3124 3772 ejus
3157 3700 3279 3757 fieri
3307 3704 3518 3773 potest,
3549 3700 3716 3757 simi-

2069 3788 2380 3845 litudinem
2402 3790 2594 3846 refert.

2616 3897 2766 3954 CAP.
2800 3896 3166 3955 XLII-XLIV.

2139 3988 2386 4045 Hominis
2405 3996 2606 4060 partes,
2638 3992 2688 4044 et
2717 3990 2968 4116 ρνίῖἰίηω
3028 3988 3340 4059 qualitates.
3391 3986 3642 4059 Spiritus

2781 4077 2809 4115 ε
2859 4076 3008 4116 caro.

2781 4076 2833 4116 σε
2859 4076 3008 4116 caro.

2139 4149 2418 4206 Caeterum
2460 4165 2671 4220 corpus
2703 4155 2759 4205 et
2816 4149 3015 4205 anima
3053 4150 3231 4206 simul
3270 4150 3518 4206 formata
3548 4152 3708 4217 sunt,

2066 4256 2183 4296 non
2211 4244 2406 4296 autem
2440 4238 2585 4295 illud
2611 4239 2848 4312 quidem
2881 4240 3066 4310 prius,
3091 4240 3208 4295 haec
3239 4255 3372 4296 vero
3404 4239 3710 4310 posterior,

2069 4333 2132 4384 ut
2152 4327 2430 4399 Origenes
2457 4327 2857 4385 deliramentis
2908 4329 3034 4386 suis
3068 4329 3284 4399 voluit;
3319 4329 3517 4400 itaque
3555 4331 3707 4386 Deus

2064 4417 2364 4473 hominem
2397 4418 2614 4474 creavit
2635 4435 2873 4490 purum,
2902 4425 3151 4487 rectum,
3185 4421 3416 4489 fortem,
3439 4419 3709 4489 hilarem,

2065 4523 2361 4574 securum,
2420 4507 2582 4562 nulla
2636 4525 2750 4564 non
2801 4509 3016 4565 virtute
3088 4517 3382 4579 ornatum,
3434 4509 3712 4566 omnibus

2067 4596 2235 4652 bonis
2263 4597 2686 4666 abundantem,
2715 4597 2885 4670 quasi
2917 4600 3228 4670 quemdam
3280 4600 3566 4655 mundum
3626 4617 3713 4656 se-

290 4678 613 4748 cujuslibet
653 4685 945 4737 creatores
984 4681 1167 4738 fuisse
1191 4687 1518 4754 autumant,
1554 4685 1612 4740 id
1652 4685 1944 4758 effutiunt,
1983 4671 2029 4736 D
2062 4688 2340 4757 cundum,
2377 4686 2438 4744 in
2469 4704 2682 4760 magno
2706 4705 2984 4758 parvum:
3029 4689 3210 4745 alium
3247 4689 3521 4761 angelum
3563 4689 3707 4744 ado-

291 4767 452 4841 quod
483 4773 643 4838 pater
675 4770 942 4827 diabolus
975 4770 1060 4827 eis
1106 4773 1385 4845 suggerit.
1419 4777 1563 4829 Cum
1595 4775 1751 4830 enim
1785 4791 1944 4832 crea-

295 4863 445 4913 turas
478 4858 614 4926 sint,
667 4864 960 4916 creatores
1000 4878 1117 4916 non
1164 4867 1320 4918 sunt.
1356 4863 1464 4927 Qui
1497 4867 1693 4921 autem
1750 4866 1948 4923 omnia

284 4947 449 5014 fecit,
480 4948 756 5003 omnibus
790 4949 1074 5020 providet,
1123 4951 1322 5006 omnia
1371 4953 1631 5009 continet
1683 4953 1859 5020 Deus,
1894 4954 1946 5012 is

284 5055 445 5093 unus
493 5039 788 5093 increatus
846 5043 959 5104 est,
1001 5039 1098 5108 qui
1151 5040 1262 5095 sub
1312 5043 1525 5108 Patris,
1576 5047 1634 5099 et
1686 5043 1838 5112 Filii,
1889 5048 1947 5100 et

285 5127 546 5199 Spiritus
613 5125 805 5182 sancti
866 5127 1104 5183 nomine
1167 5127 1445 5186 laudibus
1504 5131 1834 5190 celebratur
1889 5139 1946 5190 et

289 5217 676 5289 gloriﬁcatur.

931 5325 1087 5380 CAP.
1123 5328 1300 5386 XLII.

287 5412 644 5487 Ιλεδ-ξιοξπὺιεἶ
671 5416 931 5487 Essemiae
988 5414 1212 5473 divisio.
1272 5419 1542 5487 Imaginis
1574 5427 1627 5477 et
1679 5423 1945 5479 similitu-

357 5483 510 5539 dinis
540 5487 598 5538 in
616 5485 720 5542 Deo
750 5486 1096 5558 differentia.
1138 5483 1868 5561 Origenis'detiramentum.

2055 4780 2323 4848 ratorem,
2358 4777 2624 4846 mistum,
2648 4795 2846 4834 earum
2869 4783 3264 4834 creaturarum
3288 4778 3708 4850 inspectorem,

2057 4883 2182 4938 quae
2226 4866 2413 4924 oculis
2472 4867 2898 4938 subjiciuntur:
2956 4883 3156 4923 earum
3201 4872 3394 4924 autem
3428 4885 3556 4940 quae
3595 4868 3706 4926 soli
3771 4912 3774 4914 .

2057 4959 2398 5030 cogitationi
2431 4963 2653 5032 patent,
2677 4960 3036 5031 discipulum
3065 4977 3079 5016 :
3111 4976 3304 5032 regem
3339 4977 3542 5017 eorum
3576 4979 3707 5034 quas

2056 5047 2115 5104 in
2148 5052 2305 5105 terra
2335 5054 2511 5106 sunt:
2551 5049 2698 5122 Regi
2737 5065 2992 5121 superno
3050 5050 3380 5120 subditum,
3412 5056 3708 5109 terrenum

2055 5143 2110 5194 et
2140 5139 2458 5210 cmlestem,
2492 5139 2800 5195 mortalem
2858 5147 2912 5195 et
2958 5139 3379 5210 immortalem,
3411 5141 3701 5198 visibilem

2054 5232 2112 5284 et
2141 5228 2436 5285 intellectu
2493 5228 2952 5300 perceptibilem,
2989 5231 3244 5288 medium
3305 5231 3459 5288 inter
3516 5231 3703 5288 subli-

2055 5317 2320 5374 mitatem
2351 5323 2409 5375 et
2439 5318 2860 5389 humilitatem,
2892 5321 3166 5377 eumdem
3217 5326 3274 5377 et
3331 5321 3604 5393 spiritum
3645 5326 3702 5378 et

2054 5422 2320 5464 carnem:
2357 5424 2591 5465 carnem
2628 5409 3150 5482 quidem,propter
3170 5411 3701 5469 extuberationem:

2053 5498 2327 5572 spiritum
2360 5515 2519 5567 vero,
2553 5504 2792 5572 propter
2851 5500 3132 5572 gratiam:
3177 5502 3391 5572 partim
3423 5507 3485 5557 ut
3515 5501 3702 5574 patia-

354 5575 517 5630 Hunc
542 5590 677 5646 ergo
707 5574 768 5631 in
794 5578 1035 5633 modum
1067 5577 1224 5635 Deus
1253 5582 1572 5640 essentiam
1607 5584 1942 5644 intellectus
2048 5592 2165 5658 tur,
2227 5588 2564 5660 patiensque
2630 5590 3064 5662 commoneﬁat,
3123 5593 3182 5648 et
3240 5590 3563 5664 erudiatur,
3627 5593 3699 5652 ad

349 5763 463 5855 (15)
487 5763 720 5827 Λιιιιᾶίι
747 5768 820 5828 ad
852 5768 1047 5830 locum
1079 5767 1143 5834 Β.
1172 5768 1364 5842 Pauli,
1395 5769 1563 5832 Rom.
1588 5787 1664 5831 ix.
