2026 3188
184 177 262 209 1183

839 173 993 206 ΝΙΕΕΤΛΕ
1015 172 1229 206 ΟΗΟΝΙΔΤᾸΕ

1819 171 1909 203 1181

181 243 392 273 sublimitatem
410 250 516 279 magno
530 241 629 269 studio
648 240 740 269 anniti
755 242 908 277 opertcre:
939 249 1006 277 par-
1022 243 1050 278 Α
1065 241 1146 271 ribus
1161 244 1335 279 conﬂantur,
1346 243 1375 270 et
1386 242 1415 269 in
1431 240 1549 269 eosdem
1573 239 1771 268 resolvuntur.
1801 238 1908 272 Quid-

181 290 234 318 tim
251 292 283 317 ut
299 291 473 325 perseveret,
499 290 528 315 et
552 287 715 315 Creatorem
742 286 904 314 beneﬁcum
921 286 1007 321 glori-

184 335 270 362 ﬁcet:
288 333 396 361 animal
413 332 490 368 quod
503 332 550 360 hic
565 331 696 367 quidem,
712 331 741 359 id
764 333 810 358 est
825 331 853 358 in
871 330 1007 366 praesenti

183 379 253 413 vita,
269 379 431 415 gubernat:
448 377 503 406 alio
520 379 615 405 autem
623 376 687 410 ,boc
701 378 746 403 est
761 376 791 403 in
808 376 936 403 futurum
952 384 1007 403 saa-

183 424 294 458 cnlum,
313 423 520 458 transmigrat:
538 421 781 456 tnudemque,qui
797 421 888 448 totius
905 425 1008 456 myste-

182 468 218 496 rii
248 468 315 495 ﬁnis
346 472 390 495 est
417 467 515 495 divino
547 466 669 494 numine
694 466 767 494 deus
794 465 900 493 evadit.
917 465 1006 501 Deus,

182 512 318 548 inquam,
333 512 403 548 quia
414 511 504 539 divini
517 510 683 547 splendoris
699 510 844 546 particeps
859 509 1004 538 efﬁcitur:

184 561 280 585 atnon
296 558 324 584 in
341 557 469 584 divinam
486 556 591 583 transit
619 555 789 584 essentiam.
814 555 929 583 Creavit
955 554 1006 582 bo-

181 602 289 630 minem
306 602 384 629 Deus
399 610 416 629 a
432 604 548 637 peccato
563 605 668 629 natura
681 600 1008 636 immunem,vo|untate

180 646 316 674 liberum.
332 647 509 682 (Immunem
526 655 542 673 a
557 648 675 682 peccato
689 646 764 680 dico,
785 654 844 673 non
860 645 929 681 quia
945 653 1007 681 pec-

180 691 235 718 cati
252 699 341 727 capax
356 699 413 719 non
430 691 484 719 sit:
502 690 584 719 solus
597 690 675 719 enim
692 691 766 718 Deus
782 691 892 726 peccati
906 698 1006 726 capax,

181 744 240 764 non
254 738 316 764 est:
343 736 394 764 sed
410 736 496 772 cujus
515 735 545 764 in
561 738 639 764 terra
663 737 816 772 peccatum
839 744 895 764 non
911 736 1005 763 esset:

180 781 242 809 imo
257 781 287 809 in
303 781 455 809 voluntate
467 780 577 817 potius)
601 781 661 809 sive
676 780 718 809 ita
745 782 958 816 comparatum,
976 781 1008 808 ut

182 834 367 862 perseverare
382 828 471 862 atque
486 826 515 853 in
532 826 609 854 bono
622 826 771 862 proﬁcere,
789 825 887 853 divina
904 832 1007 860 coope-

180 873 262 899 rante
279 871 383 907 gratia,
414 871 574 906 itidemque
603 880 619 898 a
644 871 720 899 bono
748 870 783 898 ad
801 869 923 905 malum,
949 869 1006 897 Deo

180 917 380 951 permittente,
399 919 515 951 propter
531 915 654 943 liberum
686 915 847 948 arbitrium,
863 915 1007 942 declinare
1024 925 1046 956 Β

180 963 287 996 posset.
306 961 363 988 Nec
379 961 457 988 enim
471 960 563 988 virtus
574 963 618 987 est
629 960 669 993 id,
687 961 761 996 quod
776 961 799 987 vi
818 961 858 987 fit.

503 1024 580 1051 CAP.
604 1024 681 1051 XLV.

290 1079 329 1106 De
344 1079 449 1111 anima,
468 1080 566 1111 mente,
585 1081 609 1105 et
623 1078 703 1105 rebus
719 1078 895 1112 z'ncorporei's.

216 1132 306 1167 Igitur
323 1132 421 1159 anima
432 1134 477 1159 est
494 1132 622 1159 essentia
637 1131 745 1164 vivens,
759 1131 890 1166 simplex,
907 1131 1002 1158 incor-

180 1186 278 1214 porea,
296 1178 381 1213 cujus
395 1177 511 1213 propria
528 1180 639 1205 natura
654 1177 799 1212 corporeis
817 1177 910 1204 oculis
926 1176 1005 1204 cerni

180 1233 238 1252 non
253 1227 359 1260 potest,
374 1223 562 1258 immortalis,
576 1224 697 1251 rationis
712 1226 740 1250 et
755 1223 920 1251 intellectus
938 1232 1002 1258 par-

180 1269 284 1304 ticeps,
305 1269 399 1304 figura
416 1276 533 1296 carens:
552 1277 615 1304 qum
641 1277 771 1304 corpore,
790 1272 929 1304 tanquam
959 1268 1002 1294 in-

180 1315 354 1345 strumento,
393 1314 495 1347 utitur,
525 1313 609 1348 eique
643 1314 743 1345 vitam,
781 1313 1002 1345 incrementum,

182 1367 312 1392 sensum,
331 1359 448 1394 vimque
465 1359 672 1394 generairicem
694 1359 843 1394 suggerit:
876 1361 1002 1386 mentem

180 1404 209 1430 in
222 1403 329 1439 seipse,
348 1412 405 1430 non
423 1406 563 1438 tanquam
581 1403 728 1431 diversum
759 1403 841 1438 quid,
858 1404 907 1430 sed
938 1405 1003 1430 tan-

180 1456 266 1483 quem
285 1448 473 1483 purissimam
488 1448 532 1475 sui
558 1450 680 1483 partem,
702 1447 898 1483 complectens
915 1448 1003 1484 (quod

178 1493 255 1520 enim
273 1493 374 1520 oculus
390 1493 420 1520 in
450 1501 580 1529 corpore,
595 1493 622 1520 id
641 1501 724 1520 mens
749 1495 793 1520 est
820 1493 848 1519 iu
882 1492 1002 1528 anima),

180 1538 265 1566 liberi
282 1538 406 1571 arbitrii,
423 1538 519 1566 liberae
536 1538 696 1566 voluntatis
712 1541 741 1566 et
771 1538 913 1566 actionis:
939 1546 1003 1565 mu-

179 1583 279 1612 tabilis
294 1591 345 1612 seu
363 1583 518 1611 mutationi
534 1583 608 1611 ultro
624 1583 758 1618 obnoxia,
777 1584 845 1619 quia
862 1583 1000 1610 nimirum

180 1630 277 1656 creata
294 1630 347 1656 est.
362 1628 427 1655 Haec
452 1628 550 1655 omnia
582 1628 764 1661 naturaliter,
786 1628 927 1656 Creatoris
956 1628 1001 1656 sui

181 1672 276 1708 gratia
304 1674 333 1700 et
358 1672 509 1707 beneﬂcio,
526 1673 646 1708 accepit,
664 1673 733 1708 quia
762 1673 881 1708 quidem
911 1674 1004 1709 gratia

180 1715 236 1751 illi,
252 1718 281 1745 et
292 1718 369 1752 quod
382 1720 436 1750 est,
454 1718 529 1752 quod
557 1718 597 1746 ita
624 1718 793 1746 naturaliter
817 1721 872 1754 est,
890 1720 1002 1754 obtigit.

181 1764 246 1790 Jan:
263 1770 296 1790 ea
324 1771 388 1797 quae
418 1763 600 1799 incorporea,
615 1766 641 1791 et
670 1763 839 1798 invisibilia,
854 1766 882 1792 et
905 1765 1004 1801 ﬁgura:

182 1807 312 1843 expertia
337 1810 417 1840 sunt,
436 1808 557 1842 duobus
583 1809 677 1836 modis
700 1809 931 1844 consideramus,
949 1809 1005 1837 alia

182 1860 216 1879 ex
231 1853 369 1885 essentia,
384 1852 440 1880 alia
455 1861 486 1881 ex
504 1854 607 1888 gratia,
624 1857 651 1881 et
672 1853 721 1881 illa
732 1854 847 1889 quidem
865 1854 903 1881 ita
920 1857 1005 1881 natu-

184 1897 284 1925 raliter
300 1898 543 1933 comparataﬁnec
556 1907 623 1926 vero
635 1899 718 1934 quasi
736 1899 771 1926 ad
789 1900 915 1927 materiae
926 1908 1005 1927 cras-

184 1941 343 1970 situdinem
387 1943 563 1971 accedentia.
594 1945 694 1979 Itaque
725 1944 752 1971 in
785 1944 844 1972 Deo
872 1944 1006 1980 incorpo-

186 1995 281 2021 reum,
300 1990 422 2015 natura:
446 1988 475 2015 in
501 1988 613 2024 angelis
643 1991 751 2022 autem,
773 1989 956 2016 daemonibus
979 1991 1007 2016 et

184 2032 290 2060 animis
306 2033 400 2068 gratia
421 2033 538 2067 dicitur,
567 2037 654 2069 atque
680 2033 862 2069 hujusmodi,
881 2037 910 2062 nt
939 2043 1006 2061 cum

185 2076 312 2105 materia:
325 2077 519 2105 crassitudine
535 2078 707 2106 afﬁnitatem
721 2080 877 2114 quamdam
891 2079 1005 2107 habent.

504 2141 579 2168 CAP.
597 2140 694 2168 XLVI.

312 2195 346 2223 οο
357 2203 480 2232 corpore,
497 2195 648 2229 elementis,
664 2199 692 2223 et
712 2196 881 2224 humoribus.

1022 1607 1043 1640 C

220 2249 332 2285 Corpus
366 2252 463 2279 autem
493 2252 538 2278 est
565 2250 642 2286 quod
684 2250 790 2286 triplici
826 2252 1008 2281 dimensione

183 2296 308 2328 constat,
320 2294 460 2323 nimirum
477 2293 839 2330 longitudine,latitudine,
852 2298 1005 2332 profundi-
1021 2292 1045 2324 D

183 2342 243 2368 tate
258 2342 287 2367 et
305 2339 510 2368 crassitudine.
538 2339 678 2367 Caeterum
706 2348 811 2377 corpus
836 2350 922 2370 omne
935 2351 1006 2378 qua-

184 2390 249 2414 tuor
269 2393 303 2413 ex
321 2385 496 2413 humoribus
518 2385 675 2413 conﬂatum
704 2388 758 2414 est.
786 2387 942 2416 Sciendum
964 2390 1008 2416 est

183 2430 328 2458 elementa
340 2432 465 2466 quatuor
478 2438 552 2464 esse,
566 2432 671 2458 terram
688 2431 795 2459 siccam
808 2434 836 2460 et
852 2433 987 2469 frigidam
1000 2442 1006 2461 :

181 2482 289 2510 aquam
309 2475 444 2511 frigidam
460 2477 488 2502 et
513 2475 675 2510 humidam,
695 2483 790 2504 aerem
807 2476 961 2504 humidum
980 2480 1008 2505 et

183 2519 332 2548 calidum:
349 2520 446 2556 ignem
463 2519 589 2548 calidum
613 2522 641 2548 et
665 2521 792 2554 siccum;
814 2522 921 2557 quibus
952 2523 1007 2551 hu-

185 2572 280 2592 mores
296 2567 422 2600 quatuor
437 2573 471 2592 ex
482 2565 625 2593 diametro
642 2566 834 2601 respondent:
852 2569 915 2595 atra
930 2569 1006 2596 enim

184 2608 284 2643 bilis,u
314 2618 339 2637 m
357 2610 434 2638 sicca
449 2611 487 2638 sit
515 2613 543 2638 et
559 2611 673 2647 frigida,
690 2613 792 2639 terrm:
819 2612 923 2648 pituita
956 2614 1007 2642 fri-

183 2654 253 2690 gida
267 2657 296 2682 et
310 2654 441 2688 humida,
455 2663 557 2690 aqua:
590 2656 711 2692 sanguis
734 2656 874 2685 humidus
894 2660 922 2685 et
937 2659 1006 2687 cali-

183 2699 251 2732 dus.
263 2699 322 2727 aeri
336 2707 343 2728 ε
365 2698 438 2727 ﬂava
454 2700 521 2728 bilis
532 2700 627 2729 calida
639 2703 666 2729 et
695 2702 783 2736 sicca,
805 2702 865 2739 igni
881 2703 959 2732 velut
974 2713 1008 2733 ex

184 2743 327 2772 diametro
343 2745 511 2780 respondet.

219 2787 325 2824 Itaque
340 2789 454 2818 fructus
469 2798 503 2818 ex
517 2790 681 2824 elementis,
695 2791 836 2822 humores
853 2795 952 2822 autem
979 2795 1008 2821 et

184 2831 341 2869 fructibus,
356 2833 549 2864 animantium
565 2833 691 2873 denique
719 2845 842 2874 corpora
856 2846 891 2867 ex
906 2837 1008 2868 humo-

1062 287 1131 322 quid
1148 286 1227 314 enim
1243 286 1439 322 compositum
1456 287 1510 319 est,
1523 285 1552 312 in
1570 284 1620 312 illa
1642 284 1706 320 ipsa
1721 291 1757 311 ex
1781 283 1905 319 quibus

1062 333 1187 367 constat,
1201 331 1320 359 tandem
1336 330 1441 359 resolvi
1457 330 1541 359 solet.

1370 393 1449 421 CAP.
1464 393 1575 421 XLVII.

1063 448 1178 475 Homini
1207 447 1273 484 quid
1287 456 1350 476 cum
1380 448 1527 481 inanimis,
1550 448 1648 480 brum,
1674 449 1701 474 et
1731 446 1900 482 intelligen-

1258 484 1309 512 tiae
1321 484 1468 520 capambus
1482 491 1625 512 commune
1641 484 1690 511 sit.

1096 536 1251 565 Sciendum
1268 545 1355 574 porro
1370 539 1415 565 est
1428 537 1542 565 homini
1573 536 1685 573 aliquid
1701 544 1770 564 cum
1804 536 1896 564 rebus

1061 581 1200 609 inanimis
1214 590 1371 610 commune
1386 591 1461 617 esse,
1476 590 1601 618 eumque
1624 581 1689 609 vitae
1705 589 1775 609 cum
1791 581 1886 609 brutis

1061 626 1279 663 participem,et
1293 635 1359 655 cum
1375 627 1413 655 iis
1428 635 1491 663 quaa
1508 627 1622 655 ratione
1638 628 1766 654 utuntur
1782 625 1887 653 intelli-

1061 671 1159 708 gentia
1187 672 1343 708 praaditum
1365 680 1440 700 esse.
1461 672 1573 708 Corpus
1598 671 1676 700 enim
1706 673 1735 699 et
1764 673 1892 707 quatuor

1060 716 1271 745 elementorum
1287 719 1551 753 temperamentum
1568 716 1736 745 communia
1761 724 1832 743 cum
1847 724 1894 743 re-

1059 760 1116 789 bus
1132 761 1272 789 inanimis
1287 761 1386 790 habet.
1403 762 1474 790 Cum
1491 761 1600 797 plantis
1614 769 1693 795 vero,
1710 766 1819 797 printer
1838 769 1894 789 su-

1060 813 1112 840 pra
1143 806 1233 839 dicta,
1265 806 1318 834 has
1347 814 1465 843 quoque
1509 806 1673 839 facultates,
1708 805 1896 840 nutritivam,

1060 850 1263 886 vegetativam,
1280 853 1309 879 et
1324 851 1709 887 generativam,communes
1725 851 1896 887 experitur.

1059 899 1131 923 Cum
1149 896 1240 923 brutis
1256 896 1336 930 item,
1351 898 1455 932 prmter
1466 898 1532 924 ante
1548 897 1636 931 dicta,
1653 898 1681 924 et
1709 895 1772 924 hazc
1787 898 1898 925 aucta-

1061 940 1095 966 rii
1117 940 1177 967 vice
1203 941 1294 968 eidem
1316 943 1498 976 accrescunt,
1526 942 1685 977 appetitus,
1702 949 1753 968 seu
1771 941 1897 968 animo-

1058 984 1139 1018 sitas,
1170 988 1198 1012 et
1235 986 1481 1021 concupiscentia,
1513 986 1618 1014 deinde
1658 994 1776 1020 sensus,
1819 987 1890 1014 tum

1058 1030 1175 1057 demum
1193 1031 1227 1057 ad
1246 1039 1305 1058 rem
1327 1031 1510 1066 concupitum
1529 1035 1635 1059 motus.
1651 1031 1760 1059 Sensus
1783 1032 1890 1059 autem

1058 1075 1188 1111 quinque
1215 1078 1294 1109 sunt,
1312 1076 1402 1109 visus,
1427 1077 1561 1111 olfactus,
1579 1076 1710 1111 auditus,
1727 1080 1837 1112 gustus
1858 1079 1891 1105 et

1058 1123 1162 1148 tactus.
1178 1121 1295 1149 Concito
1325 1121 1375 1149 illo
1390 1122 1425 1149 ad
1455 1130 1516 1149 rem
1533 1122 1721 1158 concupitam
1739 1123 1822 1149 motu
1842 1121 1890 1155 fit,

1058 1167 1090 1192 ut
1104 1174 1119 1193 e
1133 1165 1194 1193 loco
1211 1166 1239 1192 in
1256 1166 1352 1193 locum
1369 1169 1572 1200 transeat,toto
1587 1175 1708 1202 corpore
1719 1168 1890 1198 moveatur,

1057 1221 1125 1240 voce
1142 1215 1169 1239 et
1198 1213 1389 1248 respiratione
1410 1216 1517 1242 utatur.
1536 1217 1645 1242 Horum
1676 1214 1756 1242 enim
1783 1214 1897 1242 facien-

1058 1257 1162 1284 dorum
1193 1258 1235 1285 vel
1266 1259 1496 1287 omittendorum
1522 1259 1615 1287 libera
1640 1259 1765 1286 facultas
1797 1259 1894 1287 insita

1059 1303 1143 1330 nobis
1159 1304 1211 1331 est.
1230 1303 1300 1338 Ejus
1326 1304 1451 1339 denique
1476 1304 1567 1339 partis
1597 1304 1703 1331 animis
1731 1303 1891 1337 beneficio,

1059 1356 1122 1382 qute
1152 1348 1273 1376 rationis
1299 1351 1344 1376 est
1376 1349 1531 1384 particeps,
1558 1349 1674 1377 naturis
1702 1348 1891 1384 incorporeis

1059 1392 1309 1428 intelligentiaque
1325 1394 1451 1429 praeditis
1467 1393 1666 1429 conjungitur,
1682 1401 1750 1421 cum
1767 1393 1890 1430 singula

1058 1437 1216 1472 perpendit,
1235 1438 1371 1473 intelligit
1386 1441 1413 1466 et
1436 1439 1574 1474 judicat;
1603 1446 1730 1474 cumque
1758 1438 1886 1466 virtutes

1058 1484 1086 1509 ct
1101 1482 1246 1517 imprimis
1263 1483 1411 1519 pietatem,
1427 1484 1568 1511 virtutum
1594 1483 1800 1519 colophonem,
1817 1491 1887 1511 am-

1058 1526 1201 1562 plectitur.
1220 1529 1281 1560 Qua
1297 1529 1385 1556 etiam
1403 1529 1438 1556 de
1461 1537 1550 1557 causa
1567 1528 1654 1557 homo
1670 1536 1777 1564 parvus
1794 1536 1887 1556 mun-

1057 1572 1113 1599 dus
1130 1575 1186 1599 est.

1360 1627 1435 1655 CAP.
1458 1628 1579 1656 XLVIII.

1092 1680 1159 1713 Qum
1182 1680 1289 1715 corpori
1311 1685 1338 1708 et
1363 1682 1465 1721 qm‘mae
1485 1682 1600 1721 propria
1614 1682 1683 1716 sint,
1705 1687 1764 1717 qua
1776 1680 1846 1709 item

1320 1719 1430 1752 utrique
1445 1719 1616 1746 communia.

1093 1770 1252 1798 Sciendum
1269 1774 1313 1799 est
1327 1775 1423 1799 autem
1439 1773 1609 1806 sectionem,
1627 1773 1752 1806 ﬂuxum,
1769 1774 1798 1799 et
1818 1780 1891 1800 mu-

1059 1815 1198 1843 tationem
1214 1816 1268 1843 soli
1299 1817 1414 1851 corpori
1431 1817 1594 1845 convenire.
1614 1818 1737 1846 Mutatio
1762 1817 1890 1853 quidem

1058 1860 1209 1895 qualitatis
1225 1863 1279 1893 est,
1293 1860 1432 1888 nimirum
1449 1862 1565 1895 caloris,
1581 1862 1709 1898 frigoris.
1726 1863 1755 1890 et
1768 1864 1893 1891 caetero-

1058 1913 1124 1932 rum
1139 1905 1168 1932 id
1185 1914 1238 1941 gen
1244 1914 1287 1933 us.

1096 1949 1201 1977 Fluxus
1232 1953 1330 1978 autem
1345 1952 1380 1978 ad
1406 1952 1576 1979 vacuitatem
1603 1952 1785 1980 referendus.
1816 1953 1893 1980 Eva-

1059 1997 1184 2022 cuantur
1194 1996 1270 2023 enirn
1287 2004 1330 2029 ea,
1349 2004 1412 2032 quae
1425 1996 1504 2024 sicca
1519 1999 1548 2024 et
1564 1996 1685 2024 humida
1702 1999 1782 2032 sunt,
1798 1999 1894 2033 atque

1059 2040 1196 2075 spiritus:
1213 2049 1339 2076 quorum
1358 2041 1515 2076 repletione
1541 2050 1646 2077 corpus
1671 2045 1747 2078 eget.
1764 2041 1806 2069 Ex
1830 2051 1893 2078 quo

1060 2085 1092 2112 ﬁt
1105 2088 1135 2112 ut
1160 2086 1251 2113 fames
1267 2088 1295 2113 et
1320 2087 1382 2114 silis
1411 2086 1596 2114 naturalibus
1610 2086 1820 2114 affectionibus
1842 2095 1896 2117 ac-

1060 2132 1245 2158 censeantur.
1257 2131 1366 2158 Animae
1387 2133 1497 2164 autem,
1513 2131 1606 2166 pietas
1635 2134 1664 2158 et
1693 2130 1895 2166 intelligentia

1060 2175 1183 2211 propria)
1199 2180 1277 2203 sunt.
1295 2176 1424 2204 Virtutes
1442 2184 1509 2203 vero
1525 2178 1553 2203 et
1578 2176 1693 2212 corpori
1724 2178 1752 2204 et
1780 2176 1896 2206 anime

1061 2223 1129 2247 sunt
1150 2228 1339 2248 communes:
1367 2229 1434 2248 cum
1463 2220 1523 2248 hac
1550 2228 1666 2257 quoque
1692 2221 1729 2249 ad
1759 2221 1897 2250 animam

1060 2264 1220 2293 evehantur
1230 2268 1371 2301 tanquam
1386 2266 1484 2294 anima
1499 2274 1619 2302 corpore
1632 2266 1782 2296 abutatur.

1375 2328 1451 2356 CAP.
1467 2329 1564 2357 XLIX.

1257 2383 1430 2410 Facultatum
1449 2383 1553 2411 anime
1577 2382 1687 2411 divisio.

1097 2436 1254 2463 Sciendum
1271 2438 1325 2470 est,
1338 2444 1401 2464 eam
1416 2436 1521 2464 animae
1540 2438 1664 2472 partem,
1679 2444 1743 2473 quae
1762 2437 1896 2467 rationis

1062 2482 1106 2508 est
1122 2481 1279 2516 particeps,
1294 2482 1319 2508 ci
1336 2489 1472 2516 praeesse,
1490 2489 1552 2517 quis
1570 2482 1693 2509 rationis
1715 2490 1821 2518 expers
1837 2486 1898 2512 est.

1062 2525 1209 2561 Siquidem
1231 2525 1355 2553 facultas
1382 2526 1486 2553 animas
1512 2525 1622 2562 duplex
1646 2531 1699 2554 est.
1723 2526 1788 2555 Alia
1810 2528 1898 2557 enim

1064 2570 1188 2598 racionis
1209 2579 1309 2606 capax,
1326 2570 1382 2598 alia
1412 2570 1590 2599 bruta.Jam
1621 2571 1714 2599 brutis
1743 2572 1902 2602 facultatis

1063 2616 1119 2643 duo
1134 2617 1203 2642 sunt
1214 2623 1330 2650 genera.
1344 2615 1440 2643 Unum
1457 2624 1570 2649 earum,
1583 2625 1646 2652 quae
1664 2617 1758 2645 bruta;
1769 2619 1901 2647 omnino

1063 2662 1133 2687 sunt
1149 2667 1200 2687 nec
1212 2660 1494 2688 rutioniobediunt:
1526 2660 1653 2689 alterum
1683 2670 1800 2698 earnm,
1829 2671 1902 2699 qua

1063 2704 1168 2732 rationi
1198 2705 1418 2740 quodammodo
1446 2707 1559 2741 parent.
1591 2705 1682 2733 Bruta
1709 2707 1833 2736 omnino
1861 2715 1902 2738 ea

1063 2757 1129 2785 pars
1141 2751 1197 2783 est,
1213 2758 1274 2785 quae
1299 2749 1397 2778 vitalis
1410 2751 1438 2778 et
1452 2749 1640 2778 constrictiva
1666 2750 1785 2786 dicitur,
1817 2751 1898 2783 Item

1063 2795 1239 2830 generativa,
1257 2795 1382 2830 denique
1402 2795 1605 2831 germinativa,
1617 2803 1682 2833 quis
1703 2795 1778 2825 aiias
1793 2798 1901 2828 nutri.

1063 2838 1120 2868 tiva
1136 2841 1266 2870 vocatur.
1278 2840 1335 2869 Sub
1347 2848 1410 2878 quas
1423 2848 1457 2869 ea
1472 2848 1589 2878 quoque
1614 2840 1902 2883 comprehenditur,
