4052 6448
341 445 493 506 1185

1687 417 2088 495 THESAURI
2131 419 2284 482 LIB.
2329 421 2410 484 II.

3602 431 3758 494 1186

339 596 512 653 quam
545 576 925 651 vegetativam
982 573 1192 646 vulgus
1250 575 1440 638 vocat,
1473 574 1528 626 et
1559 586 1686 643 quas
1738 575 1981 634 corpora
2015 555 2064 624 Α
2095 555 2427 653 ’ξθιιῑεθηίίδε
2459 572 2638 653 θυρίδι
2664 560 2983 653 Δθδῐνίζηθω.
3035 557 3478 653 αὖτοᾴνθρωπον,
3530 563 3638 622 hoc
3669 575 3756 625 est

339 671 623 727 elIorrnat.
658 667 787 723 Haec
846 665 998 722 enim
1033 681 1147 720 non
1207 664 1448 732 ratione,
1500 661 1602 716 sed
1654 661 1866 713 natura
1898 666 1990 705 re-

339 765 580 836 guntur.
617 759 758 830 Ejus
791 761 984 812 autem
1029 771 1154 827 quas
1216 752 1424 808 rationi
1476 752 1638 823 paret
1692 745 1990 836 duaesunt

340 834 584 922 species,
628 847 916 916 cupiditas
959 850 1016 900 et
1069 843 1436 900 animositas.
1489 840 1770 896 Caeterum
1823 834 1992 888 bruta

340 939 440 994 illa
471 956 605 1011 pars
653 938 861 992 animas
894 935 1065 1005 vulgo
1099 933 1423 989 afl'ectativa
1452 935 1507 985 et
1557 925 1872 1000 appetitiva
1904 922 1989 976 di-

340 1029 512 1084 citur.
544 1025 856 1081 Sciendum
891 1029 1165 1096 praeterea
1197 1029 1303 1088 est,
1339 1021 1413 1075 ad
1446 1017 1654 1074 rationi
1689 1016 1988 1087 parentem

337 1117 521 1172 bruta:
554 1114 848 1171 facultatis
877 1113 1084 1168 animas
1118 1116 1363 1183 partem,
1385 1108 1550 1164 illum
1584 1119 1818 1178 quoque
1850 1117 1989 1158 con~

338 1207 517 1261 citum
553 1205 622 1261 ad
675 1221 794 1259 rem
825 1207 1083 1275 optatam
1118 1204 1340 1256 motum
1370 1196 1569 1253 referri
1601 1194 1809 1250 solere.

1031 1327 1190 1382 (IAJP.
1231 1327 1294 1379 Ιμ

337 1442 513 1497 Plura
538 1439 602 1494 de
653 1453 879 1508 corpore
908 1440 958 1491 et
986 1435 1198 1489 anima.
1235 1438 1312 1488 De
1338 1432 1542 1512 animae
1573 1425 1990 1512 immortalitate

583 1515 636 1567 et
665 1507 888 1576 natura,
909 1516 1176 1580 quatenus
1206 1507 1423 1576 corpori
1444 1507 1737 1573 jungatur.

413 1618 831 1675 Immortalitas
861 1614 1086 1672 homini
1118 1612 1409 1686 acquisita
1438 1613 1550 1679 est,
1583 1609 1684 1681 qui
1717 1605 1986 1679 quamvis

336 1711 414 1766 sit
446 1708 792 1765 naturaliter
823 1704 1108 1774 mortalis,
1157 1703 1365 1759 animae
1426 1709 1615 1756 tamen
1649 1696 1986 1769 praestantia

337 1801 795 1870 consequiturut
813 1793 1247 1850 immortalibus
1268 1791 1546 1848 assideat.
1573 1788 1755 1860 Igitur
1775 1787 1984 1842 animas

337 1895 570 1956 natura,
605 1891 668 1942 ut
700 1886 1053 1958 quibusdam
1088 1883 1307 1953 placuit
1335 1881 1581 1950 perfecta
1613 1880 1740 1950 ejus
1768 1877 1979 1949 ipsius,

2101 644 2296 717 ipsum
2329 660 2426 700 seu
2463 645 2783 716 perfectum
2824 646 3122 704 hominem
3169 649 3212 705 ii
3242 657 3466 719 vocant,
3501 656 3602 725 qui
3636 657 3756 713 for-

2102 751 2330 791 marum
2363 736 2858 808 speculationibus
2889 739 3107 795 addicti
3149 748 3306 798 sunt.
3340 744 3524 800 Homo
3557 747 3756 821 itaque

2101 825 2311 896 triplex
2355 830 2462 881 est.
2498 825 2660 881 Unus
2691 826 2924 896 quidem
2978 828 3164 902 νοερὸς
3228 830 3624 906 intelligentiae
3655 854 3756 894 ca-

2102 932 2232 987 pax,
2265 915 2431 985 isque
2464 916 2795 971 uniformis.
2856 917 3016 973 Alter
3064 936 3196 974 vero
3246 920 3468 995 λογικὸς
3509 927 3753 985 rationis

2101 1005 2412 1077 particeps,
2484 1007 2648 1078 isque
2704 1007 3034 1078 tripartitus
3103 1015 3158 1065 et
3217 1011 3429 1082 triplici
3480 1015 3756 1076 facultate

2101 1095 2404 1166 praeditus.
2457 1099 2682 1152 Tertius
2755 1099 3008 1170 denique
3066 1097 3406 1172 αἶσΟητικός,
3480 1106 3752 1164 sensibus

2101 1185 2394 1255 addictus,
2449 1186 2618 1258 isque
2678 1187 3059 1245 multiformis
3097 1197 3150 1245 et
3209 1193 3424 1248 varius.
3461 1194 3524 1248 Id
3557 1213 3750 1267 porro,

2100 1276 2256 1345 quod
2289 1275 2672 1332 ratiocinatur
2702 1281 2759 1332 et
2777 1279 3345 1350 contemplatur,nos
3377 1282 3487 1352 ipsi
3521 1300 3749 1341 sumus.

2098 1363 2213 1419 Nec
2268 1365 2422 1420 enim
2456 1366 2776 1438 quidquam
2825 1367 2974 1424 inter
3005 1385 3110 1424 nos
3143 1374 3200 1424 et
3256 1370 3511 1426 animum
3545 1373 3748 1428 discri-

2097 1455 2274 1511 minis
2305 1460 2414 1511 est.

2755 1577 2910 1634 CAP.
2959 1578 3100 1634 LIII.

2096 1686 2171 1740 De
2204 1689 2384 1763 mente
2413 1687 2710 1763 et_anz’ma,
2759 1686 3097 1763 (Grecorum
3147 1690 3364 1762 aliquot
3418 1691 3735 1763 philosopho

2132 1772 2260 1811 rum
2291 1756 2354 1813 de
2383 1759 2594 1814 anima:
2622 1767 2676 1814 et
2701 1756 2940 1831 corporis
2969 1756 3351 1819 coniunctione
3373 1756 3708 1838 séntentiav.)

2171 1873 2248 1928 Ex
2279 1874 2614 1946 sapientum
2667 1877 2997 1933 Graecorum
3032 1894 3275 1935 numero
3325 1880 3481 1937 Plato
3511 1881 3749 1953 quidem

327 1983 394 2034 et
445 1943 812 2031 dimensione
865 1989 1070 2028 carens
1101 1970 1359 2027 essentia
1395 1974 1485 2024 est
1531 1985 1544 2022 :
1581 1983 1708 2038 quae
1753 1966 1978 2036 corpori
2019 1943 2066 2007 Β
2099 1968 2155 2018 et
2194 1965 2527 2021 Aristoteles
2585 1966 2844 2022 animam
2890 1984 3130 2039 corpore
3185 1974 3468 2041 tanquam
3525 1971 3750 2028 instru-

338 2076 616 2138 tanqunm
665 2063 860 2120 currui
913 2062 1147 2117 insidet.
1183 2059 1329 2123 Quia
1356 2075 1489 2114 vero
1538 2056 1652 2111 vita
1684 2055 1784 2110 toti
1816 2056 1982 2110 sufﬁ-

335 2158 562 2222 cienda,
593 2160 650 2212 et
679 2155 802 2211 suis
825 2155 882 2209 id
917 2152 1074 2207 \elut
1103 2150 1334 2222 angulis
1378 2146 1982 2205 circumscribendum

338 2251 444 2314 est,
470 2263 535 2300 ea
566 2245 636 2301 de
667 2261 843 2300 causa
874 2243 1069 2312 ipsum
1105 2242 1385 2312 permeat,
1421 2238 1528 2293 hoc
1558 2240 1647 2292 est
1678 2235 1978 2302 dividitur,

335 2344 389 2392 et
422 2353 522 2406 per
551 2334 816 2406 singulas
847 2333 975 2402 ejus
1002 2334 1196 2403 partes
1229 2329 1600 2395 diffunditur,
1625 2325 1979 2396 profundum

333 2428 463 2497 ejus
495 2430 549 2480 et
575 2423 937 2495 superficiem
963 2438 1033 2476 ex
1058 2436 1225 2492 aequo
1256 2418 1545 2485 animans,
1579 2421 1754 2486 atque
1787 2415 1980 2487 ipsum

333 2515 571 2587 quidem
606 2513 718 2568 sibi
746 2512 858 2581 ipsi
919 2506 1370 2570 circumscribit,
1401 2506 1450 2562 ei
1502 2512 1694 2561 autem
1725 2502 1978 2574 seipsam

315 2603 506 2660 'certis
538 2603 758 2656 finibus
790 2598 1208 2654 accommodat.

1005 2724 1156 2779 CAP.
1210 2723 1298 2778 LI.

328 2841 465 2894 Item
491 2837 556 2893 de
593 2837 798 2892 anima.
850 2832 1183 2916 Angelorum.
1208 2835 1261 2886 et
1311 2829 1633 2885 animarum
1685 2824 1982 2882 creationis

1067 2911 1237 2958 ratio.

399 3036 523 3091 Una
569 3050 702 3088 eum
733 3030 1131 3101 angelicorum
1183 3027 1420 3099 quidem
1454 3026 1729 3082 ordinum
1763 3021 1978 3095 specie,

324 3125 765 3181 individuorum
799 3136 1034 3192 quoque
1056 3133 1336 3174 numerus
1367 3118 1428 3172 in
1461 3115 1652 3187 prima
1681 3113 1785 3169 illa
1817 3129 1983 3167 mun-

328 3218 385 3271 di
438 3215 728 3271 creatione
787 3211 1115 3282 completus
1164 3225 1292 3264 esse
1352 3208 1535 3264 fertur
1583 3224 1596 3262 :
1649 3205 1982 3260 animarum

2099 2065 2294 2110 mento
2329 2055 2411 2110 uti
2440 2060 2699 2111 censent.
2735 2061 2903 2112 Decet
2933 2057 3112 2128 enim,
3144 2057 3334 2130 inquit
3376 2061 3749 2130 Aristoteles,

2101 2153 2160 2200 ut
2199 2162 2296 2200 ars
2341 2145 2466 2200 suis
2524 2145 2958 2213 instrumentis,
3011 2148 3209 2204 anima
3257 2154 3449 2204 autem
3505 2166 3747 2223 corpore

2099 2239 2316 2291 utatur.
2379 2235 2742 2308 Peripatetici
2798 2254 2931 2293 vero
3013 2238 3349 2311 philosophi
3409 2240 3568 2297 illam
3628 2259 3745 2299 non

2096 2341 2268 2380 secus
2318 2332 2487 2398 atque
2537 2327 2786 2383 formam
2833 2328 3076 2384 materia
3107 2333 3474 2386 constantem
3517 2334 3748 2404 corpori

2096 2415 2483 2470 commiscent
2508 2420 2564 2471 et
2597 2416 2918 2488 implicant.

2167 2503 2430 2560 Cleantes
2482 2505 2643 2561 illam
2689 2507 2866 2563 etiam
2911 2525 3123 2580 corpus
3178 2525 3308 2566 esse
3359 2511 3746 2580 demonstrat,

2079 2608 2224 2664 quas
2256 2597 2448 2649 tamen
2495 2595 2812 2667 aliquando
2862 2598 2932 2654 ab
2975 2613 3041 2656 eo
3091 2599 3251 2670 quod
3299 2600 3410 2654 sub
3441 2607 3742 2672 aspectum

2097 2683 2253 2738 cadit
2274 2685 2535 2755 separari
2562 2691 2754 2756 queat.

2169 2773 2432 2828 Plotinus
2487 2780 2685 2831 autem
2740 2775 2900 2834 illam
2955 2779 3026 2833 ad
3085 2779 3346 2852 corporis
3403 2780 3746 2838 allectiones

2096 2862 2435 2918 subeundas
2459 2863 2912 2937 haudquaquam
2946 2867 3103 2939 adigi
3136 2874 3337 2924 auctor
3361 2872 3746 2942 est,quando-

2097 2952 2334 3022 quidem
2367 2969 2472 3008 nec
2503 2953 2622 3010 ullo
2650 2972 2911 3027 unquam
2946 2957 3068 3013 ﬁeri
3096 2957 3267 3014 modo
3296 2963 3489 3029 queat,
3514 2964 3581 3015 ut
3601 2961 3744 3016 arti-

2095 3042 2187 3097 fex
2243 3045 2773 3100 instrumentorum
2833 3045 3170 3103 aﬂ'ectiones
3220 3047 3445 3104 induat.
3498 3049 3748 3106 Necesse

2097 3138 2290 3190 autem
2343 3135 2561 3204 est,ait,
2596 3139 2659 3190 ut
2708 3152 2885 3191 sensu
2936 3141 3160 3194 utatur.
3209 3139 3372 3203 Quod
3427 3138 3583 3194 enim
3619 3157 3745 3196 cor-

2099 3241 2236 3296 pore
2280 3226 2423 3296 agit,
2458 3242 2490 3279 a
2541 3241 2717 3280 sensu
2778 3226 3092 3295 adjuvetur
3140 3235 3252 3282 :ut
3298 3229 3425 3298 ejus
3466 3228 3747 3285 beneficio

332 3311 528 3362 autem
575 3319 852 3360 numerus
875 3320 906 3355 ιι
938 3305 1202 3356 creato”
1241 3297 1428 3353 Verbo
1463 3297 1580 3369 (ουί
1643 3297 1786 3352 nihil
1832 3297 1986 3352 fum‘
2016 3313 2059 3380 C
2096 3319 2334 3370 externa
2363 3320 2421 3369 et
2451 3314 2766 3369 adventitia
2815 3321 3146 3386 cognoscat.
3175 3316 3308 3372 Jam
3333 3297 3400 3371 isi
3430 3316 3629 3372 anima
3659 3318 3750 3372 in-

332 3413 465 3450 rum
519 3404 618 3449 aut
660 3398 967 3447 venturum
1028 3394 1138 3454 est,
1200 3388 1300 3442 sed
1360 3388 1555 3442 omnia
1615 3389 1982 3458 perspicuam

332 3492 602 3541 naturam
637 3485 849 3553 adepta
882 3479 1042 3551 sunt)
1078 3479 1398 3550 productus
1429 3476 1667 3548 quidem
1702 3495 1829 3534 esse
1860 3495 1991 3549 per-

327 3577 587 3642 hibetur,
621 3577 678 3628 at
729 3589 842 3627 non
898 3587 1014 3625 uno
1063 3584 1192 3624 cum
1225 3584 1417 3622 rerum
1471 3567 1853 3623 universitate
1884 3571 1986 3625 de-

326 3669 659 3737 promptus,
707 3661 823 3716 imo
873 3659 987 3714 illae
1041 3674 1110 3714 ex
1169 3656 1351 3712 nihilo
1407 3660 1638 3723 creatae,
1670 3660 1727 3712 et
1757 3675 1984 3737 eorum,

327 3754 466 3826 quia
497 3771 530 3808 ει
562 3751 764 3807 mundi
797 3747 1116 3822 primordio
1135 3747 1209 3802 ad
1240 3746 1394 3802 hunc
1428 3763 1616 3818 usque
1637 3746 1798 3803 diem
1830 3749 1985 3804 vixe-

323 3848 482 3912 runt,
516 3842 857 3912 corporibus
914 3838 1122 3894 infusae
1174 3837 1356 3893 fuisse
1407 3854 1419 3893 :
1456 3841 1629 3908 atque
1661 3836 1721 3893 in
1751 3837 1845 3894 die
1877 3838 1979 3894 in-

325 3934 493 3989 fundi
529 3932 820 3988 feruntur.

985 4036 1140 4092 CAP.
1210 4036 1328 4091 LlI.

323 4151 459 4206 Item
515 4147 581 4202 de
631 4147 844 4201 anima.
896 4143 1122 4216 Triplex
1175 4142 1377 4216 animae
1424 4143 1656 4214 aﬁect-io,
1699 4143 1981 4216 triplicem

807 4213 1018 4286 quoque
1043 4213 1322 4268 hominem
1351 4213 1508 4282 facit.

399 4340 631 4414 Triplex
659 4357 827 4411 porro
851 4342 940 4394 est
971 4337 1179 4393 animas
1210 4336 1460 4408 affectio,
1495 4337 1785 4409 siquidem
1819 4343 1973 4412 quod

2097 3421 2380 3476 corporea
2405 3412 2513 3470 est,
2547 3404 2705 3459 illam
2741 3420 3031 3475 corporeae
3076 3405 3408 3462 affectiones
3441 3405 3749 3480 haudqua-

2097 3511 2269 3562 quam
2307 3495 2731 3565 penetrabunt:
2766 3495 2922 3566 quod
2943 3495 2990 3549 si
3024 3494 3260 3551 veniant
3289 3495 3747 3569 haudquaquam

2095 3583 2153 3636 in
2214 3584 2342 3653 ejus
2389 3584 2733 3650 essentiam,
2792 3585 2890 3639 sed
2951 3589 3174 3638 tantum
3221 3584 3280 3639 in
3326 3585 3635 3643 facultates
3693 3591 3754 3643 et

2094 3671 2355 3728 actiones
2386 3672 2512 3741 ejus
2541 3673 2800 3728 venient.

2755 3790 2910 3847 CAP.
2954 3789 3088 3846 LIV.

2092 3881 2165 3936 De
2196 3881 2407 3936 anima.
2441 3881 2660 3937 Misceri
2688 3895 2812 3952 qum
2839 3881 3121 3948 dicantur,
3151 3884 3206 3934 et
3253 3881 3516 3952 quomodo
3545 3883 3746 3942 anima

2583 3955 2802 4025 corpori
2827 3954 3260 4009 commisceatur.

2162 4071 2389 4129 Misceri
2421 4071 2701 4127 dicuntur
2748 4086 2838 4141 ea,
2872 4087 2996 4142 quas
3030 4071 3492 4128 commiscentur
3520 4077 3578 4129 et
3609 4090 3751 4130 con-

2091 4161 2423 4216 funduntur
2473 4161 2622 4216 inter
2649 4177 2731 4230 se,
2766 4167 2826 4215 ut
2857 4176 2950 4216 res
2992 4160 3248 4216 humidae
3281 4161 3371 4217 vel
3421 4161 3748 4234 implicitm,

2089 4255 2152 4306 ut
2187 4269 2284 4306 aer
2313 4256 2371 4307 et
2397 4250 2596 4306 lumen
2631 4269 2646 4319 ;
2681 4251 2767 4306 vel
2801 4253 2862 4305 ut
2897 4250 3104 4318 forma,
3139 4268 3266 4323 quas
3297 4269 3328 4306 a
3377 4253 3620 4308 materia
3653 4269 3746 4309 se-

2088 4341 2281 4412 parari
2313 4358 2428 4395 non
2461 4344 2672 4412 potest.
2727 4341 2889 4405 Quod
2923 4341 2972 4395 si
3029 4356 3093 4395 se
3124 4340 3209 4395 vel
3270 4340 3571 4397 tantillum
3606 4358 3746 4398 eon-

322 4431 383 4488 in
426 4432 527 4487 illa
557 4445 859 4486 summum
892 4431 999 4495 est,
1023 4431 1080 4483 et
1109 4443 1243 4482 cum
1291 4427 1461 4483 rebus
1493 4443 1620 4499 quae
1678 4428 1975 4487 intellectu
2080 4429 2338 4502 tingunt,
2388 4431 2646 4485 essentia
2698 4430 2936 4501 quidem
2989 4435 3361 4502 separantur,
3414 4431 3746 4488 actionibus

321 4522 746 4597 percipiuntur,
798 4519 1206 4592 cognationem
1257 4516 1454 4588 habet,
1501 4515 1708 4588 νόησις,
1753 4537 1854 4576 seu
1883 4521 1976 4578 in-

319 4612 646 4685 telligentia
700 4611 1086 4667 nominatur:
1124 4609 1282 4684 quod
1329 4624 1461 4663 vero
1519 4612 1870 4679 extremum,
1921 4619 1975 4667 et

2084 4536 2218 4576 vero
2271 4519 2752 4575 commiseentur.
2787 4521 2921 4585 Quae
2973 4535 3065 4575 res
3111 4520 3478 4576 Aristotelem
3515 4537 3747 4593 quoque

2085 4609 2468 4683 permovit,ut
2498 4609 2793 4679 duplicem
2825 4608 3085 4664 animam
3117 4625 3246 4665 esse
3273 4609 3496 4666 diceret
3526 4626 3539 4666 :
3568 4627 3750 4668 unam

320 4683 603 4776 tanquam
637 4717 838 4758 eorum
891 4715 1021 4772 quae
1057 4697 1165 4753 sub
1199 4683 1442 4753 sensum
1477 4698 1714 4767 cadunt,
1768 4715 1980 4758 sensus
2013 4683 2057 4749 D
2091 4699 2354 4771 quidem,
2405 4715 2528 4770 quae
2581 4715 2613 4753 a
2651 4714 2891 4769 corpore
2949 4705 3270 4770 separetur,
3322 4697 3565 4755 alteram
3612 4716 3747 4756 vero

319 4791 658 4852 communis
702 4789 1009 4858 beneficio,
1041 4804 1298 4860 gnomon
1331 4791 1389 4843 et
1434 4788 1637 4860 regula
1683 4792 1796 4856 est,
1833 4786 1978 4862 δόξα,

319 4901 424 4942 seu
467 4880 687 4952 Opinio,
746 4878 1008 4935 dicitur:
1056 4877 1213 4948 quod
1263 4876 1518 4948 denique
1566 4878 1980 4938 intermedium

321 4977 616 5044 est,atquc
643 4970 723 5025 ita
746 4973 1170 5040 comparatum,
1210 4971 1275 5022 ut
1311 4968 1482 5022 modo
1516 4984 1778 5039 sursum,
1807 4971 1978 5028 modo

320 5064 588 5119 deorsum
625 5059 866 5124 feratur,
903 5053 1138 5122 διάνοια,
1172 5073 1272 5112 seu
1309 5056 1582 5130 cogitatio
1613 5058 1768 5114 dicta
1794 5065 1901 5116 est.

391 5155 580 5224 Atque
630 5148 724 5205 his
776 5147 992 5202 finibus
1037 5147 1236 5213 homo,
1296 5163 1396 5202 seu
1448 5146 1707 5204 hominis
1756 5150 1973 5221 opinio,

319 5241 705 5314 exspatiatur,
739 5243 985 5309 tumque
1015 5237 1252 5291 demum
1311 5235 1529 5292 animal
1558 5238 1768 5294 evadit.
1800 5241 1972 5313 Cogi-

315 5331 459 5388 tatio
492 5329 647 5384 enim
708 5325 1012 5398 multiplex
1045 5325 1311 5398 quedam
1345 5329 1558 5382 natura
1590 5329 1698 5382 est.
1749 5327 1972 5384 Intelli-

313 5418 507 5492 gcntia
557 5434 692 5474 vero
725 5415 1046 5472 divinitatis
1100 5419 1190 5470 est
1249 5414 1564 5487 particeps.
1600 5415 1746 5471 Cum
1813 5417 1970 5473 enim

311 5507 604 5580 cupiditas
652 5505 958 5578 multiceps
991 5505 1286 5576 quoddam
1343 5503 1584 5571 animal,
1625 5505 1972 5563 animositas

305 5600 506 5653 autem
557 5595 791 5652 leonina
824 5595 899 5651 sit
951 5611 962 5650 :
1014 5595 1160 5651 ratio
1222 5592 1346 5650 sola
1396 5592 1701 5650 hominem
1763 5610 1969 5652 verum

304 5685 630 5754 constituit,
661 5702 775 5759 quo
807 5689 1004 5743 tamen
1038 5683 1190 5741 alius
1223 5699 1460 5758 quoque
1509 5683 1766 5741 divinior
1793 5684 1970 5744 homo

305 5778 610 5853 veriorque
659 5777 1133 5851 deprehenditur,
1164 5775 1439 5852 quisquis
1491 5773 1703 5852 νοιρὸς,
1741 5792 1842 5835 seu
1877 5778 1968 5836 in-

2090 4805 2220 4861 quas
2302 4789 2360 4844 in
2447 4804 2687 4860 corpore
2762 4786 3066 4843 subsistat.
3139 4787 3218 4842 Ea
3295 4803 3465 4858 porro
3531 4787 3740 4843 animas

2090 4880 2297 4947 forma,
2326 4895 2454 4951 quae
2479 4877 2708 4950 corpori
2737 4877 2914 4944 inest,
2940 4875 3315 4932 instrumenti
3349 4875 3534 4933 vicem
3568 4880 3742 4949 gerit,

2090 4985 2204 5040 quo
2235 4967 2307 5023 ad
2337 4967 2697 5040 superiorem
2731 4967 2989 5022 animam
3023 4966 3182 5038 regia
3227 4964 3502 5022 facultate
3534 4968 3741 5038 praedi-

2087 5062 2208 5114 tam
2271 5058 2647 5113 subvehatur.
2718 5057 2990 5112 Caeterum
3070 5053 3267 5110 anima
3335 5071 3463 5128 qua:
3515 5057 3746 5128 corpori

2085 5147 2256 5213 inest,
2291 5147 2749 5219 haudquaquam
2782 5145 2891 5202 sub
2934 5163 3175 5202 sensum
3205 5146 3357 5202 cadit
3392 5162 3407 5202 :
3443 5146 3739 5219 siquidem

2086 5238 2314 5309 corpori
2363 5237 2663 5293 commista
2695 5240 2802 5305 est,
2857 5237 2958 5291 sed
2996 5236 3188 5308 ipsum
3241 5253 3457 5308 corpus
3519 5236 3744 5292 anima-

2082 5331 2233 5381 tum.
2265 5327 2489 5398 Corpus
2535 5326 2693 5381 enim
2725 5325 2936 5382 animos
2969 5327 3252 5382 beneficio
3291 5343 3526 5396 sensus,
3559 5342 3737 5398 appe-

2084 5416 2312 5480 titus,et
2344 5421 2686 5470 ezeterarum
2717 5415 3088 5472 affectionem
3122 5416 3415 5488 particeps
3445 5420 3554 5472 est.

2155 5504 2316 5560 Plato
2367 5509 2562 5560 autem
2611 5521 2804 5560 veram
2837 5505 3046 5561 animae
3095 5504 3413 5561 essentiam
3455 5521 3489 5560 a
3544 5503 3736 5576 seipsa

2065 5595 2409 5670 ’dependere
2447 5596 2670 5654 scribit.
2706 5595 2869 5660 Quod
2911 5597 3067 5653 enim
3101 5595 3162 5650 in
3217 5594 3328 5651 alio
3356 5594 3644 5664 subsistit,
3674 5594 3735 5651 id

2081 5685 2411 5744 essentialis
2445 5685 2746 5758 qualitatis
2775 5687 3170 5758 formam,non
3196 5688 3390 5742 autem
3418 5683 3735 5744 essentiam

2083 5777 2360 5852 appellat.
