4052 6382
381 373 536 435 1187

1059 501 1207 559 CAP.
1241 499 1357 557 LV.

664 599 741 653 De
769 596 985 653 anima.
1018 592 1102 648 An
1129 594 1322 647 animo
1340 591 1415 644 sit
1441 584 1703 660 patibilis
1731 589 1757 640 ν

1688 358 2002 425 NIGETJ
2042 360 2345 424 GHONIA
2355 361 2480 423 TE

2061 497 2119 565 Α
2147 511 2265 568 qua
2294 496 2362 553 ﬁt
2392 499 2457 553 ut
2485 512 2608 557 non
2639 497 3135 571 quemadmodum
3177 497 3463 569 solemus,
3501 515 3574 557 ex
3605 500 3832 576 imper-

3654 366 3834 430 1188

2143 587 2394 645 fectione
2436 589 2506 645 ad
2559 589 2975 660 perfectionem
3038 591 3511 664 progrediantur,
3542 609 3653 665 pro
3686 610 3826 651 mo-

447 709 584 775 Quee
617 704 843 779 corpori
897 704 1050 759 inest
1081 700 1298 765 anima,
1347 701 1447 754 aut
1477 712 1719 768 corpore
1748 698 2035 766 tanquam
2143 675 2282 779 {illo
2313 679 2569 779 νῖξξξξίίει
2616 681 2988 779 βυζξμᾶοξξυξθ
3034 679 3215 738 imit“
3243 683 3343 753 Sit,
3378 684 3451 779 *{d
3513 685 3818 779 Milon?!“

377 800 771 869 instrumento
815 794 1020 857 utitur,
1067 799 1168 846 aut
1199 788 1270 844 ab
1328 786 1427 842 illo
1483 783 1895 858 inseparabilis
1923 786 2031 838 est.

376 889 504 945 Jam
537 887 586 944 si
619 885 780 959 prius
812 882 1181 948 admittatur,
1209 877 1673 949 haudquaquam
1723 874 1793 928 ad
1825 888 2034 945 corpo-

2142 768 2346 824 divina
2377 768 2540 825 illius
2581 770 2994 827 similitudinis
3049 772 3530 844 consequendam
3572 791 3588 829 :
3622 773 3817 846 legis-

2139 857 2292 915 lator
2319 864 2517 915 autem
2564 861 2824 918 animam
2881 862 2955 917 ad
3007 861 3325 933 imaginem
3373 862 3480 919 Dei
3537 869 3815 920 creatam

376 994 504 1033 reas
549 949 887 1031 affectiones
934 968 1274 1026 subeundas
1318 965 1514 1022 anima
1561 963 1788 1036 cogitur
1823 978 1837 1016 :
1872 962 1965 1018 sin
1998 978 2032 1017 a
2137 964 2267 1006 033°
2295 949 2396 1019 αίῖ,
2444 950 2651 1006 “idem
2706 967 2948 1023 Ρτοτευε
2981 951 3227 1020 ratione,
3287 969 3406 1024 (Ιυα
3466 952 3662 1023 βίαιον
3694 954 3813 1010 ⁸η·

371 1081 610 1138 corpore
639 1061 896 1135 separari
926 1075 1042 1115 non
1062 1059 1348 1129 potest,ut
1379 1052 1735 1125 impatibilis
1768 1053 2026 1121 maneat,

374 1158 423 1213 si
492 1170 705 1226 corpus
780 1148 919 1206 mali
978 1147 1117 1219 quid
1168 1145 1441 1218 patiatur.
1493 1141 2027 1210 Quemadmodum,

373 1245 529 1302 verbi
561 1241 768 1316 gratia,
802 1242 1020 1295 mutato
1070 1252 1221 1304 aere,
1256 1235 1452 1289 lumen
1500 1248 1615 1288 non
1649 1231 1871 1287 moveri
1905 1246 2023 1285 non

371 1336 578 1409 potest.
610 1333 742 1389 Jam
774 1331 824 1386 si
867 1328 1065 1383 anima
1095 1327 1278 1381 forma
1310 1324 1387 1380 sit
1419 1321 1758 1388 materialis,
1791 1324 2022 1377 utrum-

372 1441 481 1499 que
512 1431 664 1480 ccrte
695 1421 1074 1492 conjunctum
1109 1419 1261 1488 aget,
1303 1417 1360 1469 et
1393 1412 1667 1484 patietur,
1700 1410 1894 1465 anima
1925 1424 2021 1465 νος

368 1533 433 1574 ro
480 1532 594 1571 non
630 1513 790 1568 item.
840 1509 983 1565 Nam
1053 1521 1159 1562 nec
1214 1504 1275 1559 in
1332 1501 1521 1558 securi
1582 1501 1770 1573 figura
1829 1499 2018 1556 solum

367 1611 540 1674 secat,
574 1604 677 1660 sed
728 1604 912 1657 totum
948 1613 1160 1668 corpus
1201 1592 1399 1659 simul,
1432 1592 1649 1648 ferrum
1682 1589 1906 1646 scilicet
1936 1590 2019 1645 ita

364 1697 757 1753 efformatum.
788 1689 891 1745 Sin
924 1690 1116 1743 autem
1165 1683 1362 1739 anima
1409 1682 1598 1737 forma
1638 1679 1714 1736 sit
1758 1679 2014 1735 materias

367 1781 756 1859 exepers,ﬁeri
788 1797 904 1836 non
936 1780 1146 1850 potest,
1180 1779 1243 1830 ut
1274 1771 1608 1829 affectiones
1632 1774 1690 1826 et
1715 1770 2010 1842 cognitio-

2137 1038 2270 1109 quis
2318 1039 2633 1112 imaginem
2692 1040 2954 1112 aliquam
3005 1043 3078 1096 ad
3132 1042 3491 1114 exemplaris
3545 1043 3812 1100 formam

2134 1127 2414 1200 effingere
2480 1128 2719 1186 dicitur.
2768 1130 2986 1203 Estque
3033 1129 3143 1186 hoc
3216 1135 3274 1187 et
3321 1130 3540 1188 dicitur
3604 1132 3792 1203 prima

2131 1215 2532 1291 imago,atque
2564 1217 2996 1286 immediatum,
3030 1224 3093 1275 ut
3125 1220 3208 1275 ita
3237 1219 3455 1290 dicam,
3482 1221 3784 1292 spectandi

2133 1306 2432 1379 archetypi
2484 1324 2587 1363 seu
2646 1309 2998 1380 exemplaris
3045 1308 3290 1366 idolum.
3341 1314 3442 1366 Est
3495 1326 3637 1366 vero
3679 1310 3797 1367 alia

2129 1412 2358 1468 quoque
2389 1396 3025 1466 similitudo,nimirum
3058 1398 3318 1454 secunda
3349 1399 3633 1472 imaginis
3662 1399 3809 1456 imi-

2129 1487 2293 1543 tatio.
2345 1488 2625 1553 Quocirca
2656 1485 2758 1542 illa
2806 1486 3046 1558 quidem
3092 1489 3467 1561 exemplaris,
3498 1487 3627 1545 haec
3657 1505 3805 1547 vero

2124 1573 2400 1645 imaginis
2427 1575 2623 1649 imago
2654 1575 2901 1634 dicetur.
2938 1578 3151 1633 Eadem
3198 1594 3336 1652 ergo
3368 1579 3599 1635 ratione
3633 1578 3802 1637 Deus

2126 1682 2359 1739 quoque
2391 1667 2600 1721 animai
2630 1666 3012 1738 archetypum
3044 1672 3155 1740 est,
3170 1669 3501 1726 rationibus
3533 1670 3804 1741 quibus-

2124 1756 2258 1811 dam
2327 1754 2748 1824 ineﬂ‘abilibus,
2808 1766 2872 1811 ut
2917 1761 3124 1813 auctor
3171 1761 3261 1814 est
3309 1757 3524 1828 Moses,
3580 1759 3800 1817 anima

367 1844 491 1932 nes‘
527 1844 871 1945 huiusmodi
922 1844 1215 1933 admittat,
1263 1861 1479 1936 quibus
1529 1859 1786 1931 corporis
1836 1860 2013 1915 inter-
2046 1845 2095 1911 Β
2127 1848 2323 1945 ειη-τοίη
2356 1844 2794 1945 corporis-Etsi
2825 1846 2985 1945 θοίιξι
3034 1863 3248 1945 Pili”?
3296 1848 3799 1945 maioriahanimﬂ

362 1970 539 2023 ventu
590 1936 838 2019 obnoxia
883 1973 1011 2014 esse
1062 1955 1228 2012 solet.
1285 1951 1634 2008 Ati‘ectiones
1688 1965 1884 2022 porro,
1929 1965 1990 2004 ve

2123 1939 2232 2000 est,
2293 1950 2508 2006 corpus
2567 1938 2760 1990 autem
2838 1936 3144 1992 materiale
3196 1943 3253 1994 et
3298 1937 3703 2010 compositum
3777 1957 3796 2010 ;

363 2070 573 2113 sensus
603 2050 846 2125 quidam
878 2050 1019 2105 sunt
1059 2043 1147 2100 vel
1188 2041 1397 2099 saltem
1431 2055 1611 2096 sensu
1641 2054 1758 2095 non
1790 2041 2013 2095 carent.

1022 2152 1178 2211 CAP.
1221 2149 1362 2208 LVI.

462 2275 535 2330 De
565 2272 777 2329 anima.
816 2269 1145 2341 Aﬂeetiones
1175 2264 1387 2319 animas
1413 2260 1482 2315 ab
1512 2260 1636 2330 ejus
1667 2261 1906 2317 essentia

889 2338 1101 2409 colligi,
1121 2352 1234 2395 non
1261 2343 1475 2390 contra.

428 2458 492 2513 In
554 2448 931 2509 mathematis
987 2446 1386 2519 quidem,seu
1444 2437 1797 2512 disciplinis,
1856 2444 2010 2495 certo

356 2548 583 2602 constat
615 2540 1024 2613 quaestionem,
1056 2534 1204 2600 Quid
1237 2536 1348 2599 est,
1381 2531 1456 2587 de
1482 2527 1734 2600 singulis
1764 2528 1956 2584 efferri
1991 2541 2005 2582 :

356 2635 492 2706 quia
522 2633 798 2689 nimirum
830 2628 904 2682 iis
936 2641 1064 2699 quas
1104 2622 1486 2690 deﬁniuntur,
1528 2617 1618 2675 vel
1648 2617 2006 2690 quantitates

340 2720 681 2795 aliquot,vel
703 2718 1010 2789 qualitates
1026 2714 1396 2770 elucescunt:
1418 2727 1545 2782 quae
1563 2709 1802 2781 quidem
1825 2723 2003 2764 sensu

350 2815 431 2870 vel
468 2811 772 2886 phantasia
822 2804 1186 2879 apprehendi
1233 2808 1501 2874 possunt.
1536 2800 1841 2870 Quotquot
1867 2813 2001 2853 vero

346 2905 613 2962 essentia
645 2902 805 2962 sunt,
840 2913 967 2969 quas
991 2892 1240 2950 rationis
1270 2896 1331 2947 et
1361 2888 1579 2946 mentis
1608 2887 2001 2960 speculationi

347 2991 1031 3067 patent,haudquaquam
1050 2999 1153 3056 per
1176 2974 1404 3052 seipsas
1419 2978 1902 3067 manifestarsunt
1924 2976 1998 3032 iis

346 3066 474 3158 quas
497 3079 806 3139 sensibilia
824 3079 964 3133 sunt
988 3092 1001 3130 :
1023 3073 1125 3129 sed
1155 3087 1226 3127 ex
1253 3069 1327 3125 iis
1344 3085 1473 3140 qua
1493 3067 1605 3158 sibi
1636 3066 1912 3158 accidunt
1929 3082 1998 3158 ea

344 3154 671 3230 diﬁ‘ereniia
701 3165 982 3239 procedit,
1005 3178 1135 3234 que
1166 3161 1226 3215 in
1256 3159 1341 3215 eis
1371 3154 1849 3229 deprehenditur.
1882 3154 1990 3220 Qui

341 3262 582 3334 quidem
614 3216 821 3312 moldus
849 3253 910 3308 in
941 3251 1138 3307 anima
1167 3244 1534 3304 necessarius
1562 3248 1856 3314 est,atque
1885 3243 1985 3334 de-
2028 3216 2073 3284 (ίΞ

341 3332 710 3411 monstratio,
758 3359 876 3416 qua
903 3357 971 3397 ex
1020 3355 1086 3395 eo
1116 3337 1274 3410 quod
1333 3333 1473 3406 quid
1525 3337 1635 3401 est,
1663 3332 1989 3390 accidentia

324 3438 833 3508 ‘colliguntur,non
865 3436 1058 3488 autem
1088 3446 1119 3485 e
1147 3442 1424 3484 converso
1452 3424 1523 3480 ab
1554 3422 1650 3481 his
1679 3424 1752 3479 ad
1783 3440 1984 3480 essen-

316 3530 477 3587 tiam
506 3524 842 3583 recurritur.

403 3618 627 3675 Anima
660 3629 830 3688 porro
862 3610 1218 3678 ati'eotioues,
1250 3622 1368 3663 non
1419 3603 1761 3676 simpliciter
1788 3601 1982 3661 omnis

334 3710 462 3781 ejus
492 3707 641 3764 actio
680 3708 790 3772 est,
822 3702 927 3760 sed
982 3697 1263 3774 patientis
1319 3698 1571 3764 tantum,
1622 3697 1796 3765 atque
1827 3700 1983 3749 extra

333 3799 593 3870 seipsam
652 3791 974 3865 evagantis.
1010 3791 1075 3846 Et
1121 3786 1316 3845 omnis
1362 3784 1600 3856 quidem
1633 3782 1833 3838 anima
1881 3798 1980 3838 ex-

333 3888 648 3943 trariarum
697 3898 893 3939 rerum
926 3894 1101 3937 sensu
1142 3876 1443 3944 atﬂicitur,
1486 3876 1545 3927 at
1575 3889 1691 3927 non
1722 3872 1916 3927 omnis
1944 3887 1980 3927 a

329 3965 569 4047 corpore
621 3969 969 4044 separabilis
1026 3972 1136 4024 est.
1202 3963 1409 4021 Omnis
1451 3960 1611 4017 enim
1661 3976 1870 4016 sensus
1921 3964 1979 4015 et

327 4064 649 4136 phantasia
704 4062 922 4132 absque
952 4073 1191 4128 corpore
1240 4069 1358 4109 non
1388 4053 1558 4120 ﬁunt,
1600 4054 1875 4122 quocirca
1906 4065 1976 4104 ne

325 4155 526 4213 anima
554 4153 794 4226 quidem
828 4165 1031 4207 eorum
1065 4144 1322 4217 passioni
1352 4141 1622 4211 obnoxia,
1655 4138 1774 4196 ullo
1807 4137 1975 4195 modo

329 4245 587 4318 separari
647 4244 859 4314 potest.
911 4236 1161 4308 Proprias
1210 4233 1367 4289 enim
1422 4231 1713 4303 quasique
1773 4230 1976 4285 dome-

326 4335 490 4394 stice
514 4334 577 4389 in
606 4329 880 4387 essentiis
907 4325 1149 4387 actionis
1180 4339 1306 4379 esse
1335 4321 1625 4377 videntur.

312 4486 315 4489 .
964 4433 1121 4489 CAP.
1166 4429 1334 4487 LVII.

300 4552 463 4610 Item
489 4547 565 4604 de
609 4545 832 4602 anima.
879 4541 1157 4614 Expositio
1205 4534 1650 4614 dictiﬂosaiei,
1678 4535 1974 4591 Faciamus

2123 2024 2324 2080 animo
2353 2028 2646 2093 tamen,ut
2674 2024 3033 2095 quibusdam
3067 2026 3578 2098 placuit,medium
3612 2029 3802 2102 quid-

2120 2113 2259 2169 dam
2312 2119 2402 2170 est
2457 2115 2609 2170 inter
2636 2114 3091 2188 inseparabilem
3144 2117 3328 2185 illam,
3371 2123 3431 2175 et
3476 2120 3691 2176 eodem
3723 2138 3798 2178 se

2119 2203 2294 2259 modo
2351 2220 2583 2275 semper
2637 2203 2950 2261 habentem
3012 2208 3353 2277 essentiam,
3397 2212 3578 2280 atque
3629 2225 3798 2279 eam,

2117 2309 2245 2365 quae
2277 2309 2380 2365 per
2438 2309 2683 2364 corpora
2738 2294 3111 2355 diffunditur.
3174 2297 3245 2352 Et
3314 2314 3479 2355 mens
3539 2300 3797 2371 quidem

2116 2382 2347 2456 proprie
2402 2383 2657 2439 essentia
2687 2387 2795 2453 est,
2855 2400 2984 2456 quas
3038 2385 3386 2443 divisionem
3451 2404 3570 2444 non
3627 2391 3795 2447 reci-

2114 2472 2200 2545 pit
2259 2488 2273 2527 :
2333 2487 2579 2544 corpora
2647 2489 2783 2529 vero
2854 2476 3215 2545 generationi
3286 2481 3345 2532 et
3403 2479 3788 2549 corruptioni

2112 2561 2363 2619 obnoxia
2393 2565 2551 2631 sunt,
2586 2561 3052 2635 divisionemque
3099 2568 3157 2621 et
3199 2566 3611 2623 dissectionem
3645 2586 3787 2625 om-

2112 2652 2289 2707 nibus
2321 2654 2440 2707 suis
2472 2651 2529 2707 in
2582 2652 2852 2723 partibus
2881 2654 3222 2711 admittunt.
3253 2655 3468 2711 Anima
3517 2657 3786 2730 denique

2111 2741 2512 2813 menti,neque
2529 2742 2757 2812 corpori
2791 2741 3007 2798 similis
3028 2748 3117 2798 est
3142 2760 3154 2798 :
3182 2745 3283 2800 sed
3319 2750 3512 2802 mente
3533 2748 3781 2819 quidem

2108 2831 2372 2897 inferior,
2406 2846 2643 2903 corpore
2674 2834 2871 2887 autem
2903 2833 3171 2904 superior
3193 2852 3212 2889 :
3236 2836 3377 2906 quia
3406 2852 3524 2891 non
3557 2836 3639 2893 ita
3668 2856 3776 2895 na-

2105 2921 2376 2976 turaliter
2404 2919 2675 2977 divisioni
2706 2921 2959 2977 obnoxia
2988 2923 3247 2989 est.Quia
3275 2940 3412 2980 vero
3443 2926 3514 2980 ad
3548 2942 3771 2999 corpus

2102 3008 2371 3079 inclinat,
2399 3024 2633 3065 necesse
2664 3013 2754 3065 est
2785 3019 2847 3065 ut
2880 3027 2995 3066 una
3024 3027 3158 3067 cum
3191 3012 3292 3068 illo
3342 3014 3763 3073 dissectionem

2103 3099 2570 3173 divisionemque
2618 3102 2883 3174 recipiat.
2935 3103 3220 3167 Quocirca
3262 3121 3396 3161 cum
3446 3122 3515 3161 ne
3553 3108 3763 3166 anima

2101 3190 2338 3262 quidem
2396 3190 2474 3246 sit
2502 3189 2810 3248 divisionis
2859 3207 3088 3263 expers,
3133 3192 3199 3249 ﬁt
3257 3202 3316 3250 ut
3346 3196 3591 3265 corporis
3622 3213 3747 3252 non

2100 3280 2300 3336 minus
2330 3279 2525 3352 imago
2554 3280 2651 3349 sit,
2686 3297 2862 3353 quam
2898 3297 3065 3338 mens
3091 3282 3220 3354 ejus
3244 3284 3429 3356 imago
3458 3291 3560 3339 est.

2728 3391 2876 3445 CAP.
2922 3389 3109 3447 LVIII.

2192 3477 2448 3534 Animam
2476 3480 3082 3607 earporis,_${pusque
3111 3480 3230 3536 vice
3255 3497 3411 3539 versa
3441 3483 3645 3538 animae

2734 3568 2758 3606 ι
2854 3568 2948 3606 um
2976 3568 3111 3607 esse.

2734 3568 2948 3607 tantum
2976 3568 3111 3608 8888.

2159 3639 2288 3696 Jam
2347 3638 2398 3694 si
2458 3640 2671 3695 animai
2722 3655 2756 3694 a
2804 3640 3164 3711 quibusdam
3223 3658 3539 3715 corporum
3592 3642 3762 3701 idola

2091 3729 2258 3785 dictae
2308 3727 2449 3794 sint,
2494 3744 2563 3784 ex
2620 3729 2726 3784 boc
2776 3728 2991 3785 inferre
3038 3730 3341 3803 quispiam
3411 3733 3645 3803 poterit,
3683 3734 3760 3790 ab

2086 3817 2302 3875 animis
2358 3816 2749 3888 imaginativis
2791 3833 3205 3890 corporearum
3260 3821 3588 3878 formarum
3640 3823 3758 3879 imo

2085 3907 2438 3978 pressiones,
2487 3906 2543 3962 vi
2572 3923 2774 3963 eorum
2819 3924 2947 3979 quae
2976 3910 3086 3965 sub
3141 3918 3446 3982 aspectum
3492 3914 3759 3985 cadunt,

2084 3996 2287 4068 recipi.
2337 4000 2562 4068 Corpus
2587 3996 2744 4052 enim
2800 3998 2991 4070 ﬁgura
3020 4003 3269 4066 rectum,
3319 4005 3481 4058 tactu
3513 4002 3758 4070 durum,

2082 4086 2275 4143 colore
2305 4085 2531 4153 album,
2563 4102 2738 4159 grave
2787 4088 3039 4160 denique
3087 4095 3145 4145 et
3172 4106 3452 4163 asperum
3495 4103 3607 4161 est,
3648 4111 3764 4150 nec

2081 4177 2166 4233 ita
2194 4183 2618 4247 comparatum,
2665 4176 2812 4232 utin
2844 4194 2978 4233 aere
3007 4177 3231 4235 volitet.
3265 4180 3488 4237 Idolum
3538 4188 3751 4241 autem

2082 4264 2536 4333 tenebricosum,
2571 4270 2630 4320 et
2652 4266 2875 4321 umbrae
2907 4267 3207 4338 persimile
3243 4273 3353 4335 est,
3383 4269 3564 4341 idque
3595 4272 3751 4328 adeo

2082 4354 2241 4427 quod
2297 4352 2470 4425 quale
2515 4353 2592 4409 sit
2639 4353 2733 4408 vix
2774 4354 3074 4425 conjicias.
3111 4358 3247 4424 Quae
3300 4375 3392 4414 res
3436 4360 3752 4418 Platonem

2082 4458 2316 4515 quoque
2366 4442 2565 4509 movit,
2598 4447 2666 4498 ut
2708 4447 2938 4514 spectra
2992 4443 3095 4500 illa
3126 4447 3486 4519 umbratilia,
3519 4465 3653 4521 quas
3688 4452 3754 4509 in

2082 4530 2370 4603 sepulcris
2403 4536 2711 4603 apparent,
2735 4533 2965 4589 animas
2997 4551 3305 4607 corporum
3338 4544 3606 4596 amantes
3639 4557 3761 4600 no-

670 4617 741 4674 ad
771 4589 1073 4686 imagisiem
1122 4617 1176 4666 et
1202 4608 1635 4666 similitudinem
1663 4615 1936 4663 nostram.
2005 4589 2049 4656 Β
2084 4618 2412 4690 minaverit’
2464 4621 2683 4691 quippe
2733 4637 2858 4693 qua
2918 4639 2990 4678 ne
3040 4630 3160 4679 tum
3203 4626 3464 4698 quidem,
3501 4645 3641 4685 cum
3680 4633 3759 4689 ab

387 4729 683 4796 Quaenam,
742 4738 963 4797 quasso,
1027 4718 1192 4775 ﬁnito
1241 4715 1454 4772 similis
1511 4718 1602 4771 est
1651 4714 1787 4771 huic
1849 4718 1968 4772 Mo-

298 4820 498 4889 esico,
530 4822 814 4888 tanquam
865 4813 923 4867 in
954 4808 1061 4867 Dei
1109 4821 1380 4881 persona,
1417 4804 1831 4877 pronuntiato:
1865 4806 1966 4859 Fa-

315 4902 527 4967 ciamus
558 4907 837 4961 hominem
877 4901 948 4959 ad
985 4900 1288 4968 imaginem
1331 4903 1383 4952 et
1409 4894 1835 4951 similitudinem
1863 4909 1966 4949 no-

292 5004 492 5056 stram
524 4995 617 5052 ¹³τ
646 4994 936 5067 siquidem
970 4987 1160 5062 angeli
1220 4984 1504 5057 simplicis
1549 4987 1771 5040 natura
1804 4986 1965 5051 sunt,

296 5076 379 5145 ’ἐξ
404 5084 732 5145 absolutam
789 5080 1203 5156 perfectionem
1241 5075 1419 5146 gratis
1451 5071 1644 5144 adepti
1673 5075 1835 5141 sunt,
1858 5087 1965 5129 nec

292 5176 471 5235 enim
542 5173 930 5247 aptitudinem
1014 5165 1346 5224 actionibus
1402 5178 1646 5218 vacuam
1723 5176 1965 5234 accepe-

312 5272 453 5324 runt
483 5283 497 5322 :
526 5279 716 5336 neque
746 5272 1076 5317 sermonem
1125 5255 1318 5326 illum,
1340 5252 1440 5326 qui
1476 5251 1647 5308 nobis
1678 5250 1964 5308 naturalis

310 5360 423 5428 est,
474 5360 532 5411 et
589 5367 705 5426 quo
755 5349 825 5404 ad
859 5344 1310 5402 similitudinem
1364 5357 1686 5408 movemur,
1748 5341 1961 5398 actioni

292 5440 436 5502 "ium
468 5442 849 5515 praestruunt,
885 5432 1360 5508 quandoquidem
1380 5431 1554 5504 longe
1584 5430 1963 5487 excellentius

298 5516 494 5619 Pquam
525 5546 631 5586 nos
660 5527 906 5585 divinam
920 5524 1171 5581 formam
1201 5520 1639 5593 imaginemque
1668 5519 1958 5578 referunt:

314 5622 315 5625 “
356 5624 436 5666 “ί⁸
457 5626 610 5685 Psal.
642 5645 757 5698 cxx,
786 5626 840 5682 3.
1080 5662 1085 5665 -
1424 5668 1427 5673 λ

388 5713 502 5787 (te)
533 5717 692 5775 Infra
719 5715 826 5773 lib.
856 5730 934 5787 tv,
963 5727 1094 5787 cap.
1120 5708 1212 5781 31,
1243 5712 1452 5769 contra
1477 5706 1815 5782 Origenem.
1846 5748 1853 5791 ς

2080 4710 2190 4766 hoc
2222 4707 2439 4765 mundo
2471 4709 2748 4782 digressas
2776 4710 2919 4782 sint,
2957 4712 3023 4767 ad
3057 4718 3275 4786 purum‘
3305 4715 3505 4774 lumen
3549 4735 3757 4778 rever-

2077 4803 2300 4869 tantur,
2351 4799 2453 4854 sed
2510 4798 2685 4855 etiam
2744 4808 2870 4856 tum
2919 4801 3076 4858 circa
3131 4819 3378 4877 corpora
3405 4815 3753 4881 versentur,

2076 4904 2226 4960 quas,
2285 4886 2591 4945 servilium
2651 4887 3018 4961 voluptatum
3080 4892 3375 4952 illecebris
3431 4903 3639 4969 captae,
3688 4902 3755 4958 in

2076 4979 2303 5051 primus
2353 4983 2648 5034 amarunt.
2698 4981 2920 5052 Corpus
2983 4998 3156 5054 porro
3214 4984 3437 5042 idolum
3497 5005 3753 5063 quoque

2074 5069 2282 5125 animas
2340 5067 2557 5124 dictum
2618 5077 2725 5140 est,
2787 5072 2927 5142 quia
2984 5073 3136 5143 quod
3190 5073 3274 5130 illi
3334 5077 3557 5147 oculos,
3595 5080 3747 5140 huic

2071 5175 2237 5215 mens
2269 5174 2283 5213 :
2318 5158 2473 5229 quod
2532 5156 2616 5213 illi
2647 5162 2864 5227 tactus,
2915 5160 3054 5217 huic
3084 5162 3172 5219 vis
3221 5163 3322 5221 illa
3351 5171 3440 5223 est
3493 5184 3615 5240 qua
3641 5189 3749 5229 re-

2073 5264 2205 5305 rum
2261 5246 2474 5302 veritas
2531 5246 2855 5318 exquiritur
2900 5267 2912 5303 :
2960 5252 3228 5322 quamvis
3279 5255 3400 5311 haec
3456 5261 3742 5330 gentium

2072 5339 2348 5409 dogmata
2381 5336 2601 5406 majore
2630 5336 2721 5393 sui
2770 5354 2836 5393 ex
2872 5343 3034 5410 parte
3086 5343 3406 5415 redoleaut,
3439 5354 3748 5419 quemad-

2072 5428 2314 5486 modum
2358 5430 2416 5483 et
2467 5444 2603 5484 cum
2666 5429 2794 5485 duas
2851 5431 3142 5489 idolorum
3204 5439 3428 5493 naturae
3461 5441 3751 5502 rationali

2071 5517 2281 5575 animm
2309 5520 2648 5576 attexuntur
2673 5518 2791 5593 (l6)
2811 5537 2825 5577 :
2843 5536 3095 5593 quorum
3127 5540 3316 5584 unum
3339 5528 3390 5585 ei
3423 5528 3497 5587 ab
3518 5536 3755 5595 aeterno
