4052 6408
266 373 425 436 1189

1615 361 2018 425 THEIAURI
2060 361 2212 424 LIB.
2258 361 2334 424 Π.

3531 364 3692 424 1190

272 510 576 572 cohaereat,
612 504 766 577 quod
800 501 1038 575 quidem
1069 499 1217 556 nihil
1248 499 1407 556 aliud
1444 501 1554 567 est,
1585 513 1763 570 quam
1791 514 1918 554 cor-
1952 503 2002 569 Α
2034 514 2096 554 ιθ
2126 499 2475 556 conveniant
2501 519 2517 569 ;
2547 500 2648 557 sed
2681 500 2829 556 alter
2857 497 3283 572 praetentioris
3341 499 3548 557 animo
3593 519 3687 559 ra-

272 616 386 674 pus
417 597 586 664 illud,
619 595 777 666 quod
808 590 980 663 vulgo
1003 588 1266 645 divinum
1306 589 1559 645 dicitur:
1620 589 1771 658 quod
1833 586 1917 643 si-

278 689 402 746 mul
433 693 609 758 atque
639 682 823 739 subiit
853 682 1074 749 anima,
1107 679 1382 734 crassiori
1413 680 1604 735 denuo
1649 678 1797 750 parti
1830 677 1928 732 ad-

279 779 475 842 haeret,
508 791 686 847 quam
721 772 957 845 quidem
1009 768 1319 824 acmlcstis
1375 774 1670 824 astrorum
1735 765 1926 838 dispo.

277 868 510 936 sitione,
570 869 635 919 ut
691 864 772 918 ita
819 861 1036 927 dicam,
1075 865 1377 931 acceptam
1461 859 1576 929 ipsi
1647 863 1928 926 tanquam

281 962 478 1014 centro
511 955 862 1027 appingunt,
896 965 1142 1021 eamque
1183 954 1323 1004 tunc
1383 951 1620 1005 demum
1679 948 1930 1003 formam

285 1047 492 1104 animae
525 1043 773 1099 rationis
821 1045 1116 1112 expertem
1168 1043 1395 1108 vocant,
1456 1054 1526 1094 ex
1581 1054 1699 1110 qua
1756 1036 1935 1092 nimi-

286 1152 416 1196 rum
469 1133 689 1204 Opinio,
750 1147 987 1200 sensus,
1043 1129 1378 1201 phantasia,
1434 1143 1634 1184 eorum
1683 1125 1938 1196 denique

279 1223 936 1298 generandorum,quaa
994 1219 1105 1273 sub
1175 1216 1617 1289 generationem
1700 1215 1937 1284 cadunt,

2025 588 2173 644 tioni
2231 595 2448 661 pareat,
2490 589 2639 646 alter
2692 607 2807 662 quo
2853 589 3160 646 deterioris
3201 590 3357 662 rapit
3404 590 3682 663 impetus,

2031 695 2097 735 eo
2130 696 2386 752 praeceps
2411 685 2584 736 ruat:
2618 685 2790 750 atque
2819 681 2901 735 sic
2920 679 3066 735 alter
3119 680 3288 735 bonis
3333 681 3688 750 actionibus,

2034 767 2181 825 alter
2201 769 2826 840 malisinviliget.Cum
2859 770 2997 825 Afer
3026 774 3225 826 contra
3265 771 3468 827 eadem
3502 773 3688 828 animi

2038 859 2426 930 propensione
2448 877 2582 916 eum
2609 862 2805 916 Graeco
2830 859 3067 915 homine
3136 859 3304 916 facile
3358 863 3688 918 conveniat.

2681 971 2836 1024 CAP.
2911 967 3042 1021 LXI.

2042 1068 2174 1122 item
2195 1066 2260 1122 de
2288 1069 2500 1122 anima.
2527 1065 2712 1124 Variae
2756 1066 3109 1122 Ethnicorum
3138 1069 3188 1121 et
3247 1065 3694 1124 Christianorum

2719 1140 3030 1194 sententiae.

2117 1230 2243 1285 Non
2274 1231 2606 1300 defuerunt,
2639 1230 2740 1300 qui
2771 1227 3029 1284 animam
3089 1226 3438 1299 sanguinem
3521 1229 3692 1287 illum

287 1314 583 1386 appetitus
615 1310 895 1382 Ρτοοεάίι·
930 1309 1046 1364 Nec
1079 1307 1233 1362 θυίῐη
1265 1307 1454 1363 eidem
1515 1307 1736 1361 natum
1772 1304 1944 1359 "nil"
2045 1335 2174 1375 ese
2230 1320 2506 1389 dicerent,
2542 1337 2659 1391 quo
2691 1319 2954 1374 vivimus.
3003 1317 3113 1373 Alii
3145 1332 3373 1388 quoque
3405 1318 3693 1389 lspiritum

288 1401 868 1473 contemplationem,
925 1398 1143 1470 primas
1215 1398 1503 1464 notiones,
1591 1398 1937 1465 exaetasque

2056 1408 2220 1464 illum
2247 1425 2375 1465 esse
2402 1409 2686 1476 ratisunt,
2714 1407 3006 1479 quinobis
3044 1406 3115 1461 ab
3176 1407 3340 1461 initio
3396 1423 3513 1463 una
3563 1423 3699 1463 cum

289 1493 736 1557 scientias,una
764 1504 898 1544 cum
955 1487 1121 1542 falsis
1180 1486 1582 1558 opinionibus,
1637 1489 1695 1539 et
1746 1499 1937 1540 eorum

2056 1499 2620 1569 seminisparentum
2686 1498 3000 1554 emissione
3051 1495 3263 1551 insitus
3323 1501 3544 1565 est;ex
3577 1514 3698 1570 quo

287 1600 415 1656 quae
448 1597 628 1638 sensu
665 1580 912 1649 praedita
945 1582 1091 1633 sunt
1150 1574 1740 1647 apprehensionibus,
1774 1572 1937 1628 nimi-

2056 1586 2212 1643 ealor
2232 1588 2407 1643 etiam
2442 1588 2715 1644 exoritur.
2750 1587 2896 1653 Quia
2926 1584 3079 1641 enim
3129 1585 3324 1656 aliquo
3383 1602 3693 1658 corporum

289 1687 418 1729 rum
445 1669 813 1742 phantastica
858 1667 1163 1734 facultate,
1218 1680 1538 1736 rerumque
1597 1662 1952 1720 deteriorum
2061 1682 2264 1733 natura
2319 1679 2547 1750 egebat,
2597 1695 2631 1732 α
2665 1693 2781 1748 quo
2861 1676 3242 1742 animal-aur,
3311 1681 3370 1731 ει
3446 1675 3698 1733 calorem

291 1762 518 1817 actione
577 1759 871 1824 tribuunt,
955 1757 1072 1810 imo
1122 1771 1257 1810 vero
1354 1771 1482 1825 qua:
1551 1751 1937 1826 praestantior:

2061 1767 2402 1838 susciperet,
2461 1767 2677 1823 idcirco
2734 1774 2944 1822 natura
3005 1765 3173 1821 illum
3234 1765 3584 1837 aspiratione
3642 1770 3701 1825 et

293 1859 451 1918 811m.
484 1866 552 1905 ea
577 1846 882 1903 rationali:
955 1862 1080 1916 (ιυεθ
1141 1861 1276 1900 Vero
1340 1842 1654 1910 deteriora.
1711 1858 1778 1942 98
1805 1840 2449 1942 PartlBrespiratione
2507 1856 2766 1922 donavit,
2831 1855 3226 1927 sanguinique
3303 1856 3586 1912 animanti
3621 1857 3708 1912 in-

299 1939 546 1996 rationis
572 1936 793 2006 experti
843 1938 1198 1990 accensent:
1253 1950 1366 1989 non
1427 1937 1490 1986 ut
1538 1931 1798 2020 maculas
1857 1931 2030 1985 aut"
2065 1949 2304 2006 troitum
2355 1953 2412 2003 ει
2469 1947 2688 2004 exitum
2746 1946 3097 2020 ρπωειχιυχίι,
3171 1946 3275 2003 Hic
3309 1946 3524 2020 itaque
3581 1948 3705 2020 api.

297 2028 597 2084 labeculas
627 2025 782 2081 ullas
829 2025 939 2080 hac
971 2022 1381 2080 distributione
1422 2039 1454 2076 a
1518 2019 1800 2110 diviniora
1852 2037 1953 2074 na-
2063 2039 2205 2094 τίωε
2256 2055 2502 2110 corpora
2563 2019 2846 2110 ρθτωέδι,
2946 2036 3276 2104 constituit,
3313 2019 3321 2020 “
3357 2019 3708 2109 οοηυωρη,

287 2129 424 2174 tura
454 2118 820 2188 abstergant,
861 2114 963 2169 sed
1022 2118 1086 2168 ut
1135 2111 1236 2166 illa
1279 2109 1624 2166 necessariis
1679 2111 1956 2181 fungente
2061 2144 2292 2199 unaque
2323 2109 2458 2183 dum
2488 2109 2605 2184 ima
2635 2127 2992 2199 deperdit”,

288 2206 659 2273 muneribus),
693 2205 811 2259 haec
844 2203 914 2258 ad
949 2218 1012 2256 ⁸³
1047 2206 1278 2257 tantum
1313 2218 1376 2256 ³⁸
1442 2203 1757 2265 convertat:
1823 2215 1951 2290 (lu?
2131 2219 2213 2273 Ex
2243 2220 2454 2274 nostra:
2487 2234 2619 2273 vero
2638 2216 2938 2290 religionis
2997 2214 3460 2285 bominibus,alii
3486 2215 3700 2289 ;essen-

286 2297 531 2369 propius
574 2296 645 2351 ad
683 2299 953 2350 naturam
1013 2292 1282 2347 divinam
1329 2291 1637 2346 accedunt.
1690 2293 1808 2344 Hoc
1839 2288 1937 2360 igi-

2059 2307 2251 2364 tialem
2283 2308 2492 2363 animae
2549 2324 2786 2364 causam
2823 2307 3023 2379 prima:
3081 2306 3165 2361 illi
3226 2305 3551 2378 divinaeque
3612 2305 3703 2362 in-

293 2385 634 2442 turidolum
665 2401 736 2440 ea
790 2386 1028 2454 propter
1078 2383 1148 2437 ab
1205 2380 1408 2436 anima
1470 2379 1715 2436 rationis
1769 2377 1937 2450 parti-

2059 2397 2378 2454 sul'ﬂationi
2426 2377 2851 2469 ascripserunt,
2907 2400 3081 2468 atque
3130 2377 3704 2469 hominumicorpo-

296 2477 425 2549 οίΡθ
455 2474 712 2547 separari
747 2490 862 2528 non
925 2487 1095 2542 P0339
1155 2471 1403 2525 docent:
1466 2469 1703 2525 homine
1753 2474 1952 2559 θςυίθιξη
2059 2486 2221 2542 ribus
2251 2487 2360 2559 (18)
2389 2503 2506 2559 quo
2539 2492 2800 2558 tempore
2831 2489 3124 2553 creantur,
3158 2484 3702 2544 intundidixerunt.

288 2564 574 2623 dissoluto
626 2561 1095 2634 praestantiorem
1131 2559 1392 2615 animam
1441 2575 1550 2614 una
1596 2574 1731 2613 cum
1766 2557 1950 2647 lumi—
2064 2557 2454 2631 Alﬁanimaﬁl
2524 2592 2626 2647 per
2665 2557 2744 2631 ’Se
2802 2574 3218 2631 subsistentem
3279 2574 3505 2647 corpori
3565 2591 3707 2630 con-

293 2671 438 2711 11030
461 2651 725 2708 νθῖὶίουίο
752 2651 823 2706 τλά
892 2650 1184 2721 Propriam
1248 2647 1504 2719 (ἶυίθίθω
1579 2646 1948 2737 ευδνθβυοδξ
2060 2682 2293 2721 currere
2325 2646 2632 2737 putarunt:
2692 2665 2773 2720 ita
2852 2668 2916 2720 ut
2974 2679 3160 2737 neque
3217 2646 3429 2734 corpus
3494 2681 3597 2735 per
3647 2680 3708 2720 se

293 2740 693 2800 irrationale“!
751 2755 944 2794 νθνοθ
1003 2754 1242 2809 corpore
1297 2745 1630 2827 separialam
1715 2735 1806 2792 vel
1876 2735 1951 2792 ad
2060 2735 2468 2824 constituatur,
2528 2771 2631 2811 nec
2691 2755 2888 2811 anima
2921 2735 3158 2827 corpore
3231 2753 3388 2826 prior
3442 2755 3706 2811 exsistat.

293 2833 517 2888 inferos
544 2830 882 2894 detrudunt,
909 2827 995 2884 vel
1022 2827 1172 2882 inter
1199 2831 1358 2882 astra
1389 2826 1671 2882 referunt.

958 2918 1111 2974 CAP.
1150 2917 1294 2974 LIX.

408 3014 482 3067 De
513 3013 842 3067 animarum
867 3009 925 3064 in
944 3009 1060 3065 alia
1104 3025 1331 3081 corpora
1350 3007 1840 3071 translationibus.

373 3102 571 3158 Eidem
631 3117 802 3172 porro
869 3099 970 3171 qui
1030 3098 1363 3154 animarum
1440 3095 1790 3172 προγενεσίαν
1846 3114 1948 3152 seu

293 3190 777 3264 praeexistentiam
841 3189 1188 3254 docuerunt,
1301 3188 1641 3242 earumdem
1712 3203 1945 3259 quoque

292 3277 702 3354 μεταγγισμούς
733 3296 833 3335 seu
895 3277 1323 3346 elutriationes,
1384 3281 1441 3330 et
1497 3277 1666 3350 quasi
1724 3293 1754 3331 e
1810 3292 1946 3331 vase

295 3387 412 3426 uno
445 3371 501 3423 in
537 3368 693 3423 aliud
754 3384 853 3422 vas
922 3367 1353 3421 transfusiones
1407 3365 1728 3420 commenti
1786 3370 1946 3420 sunt.

289 3460 391 3515 Est
442 3464 636 3514 autem
702 3453 1067 3527 μεταγγισμὸς
1116 3471 1216 3509 seu
1288 3454 1608 3520 elutriatio,
1644 3470 1769 3508 eum
1832 3471 1950 3508 una

297 3551 574 3606 eteadem
596 3548 792 3602 anima
823 3564 891 3602 ex
923 3546 1178 3601 humano
1239 3561 1472 3616 egressa
1521 3560 1784 3616 corpore,
1818 3562 1947 3600 cor-

305 3655 414 3710 pus
445 3638 501 3692 in
536 3636 694 3692 aliud
729 3633 1149 3706 transmigrat:
1184 3638 1356 3704 atque
1415 3633 1734 3704 aliquando
1771 3633 1946 3689 etiam

290 3726 619 3782 volatilium
655 3725 1228 3797 quadrupedumque
1291 3738 1535 3794 corpora
1587 3722 1765 3778 subit.

960 3813 1111 3868 CAP.
1173 3811 1282 3867 LX.

361 3909 434 3962 De
465 3906 745 3961 luminosa
795 3911 848 3959 et
907 3903 1246 3958 tenebricosa
1267 3903 1477 3959 anima:
1513 3901 1874 3974 natura(l7).

361 3997 614 4063 Quidam
665 4011 796 4050 vero
852 3993 1147 4066 duplicem
1181 4009 1413 4065 quoque
1469 3992 1798 4048 animarum
1853 4009 1952 4047 na-

292 4091 487 4143 turam
519 4101 648 4141 esse
679 4084 971 4152 dixerunt,
1016 4100 1194 4137 unam
1268 4083 1504 4152 quidem
1565 4081 1946 4148 luminosam,

293 4175 536 4230 alteram
567 4190 700 4228 vero
753 4173 1201 4227 tenebricosam.
1262 4172 1332 4226 Et
1401 4171 1553 4225 hanc
1602 4171 1948 4242 quidemin.

291 4263 453 4318 ferne
475 4260 781 4330 scaturire,
843 4265 1016 4331 atque
1069 4260 1466 4315 subterraneis
1527 4276 1598 4314 ex
1658 4259 1948 4315 meatibus

292 4350 565 4406 exsilire:
605 4348 767 4404 illam
803 4364 932 4404 vero
965 4365 994 4403 e
1044 4349 1172 4404 coeli
1221 4347 1431 4404 vertice
1491 4365 1796 4404 accensam
1847 4349 1949 4403 de-

296 4440 471 4510 mitti,
529 4443 592 4495 ut
648 4442 948 4494 terrenum
1003 4437 1109 4492 hoc
1185 4437 1448 4508 corporis
1537 4435 1945 4492 domilicilium

292 4533 549 4586 exornet.
586 4530 718 4594 Quae
753 4527 991 4600 quidem
1018 4527 1379 4583 descendens
1432 4543 1634 4582 cavere
1681 4526 1944 4596 jubetur,

2059 2845 2337 2901 Eamdem
2408 2862 2578 2917 porro
2664 2844 2956 2917 duplicem
3052 2848 3450 2910 asseruerunt,
3534 2846 3706 2916 cujus

2062 2952 2196 3006 pars
2257 2951 2375 2990 una
2432 2934 2676 2991 rationis
2708 2933 3021 3006 particeps,
3083 2933 3267 2989 altera
3349 2950 3554 3006 expers
3605 2934 3700 2990 sit.

2058 3023 2201 3078 Eam
2272 3028 2518 3095 partem,
2572 3041 2701 3096 quae
2762 3023 3003 3079 rationis
3054 3039 3261 3094 expers
3333 3028 3444 3094 est,
3495 3023 3553 3079 in
3588 3024 3710 3080 ani-

2062 3131 2286 3169 mosam
2348 3118 2403 3169 et
2487 3113 2760 3184 cupidam
2831 3113 3174 3170 diviserunt.
3302 3114 3491 3184 Atque
3578 3129 3707 3169 eam

2061 3205 2298 3276 quidem
2359 3207 2605 3276 partem,
2656 3220 2782 3275 quae
2843 3203 3085 3258 rationis
3145 3207 3232 3258 est
3277 3203 3590 3275 particeps,
3649 3204 3709 3258 in

2061 3298 2292 3367 pectore
2323 3294 2522 3349 sedem
2579 3293 2834 3361 habere;
2898 3309 3025 3347 eam
3083 3309 3237 3359 vero,
3292 3309 3418 3364 quas
3488 3294 3712 3348 ratione

2057 3388 2346 3454 caret,per
2378 3383 2709 3438 universam
2737 3382 2997 3453 corporis
3041 3398 3380 3455 compagem
3423 3381 3709 3454 'difil'undi

2056 3474 2448 3529 affirmarunt.
2489 3474 2561 3527 At
2614 3489 2746 3528 vero
2805 3469 3136 3544 ἡγεμονικὸν
3191 3488 3422 3544 quoque
3478 3471 3704 3543 ipsum,

2059 3561 2180 3617 sive
2213 3561 2762 3634 praestantissimam
2823 3561 3033 3616 anima:
3092 3565 3316 3632 partem
3347 3560 3511 3616 Plato
3570 3560 3704 3632 qui-

2059 3650 2188 3703 dem
2223 3656 2280 3703 et
2311 3649 2677 3705 Democritus
2709 3649 2906 3704 sedem
2965 3647 3025 3704 in
3085 3653 3203 3704 toto
3262 3648 3452 3718 capite
3482 3647 3701 3704 habere

2059 3738 2354 3808 dixerunt,
2414 3737 2514 3793 alii
2573 3737 2633 3793 in
2705 3736 2996 3815 μεσοφρύῳ
3085 3753 3185 3793 seu
3254 3736 3704 3808 superciliorum

2059 3825 2408 3896 meditullio,
2464 3825 2564 3882 alii
2628 3827 2783 3882 circa
2849 3825 3071 3881 cerebri
3159 3826 3517 3897 meningem,
3574 3842 3702 3897 qua)

2057 3915 2233 3988 vulgo
2266 3915 2362 3987 pia
2420 3921 2627 3984 mater,
2684 3915 2914 3988 alioque
2974 3914 3211 3970 nomina
3267 3912 3545 3989 ἐπικρανὶς
3602 3931 3704 3970 seu

2058 4005 2410 4062 cerebellum
2445 4004 2795 4078 appellatur.
2847 4006 3097 4070 Quidam
3140 4005 3317 4060 etiam
3370 4005 3431 4060 in
3476 4004 3700 4060 cerebri

2057 4099 2277 4151 ventre.
2308 4094 2423 4150 Nec
2488 4095 2818 4164 defuerunt,
2860 4095 2956 4166 qui
3015 4095 3122 4150 toti
3181 4092 3402 4166 pectori
3478 4093 3700 4164 totique

2058 4185 2214 4239 cordi
2249 4184 2334 4239 vel
2367 4185 2712 4257 spirituicor
2741 4183 3039 4253 ambienti,
3083 4187 3139 4238 et
3193 4181 3500 4254 sanguinis
3545 4199 3703 4238 cras-

2058 4273 2304 4328 situdini
2365 4274 2753 4330 ascriberent.
2817 4273 2930 4328 Alii
2985 4274 3043 4327 in
3127 4271 3452 4344 praeordiis
3536 4270 3700 4328 illam

2057 4366 2410 4418 statuerunt.
2443 4361 2592 4418 Aliis
2624 4381 2658 4418 a
2688 4362 2986 4433 vitaliejus
3013 4361 3308 4428 facultate,
3343 4378 3440 4417 cor
3461 4361 3699 4431 ambiri,

2056 4461 2229 4526 caput
2258 4457 2453 4509 autem
2487 4471 2520 4509 a
2550 4453 2820 4510 rationali
2853 4458 2908 4508 et
2941 4452 3319 4510 intellectuali
3351 4452 3593 4524 placuit,

2698 4553 2849 4609 CAP.
2885 4551 3058 4609 LXII.

293 4637 365 4676 ne
397 4619 536 4673 dum
557 4634 768 4690 ⁰⁰¹Ῥ¹¹⁸
827 4617 935 4673 hoc
990 4615 1241 4711 iam"
1309 4619 1364 4711 cf
1403 4616 1713 4711 σθηῖιξείῖω
1766 4615 1940 4672 ίηίοτ·
1969 4618 2018 4683 Ῑ)
2050 4643 2121 4696 De
2150 4642 2334 4697 anime
2364 4641 2788 4697 immortalitate
2818 4642 2951 4711 quid
2979 4641 3232 4708 ethnicis,
3265 4639 3394 4711 quid
3451 4639 3706 4695 christia-

289 4726 448 4766 mare
498 4713 555 4764 et
600 4724 879 4764 exornare
940 4707 1260 4773 contendit,
1341 4705 1471 4777 ipsa
1546 4705 1826 4762 dedecore
1884 4713 1939 4763 et

287 4799 627 4858 confusione
672 4799 1027 4870 impleatur:
1090 4801 1265 4868 atque
1325 4796 1410 4869 ita
1468 4796 1674 4852 eadem
1734 4802 1937 4868 postea

281 4890 372 4947 via
406 4889 664 4958 renuere,
699 4892 755 4944 et
803 4888 862 4942 in
905 4887 1161 4958 primum
1233 4885 1655 4958 propriumque
1717 4888 1938 4943 fontem

287 4981 520 5038 refundi
554 4985 826 5050 nequeat,
863 4979 962 5032 sed
1025 4977 1094 5031 ad
1143 4975 1561 5031 subterraneos
1614 4975 1746 5031 illos
1789 4993 1941 5032 mea-

285 5075 386 5128 tus
418 5068 582 5125 alteri
616 5068 826 5123 animae
859 5070 1136 5138 cognatos
1169 5069 1502 5120 transversa
1551 5066 1832 5137 rapiatur,

347 5179 518 5235 Liuor
547 5176 669 5243 ubi,
698 5179 859 5246 atque
891 5173 1082 5229 odi-um
1103 5172 1416 5246 ,spcciesﬂel
1447 5174 1608 5246 mille
1668 5176 1943 5232 malorum

360 5251 560 5304 Errant
592 5245 853 5304 ίαν-[αἰθᾶς
873 5247 1054 5318 pratis
1087 5246 1152 5300 in
1184 5245 1436 5300 tristibus
1468 5245 1610 5299 Ates.

367 5355 443 5411 Ex
467 5372 583 5426 quo
615 5355 790 5410 etiam
823 5368 974 5424 saepe
1004 5351 1311 5423 contingit,
1334 5356 1398 5406 ut
1430 5351 1642 5408 iisdem
1675 5355 1942 5425 prognati

287 5442 652 5516 parentibus,
677 5459 746 5497 ne
764 5441 1097 5497 animarum
1146 5441 1386 5511 quidem
1411 5441 1762 5512 cognatione
1792 5443 1943 5499 inter

353 5621 465 5697 (η)
490 5620 852 5697 βιβδνηεεὶρ
881 5622 990 5697 lib.
1007 5639 1024 5676 1
1053 5622 1128 5697 De
1157 5621 1540 5697 frequentia,
1593 5623 1727 5680 intr.
1783 5630 1826 5680 Ι.
1861 5641 1940 5697 1v,

285 5709 334 5749 ο.
368 5693 460 5764 36,
487 5691 547 5750 in
575 5691 688 5750 (ine
713 5693 1129 5754 confutatioais
1161 5693 1565 5753 Euehitarum.

2656 4712 2747 4768 ni:
2781 4712 3084 4784 placuerit.

2119 4821 2249 4876 Jam
2307 4837 2438 4877 vero
2494 4821 2702 4876 anime
2753 4821 3182 4876 immortalitem
3281 4819 3552 4875 nonnulli
3607 4835 3704 4891 ap-

2051 4910 2376 4981 probarunt
2410 4925 2657 4982 eamque
2686 4926 2924 4981 corpore
2983 4911 3310 4982 digressam
3372 4911 3444 4965 ad
3501 4909 3704 4982 lipsius

2053 4999 2453 5055 universitatis
2486 5001 2743 5055 animam
2770 5005 3050 5070 tanquam
3084 5000 3198 5055 sibi
3247 5005 3557 5071 cognatam
3619 5015 3707 5052 re-

2051 5089 2176 5143 dire
2207 5089 2498 5144 dixerunt.
2543 5086 2659 5143 Alii
2701 5091 2906 5143 contra
2953 5088 3314 5159 corruptioni
3361 5087 3702 5158 obnoxiam,

2052 5193 2281 5248 unaque
2312 5194 2706 5251 cumeorpore
2733 5178 2967 5233 interire
2998 5176 3333 5234 maluerunt
3363 5178 3494 5248 (19).
3557 5176 3706 5232 Aliis

2052 5285 2178 5324 eam
2211 5271 2340 5341 ejus
2395 5274 2643 5339 partem,
2703 5285 2830 5340 quas
2912 5268 3158 5324 rationis
3230 5275 3322 5325 est
3383 5267 3700 5340 particeps,

2052 5357 2476 5414 immortalem:
2510 5375 2635 5429 quas
2659 5374 2797 5413 vero
2845 5357 3090 5414 rationis
3147 5375 3353 5432 expers
3403 5362 3512 5426 est,
3556 5372 3704 5411 mor-

2050 5446 2211 5501 talem
2258 5461 2388 5501 esse
2429 5445 2666 5516 placuit.
2729 5447 3074 5503 Nostrorum
3133 5452 3330 5503 autem
3375 5463 3479 5502 seu
3539 5444 3703 5501 Chri-

2119 5625 2235 5698 ί18)
2257 5625 2338 5698 ψ
2361 5624 2662 5698 Origenes.

2124 5696 2890 5771 (19)UtThanatopsyohita
2923 5698 3145 5771 infral,
3203 5716 3279 5758 1v.
3317 5714 3369 5756 ο.
3403 5699 3492 5754 42.
