  <div class='ocr_page' id='page_1' title='image "/cluster/home/n/w/nwhite01/storage/ocr_20150623/139:no.1/coo.31924054870443/605.png"; bbox 0 0 2026 3192; ppageno 0'>
   <div class='ocr_carea' id='block_1_1' title="bbox 183 184 258 215">
    <p class='ocr_par' dir='ltr' id='par_1_1' title="bbox 183 184 258 215">
     <span class='ocr_line' id='line_1_1' title="bbox 183 184 258 215; baseline -0.013 0"><span class='ocrx_word' id='word_1_1' title='bbox 183 184 258 215; x_wconf 77' lang='grc'>1191</span> 
     </span>
    </p>
   </div>
   <div class='ocr_carea' id='block_1_2' title="bbox 836 173 1229 208">
    <p class='ocr_par' dir='ltr' id='par_1_2' title="bbox 836 173 1229 208">
     <span class='ocr_line' id='line_1_2' title="bbox 836 173 1229 208; baseline -0.008 0"><span class='ocrx_word' id='word_1_2' title='bbox 836 175 992 208; x_wconf 72' lang='grc' dir='ltr'>ΝΙϐΕΤιΕ</span> <span class='ocrx_word' id='word_1_3' title='bbox 1012 173 1229 207; x_wconf 70' lang='grc' dir='ltr'>ΟΗΟΝΙΑΤΛΕ</span> 
     </span>
    </p>
   </div>
   <div class='ocr_carea' id='block_1_3' title="bbox 1818 178 1904 211">
    <p class='ocr_par' dir='ltr' id='par_1_3' title="bbox 1818 178 1904 211">
     <span class='ocr_line' id='line_1_3' title="bbox 1818 178 1904 211; baseline 0.023 -2"><span class='ocrx_word' id='word_1_4' title='bbox 1818 178 1904 211; x_wconf 69' lang='grc'>1193</span> 
     </span>
    </p>
   </div>
   <div class='ocr_carea' id='block_1_4' title="bbox 181 242 1903 286">
    <p class='ocr_par' dir='ltr' id='par_1_4' title="bbox 181 242 1903 286">
     <span class='ocr_line' id='line_1_4' title="bbox 181 242 1903 286; baseline -0.003 -6"><span class='ocrx_word' id='word_1_5' title='bbox 181 252 342 281; x_wconf 86' lang='lat' dir='ltr'>stianorum</span> <span class='ocrx_word' id='word_1_6' title='bbox 377 248 620 286; x_wconf 85' lang='lat' dir='ltr'>philosophorum</span> <span class='ocrx_word' id='word_1_7' title='bbox 652 255 685 275; x_wconf 84' lang='lat' dir='ltr'>ex</span> <span class='ocrx_word' id='word_1_8' title='bbox 715 246 817 275; x_wconf 75' lang='lat' dir='ltr'>animae</span> <span class='ocrx_word' id='word_1_9' title='bbox 841 244 1005 273; x_wconf 75' lang='lat' dir='ltr'>actionibus</span> <span class='ocrx_word' id='word_1_10' title='bbox 1020 245 1120 279; x_wconf 64' lang='lat' dir='ltr'>Atur.</span> <span class='ocrx_word' id='word_1_11' title='bbox 1136 243 1213 272; x_wconf 86' lang='lat' dir='ltr'>Nihil</span> <span class='ocrx_word' id='word_1_12' title='bbox 1231 245 1329 272; x_wconf 81' lang='lat' dir='ltr'>autem</span> <span class='ocrx_word' id='word_1_13' title='bbox 1361 242 1441 271; x_wconf 80' lang='lat' dir='ltr'>aliud</span> <span class='ocrx_word' id='word_1_14' title='bbox 1452 244 1497 271; x_wconf 82' lang='lat' dir='ltr'>est</span> <span class='ocrx_word' id='word_1_15' title='bbox 1522 251 1611 279; x_wconf 80' lang='lat' dir='ltr'>quam</span> <span class='ocrx_word' id='word_1_16' title='bbox 1639 243 1761 273; x_wconf 86' lang='lat' dir='ltr'>habitus</span> <span class='ocrx_word' id='word_1_17' title='bbox 1793 247 1833 275; x_wconf 83' lang='lat' dir='ltr'>ad</span> <span class='ocrx_word' id='word_1_18' title='bbox 1866 256 1903 277; x_wconf 74' lang='lat' dir='ltr'>ea</span> 
     </span>
    </p>
   </div>
   <div class='ocr_carea' id='block_1_5' title="bbox 179 289 1004 329">
    <p class='ocr_par' dir='ltr' id='par_1_5' title="bbox 179 289 1004 329">
     <span class='ocr_line' id='line_1_5' title="bbox 179 289 1004 329; baseline -0.011 -3"><span class='ocrx_word' id='word_1_19' title='bbox 179 298 253 327; x_wconf 86' lang='lat' dir='ltr'>alias</span> <span class='ocrx_word' id='word_1_20' title='bbox 263 297 336 325; x_wconf 85' lang='lat' dir='ltr'>citra</span> <span class='ocrx_word' id='word_1_21' title='bbox 358 295 453 323; x_wconf 89' lang='lat' dir='ltr'>ullum</span> <span class='ocrx_word' id='word_1_22' title='bbox 476 293 605 329; x_wconf 90' lang='lat' dir='ltr'>corporis</span> <span class='ocrx_word' id='word_1_23' title='bbox 632 291 806 328; x_wconf 84' lang='lat' dir='ltr'>obsequium</span> <span class='ocrx_word' id='word_1_24' title='bbox 842 298 927 326; x_wconf 83' lang='lat' dir='ltr'>agere</span> <span class='ocrx_word' id='word_1_25' title='bbox 950 289 1004 326; x_wconf 67' lang='grc' dir='ltr'>(εἰσ</span> 
     </span>
    </p>
   </div>
   <div class='ocr_carea' id='block_1_6' title="bbox 181 336 1004 380">
    <p class='ocr_par' dir='ltr' id='par_1_6' title="bbox 181 336 1004 380">
     <span class='ocr_line' id='line_1_6' title="bbox 181 336 1004 380; baseline -0.011 -8"><span class='ocrx_word' id='word_1_26' title='bbox 181 343 300 380; x_wconf 79' lang='lat' dir='ltr'>quidem</span> <span class='ocrx_word' id='word_1_27' title='bbox 314 349 409 374; x_wconf 87' lang='lat' dir='ltr'>mens,</span> <span class='ocrx_word' id='word_1_28' title='bbox 427 340 573 376; x_wconf 79' lang='lat' dir='ltr'>cogitatio,</span> <span class='ocrx_word' id='word_1_29' title='bbox 590 340 617 366; x_wconf 89' lang='lat' dir='ltr'>et</span> <span class='ocrx_word' id='word_1_30' title='bbox 647 337 812 374; x_wconf 76' lang='lat' dir='ltr'>phantasia,</span> <span class='ocrx_word' id='word_1_31' title='bbox 839 336 883 364; x_wconf 74' lang='lat' dir='ltr'>vel</span> <span class='ocrx_word' id='word_1_32' title='bbox 907 336 1004 372; x_wconf 87' lang='lat' dir='ltr'>quieto</span> 
     </span>
    </p>
   </div>
   <div class='ocr_carea' id='block_1_7' title="bbox 181 381 1004 425">
    <p class='ocr_par' dir='ltr' id='par_1_7' title="bbox 181 381 1004 425">
     <span class='ocr_line' id='line_1_7' title="bbox 181 381 1004 425; baseline -0.011 -8"><span class='ocrx_word' id='word_1_33' title='bbox 181 396 300 425; x_wconf 88' lang='lat' dir='ltr'>corpore</span> <span class='ocrx_word' id='word_1_34' title='bbox 326 388 506 423; x_wconf 81' lang='lat' dir='ltr'>operantur),</span> <span class='ocrx_word' id='word_1_35' title='bbox 523 384 594 412; x_wconf 82' lang='lat' dir='ltr'>alias</span> <span class='ocrx_word' id='word_1_36' title='bbox 620 392 686 411; x_wconf 89' lang='lat' dir='ltr'>vero</span> <span class='ocrx_word' id='word_1_37' title='bbox 710 382 840 419; x_wconf 90' lang='lat' dir='ltr'>corporis</span> <span class='ocrx_word' id='word_1_38' title='bbox 863 381 1004 417; x_wconf 78' lang='lat' dir='ltr'>obsequio</span> 
     </span>
    </p>
   </div>
   <div class='ocr_carea' id='block_1_8' title="bbox 181 427 1005 469">
    <p class='ocr_par' dir='ltr' id='par_1_8' title="bbox 181 427 1005 469">
     <span class='ocr_line' id='line_1_8' title="bbox 181 427 1005 469; baseline -0.01 -8"><span class='ocrx_word' id='word_1_39' title='bbox 181 441 265 469; x_wconf 85' lang='lat' dir='ltr'>egere</span> <span class='ocrx_word' id='word_1_40' title='bbox 294 432 439 460; x_wconf 85' lang='lat' dir='ltr'>dixerunt.</span> <span class='ocrx_word' id='word_1_41' title='bbox 466 431 577 458; x_wconf 80' lang='lat' dir='ltr'>Sensus</span> <span class='ocrx_word' id='word_1_42' title='bbox 603 428 682 456; x_wconf 89' lang='lat' dir='ltr'>enim</span> <span class='ocrx_word' id='word_1_43' title='bbox 728 428 837 463; x_wconf 79' lang='lat' dir='ltr'>absque</span> <span class='ocrx_word' id='word_1_44' title='bbox 866 427 913 460; x_wconf 86' lang='lat' dir='ltr'>iis,</span> <span class='ocrx_word' id='word_1_45' title='bbox 939 434 1005 462; x_wconf 82' lang='lat' dir='ltr'>quas</span> 
     </span>
    </p>
   </div>
   <div class='ocr_carea' id='block_1_9' title="bbox 182 472 1003 510">
    <p class='ocr_par' dir='ltr' id='par_1_9' title="bbox 182 472 1003 510">
     <span class='ocr_line' id='line_1_9' title="bbox 182 472 1003 510; baseline -0.009 -4"><span class='ocrx_word' id='word_1_46' title='bbox 182 479 236 506; x_wconf 85' lang='lat' dir='ltr'>sub</span> <span class='ocrx_word' id='word_1_47' title='bbox 248 485 367 505; x_wconf 81' lang='lat' dir='ltr'>sensum</span> <span class='ocrx_word' id='word_1_48' title='bbox 384 476 503 509; x_wconf 83' lang='lat' dir='ltr'>cadunt,</span> <span class='ocrx_word' id='word_1_49' title='bbox 533 482 618 510; x_wconf 81' lang='lat' dir='ltr'>agere</span> <span class='ocrx_word' id='word_1_50' title='bbox 634 482 692 502; x_wconf 89' lang='lat' dir='ltr'>non</span> <span class='ocrx_word' id='word_1_51' title='bbox 718 475 823 509; x_wconf 83' lang='lat' dir='ltr'>potest.</span> <span class='ocrx_word' id='word_1_52' title='bbox 845 472 901 500; x_wconf 83' lang='lat' dir='ltr'>Sed</span> <span class='ocrx_word' id='word_1_53' title='bbox 930 480 1003 507; x_wconf 91' lang='lat' dir='ltr'>quo-</span> 
     </span>
    </p>
   </div>
   <div class='ocr_carea' id='block_1_10' title="bbox 180 517 1002 557">
    <p class='ocr_par' dir='ltr' id='par_1_10' title="bbox 180 517 1002 557">
     <span class='ocr_line' id='line_1_10' title="bbox 180 517 1002 557; baseline -0.009 -6"><span class='ocrx_word' id='word_1_54' title='bbox 180 523 336 551; x_wconf 87' lang='lat' dir='ltr'>dammodo</span> <span class='ocrx_word' id='word_1_55' title='bbox 365 521 553 557; x_wconf 86' lang='lat' dir='ltr'>compatitur,</span> <span class='ocrx_word' id='word_1_56' title='bbox 587 522 616 547; x_wconf 89' lang='lat' dir='ltr'>et</span> <span class='ocrx_word' id='word_1_57' title='bbox 631 527 664 547; x_wconf 89' lang='lat' dir='ltr'>ea</span> <span class='ocrx_word' id='word_1_58' title='bbox 697 518 810 554; x_wconf 79' lang='lat' dir='ltr'>corpori</span> <span class='ocrx_word' id='word_1_59' title='bbox 854 517 1002 546; x_wconf 78' lang='lat' dir='ltr'>conciliat.</span> 
     </span>
    </p>
   </div>
   <div class='ocr_carea' id='block_1_11' title="bbox 180 562 1003 601">
    <p class='ocr_par' dir='ltr' id='par_1_11' title="bbox 180 562 1003 601">
     <span class='ocr_line' id='line_1_11' title="bbox 180 562 1003 601; baseline -0.007 -6"><span class='ocrx_word' id='word_1_60' title='bbox 180 568 261 596; x_wconf 78' lang='lat' dir='ltr'>Unde</span> <span class='ocrx_word' id='word_1_61' title='bbox 274 568 305 594; x_wconf 84' lang='lat' dir='ltr'>ﬁt</span> <span class='ocrx_word' id='word_1_62' title='bbox 322 569 351 594; x_wconf 91' lang='lat' dir='ltr'>ut</span> <span class='ocrx_word' id='word_1_63' title='bbox 366 573 563 601; x_wconf 74' lang='lat' dir='ltr'>smpenumero</span> <span class='ocrx_word' id='word_1_64' title='bbox 592 564 653 601; x_wconf 72' lang='lat' dir='ltr'>typi</span> <span class='ocrx_word' id='word_1_65' title='bbox 678 564 799 600; x_wconf 86' lang='lat' dir='ltr'>quidam</span> <span class='ocrx_word' id='word_1_66' title='bbox 825 565 854 590; x_wconf 90' lang='lat' dir='ltr'>et</span> <span class='ocrx_word' id='word_1_67' title='bbox 883 562 1003 590; x_wconf 82' lang='lat' dir='ltr'>charac-</span> 
     </span>
    </p>
   </div>
   <div class='ocr_carea' id='block_1_12' title="bbox 179 608 1003 647">
    <p class='ocr_par' dir='ltr' id='par_1_12' title="bbox 179 608 1003 647">
     <span class='ocr_line' id='line_1_12' title="bbox 179 608 1003 647; baseline -0.007 -6"><span class='ocrx_word' id='word_1_68' title='bbox 179 615 267 647; x_wconf 82' lang='lat' dir='ltr'>teres,</span> <span class='ocrx_word' id='word_1_69' title='bbox 292 611 407 640; x_wconf 81' lang='lat' dir='ltr'>obscuri</span> <span class='ocrx_word' id='word_1_70' title='bbox 438 619 549 645; x_wconf 89' lang='lat' dir='ltr'>eorum,</span> <span class='ocrx_word' id='word_1_71' title='bbox 571 619 634 646; x_wconf 75' lang='lat' dir='ltr'>quae</span> <span class='ocrx_word' id='word_1_72' title='bbox 664 609 772 645; x_wconf 83' lang='lat' dir='ltr'>singuli</span> <span class='ocrx_word' id='word_1_73' title='bbox 801 609 856 636; x_wconf 85' lang='lat' dir='ltr'>hac</span> <span class='ocrx_word' id='word_1_74' title='bbox 885 609 915 636; x_wconf 90' lang='lat' dir='ltr'>in</span> <span class='ocrx_word' id='word_1_75' title='bbox 945 608 1003 635; x_wconf 88' lang='lat' dir='ltr'>vita</span> 
     </span>
    </p>
   </div>
   <div class='ocr_carea' id='block_1_13' title="bbox 178 654 1002 695">
    <p class='ocr_par' dir='ltr' id='par_1_13' title="bbox 178 654 1002 695">
     <span class='ocr_line' id='line_1_13' title="bbox 178 654 1002 695; baseline -0.006 -9"><span class='ocrx_word' id='word_1_76' title='bbox 178 659 224 695; x_wconf 89' lang='lat' dir='ltr'>pie</span> <span class='ocrx_word' id='word_1_77' title='bbox 254 660 282 685; x_wconf 92' lang='lat' dir='ltr'>et</span> <span class='ocrx_word' id='word_1_78' title='bbox 302 666 336 685; x_wconf 86' lang='lat' dir='ltr'>ex</span> <span class='ocrx_word' id='word_1_79' title='bbox 361 655 511 692; x_wconf 84' lang='lat' dir='ltr'>religionis</span> <span class='ocrx_word' id='word_1_80' title='bbox 536 655 706 691; x_wconf 67' lang='lat' dir='ltr'>praescripto</span> <span class='ocrx_word' id='word_1_81' title='bbox 734 656 867 690; x_wconf 81' lang='lat' dir='ltr'>egerunt,</span> <span class='ocrx_word' id='word_1_82' title='bbox 898 654 1002 681; x_wconf 68' lang='lat' dir='ltr'>anima:</span> 
     </span>
    </p>
   </div>
   <div class='ocr_carea' id='block_1_14' title="bbox 177 699 1000 739">
    <p class='ocr_par' dir='ltr' id='par_1_14' title="bbox 177 699 1000 739">
     <span class='ocr_line' id='line_1_14' title="bbox 177 699 1000 739; baseline -0.005 -9"><span class='ocrx_word' id='word_1_83' title='bbox 177 705 278 739; x_wconf 82' lang='lat' dir='ltr'>postea</span> <span class='ocrx_word' id='word_1_84' title='bbox 297 710 385 738; x_wconf 88' lang='lat' dir='ltr'>quam</span> <span class='ocrx_word' id='word_1_85' title='bbox 412 710 428 728; x_wconf 87' lang='lat' dir='ltr'>a</span> <span class='ocrx_word' id='word_1_86' title='bbox 454 708 569 736; x_wconf 86' lang='lat' dir='ltr'>corpore</span> <span class='ocrx_word' id='word_1_87' title='bbox 590 701 726 736; x_wconf 84' lang='lat' dir='ltr'>separata</span> <span class='ocrx_word' id='word_1_88' title='bbox 760 701 817 732; x_wconf 77' lang='lat' dir='ltr'>est,</span> <span class='ocrx_word' id='word_1_89' title='bbox 852 699 1000 735; x_wconf 81' lang='lat' dir='ltr'>impressi,</span> 
     </span>
    </p>
   </div>
   <div class='ocr_carea' id='block_1_15' title="bbox 176 744 1001 782">
    <p class='ocr_par' dir='ltr' id='par_1_15' title="bbox 176 744 1001 782">
     <span class='ocr_line' id='line_1_15' title="bbox 176 744 1001 782; baseline -0.007 -6"><span class='ocrx_word' id='word_1_90' title='bbox 176 750 204 776; x_wconf 86' lang='lat' dir='ltr'>et</span> <span class='ocrx_word' id='word_1_91' title='bbox 220 747 298 776; x_wconf 88' lang='lat' dir='ltr'>velut</span> <span class='ocrx_word' id='word_1_92' title='bbox 313 745 454 782; x_wconf 86' lang='lat' dir='ltr'>insculpti</span> <span class='ocrx_word' id='word_1_93' title='bbox 482 744 643 781; x_wconf 79' lang='lat' dir='ltr'>supersint.</span> <span class='ocrx_word' id='word_1_94' title='bbox 668 744 741 777; x_wconf 90' lang='lat' dir='ltr'>Quia</span> <span class='ocrx_word' id='word_1_95' title='bbox 761 744 900 771; x_wconf 81' lang='lat' dir='ltr'>nimirum</span> <span class='ocrx_word' id='word_1_96' title='bbox 916 744 1001 771; x_wconf 83' lang='lat' dir='ltr'>atl‘ec-</span> 
     </span>
    </p>
   </div>
   <div class='ocr_carea' id='block_1_16' title="bbox 179 789 1001 827">
    <p class='ocr_par' dir='ltr' id='par_1_16' title="bbox 179 789 1001 827">
     <span class='ocr_line' id='line_1_16' title="bbox 179 789 1001 827; baseline -0.005 -7"><span class='ocrx_word' id='word_1_97' title='bbox 179 793 273 821; x_wconf 81' lang='lat' dir='ltr'>tiones</span> <span class='ocrx_word' id='word_1_98' title='bbox 295 791 362 825; x_wconf 77' lang='lat' dir='ltr'>illsa,</span> <span class='ocrx_word' id='word_1_99' title='bbox 387 799 452 827; x_wconf 74' lang='lat' dir='ltr'>quas</span> <span class='ocrx_word' id='word_1_100' title='bbox 481 790 581 818; x_wconf 78' lang='lat' dir='ltr'>sensui</span> <span class='ocrx_word' id='word_1_101' title='bbox 608 789 814 825; x_wconf 81' lang='lat' dir='ltr'>subjiciuntur,</span> <span class='ocrx_word' id='word_1_102' title='bbox 831 796 1001 817; x_wconf 91' lang='lat' dir='ltr'>communes</span> 
     </span>
    </p>
   </div>
   <div class='ocr_carea' id='block_1_17' title="bbox 180 836 566 872">
    <p class='ocr_par' dir='ltr' id='par_1_17' title="bbox 180 836 566 872">
     <span class='ocr_line' id='line_1_17' title="bbox 180 836 566 872; baseline -0.01 -6"><span class='ocrx_word' id='word_1_103' title='bbox 180 838 284 866; x_wconf 70' lang='lat' dir='ltr'>animae</span> <span class='ocrx_word' id='word_1_104' title='bbox 300 836 473 872; x_wconf 89' lang='lat' dir='ltr'>corporique</span> <span class='ocrx_word' id='word_1_105' title='bbox 488 837 566 863; x_wconf 89' lang='lat' dir='ltr'>sunt.</span> 
     </span>
    </p>
   </div>
   <div class='ocr_carea' id='block_1_18' title="bbox 215 878 1001 917">
    <p class='ocr_par' dir='ltr' id='par_1_18' title="bbox 215 878 1001 917">
     <span class='ocr_line' id='line_1_18' title="bbox 215 878 1001 917; baseline -0.005 -7"><span class='ocrx_word' id='word_1_106' title='bbox 215 883 319 910; x_wconf 81' lang='lat' dir='ltr'>Beatus</span> <span class='ocrx_word' id='word_1_107' title='bbox 335 889 450 917; x_wconf 87' lang='lat' dir='ltr'>quoque</span> <span class='ocrx_word' id='word_1_108' title='bbox 466 881 619 916; x_wconf 83' lang='lat' dir='ltr'>Nyssenus</span> <span class='ocrx_word' id='word_1_109' title='bbox 632 879 681 907; x_wconf 85' lang='lat' dir='ltr'>ille</span> <span class='ocrx_word' id='word_1_110' title='bbox 699 878 855 916; x_wconf 85' lang='lat' dir='ltr'>Gregorius</span> <span class='ocrx_word' id='word_1_111' title='bbox 883 878 909 906; x_wconf 91' lang='lat' dir='ltr'>ei</span> <span class='ocrx_word' id='word_1_112' title='bbox 939 878 1001 906; x_wconf 84' lang='lat' dir='ltr'>nni-</span> 
     </span>
    </p>
   </div>
   <div class='ocr_carea' id='block_1_19' title="bbox 178 923 995 961">
    <p class='ocr_par' dir='ltr' id='par_1_19' title="bbox 178 923 995 961">
     <span class='ocr_line' id='line_1_19' title="bbox 178 923 995 961; baseline -0.006 -6"><span class='ocrx_word' id='word_1_113' title='bbox 178 936 231 956; x_wconf 73' lang='lat' dir='ltr'>mae</span> <span class='ocrx_word' id='word_1_114' title='bbox 247 926 389 961; x_wconf 82' lang='lat' dir='ltr'>facultati,</span> <span class='ocrx_word' id='word_1_115' title='bbox 417 934 474 961; x_wconf 81' lang='lat' dir='ltr'>qua</span> <span class='ocrx_word' id='word_1_116' title='bbox 498 925 697 957; x_wconf 80' lang='lat' dir='ltr'>recordamur,</span> <span class='ocrx_word' id='word_1_117' title='bbox 743 924 828 961; x_wconf 86' lang='lat' dir='ltr'>signa</span> <span class='ocrx_word' id='word_1_118' title='bbox 866 923 995 959; x_wconf 77' lang='lat' dir='ltr'>corporis</span> 
     </span>
    </p>
   </div>
   <div class='ocr_carea' id='block_1_20' title="bbox 176 968 998 1008">
    <p class='ocr_par' dir='ltr' id='par_1_20' title="bbox 176 968 998 1008">
     <span class='ocr_line' id='line_1_20' title="bbox 176 968 998 1008; baseline -0.006 -8"><span class='ocrx_word' id='word_1_119' title='bbox 176 975 318 1008; x_wconf 81' lang='lat' dir='ltr'>tanquam</span> <span class='ocrx_word' id='word_1_120' title='bbox 335 970 464 1007; x_wconf 86' lang='lat' dir='ltr'>sigillum</span> <span class='ocrx_word' id='word_1_121' title='bbox 477 978 549 998; x_wconf 69' lang='lat' dir='ltr'>ceras</span> <span class='ocrx_word' id='word_1_122' title='bbox 564 970 751 1005; x_wconf 86' lang='lat' dir='ltr'>impressum,</span> <span class='ocrx_word' id='word_1_123' title='bbox 775 968 916 996; x_wconf 64' lang='lat' dir='ltr'>inhaerere</span> <span class='ocrx_word' id='word_1_124' title='bbox 932 969 998 1004; x_wconf 88' lang='lat' dir='ltr'>post</span> 
     </span>
    </p>
   </div>
   <div class='ocr_carea' id='block_1_21' title="bbox 177 1014 996 1050">
    <p class='ocr_par' dir='ltr' id='par_1_21' title="bbox 177 1014 996 1050">
     <span class='ocr_line' id='line_1_21' title="bbox 177 1014 996 1050; baseline -0.005 -5"><span class='ocrx_word' id='word_1_125' title='bbox 177 1019 299 1045; x_wconf 87' lang='lat' dir='ltr'>mortem</span> <span class='ocrx_word' id='word_1_126' title='bbox 318 1018 420 1044; x_wconf 87' lang='lat' dir='ltr'>auctor</span> <span class='ocrx_word' id='word_1_127' title='bbox 434 1018 489 1050; x_wconf 90' lang='lat' dir='ltr'>est,</span> <span class='ocrx_word' id='word_1_128' title='bbox 505 1014 614 1043; x_wconf 89' lang='lat' dir='ltr'>idcirco</span> <span class='ocrx_word' id='word_1_129' title='bbox 631 1014 718 1042; x_wconf 88' lang='lat' dir='ltr'>etiam</span> <span class='ocrx_word' id='word_1_130' title='bbox 748 1014 828 1042; x_wconf 88' lang='lat' dir='ltr'>dives</span> <span class='ocrx_word' id='word_1_131' title='bbox 859 1014 996 1042; x_wconf 84' lang='lat' dir='ltr'>Lazarum</span> 
     </span>
    </p>
   </div>
   <div class='ocr_carea' id='block_1_22' title="bbox 176 1058 997 1097">
    <p class='ocr_par' dir='ltr' id='par_1_22' title="bbox 176 1058 997 1097">
     <span class='ocr_line' id='line_1_22' title="bbox 176 1058 997 1097; baseline -0.006 -6"><span class='ocrx_word' id='word_1_132' title='bbox 176 1062 337 1097; x_wconf 73' lang='lat' dir='ltr'>cognoscit,</span> <span class='ocrx_word' id='word_1_133' title='bbox 350 1063 378 1089; x_wconf 90' lang='lat' dir='ltr'>et</span> <span class='ocrx_word' id='word_1_134' title='bbox 393 1060 422 1089; x_wconf 89' lang='lat' dir='ltr'>id</span> <span class='ocrx_word' id='word_1_135' title='bbox 438 1059 557 1096; x_wconf 89' lang='lat' dir='ltr'>quidem</span> <span class='ocrx_word' id='word_1_136' title='bbox 574 1059 685 1088; x_wconf 88' lang='lat' dir='ltr'>merito.</span> <span class='ocrx_word' id='word_1_137' title='bbox 704 1059 777 1087; x_wconf 85' lang='lat' dir='ltr'>Nam</span> <span class='ocrx_word' id='word_1_138' title='bbox 803 1059 828 1086; x_wconf 89' lang='lat' dir='ltr'>si</span> <span class='ocrx_word' id='word_1_139' title='bbox 857 1059 952 1087; x_wconf 88' lang='lat' dir='ltr'>brutis</span> <span class='ocrx_word' id='word_1_140' title='bbox 968 1058 997 1086; x_wconf 92' lang='lat' dir='ltr'>in</span> 
     </span>
    </p>
   </div>
   <div class='ocr_carea' id='block_1_23' title="bbox 178 1104 997 1142">
    <p class='ocr_par' dir='ltr' id='par_1_23' title="bbox 178 1104 997 1142">
     <span class='ocr_line' id='line_1_23' title="bbox 178 1104 997 1142; baseline -0.005 -7"><span class='ocrx_word' id='word_1_141' title='bbox 178 1106 488 1142; x_wconf 83' lang='lat' dir='ltr'>animantibus,tantas</span> <span class='ocrx_word' id='word_1_142' title='bbox 498 1107 603 1133; x_wconf 84' lang='lat' dir='ltr'>natura</span> <span class='ocrx_word' id='word_1_143' title='bbox 614 1105 690 1133; x_wconf 90' lang='lat' dir='ltr'>vires</span> <span class='ocrx_word' id='word_1_144' title='bbox 701 1112 770 1133; x_wconf 88' lang='lat' dir='ltr'>suas</span> <span class='ocrx_word' id='word_1_145' title='bbox 782 1111 846 1132; x_wconf 85' lang='lat' dir='ltr'>esse</span> <span class='ocrx_word' id='word_1_146' title='bbox 860 1104 997 1139; x_wconf 83' lang='lat' dir='ltr'>ostendit,</span> 
     </span>
    </p>
   </div>
   <div class='ocr_carea' id='block_1_24' title="bbox 177 1149 1000 1189">
    <p class='ocr_par' dir='ltr' id='par_1_24' title="bbox 177 1149 1000 1189">
     <span class='ocr_line' id='line_1_24' title="bbox 177 1149 1000 1189; baseline -0.005 -8"><span class='ocrx_word' id='word_1_147' title='bbox 177 1155 210 1181; x_wconf 91' lang='lat' dir='ltr'>ut</span> <span class='ocrx_word' id='word_1_148' title='bbox 225 1152 339 1189; x_wconf 85' lang='lat' dir='ltr'>agnella</span> <span class='ocrx_word' id='word_1_149' title='bbox 355 1160 454 1180; x_wconf 83' lang='lat' dir='ltr'>recens</span> <span class='ocrx_word' id='word_1_150' title='bbox 467 1153 536 1179; x_wconf 84' lang='lat' dir='ltr'>nata</span> <span class='ocrx_word' id='word_1_151' title='bbox 558 1150 665 1179; x_wconf 84' lang='lat' dir='ltr'>multos</span> <span class='ocrx_word' id='word_1_152' title='bbox 690 1150 777 1178; x_wconf 88' lang='lat' dir='ltr'>alieni</span> <span class='ocrx_word' id='word_1_153' title='bbox 802 1149 886 1178; x_wconf 88' lang='lat' dir='ltr'>laetis</span> <span class='ocrx_word' id='word_1_154' title='bbox 905 1150 1000 1177; x_wconf 85' lang='lat' dir='ltr'>fontes</span> 
     </span>
    </p>
   </div>
   <div class='ocr_carea' id='block_1_25' title="bbox 180 1195 1000 1234">
    <p class='ocr_par' dir='ltr' id='par_1_25' title="bbox 180 1195 1000 1234">
     <span class='ocr_line' id='line_1_25' title="bbox 180 1195 1000 1234; baseline -0.005 -8"><span class='ocrx_word' id='word_1_155' title='bbox 180 1200 341 1234; x_wconf 67' lang='lat' dir='ltr'>praetereat,</span> <span class='ocrx_word' id='word_1_156' title='bbox 359 1198 428 1225; x_wconf 88' lang='lat' dir='ltr'>dum</span> <span class='ocrx_word' id='word_1_157' title='bbox 441 1197 477 1225; x_wconf 90' lang='lat' dir='ltr'>ad</span> <span class='ocrx_word' id='word_1_158' title='bbox 510 1196 613 1225; x_wconf 82' lang='lat' dir='ltr'>matris</span> <span class='ocrx_word' id='word_1_159' title='bbox 634 1196 722 1224; x_wconf 86' lang='lat' dir='ltr'>ubera</span> <span class='ocrx_word' id='word_1_160' title='bbox 742 1195 911 1231; x_wconf 75' lang='lat' dir='ltr'>perveniat:</span> <span class='ocrx_word' id='word_1_161' title='bbox 942 1203 1000 1223; x_wconf 90' lang='lat' dir='ltr'>non</span> 
     </span>
    </p>
   </div>
   <div class='ocr_carea' id='block_1_26' title="bbox 179 1240 999 1279">
    <p class='ocr_par' dir='ltr' id='par_1_26' title="bbox 179 1240 999 1279">
     <span class='ocr_line' id='line_1_26' title="bbox 179 1240 999 1279; baseline -0.004 -9"><span class='ocrx_word' id='word_1_162' title='bbox 179 1243 285 1279; x_wconf 85' lang='lat' dir='ltr'>poterit</span> <span class='ocrx_word' id='word_1_163' title='bbox 296 1244 406 1270; x_wconf 73' lang='lat' dir='ltr'>naturae</span> <span class='ocrx_word' id='word_1_164' title='bbox 422 1241 559 1270; x_wconf 84' lang='lat' dir='ltr'>Conditor</span> <span class='ocrx_word' id='word_1_165' title='bbox 574 1241 662 1276; x_wconf 85' lang='lat' dir='ltr'>hujus</span> <span class='ocrx_word' id='word_1_166' title='bbox 690 1240 825 1268; x_wconf 87' lang='lat' dir='ltr'>miraculi</span> <span class='ocrx_word' id='word_1_167' title='bbox 856 1248 999 1276; x_wconf 71' lang='lat' dir='ltr'>praeroga-</span> 
     </span>
    </p>
   </div>
   <div class='ocr_carea' id='block_1_27' title="bbox 179 1286 1000 1323">
    <p class='ocr_par' dir='ltr' id='par_1_27' title="bbox 179 1286 1000 1323">
     <span class='ocr_line' id='line_1_27' title="bbox 179 1286 1000 1323; baseline -0.002 -8"><span class='ocrx_word' id='word_1_168' title='bbox 179 1287 268 1316; x_wconf 86' lang='lat' dir='ltr'>tivam</span> <span class='ocrx_word' id='word_1_169' title='bbox 294 1287 405 1315; x_wconf 89' lang='lat' dir='ltr'>ratione</span> <span class='ocrx_word' id='word_1_170' title='bbox 434 1286 564 1323; x_wconf 75' lang='lat' dir='ltr'>przeditis</span> <span class='ocrx_word' id='word_1_171' title='bbox 595 1286 795 1314; x_wconf 85' lang='lat' dir='ltr'>animantibus</span> <span class='ocrx_word' id='word_1_172' title='bbox 831 1286 1000 1320; x_wconf 86' lang='lat' dir='ltr'>concedere,</span> 
     </span>
    </p>
   </div>
   <div class='ocr_carea' id='block_1_28' title="bbox 179 1330 1001 1369">
    <p class='ocr_par' dir='ltr' id='par_1_28' title="bbox 179 1330 1001 1369">
     <span class='ocr_line' id='line_1_28' title="bbox 179 1330 1001 1369; baseline -0.001 -10"><span class='ocrx_word' id='word_1_173' title='bbox 179 1333 339 1369; x_wconf 70' lang='lat' dir='ltr'>animaeque</span> <span class='ocrx_word' id='word_1_174' title='bbox 364 1335 392 1360; x_wconf 85' lang='lat' dir='ltr'>et</span> <span class='ocrx_word' id='word_1_175' title='bbox 417 1331 528 1367; x_wconf 81' lang='lat' dir='ltr'>corpori</span> <span class='ocrx_word' id='word_1_176' title='bbox 560 1331 735 1367; x_wconf 79' lang='lat' dir='ltr'>conjugihus</span> <span class='ocrx_word' id='word_1_177' title='bbox 758 1331 812 1358; x_wconf 92' lang='lat' dir='ltr'>hoc</span> <span class='ocrx_word' id='word_1_178' title='bbox 841 1330 951 1367; x_wconf 80' lang='lat' dir='ltr'>largiri,</span> <span class='ocrx_word' id='word_1_179' title='bbox 970 1333 1001 1358; x_wconf 90' lang='lat' dir='ltr'>ut</span> 
     </span>
    </p>
   </div>
   <div class='ocr_carea' id='block_1_29' title="bbox 177 1377 636 1412">
    <p class='ocr_par' dir='ltr' id='par_1_29' title="bbox 177 1377 636 1412">
     <span class='ocr_line' id='line_1_29' title="bbox 177 1377 636 1412; baseline -0.004 -8"><span class='ocrx_word' id='word_1_180' title='bbox 177 1380 354 1405; x_wconf 88' lang='lat' dir='ltr'>concurrant</span> <span class='ocrx_word' id='word_1_181' title='bbox 368 1380 396 1404; x_wconf 82' lang='lat' dir='ltr'>et</span> <span class='ocrx_word' id='word_1_182' title='bbox 412 1377 636 1412; x_wconf 69' lang='lat' dir='ltr'>conjungantur.</span> 
     </span>
    </p>
   </div>
   <div class='ocr_carea' id='block_1_30' title="bbox 495 1431 683 1459">
    <p class='ocr_par' dir='ltr' id='par_1_30' title="bbox 495 1431 683 1459">
     <span class='ocr_line' id='line_1_30' title="bbox 495 1431 683 1459; baseline -0.005 0"><span class='ocrx_word' id='word_1_183' title='bbox 495 1432 572 1459; x_wconf 80' lang='lat' dir='ltr'>CAP.</span> <span class='ocrx_word' id='word_1_184' title='bbox 588 1431 683 1458; x_wconf 78' lang='lat' dir='ltr'><strong>LXIII.</strong></span> 
     </span>
    </p>
   </div>
   <div class='ocr_carea' id='block_1_31' title="bbox 175 1476 1002 1517">
    <p class='ocr_par' dir='ltr' id='par_1_31' title="bbox 175 1476 1002 1517">
     <span class='ocr_line' id='line_1_31' title="bbox 175 1476 1002 1517; baseline -0.006 -9"><span class='ocrx_word' id='word_1_185' title='bbox 175 1480 238 1514; x_wconf 72' lang='lat' dir='ltr'>+De</span> <span class='ocrx_word' id='word_1_186' title='bbox 253 1481 351 1506; x_wconf 79' lang='lat' dir='ltr'>mente.</span> <span class='ocrx_word' id='word_1_187' title='bbox 368 1478 560 1517; x_wconf 63' lang='lat' dir='ltr'>Intelligcntilt</span> <span class='ocrx_word' id='word_1_188' title='bbox 587 1476 722 1517; x_wconf 66' lang='lat' dir='ltr'>quomodo</span> <span class='ocrx_word' id='word_1_189' title='bbox 750 1476 850 1503; x_wconf 57' lang='lat' dir='ltr'>animm</span> <span class='ocrx_word' id='word_1_190' title='bbox 866 1478 891 1503; x_wconf 84' lang='lat' dir='ltr'>ct</span> <span class='ocrx_word' id='word_1_191' title='bbox 914 1476 1002 1503; x_wconf 77' lang='lat' dir='ltr'>menti</span> 
     </span>
    </p>
   </div>
   <div class='ocr_carea' id='block_1_32' title="bbox 550 1514 625 1540">
    <p class='ocr_par' dir='ltr' id='par_1_32' title="bbox 550 1514 625 1540">
     <span class='ocr_line' id='line_1_32' title="bbox 550 1514 625 1540; baseline -0.013 0"><span class='ocrx_word' id='word_1_192' title='bbox 550 1514 625 1540; x_wconf 77' lang='lat' dir='ltr'>imit.</span> 
     </span>
    </p>
   </div>
   <div class='ocr_carea' id='block_1_33' title="bbox 208 1564 998 1603">
    <p class='ocr_par' dir='ltr' id='par_1_33' title="bbox 208 1564 998 1603">
     <span class='ocr_line' id='line_1_33' title="bbox 208 1564 998 1603; baseline -0.008 -7"><span class='ocrx_word' id='word_1_193' title='bbox 208 1567 411 1603; x_wconf 68' lang='lat' dir='ltr'>Intelligentize</span> <span class='ocrx_word' id='word_1_194' title='bbox 427 1566 545 1602; x_wconf 85' lang='lat' dir='ltr'>quidem</span> <span class='ocrx_word' id='word_1_195' title='bbox 574 1574 665 1601; x_wconf 83' lang='lat' dir='ltr'>capax</span> <span class='ocrx_word' id='word_1_196' title='bbox 685 1565 785 1592; x_wconf 87' lang='lat' dir='ltr'>anima</span> <span class='ocrx_word' id='word_1_197' title='bbox 807 1566 861 1598; x_wconf 84' lang='lat' dir='ltr'>est,</span> <span class='ocrx_word' id='word_1_198' title='bbox 892 1564 998 1591; x_wconf 90' lang='lat' dir='ltr'>intelli-</span> 
     </span>
    </p>
   </div>
   <div class='ocr_carea' id='block_1_34' title="bbox 173 1609 997 1650">
    <p class='ocr_par' dir='ltr' id='par_1_34' title="bbox 173 1609 997 1650">
     <span class='ocr_line' id='line_1_34' title="bbox 173 1609 997 1650; baseline -0.006 -9"><span class='ocrx_word' id='word_1_199' title='bbox 173 1614 276 1650; x_wconf 62' lang='lat' dir='ltr'>gentiae</span> <span class='ocrx_word' id='word_1_200' title='bbox 288 1620 378 1647; x_wconf 76' lang='lat' dir='ltr'>capax</span> <span class='ocrx_word' id='word_1_201' title='bbox 395 1612 459 1646; x_wconf 84' lang='lat' dir='ltr'>ipsa</span> <span class='ocrx_word' id='word_1_202' title='bbox 475 1619 590 1646; x_wconf 88' lang='lat' dir='ltr'>quoque</span> <span class='ocrx_word' id='word_1_203' title='bbox 609 1618 710 1637; x_wconf 86' lang='lat' dir='ltr'>mens:</span> <span class='ocrx_word' id='word_1_204' title='bbox 735 1610 795 1637; x_wconf 69' lang='lat' dir='ltr'>haec</span> <span class='ocrx_word' id='word_1_205' title='bbox 818 1609 936 1644; x_wconf 83' lang='lat' dir='ltr'>quidem</span> <span class='ocrx_word' id='word_1_206' title='bbox 964 1617 997 1636; x_wconf 77' lang='lat' dir='ltr'>ex</span> 
     </span>
    </p>
   </div>
   <div class='ocr_carea' id='block_1_35' title="bbox 173 1654 995 1690">
    <p class='ocr_par' dir='ltr' id='par_1_35' title="bbox 173 1654 995 1690">
     <span class='ocr_line' id='line_1_35' title="bbox 173 1654 995 1690; baseline -0.006 -5"><span class='ocrx_word' id='word_1_207' title='bbox 173 1656 372 1688; x_wconf 78' lang='lat' dir='ltr'>suiesseutia,</span> <span class='ocrx_word' id='word_1_208' title='bbox 388 1655 438 1683; x_wconf 91' lang='lat' dir='ltr'>illa</span> <span class='ocrx_word' id='word_1_209' title='bbox 455 1663 520 1682; x_wconf 82' lang='lat' dir='ltr'>vero</span> <span class='ocrx_word' id='word_1_210' title='bbox 544 1654 777 1690; x_wconf 85' lang='lat' dir='ltr'>participatione.</span> <span class='ocrx_word' id='word_1_211' title='bbox 809 1654 890 1681; x_wconf 85' lang='lat' dir='ltr'>Mens</span> <span class='ocrx_word' id='word_1_212' title='bbox 919 1654 995 1681; x_wconf 85' lang='lat' dir='ltr'>enim</span> 
     </span>
    </p>
   </div>
   <div class='ocr_carea' id='block_1_36' title="bbox 171 1698 996 1737">
    <p class='ocr_par' dir='ltr' id='par_1_36' title="bbox 171 1698 996 1737">
     <span class='ocr_line' id='line_1_36' title="bbox 171 1698 996 1737; baseline -0.006 -8"><span class='ocrx_word' id='word_1_213' title='bbox 171 1701 225 1729; x_wconf 92' lang='lat' dir='ltr'>hoc</span> <span class='ocrx_word' id='word_1_214' title='bbox 241 1699 395 1737; x_wconf 80' lang='lat' dir='ltr'>privilegio</span> <span class='ocrx_word' id='word_1_215' title='bbox 409 1700 516 1727; x_wconf 84' lang='lat' dir='ltr'>donata</span> <span class='ocrx_word' id='word_1_216' title='bbox 528 1701 583 1731; x_wconf 83' lang='lat' dir='ltr'>est,</span> <span class='ocrx_word' id='word_1_217' title='bbox 607 1701 638 1726; x_wconf 90' lang='lat' dir='ltr'>ut</span> <span class='ocrx_word' id='word_1_218' title='bbox 654 1700 681 1725; x_wconf 86' lang='lat' dir='ltr'>et</span> <span class='ocrx_word' id='word_1_219' title='bbox 708 1698 905 1734; x_wconf 70' lang='lat' dir='ltr'>intelligentia:</span> <span class='ocrx_word' id='word_1_220' title='bbox 930 1707 996 1734; x_wconf 85' lang='lat' dir='ltr'>par-</span> 
     </span>
    </p>
   </div>
   <div class='ocr_carea' id='block_1_37' title="bbox 173 1743 996 1780">
    <p class='ocr_par' dir='ltr' id='par_1_37' title="bbox 173 1743 996 1780">
     <span class='ocr_line' id='line_1_37' title="bbox 173 1743 996 1780; baseline -0.002 -7"><span class='ocrx_word' id='word_1_221' title='bbox 173 1746 275 1780; x_wconf 89' lang='lat' dir='ltr'>ticeps,</span> <span class='ocrx_word' id='word_1_222' title='bbox 291 1747 318 1772; x_wconf 89' lang='lat' dir='ltr'>et</span> <span class='ocrx_word' id='word_1_223' title='bbox 335 1752 417 1771; x_wconf 86' lang='lat' dir='ltr'>mens</span> <span class='ocrx_word' id='word_1_224' title='bbox 435 1744 483 1777; x_wconf 83' lang='lat' dir='ltr'>sit,</span> <span class='ocrx_word' id='word_1_225' title='bbox 496 1744 572 1779; x_wconf 85' lang='lat' dir='ltr'>quod</span> <span class='ocrx_word' id='word_1_226' title='bbox 590 1752 680 1770; x_wconf 90' lang='lat' dir='ltr'>unum</span> <span class='ocrx_word' id='word_1_227' title='bbox 695 1744 809 1771; x_wconf 88' lang='lat' dir='ltr'>etidem</span> <span class='ocrx_word' id='word_1_228' title='bbox 826 1745 877 1770; x_wconf 87' lang='lat' dir='ltr'>est.</span> <span class='ocrx_word' id='word_1_229' title='bbox 891 1743 996 1771; x_wconf 87' lang='lat' dir='ltr'>Anima</span> 
     </span>
    </p>
   </div>
   <div class='ocr_carea' id='block_1_38' title="bbox 171 1788 996 1825">
    <p class='ocr_par' dir='ltr' id='par_1_38' title="bbox 171 1788 996 1825">
     <span class='ocr_line' id='line_1_38' title="bbox 171 1788 996 1825; baseline -0.002 -7"><span class='ocrx_word' id='word_1_230' title='bbox 171 1798 238 1818; x_wconf 89' lang='lat' dir='ltr'>vero</span> <span class='ocrx_word' id='word_1_231' title='bbox 250 1789 451 1825; x_wconf 68' lang='lat' dir='ltr'>intelligentiae</span> <span class='ocrx_word' id='word_1_232' title='bbox 478 1797 569 1824; x_wconf 78' lang='lat' dir='ltr'>capax</span> <span class='ocrx_word' id='word_1_233' title='bbox 594 1789 628 1816; x_wconf 86' lang='lat' dir='ltr'>ad</span> <span class='ocrx_word' id='word_1_234' title='bbox 651 1791 779 1817; x_wconf 90' lang='lat' dir='ltr'>mentem</span> <span class='ocrx_word' id='word_1_235' title='bbox 811 1788 937 1824; x_wconf 86' lang='lat' dir='ltr'>respicit,</span> <span class='ocrx_word' id='word_1_236' title='bbox 968 1791 996 1816; x_wconf 88' lang='lat' dir='ltr'>et</span> 
     </span>
    </p>
   </div>
   <div class='ocr_carea' id='block_1_39' title="bbox 173 1833 994 1872">
    <p class='ocr_par' dir='ltr' id='par_1_39' title="bbox 173 1833 994 1872">
     <span class='ocr_line' id='line_1_39' title="bbox 173 1833 994 1872; baseline -0.004 -9"><span class='ocrx_word' id='word_1_237' title='bbox 173 1834 438 1872; x_wconf 83' lang='lat' dir='ltr'>quasisecundario</span> <span class='ocrx_word' id='word_1_238' title='bbox 456 1833 603 1861; x_wconf 78' lang='lat' dir='ltr'>intellectu</span> <span class='ocrx_word' id='word_1_239' title='bbox 617 1834 737 1869; x_wconf 74' lang='lat' dir='ltr'>praedita</span> <span class='ocrx_word' id='word_1_240' title='bbox 753 1835 806 1867; x_wconf 87' lang='lat' dir='ltr'>est,</span> <span class='ocrx_word' id='word_1_241' title='bbox 824 1835 873 1869; x_wconf 88' lang='lat' dir='ltr'>qui</span> <span class='ocrx_word' id='word_1_242' title='bbox 904 1834 994 1861; x_wconf 89' lang='lat' dir='ltr'>menti</span> 
     </span>
    </p>
   </div>
   <div class='ocr_carea' id='block_1_40' title="bbox 170 1879 994 1916">
    <p class='ocr_par' dir='ltr' id='par_1_40' title="bbox 170 1879 994 1916">
     <span class='ocr_line' id='line_1_40' title="bbox 170 1879 994 1916; baseline -0.004 -8"><span class='ocrx_word' id='word_1_243' title='bbox 170 1880 330 1916; x_wconf 84' lang='lat' dir='ltr'>primarius</span> <span class='ocrx_word' id='word_1_244' title='bbox 338 1883 391 1912; x_wconf 82' lang='lat' dir='ltr'>est,</span> <span class='ocrx_word' id='word_1_245' title='bbox 405 1881 492 1915; x_wconf 85' lang='lat' dir='ltr'>atque</span> <span class='ocrx_word' id='word_1_246' title='bbox 507 1880 577 1907; x_wconf 84' lang='lat' dir='ltr'>adeo</span> <span class='ocrx_word' id='word_1_247' title='bbox 593 1888 627 1907; x_wconf 81' lang='lat' dir='ltr'>ex</span> <span class='ocrx_word' id='word_1_248' title='bbox 649 1879 757 1906; x_wconf 89' lang='lat' dir='ltr'>mentis</span> <span class='ocrx_word' id='word_1_249' title='bbox 772 1879 994 1914; x_wconf 78' lang='lat' dir='ltr'>participatione</span> 
     </span>
    </p>
   </div>
   <div class='ocr_carea' id='block_1_41' title="bbox 171 1923 994 1961">
    <p class='ocr_par' dir='ltr' id='par_1_41' title="bbox 171 1923 994 1961">
     <span class='ocr_line' id='line_1_41' title="bbox 171 1923 994 1961; baseline -0.002 -9"><span class='ocrx_word' id='word_1_250' title='bbox 171 1924 368 1961; x_wconf 74' lang='lat' dir='ltr'>intelligentia:</span> <span class='ocrx_word' id='word_1_251' title='bbox 379 1933 469 1960; x_wconf 84' lang='lat' dir='ltr'>capax</span> <span class='ocrx_word' id='word_1_252' title='bbox 480 1933 543 1952; x_wconf 85' lang='lat' dir='ltr'>esse</span> <span class='ocrx_word' id='word_1_253' title='bbox 573 1925 694 1957; x_wconf 81' lang='lat' dir='ltr'>dicetur,</span> <span class='ocrx_word' id='word_1_254' title='bbox 718 1924 794 1959; x_wconf 89' lang='lat' dir='ltr'>quod</span> <span class='ocrx_word' id='word_1_255' title='bbox 821 1923 994 1950; x_wconf 79' lang='lat' dir='ltr'>beneﬁcium</span> 
     </span>
    </p>
   </div>
   <div class='ocr_carea' id='block_1_42' title="bbox 169 1968 991 2004">
    <p class='ocr_par' dir='ltr' id='par_1_42' title="bbox 169 1968 991 2004">
     <span class='ocr_line' id='line_1_42' title="bbox 169 1968 991 2004; baseline -0.002 -7"><span class='ocrx_word' id='word_1_256' title='bbox 169 1978 202 1997; x_wconf 82' lang='lat' dir='ltr'>ex</span> <span class='ocrx_word' id='word_1_257' title='bbox 214 1978 267 1997; x_wconf 84' lang='lat' dir='ltr'>sua</span> <span class='ocrx_word' id='word_1_258' title='bbox 282 1970 410 1997; x_wconf 84' lang='lat' dir='ltr'>essentia</span> <span class='ocrx_word' id='word_1_259' title='bbox 427 1978 509 1997; x_wconf 87' lang='lat' dir='ltr'>mens</span> <span class='ocrx_word' id='word_1_260' title='bbox 536 1969 632 1997; x_wconf 82' lang='lat' dir='ltr'>habet.</span> <span class='ocrx_word' id='word_1_261' title='bbox 663 1969 764 2004; x_wconf 86' lang='lat' dir='ltr'>Itaque</span> <span class='ocrx_word' id='word_1_262' title='bbox 791 1968 991 2004; x_wconf 64' lang='lat' dir='ltr'>intelligentiae</span> 
     </span>
    </p>
   </div>
   <div class='ocr_carea' id='block_1_43' title="bbox 169 2012 993 2050">
    <p class='ocr_par' dir='ltr' id='par_1_43' title="bbox 169 2012 993 2050">
     <span class='ocr_line' id='line_1_43' title="bbox 169 2012 993 2050; baseline -0.002 -8"><span class='ocrx_word' id='word_1_263' title='bbox 169 2023 258 2050; x_wconf 81' lang='lat' dir='ltr'>capax</span> <span class='ocrx_word' id='word_1_264' title='bbox 287 2018 328 2042; x_wconf 87' lang='lat' dir='ltr'>est</span> <span class='ocrx_word' id='word_1_265' title='bbox 358 2014 468 2048; x_wconf 86' lang='lat' dir='ltr'>anima,</span> <span class='ocrx_word' id='word_1_266' title='bbox 500 2013 608 2041; x_wconf 86' lang='lat' dir='ltr'>mentis</span> <span class='ocrx_word' id='word_1_267' title='bbox 649 2012 879 2049; x_wconf 83' lang='lat' dir='ltr'>participatione.</span> <span class='ocrx_word' id='word_1_268' title='bbox 922 2014 993 2040; x_wconf 92' lang='lat' dir='ltr'>Cum</span> 
     </span>
    </p>
   </div>
   <div class='ocr_carea' id='block_1_44' title="bbox 170 2058 993 2095">
    <p class='ocr_par' dir='ltr' id='par_1_44' title="bbox 170 2058 993 2095">
     <span class='ocr_line' id='line_1_44' title="bbox 170 2058 993 2095; baseline -0.004 -8"><span class='ocrx_word' id='word_1_269' title='bbox 170 2060 248 2088; x_wconf 86' lang='lat' dir='ltr'>enim</span> <span class='ocrx_word' id='word_1_270' title='bbox 279 2060 378 2087; x_wconf 83' lang='lat' dir='ltr'>anima</span> <span class='ocrx_word' id='word_1_271' title='bbox 408 2058 555 2095; x_wconf 83' lang='lat' dir='ltr'>intelligit,</span> <span class='ocrx_word' id='word_1_272' title='bbox 579 2061 606 2086; x_wconf 87' lang='lat' dir='ltr'>et</span> <span class='ocrx_word' id='word_1_273' title='bbox 633 2067 712 2086; x_wconf 80' lang='lat' dir='ltr'>mens</span> <span class='ocrx_word' id='word_1_274' title='bbox 744 2058 772 2085; x_wconf 90' lang='lat' dir='ltr'>in</span> <span class='ocrx_word' id='word_1_275' title='bbox 815 2058 899 2085; x_wconf 90' lang='lat' dir='ltr'>nobis</span> <span class='ocrx_word' id='word_1_276' title='bbox 924 2066 993 2093; x_wconf 80' lang='lat' dir='ltr'>ope—</span> 
     </span>
    </p>
   </div>
   <div class='ocr_carea' id='block_1_45' title="bbox 170 2102 993 2139">
    <p class='ocr_par' dir='ltr' id='par_1_45' title="bbox 170 2102 993 2139">
     <span class='ocr_line' id='line_1_45' title="bbox 170 2102 993 2139; baseline -0.005 -6"><span class='ocrx_word' id='word_1_277' title='bbox 170 2108 262 2138; x_wconf 83' lang='lat' dir='ltr'>ratur,</span> <span class='ocrx_word' id='word_1_278' title='bbox 291 2108 360 2133; x_wconf 90' lang='lat' dir='ltr'>tunc</span> <span class='ocrx_word' id='word_1_279' title='bbox 388 2105 506 2132; x_wconf 89' lang='lat' dir='ltr'>demum</span> <span class='ocrx_word' id='word_1_280' title='bbox 535 2104 632 2131; x_wconf 85' lang='lat' dir='ltr'>anima</span> <span class='ocrx_word' id='word_1_281' title='bbox 674 2102 873 2137; x_wconf 65' lang='lat' dir='ltr'>intelligentia:</span> <span class='ocrx_word' id='word_1_282' title='bbox 903 2111 993 2139; x_wconf 81' lang='lat' dir='ltr'>capax</span> 
     </span>
    </p>
   </div>
   <div class='ocr_carea' id='block_1_46' title="bbox 168 2147 993 2186">
    <p class='ocr_par' dir='ltr' id='par_1_46' title="bbox 168 2147 993 2186">
     <span class='ocr_line' id='line_1_46' title="bbox 168 2147 993 2186; baseline -0.005 -8"><span class='ocrx_word' id='word_1_283' title='bbox 168 2150 351 2186; x_wconf 83' lang='lat' dir='ltr'>etparticeps</span> <span class='ocrx_word' id='word_1_284' title='bbox 380 2149 518 2177; x_wconf 75' lang='lat' dir='ltr'>efﬁcitur.</span> <span class='ocrx_word' id='word_1_285' title='bbox 547 2149 658 2176; x_wconf 65' lang='lat' dir='ltr'>Anima:</span> <span class='ocrx_word' id='word_1_286' title='bbox 682 2151 779 2175; x_wconf 85' lang='lat' dir='ltr'>autem</span> <span class='ocrx_word' id='word_1_287' title='bbox 816 2150 920 2175; x_wconf 78' lang='lat' dir='ltr'>nostrae</span> <span class='ocrx_word' id='word_1_288' title='bbox 944 2147 993 2175; x_wconf 85' lang='lat' dir='ltr'>illa</span> 
     </span>
    </p>
   </div>
   <div class='ocr_carea' id='block_1_47' title="bbox 168 2193 991 2230">
    <p class='ocr_par' dir='ltr' id='par_1_47' title="bbox 168 2193 991 2230">
     <span class='ocr_line' id='line_1_47' title="bbox 168 2193 991 2230; baseline -0.002 -9"><span class='ocrx_word' id='word_1_289' title='bbox 168 2194 330 2230; x_wconf 83' lang='lat' dir='ltr'>singularis</span> <span class='ocrx_word' id='word_1_290' title='bbox 347 2202 428 2221; x_wconf 87' lang='lat' dir='ltr'>mens</span> <span class='ocrx_word' id='word_1_291' title='bbox 443 2196 556 2229; x_wconf 79' lang='lat' dir='ltr'>praeest,</span> <span class='ocrx_word' id='word_1_292' title='bbox 573 2201 637 2228; x_wconf 66' lang='lat' dir='ltr'>quae</span> <span class='ocrx_word' id='word_1_293' title='bbox 659 2201 725 2228; x_wconf 86' lang='lat' dir='ltr'>pars</span> <span class='ocrx_word' id='word_1_294' title='bbox 756 2201 870 2228; x_wconf 83' lang='lat' dir='ltr'>quoque</span> <span class='ocrx_word' id='word_1_295' title='bbox 899 2193 991 2220; x_wconf 78' lang='lat' dir='ltr'>nostri</span> 
     </span>
    </p>
   </div>
   <div class='ocr_carea' id='block_1_48' title="bbox 168 2237 991 2274">
    <p class='ocr_par' dir='ltr' id='par_1_48' title="bbox 168 2237 991 2274">
     <span class='ocr_line' id='line_1_48' title="bbox 168 2237 991 2274; baseline -0.004 -7"><span class='ocrx_word' id='word_1_296' title='bbox 168 2239 393 2274; x_wconf 84' lang='lat' dir='ltr'>dicitur:cujus</span> <span class='ocrx_word' id='word_1_297' title='bbox 416 2238 554 2265; x_wconf 85' lang='lat' dir='ltr'>nimirum</span> <span class='ocrx_word' id='word_1_298' title='bbox 579 2246 632 2266; x_wconf 86' lang='lat' dir='ltr'>nos</span> <span class='ocrx_word' id='word_1_299' title='bbox 674 2237 807 2273; x_wconf 82' lang='lat' dir='ltr'>privatim</span> <span class='ocrx_word' id='word_1_300' title='bbox 838 2237 991 2273; x_wconf 81' lang='lat' dir='ltr'>participes</span> 
     </span>
    </p>
   </div>
   <div class='ocr_carea' id='block_1_49' title="bbox 1001 929 1048 968">
    <p class='ocr_par' dir='ltr' id='par_1_49' title="bbox 1001 929 1048 968">
     <span class='ocr_line' id='line_1_49' title="bbox 1001 929 1048 968; baseline 0 -5"><span class='ocrx_word' id='word_1_301' title='bbox 1001 929 1048 968; x_wconf 84' lang='grc' dir='ltr'>,Β</span> 
     </span>
    </p>
   </div>
   <div class='ocr_carea' id='block_1_50' title="bbox 1058 288 1901 325">
    <p class='ocr_par' dir='ltr' id='par_1_50' title="bbox 1058 288 1901 325">
     <span class='ocr_line' id='line_1_50' title="bbox 1058 288 1901 325; baseline 0.005 -8"><span class='ocrx_word' id='word_1_302' title='bbox 1058 289 1134 317; x_wconf 89' lang='lat' dir='ltr'>bona</span> <span class='ocrx_word' id='word_1_303' title='bbox 1150 289 1399 325; x_wconf 75' lang='lat' dir='ltr'>prtestanda,qua3</span> <span class='ocrx_word' id='word_1_304' title='bbox 1416 288 1505 315; x_wconf 90' lang='lat' dir='ltr'>menti</span> <span class='ocrx_word' id='word_1_305' title='bbox 1526 296 1561 316; x_wconf 84' lang='lat' dir='ltr'>ex</span> <span class='ocrx_word' id='word_1_306' title='bbox 1590 288 1687 317; x_wconf 77' lang='lat' dir='ltr'>ofﬁcio</span> <span class='ocrx_word' id='word_1_307' title='bbox 1711 292 1901 322; x_wconf 87' lang='lat' dir='ltr'>conveniunt</span> 
     </span>
    </p>
   </div>
   <div class='ocr_carea' id='block_1_51' title="bbox 1058 332 1898 372">
    <p class='ocr_par' dir='ltr' id='par_1_51' title="bbox 1058 332 1898 372">
     <span class='ocr_line' id='line_1_51' title="bbox 1058 332 1898 372; baseline 0.006 -11"><span class='ocrx_word' id='word_1_308' title='bbox 1058 333 1140 362; x_wconf 63' lang='lat' dir='ltr'>Mens</span> <span class='ocrx_word' id='word_1_309' title='bbox 1155 336 1251 362; x_wconf 84' lang='lat' dir='ltr'>autem</span> <span class='ocrx_word' id='word_1_310' title='bbox 1267 332 1432 361; x_wconf 87' lang='lat' dir='ltr'>essentialis</span> <span class='ocrx_word' id='word_1_311' title='bbox 1450 333 1559 369; x_wconf 85' lang='lat' dir='ltr'>duplex</span> <span class='ocrx_word' id='word_1_312' title='bbox 1587 336 1642 368; x_wconf 85' lang='lat' dir='ltr'>est,</span> <span class='ocrx_word' id='word_1_313' title='bbox 1681 343 1739 363; x_wconf 82' lang='lat' dir='ltr'>una</span> <span class='ocrx_word' id='word_1_314' title='bbox 1754 337 1898 372; x_wconf 88' lang='lat' dir='ltr'>quidem.</span> 
     </span>
    </p>
   </div>
   <div class='ocr_carea' id='block_1_52' title="bbox 1059 378 1901 417">
    <p class='ocr_par' dir='ltr' id='par_1_52' title="bbox 1059 378 1901 417">
     <span class='ocr_line' id='line_1_52' title="bbox 1059 378 1901 417; baseline 0.007 -12"><span class='ocrx_word' id='word_1_315' title='bbox 1059 387 1122 415; x_wconf 68' lang='lat' dir='ltr'>qua;</span> <span class='ocrx_word' id='word_1_316' title='bbox 1139 378 1347 406; x_wconf 82' lang='lat' dir='ltr'>communicari</span> <span class='ocrx_word' id='word_1_317' title='bbox 1365 386 1422 406; x_wconf 91' lang='lat' dir='ltr'>non</span> <span class='ocrx_word' id='word_1_318' title='bbox 1439 380 1544 413; x_wconf 85' lang='lat' dir='ltr'>potest,</span> <span class='ocrx_word' id='word_1_319' title='bbox 1561 378 1652 407; x_wconf 83' lang='lat' dir='ltr'>altera</span> <span class='ocrx_word' id='word_1_320' title='bbox 1681 389 1747 416; x_wconf 76' lang='lat' dir='ltr'>quas</span> <span class='ocrx_word' id='word_1_321' title='bbox 1778 383 1901 417; x_wconf 81' lang='lat' dir='ltr'>potest:</span> 
     </span>
    </p>
   </div>
   <div class='ocr_carea' id='block_1_53' title="bbox 1059 422 1714 459">
    <p class='ocr_par' dir='ltr' id='par_1_53' title="bbox 1059 422 1714 459">
     <span class='ocr_line' id='line_1_53' title="bbox 1059 422 1714 459; baseline 0.002 -8"><span class='ocrx_word' id='word_1_322' title='bbox 1059 432 1125 459; x_wconf 81' lang='lat' dir='ltr'>quas</span> <span class='ocrx_word' id='word_1_323' title='bbox 1140 424 1257 459; x_wconf 87' lang='lat' dir='ltr'>quidem</span> <span class='ocrx_word' id='word_1_324' title='bbox 1271 422 1456 458; x_wconf 83' lang='lat' dir='ltr'>particularis</span> <span class='ocrx_word' id='word_1_325' title='bbox 1466 422 1606 458; x_wconf 85' lang='lat' dir='ltr'>appellari</span> <span class='ocrx_word' id='word_1_326' title='bbox 1622 424 1714 458; x_wconf 75' lang='lat' dir='ltr'>solet.</span> 
     </span>
    </p>
   </div>
   <div class='ocr_carea' id='block_1_54' title="bbox 1095 468 1899 505">
    <p class='ocr_par' dir='ltr' id='par_1_54' title="bbox 1095 468 1899 505">
     <span class='ocr_line' id='line_1_54' title="bbox 1095 468 1899 505; baseline 0.006 -10"><span class='ocrx_word' id='word_1_327' title='bbox 1095 468 1160 496; x_wconf 70' lang='lat' dir='ltr'>Haac</span> <span class='ocrx_word' id='word_1_328' title='bbox 1185 476 1271 504; x_wconf 87' lang='lat' dir='ltr'>porro</span> <span class='ocrx_word' id='word_1_329' title='bbox 1294 476 1377 496; x_wconf 87' lang='lat' dir='ltr'>mens</span> <span class='ocrx_word' id='word_1_330' title='bbox 1397 468 1564 496; x_wconf 87' lang='lat' dir='ltr'>communis</span> <span class='ocrx_word' id='word_1_331' title='bbox 1601 471 1631 496; x_wconf 87' lang='lat' dir='ltr'>et</span> <span class='ocrx_word' id='word_1_332' title='bbox 1659 469 1776 505; x_wconf 84' lang='lat' dir='ltr'>privata</span> <span class='ocrx_word' id='word_1_333' title='bbox 1810 472 1899 501; x_wconf 87' lang='lat' dir='ltr'>nobis</span> 
     </span>
    </p>
   </div>
   <div class='ocr_carea' id='block_1_55' title="bbox 1058 514 1895 550">
    <p class='ocr_par' dir='ltr' id='par_1_55' title="bbox 1058 514 1895 550">
     <span class='ocr_line' id='line_1_55' title="bbox 1058 514 1895 550; baseline 0 -8"><span class='ocrx_word' id='word_1_334' title='bbox 1058 514 1153 542; x_wconf 82' lang='lat' dir='ltr'>inest:</span> <span class='ocrx_word' id='word_1_335' title='bbox 1167 514 1473 550; x_wconf 88' lang='lat' dir='ltr'>communisquidem,</span> <span class='ocrx_word' id='word_1_336' title='bbox 1492 516 1634 550; x_wconf 77' lang='lat' dir='ltr'>tanquam</span> <span class='ocrx_word' id='word_1_337' title='bbox 1647 523 1706 543; x_wconf 86' lang='lat' dir='ltr'>una</span> <span class='ocrx_word' id='word_1_338' title='bbox 1722 518 1753 543; x_wconf 88' lang='lat' dir='ltr'>et</span> <span class='ocrx_word' id='word_1_339' title='bbox 1779 517 1895 545; x_wconf 84' lang='lat' dir='ltr'>indivi.</span> 
     </span>
    </p>
   </div>
   <div class='ocr_carea' id='block_1_56' title="bbox 1058 559 1892 596">
    <p class='ocr_par' dir='ltr' id='par_1_56' title="bbox 1058 559 1892 596">
     <span class='ocr_line' id='line_1_56' title="bbox 1058 559 1892 596; baseline 0.005 -9"><span class='ocrx_word' id='word_1_340' title='bbox 1058 559 1126 593; x_wconf 84' lang='lat' dir='ltr'>dua,</span> <span class='ocrx_word' id='word_1_341' title='bbox 1156 559 1268 595; x_wconf 86' lang='lat' dir='ltr'>privata</span> <span class='ocrx_word' id='word_1_342' title='bbox 1298 567 1365 586; x_wconf 92' lang='lat' dir='ltr'>vero</span> <span class='ocrx_word' id='word_1_343' title='bbox 1393 563 1536 595; x_wconf 86' lang='lat' dir='ltr'>quatenus</span> <span class='ocrx_word' id='word_1_344' title='bbox 1564 561 1624 587; x_wconf 79' lang='lat' dir='ltr'>tota</span> <span class='ocrx_word' id='word_1_345' title='bbox 1653 560 1782 596; x_wconf 84' lang='lat' dir='ltr'>singulis</span> <span class='ocrx_word' id='word_1_346' title='bbox 1810 562 1892 592; x_wconf 86' lang='lat' dir='ltr'>inest.</span> 
     </span>
    </p>
   </div>
   <div class='ocr_carea' id='block_1_57' title="bbox 1058 604 1887 641">
    <p class='ocr_par' dir='ltr' id='par_1_57' title="bbox 1058 604 1887 641">
     <span class='ocr_line' id='line_1_57' title="bbox 1058 604 1887 641; baseline 0.004 -8"><span class='ocrx_word' id='word_1_347' title='bbox 1058 608 1153 641; x_wconf 78' lang='lat' dir='ltr'>Atque</span> <span class='ocrx_word' id='word_1_348' title='bbox 1174 604 1317 632; x_wconf 88' lang='lat' dir='ltr'>animales</span> <span class='ocrx_word' id='word_1_349' title='bbox 1333 604 1451 640; x_wconf 85' lang='lat' dir='ltr'>quidem</span> <span class='ocrx_word' id='word_1_350' title='bbox 1469 604 1568 632; x_wconf 76' lang='lat' dir='ltr'>formas</span> <span class='ocrx_word' id='word_1_351' title='bbox 1580 605 1737 633; x_wconf 71' lang='lat' dir='ltr'>essentiam</span> <span class='ocrx_word' id='word_1_352' title='bbox 1757 610 1887 636; x_wconf 85' lang='lat' dir='ltr'>nostram</span> 
     </span>
    </p>
   </div>
   <div class='ocr_carea' id='block_1_58' title="bbox 1057 649 1894 686">
    <p class='ocr_par' dir='ltr' id='par_1_58' title="bbox 1057 649 1894 686">
     <span class='ocr_line' id='line_1_58' title="bbox 1057 649 1894 686; baseline 0.002 -8"><span class='ocrx_word' id='word_1_353' title='bbox 1057 650 1224 686; x_wconf 84' lang='lat' dir='ltr'>eompient:</span> <span class='ocrx_word' id='word_1_354' title='bbox 1256 649 1399 677; x_wconf 84' lang='lat' dir='ltr'>mentales</span> <span class='ocrx_word' id='word_1_355' title='bbox 1421 657 1489 677; x_wconf 83' lang='lat' dir='ltr'>vero</span> <span class='ocrx_word' id='word_1_356' title='bbox 1518 649 1726 685; x_wconf 80' lang='lat' dir='ltr'>perfectionem</span> <span class='ocrx_word' id='word_1_357' title='bbox 1763 652 1854 680; x_wconf 85' lang='lat' dir='ltr'>nobis</span> <span class='ocrx_word' id='word_1_358' title='bbox 1867 655 1894 680; x_wconf 79' lang='lat' dir='ltr'>et</span> 
     </span>
    </p>
   </div>
   <div class='ocr_carea' id='block_1_59' title="bbox 1057 695 1894 731">
    <p class='ocr_par' dir='ltr' id='par_1_59' title="bbox 1057 695 1894 731">
     <span class='ocr_line' id='line_1_59' title="bbox 1057 695 1894 731; baseline 0.001 -7"><span class='ocrx_word' id='word_1_359' title='bbox 1057 698 1191 725; x_wconf 89' lang='lat' dir='ltr'>ornatum</span> <span class='ocrx_word' id='word_1_360' title='bbox 1227 695 1377 723; x_wconf 69' lang='lat' dir='ltr'>atterunt:</span> <span class='ocrx_word' id='word_1_361' title='bbox 1409 695 1479 730; x_wconf 91' lang='lat' dir='ltr'>quin</span> <span class='ocrx_word' id='word_1_362' title='bbox 1505 696 1533 722; x_wconf 88' lang='lat' dir='ltr'>st</span> <span class='ocrx_word' id='word_1_363' title='bbox 1577 695 1722 723; x_wconf 87' lang='lat' dir='ltr'>mentales</span> <span class='ocrx_word' id='word_1_364' title='bbox 1767 697 1894 731; x_wconf 86' lang='lat' dir='ltr'>quidem</span> 
     </span>
    </p>
   </div>
   <div class='ocr_carea' id='block_1_60' title="bbox 1057 739 1898 777">
    <p class='ocr_par' dir='ltr' id='par_1_60' title="bbox 1057 739 1898 777">
     <span class='ocr_line' id='line_1_60' title="bbox 1057 739 1898 777; baseline 0.002 -8"><span class='ocrx_word' id='word_1_365' title='bbox 1057 741 1219 777; x_wconf 70' lang='lat' dir='ltr'>conjuncta</span> <span class='ocrx_word' id='word_1_366' title='bbox 1231 739 1459 773; x_wconf 46' lang='lat' dir='ltr'>sunhanimales</span> <span class='ocrx_word' id='word_1_367' title='bbox 1466 747 1533 767; x_wconf 90' lang='lat' dir='ltr'>vero</span> <span class='ocrx_word' id='word_1_368' title='bbox 1544 739 1718 767; x_wconf 87' lang='lat' dir='ltr'>divisionem</span> <span class='ocrx_word' id='word_1_369' title='bbox 1728 741 1898 777; x_wconf 85' lang='lat' dir='ltr'>recipiunt.</span> 
     </span>
    </p>
   </div>
   <div class='ocr_carea' id='block_1_61' title="bbox 1056 783 1898 823">
    <p class='ocr_par' dir='ltr' id='par_1_61' title="bbox 1056 783 1898 823">
     <span class='ocr_line' id='line_1_61' title="bbox 1056 783 1898 823; baseline 0.001 -9"><span class='ocrx_word' id='word_1_370' title='bbox 1056 787 1199 815; x_wconf 68' lang='lat' dir='ltr'>Caeterum</span> <span class='ocrx_word' id='word_1_371' title='bbox 1206 784 1233 812; x_wconf 90' lang='lat' dir='ltr'>vi</span> <span class='ocrx_word' id='word_1_372' title='bbox 1240 785 1305 821; x_wconf 86' lang='lat' dir='ltr'>ejus</span> <span class='ocrx_word' id='word_1_373' title='bbox 1314 786 1501 819; x_wconf 71' lang='lat' dir='ltr'>ustursa,qusa</span> <span class='ocrx_word' id='word_1_374' title='bbox 1514 783 1716 819; x_wconf 60' lang='lat' dir='ltr'>intelligentia;</span> <span class='ocrx_word' id='word_1_375' title='bbox 1733 794 1752 821; x_wconf 92' lang='lat' dir='ltr'>p</span> <span class='ocrx_word' id='word_1_376' title='bbox 1759 787 1898 823; x_wconf 80' lang='lat' dir='ltr'>articeps</span> 
     </span>
    </p>
   </div>
   <div class='ocr_carea' id='block_1_62' title="bbox 1057 830 1898 867">
    <p class='ocr_par' dir='ltr' id='par_1_62' title="bbox 1057 830 1898 867">
     <span class='ocr_line' id='line_1_62' title="bbox 1057 830 1898 867; baseline 0.002 -8"><span class='ocrx_word' id='word_1_377' title='bbox 1057 833 1112 867; x_wconf 89' lang='lat' dir='ltr'>est,</span> <span class='ocrx_word' id='word_1_378' title='bbox 1129 834 1205 859; x_wconf 91' lang='lat' dir='ltr'>Deus</span> <span class='ocrx_word' id='word_1_379' title='bbox 1220 830 1459 865; x_wconf 83' lang='lat' dir='ltr'>nobis,tanquam</span> <span class='ocrx_word' id='word_1_380' title='bbox 1472 830 1573 866; x_wconf 81' lang='lat' dir='ltr'>auriga</span> <span class='ocrx_word' id='word_1_381' title='bbox 1585 830 1681 858; x_wconf 92' lang='lat' dir='ltr'>currui</span> <span class='ocrx_word' id='word_1_382' title='bbox 1697 832 1898 867; x_wconf 82' lang='lat' dir='ltr'>suo,insidet.</span> 
     </span>
    </p>
   </div>
   <div class='ocr_carea' id='block_1_63' title="bbox 1378 883 1558 919">
    <p class='ocr_par' dir='ltr' id='par_1_63' title="bbox 1378 883 1558 919">
     <span class='ocr_line' id='line_1_63' title="bbox 1378 883 1558 919; baseline 0 -7"><span class='ocrx_word' id='word_1_383' title='bbox 1378 884 1460 912; x_wconf 86' lang='lat' dir='ltr'>CAP.</span> <span class='ocrx_word' id='word_1_384' title='bbox 1472 883 1558 919; x_wconf 73' lang='lat' dir='ltr'>;L.xv.</span> 
     </span>
    </p>
   </div>
   <div class='ocr_carea' id='block_1_64' title="bbox 1153 929 1800 965">
    <p class='ocr_par' dir='ltr' id='par_1_64' title="bbox 1153 929 1800 965">
     <span class='ocr_line' id='line_1_64' title="bbox 1153 929 1800 965; baseline 0.002 -8"><span class='ocrx_word' id='word_1_385' title='bbox 1153 931 1172 964; x_wconf 47' lang='grc' dir='ltr'><em>ἦ</em></span> <span class='ocrx_word' id='word_1_386' title='bbox 1189 932 1227 957; x_wconf 86' lang='lat' dir='ltr'>De</span> <span class='ocrx_word' id='word_1_387' title='bbox 1243 929 1391 957; x_wconf 76' lang='lat' dir='ltr'>virtutibus</span> <span class='ocrx_word' id='word_1_388' title='bbox 1401 932 1428 956; x_wconf 86' lang='lat' dir='ltr'>et</span> <span class='ocrx_word' id='word_1_389' title='bbox 1443 936 1536 956; x_wconf 82' lang='lat' dir='ltr'>eorum</span> <span class='ocrx_word' id='word_1_390' title='bbox 1565 929 1676 965; x_wconf 79' lang='lat' dir='ltr'>triplici</span> <span class='ocrx_word' id='word_1_391' title='bbox 1690 929 1800 958; x_wconf 78' lang='lat' dir='ltr'>ordine.</span> 
     </span>
    </p>
   </div>
   <div class='ocr_carea' id='block_1_65' title="bbox 1098 974 1897 1009">
    <p class='ocr_par' dir='ltr' id='par_1_65' title="bbox 1098 974 1897 1009">
     <span class='ocr_line' id='line_1_65' title="bbox 1098 974 1897 1009; baseline 0.004 -7"><span class='ocrx_word' id='word_1_392' title='bbox 1098 975 1162 1003; x_wconf 84' lang='lat' dir='ltr'>Jam</span> <span class='ocrx_word' id='word_1_393' title='bbox 1173 982 1251 1008; x_wconf 89' lang='lat' dir='ltr'>vero,</span> <span class='ocrx_word' id='word_1_394' title='bbox 1268 974 1336 1009; x_wconf 89' lang='lat' dir='ltr'>quia</span> <span class='ocrx_word' id='word_1_395' title='bbox 1350 974 1472 1002; x_wconf 86' lang='lat' dir='ltr'>virtutes</span> <span class='ocrx_word' id='word_1_396' title='bbox 1495 974 1530 1001; x_wconf 89' lang='lat' dir='ltr'>ad</span> <span class='ocrx_word' id='word_1_397' title='bbox 1555 976 1682 1002; x_wconf 84' lang='lat' dir='ltr'>mentem</span> <span class='ocrx_word' id='word_1_398' title='bbox 1708 977 1737 1002; x_wconf 88' lang='lat' dir='ltr'>et</span> <span class='ocrx_word' id='word_1_399' title='bbox 1758 975 1897 1005; x_wconf 86' lang='lat' dir='ltr'>animam</span> 
     </span>
    </p>
   </div>
   <div class='ocr_carea' id='block_1_66' title="bbox 1053 1019 1798 1055">
    <p class='ocr_par' dir='ltr' id='par_1_66' title="bbox 1053 1019 1798 1055">
     <span class='ocr_line' id='line_1_66' title="bbox 1053 1019 1798 1055; baseline 0 -7"><span class='ocrx_word' id='word_1_400' title='bbox 1053 1019 1226 1052; x_wconf 81' lang='lat' dir='ltr'>referuntur,</span> <span class='ocrx_word' id='word_1_401' title='bbox 1241 1019 1274 1047; x_wconf 86' lang='lat' dir='ltr'>de</span> <span class='ocrx_word' id='word_1_402' title='bbox 1288 1019 1323 1046; x_wconf 88' lang='lat' dir='ltr'>iis</span> <span class='ocrx_word' id='word_1_403' title='bbox 1336 1027 1428 1055; x_wconf 84' lang='lat' dir='ltr'>pauca</span> <span class='ocrx_word' id='word_1_404' title='bbox 1440 1019 1527 1047; x_wconf 83' lang='lat' dir='ltr'>etiam</span> <span class='ocrx_word' id='word_1_405' title='bbox 1544 1020 1699 1047; x_wconf 84' lang='lat' dir='ltr'>tractanda</span> <span class='ocrx_word' id='word_1_406' title='bbox 1714 1023 1798 1048; x_wconf 89' lang='lat' dir='ltr'>sunt.</span> 
     </span>
    </p>
   </div>
   <div class='ocr_carea' id='block_1_67' title="bbox 1089 1063 1894 1102">
    <p class='ocr_par' dir='ltr' id='par_1_67' title="bbox 1089 1063 1894 1102">
     <span class='ocr_line' id='line_1_67' title="bbox 1089 1063 1894 1102; baseline 0.002 -10"><span class='ocrx_word' id='word_1_407' title='bbox 1089 1064 1235 1092; x_wconf 85' lang='lat' dir='ltr'>Virtutum</span> <span class='ocrx_word' id='word_1_408' title='bbox 1253 1063 1358 1100; x_wconf 80' lang='lat' dir='ltr'>triplex</span> <span class='ocrx_word' id='word_1_409' title='bbox 1373 1065 1415 1092; x_wconf 86' lang='lat' dir='ltr'>est</span> <span class='ocrx_word' id='word_1_410' title='bbox 1430 1064 1510 1091; x_wconf 88' lang='lat' dir='ltr'>ordo.</span> <span class='ocrx_word' id='word_1_411' title='bbox 1535 1063 1601 1091; x_wconf 64' lang='lat' dir='ltr'>Alli!)</span> <span class='ocrx_word' id='word_1_412' title='bbox 1627 1063 1707 1092; x_wconf 88' lang='lat' dir='ltr'>enim</span> <span class='ocrx_word' id='word_1_413' title='bbox 1723 1064 1894 1102; x_wconf 82' lang='lat' dir='ltr'>hominem,</span> 
     </span>
    </p>
   </div>
   <div class='ocr_carea' id='block_1_68' title="bbox 1054 1108 1891 1144">
    <p class='ocr_par' dir='ltr' id='par_1_68' title="bbox 1054 1108 1891 1144">
     <span class='ocr_line' id='line_1_68' title="bbox 1054 1108 1891 1144; baseline 0.002 -7"><span class='ocrx_word' id='word_1_414' title='bbox 1054 1109 1108 1137; x_wconf 88' lang='lat' dir='ltr'>hoe</span> <span class='ocrx_word' id='word_1_415' title='bbox 1123 1111 1166 1137; x_wconf 86' lang='lat' dir='ltr'>est</span> <span class='ocrx_word' id='word_1_416' title='bbox 1182 1109 1311 1136; x_wconf 85' lang='lat' dir='ltr'>animam</span> <span class='ocrx_word' id='word_1_417' title='bbox 1328 1117 1393 1136; x_wconf 91' lang='lat' dir='ltr'>cum</span> <span class='ocrx_word' id='word_1_418' title='bbox 1410 1116 1530 1144; x_wconf 90' lang='lat' dir='ltr'>corpore</span> <span class='ocrx_word' id='word_1_419' title='bbox 1550 1111 1665 1137; x_wconf 84' lang='lat' dir='ltr'>ornant.</span> <span class='ocrx_word' id='word_1_420' title='bbox 1687 1108 1757 1137; x_wconf 68' lang='lat' dir='ltr'>Aliae</span> <span class='ocrx_word' id='word_1_421' title='bbox 1788 1119 1807 1138; x_wconf 75' lang='grc' dir='ltr'>ε.</span> <span class='ocrx_word' id='word_1_422' title='bbox 1823 1119 1891 1139; x_wconf 87' lang='lat' dir='ltr'>cor-</span> 
     </span>
    </p>
   </div>
   <div class='ocr_carea' id='block_1_69' title="bbox 1056 1153 1890 1190">
    <p class='ocr_par' dir='ltr' id='par_1_69' title="bbox 1056 1153 1890 1190">
     <span class='ocr_line' id='line_1_69' title="bbox 1056 1153 1890 1190; baseline 0.002 -8"><span class='ocrx_word' id='word_1_423' title='bbox 1056 1154 1260 1190; x_wconf 86' lang='lat' dir='ltr'>poreanimam</span> <span class='ocrx_word' id='word_1_424' title='bbox 1282 1155 1418 1190; x_wconf 87' lang='lat' dir='ltr'>purgant,</span> <span class='ocrx_word' id='word_1_425' title='bbox 1450 1155 1477 1181; x_wconf 89' lang='lat' dir='ltr'>et</span> <span class='ocrx_word' id='word_1_426' title='bbox 1503 1153 1538 1180; x_wconf 85' lang='lat' dir='ltr'>ad</span> <span class='ocrx_word' id='word_1_427' title='bbox 1566 1153 1695 1190; x_wconf 83' lang='lat' dir='ltr'>seipsam</span> <span class='ocrx_word' id='word_1_428' title='bbox 1728 1158 1890 1190; x_wconf 82' lang='lat' dir='ltr'>revocant,</span> 
     </span>
    </p>
   </div>
   <div class='ocr_carea' id='block_1_70' title="bbox 1056 1198 1891 1236">
    <p class='ocr_par' dir='ltr' id='par_1_70' title="bbox 1056 1198 1891 1236">
     <span class='ocr_line' id='line_1_70' title="bbox 1056 1198 1891 1236; baseline 0.004 -9"><span class='ocrx_word' id='word_1_429' title='bbox 1056 1207 1118 1236; x_wconf 80' lang='lat' dir='ltr'>quas</span> <span class='ocrx_word' id='word_1_430' title='bbox 1135 1198 1251 1234; x_wconf 90' lang='lat' dir='ltr'>quidem</span> <span class='ocrx_word' id='word_1_431' title='bbox 1283 1198 1442 1235; x_wconf 76' lang='lat' dir='ltr'>purgativaa</span> <span class='ocrx_word' id='word_1_432' title='bbox 1464 1198 1612 1226; x_wconf 89' lang='lat' dir='ltr'>dicuntur.</span> <span class='ocrx_word' id='word_1_433' title='bbox 1644 1198 1710 1227; x_wconf 68' lang='lat' dir='ltr'>Alias</span> <span class='ocrx_word' id='word_1_434' title='bbox 1755 1200 1891 1229; x_wconf 80' lang='lat' dir='ltr'>animam</span> 
     </span>
    </p>
   </div>
   <div class='ocr_carea' id='block_1_71' title="bbox 1057 1242 1894 1281">
    <p class='ocr_par' dir='ltr' id='par_1_71' title="bbox 1057 1242 1894 1281">
     <span class='ocr_line' id='line_1_71' title="bbox 1057 1242 1894 1281; baseline 0.004 -10"><span class='ocrx_word' id='word_1_435' title='bbox 1057 1244 1181 1280; x_wconf 77' lang='lat' dir='ltr'>perfecte</span> <span class='ocrx_word' id='word_1_436' title='bbox 1199 1246 1354 1280; x_wconf 86' lang='lat' dir='ltr'>purgatam</span> <span class='ocrx_word' id='word_1_437' title='bbox 1367 1244 1501 1271; x_wconf 89' lang='lat' dir='ltr'>inrerum</span> <span class='ocrx_word' id='word_1_438' title='bbox 1528 1252 1591 1279; x_wconf 80' lang='lat' dir='ltr'>quas</span> <span class='ocrx_word' id='word_1_439' title='bbox 1618 1242 1769 1272; x_wconf 87' lang='lat' dir='ltr'>intellectu</span> <span class='ocrx_word' id='word_1_440' title='bbox 1796 1246 1894 1281; x_wconf 87' lang='lat' dir='ltr'>perci-</span> 
     </span>
    </p>
   </div>
   <div class='ocr_carea' id='block_1_72' title="bbox 1056 1287 1887 1325">
    <p class='ocr_par' dir='ltr' id='par_1_72' title="bbox 1056 1287 1887 1325">
     <span class='ocr_line' id='line_1_72' title="bbox 1056 1287 1887 1325; baseline 0.004 -9"><span class='ocrx_word' id='word_1_441' title='bbox 1056 1289 1179 1325; x_wconf 89' lang='lat' dir='ltr'>piuntur</span> <span class='ocrx_word' id='word_1_442' title='bbox 1203 1287 1450 1324; x_wconf 85' lang='lat' dir='ltr'>contemplatione</span> <span class='ocrx_word' id='word_1_443' title='bbox 1479 1291 1640 1322; x_wconf 87' lang='lat' dir='ltr'>excercent,</span> <span class='ocrx_word' id='word_1_444' title='bbox 1666 1296 1732 1325; x_wconf 66' lang='lat' dir='ltr'>qua</span> <span class='ocrx_word' id='word_1_445' title='bbox 1760 1290 1887 1325; x_wconf 89' lang='lat' dir='ltr'>quidem</span> 
     </span>
    </p>
   </div>
   <div class='ocr_carea' id='block_1_73' title="bbox 1056 1332 1892 1370">
    <p class='ocr_par' dir='ltr' id='par_1_73' title="bbox 1056 1332 1892 1370">
     <span class='ocr_line' id='line_1_73' title="bbox 1056 1332 1892 1370; baseline 0.002 -8"><span class='ocrx_word' id='word_1_446' title='bbox 1056 1333 1288 1370; x_wconf 58' lang='lat' dir='ltr'>contemplativa;</span> <span class='ocrx_word' id='word_1_447' title='bbox 1319 1335 1406 1370; x_wconf 87' lang='lat' dir='ltr'>atque</span> <span class='ocrx_word' id='word_1_448' title='bbox 1431 1332 1646 1361; x_wconf 79' lang='lat' dir='ltr'>intellectuales</span> <span class='ocrx_word' id='word_1_449' title='bbox 1684 1334 1892 1370; x_wconf 81' lang='lat' dir='ltr'>appellantur.</span> 
     </span>
    </p>
   </div>
   <div class='ocr_carea' id='block_1_74' title="bbox 1056 1377 1891 1414">
    <p class='ocr_par' dir='ltr' id='par_1_74' title="bbox 1056 1377 1891 1414">
     <span class='ocr_line' id='line_1_74' title="bbox 1056 1377 1891 1414; baseline 0.004 -7"><span class='ocrx_word' id='word_1_450' title='bbox 1056 1380 1090 1407; x_wconf 87' lang='lat' dir='ltr'>Et</span> <span class='ocrx_word' id='word_1_451' title='bbox 1105 1379 1161 1407; x_wconf 84' lang='lat' dir='ltr'>alia</span> <span class='ocrx_word' id='word_1_452' title='bbox 1172 1378 1290 1414; x_wconf 89' lang='lat' dir='ltr'>quidem</span> <span class='ocrx_word' id='word_1_453' title='bbox 1303 1377 1428 1413; x_wconf 87' lang='lat' dir='ltr'>Dei,alia</span> <span class='ocrx_word' id='word_1_454' title='bbox 1439 1377 1545 1413; x_wconf 82' lang='lat' dir='ltr'>angeli,</span> <span class='ocrx_word' id='word_1_455' title='bbox 1564 1377 1622 1405; x_wconf 83' lang='lat' dir='ltr'>alia</span> <span class='ocrx_word' id='word_1_456' title='bbox 1642 1378 1775 1407; x_wconf 88' lang='lat' dir='ltr'>hominis</span> <span class='ocrx_word' id='word_1_457' title='bbox 1787 1380 1891 1410; x_wconf 87' lang='lat' dir='ltr'>virtus</span> 
     </span>
    </p>
   </div>
   <div class='ocr_carea' id='block_1_75' title="bbox 1056 1422 1891 1455">
    <p class='ocr_par' dir='ltr' id='par_1_75' title="bbox 1056 1422 1891 1455">
     <span class='ocr_line' id='line_1_75' title="bbox 1056 1422 1891 1455; baseline 0.001 -3"><span class='ocrx_word' id='word_1_458' title='bbox 1056 1423 1367 1455; x_wconf 85' lang='lat' dir='ltr'>est.Quemadmodum</span> <span class='ocrx_word' id='word_1_459' title='bbox 1384 1423 1461 1450; x_wconf 88' lang='lat' dir='ltr'>enim</span> <span class='ocrx_word' id='word_1_460' title='bbox 1477 1422 1649 1455; x_wconf 74' lang='lat' dir='ltr'>variae,sunt</span> <span class='ocrx_word' id='word_1_461' title='bbox 1665 1430 1767 1451; x_wconf 88' lang='lat' dir='ltr'>eorum</span> <span class='ocrx_word' id='word_1_462' title='bbox 1783 1432 1891 1453; x_wconf 84' lang='lat' dir='ltr'>essen—</span> 
     </span>
    </p>
   </div>
   <div class='ocr_carea' id='block_1_76' title="bbox 1055 1468 1889 1505">
    <p class='ocr_par' dir='ltr' id='par_1_76' title="bbox 1055 1468 1889 1505">
     <span class='ocr_line' id='line_1_76' title="bbox 1055 1468 1889 1505; baseline 0.002 -8"><span class='ocrx_word' id='word_1_463' title='bbox 1055 1469 1112 1503; x_wconf 72' lang='lat' dir='ltr'>tiaa,</span> <span class='ocrx_word' id='word_1_464' title='bbox 1130 1469 1171 1497; x_wconf 77' lang='lat' dir='ltr'>ita</span> <span class='ocrx_word' id='word_1_465' title='bbox 1204 1470 1232 1496; x_wconf 87' lang='lat' dir='ltr'>et</span> <span class='ocrx_word' id='word_1_466' title='bbox 1256 1468 1380 1496; x_wconf 82' lang='lat' dir='ltr'>virtutes</span> <span class='ocrx_word' id='word_1_467' title='bbox 1405 1468 1500 1495; x_wconf 65' lang='lat' dir='ltr'>variae.</span> <span class='ocrx_word' id='word_1_468' title='bbox 1524 1469 1617 1503; x_wconf 88' lang='lat' dir='ltr'>Atque</span> <span class='ocrx_word' id='word_1_469' title='bbox 1637 1468 1735 1497; x_wconf 83' lang='lat' dir='ltr'>anima</span> <span class='ocrx_word' id='word_1_470' title='bbox 1763 1470 1889 1505; x_wconf 89' lang='lat' dir='ltr'>quidem</span> 
     </span>
    </p>
   </div>
   <div class='ocr_carea' id='block_1_77' title="bbox 1056 1512 1886 1551">
    <p class='ocr_par' dir='ltr' id='par_1_77' title="bbox 1056 1512 1886 1551">
     <span class='ocr_line' id='line_1_77' title="bbox 1056 1512 1886 1551; baseline 0.001 -9"><span class='ocrx_word' id='word_1_471' title='bbox 1056 1514 1171 1551; x_wconf 86' lang='lat' dir='ltr'>proprie</span> <span class='ocrx_word' id='word_1_472' title='bbox 1188 1512 1371 1541; x_wconf 86' lang='lat' dir='ltr'>rationabilis</span> <span class='ocrx_word' id='word_1_473' title='bbox 1386 1515 1438 1546; x_wconf 90' lang='lat' dir='ltr'>est,</span> <span class='ocrx_word' id='word_1_474' title='bbox 1456 1515 1483 1540; x_wconf 88' lang='lat' dir='ltr'>et</span> <span class='ocrx_word' id='word_1_475' title='bbox 1497 1512 1615 1541; x_wconf 88' lang='lat' dir='ltr'>dicitur.</span> <span class='ocrx_word' id='word_1_476' title='bbox 1638 1513 1722 1541; x_wconf 85' lang='lat' dir='ltr'>Mens</span> <span class='ocrx_word' id='word_1_477' title='bbox 1742 1515 1886 1543; x_wconf 77' lang='lat' dir='ltr'>autemid</span> 
     </span>
    </p>
   </div>
   <div class='ocr_carea' id='block_1_78' title="bbox 1057 1557 1882 1596">
    <p class='ocr_par' dir='ltr' id='par_1_78' title="bbox 1057 1557 1882 1596">
     <span class='ocr_line' id='line_1_78' title="bbox 1057 1557 1882 1596; baseline 0.002 -10"><span class='ocrx_word' id='word_1_478' title='bbox 1057 1559 1132 1596; x_wconf 89' lang='lat' dir='ltr'>quod</span> <span class='ocrx_word' id='word_1_479' title='bbox 1150 1558 1255 1586; x_wconf 75' lang='lat' dir='ltr'>animas</span> <span class='ocrx_word' id='word_1_480' title='bbox 1280 1562 1388 1594; x_wconf 67' lang='lat' dir='ltr'>praeest.</span> <span class='ocrx_word' id='word_1_481' title='bbox 1423 1557 1605 1585; x_wconf 81' lang='lat' dir='ltr'>Rationalem</span> <span class='ocrx_word' id='word_1_482' title='bbox 1636 1566 1720 1593; x_wconf 91' lang='lat' dir='ltr'>porro</span> <span class='ocrx_word' id='word_1_483' title='bbox 1747 1559 1882 1588; x_wconf 75' lang='lat' dir='ltr'>animam</span> 
     </span>
    </p>
   </div>
   <div class='ocr_carea' id='block_1_79' title="bbox 1018 1602 1877 1639">
    <p class='ocr_par' dir='ltr' id='par_1_79' title="bbox 1018 1602 1877 1639">
     <span class='ocr_line' id='line_1_79' title="bbox 1018 1602 1877 1639; baseline 0 -8"><span class='ocrx_word' id='word_1_484' title='bbox 1018 1606 1038 1639; x_wconf 83' lang='lat' dir='ltr'>C</span> <span class='ocrx_word' id='word_1_485' title='bbox 1054 1603 1233 1631; x_wconf 85' lang='lat' dir='ltr'>irrationalis</span> <span class='ocrx_word' id='word_1_486' title='bbox 1249 1602 1517 1638; x_wconf 85' lang='lat' dir='ltr'>anima,ipsumque</span> <span class='ocrx_word' id='word_1_487' title='bbox 1539 1602 1646 1630; x_wconf 61' lang='lat' dir='ltr'>anime</span> <span class='ocrx_word' id='word_1_488' title='bbox 1660 1602 1771 1638; x_wconf 71' lang='lat' dir='ltr'>{idolum</span> <span class='ocrx_word' id='word_1_489' title='bbox 1795 1604 1877 1631; x_wconf 84' lang='lat' dir='ltr'>sub-</span> 
     </span>
    </p>
   </div>
   <div class='ocr_carea' id='block_1_80' title="bbox 1053 1647 1876 1684">
    <p class='ocr_par' dir='ltr' id='par_1_80' title="bbox 1053 1647 1876 1684">
     <span class='ocr_line' id='line_1_80' title="bbox 1053 1647 1876 1684; baseline 0 -8"><span class='ocrx_word' id='word_1_490' title='bbox 1053 1648 1196 1684; x_wconf 78' lang='lat' dir='ltr'>sequitur.</span> <span class='ocrx_word' id='word_1_491' title='bbox 1211 1647 1276 1675; x_wconf 86' lang='lat' dir='ltr'>Jam</span> <span class='ocrx_word' id='word_1_492' title='bbox 1293 1655 1344 1683; x_wconf 88' lang='lat' dir='ltr'>per</span> <span class='ocrx_word' id='word_1_493' title='bbox 1359 1655 1461 1675; x_wconf 90' lang='lat' dir='ltr'>omnes</span> <span class='ocrx_word' id='word_1_494' title='bbox 1470 1647 1640 1682; x_wconf 85' lang='lat' dir='ltr'>angelorum</span> <span class='ocrx_word' id='word_1_495' title='bbox 1652 1647 1762 1675; x_wconf 85' lang='lat' dir='ltr'>ordines</span> <span class='ocrx_word' id='word_1_496' title='bbox 1776 1647 1876 1676; x_wconf 81' lang='lat' dir='ltr'>virtus</span> 
     </span>
    </p>
   </div>
   <div class='ocr_carea' id='block_1_81' title="bbox 1052 1690 1882 1727">
    <p class='ocr_par' dir='ltr' id='par_1_81' title="bbox 1052 1690 1882 1727">
     <span class='ocr_line' id='line_1_81' title="bbox 1052 1690 1882 1727; baseline 0.001 -7"><span class='ocrx_word' id='word_1_497' title='bbox 1052 1692 1309 1727; x_wconf 69' lang='lat' dir='ltr'>diti&#39;unditur,quae</span> <span class='ocrx_word' id='word_1_498' title='bbox 1320 1690 1373 1718; x_wconf 81' lang='grc' dir='ltr'>ἀπὸ</span> <span class='ocrx_word' id='word_1_499' title='bbox 1400 1692 1453 1717; x_wconf 76' lang='grc' dir='ltr'>τῶν</span> <span class='ocrx_word' id='word_1_500' title='bbox 1482 1691 1635 1726; x_wconf 85' lang='lat' dir='ltr'>Seraphim</span> <span class='ocrx_word' id='word_1_501' title='bbox 1663 1691 1773 1727; x_wconf 86' lang='lat' dir='ltr'>incipit.</span> <span class='ocrx_word' id='word_1_502' title='bbox 1799 1692 1882 1721; x_wconf 85' lang='lat' dir='ltr'>Deus</span> 
     </span>
    </p>
   </div>
   <div class='ocr_carea' id='block_1_82' title="bbox 1052 1736 1882 1774">
    <p class='ocr_par' dir='ltr' id='par_1_82' title="bbox 1052 1736 1882 1774">
     <span class='ocr_line' id='line_1_82' title="bbox 1052 1736 1882 1774; baseline 0 -8"><span class='ocrx_word' id='word_1_503' title='bbox 1052 1741 1151 1766; x_wconf 82' lang='lat' dir='ltr'>autem</span> <span class='ocrx_word' id='word_1_504' title='bbox 1168 1745 1258 1773; x_wconf 89' lang='lat' dir='ltr'>supra</span> <span class='ocrx_word' id='word_1_505' title='bbox 1272 1736 1421 1769; x_wconf 87' lang='lat' dir='ltr'>virtutem,</span> <span class='ocrx_word' id='word_1_506' title='bbox 1439 1744 1526 1764; x_wconf 89' lang='lat' dir='ltr'>omne</span> <span class='ocrx_word' id='word_1_507' title='bbox 1549 1736 1671 1772; x_wconf 87' lang='lat' dir='ltr'>bonum,</span> <span class='ocrx_word' id='word_1_508' title='bbox 1701 1744 1882 1774; x_wconf 85' lang='lat' dir='ltr'>omnemque</span> 
     </span>
    </p>
   </div>
   <div class='ocr_carea' id='block_1_83' title="bbox 1051 1780 1484 1819">
    <p class='ocr_par' dir='ltr' id='par_1_83' title="bbox 1051 1780 1484 1819">
     <span class='ocr_line' id='line_1_83' title="bbox 1051 1780 1484 1819; baseline -0.007 -8"><span class='ocrx_word' id='word_1_509' title='bbox 1051 1782 1259 1819; x_wconf 81' lang='lat' dir='ltr'>perfectionem</span> <span class='ocrx_word' id='word_1_510' title='bbox 1275 1780 1484 1817; x_wconf 76' lang='lat' dir='ltr'>supereminet.</span> 
     </span>
    </p>
   </div>
   <div class='ocr_carea' id='block_1_84' title="bbox 1360 1841 1571 1870">
    <p class='ocr_par' dir='ltr' id='par_1_84' title="bbox 1360 1841 1571 1870">
     <span class='ocr_line' id='line_1_84' title="bbox 1360 1841 1571 1870; baseline -0.005 -1"><span class='ocrx_word' id='word_1_511' title='bbox 1360 1841 1437 1869; x_wconf 88' lang='lat' dir='ltr'>CAP.</span> <span class='ocrx_word' id='word_1_512' title='bbox 1478 1841 1571 1870; x_wconf 78' lang='lat' dir='ltr'>LXVI.</span> 
     </span>
    </p>
   </div>
   <div class='ocr_carea' id='block_1_85' title="bbox 1140 1886 1791 1921">
    <p class='ocr_par' dir='ltr' id='par_1_85' title="bbox 1140 1886 1791 1921">
     <span class='ocr_line' id='line_1_85' title="bbox 1140 1886 1791 1921; baseline 0.002 -7"><span class='ocrx_word' id='word_1_513' title='bbox 1140 1889 1205 1915; x_wconf 84' lang='lat' dir='ltr'>Item</span> <span class='ocrx_word' id='word_1_514' title='bbox 1222 1887 1253 1914; x_wconf 78' lang='lat' dir='ltr'>de</span> <span class='ocrx_word' id='word_1_515' title='bbox 1266 1886 1417 1914; x_wconf 73' lang='lat' dir='ltr'>virtutibus</span> <span class='ocrx_word' id='word_1_516' title='bbox 1429 1890 1455 1914; x_wconf 84' lang='lat' dir='ltr'>et</span> <span class='ocrx_word' id='word_1_517' title='bbox 1470 1895 1519 1914; x_wconf 69' lang='lat' dir='ltr'>sex</span> <span class='ocrx_word' id='word_1_518' title='bbox 1534 1886 1668 1921; x_wconf 68' lang='lat' dir='ltr'>gradibus</span> <span class='ocrx_word' id='word_1_519' title='bbox 1691 1895 1791 1915; x_wconf 85' lang='lat' dir='ltr'>earum</span> 
     </span>
    </p>
   </div>
   <div class='ocr_carea' id='block_1_86' title="bbox 1108 1921 1830 1961">
    <p class='ocr_par' dir='ltr' id='par_1_86' title="bbox 1108 1921 1830 1961">
     <span class='ocr_line' id='line_1_86' title="bbox 1108 1921 1830 1961; baseline 0.001 -12"><span class='ocrx_word' id='word_1_520' title='bbox 1108 1921 1455 1961; x_wconf 76' lang='grc' dir='ltr'>φυσική.ἡθικὴ.πολίτικὴ</span> <span class='ocrx_word' id='word_1_521' title='bbox 1486 1923 1641 1960; x_wconf 79' lang='grc' dir='ltr'>θεωρητικὴ</span> <span class='ocrx_word' id='word_1_522' title='bbox 1666 1924 1830 1961; x_wconf 75' lang='grc' dir='ltr'>θεουργική.</span> 
     </span>
    </p>
   </div>
   <div class='ocr_carea' id='block_1_87' title="bbox 1083 1972 1885 2008">
    <p class='ocr_par' dir='ltr' id='par_1_87' title="bbox 1083 1972 1885 2008">
     <span class='ocr_line' id='line_1_87' title="bbox 1083 1972 1885 2008; baseline 0.004 -9"><span class='ocrx_word' id='word_1_523' title='bbox 1083 1972 1232 2000; x_wconf 86' lang='lat' dir='ltr'>Virtutum</span> <span class='ocrx_word' id='word_1_524' title='bbox 1249 1972 1355 2008; x_wconf 85' lang='lat' dir='ltr'>gradus</span> <span class='ocrx_word' id='word_1_525' title='bbox 1372 1980 1421 1999; x_wconf 88' lang='lat' dir='ltr'>sex</span> <span class='ocrx_word' id='word_1_526' title='bbox 1437 1979 1500 1999; x_wconf 89' lang='lat' dir='ltr'>esse</span> <span class='ocrx_word' id='word_1_527' title='bbox 1512 1972 1783 2008; x_wconf 82' lang='lat' dir='ltr'>perhibentur.Alia</span> <span class='ocrx_word' id='word_1_528' title='bbox 1797 1973 1885 2002; x_wconf 88' lang='lat' dir='ltr'>enim</span> 
     </span>
    </p>
   </div>
   <div class='ocr_carea' id='block_1_88' title="bbox 1049 2015 1884 2053">
    <p class='ocr_par' dir='ltr' id='par_1_88' title="bbox 1049 2015 1884 2053">
     <span class='ocr_line' id='line_1_88' title="bbox 1049 2015 1884 2053; baseline 0.001 -8"><span class='ocrx_word' id='word_1_529' title='bbox 1049 2017 1141 2045; x_wconf 89' lang='lat' dir='ltr'>virtus</span> <span class='ocrx_word' id='word_1_530' title='bbox 1158 2015 1301 2044; x_wconf 85' lang='lat' dir='ltr'>naturalis</span> <span class='ocrx_word' id='word_1_531' title='bbox 1317 2018 1373 2050; x_wconf 88' lang='lat' dir='ltr'>est,</span> <span class='ocrx_word' id='word_1_532' title='bbox 1389 2024 1452 2051; x_wconf 81' lang='lat' dir='ltr'>quae</span> <span class='ocrx_word' id='word_1_533' title='bbox 1470 2016 1627 2051; x_wconf 89' lang='lat' dir='ltr'>quidemin</span> <span class='ocrx_word' id='word_1_534' title='bbox 1657 2017 1728 2045; x_wconf 82' lang='lat' dir='ltr'>feris</span> <span class='ocrx_word' id='word_1_535' title='bbox 1755 2025 1884 2053; x_wconf 83' lang='lat' dir='ltr'>quoque</span> 
     </span>
    </p>
   </div>
   <div class='ocr_carea' id='block_1_89' title="bbox 1049 2060 1885 2097">
    <p class='ocr_par' dir='ltr' id='par_1_89' title="bbox 1049 2060 1885 2097">
     <span class='ocr_line' id='line_1_89' title="bbox 1049 2060 1885 2097; baseline 0.001 -8"><span class='ocrx_word' id='word_1_536' title='bbox 1049 2061 1287 2097; x_wconf 87' lang='lat' dir='ltr'>deprehenditur.</span> <span class='ocrx_word' id='word_1_537' title='bbox 1313 2060 1378 2087; x_wconf 88' lang='lat' dir='ltr'>Alia</span> <span class='ocrx_word' id='word_1_538' title='bbox 1407 2060 1538 2093; x_wconf 84' lang='lat' dir='ltr'>moralis,</span> <span class='ocrx_word' id='word_1_539' title='bbox 1577 2069 1636 2097; x_wconf 87' lang='lat' dir='ltr'>qua</span> <span class='ocrx_word' id='word_1_540' title='bbox 1669 2061 1885 2097; x_wconf 83' lang='lat' dir='ltr'>imperitorum</span> 
     </span>
    </p>
   </div>
   <div class='ocr_carea' id='block_1_90' title="bbox 1050 2104 1885 2144">
    <p class='ocr_par' dir='ltr' id='par_1_90' title="bbox 1050 2104 1885 2144">
     <span class='ocr_line' id='line_1_90' title="bbox 1050 2104 1885 2144; baseline 0.002 -10"><span class='ocrx_word' id='word_1_541' title='bbox 1050 2114 1166 2143; x_wconf 90' lang='lat' dir='ltr'>quoque</span> <span class='ocrx_word' id='word_1_542' title='bbox 1182 2104 1314 2133; x_wconf 92' lang='lat' dir='ltr'>nonnulli</span> <span class='ocrx_word' id='word_1_543' title='bbox 1338 2104 1450 2141; x_wconf 71' lang='lat' dir='ltr'>praediti</span> <span class='ocrx_word' id='word_1_544' title='bbox 1476 2107 1555 2133; x_wconf 89' lang='lat' dir='ltr'>sunt.</span> <span class='ocrx_word' id='word_1_545' title='bbox 1586 2106 1651 2133; x_wconf 87' lang='lat' dir='ltr'>Alia</span> <span class='ocrx_word' id='word_1_546' title='bbox 1679 2105 1788 2140; x_wconf 86' lang='lat' dir='ltr'>civilis,</span> <span class='ocrx_word' id='word_1_547' title='bbox 1813 2115 1885 2144; x_wconf 71' lang='lat' dir='ltr'>qua</span> 
     </span>
    </p>
   </div>
   <div class='ocr_carea' id='block_1_91' title="bbox 1049 2150 1887 2186">
    <p class='ocr_par' dir='ltr' id='par_1_91' title="bbox 1049 2150 1887 2186">
     <span class='ocr_line' id='line_1_91' title="bbox 1049 2150 1887 2186; baseline 0.004 -8"><span class='ocrx_word' id='word_1_548' title='bbox 1049 2151 1162 2179; x_wconf 86' lang='lat' dir='ltr'>ratione</span> <span class='ocrx_word' id='word_1_549' title='bbox 1178 2152 1207 2178; x_wconf 89' lang='lat' dir='ltr'>et</span> <span class='ocrx_word' id='word_1_550' title='bbox 1222 2150 1379 2186; x_wconf 87' lang='lat' dir='ltr'>prudentia</span> <span class='ocrx_word' id='word_1_551' title='bbox 1391 2150 1604 2186; x_wconf 85' lang='lat' dir='ltr'>rempublicam</span> <span class='ocrx_word' id='word_1_552' title='bbox 1621 2151 1803 2179; x_wconf 85' lang='lat' dir='ltr'>moderatur.</span> <span class='ocrx_word' id='word_1_553' title='bbox 1817 2152 1887 2181; x_wconf 79' lang='lat' dir='ltr'>Alia</span> 
     </span>
    </p>
   </div>
   <div class='ocr_carea' id='block_1_92' title="bbox 1049 2195 1887 2233">
    <p class='ocr_par' dir='ltr' id='par_1_92' title="bbox 1049 2195 1887 2233">
     <span class='ocr_line' id='line_1_92' title="bbox 1049 2195 1887 2233; baseline 0.002 -10"><span class='ocrx_word' id='word_1_554' title='bbox 1049 2195 1282 2232; x_wconf 72' lang='lat' dir='ltr'>purgativa,quas</span> <span class='ocrx_word' id='word_1_555' title='bbox 1297 2195 1447 2222; x_wconf 89' lang='lat' dir='ltr'>hominem</span> <span class='ocrx_word' id='word_1_556' title='bbox 1458 2195 1493 2222; x_wconf 86' lang='lat' dir='ltr'>ab</span> <span class='ocrx_word' id='word_1_557' title='bbox 1504 2195 1584 2222; x_wconf 93' lang='lat' dir='ltr'>omni</span> <span class='ocrx_word' id='word_1_558' title='bbox 1601 2195 1786 2224; x_wconf 69' lang='lat' dir='ltr'>affectionem</span> <span class='ocrx_word' id='word_1_559' title='bbox 1804 2201 1887 2233; x_wconf 81' lang='lat' dir='ltr'>perl-</span> 
     </span>
    </p>
   </div>
   <div class='ocr_carea' id='block_1_93' title="bbox 1050 2239 1889 2277">
    <p class='ocr_par' dir='ltr' id='par_1_93' title="bbox 1050 2239 1889 2277">
     <span class='ocr_line' id='line_1_93' title="bbox 1050 2239 1889 2277; baseline 0.002 -9"><span class='ocrx_word' id='word_1_560' title='bbox 1050 2240 1249 2268; x_wconf 84' lang='lat' dir='ltr'>turbationeve</span> <span class='ocrx_word' id='word_1_561' title='bbox 1261 2239 1445 2275; x_wconf 85' lang='lat' dir='ltr'>purgat.Alia</span> <span class='ocrx_word' id='word_1_562' title='bbox 1461 2239 1696 2276; x_wconf 84' lang='lat' dir='ltr'>contemplativa,</span> <span class='ocrx_word' id='word_1_563' title='bbox 1711 2241 1784 2277; x_wconf 52' lang='lat' dir='ltr'>l’quas</span> <span class='ocrx_word' id='word_1_564' title='bbox 1800 2249 1889 2270; x_wconf 86' lang='lat' dir='ltr'>men-</span> 
     </span>
    </p>
   </div>
   <div class='ocr_carea' id='block_1_94' title="bbox 167 2282 1886 2325">
    <p class='ocr_par' dir='ltr' id='par_1_94' title="bbox 167 2282 1886 2325">
     <span class='ocr_line' id='line_1_94' title="bbox 167 2282 1886 2325; baseline 0.001 -12"><span class='ocrx_word' id='word_1_565' title='bbox 167 2292 282 2313; x_wconf 84' lang='lat' dir='ltr'>sumus.</span> <span class='ocrx_word' id='word_1_566' title='bbox 299 2283 442 2311; x_wconf 84' lang='lat' dir='ltr'>Continuo</span> <span class='ocrx_word' id='word_1_567' title='bbox 458 2283 535 2311; x_wconf 88' lang='lat' dir='ltr'>enim</span> <span class='ocrx_word' id='word_1_568' title='bbox 548 2283 584 2310; x_wconf 87' lang='lat' dir='ltr'>ad</span> <span class='ocrx_word' id='word_1_569' title='bbox 596 2282 677 2310; x_wconf 85' lang='lat' dir='ltr'>illam</span> <span class='ocrx_word' id='word_1_570' title='bbox 694 2282 891 2316; x_wconf 85' lang='lat' dir='ltr'>ascendimus,</span> <span class='ocrx_word' id='word_1_571' title='bbox 909 2283 988 2318; x_wconf 84' lang='lat' dir='ltr'>ejus-</span> <span class='ocrx_word' id='word_1_572' title='bbox 1003 2294 1027 2325; x_wconf 84' lang='lat' dir='ltr'>D</span> <span class='ocrx_word' id='word_1_573' title='bbox 1042 2293 1101 2321; x_wconf 58' lang='lat' dir='ltr'>tem</span> <span class='ocrx_word' id='word_1_574' title='bbox 1118 2283 1347 2319; x_wconf 83' lang='lat' dir='ltr'>contemplatur.</span> <span class='ocrx_word' id='word_1_575' title='bbox 1365 2283 1427 2311; x_wconf 82' lang='lat' dir='ltr'>Alia</span> <span class='ocrx_word' id='word_1_576' title='bbox 1452 2284 1886 2320; x_wconf 74' lang='lat' dir='ltr'>deiﬁcativa,quazdiviniorem</span> 
     </span>
    </p>
   </div>
   <div class='ocr_carea' id='block_1_95' title="bbox 167 2327 987 2365">
    <p class='ocr_par' dir='ltr' id='par_1_95' title="bbox 167 2327 987 2365">
     <span class='ocr_line' id='line_1_95' title="bbox 167 2327 987 2365; baseline -0.004 -8"><span class='ocrx_word' id='word_1_577' title='bbox 167 2338 222 2365; x_wconf 90' lang='lat' dir='ltr'>que</span> <span class='ocrx_word' id='word_1_578' title='bbox 238 2329 378 2357; x_wconf 81' lang='lat' dir='ltr'>beneﬁcio</span> <span class='ocrx_word' id='word_1_579' title='bbox 394 2329 428 2356; x_wconf 84' lang='lat' dir='ltr'>ad</span> <span class='ocrx_word' id='word_1_580' title='bbox 441 2328 606 2356; x_wconf 87' lang='lat' dir='ltr'>universam</span> <span class='ocrx_word' id='word_1_581' title='bbox 623 2329 750 2355; x_wconf 86' lang='lat' dir='ltr'>mentem</span> <span class='ocrx_word' id='word_1_582' title='bbox 779 2327 987 2362; x_wconf 86' lang='lat' dir='ltr'>convertimur,</span> 
     </span>
    </p>
   </div>
   <div class='ocr_carea' id='block_1_96' title="bbox 166 2373 598 2408">
    <p class='ocr_par' dir='ltr' id='par_1_96' title="bbox 166 2373 598 2408">
     <span class='ocr_line' id='line_1_96' title="bbox 166 2373 598 2408; baseline -0.007 -6"><span class='ocrx_word' id='word_1_583' title='bbox 166 2377 194 2402; x_wconf 88' lang='lat' dir='ltr'>et</span> <span class='ocrx_word' id='word_1_584' title='bbox 206 2374 233 2402; x_wconf 94' lang='lat' dir='ltr'>in</span> <span class='ocrx_word' id='word_1_585' title='bbox 249 2382 283 2402; x_wconf 82' lang='lat' dir='ltr'>ea</span> <span class='ocrx_word' id='word_1_586' title='bbox 294 2374 409 2402; x_wconf 87' lang='lat' dir='ltr'>tandem</span> <span class='ocrx_word' id='word_1_587' title='bbox 421 2373 598 2408; x_wconf 83' lang='lat' dir='ltr'>perficimur.</span> 
     </span>
    </p>
   </div>
   <div class='ocr_carea' id='block_1_97' title="bbox 486 2426 666 2456">
    <p class='ocr_par' dir='ltr' id='par_1_97' title="bbox 486 2426 666 2456">
     <span class='ocr_line' id='line_1_97' title="bbox 486 2426 666 2456; baseline -0.011 0"><span class='ocrx_word' id='word_1_588' title='bbox 486 2428 561 2456; x_wconf 84' lang='lat' dir='ltr'>CAP.</span> <span class='ocrx_word' id='word_1_589' title='bbox 573 2426 666 2454; x_wconf 84' lang='lat' dir='ltr'><strong>LXIV.</strong></span> 
     </span>
    </p>
   </div>
   <div class='ocr_carea' id='block_1_98' title="bbox 166 2480 988 2517">
    <p class='ocr_par' dir='ltr' id='par_1_98' title="bbox 166 2480 988 2517">
     <span class='ocr_line' id='line_1_98' title="bbox 166 2480 988 2517; baseline -0.004 -7"><span class='ocrx_word' id='word_1_590' title='bbox 166 2483 233 2517; x_wconf 72' lang='lat' dir='ltr'>+De</span> <span class='ocrx_word' id='word_1_591' title='bbox 247 2486 336 2509; x_wconf 77' lang='lat' dir='ltr'>mente</span> <span class='ocrx_word' id='word_1_592' title='bbox 359 2487 384 2510; x_wconf 77' lang='lat' dir='ltr'>et</span> <span class='ocrx_word' id='word_1_593' title='bbox 411 2482 516 2514; x_wconf 78' lang='lat' dir='ltr'>anima.</span> <span class='ocrx_word' id='word_1_594' title='bbox 532 2484 558 2509; x_wconf 86' lang='lat' dir='ltr'>et</span> <span class='ocrx_word' id='word_1_595' title='bbox 584 2482 727 2516; x_wconf 77' lang='lat' dir='ltr'>utriusque</span> <span class='ocrx_word' id='word_1_596' title='bbox 752 2480 849 2515; x_wconf 73' lang='lat' dir='ltr'>[armis</span> <span class='ocrx_word' id='word_1_597' title='bbox 877 2488 988 2508; x_wconf 83' lang='lat' dir='ltr'>earum-</span> 
     </span>
    </p>
   </div>
   <div class='ocr_carea' id='block_1_99' title="bbox 455 2518 697 2554">
    <p class='ocr_par' dir='ltr' id='par_1_99' title="bbox 455 2518 697 2554">
     <span class='ocr_line' id='line_1_99' title="bbox 455 2518 697 2554; baseline -0.004 -9"><span class='ocrx_word' id='word_1_598' title='bbox 455 2526 506 2554; x_wconf 79' lang='lat' dir='ltr'>que</span> <span class='ocrx_word' id='word_1_599' title='bbox 528 2518 697 2553; x_wconf 75' lang='lat' dir='ltr'>differentis.</span> 
     </span>
    </p>
   </div>
   <div class='ocr_carea' id='block_1_100' title="bbox 201 2569 989 2605">
    <p class='ocr_par' dir='ltr' id='par_1_100' title="bbox 201 2569 989 2605">
     <span class='ocr_line' id='line_1_100' title="bbox 201 2569 989 2605; baseline -0.001 -8"><span class='ocrx_word' id='word_1_600' title='bbox 201 2571 321 2598; x_wconf 88' lang='lat' dir='ltr'>Formas</span> <span class='ocrx_word' id='word_1_601' title='bbox 338 2571 452 2599; x_wconf 90' lang='lat' dir='ltr'>duobus</span> <span class='ocrx_word' id='word_1_602' title='bbox 463 2571 558 2598; x_wconf 87' lang='lat' dir='ltr'>modis</span> <span class='ocrx_word' id='word_1_603' title='bbox 567 2570 753 2603; x_wconf 80' lang='lat' dir='ltr'>habemus,in</span> <span class='ocrx_word' id='word_1_604' title='bbox 762 2569 858 2597; x_wconf 86' lang='lat' dir='ltr'>anima</span> <span class='ocrx_word' id='word_1_605' title='bbox 869 2569 989 2605; x_wconf 88' lang='lat' dir='ltr'>quidem</span> 
     </span>
    </p>
   </div>
   <div class='ocr_carea' id='block_1_101' title="bbox 165 2615 990 2652">
    <p class='ocr_par' dir='ltr' id='par_1_101' title="bbox 165 2615 990 2652">
     <span class='ocr_line' id='line_1_101' title="bbox 165 2615 990 2652; baseline -0.001 -9"><span class='ocrx_word' id='word_1_606' title='bbox 165 2615 249 2651; x_wconf 84' lang='lat' dir='ltr'>quasi</span> <span class='ocrx_word' id='word_1_607' title='bbox 266 2616 466 2650; x_wconf 86' lang='lat' dir='ltr'>subvolantes,</span> <span class='ocrx_word' id='word_1_608' title='bbox 485 2615 630 2652; x_wconf 85' lang='lat' dir='ltr'>quasique</span> <span class='ocrx_word' id='word_1_609' title='bbox 643 2618 816 2650; x_wconf 78' lang='lat' dir='ltr'>separatas;</span> <span class='ocrx_word' id='word_1_610' title='bbox 843 2615 870 2642; x_wconf 91' lang='lat' dir='ltr'>in</span> <span class='ocrx_word' id='word_1_611' title='bbox 893 2617 990 2642; x_wconf 88' lang='lat' dir='ltr'>mente</span> 
     </span>
    </p>
   </div>
   <div class='ocr_carea' id='block_1_102' title="bbox 163 2659 459 2688">
    <p class='ocr_par' dir='ltr' id='par_1_102' title="bbox 163 2659 459 2688">
     <span class='ocr_line' id='line_1_102' title="bbox 163 2659 459 2688; baseline 0 -1"><span class='ocrx_word' id='word_1_612' title='bbox 163 2668 230 2687; x_wconf 89' lang='lat' dir='ltr'>vero</span> <span class='ocrx_word' id='word_1_613' title='bbox 242 2659 331 2688; x_wconf 88' lang='lat' dir='ltr'>simul</span> <span class='ocrx_word' id='word_1_614' title='bbox 346 2667 459 2687; x_wconf 88' lang='lat' dir='ltr'>omnes.</span> 
     </span>
    </p>
   </div>
   <div class='ocr_carea' id='block_1_103' title="bbox 202 2704 988 2740">
    <p class='ocr_par' dir='ltr' id='par_1_103' title="bbox 202 2704 988 2740">
     <span class='ocr_line' id='line_1_103' title="bbox 202 2704 988 2740; baseline 0 -9"><span class='ocrx_word' id='word_1_615' title='bbox 202 2704 300 2732; x_wconf 86' lang='lat' dir='ltr'>Mense</span> <span class='ocrx_word' id='word_1_616' title='bbox 314 2707 409 2732; x_wconf 85' lang='lat' dir='ltr'>autem</span> <span class='ocrx_word' id='word_1_617' title='bbox 427 2704 484 2732; x_wconf 84' lang='lat' dir='ltr'>alia.</span> <span class='ocrx_word' id='word_1_618' title='bbox 499 2706 544 2731; x_wconf 88' lang='lat' dir='ltr'>est</span> <span class='ocrx_word' id='word_1_619' title='bbox 559 2705 857 2740; x_wconf 73' lang='lat' dir='ltr'>participatione,quaa</span> <span class='ocrx_word' id='word_1_620' title='bbox 880 2705 988 2732; x_wconf 90' lang='lat' dir='ltr'>rectius</span> 
     </span>
    </p>
   </div>
   <div class='ocr_carea' id='block_1_104' title="bbox 166 2744 987 2785">
    <p class='ocr_par' dir='ltr' id='par_1_104' title="bbox 166 2744 987 2785">
     <span class='ocr_line' id='line_1_104' title="bbox 166 2744 987 2785; baseline 0.006 -14"><span class='ocrx_word' id='word_1_621' title='bbox 166 2744 305 2782; x_wconf 73' lang='grc' dir='ltr'>ἔλλαμψις</span> <span class='ocrx_word' id='word_1_622' title='bbox 319 2748 410 2785; x_wconf 77' lang='grc' dir='ltr'>νοερά,</span> <span class='ocrx_word' id='word_1_623' title='bbox 439 2757 490 2776; x_wconf 87' lang='lat' dir='ltr'>seu</span> <span class='ocrx_word' id='word_1_624' title='bbox 515 2748 691 2776; x_wconf 85' lang='lat' dir='ltr'>illuminatio</span> <span class='ocrx_word' id='word_1_625' title='bbox 709 2748 915 2776; x_wconf 84' lang='lat' dir='ltr'>intellectualis</span> <span class='ocrx_word' id='word_1_626' title='bbox 940 2756 987 2783; x_wconf 86' lang='lat' dir='ltr'>ap-</span> 
     </span>
    </p>
   </div>
   <div class='ocr_carea' id='block_1_105' title="bbox 166 2788 989 2829">
    <p class='ocr_par' dir='ltr' id='par_1_105' title="bbox 166 2788 989 2829">
     <span class='ocr_line' id='line_1_105' title="bbox 166 2788 989 2829; baseline 0.007 -15"><span class='ocrx_word' id='word_1_627' title='bbox 166 2788 300 2826; x_wconf 83' lang='lat' dir='ltr'>pellatur,</span> <span class='ocrx_word' id='word_1_628' title='bbox 323 2793 381 2821; x_wconf 82' lang='lat' dir='ltr'>alis</span> <span class='ocrx_word' id='word_1_629' title='bbox 399 2800 466 2820; x_wconf 87' lang='lat' dir='ltr'>vero</span> <span class='ocrx_word' id='word_1_630' title='bbox 481 2792 724 2822; x_wconf 86' lang='lat' dir='ltr'>essentialis.Jam</span> <span class='ocrx_word' id='word_1_631' title='bbox 750 2801 832 2821; x_wconf 89' lang='lat' dir='ltr'>mens</span> <span class='ocrx_word' id='word_1_632' title='bbox 845 2801 910 2829; x_wconf 72' lang='lat' dir='ltr'>quae</span> <span class='ocrx_word' id='word_1_633' title='bbox 925 2801 989 2828; x_wconf 79' lang='lat' dir='ltr'>par-</span> 
     </span>
    </p>
   </div>
   <div class='ocr_carea' id='block_1_106' title="bbox 165 2831 988 2873">
    <p class='ocr_par' dir='ltr' id='par_1_106' title="bbox 165 2831 988 2873">
     <span class='ocr_line' id='line_1_106' title="bbox 165 2831 988 2873; baseline 0.005 -13"><span class='ocrx_word' id='word_1_634' title='bbox 165 2831 336 2866; x_wconf 80' lang='lat' dir='ltr'>ticipatione</span> <span class='ocrx_word' id='word_1_635' title='bbox 351 2839 476 2870; x_wconf 83' lang='lat' dir='ltr'>constat,</span> <span class='ocrx_word' id='word_1_636' title='bbox 492 2844 526 2865; x_wconf 85' lang='lat' dir='ltr'>ea</span> <span class='ocrx_word' id='word_1_637' title='bbox 541 2836 582 2865; x_wconf 89' lang='lat' dir='ltr'>est</span> <span class='ocrx_word' id='word_1_638' title='bbox 598 2844 662 2873; x_wconf 64' lang='lat' dir='ltr'>quas</span> <span class='ocrx_word' id='word_1_639' title='bbox 676 2837 781 2866; x_wconf 69' lang='lat' dir='ltr'>anima</span> <span class='ocrx_word' id='word_1_640' title='bbox 793 2837 988 2866; x_wconf 81' lang='lat' dir='ltr'>communica-</span> 
     </span>
    </p>
   </div>
   <div class='ocr_carea' id='block_1_107' title="bbox 1044 2328 1887 2364">
    <p class='ocr_par' dir='ltr' id='par_1_107' title="bbox 1044 2328 1887 2364">
     <span class='ocr_line' id='line_1_107' title="bbox 1044 2328 1887 2364; baseline 0.004 -8"><span class='ocrx_word' id='word_1_641' title='bbox 1044 2328 1149 2356; x_wconf 69' lang='lat' dir='ltr'>animaa</span> <span class='ocrx_word' id='word_1_642' title='bbox 1179 2330 1285 2356; x_wconf 73' lang='lat' dir='ltr'>nostrae</span> <span class='ocrx_word' id='word_1_643' title='bbox 1319 2329 1431 2363; x_wconf 88' lang='lat' dir='ltr'>partem</span> <span class='ocrx_word' id='word_1_644' title='bbox 1471 2328 1588 2362; x_wconf 85' lang='lat' dir='ltr'>excitat,</span> <span class='ocrx_word' id='word_1_645' title='bbox 1624 2337 1692 2356; x_wconf 93' lang='lat' dir='ltr'>cum</span> <span class='ocrx_word' id='word_1_646' title='bbox 1726 2328 1792 2364; x_wconf 89' lang='lat' dir='ltr'>ipso</span> <span class='ocrx_word' id='word_1_647' title='bbox 1824 2330 1887 2359; x_wconf 86' lang='lat' dir='ltr'>Deo</span> 
     </span>
    </p>
   </div>
   <div class='ocr_carea' id='block_1_108' title="bbox 1043 2372 1888 2409">
    <p class='ocr_par' dir='ltr' id='par_1_108' title="bbox 1043 2372 1888 2409">
     <span class='ocr_line' id='line_1_108' title="bbox 1043 2372 1888 2409; baseline 0.004 -8"><span class='ocrx_word' id='word_1_648' title='bbox 1043 2373 1206 2409; x_wconf 82' lang='lat' dir='ltr'>conjungit,</span> <span class='ocrx_word' id='word_1_649' title='bbox 1223 2374 1309 2408; x_wconf 88' lang='lat' dir='ltr'>atque</span> <span class='ocrx_word' id='word_1_650' title='bbox 1339 2372 1470 2400; x_wconf 91' lang='lat' dir='ltr'>divinum</span> <span class='ocrx_word' id='word_1_651' title='bbox 1494 2372 1621 2401; x_wconf 81' lang='lat' dir='ltr'>favorem</span> <span class='ocrx_word' id='word_1_652' title='bbox 1640 2373 1789 2402; x_wconf 84' lang='lat' dir='ltr'>immittit.</span> <span class='ocrx_word' id='word_1_653' title='bbox 1804 2373 1888 2404; x_wconf 82' lang='lat' dir='ltr'>Sunt</span> 
     </span>
    </p>
   </div>
   <div class='ocr_carea' id='block_1_109' title="bbox 1043 2417 1884 2453">
    <p class='ocr_par' dir='ltr' id='par_1_109' title="bbox 1043 2417 1884 2453">
     <span class='ocr_line' id='line_1_109' title="bbox 1043 2417 1884 2453; baseline 0.001 -6"><span class='ocrx_word' id='word_1_654' title='bbox 1043 2427 1110 2447; x_wconf 87' lang='lat' dir='ltr'>vero</span> <span class='ocrx_word' id='word_1_655' title='bbox 1134 2418 1197 2446; x_wconf 63' lang='lat' dir='ltr'>alia:</span> <span class='ocrx_word' id='word_1_656' title='bbox 1223 2425 1340 2453; x_wconf 85' lang='lat' dir='ltr'>quoque</span> <span class='ocrx_word' id='word_1_657' title='bbox 1365 2417 1412 2445; x_wconf 90' lang='lat' dir='ltr'>his</span> <span class='ocrx_word' id='word_1_658' title='bbox 1442 2418 1609 2453; x_wconf 86' lang='lat' dir='ltr'>snperiores</span> <span class='ocrx_word' id='word_1_659' title='bbox 1639 2418 1775 2447; x_wconf 86' lang='lat' dir='ltr'>virtutes.</span> <span class='ocrx_word' id='word_1_660' title='bbox 1806 2419 1884 2448; x_wconf 71' lang='lat' dir='ltr'>Alia</span> 
     </span>
    </p>
   </div>
   <div class='ocr_carea' id='block_1_110' title="bbox 1045 2461 1883 2500">
    <p class='ocr_par' dir='ltr' id='par_1_110' title="bbox 1045 2461 1883 2500">
     <span class='ocr_line' id='line_1_110' title="bbox 1045 2461 1883 2500; baseline 0.001 -9"><span class='ocrx_word' id='word_1_661' title='bbox 1045 2463 1163 2500; x_wconf 86' lang='lat' dir='ltr'>quidem</span> <span class='ocrx_word' id='word_1_662' title='bbox 1175 2466 1314 2497; x_wconf 86' lang='lat' dir='ltr'>tanquam</span> <span class='ocrx_word' id='word_1_663' title='bbox 1333 2461 1514 2497; x_wconf 87' lang='lat' dir='ltr'>reliquarum</span> <span class='ocrx_word' id='word_1_664' title='bbox 1545 2462 1686 2490; x_wconf 79' lang='lat' dir='ltr'>virtutum</span> <span class='ocrx_word' id='word_1_665' title='bbox 1712 2463 1883 2500; x_wconf 81' lang='lat' dir='ltr'>exemplar,</span> 
     </span>
    </p>
   </div>
   <div class='ocr_carea' id='block_1_111' title="bbox 1046 2507 1883 2543">
    <p class='ocr_par' dir='ltr' id='par_1_111' title="bbox 1046 2507 1883 2543">
     <span class='ocr_line' id='line_1_111' title="bbox 1046 2507 1883 2543; baseline 0.001 -7"><span class='ocrx_word' id='word_1_666' title='bbox 1046 2508 1109 2536; x_wconf 63' lang='lat' dir='ltr'>aliis</span> <span class='ocrx_word' id='word_1_667' title='bbox 1124 2507 1282 2535; x_wconf 85' lang='lat' dir='ltr'>essentiam</span> <span class='ocrx_word' id='word_1_668' title='bbox 1295 2514 1413 2535; x_wconf 89' lang='lat' dir='ltr'>omnem</span> <span class='ocrx_word' id='word_1_669' title='bbox 1429 2507 1663 2535; x_wconf 87' lang='lat' dir='ltr'>transcendunt:</span> <span class='ocrx_word' id='word_1_670' title='bbox 1680 2507 1883 2543; x_wconf 67' lang='lat' dir='ltr'>quasquidem</span> 
     </span>
    </p>
   </div>
   <div class='ocr_carea' id='block_1_112' title="bbox 1045 2551 1883 2586">
    <p class='ocr_par' dir='ltr' id='par_1_112' title="bbox 1045 2551 1883 2586">
     <span class='ocr_line' id='line_1_112' title="bbox 1045 2551 1883 2586; baseline 0 -6"><span class='ocrx_word' id='word_1_671' title='bbox 1045 2561 1102 2580; x_wconf 89' lang='lat' dir='ltr'>non</span> <span class='ocrx_word' id='word_1_672' title='bbox 1114 2553 1183 2579; x_wconf 91' lang='lat' dir='ltr'>sunt</span> <span class='ocrx_word' id='word_1_673' title='bbox 1193 2551 1619 2586; x_wconf 87' lang='lat' dir='ltr'>accidentia,quemadmodum</span> <span class='ocrx_word' id='word_1_674' title='bbox 1629 2553 1738 2579; x_wconf 64' lang='lat' dir='ltr'>caetera!</span> <span class='ocrx_word' id='word_1_675' title='bbox 1749 2551 1883 2581; x_wconf 67' lang='lat' dir='ltr'>virtutes</span> 
     </span>
    </p>
   </div>
   <div class='ocr_carea' id='block_1_113' title="bbox 1045 2595 1884 2634">
    <p class='ocr_par' dir='ltr' id='par_1_113' title="bbox 1045 2595 1884 2634">
     <span class='ocr_line' id='line_1_113' title="bbox 1045 2595 1884 2634; baseline -0.001 -8"><span class='ocrx_word' id='word_1_676' title='bbox 1045 2597 1130 2626; x_wconf 87' lang='lat' dir='ltr'>nobis</span> <span class='ocrx_word' id='word_1_677' title='bbox 1146 2595 1294 2626; x_wconf 20' lang='lat' dir='ltr'>accidere.</span> <span class='ocrx_word' id='word_1_678' title='bbox 1311 2595 1427 2624; x_wconf 87' lang='lat' dir='ltr'>solent:</span> <span class='ocrx_word' id='word_1_679' title='bbox 1452 2596 1502 2624; x_wconf 89' lang='lat' dir='ltr'>sed</span> <span class='ocrx_word' id='word_1_680' title='bbox 1532 2595 1755 2631; x_wconf 85' lang='lat' dir='ltr'>intellectuales,</span> <span class='ocrx_word' id='word_1_681' title='bbox 1786 2598 1884 2634; x_wconf 83' lang='lat' dir='ltr'>atque</span> 
     </span>
    </p>
   </div>
   <div class='ocr_carea' id='block_1_114' title="bbox 1044 2642 1466 2680">
    <p class='ocr_par' dir='ltr' id='par_1_114' title="bbox 1044 2642 1466 2680">
     <span class='ocr_line' id='line_1_114' title="bbox 1044 2642 1466 2680; baseline -0.009 -7"><span class='ocrx_word' id='word_1_682' title='bbox 1044 2642 1305 2680; x_wconf 87' lang='lat' dir='ltr'>superessentiales</span> <span class='ocrx_word' id='word_1_683' title='bbox 1322 2642 1466 2670; x_wconf 62' lang='lat' dir='ltr'>essentia.</span> 
     </span>
    </p>
   </div>
   <div class='ocr_carea' id='block_1_115' title="bbox 1347 2700 1571 2729">
    <p class='ocr_par' dir='ltr' id='par_1_115' title="bbox 1347 2700 1571 2729">
     <span class='ocr_line' id='line_1_115' title="bbox 1347 2700 1571 2729; baseline 0.004 -1"><span class='ocrx_word' id='word_1_684' title='bbox 1347 2702 1426 2728; x_wconf 88' lang='lat' dir='ltr'>CAP.</span> <span class='ocrx_word' id='word_1_685' title='bbox 1465 2700 1571 2729; x_wconf 89' lang='lat' dir='ltr'><strong>LXVII.</strong></span> 
     </span>
    </p>
   </div>
   <div class='ocr_carea' id='block_1_116' title="bbox 1099 2745 1822 2782">
    <p class='ocr_par' dir='ltr' id='par_1_116' title="bbox 1099 2745 1822 2782">
     <span class='ocr_line' id='line_1_116' title="bbox 1099 2745 1822 2782; baseline 0.003 -10"><span class='ocrx_word' id='word_1_686' title='bbox 1099 2747 1140 2773; x_wconf 87' lang='lat' dir='ltr'>De</span> <span class='ocrx_word' id='word_1_687' title='bbox 1151 2745 1299 2773; x_wconf 79' lang='lat' dir='ltr'>virtutibus</span> <span class='ocrx_word' id='word_1_688' title='bbox 1314 2745 1415 2781; x_wconf 69' lang='lat' dir='ltr'>quibus</span> <span class='ocrx_word' id='word_1_689' title='bbox 1443 2745 1522 2773; x_wconf 86' lang='lat' dir='ltr'>homo</span> <span class='ocrx_word' id='word_1_690' title='bbox 1550 2747 1687 2782; x_wconf 72' lang='lat' dir='ltr'>perfectus</span> <span class='ocrx_word' id='word_1_691' title='bbox 1716 2745 1822 2775; x_wconf 75' lang='lat' dir='ltr'>evadit.</span> 
     </span>
    </p>
   </div>
   <div class='ocr_carea' id='block_1_117' title="bbox 1077 2789 1886 2826">
    <p class='ocr_par' dir='ltr' id='par_1_117' title="bbox 1077 2789 1886 2826">
     <span class='ocr_line' id='line_1_117' title="bbox 1077 2789 1886 2826; baseline 0.002 -7"><span class='ocrx_word' id='word_1_692' title='bbox 1077 2791 1148 2819; x_wconf 86' lang='lat' dir='ltr'>Tres</span> <span class='ocrx_word' id='word_1_693' title='bbox 1160 2791 1230 2818; x_wconf 89' lang='lat' dir='ltr'>sunt</span> <span class='ocrx_word' id='word_1_694' title='bbox 1244 2789 1366 2817; x_wconf 72' lang='lat' dir='ltr'>virtutes</span> <span class='ocrx_word' id='word_1_695' title='bbox 1383 2789 1489 2825; x_wconf 85' lang='lat' dir='ltr'>quibus</span> <span class='ocrx_word' id='word_1_696' title='bbox 1500 2790 1588 2818; x_wconf 89' lang='lat' dir='ltr'>homo</span> <span class='ocrx_word' id='word_1_697' title='bbox 1604 2790 1754 2826; x_wconf 84' lang='lat' dir='ltr'>perfectus</span> <span class='ocrx_word' id='word_1_698' title='bbox 1768 2791 1886 2821; x_wconf 71' lang='lat' dir='ltr'>evadit:</span> 
     </span>
    </p>
   </div>
   <div class='ocr_carea' id='block_1_118' title="bbox 1042 2834 1886 2872">
    <p class='ocr_par' dir='ltr' id='par_1_118' title="bbox 1042 2834 1886 2872">
     <span class='ocr_line' id='line_1_118' title="bbox 1042 2834 1886 2872; baseline 0.001 -8"><span class='ocrx_word' id='word_1_699' title='bbox 1042 2835 1194 2868; x_wconf 83' lang='lat' dir='ltr'>sanctitas,</span> <span class='ocrx_word' id='word_1_700' title='bbox 1229 2842 1295 2870; x_wconf 65' lang='lat' dir='ltr'>qua</span> <span class='ocrx_word' id='word_1_701' title='bbox 1321 2834 1358 2863; x_wconf 83' lang='lat' dir='ltr'>ad</span> <span class='ocrx_word' id='word_1_702' title='bbox 1391 2835 1482 2864; x_wconf 84' lang='lat' dir='ltr'>Deum</span> <span class='ocrx_word' id='word_1_703' title='bbox 1513 2836 1672 2865; x_wconf 81' lang='lat' dir='ltr'>ascendere</span> <span class='ocrx_word' id='word_1_704' title='bbox 1710 2836 1886 2872; x_wconf 72' lang='lat' dir='ltr'>contendit,</span> 
     </span>
    </p>
   </div>
  </div>
