4052 6372
283 382 439 442 1193

1636 388 2036 451 THESAURI
2085 394 2231 454 LIB.
2282 400 2361 457 ΙΙ.

3539 424 3696 484 1194

281 514 450 585 quasi
473 514 724 627 thminis
743 516 1053 616 vitam-Deo
1075 532 1427 627 consecratis
1452 518 1926 627 :alterajustitia,
1960 526 2011 590 Α
2046 525 2337 627 p.sit?-sed
2385 534 2657 604 praeclare
2715 540 3016 597 nobiscum
3053 550 3278 617 agatur,
3314 549 3361 605 si
3397 567 3501 607 nos
3531 552 3695 627 ipsos

280 621 407 674 quis
438 604 612 659 rebus
650 605 996 661 necessariis
1030 606 1329 677 providet;
1393 608 1561 663 tertia
1623 610 1933 677 prudentia

280 709 407 764 quae
456 695 626 748 nobis
683 694 830 765 ipsis
887 694 1066 749 vitam
1127 696 1525 767 intelligentiae
1588 698 1929 770 perticipem

280 784 718 839 accommodare
772 785 989 839 studet.
1048 784 1192 840 Nam
1262 788 1547 841 sancitate
1619 804 1752 841 cum
1814 804 1930 842 uno

279 878 453 943 atque
511 890 645 928 cum
705 872 820 928 Deo
883 874 1298 946 conjungitnr:
1359 876 1586 945 iustitia
1646 893 1780 934 vero
1856 877 1929 932 iis

279 962 673 1032 providemus,
694 979 824 1032 quae
853 963 1128 1019 inferiora
1159 969 1327 1019 sunt:
1348 965 1659 1035 prudentia
1680 965 1928 1035 denique

276 1053 581 1106 scientiam
624 1052 975 1108 ineffabilem
1032 1055 1459 1125 consequimur.
1491 1059 1621 1109 Jam
1685 1056 1925 1111 moralis

274 1142 457 1195 virtus
488 1158 519 1196 a
544 1141 854 1211 prudentia
876 1143 1168 1197 exoritur:
1197 1159 1300 1198 nec
1333 1144 1690 1211 actione,sed
1728 1161 1922 1199 rerum

273 1244 381 1282 usu
415 1237 807 1300 comparatur.
844 1230 920 1285 Ea
970 1246 1139 1300 porro
1189 1232 1424 1287 virtutis
1484 1232 1760 1287 divinitas
1808 1238 1919 1301 est,

272 1324 335 1371 ut
378 1319 578 1373 omnia
629 1335 753 1389 quae
806 1326 946 1373 sunt
1006 1321 1063 1375 in
1120 1337 1317 1376 rerum
1376 1326 1586 1376 natura
1641 1327 1918 1392 permeet.

272 1413 369 1461 list
400 1407 554 1461 enim
589 1408 1530 1480 supercmlestis,snpermundana
1549 1417 1605 1465 et
1625 1412 1923 1466 mundana

269 1499 475 1552 virtus.
538 1497 681 1551 Item
741 1497 1179 1564 intellectualis,
1216 1500 1510 1564 animalis,
1554 1500 1817 1571 angelica
1866 1505 1922 1555 et

272 1587 546 1640 humana.

342 1678 436 1731 Est
467 1694 597 1731 vero
638 1677 953 1732 virtutibus
988 1695 1126 1733 suus
1157 1679 1326 1749 quasi
1363 1680 1510 1743 fons,
1564 1683 1734 1748 cujus
1790 1685 1915 1736 tum

268 1766 503 1821 demum
540 1766 849 1836 participes
882 1766 1189 1835 efﬁcimur,
1216 1784 1347 1822 cum
1383 1768 1718 1839 particulari
1755 1769 1919 1823 intel-

2039 614 2354 675 virtutibus
2387 622 2657 681 civilibus
2690 643 2970 688 exornare
2994 614 3312 704 possimus.

2687 746 2841 802 CAP.
2876 747 3036 803 LXX.

2626 854 2763 906 Item
2792 855 2856 908 de
2892 860 3102 913 animo.

2108 957 2313 1015 Anima
2368 964 2668 1022 rationalis
2705 973 2794 1023 est
2836 975 3088 1027 essentia
3148 977 3361 1046 tennis,
3422 984 3678 1039 materiai

2033 1051 2089 1101 et
2113 1048 2309 1103 formae
2332 1067 2559 1123 expers,
2593 1062 2765 1126 typus
2794 1065 2850 1113 et
2882 1059 3076 1132 imago
3113 1065 3229 1121 Dei.
3266 1068 3477 1124 Anima
3511 1088 3683 1141 porro

2033 1152 2065 1229 εξ
2143 1139 2359 1195 Grecis
2429 1142 2581 1213 ψυχὴ
2657 1145 2875 1202 dicitur
2940 1144 3031 1202 διὰ
3132 1151 3194 1204 τὸ
3281 1139 3682 1229 ψύχεινξῆτοι

2031 1218 2118 1277 διὰ
2147 1231 2246 1294 τῆς
2279 1227 2479 1290 οἰκείας
2518 1228 2783 1308 ἐνεργείας
2814 1240 3109 1304 ζωοποιεῖν
3148 1241 3211 1294 τὸ
3246 1218 3430 1314 orbita,
3465 1247 3571 1302 hoc
3602 1255 3689 1305 est

2032 1324 2337 1388 propterea
2386 1326 2535 1393 quod
2570 1340 2785 1396 corpus
2838 1329 3161 1401 refrigeret,
3219 1334 3562 1405 propriaque
3601 1356 3690 1395 ac-

2029 1406 2187 1461 tione
2218 1409 2487 1467 viviﬁcet.
2524 1413 2736 1468 Anima
2761 1418 3065 1473 rationalis
3129 1429 3215 1474 est
3268 1426 3500 1479 materia
3556 1443 3688 1482 con-

2028 1500 2193 1550 stans
2217 1499 2388 1566 actio,
2425 1518 2553 1572 qum
2586 1503 2827 1573 spiritus
2859 1506 3140 1564 beneﬁcio
3169 1512 3442 1582 sanguini
3481 1517 3686 1584 vitam,

2025 1585 2301 1654 calorem,
2357 1594 2414 1643 et
2455 1595 2675 1647 motum
2719 1596 3066 1666 suppeditat.
3114 1598 3245 1654 Vita
3301 1610 3496 1659 autem
3556 1606 3685 1659 ani-

2027 1676 2199 1730 malis
2230 1683 2317 1731 eat
2376 1678 2626 1735 facultas
2660 1683 2981 1741 materialis
3041 1691 3230 1743 activa
3260 1697 3316 1745 et
3374 1693 3680 1761 sensitive,

2024 1781 2141 1834 qua
2163 1782 2376 1836 corpus
2423 1773 2671 1824 constat.
2710 1771 2874 1829 Mens
2927 1776 3230 1833 rationalis
3287 1796 3498 1836 sensus
3562 1783 3677 1848 ille,

266 1854 510 1925 ligentia
538 1853 779 1926 longum
803 1855 1194 1925 valerejussa,
1219 1857 1640 1928 perfectissime
1669 1859 1914 1914 virtutes
1946 1891 1995 1954 B
2026 1870 2141 1924 quo
2174 1856 2428 1912 animam
2460 1861 2851 1917 immortalem
2898 1868 2954 1919 et
2983 1864 3388 1939 intelligentits
3435 1872 3678 1942 partici-

266 1961 469 1999 omnes
500 1944 894 2013 exsequimur.

876 2070 1028 2126 CAP.
1066 2071 1309 2127 LXVIII.

270 2193 341 2248 De
416 2192 731 2260 virtutibus,
786 2202 835 2249 et
909 2211 1110 2283 eorum
1161 2196 1370 2265 ﬁnibus
1426 2195 1816 2271 μετριοπάθεια
1869 2205 1920 2253 et

979 2276 1207 2329 ἀπάθεια

341 2362 609 2418 Civilium
644 2364 878 2435 quidem
907 2365 1322 2432 virtutum,seu
1343 2366 1629 2422 exteriora
1655 2366 1919 2422 hominis

272 2452 682 2506 exornantium
719 2451 1132 2526 μετριοπάθεια,
1156 2471 1258 2509 seu
1292 2455 1661 2510 aﬂ'ectionum
1689 2457 1917 2524 modus,

272 2542 536 2605 ﬁnisest,
572 2559 699 2612 quae
752 2541 990 2613 quidem
1054 2546 1123 2598 ad
1183 2544 1505 2601 humanam
1558 2548 1916 2613 societatem,

273 2648 399 2704 quas
431 2650 465 2686 a
523 2633 737 2686 damno
786 2633 995 2688 vicinis
1039 2632 1342 2689 inferendo
1392 2638 1572 2703 cavet,
1637 2639 1919 2706 tanquam

272 2722 342 2776 ad
368 2737 609 2792 scopum
640 2720 1043 2793 respicientes,
1076 2739 1110 2776 a
1135 2722 1581 2792 congregatione
1601 2729 1922 2795 mutuaque

273 2809 674 2865 benevolentia
703 2810 901 2866 civiles
934 2810 1690 2883 dicuntur.Purgativarum
1724 2818 1919 2869 autem

274 2900 553 2954 virtutum
590 2899 720 2953 ﬁnis
753 2897 1030 2967 ἂπάθεια,,
1064 2918 1164 2956 seu
1200 2901 1620 2973 impatibilitas.
1656 2905 1922 2958 Contem-

275 2988 626 3059 plativarum
664 3006 832 3061 porro
864 2990 963 3045 Dei
1007 2990 1371 3047 assimilatio.
1406 2994 1593 3063 Atque
1623 2992 1738 3048 alio
1794 2994 1920 3063 qui-

274 3078 405 3133 dem
456 3079 627 3133 modo
672 3079 1080 3149 temperantia,
1132 3081 1462 3151 prudentia,
1518 3083 1820 3148 fortitudo,
1867 3085 1925 3137 et

267 3167 502 3238 justitia
542 3167 601 3222 in
650 3168 966 3223 virtutibus
1019 3168 1312 3239 civilibus,
1342 3169 1453 3225 alio
1486 3171 1543 3225 in
1579 3172 1921 3242 purgativis,

275 3256 387 3313 alio
400 3256 651 3327 denique
668 3256 722 3311 in
740 3258 1208 3330 contemplativis
1229 3259 1915 3315 considerantur.Rerum

276 3345 430 3401 enim
452 3346 853 3414 subjectarum
877 3347 1345 3415 modi,virtutum
1371 3364 1600 3418 quoque
1625 3351 1925 3405 facultates

278 3434 676 3489 nominantur.
712 3434 777 3488 Et
808 3435 908 3505 qui
940 3436 1263 3505 majoribus
1297 3440 1573 3506 praeditus
1625 3450 1707 3491 est
1742 3439 1921 3493 virtu-

276 3525 458 3589 tibus,
493 3524 646 3578 idem
690 3532 743 3577 et
804 3524 1127 3579 minoribus
1171 3526 1449 3596 praeditus
1494 3531 1601 3581 est.
1654 3528 1759 3590 Qui
1794 3544 1925 3583 vero

279 3613 608 3667 minoribus
639 3613 977 3679 caret,idem
1013 3615 1334 3683 majoribus
1368 3631 1598 3687 quoque
1630 3615 1925 3683 caret,nisi

280 3702 351 3758 ad
382 3701 514 3758 illas
547 3702 899 3773 proﬁciendo
929 3703 1227 3760 ascendat.

921 3826 1068 3882 CAP.
1100 3827 1284 3883 LXIX.

355 3956 427 4009 De
454 3954 776 4011 virtutibus.
812 3958 920 4012 Deo
949 3956 1162 4013 similes
1216 3960 1391 4014 variis
1416 3959 1592 4015 modis
1619 3959 1926 4030 efﬁcimur.

355 4080 482 4136 Non
515 4097 632 4136 una
662 4083 981 4150 eademque
1014 4099 1256 4139 numero
1308 4084 1406 4139 Dei
1441 4084 1761 4140 similitudo
1820 4091 1929 4157 est,

284 4169 403 4223 imo
453 4170 692 4224 diversas
725 4176 884 4225 sunt.
920 4170 1009 4225 Illi
1057 4172 1212 4226 enim
1275 4172 1494 4227 similes
1524 4173 1827 4229 evadimus
1874 4181 1929 4229 et

287 4257 541 4312 civilium
602 4257 882 4312 beneﬁcio
913 4258 1216 4326 virtutum,
1252 4262 1353 4315 sed
1414 4262 1723 4316 obscurius
1755 4269 1932 4333 atque

286 4343 1183 4415 tenebricosius.Purgativarum
1209 4363 1440 4417 quoque
1464 4349 1742 4404 beneﬁcio
1775 4351 1934 4405 simi-

298 4431 385 4486 les
418 4430 501 4485 illi
557 4432 868 4498 efﬁcimur,
911 4434 1011 4488 sed
1070 4436 1425 4506 expressius.
1456 4438 1932 4510 Contemplativss

283 4520 522 4592 insuper
553 4538 661 4577 nos
691 4522 741 4577 ei
775 4523 1000 4579 similes
1031 4523 1312 4592 efﬁciunt,
1346 4528 1445 4581 sed
1483 4527 1655 4582 etiam
1693 4528 1929 4583 clarius.

2028 1959 2159 2014 pem
2221 1947 2706 2019 contemplamur.
2760 1953 2926 2018 Item,
2981 1970 3143 2011 mens
3198 1962 3287 2013 est
3336 1959 3678 2032 incorporea

2027 2034 2200 2101 visio,
2233 2053 2359 2107 quas
2392 2037 2539 2092 citra
2569 2037 2826 2095 laborem
2848 2042 3044 2099 omnia
3075 2060 3205 2116 quas
3238 2056 3375 2102 sunt
3396 2047 3455 2103 in
3480 2066 3677 2107 rerum

2028 2128 2238 2179 natura
2269 2125 2567 2182 discurrit.

2650 2222 2802 2276 CAP.
2852 2222 3046 2279 LXXI.

2033 2332 2113 2383 De
2142 2330 2477 2417 animarum”
2497 2333 2811 2417 incertiora
2852 2338 3253 2417 insinuatione.
3300 2342 3677 2417 Philosophiae

2350 2403 2697 2473 difﬁcillima
2724 2422 2953 2479 quaeque
2970 2411 3173 2479 {acilia
3197 2419 3350 2469 sunt.

2107 2516 2321 2574 Modus
2348 2538 2462 2591 quo
2495 2523 2698 2578 animus
2727 2524 2785 2579 in
2817 2541 3059 2596 corpora
3119 2527 3521 2601 insinuantur,
3557 2549 3679 2603 per-

2029 2606 2165 2661 inde
2225 2613 2399 2679 atque
2452 2610 2521 2680 is,
2574 2629 2688 2683 quo
2748 2611 2885 2668 hinc
2953 2617 3169 2671 eadem
3232 2636 3265 2673 a
3336 2622 3681 2692 corporibus

2034 2695 2440 2754 dissolvuntur
2469 2704 2571 2755 aut
2620 2707 2990 2773 separantur,
3021 2710 3079 2759 et
3127 2707 3536 2780 ambiguitatis
3586 2728 3683 2768 re-

2036 2785 2412 2854 fertissimus,
2441 2793 2496 2843 et
2554 2791 2788 2860 cognitu
2830 2792 3217 2850 difﬁcillimus
3271 2803 3380 2853 est.
3414 2800 3677 2863 Quonam

2032 2874 2184 2929 enim
2217 2876 2388 2931 modo
2421 2877 2610 2948 prima
2642 2880 2743 2934 illa
2763 2879 3185 2939 elementorum
3222 2893 3680 2957 temperamenla

2030 2963 2089 3017 in
2140 2964 2310 3020 nobis
2368 2965 2514 3037 ipsis
2560 2967 2828 3035 coierint,
2875 2988 3044 3027 nemo
3106 2979 3196 3029 est
3252 2978 3544 3045 omnium,
3577 2980 3677 3050 qui

2033 3054 2389 3110 meminerit.
2416 3059 2701 3113 Prasterea
2732 3058 2831 3114 illa
2876 3061 3249 3134 singulorum
3293 3065 3685 3123 animantium

2034 3142 2339 3198 dissolutio
2372 3145 2865 3216 futuris,necdurn
2899 3149 3271 3218 factis,rebus
3316 3160 3679 3215 accensetur.

1960 3242 2002 3308 ο
2032 3233 2138 3298 Qui
2176 3234 2294 3289 ﬁeri
2328 3253 2464 3307 ergo
2509 3241 2720 3309 potest,
2756 3243 2817 3294 ut
2864 3256 3066 3296 eorum
3107 3241 3252 3299 ratio
3296 3261 3328 3299 a
3381 3261 3677 3318 quoquam

2032 3325 2331 3394 reddatur,
2387 3345 2636 3400 quorum
2684 3345 2790 3386 nec
2848 3332 3137 3403 meminit,
3189 3351 3293 3391 nec
3354 3338 3681 3406 periculum

2032 3418 2207 3473 fecit?
2235 3417 2449 3473 Verum
2483 3420 2776 3475 enimvero
2808 3420 2945 3492 quia
2978 3422 3122 3477 nihil
3148 3429 3266 3479 tam
3290 3428 3541 3483 arduum
3570 3435 3679 3501 est,

2035 3508 2188 3577 quod
2225 3506 2597 3579 philosophia
2619 3510 2881 3580 improbo
2913 3509 3110 3566 labore
3143 3529 3255 3567 non
3289 3515 3538 3584 evincat,
3562 3518 3681 3576 imo

2036 3611 2168 3649 vero
2200 3596 2249 3650 ei
2280 3595 2435 3650 dictu
2474 3598 2666 3653 facilia
2697 3604 2857 3667 sunt,
2889 3616 3016 3670 quae
3050 3599 3198 3656 alias
3239 3603 3602 3662 ineffabilia:
3627 3612 3686 3663 et

2036 3685 2325 3753 explicato
2362 3685 2661 3755 facillima,
2695 3704 2821 3759 quae
2869 3687 3141 3745 intricata
3176 3693 3425 3747 maxime
3455 3694 3687 3766 perple-

2035 3791 2223 3844 xaque
2255 3774 2502 3844 videtur,
2554 3775 2771 3830 idcirco
2821 3777 2893 3832 ab
2943 3777 3048 3833 illa
3102 3796 3301 3835 eorum
3352 3782 3423 3837 de
3470 3782 3684 3854 quibus

2037 3861 2344 3919 addubitas
2368 3862 2691 3920 solutiones
2728 3864 2830 3921 tibi
2867 3869 3206 3923 mutuandae
3236 3874 3393 3924 sunt.

2642 3972 2800 4027 CAP.
2845 3973 3074 4030 LXXII.

2040 4078 2285 4144 Quatuor
2304 4078 2577 4149 exemplis
2606 4080 2924 4154 animarum
2956 4082 3012 4135 in
3043 4096 3277 4154 corpora
3306 4085 3688 4143 insinuatione

2665 4151 3080 4207 demonstratur

2115 4259 2414 4330 ltaque(ut
2439 4256 2549 4311 hoc
2582 4257 2769 4327 primo
2792 4259 3197 4331 expediamus)
3234 4261 3688 4319 insinuationem

2043 4350 2201 4405 illam
2251 4348 2581 4403 animarum
2611 4346 2670 4399 in
2704 4363 2947 4418 corpora
2993 4364 3130 4404 cave
3181 4366 3524 4422 corpoream
3571 4352 3692 4408 exi-

2042 4440 2248 4494 stimes
2279 4441 2381 4492 aut
2411 4435 2669 4490 animam
2701 4452 2831 4506 qua:
2861 4452 3113 4507 superne
3142 4439 3698 4504 dimittitur,neces-

2043 4526 2197 4583 sario
2230 4526 2298 4579 ad
2333 4541 2545 4594 corpus
2567 4524 2872 4594 applicari,
2908 4531 3012 4580 aut
3037 4527 3314 4584 diuturno
3345 4529 3403 4583 in
3440 4528 3500 4583 id
3530 4535 3693 4585 motu

287 4611 643 4667 Deiﬁcativis
675 4612 928 4683 denique
958 4614 1269 4670 virtutibus
1328 4622 1442 4671 Deo
1474 4618 1699 4674 similes
1751 4618 1932 4674 efﬁci-
1965 4613 2012 4677 D
2050 4614 2348 4686 inspirari,
2382 4618 2486 4668 aut
2514 4611 2740 4668 inferne
2769 4613 2921 4668 trahi
2958 4614 3293 4686 aspirative,
3316 4627 3415 4672 aut
3465 4633 3535 4671 ex
3563 4633 3697 4672 aere

288 4715 439 4769 mur,
488 4718 589 4772 per
632 4716 779 4772 quas
821 4718 956 4758 vere
1010 4704 1249 4760 demum
1320 4707 1775 4777 praestantiorem
1842 4709 1939 4764 Dei

285 4789 736 4846 similitudinem
760 4794 1547 4862 consequimur.Animarum
1568 4797 1725 4851 enim
1749 4799 1940 4868 expia-

284 4880 386 4949 tio,
421 4885 476 4935 et
516 4897 716 4935 eorum
770 4896 895 4951 quas
942 4888 1079 4937 sunt
1130 4882 1564 4955 contemplatio,
1627 4903 1740 4942 non
1776 4886 1938 4941 omni

287 4986 354 5024 ex
390 4975 549 5039 parte
573 4974 686 5024 Deo
718 4979 857 5025 sunt
887 4970 1129 5027 similes.

362 5058 463 5113 Ille.
499 5058 656 5113 enim
689 5058 1073 5130 expiationem
1109 5077 1336 5116 omnem
1374 5069 1429 5118 et
1487 5065 1940 5136 contemplatio-

288 5164 421 5203 nem
474 5153 804 5220 exsuperat.
837 5149 948 5204 Sed
1010 5150 1258 5206 facultas
1322 5152 1442 5222 illa,
1476 5170 1604 5223 quae
1638 5154 1939 5210 hominem

287 5235 541 5303 dciﬁcat,
578 5237 832 5293 materiae
865 5238 1162 5301 subducit.
1198 5244 1374 5311 atque
1401 5245 1474 5296 ab
1507 5242 1811 5299 effectibus
1858 5245 1942 5299 ita

287 5324 515 5395 liberat,
569 5333 635 5383 ut
690 5326 937 5384 alterum
987 5329 1187 5384 eadem
1253 5331 1615 5387 tloificatione
1669 5340 1943 5402 praestare

291 5412 630 5485 possit,illa,
652 5415 1338 5490 inquam,perfectissima
1363 5421 1463 5475 Dei
1487 5423 1813 5478 similitudo
1832 5428 1938 5478 est.

290 5501 384 5555 Ait
411 5502 566 5556 enim
599 5502 753 5561 Deus
784 5507 844 5561 in
878 5507 1203 5579 Evangeliis
1232 5526 1244 5564 :
1278 5511 1384 5574 Qui
1438 5516 1670 5581 separat
1730 5512 1943 5584 pretio-

290 5602 423 5643 sum
457 5587 808 5661 avili,quasi
842 5610 907 5649 os
932 5611 1126 5649 meum
1160 5596 1809 5669 erit.Viden,quomodo
1828 5602 1945 5657 dei-

292 5676 532 5733 ﬁcativae
546 5679 743 5735 virtuti
760 5682 1131 5741 verissimam
1151 5686 1253 5743 Dei
1270 5688 1743 5748 similitudimem
1763 5692 1942 5749 ascri-

615 5814 871 5873 PATROL.
921 5814 1031 5873 Gn.
1079 5814 1396 5877 CXXXIX.

2050 4705 2197 4775 rapi,
2254 4707 2357 4757 aut
2407 4719 2505 4771 per
2581 4702 2837 4769 narium,
2890 4703 2975 4756 vel
3032 4706 3313 4775 corporis,
3372 4703 3460 4759 vel
3517 4708 3696 4760 etiam

2050 4796 2302 4849 incertos
2331 4792 2477 4847 alios
2521 4790 2807 4861 quosdam
2844 4796 3098 4857 meatus,
3151 4809 3264 4847 non
3299 4809 3468 4849 secus
3518 4798 3697 4866 atque

2052 4899 2152 4955 per
2183 4882 2470 4953 quaedam
2503 4881 2676 4947 fores,
2712 4879 2939 4949 ingredi
2974 4881 3285 4949 putes.Nec
3309 4881 3405 4937 illa
3439 4882 3697 4939 hominis

2051 4973 2292 5044 agitatio
2322 4967 2540 5026 similia
2570 4969 2866 5024 similibus
2888 4984 3194 5040 aggerens,
3228 4971 3456 5026 animas
3479 4971 3537 5026 in
3572 4988 3699 5028 cor-

2052 5078 2194 5133 pora
2250 5057 2532 5114 detrudit.
2593 5060 2708 5111 Nec
2766 5056 3017 5112 ccslestis
3068 5058 3332 5128 inﬂuxio,
3364 5061 3436 5116 ab
3476 5063 3700 5117 oriente

2052 5151 2393 5223 procedens,
2427 5147 2661 5202 easdem
2698 5153 2890 5218 urget,
2921 5146 3144 5204 introve
3174 5148 3371 5220 pellit:
3406 5167 3509 5206 nec
3541 5151 3697 5207 enim

2052 5240 2251 5296 anima
2281 5242 2559 5307 tanquam
2593 5252 2661 5290 ex
2692 5239 3065 5305 apostemate,
3099 5242 3200 5292 aut
3220 5254 3477 5307 secessu,
3515 5255 3704 5310 neque

2054 5330 2419 5395 circuitione,
2448 5341 2636 5395 neque
2676 5342 2735 5378 se
2766 5324 3051 5395 paulatim
3082 5329 3364 5384 movendo
3396 5328 3468 5383 ad
3491 5344 3705 5399 corpus

2053 5417 2317 5491 appellit,
2350 5415 2520 5486 eique
2577 5413 2975 5486 conjungitnr.
3010 5415 3116 5471 Sed
3153 5418 3244 5488 (ut
3274 5433 3396 5472 rem
3438 5416 3710 5490 exemplis

2054 5504 2891 5575 illustrem)quemadmodum
2926 5521 2956 5561 e
3013 5504 3193 5561 nihilo
3238 5521 3586 5578 progressus
3637 5508 3710 5563 ad

2053 5616 2249 5656 rerum
2285 5601 2557 5651 naturam
2593 5595 2715 5650 ﬁeri
2750 5595 2916 5665 solet,
2940 5596 3021 5652 ita
3048 5597 3222 5653 etiam
3256 5596 3419 5653 illam
3455 5599 3718 5655 conferta

2052 5690 2231 5747 simul
2263 5692 2321 5744 et
2342 5685 2470 5741 sine
2504 5689 2665 5739 motu
2698 5687 2982 5757 procedit.

3315 5813 3392 5873 38
