2026 3188
186 196 263 228 1195

847 185 1001 219 ΝΙΟΕΤΔΞ
1023 184 1243 221 CHONIATJE.

1821 188 1908 218 1196

223 261 256 290 Et
272 257 520 295 quemadmodum
532 264 547 283 a
564 254 633 284 solis
649 255 714 284 ortu
738 253 845 283 cuncta
858 252 921 283 Eine
946 250 1006 281 ulla
1023 251 1048 284 Α
1063 251 1226 285 quastione
1241 252 1400 288 proposita,
1414 252 1457 280 vel
1474 252 1510 279 ab
1525 252 1672 288 apostolis
1689 253 1849 287 traditum,
1862 253 1910 281 vel

186 313 268 333 mora
279 304 475 334 illustrantur,
488 303 515 328 et
531 301 558 327 in
576 298 680 335 primis
696 297 811 332 aer,qu
830 305 881 325 nos
898 296 1008 325 ambit:

186 348 435 387 quemadmodum
453 347 519 374 item
549 345 662 372 chordas
686 344 715 370 in
746 343 855 370 ﬁdibus
878 350 930 369 suo
946 341 1008 387 loco

188 394 347 430 dispositae,
373 392 488 420 etiamsi
526 390 611 426 paulo
648 389 766 424 longius
790 390 908 415 remotae
938 386 1011 419 sint,

190 449 247 468 una
275 442 373 466 tamen
399 445 461 464 cum
496 435 561 463 aliis
597 436 761 465 moventur,
792 433 1012 466 concentusque

188 484 344 521 participes
361 483 449 509 ﬁunt:
479 479 724 516 quemadmodum
751 477 878 512 denique
902 475 1012 504 Pbtbas

189 530 236 559 ille
250 529 299 565 qui
315 528 433 559 dicitur,
446 535 495 554 seu
508 525 667 558 Vulcanus,
680 524 718 551 ita
737 523 803 552 isne
814 521 1013 553 succenditur,

190 580 221 607 ut
249 573 441 601 intermedius
471 579 520 598 aer
554 578 611 598 non
640 569 828 599 exardesnat:
859 567 900 594 ita
927 566 1012 593 etiam

189 626 295 653 corpus
312 616 465 646 confertim
480 617 509 642 et
528 613 617 644 simul
639 613 675 640 ab
701 612 799 641 anima
816 610 1014 641 succenditur,

189 666 217 691 et
245 663 418 694 illustratur,
450 662 537 695 atque
559 657 749 687 facultatibus
780 658 841 690 ejus
876 655 1015 690 repletur,

190 710 218 736 et
231 707 267 735 iis
284 706 391 742 quibus
403 712 499 732 rerum
510 702 705 738 cognitionem
730 701 920 736 adipiscatur,
937 702 966 727 et
981 699 1016 726 iis

192 753 300 788 quibus
322 751 377 778 sibi
392 748 488 778 simile
502 749 684 783 progeneret.

229 797 287 825 Nec
314 803 382 825 vero
405 794 455 821 illa
480 792 621 829 paulatim
652 798 703 827 per
730 789 861 825 corporis
885 789 1019 817 membra

192 841 381 872 diffunditur,
410 845 505 873 neque
536 844 585 864 cor
615 836 742 870 primum
764 837 814 863 aut
839 833 939 869 bepar,
969 838 1021 863 aut;

192 886 348 914 cerebrum
361 886 493 918 occupat,
507 881 636 915 indeque
651 887 701 915 per
716 882 834 906 caeteras
852 881 948 913 partes
963 877 1018 908 dit".

194 930 276 958 ﬂuit:
304 929 353 956 sed
371 927 459 957 simul
490 925 660 953 universum
691 923 886 959 amplectitur,
904 926 931 951 et
955 930 1021 950 con-

196 975 269 1002 ferto
303 973 416 1001 lumine
446 971 583 1000 illustrat.
600 970 742 997 Caeterum
772 967 887 995 vincula
911 966 1018 1002 quibus

195 1019 312 1054 corpori
329 1017 477 1053 alligatur,
495 1015 553 1042 hinc
569 1016 647 1041 sunt.
680 1013 860 1041 Harmonice:
879 1011 1019 1044 rationes,

196 1066 226 1091 et
242 1064 401 1090 formarum
419 1061 623 1087 decrementa:
654 1058 763 1093 quibus
792 1058 823 1084 ﬁt
840 1058 871 1084 ut
899 1059 927 1084 et
952 1056 1020 1084 uni-

196 1117 290 1142 versa,
317 1112 343 1135 et
370 1104 529 1141 singularis
559 1106 673 1136 natura,
690 1102 794 1130 deinde
815 1102 877 1137 ipse
901 1109 1019 1136 quoquo

198 1162 294 1182 sermo
305 1151 516 1183 enuntiativns,
529 1149 625 1177 animo
637 1151 804 1188 conceptus,
819 1149 847 1175 et
863 1148 1018 1183 perfectus,

200 1199 299 1227 adhaac
316 1198 379 1233 ipsa
400 1198 498 1224 torium
519 1193 709 1226 continuitas,
727 1202 784 1223 una
800 1200 866 1223 cum
892 1191 1020 1227 corporis

200 1242 362 1280 aptitudins
378 1240 570 1268 validioribus
594 1238 723 1265 cedentis
740 1237 940 1271 l‘alcutatibus,
962 1244 1019 1263 non

199 1296 302 1325 parum
320 1288 348 1315 in
366 1287 427 1313 dies
448 1285 674 1312 imminuantur.
693 1283 723 1309 In
759 1282 821 1317 ipso
853 1290 937 1317 porro
952 1289 1019 1308 con-

198 1342 285 1361 cursu
304 1334 461 1367 operantur
476 1329 646 1364 angelorum
664 1327 919 1363 praefecturamque:
933 1325 1021 1353 simul

199 1385 300 1406 omnes
328 1377 457 1404 animam
477 1382 542 1402 cum
561 1380 681 1408 corpore
705 1371 877 1407 disponunt,
898 1373 926 1398 et
951 1379 1019 1399 con-

197 1425 322 1450 servanl.

495 1463 571 1490 CAP.
592 1462 715 1490 LXXIII.

204 1513 241 1539 De
262 1514 423 1539 animarum
440 1508 598 1543 prwsertz’m
626 1508 794 1540 sanctarum,
820 1515 836 1531 ιι
863 1505 1021 1540 corporibus

553 1550 672 1577 egressu.

233 1594 321 1627 Atque
337 1591 383 1618 hic
400 1589 517 1624 quidem
535 1587 640 1614 modus
656 1588 709 1619 est,
727 1594 784 1620 quo
801 1585 903 1611 animo:
915 1585 944 1611 in
960 1593 1021 1611 cor-

200 1622 484 1672 pora'insinuantur.
501 1632 640 1666 Superest
656 1633 687 1656 ut
710 1638 776 1656 eum
801 1638 914 1664 quoque
945 1629 1018 1663 adji-
1040 1622 1061 1652 C

198 1681 283 1715 ciam,
297 1689 354 1715 quo
372 1678 487 1705 tandem
506 1686 520 1703 a
538 1675 709 1710 corporibus
725 1675 876 1702 excedunt.
896 1674 1022 1709 Angelus

198 1726 308 1761 itaque,
325 1727 355 1751 ut
372 1724 462 1754 aiunt,
477 1722 522 1749 cui
540 1721 659 1756 quidem
679 1720 781 1746 animm
801 1720 932 1746 custodia
948 1720 1023 1746 divi—

198 1771 277 1797 nitus
287 1769 459 1796 demandata
467 1764 884 1801 est,dissolutionisoccasione
892 1767 1021 1799 accepta,

199 1815 279 1843 illam
307 1812 495 1841 intellectus“
529 1811 639 1837 lumine
668 1809 854 1836 ineti’abiliter
883 1809 1021 1842 illustrat,

197 1867 323 1895 moxque
347 1857 539 1885 deintiscente
568 1863 697 1889 corpore,
716 1863 767 1881 nec
787 1854 850 1889 jam
872 1854 950 1881 illius
973 1862 1021 1881 ca-

196 1913 265 1941 pace
281 1903 363 1939 (quia
388 1902 525 1928 nimirum
543 1899 686 1935 pristinus
716 1898 764 1925 ille
788 1900 946 1925 concentus
959 1899 1021 1933 jam

196 1949 358 1977 dissolutus
371 1950 424 1981 est,
437 1946 673 1979 tiarmoniczeque
690 1943 817 1970 rationes
834 1952 863 1970 se
881 1943 1020 1978 paulatim

196 1994 412 2026 subduxerunt)
429 1992 457 2018 in
471 1999 562 2017 unum
579 1989 718 2024 congerit,
732 1993 757 2014 et
774 1988 810 2014 ad
840 1987 894 2014 sibi
921 1996 1022 2022 cogna-

196 2042 255 2067 tam
272 2039 365 2066 lucem
383 2036 515 2064 retrahit.
535 2037 627 2069 Atque
644 2034 678 2060 ab
701 2033 755 2060 hac
780 2032 904 2067 caligine
930 2035 1021 2060 mate-

197 2084 260 2112 riali
276 2087 404 2118 ereptam
423 2080 575 2117 prmlucidn
598 2078 721 2106 materia
737 2078 877 2112 impertit,
896 2079 1021 2113 ignrque

196 2130 294 2157 divino
306 2128 405 2163 replet.
420 2127 476 2153 Nec
492 2133 557 2152 vero
574 2124 626 2151 tibi
644 2131 721 2150 nunc
738 2131 871 2157 quaenam
899 2131 960 2150 mea
986 2124 1020 2149 «te

195 2173 344 2201 variarum
363 2171 527 2198 animarum
537 2169 614 2196 exitu
631 2167 776 2195 sententia
790 2167 1019 2200 sit,edisseram:

195 2217 250 2245 sed
267 2225 343 2250 eam,
360 2224 423 2251 quas
439 2215 551 2249 optima
575 2213 700 2244 videtur,
717 2212 885 2240 accuratius
910 2212 1019 2239 exsuli--

194 2262 278 2289 nabo.
295 2259 547 2292 Quemadmodum
564 2265 632 2292 ergo
661 2255 896 2291 comprehensim
926 2259 954 2283 et
968 2265 1017 2284 cu-

1065 296 1100 323 ab
1113 294 1182 324 ullis
1197 295 1261 323 aliis
1276 296 1386 324 sanctis
1404 297 1542 325 Patribus
1558 298 1739 333 accepimus,
1754 303 1908 333 quantum

1066 347 1100 368 ex
1117 339 1233 370 illorum
1261 340 1381 376 scriptis
1411 342 1547 376 colligere
1573 350 1702 377 possum.
1721 345 1907 373 Nostrorum

1067 392 1135 420 ergo
1158 385 1302 420 nonnulli,
1319 386 1370 421 qui
1401 395 1435 414 ea
1466 395 1529 422 quae
1557 387 1731 415 sublimiora
1762 388 1911 415 videntur

1068 430 1210 464 sagaciori
1223 431 1365 465 persecuti
1383 435 1452 459 sunt
1470 431 1618 467 indagine,
1635 440 1737 459 semen
1761 432 1909 465 animari,

1068 482 1135 505 cum
1152 475 1279 509 primum
1293 476 1384 503 vulvae
1408 476 1548 511 injectum
1566 479 1620 510 est,
1649 479 1828 504 constanter
1859 486 1906 504 as-

1069 526 1165 549 serere
1181 526 1236 546 non
1255 520 1482 550 addubitarunt:
1514 521 1555 548 ita
1581 523 1612 547 ut
1640 521 1770 556 partium
1802 523 1909 548 neutra

1070 563 1309 598 compositionem
1327 566 1378 591 aut
1395 565 1548 600 praecedat,
1564 567 1614 592 aut
1628 565 1849 601 subsequatur.

1105 610 1269 638 Griacorum
1284 612 1382 637 autem
1399 610 1577 645 sapientium
1593 611 1746 638 nonnullis
1763 611 1899 647 embryo-

1072 661 1134 686 nos,
1150 661 1201 682 seu
1213 653 1402 689 imperfectus
1416 655 1445 682 in
1464 657 1547 682 utero
1572 656 1648 683 fetus
1668 655 1770 684 statim
1795 658 1832 683 ab
1856 657 1905 684 illa

1072 697 1254 728 int'ormisua
1270 699 1362 726 forma
1390 699 1516 727 animari
1535 699 1655 735 placuit.
1674 700 1748 728 Aliis
1785 702 1908 728 eosdem

1073 743 1143 771 tunc
1155 742 1280 773 animari
1305 743 1402 772 visum
1429 748 1483 777 est,
1507 752 1572 771 cum
1600 745 1722 779 jamjam
1751 745 1783 772 in
1805 749 1909 773 ventre

1075 787 1207 814 movendi
1224 790 1333 814 essent.
1351 788 1423 815 Aliis
1436 788 1517 820 item,
1541 797 1607 816 cum
1638 798 1654 816 a
1670 789 1758 817 vulva
1787 790 1912 818 divelle-

1074 833 1217 866 rentur,st
1228 832 1291 867 jam
1308 833 1343 860 ad
1360 832 1475 868 lapsum
1494 835 1647 869 partumve
1662 834 1910 869 disponerentur.

1076 876 1130 908 Qui
1148 876 1272 911 denique
1287 885 1347 905 rem
1364 877 1510 905 oculatius
1526 880 1553 906 et
1569 878 1697 913 penitius
1713 878 1815 907 rimati
1829 883 1913 913 sunt,

1076 929 1125 950 eos
1141 921 1241 951 statim
1252 924 1359 957 apartu
1371 922 1526 957 participes
1543 923 1648 950 animus
1656 925 1814 952 rationalis
1831 925 1914 952 efﬁci

1074 964 1220 1000 dixerunt,
1233 966 1324 1002 idque
1338 967 1584 1003 comprehcnsim,
1601 970 1742 1004 tanquam
1759 969 1786 996 si
1808 970 1913 997 divino

1075 1011 1303 1038 accenderentur
1327 1011 1449 1045 lumine,
1478 1014 1528 1039 aut
1561 1012 1597 1042 ad
1629 1013 1718 1040 vitam
1736 1014 1911 1041 inﬂamma-

1076 1057 1186 1082 rentur.
1203 1056 1337 1088 Qnandiu
1350 1058 1448 1083 autem
1470 1056 1549 1084 intra
1572 1057 1665 1084 vulvae
1685 1060 1770 1094 septa
1799 1058 1911 1093 clausi,

1076 1100 1218 1135 quasique
1228 1100 1357 1128 obserati
1383 1104 1513 1135 manent,
1527 1101 1563 1129 iis
1592 1102 1683 1130 vitam
1700 1102 1836 1138 quidem,
1856 1105 1910 1131 sed

1075 1151 1137 1171 eum
1155 1144 1316 1172 naturalem
1336 1148 1364 1172 et
1379 1145 1501 1173 rationis
1521 1154 1643 1181 prorsus
1672 1150 1824 1182 expertem
1858 1157 1911 1175 sn-

1076 1189 1197 1224 peditari
1227 1190 1442 1223 existimarunt,
1469 1193 1609 1226 tanquam
1640 1192 1738 1219 radice
1763 1194 1910 1228 quadam,

1076 1241 1141 1269 quos
1170 1234 1309 1261 umbilico
1337 1234 1438 1262 innixa
1477 1244 1564 1262 suum
1607 1236 1700 1264 vulvas
1728 1236 1910 1265 alimentum

1076 1284 1210 1315 suggerat
1227 1279 1386 1307 :animaiia
1401 1289 1467 1308 vero
1483 1288 1559 1315 esse,
1578 1281 1758 1310 nominative
1787 1283 1911 1317 debere,

1076 1324 1196 1351 intioiati
1226 1326 1304 1357 sunt,
1331 1333 1398 1352 cum
1443 1325 1673 1360 imperfectiores
1715 1326 1785 1361 sint,
1818 1336 1911 1363 quam

1076 1368 1122 1403 qui
1154 1368 1306 1396 divinioris
1331 1369 1435 1396 anima:
1467 1377 1588 1405 capaces
1618 1378 1682 1398 esse
1711 1375 1833 1406 queant.
1850 1372 1911 1399 Nec

1075 1413 1153 1440 enim
1172 1413 1321 1440 rationalis
1338 1413 1436 1441 animo
1465 1413 1574 1442 volucri
1603 1414 1711 1443 similis
1738 1418 1794 1449 est,
1809 1420 1842 1444 ut
1874 1418 1906 1444 in

1076 1458 1200 1493 quodvis
1216 1458 1423 1494 corpusculum
1443 1458 1540 1487 vivum
1557 1461 1667 1487 temere
1698 1462 1911 1496 protundatur,

1076 1504 1135 1530 sive
1159 1503 1316 1530 inhabitet:
1343 1503 1395 1531 sed
1418 1512 1483 1531 cum
1514 1505 1640 1539 primum
1667 1505 1816 1539 idoneum,
1843 1507 1910 1534 sui-

1076 1556 1132 1583 que
1161 1557 1250 1583 capax
1282 1549 1417 1582 occurrit,
1447 1549 1470 1576 ei
1502 1558 1565 1577 mox
1589 1550 1731 1578 inetfabili
1755 1559 1907 1579 concursu

1078 1596 1211 1623 cohaeret.

1387 1642 1461 1669 CAP.
1482 1642 1585 1669 LXXV.

1077 1704 1216 1739 Quomodo
1259 1705 1389 1740 coibryon
1430 1706 1459 1767 2'?
1504 1709 1580 1768 altera
1623 1707 1762 1736 moveatur
1792 1709 1817 1737 οι
1845 1713 1911 1735 coa-

1454 1749 1536 1768 esca.

1454 1749 1536 1768 esrat.

1112 1798 1175 1825 Jain
1199 1806 1277 1830 vero,
1294 1798 1342 1833 qui
1361 1798 1422 1826 ﬁeri
1450 1799 1540 1833 possit
1566 1801 1598 1829 ut
1627 1799 1712 1828 vivus
1735 1799 1861 1834 embryo
1879 1800 1912 1827 in

1076 1842 1138 1869 loco
1164 1842 1285 1869 humido
1315 1842 1480 1871 coalescat?
1499 1844 1641 1878 Itemque,
1668 1851 1738 1872 cum
1763 1852 1796 1872 os
1821 1845 1850 1872 ei
1881 1848 1914 1873 et

1076 1895 1161 1913 nares
1177 1887 1349 1914 obturentur
1364 1890 1392 1914 et
1407 1887 1610 1922 occludantur,
1633 1896 1776 1923 quonam,
1793 1897 1913 1924 quaeso,

1077 1932 1162 1958 modo
1180 1931 1343 1966 respiraret.
1361 1931 1385 1958 si
1413 1932 1479 1967 quis
1504 1932 1543 1960 ibi
1567 1941 1658 1968 purus
1676 1941 1726 1960 aer
1741 1934 1847 1961 esset?
1876 1936 1915 1962 At

1076 1976 1272 2002 animatarnm
1299 1976 1421 2003 vitai-um
1447 1977 1474 2004 in
1503 1977 1562 2005 illis
1586 1977 1705 2010 indicia,
1723 1980 1756 2005 ut
1776 1978 1877 2011 aiunt,
1897 1988 1915 2006 a

1076 2020 1204 2048 motibus
1231 2020 1457 2055 baudquaquaui
1480 2023 1597 2056 petenta
1632 2025 1714 2050 sunt.
1750 2022 1796 2051 Illi
1828 2023 1911 2051 enim

1077 2075 1127 2093 nec
1144 2066 1307 2102 phantasia,
1326 2075 1377 2094 nec
1411 2067 1471 2095 ulla
1501 2067 1591 2099 subiti
1616 2068 1738 2099 affectus
1766 2069 1913 2098 facultate

1076 2112 1168 2139 fiunt:
1186 2112 1235 2138 sed
1266 2112 1306 2139 ita
1333 2115 1498 2145 moventur,
1515 2117 1545 2140 ut
1574 2113 1782 2145 intestinorum
1820 2114 1915 2143 invol-

1076 2156 1145 2188 vuli,
1175 2161 1199 2183 ei
1230 2157 1378 2183 anfractus
1417 2157 1622 2185 suti‘arcinati:
1650 2160 1741 2194 utque
1782 2160 1916 2187 cortices

1075 2201 1302 2234 arborum,cum
1327 2210 1343 2231 a
1371 2201 1486 2229 truncis
1516 2202 1705 2232 divelluntur.
1723 2203 1801 2237 Quin
1818 2205 1914 2231 etiam

1073 2245 1143 2280 ipsae
1160 2253 1274 2280 quoque
1301 2246 1407 2280 plantae
1430 2248 1576 2280 crescunt,
1601 2248 1629 2273 et
1654 2247 1846 2282 excoluntur,
1864 2257 1916 2276 ea-

193 2306 303 2334 mulate
321 2312 483 2333 concursus
495 2302 599 2331 animae
616 2301 745 2336 corporis
757 2308 801 2332 :ue
817 2300 859 2331 tit,
877 2301 916 2328 ita
933 2301 1017 2328 etiam

1077 2297 1201 2324 rumque
1219 2290 1333 2317 frondes
1350 2290 1433 2325 quasi
1459 2290 1685 2326 complicanlur,
1703 2294 1834 2327 tumque
1860 2293 1916 2320 de-

192 2350 409 2386 disjunctio.lta
422 2352 452 2376 ut
465 2348 592 2375 animam
611 2344 812 2373 circumscribi
825 2354 881 2372 non
899 2345 1017 2374 omnino

192 2404 288 2430 posse,
305 2397 355 2422 aut
372 2393 453 2422 omni
479 2400 598 2428 prorsus
622 2393 699 2418 motu
731 2398 837 2421 curere,
866 2398 912 2418 Vix
941 2394 1018 2418 certo

192 2447 322 2467 asserere
337 2439 443 2471 ausim,
460 2436 595 2473 quamvis
621 2443 683 2463 eam
710 2434 931 2469 impurtibilem,
961 2435 1017 2462 cito

193 2483 354 2514 discedere,
371 2491 424 2511 nec
450 2482 503 2514 illi,
520 2481 579 2509 sive
607 2479 757 2513 ascendat,
774 2479 833 2506 sive
850 2479 1016 2513 descendat,

194 2528 254 2556 ulla
270 2529 412 2564 temporis
425 2527 609 2555 dimensione
625 2533 698 2560 opus
710 2532 783 2558 esse,
801 2524 936 2552 difﬁtear.

497 2582 575 2609 CAP.
595 2579 714 2607 LXXIV.

191 2637 230 2665 De
242 2638 365 2674 corporis
389 2638 431 2674 fni
446 2638 521 2674 utero
536 2634 715 2674 ‘tormatz'one
739 2632 814 2674 quid
830 2636 929 2665 nostri,
953 2634 1018 2668 quid

384 2672 497 2700 externi
513 2670 667 2706 philosophi
679 2670 825 2696 senserint.

226 2718 292 2745 Jam
316 2719 416 2745 utrum
450 2715 542 2743 mavis
567 2715 620 2742 tibi
649 2714 852 2749 respondeam,
883 2722 1016 2749 quasnam

188 2763 369 2793 sanctorum,
395 2761 443 2796 qui
473 2761 572 2787 nostra
597 2759 632 2786 de
657 2758 797 2793 religione
822 2757 1017 2793 philosophati

190 2808 269 2839 sunt,
281 2807 429 2834 sententia
445 2804 542 2837 fuerit,
561 2813 596 2831 an
612 2811 679 2832 vero
690 2803 760 2839 quid
790 2803 879 2830 Grieci
896 2811 1018 2830 censue-

187 2849 243 2877 rint
255 2850 268 2877 Ἰ
295 2852 353 2879 Nec
380 2850 456 2877 enim
486 2857 644 2875 r'o'nmune
674 2848 766 2874 ullum
793 2847 901 2883 dogma
930 2856 1019 2883 super

1075 2341 1154 2360 mum
1172 2333 1620 2369 explir:a:itur,queinsdmodum
1638 2335 1738 2364 lotbus
1748 2336 1823 2364 solis
1842 2345 1911 2365 con-

1074 2379 1205 2406 versione
1235 2379 1318 2409 solut,
1337 2380 1528 2415 Posteaquam
1558 2388 1624 2411 vero
1654 2380 1739 2412 vulva
1763 2382 1915 2414 emissus,

1074 2427 1102 2454 et
1118 2425 1153 2451 ab
1170 2424 1219 2452 illa
1236 2425 1331 2453 radice
1351 2425 1470 2456 avulsus
1494 2425 1591 2458 fuerit,
1608 2426 1673 2457 sine
1697 2426 1757 2458 ulla
1782 2435 1869 2456 mora
1885 2431 1916 2456 et

1074 2469 1227 2496 confestim
1245 2469 1395 2496 rationalis
1413 2470 1518 2501 animae
1535 2471 1681 2506 particeps
1696 2471 1843 2508 efficitur,
1862 2481 1915 2509 pu-

1074 2522 1196 2550 rumque
1210 2514 1347 2549 deinceps
1363 2515 1473 2542 animal
1489 2515 1596 2544 evadit.

1376 2577 1451 2604 CAP.
1477 2578 1600 2606 LXXVI.

1073 2621 1110 2648 De
1126 2622 1221 2648 animo
1236 2623 1349 2649 ratione
1359 2622 1497 2658 participe
1513 2632 1521 2649 :
1537 2623 1672 2658 quomodo
1701 2626 1815 2659 corpori
1845 2634 1914 2654 con-

1298 2660 1457 2693 jungatur,
1467 2659 1547 2693 eique
1558 2660 1666 2694 pra-sit.

1110 2716 1243 2744 Rationis
1254 2718 1399 2753 particeps
1419 2718 1517 2745 anima
1541 2726 1597 2746 non
1619 2718 1777 2746 miscetur:
1798 2720 1910 2756 hujus-

1075 2759 1153 2787 modi
1169 2760 1245 2787 cnim
1267 2769 1427 2789 concursus
1454 2763 1625 2797 corporibus
1648 2763 1839 2797 conveniunt,
1861 2766 1913 2793 sed

1074 2812 1110 2831 ne
1126 2813 1230 2839 corpus
1247 2806 1364 2841 quidem
1381 2806 1474 2834 instar
1489 2807 1587 2834 formes
1599 2808 1721 2835 materia
1738 2811 1913 2840 constantis

1075 2849 1225 2883 informat,
1253 2850 1292 2878 ita
1309 2851 1385 2878 enim
1414 2860 1482 2880 suos
1509 2851 1571 2887 ipsa
1599 2852 1708 2881 limites
1737 2856 1910 2891 excederet,
