4052 6382
225 423 375 493 1197

1564 426 1956 495 THEBAURI
2004 426 2151 491 LIB.
2198 425 2276 494 Il.

3491 426 3650 493 1198

220 560 448 627 totaque
480 558 708 629 corpori
752 558 1143 625 addiceretur,
1197 563 1379 629 atque
1424 558 1616 617 alieno
1676 563 1873 631 egeret
1905 566 1955 633 Α
1987 566 2038 615 et
2099 558 2384 629 ﬂagitiose
2426 558 2689 628 vixerint,
2769 560 2891 617 sive
2949 561 3175 617 fortiter
3228 565 3286 618 et
3364 578 3648 633 generose

224 647 627 713 fundamento,
663 654 723 701 at
783 664 853 701 nc
902 647 989 702 sic
1038 647 1275 718 quidem
1338 648 1566 719 corpori
1642 653 1874 719 prmest,

224 738 724 808 quemadmodum
812 738 1017 808 auriga
1071 739 1286 801 currui,
1371 738 1458 793 vel
1518 740 1876 809 gubernator

228 826 396 881 navi:
436 828 512 881 ita
540 826 696 882 enim
731 832 954 897 partem
990 826 1151 882 illam
1209 827 1518 892 animaret,
1586 827 1679 882 cui
1729 826 1876 885 insi-

229 916 410 982 deret,
442 932 509 973 ea
531 934 662 973 vero
695 917 787 972 cui
820 918 1019 972 minus
1051 917 1353 987 insideret,
1387 919 1652 975 inanima
1682 934 1877 987 super-

228 1014 396 1061 esset.
433 1007 688 1062 Tametsi
723 1011 920 1063 autem
942 1022 1144 1065 eorum
1191 1007 1482 1075 nonnulli,
1538 1007 1638 1079 qui
1697 1006 1880 1077 philo.

227 1095 483 1166 scphicis
514 1097 572 1152 in
634 1098 809 1151 rebus
871 1096 1289 1161 excelluerunt,
1348 1097 1666 1167 imperium
1706 1096 1874 1164 illud,

226 1184 379 1255 quod
440 1184 639 1240 anima
668 1184 725 1238 in
753 1202 969 1255 corpus
1000 1191 1242 1253 exercet,
1272 1185 1487 1255 aurigae
1506 1193 1556 1239 et
1589 1186 1874 1257 guberna-

226 1273 335 1327 tori
370 1272 564 1329 simile
589 1276 904 1342 liuxerunt,
939 1291 1050 1329 non
1087 1275 1140 1331 id
1174 1280 1371 1333 tamen
1406 1274 1740 1341 voluerunt,
1774 1273 1876 1328 sed

227 1362 343 1418 haec
376 1364 492 1418 duo
515 1368 971 1437 proposuerunt,
1005 1364 1407 1420 ulessentiam
1443 1363 1653 1423 animas
1686 1380 1718 1419 a
1762 1379 1881 1421 cor-

223 1466 361 1521 pore
395 1452 653 1522 separari
689 1469 860 1524 posse
890 1451 1174 1523 appositis
1216 1452 1498 1524 exemplis
1534 1452 1877 1518 indicarent,

221 1556 349 1611 quae
384 1557 486 1596 nec
520 1557 637 1597 una
660 1556 790 1596 cum
816 1542 1063 1596 seminis
1091 1541 1482 1611 ejaculatione
1514 1542 1874 1609 conferatur,

223 1632 322 1685 seri
386 1630 625 1685 tandem
696 1628 961 1685 absoluto
1052 1631 1465 1699 instrumento,
1558 1635 1881 1702 naturaque

232 1719 545 1790 disposita,
607 1718 913 1779 iamiliaris
998 1717 1106 1786 illi,
1187 1721 1470 1791 quasique
1559 1720 1882 1777 domestica

228 1809 351 1876 ﬁat,
386 1813 441 1864 et
476 1809 856 1867 adhaerescet.
896 1811 975 1865 Ita
1011 1810 1164 1867 enim
1199 1810 1327 1882 ipse
1377 1826 1611 1882 quoqua
1676 1810 1881 1882 auriga

1984 664 2118 705 cum
2143 657 2349 705 natura
2379 664 2483 705 sua
2541 647 2864 704 colluctatis
2923 650 3062 717 sint,
3122 650 3286 707 locus
3337 651 3432 707 ille
3493 658 3648 709 recta

1986 737 2387 801 concenditur,
2426 738 2524 808 qui
2573 754 2751 808 supra
2813 740 3015 797 mundi
3094 742 3367 799 verticem
3419 741 3649 814 [super-

1983 827 2216 885 eminet.
2252 825 2362 882 Sed
2396 842 2762 897 quacunque
2779 843 2955 896 puras
2987 845 3049 884 se
3074 829 3448 901 integrasque
3496 847 3638 886 con-

1987 921 2312 981 servarunt,
2366 915 2628 986 quandiu
2689 916 2915 985 corpori
2950 918 3301 987 .conjunctae
3377 921 3645 990 fuerunt,

1988 1021 2095 1060 nec
2125 1006 2403 1059 creatoris
2427 1004 2612 1059 Patris
2638 1004 2757 1060 ullo
2808 1012 2948 1065 sunt
3007 1005 3197 1062 oblita:
3258 1010 3453 1077 modo,
3528 1008 3648 1064 imo

1989 1094 2245 1150 assiduis
2304 1094 2363 1149 in
2421 1111 2555 1150 eum
2612 1094 3092 1150 meditationibus
3150 1096 3276 1167 ejus
3324 1098 3650 1170 .exemplar

1989 1185 2048 1241 in
2111 1183 2366 1255 imaginc
2429 1182 2677 1237 illaesum
2743 1184 3124 1245 custodiunt:
3188 1184 3324 1247 illae,
3376 1186 3640 1261 inquam,

1991 1276 2154 1343 grata
2178 1271 2274 1325 illa
2306 1274 2504 1343 requie
2522 1273 2812 1340 fruuntur,
2845 1289 2970 1343 quis
3009 1289 3188 1344 supra
3221 1272 3404 1333 totius
3443 1276 3649 1331 mundi

1988 1361 2292 1432 fastigium
2320 1360 2504 1416 beatis
2539 1366 2739 1432 parata
2768 1368 2878 1429 est,
2912 1360 3114 1431 eisque
3173 1362 3318 1417 aula:
3364 1362 3643 1434 caelestis,

1991 1451 2144 1522 prati
2197 1456 2253 1505 et
2291 1450 2547 1523 paradisi
2598 1450 2741 1511 loco,
2828 1451 3188 1516 incredibilis
3262 1468 3460 1513 eorum
3514 1468 3643 1524 quis

1991 1546 2131 1599 sunt
2160 1538 2777 1612 ordo,divinorumque
2810 1540 3097 1597 bonorum
3145 1541 3642 1614 complementum

1992 1629 2353 1703 proponitur.

2061 1722 2427 1792 Quaecunque
2458 1738 2590 1777 vere
2618 1723 2775 1780 omni
2812 1723 3218 1793 praedictorum
3262 1741 3405 1785 cura
3455 1724 3637 1799 [sepo-

1993 1812 2105 1871 sita
2164 1812 2424 1883 corporis
2468 1811 2636 1883 genio
2709 1811 3113 1884 indulgerunt,
3175 1814 3265 1878 his
3319 1814 3635 1875 rotundum

225 1899 561 1955 vehiculum
594 1900 955 1964 conscendit,
992 1906 1051 1957 et
1106 1917 1315 1956 navem
1377 1902 1738 1972 gubernator
1788 1900 1876 1963 in-
1909 1921 1955 1987 Β
1992 1902 2117 1957 coeli
2178 1918 2388 1973 corpus
2440 1902 2836 1974 praetenditur,
2880 1907 2937 1958 et
3022 1904 3174 1961 circa
3234 1904 3511 1963 aelhereas
3544 1921 3632 1961 rc~

227 1990 514 2059 greditur.

242 2089 251 2094 ‘
295 2080 571 2142 Quaenam
605 2082 691 2132 est
737 2078 918 2149 igitur
966 2079 1177 2135 animae
1228 2096 1362 2134 cum
1425 2096 1669 2151 corpore
1738 2097 1874 2134 con-

212 2168 1200 2240 junctio?Instrumentinimirum
1260 2170 1333 2224 ad
1384 2170 1544 2226 illam
1607 2172 1873 2244 aptitudo

217 2266 274 2312 et
331 2257 681 2323 similitudo,
736 2275 863 2331 quea
917 2263 1058 2315 tunc
1119 2264 1378 2331 apparet,
1427 2276 1561 2315 cum
1637 2260 1873 2332 propria

222 2345 395 2413 hujus
448 2347 567 2401 vita
609 2346 667 2400 in
721 2345 823 2403 illo
894 2347 1191 2415 elucescit,
1264 2350 1544 2416 secunda,
1599 2349 1868 2423 inquam,

218 2435 349 2490 vitae
404 2435 763 2506 conjunctio,
853 2435 1111 2509 itemque
1193 2439 1488 2495 rationum
1554 2443 1871 2503 concentus

220 2529 279 2580 et
338 2528 609 2583 accurata
674 2524 988 2597 proportio.
1066 2528 1200 2603 Ipsa
1265 2528 1420 2585 enim
1492 2545 1600 2585 sua
1682 2529 1872 2600 ipsius

215 2611 274 2666 vi
308 2611 597 2679 subsistit,
633 2613 1132 2684 quemadmodum
1174 2615 1381 2675 solaris
1452 2615 1686 2689 globus,
1744 2633 1871 2687 ,non

218 2706 385 2756 extra
468 2717 683 2773 corpus
774 2705 1070 2773 evagatur,
1168 2704 1269 2760 scd
1364 2704 1693 2760 incredibili
1779 2722 1867 2761 ra-

215 2793 379 2849 tione
427 2792 485 2848 in
547 2810 613 2848 eo
656 2793 1011 2866 continetur,
1069 2794 1121 2851 ei
1231 2813 1363 2852 vero
1439 2796 1493 2854 vi
1573 2800 1869 2855 radiorum

217 2884 293 2939 ab
327 2899 390 2937 eo
452 2882 577 2953 ipso
631 2884 1071 2954 procedentium
1113 2884 1389 2961 cohaeret,
1450 2887 1571 2957 qui,
1634 2890 1865 2955 etiamsi

217 2990 433 3043 corpus
492 2973 689 3045 ipsum
741 2974 1086 3041 dissecetur,
1148 2980 1252 3033 aut
1310 2975 1472 3032 aliud
1540 2976 1680 3048 quid
1732 2995 1867 3050 gra-

213 3062 348 3120 vius
383 3062 659 3133 patiatur,
732 3062 1078 3120 insecabiles
1137 3068 1334 3121 tamen
1394 3065 1870 3144 impatibilesque

219 3157 485 3211 manent.

286 3241 797 3308 Quemadmodum
830 3242 1005 3309 etiam
1067 3260 1199 3305 aere
1246 3249 1555 3313 ventorum
1627 3247 1868 3313 ﬂatibus

205 3297 504 3387 concitato
535 3334 593 3386 et
620 3297 1867 3407 ωαἱδίοέιῖιᾶιθῐῖήεδιὶέξ-ᾴίλβ-ῖῖιυξιῖἔῖυῐ
1900 3297 1945 3372 C

207 3436 405 3493 neque
436 3420 704 3489 sectioni,
732 3435 922 3493 neque
955 3420 1160 3492 ﬂuxui,
1196 3439 1386 3499 neque
1431 3425 1745 3493 mutationi
1777 3428 1875 3495 ob.-

210 3509 459 3567 noxium
490 3513 598 3565 est.

792 3618 949 3677 CAP.
1020 3618 1297 3680 LXXVII.

214 3727 293 3781 De
317 3726 468 3780 anim
481 3740 641 3780 arum
673 3726 729 3779 in
754 3726 1037 3800 integrum
1065 3728 1433 3800 restitutione,
1465 3744 1591 3799 quas
1645 3732 1869 3800 angelo-

758 3813 883 3853 rum
924 3797 1039 3853 mz'n
1049 3799 1234 3854 talario
1263 3801 1344 3870 ﬁt.

287 3884 797 3951 Quemadmodum
833 3886 1141 3943 facultates
1154 3889 1350 3944 anima
1370 3892 1597 3963 corpori
1623 3895 1871 3965 conjun-

202 3981 305 4032 cta
327 3975 759 4045 praestantiores
793 3976 922 4047 ejus
943 3977 1072 4032 vitae
1092 3985 1439 4049 praesunt,et
1467 3988 1666 4052 postea
1691 4000 1865 4055 quam

202 4066 429 4120 idonea
450 4064 810 4136 generationi
841 4065 1046 4132 eflecta
1087 4072 1196 4139 est,
1232 4084 1265 4123 a
1302 4070 1412 4131 Deo
1449 4072 1767 4139 mittuntur
1806 4079 1871 4136 ut

201 4154 344 4224 ejus
372 4169 572 4207 curam
598 4160 834 4224 gerant:
863 4154 938 4209 ita
956 4155 1279 4221 etiameum
1301 4160 1555 4227 primum
1581 4177 1870 4231 acorpore

204 4246 491 4311 separata
520 4245 630 4306 est,
655 4241 780 4295 alia:
814 4243 1106 4311 prioribus
1141 4244 1411 4302 meliores
1456 4263 1688 4305 sursum
1739 4267 1865 4307 eve-

203 4331 390 4393 hunt,
436 4329 543 4384 hoc
576 4330 923 4401 obsequium
956 4337 1238 4389 creaturae
1270 4341 1634 4407 praestantes,
1676 4344 1733 4396 et
1762 4342 1869 4396 ad-

205 4420 499 4477 ministras
533 4421 968 4478 restitutionum
1001 4424 1059 4479 in
1114 4427 1408 4497 integrum
1474 4432 1715 4501 statum,
1764 4434 1865 4504 qui

205 4509 443 4580 unique
467 4510 674 4565 animae
706 4513 1034 4568 conveniat.

286 4598 407 4655 Nec
440 4615 572 4656 vero
619 4599 816 4656 anima
875 4602 949 4657 ab
1011 4602 1421 4673 hujuscemodi
1485 4609 1868 4677 facultatibus

199 4691 294 4746 ita.
324 4688 524 4757 agitur
566 4691 843 4759 tanquam
903 4690 1089 4746 forma
1141 4694 1456 4766 quaepiam,
1507 4714 1633 4768 quae
1682 4701 1873 4757 aliena

195 4779 259 4837 vi
295 4775 650 4844 concitetur,
691 4794 937 4850 quaeque
989 4798 1088 4849 pro
1154 4782 1400 4840 libidine
1441 4784 1555 4842 huc
1616 4793 1674 4855 et
1730 4789 1871 4857 illuc

200 4869 344 4925 sine
386 4865 726 4921 discrimine
787 4868 1037 4923 distrahi
1089 4871 1295 4941 possit,
1360 4873 1477 4929 imo
1542 4893 1676 4933 vero
1730 4884 1873 4936 tunc

198 4956 506 5028 temporis
538 4956 624 5010 vis
656 4954 755 5011 illa
789 4957 845 5011 in
879 4958 1075 5013 anima
1104 4960 1402 5030 elucescit,
1461 4982 1577 5036 quo
1627 4983 1727 5037 per
1812 4989 1874 5025 se

198 5048 346 5120 ipsa
380 5045 1085 5117 movetur,eodemque,ut
1114 5048 1195 5111 ita
1225 5050 1439 5121 dicam,
1461 5054 1680 5125 impetu
1740 5075 1872 5115 cum

199 5134 472 5197 ducibus
498 5135 623 5191 suis
655 5134 714 5191 in
746 5134 1002 5193 sublime
1032 5138 1236 5209 tendit,
1262 5156 1369 5199 nec
1399 5143 1561 5215 vagis
1591 5148 1875 5217 gradibus

201 5223 623 5294 consequitur.

795 5334 953 5397 CAP.
1013 5333 1302 5401 LXXVIII.

197 5438 283 5495 De
325 5432 836 5524 iudicionetstremc,
865 5454 970 5521 quo
998 5442 1205 5524 anima!
1234 5444 1613 5524 autparadtat
1659 5465 1878 5524 cmpo-

437 5512 515 5559 tes
539 5506 701 5574 ﬁunt,
734 5514 850 5576 aut,
871 5506 946 5567 tu
1002 5511 1213 5585 infera:
1270 5506 1662 5581 detruduntur.

282 5614 485 5681 Atque
516 5611 784 5686 singulas
816 5618 1059 5687 quidem
1116 5623 1368 5693 animas,
1432 5623 1552 5681 sive
1615 5633 1882 5701 nequiter

285 5728 412 5805 (20)
444 5728 658 5788 Contra
682 5730 1012 5805 Origenem.

1986 1994 2188 2059 giones
2236 1992 2583 2062 allegantur.
2656 1999 2715 2049 et
2755 1992 2915 2049 velut
2973 1994 3280 2051 decuriatae
3328 1995 3385 2050 in
3436 2011 3634 2052 earum

1983 2089 2348 2148 naturarum,
2383 2081 2597 2155 quibus
2642 2081 2737 2137 hic
2794 2082 3038 2141 addictis
3098 2083 3467 2154 subditisque
3511 2083 3637 2143 fue-

1984 2175 2138 2235 runt,
2174 2169 2372 2226 album
2406 2170 2762 2237 referuntur,
2800 2187 2905 2227 nec
2938 2170 3179 2231 omnino
3206 2174 3308 2228 aut
3341 2171 3631 2233 bonorum

1983 2258 2387 2321 autmalorum
2418 2258 2590 2317 sortis
2621 2259 2937 2332 participes
2967 2259 3257 2325 evadunt;
3313 2260 3428 2323 imo
3476 2277 3635 2332 qure-

1981 2348 2115 2405 dam
2135 2349 2587 2423 boni,autbono
2634 2350 2907 2409 contrarii
2976 2349 3137 2420 mali,
3188 2350 3436 2422 vestigia
3484 2350 3634 2407 ima-

1981 2436 2262 2509 ginantur
2292 2445 2347 2493 et
2378 2437 2725 2510 inspiciunt,
2757 2438 2908 2494 inter
2937 2455 3000 2495 se
3059 2440 3419 2512 quibusdam
3475 2438 3634 2499 velut

1978 2525 2039 2581 in
2072 2525 2768 2595 somniisconversanles,
2812 2531 3092 2598 quantum
3162 2528 3245 2583 eis
3297 2545 3330 2583 a
3379 2527 3630 2583 ducibus

1980 2614 2105 2673 suis
2128 2615 2505 2689 permititur:
2539 2616 2774 2687 hocque.
2818 2615 3015 2672 divino
3074 2618 3330 2689 quodam
3382 2616 3626 2673 numine

1980 2704 2239 2761 faciunt:
2274 2720 2379 2760 nec
2413 2709 2604 2761 tamen
2633 2704 2877 2777 singulae
2909 2705 3177 2778 singulas
3233 2714 3464 2776 norunl,
3527 2707 3628 2762 sed

1979 2810 2109 2867 quae
2132 2794 2548 2850 sunteamdem
2583 2798 2799 2850 sortem
2830 2796 3073 2866 adeptae,
3106 2812 3244 2851 suos
3316 2795 3441 2851 aliae
3492 2796 3631 2853 alia-

1980 2902 2112 2951 rum
2136 2883 2371 2945 ordines
2398 2889 2735 2960 perspectos
2765 2885 3004 2943 habent.
3067 2886 3183 2944 Nec
3240 2891 3435 2944 tamen
3480 2888 3635 2943 inter

1981 2991 2043 3037 se
2075 2974 2569 3033 confabulantur:
2616 2974 2721 3037 sed
2778 2974 3187 3037 collocutionis
3233 2976 3355 3032 vice
3412 2980 3628 3032 mutuis

1980 3064 2199 3132 cedunt
2229 3064 2629 3135 cogitationes,
2670 3067 2725 3120 et
2762 3065 3049 3137 quidquid
3112 3068 3184 3125 ab
3236 3082 3355 3123 una
3403 3067 3630 3135 cogita-

1979 3153 2321 3221 tumfuerit,
2370 3153 2551 3223 hujus
2602 3157 2773 3224 typus
2824 3154 3135 3211 confestim
3185 3156 3247 3210 in
3287 3155 3470 3219 altera
3528 3156 3633 3211 de-

1980 3242 2452 3315 prehenditur,ac
2484 3242 2533 3298 si
2557 3241 2770 3298 animae
2798 3240 2922 3307 aliae
2955 3243 3201 3299 aliarum
3227 3243 3476 3315 cogitata
3507 3259 3640 3299 mu-

1983 3335 2085 3388 tuo
2104 3331 2256 3387 inter
2285 3346 2348 3387 se
2379 3331 2839 3399 communicent,

2579 3458 2733 3513 CAP.
2786 3457 3029 3514 LXXIX.

1984 3566 2175 3622 Utrum
2196 3565 2407 3623 animae
2435 3566 2756 3635 corporibus
2779 3566 3226 3650 prxezstitertnt
3268 3567 3636 3623 Earumdem-

2511 3652 2616 3708 quo
2668 3653 2873 3707 genera
2930 3654 3107 3693 vana.

2049 3755 2331 3807 Cmterum
2382 3752 2748 3824 antiquiores
2797 3753 3142 3824 corporibus
3200 3753 3429 3809 animas
3470 3753 3627 3809 haud

1980 3858 2276 3924 quaquam
2307 3841 2776 3923 asserimus(20),
2811 3842 2911 3896 sed
2977 3858 3092 3897 una
3152 3857 3281 3897 cum
3324 3840 3442 3897 illis
3490 3858 3633 3897 ena-

1980 3937 2249 3987 scentes:
2284 3947 2397 3986 non
2427 3930 2644 4003 quiain
2679 3930 2796 3986 illis
2830 3929 2949 3985 ullo
2970 3930 3193 3986 semine
3213 3935 3633 3987 concrescant:

1979 4020 2080 4087 sed
2113 4019 2247 4091 quia
2272 4019 2639 4093 corporibus,
2673 4018 2849 4074 simul
2886 4027 3059 4090 atque
3127 4023 3518 4090 compacta,et
3550 4019 3619 4075 ad

1978 4110 2413 4191 generationem
2449 4107 2736 4183 disposita
2766 4112 2927 4175 sunt,
2986 4112 3137 4164 Deus
3186 4107 3321 4163 illas
3363 4107 3630 4179 inspiret.

1977 4198 2162 4255 Graeci
2202 4203 2395 4253 autem
2432 4199 2735 4257 universas
2770 4198 2995 4252 animas
3018 4198 3090 4252 ab
3121 4201 3339 4253 aeterno
3378 4201 3629 4262 creatas,

1977 4292 2034 4342 et
2065 4305 2099 4342 a
2126 4286 2396 4342 Crantore
2428 4286 2727 4357 dispersas
2760 4286 2943 4342 fuisse
2973 4287 3159 4352 aiunt,
3203 4302 3454 4358 quarum
3500 4285 3628 4341 aliae

1977 4392 2155 4447 supra
2187 4374 2399 4439 prelum
2430 4379 2649 4449 essent,
2684 4391 2808 4445 quia
2869 4376 3361 4445 supermundanae
3392 4390 3628 4446 quoque

1977 4462 2504 4519 dicerenturzaliaa
2532 4462 2840 4518 veroinfra
2889 4464 3124 4530 coelum,
3186 4478 3438 4534 quarum
3497 4461 3623 4517 alia:

1977 4568 2110 4607 cum
2171 4552 2566 4618 ﬁrmamento,
2591 4551 2716 4608 aliae
2741 4569 2875 4608 cum
2946 4552 3237 4609 sideribus
3284 4551 3629 4608 circumvol-

1906 4666 1950 4729 υ
1980 4646 2286 4699 verentur:
2312 4640 2609 4699 nonnullae
2639 4657 2771 4697 vero
2824 4641 2977 4696 infra
3016 4642 3390 4709 eublunares,
3450 4655 3635 4712 eaque

1982 4732 2053 4786 ad
2086 4731 2521 4801 generationem
2575 4731 2824 4786 maxime
2870 4731 3115 4797 idoneae,
3167 4747 3420 4802 quarum
3466 4729 3627 4793 alias.

1983 4837 2112 4893 quae
2142 4821 2394 4891 graviter
2413 4836 2725 4891 corporum
2758 4820 3043 4875 custodiae
3076 4820 3461 4889 invigilarint,
3515 4818 3643 4873 nul-

1980 4909 2220 4982 lamque
2247 4909 2341 4965 hic
2377 4908 2692 4975 maculam,
2727 4926 2831 4981 pro
2856 4910 3083 4963 ratione
3113 4908 3469 4981 moduloque
3501 4909 3631 4963 vitae

1985 4998 2403 5067 contraxerint,
2437 4997 3051 5053 sublimioribuslocis
3096 4992 3439 5070 assignant:
3491 4997 3637 5055 alias

1983 5106 2140 5157 vero,
2173 5105 2301 5160 qum
2334 5087 2628 5159 corporeis
2678 5086 3079 5157 voluptatibus
3125 5086 3259 5159 plus
3313 5103 3491 5159 quam
3535 5103 3641 5159 par

1987 5183 2079 5234 est
2107 5175 2503 5244 inservierint,
2536 5180 2741 5233 contra
2777 5175 2916 5232 hinc
2975 5176 3254 5234 deorsum
3318 5177 3647 5249 pracipites

1990 5267 2059 5321 ad
2092 5266 2211 5322 ima
2240 5264 2549 5336 dejiciunt,
2583 5269 2642 5321 et
2669 5264 3015 5335 corporibus
3038 5265 3171 5323 aliis
3201 5266 3644 5339 alligant.Quod

1989 5354 2039 5411 si
2063 5354 2210 5409 forte
2239 5353 2493 5409 Creatori
2520 5352 2766 5425 placeat,
2802 5358 2869 5409 ut
2908 5353 3243 5412 sublimiori
3300 5360 3357 5412 et
3416 5356 3652 5412 meliori

1989 5444 2338 5516 praefectura
2368 5443 2489 5499 vita
2527 5442 2649 5499 haec
2681 5443 3109 5513 committatur,
3130 5443 3651 5517 admirabiliorque

1990 5533 2166 5590 rebus
2199 5532 2445 5588 mutatio
2510 5534 2879 5599 decernatur,
2933 5538 3073 5589 tunc
3130 5534 3647 5605 supermundanr

1993 5641 2119 5681 rum
2155 5625 2486 5681 animarum
2519 5623 2824 5681 nonnullis
2849 5626 3088 5683 concedi
3122 5630 3412 5698 asserunt,
3484 5631 3545 5683 ut
3589 5628 3649 5685 in
