2026 3191
0 2642 7 2712 t

0 2715 6 2832 Ξ

1620 0 1653 15 ’.ὅ

1651 22 1715 46 ἰείη.
1734 29 1758 40 ’-

1693 54 1698 58 ‘
1729 64 1737 70 ι

1811 70 1896 86 :.,-
1951 78 1961 81 _

1790 107 1796 110 .
1827 89 1834 95 ⁵
1873 91 1884 104 ἲ
1912 90 1922 109 λ
1949 98 1957 118 ς

180 219 258 250 1199
841 212 1000 243 ΝΙΟΕΤΑῑ
1023 211 1245 241 οΗοΝιΑΤΑς.

180 288 275 313 terras
287 284 603 318 descendant,m0xque
616 282 663 309 ille
678 289 744 309 cum
761 280 911 315 triumpho
933 285 1007 314 prae-
1022 279 1049 312 Α
1065 278 1117 305 des
1127 278 1221 305 redire
1238 285 1333 313 posse,
1350 285 1438 313 quam
1454 278 1478 305 si
1499 277 1813 313 corporibus,utantur
1826 282 1904 313 pur-

182 329 373 358 stantioribus
389 328 531 355 comitatze
558 327 669 354 naturis
699 326 756 354 huc
777 324 960 352 descendunt
982 324 1011 350 et
1063 322 1226 358 gativisque
1241 323 1401 350 virtutibus
1418 323 1592 358 expientur:
1623 323 1701 350 unde
1730 322 1766 350 ﬁt.
1795 322 1904 359 etiam,

185 373 356 410 corporibus
373 373 524 408 praefectze,
541 373 628 407 l'.-nga
643 371 690 398 die
705 371 870 398 libertatem
884 367 970 395 simul
983 369 1012 394 et

184 419 310 446 salutem
327 419 361 445 iis
378 419 618 452 procurant,quaa
634 416 662 443 in
675 416 732 442 vita
755 415 809 441 sibi
826 413 922 440 labem
947 420 1011 447 per-

186 468 311 502 niciemq
318 476 351 494 ue
380 469 547 493 contraxem
554 467 593 492 nt.

490 519 566 546 CAP.
607 518 710 545 LXXX.

188 579 223 605 De
236 574 326 608 idolis,
339 582 385 601 seu
395 574 510 607 spcctris
533 573 670 599 umbrisne
694 569 912 608 φιλοσωμάςοις,
939 569 1013 608 circa

218 605 343 645 sepulcra
358 605 538 636 certantibus.
564 608 663 635 Eadem
696 605 807 643 prorsus
824 606 858 632 ad
888 605 1013 638 verbum,

225 653 287 681 qua:
304 653 398 680 supra.

223 701 285 727 Jam
316 700 340 726 si
361 698 465 726 animm
496 707 512 725 a
556 697 734 733 quibusdam
765 703 919 731 corporum
937 693 1014 721 idola

188 744 271 772 dicta
283 746 362 776 sunt,
380 752 413 770 ex
430 743 484 770 hoc
501 743 607 770 inferre
622 741 792 777 quisquiam
819 739 938 776 poterit,
980 738 1015 765 ab

187 789 293 816 animis
318 786 516 822 imaginativis
542 785 754 822 corporearum‘
769 785 928 812 formarum
959 782 1016 809 im~

189 832 357 868 pressiones
369 840 395 859 v1
412 839 526 866 eorum,
556 840 619 866 quae
642 830 697 858 sub
721 832 869 864 aspectum
897 827 1017 859 cadunt,

190 877 291 911 recipi.
307 877 419 912 Corpus
435 877 514 904 enim
532 876 625 911 ﬁgura
642 877 766 908 rectum,
792 876 868 901 tactu
900 873 1018 905 durum,

192 922 289 949 colore
305 920 554 956 album,dcnique
577 928 664 954 grave
685 922 713 946 et
736 926 869 953 asperum
894 920 948 950 est,
967 924 1019 943 nec

1066 371 1097 396 ut
1114 376 1150 396 ne
1165 368 1346 396 daemonibus
1364 368 1482 403 quidem
1499 369 1534 396 ad
1544 368 1699 404 pristinam
1716 366 1904 404 dignitatem

1065 412 1177 440 reditus
1208 420 1337 447 unquam
1361 414 1460 447 patere
1489 412 1592 448 possit,
1634 412 1686 448 qui
1721 411 1803 440 enim
1835 411 1904 441 ﬁeri

1066 461 1163 494 queat,
1177 459 1209 485 ut
1224 457 1358 485 diabolus
1373 458 1408 484 ad
1425 456 1526 485 lumen
1549 460 1720 490 revertatur,
1752 458 1906 494 potestate

1069 502 1210 530 redeundi
1231 501 1467 538 denegata‘INec
1481 502 1557 530 enim
1576 501 1688 530 reditus
1715 501 1767 530 ille
1784 501 1901 530 reditui

1068 556 1198 583 persona
1214 548 1393 582 cujusquam
1410 546 1514 574 similis
1531 549 1586 581 est,
1612 548 1644 574 ut
1671 555 1740 574 cum
1767 545 1871 575 solem
1887 554 1905 575 ι

1069 595 1148 627 tergo
1164 592 1279 623 habeat,
1299 599 1423 626 moxque
1447 591 1644 619 anterioribus
1669 591 1700 619 in
1733 591 1900 627 posteriora

1069 636 1217 664 conversis
1235 636 1317 663 illum
1343 636 1476 672 aspiciat,
1508 636 1558 664 sed
1588 635 1708 672 speculo
1739 634 1901 672 poliunob-

1070 689 1155 708 scuro
1172 680 1313 708 assimilis
1343 680 1401 707 dici
1431 682 1538 716 potest,
1569 681 1646 716 quod
1677 680 1803 716 quidem
1821 679 1905 708 siin

1070 726 1107 753 sit
1127 725 1275 759 utl'ectum,
1292 724 1456 760 quamlibet
1485 725 1539 753 soli
1555 727 1728 760 exponetur,
1746 732 1907 761 nunquam

1070 771 1099 798 in
1130 780 1160 798 so
1190 771 1287 798 lumen
1311 771 1456 803 admittat,
1488 779 1539 798 nec
1564 770 1721 807 splendore
1768 778 1826 799 suo
1865 770 1910 799 illi

1073 816 1255 852 respondeat,
1285 816 1341 843 nisi
1367 817 1440 843 furto
1456 815 1538 851 prius
1555 818 1762 851 poi-purgetur,
1782 817 1815 844 et
1841 823 1912 852 per-

1074 861 1209 896 puliatur.
1228 862 1261 888 At
1277 869 1354 892 vero,
1371 860 1421 896 qui
1441 860 1502 888 ﬁeri
1519 860 1622 896 possit,
1639 862 1672 887 ut
1687 860 1831 888 sordibus
1843 860 1911 889 suis

1074 906 1188 933 eluatur
1204 906 1329 939 daemon,
1345 914 1411 933 cum
1426 904 1562 933 voluntas
1573 905 1598 932 ei
1616 913 1673 932 non
1689 904 1768 933 adsit
1783 913 1855 941 qua
1873 905 1912 933 Id

193 967 235 993 ita
250 968 463 1001 comparatum,
481 949 551 992 utin
568 973 633 992 aere
655 963 880 994 circumvolitet,
908 961 1017 989 idolum
1036 968 1058 999 Β
1075 951 1268 1001 θλιξίίίλιίίῖίξθίη
1287 950 1436 1001 sument,“
1460 950 1627 985 νὶνίδυειιιιθ
1657 949 1697 977 Sit
1726 949 1913 982 θιδιυείυεν

193 1013 290 1038 autem
322 1010 538 1038 tenebricosum
576 1011 631 1042 est,
660 1011 689 1035 et
713 1009 823 1035 umbrae
857 1005 1017 1042 persimile,

193 1056 282 1091 idque
315 1056 397 1089 adeo,
422 1055 497 1090 quod
528 1054 614 1089 quale
641 1054 679 1080 sit
703 1054 748 1079 vix
776 1052 924 1087 conjicias.
950 1052 1016 1083 Quis

191 1109 238 1128 res
255 1100 401 1127 Platonem
419 1107 535 1134 quoque
552 1099 650 1133 movit,
680 1100 711 1124 ut
735 1100 851 1132 spectra
878 1096 929 1123 illa
955 1103 1017 1122 um-

192 1145 319 1178 bratilia,
337 1153 401 1181 qua:
417 1144 445 1171 in
463 1143 604 1179 sepulcris
621 1142 923 1177 apparerent,animas
934 1139 1016 1177 φιλο-

196 1189 350 1226 σωμάτους,
368 1190 421 1217 hoc
437 1191 481 1217 est
497 1196 651 1223 corporum
679 1189 822 1219 amantes,
844 1185 1017 1213 nominave—

193 1237 240 1271 rit,
257 1240 288 1264 ut
304 1244 367 1272 quae
385 1244 419 1263 ne
432 1237 492 1262 tum
511 1235 640 1270 quidam,
663 1240 729 1260 cum
753 1232 789 1258 ab
822 1231 876 1258 hoc
907 1230 1017 1257 mundo

194 1283 332 1318 digressa
349 1282 419 1314 sint,
437 1281 471 1308 ad
498 1288 603 1316 purum
625 1279 723 1306 lumen
757 1280 951 1310 revertantur;
966 1276 1017 1303 sed

194 1328 293 1360 etiam,
305 1329 376 1354 tunc
393 1326 468 1353 circa
483 1333 604 1360 corpora
621 1326 781 1356 versentur,
808 1331 873 1357 quae
898 1321 1017 1356 quidem

197 1371 344 1399 servilium
368 1370 549 1405 voluptatum
575 1368 719 1396 illecebris
748 1369 837 1402 captaa
859 1366 886 1392 in
914 1364 1018 1401 primis

195 1417 342 1444 amarunt.
372 1415 483 1449 Corpus
513 1422 595 1449 porro
627 1412 736 1440 idolum
768 1418 884 1447 quoque
913 1409 1018 1437 animus

193 1461 304 1489 dictum
316 1460 443 1496 est,quia
454 1459 530 1495 quod
548 1458 590 1485 illi
606 1456 720 1491 oculus,
737 1457 805 1483 huic
822 1463 925 1483 mens:
941 1454 1017 1489 quod

194 1506 235 1533 illi
251 1508 357 1538 tactus,
375 1504 444 1532 huic
458 1506 501 1531 vis
516 1503 567 1530 illa
583 1507 625 1530 est
642 1510 701 1538 qua
718 1509 814 1529 rerum
849 1499 954 1527 veritas
969 1507 1017 1526 ex-

194 1550 332 1586 quiritur.
349 1549 488 1581 Quamvis
504 1548 564 1575 hac
585 1547 717 1582 gentium
741 1546 879 1580 dogmata
910 1543 1020 1578 majore

196 1595 242 1624 sui
258 1603 292 1623 ex
305 1596 387 1630 parte
403 1592 562 1620 redoleant.

492 1646 570 1673 CAP.
597 1644 718 1673 LXXXI.
1037 1647 1058 1681 α

198 1694 238 1721 An
261 1693 362 1720 animm
386 1699 449 1719 cum
481 1690 666 1753 corporfibmt
696 1689 731 1716 ad
774 1688 910 1723 pristinas
954 1686 1020 1721 ﬁdes

549 1734 578 1753 νε
599 1733 652 1753 ean
671 1746 676 1752 .

549 1733 676 1753 redeant.

231 1772 367 1801 Gentium
384 1772 556 1807 dogmataet
569 1770 623 1797 hoc
639 1769 759 1802 redolet,
777 1769 800 1796 si
818 1768 883 1803 quis
907 1767 1020 1795 animas

195 1824 312 1853 quoque
329 1817 452 1851 peccatis
466 1816 617 1848 obnoxias,
642 1814 832 1850 corporisque
862 1812 1019 1840 familiares

197 1865 227 1890 et
245 1865 383 1897 cognatus
398 1869 463 1888 esse
492 1861 580 1893 dicat,
611 1868 663 1887 nec
676 1859 759 1887 aliter
769 1859 804 1886 ad
821 1858 961 1893 pristinas
977 1864 1021 1885 se-

1075 996 1183 1031 quibus
1197 995 1224 1022 id
1242 994 1436 1030 assequatur?

1379 1053 1595 1082 CAP.LXXXII.

1075 1102 1113 1127 De
1129 1101 1307 1133 melangismo
1314 1107 1360 1126 seu
1369 1098 1598 1133 metempsychosi
1607 1096 1842 1133 Pyshagorica,el
1854 1098 1916 1126 hac

1324 1142 1418 1169 supra,
1434 1134 1533 1161 iisdem
1548 1133 1650 1161 verbis.

1109 1181 1187 1208 ldem
1206 1188 1291 1215 porro
1323 1178 1538 1217 μεταγγισμοὺς,
1562 1187 1679 1215 quoque
1713 1178 1906 1214 animarum,

1075 1227 1128 1254 hoc
1139 1228 1184 1253 est
1200 1225 1448 1259 elutriationes,et
1464 1225 1499 1252 ab
1514 1232 1572 1252 uno
1581 1223 1691 1252 vaseiu
1707 1223 1788 1252 aliud
1800 1226 1909 1252 trans-

1074 1271 1206 1299 fusiones
1222 1270 1418 1297 tradiderunt.
1437 1269 1485 1296 Est
1505 1271 1602 1296 autem
1620 1268 1826 1305 μεταγγισμὸς,
1850 1268 1912 1297 hoc

1073 1318 1118 1344 est
1134 1315 1289 1349 elutriatio,
1318 1323 1383 1343 cum
1397 1323 1456 1342 una
1476 1317 1504 1342 et
1529 1314 1631 1342 eadem
1661 1313 1762 1341 anima
1792 1321 1829 1342 ex
1843 1313 1907 1342 hn-

1075 1369 1160 1389 mano
1177 1369 1292 1396 egressa
1329 1368 1459 1395 corpore,
1494 1367 1599 1394 corpus
1623 1358 1654 1386 iu
1665 1358 1745 1386 aliud
1764 1359 1910 1387 transmi-

1074 1406 1310 1441 grut,aliquando
1326 1406 1414 1432 etiam
1432 1403 1594 1431 volatilium
1616 1405 1646 1430 et.
1671 1403 1908 1439 quadrupedum

1074 1459 1195 1486 corpora
1209 1451 1298 1478 subit.
1316 1451 1410 1485 Hujus
1431 1450 1471 1477 rei
1498 1450 1678 1486 Pythagoras
1705 1448 1757 1477 illo
1784 1449 1910 1477 Samius

1076 1496 1157 1523 testis
1169 1498 1223 1529 est,
1240 1495 1491 1531 quiEuphorbum
1518 1494 1601 1521 illum
1632 1493 1822 1528 statuat-ium,
1845 1493 1913 1530 ,qui

1076 1549 1126 1576 pro
1151 1540 1284 1575 Trojanis
1308 1542 1410 1567 contra
1430 1541 1541 1566 Graecos
1568 1538 1817 1572 dimicaverat,ac
1839 1545 1913 1566 esse

1076 1584 1275 1620 proﬁtebatur.
1303 1584 1397 1611 Testis
1426 1583 1495 1610 item
1525 1581 1631 1619 sybilla
1653 1581 1808 1620 Erythng,
1840 1589 1909 1617 quo

1077 1638 1143 1657 cum
1161 1629 1288 1664 primum
1301 1637 1316 1656 e
1332 1628 1435 1655 matris
1450 1633 1529 1655 utero
1546 1627 1665 1664 prodiit,
1689 1626 1723 1654 de
1745 1624 1803 1662 puli
1837 1632 1903 1653 cce-

1078 1674 1255 1709 lestiumque
1271 1681 1425 1708 corporum
1449 1674 1552 1700 natura
1577 1670 1774 1708 philosophari
1798 1670 1908 1706 coepit.

1076 1719 1172 1747 Testis
1183 1719 1309 1754 denique
1315 1718 1450 1753 Tyaneus
1457 1716 1812 1752 Apollonius,Zoroastres
1820 1715 1913 1751 Egy-

1077 1765 1166 1800 ptius.
1181 1763 1215 1790 Hi
1227 1763 1305 1791 enim
1321 1771 1355 1790 ex
1371 1763 1494 1790 aliarum
1511 1761 1680 1789 animorum
1696 1759 1914 1796 metangismis

1077 1810 1130 1837 hoc
1142 1811 1187 1836 est
1202 1807 1438 1836 elutriationibus
1455 1809 1483 1835 et
1507 1806 1774 1840 transfusionibus,
1800 1813 1835 1834 se
1849 1806 1915 1834 ori-

1076 1855 1175 1891 ginem
1188 1854 1306 1882 duvisse
1322 1854 1468 1881 dicebant.

195 1945 1918 1964 _————_———————-——_————-—

554 2028 949 2112 NICET/E
1000 2025 1545 2109 CHONIAT/E

400 2176 831 2239 THESAURI
879 2173 1428 2237 ORTHODUXAE
1472 2172 1694 2232 FIDEI

795 2300 980 2346 LIBER
1022 2300 1298 2346 TERTIUS.

745 2403 790 2430 DE
805 2401 915 2430 VERBI
930 2401 1045 2430 DIVINI
1063 2401 1341 2429 INCARNATIONE.

524 2526 639 2555 CAPUT
661 2527 682 2553 1.

191 2583 396 2618 Prophetarum
416 2582 453 2610 de
481 2580 560 2609 Verbi
595 2580 686 2622 divini
727 2579 919 2606 incarnatione
943 2578 1022 2606 testi-

552 2624 657 2644 manta.

231 2674 358 2703 Utilibus
368 2673 405 2701 de
433 2671 634 2700 incarnatione
658 2669 747 2698 Verbi
776 2668 934 2704 capitibus,
954 2679 1019 2698 san-

191 2722 364 2755 ctorumque
393 2718 512 2746 Patrum
552 2716 776 2748 assertionibus,
817 2715 1021 2750 praemittenda

191 2768 261 2790 sunt
285 2764 494 2799 prophetarum
521 2761 668 2788 vaticina:
704 2759 814 2796 quibus
842 2759 885 2787 illi
913 2759 1020 2787 Filium

193 2804 244 2834 Dei
271 2815 306 2836 ex
333 2807 454 2844 Virgine
495 2813 613 2834 carnem
661 2806 897 2840 assumpturum,
930 2806 960 2832 et
989 2804 1019 2832 in

229 2871 253 2889 "
269 2873 346 2902 Pul.
359 2881 416 2910 cxx,
432 2873 459 2901 3.

1076 2533 1163 2553 carne
1194 2532 1260 2552 cum
1305 2524 1475 2552 hominibus
1521 2524 1717 2557 versaturum,
1762 2522 1917 2558 sepelien-

1077 2571 1157 2605 dum,
1185 2572 1426 2604 resurrecturum,
1450 2571 1478 2596 et
1502 2568 1530 2596 in
1575 2567 1664 2596 custos
1707 2574 1915 2596 ascensurum

1078 2614 1285 2652 praedixerunt.

1275 2671 1297 2696 ι.
1329 2671 1367 2697 De
1393 2667 1496 2696 Lhristi
1511 2666 1702 2701 generatione.

1112 2715 1138 2742 1.
1154 2714 1269 2742 Psalmo
1279 2714 1436 2742 centesimo
1449 2721 1525 2740 nono
1533 2711 1657 2740 Davides
1668 2711 1727 2739 ait:
1756 2711 1804 2740 Ea:
1826 2715 1920 2740 utare

1075 2765 1139 2788 ante
1154 2761 1302 2795 luci/erum
1315 2760 1401 2793 genui
1414 2761 1439 2786 te
1455 2757 1486 2785 ‘3.
1503 2757 1538 2785 Et
1548 2757 1687 2785 Salomon
1715 2756 1748 2784 in
1780 2765 1918 2793 persona

1076 2804 1177 2838 Verbi,
1187 2804 1262 2840 quod
1275 2804 1351 2832 Patri
1364 2807 1538 2831 coa'ternum
1564 2805 1628 2829 est:
1653 2800 1779 2830 Necdum
1802 2805 1919 2831 malles

1761 2856 2007 3190 ᾗ]
