4052 6380
267 346 416 405 1201

1606 341 2012 403 THESAURI
2057 343 2208 403 LIB.
2255 342 2362 403 III.

3526 341 3551 400 i
3563 340 3680 402 202

259 498 420 570 gravi
463 495 608 555 male
680 494 1062 561 constiterant,
1123 492 1355 550 necdum
1404 502 1579 565 fontes
1627 510 1910 566 aquarum
1942 481 1995 545 Α
2024 498 2186 555 super
2238 482 2435 551 ﬂuetus
2464 476 2633 532 maris
2682 474 2727 510 ³¹
2782 476 3090 546 [tanquam
3147 487 3325 545 super
3366 473 3661 545 pavimen-

263 596 588 660 eruperant,
628 592 759 642 ante
800 601 986 641 omnes
1016 584 1188 641 colles
1243 585 1598 652 parturiebar
1629 589 1695 641 υ.
1735 586 1912 641 Item.

265 696 376 750 que
410 677 649 732 Davides
709 674 822 731 alio
856 674 915 729 in
972 672 1135 730 loco:
1169 673 1492 729 Benedictus
1530 676 1627 745 qui
1675 675 1827 729 venit
1856 674 1917 728 in

266 768 487 821 nomine
522 764 772 822 Domini:
831 769 977 819 Deus
1024 763 1288 818 Dominus
1345 772 1396 819 et
1426 764 1622 818 illuxit
1665 762 1818 819 nobis
1849 761 1914 815 η.

265 858 408 911 Item
433 871 446 909 ε
481 856 619 909 Deus
657 859 847 908 noster
877 854 1169 923 manifeste
1187 853 1387 920 veniet,
1418 859 1471 907 et
1504 868 1613 907 non
1642 850 1914 908 silebit“.

268 944 529 1017 Regnabil
560 950 704 1000 Deus
733 959 896 1012 super
924 951 1110 1013 gentes
1144 939 1209 995 ‘7.
1242 942 1466 998 Postulo
1495 958 1528 996 a
1561 957 1666 1007 me,
1698 948 1750 997 et
1781 940 1918 995 dabo

267 1036 372 1091 tibi
397 1038 578 1107 gentes
609 1032 990 1090 haereditatem
1023 1038 1177 1086 tuam
1211 1030 1273 1086 ³⁸.
1309 1030 1505 1087 Omnes
1532 1035 1717 1101 gentes
1745 1046 1917 1101 quas-

263 1141 475 1197 cunque
521 1126 734 1194 ]ecisli,
793 1124 1037 1186 venient,
1073 1132 1122 1177 et
1177 1120 1487 1176 adorabunt
1523 1136 1713 1175 coram
1743 1129 1792 1175 te
1852 1120 1915 1172 ¹⁰.

261 1215 405 1270 Item
436 1215 639 1270 Isaias.
703 1213 826 1270 Non
860 1210 1123 1283 angelus,
1189 1229 1301 1266 non
1341 1211 1591 1279 legatus,
1646 1210 1747 1265 sed
1781 1210 1920 1265 Deus

261 1305 376 1375 ipse
402 1303 601 1368 veniet,
634 1302 748 1373 ipse
780 1302 1026 1357 saloabil
1061 1316 1179 1355 nos.
1232 1301 1376 1355 Tan:
1410 1302 1735 1370 aperientur
1770 1299 1921 1354 oculi

263 1409 554 1460 caecorum,
587 1406 642 1449 et
684 1409 848 1448 aures
894 1391 1194 1447 surdorum
1240 1390 1524 1461 patebunt.
1582 1390 1727 1445 Tunc
1746 1389 1920 1443 saliet

261 1486 406 1539 sicut
446 1500 637 1539 servus
688 1482 944 1548 claudus,
978 1486 1029 1536 et
1093 1489 1299 1553 aperta
1351 1481 1461 1536 erit
1515 1481 1711 1550 lingua
1740 1482 1917 1534 mulo-

265 1589 389 1627 rum
424 1574 488 1627 9°.
528 1573 668 1627 Item
695 1588 706 1625 :
744 1574 873 1627 Ecce
901 1572 1074 1639 Virgo
1101 1570 1391 1640 concipiet,
1424 1573 1473 1625 et
1500 1569 1685 1640 pariet
1712 1568 1918 1638 ﬁlium,

265 1673 317 1719 et
346 1663 632 1719 vocabitur
661 1678 865 1717 nomen
895 1663 1013 1732 ejus
1045 1662 1375 1716 Emmanuel
1406 1660 1478 1716 εί.

338 1754 617 1809 Parvulas
678 1756 828 1808 enim
890 1756 1056 1807 natus
1103 1755 1179 1807 est
1235 1751 1415 1819 nobis,
1474 1755 1527 1806 et
1579 1751 1732 1821 ﬁlius
1764 1748 1920 1803 datus

262 1848 339 1898 est
370 1843 547 1907 nobis,
592 1846 665 1897 et!
688 1846 870 1912 factus
918 1844 997 1895 est
1041 1838 1389 1910 principatus
1430 1855 1592 1911 super
1622 1839 1910 1894 humerum
1944 1826 1991 1890 B

266 1933 420 2001 ejus:
452 1934 507 1985 (ι
550 1930 836 1986 vocabitur
890 1944 1091 1984 nomen
1141 1929 1257 1998 ejus
1304 1928 1677 1993 admirabilis,
1723 1928 1906 1981 consi—

266 2022 491 2087 liarius,
529 2020 683 2085 Deus,
731 2020 929 2085 Fortis,
961 2018 1131 2098 Pater
1183 2018 1372 2087 laturi
1410 2014 1625 2081 saeculi,
1650 2017 1909 2086 princeps

260 2112 422 2181 pacis
480 2110 545 2163 ”.
570 2110 762 2164 Amen.

336 2201 493 2253 Idem
526 2198 640 2253 alio
674 2199 830 2252 loco:
866 2197 1034 2251 Terra
1077 2194 1355 2262 Zabulon,
1386 2200 1441 2249 et
1479 2201 1633 2250 terra
1673 2192 1910 2261 Nephta-

269 2289 388 2355 lim,
417 2288 507 2342 via
552 2288 749 2353 maris,
798 2292 952 2341 trans
1001 2286 1294 2341 Iordanem
1356 2284 1599 2340 Galilaeae
1640 2283 1907 2354 gentium.

273 2379 532 2448 Papulas,
587 2378 685 2446 qui
744 2376 1065 2431 ambulabat
1111 2375 1168 2430 in
1229 2375 1490 2442 tenebris,
1540 2374 1683 2428 vidit
1738 2372 1914 2426 lucem

268 2482 527 2536 magnam
558 2466 625 2520 93.
664 2465 806 2519 Item
841 2464 1148 2519 Michaeas:
1186 2465 1250 2519 Et
1277 2468 1359 2531 lu,
1393 2463 1691 2533 Bethleem,
1723 2463 1914 2517 domus

269 2554 532 2624 Ephrata,
565 2570 917 2625 nequaquam
950 2554 1190 2607 minima
1211 2568 1267 2608 es
1299 2553 1621 2632 inmillibus
1649 2550 1803 2606 Iuda.
1835 2552 1915 2605 Ea:

270 2649 321 2700 te
348 2647 493 2700 enim
525 2645 668 2699 mihi
722 2641 973 2698 adveniet
1017 2644 1162 2708 Dux,
1214 2646 1275 2696 ut
1303 2642 1376 2696 sit
1403 2643 1660 2712 princeps
1700 2643 1758 2695 in
1787 2639 1914 2694 Hie-

270 2734 540 2802 rusalem,
572 2741 623 2790 et
653 2737 836 2791 exitus
867 2735 984 2791 eius
1012 2750 1044 2788 a
1076 2733 1267 2789 diebus
1290 2734 1486 2787 seculi
1512 2732 1576 2787 1‘.
1630 2734 1773 2786 Item
1808 2730 1915 2785 Da-

269 2826 431 2881 vides
456 2825 628 2880 alibi:
664 2824 829 2879 Mater
853 2824 992 2879 Sion
1049 2823 1231 2878 dicet:
1262 2822 1451 2887 Homo,
1481 2825 1532 2877 et
1563 2821 1719 2878 homo
1749 2828 1916 2876 natus

274 2924 353 2972 est
380 2915 439 2970 in
463 2931 548 2981 ea,
581 2924 630 2971 et
659 2917 776 2987 ipse
801 2913 1057 2986 fundavit
1080 2928 1200 2969 eam
1229 2911 1557 2968 Altissimus
1586 2910 1653 2966 ³⁵.

788 3043 841 3095 2.
881 3046 960 3096 De
987 3043 1123 3111 fuga
1153 3039 1383 3095 Christi.

2018 572 2237 718 “aliisin
2259 656 2597 715 Zacharias:
2649 653 2876 710 Exsulta
2898 654 3052 720 satis,
3095 652 3223 724 [ilia
3251 653 3387 710 Sion
3416 669 3429 710 :
3468 653 3671 723 iubila,

2020 754 2139 826 ﬁlia
2167 750 2497 809 Jerusalem.
2552 749 2682 801 Ecce
2731 747 2844 802 Rex
2894 754 3021 800 tuus
3076 745 3228 800 venit
3256 744 3361 800 tibi
3396 745 3582 816 justus
3610 751 3667 800 et

2022 844 2293 908 Salvator,
2329 840 2440 910 ipse
2504 852 2716 908 pauper
2761 834 3054 890 ascendens
3109 849 3272 905 super
3324 832 3568 900 asinam,
3610 837 3665 890 et

2020 947 2186 1005 super
2206 928 2431 1002 pullum
2461 927 2642 998 ﬁlium
2672 926 2849 980 asinae
2877 921 2945 977 ³⁵⁸.

2390 1047 2444 1102 6.
2475 1046 2547 1100 De
2574 1044 2725 1100 Iuda
2748 1041 2956 1096 Christi
2984 1039 3287 1111 proditore.

2096 1168 2373 1224 Praeterea
2403 1159 2649 1218 Davides
2678 1159 2748 1214 de
2776 1157 2940 1213 Judae
2973 1163 3027 1211 ei
3067 1156 3500 1211 Pharisaeorum
3536 1174 3666 1228 pro-

2023 1258 2262 1320 ditione,
2337 1254 2490 1307 hunc
2573 1250 2630 1303 in
2686 1248 2924 1303 modum
3008 1244 3253 1302 scribit:
3312 1247 3423 1315 Qui
3485 1244 3677 1302 edebat

2018 1363 2194 1418 panes
2224 1360 2458 1411 mecum,
2519 1339 2896 1409 magniﬁcavit
2942 1352 3108 1406 super
3136 1351 3234 1404 me
3268 1333 3673 1405 supplantatio-

2021 1452 2146 1492 nem
2176 1433 2243 1491 ³³.

2098 1525 2270 1580 Item:
2307 1524 2487 1591 Quare
2537 1521 2885 1591 fremuerunt
2931 1518 3144 1588 gentes,
3174 1522 3224 1569 et
3266 1513 3463 1584 populi
3492 1511 3671 1567 medi-

2022 1617 2129 1672 tati
2153 1616 2281 1670 sunt
2314 1610 2513 1666 inania
2544 1605 2587 1643 ³⁸
2611 1608 2638 1663 ?

2452 1742 2511 1795 7.
2553 1743 2631 1793 De
2654 1736 2868 1793 Christi
2897 1732 3226 1789 delentione.

2096 1882 2236 1953 Ejus
2286 1891 2518 1950 quoque
2577 1870 2967 1928 delentionem
3025 1867 3118 1923 his
3181 1866 3375 1923 verbis
3406 1864 3674 1938 praedixit

2023 1971 2242 2028 Isaias:
2282 1969 2370 2024 Vae
2400 1966 2609 2020 animm
2639 1976 2846 2029 eorum,
2877 1958 3150 2030 quoniam
3180 1955 3407 2011 reddita
3429 1960 3558 2011 sunt
3585 1961 3667 2008 eis

2021 2061 2174 2116 mala
2204 2056 2271 2127 ³⁵,
2299 2055 2516 2127 quippe
2560 2051 2660 2123 qui
2711 2047 3003 2103 dixerint:
3052 2042 3668 2112 Circumveniamusju—

2023 2160 2189 2215 stum,
2217 2145 2349 2219 quia
2379 2142 2605 2199 inutilis
2634 2147 2710 2195 est
2738 2138 2897 2194 nobis
2927 2137 2990 2191 ³⁸.

2488 2289 2542 2342 8.
2578 2291 2655 2342 De
2680 2283 2892 2338 Christo
2919 2281 3207 2351 cruciﬁxo.

2099 2429 2255 2483 Idem
2311 2420 2599 2497 propheta
2631 2420 2698 2472 tle
2751 2414 2965 2474 Christi
3033 2427 3262 2486 quoque
3299 2409 3675 2465 cruciﬁxione

2028 2518 2115 2574 sic
2147 2516 2361 2570 habet:
2421 2510 2573 2567 Sicut
2610 2508 2727 2565 ovis
2797 2504 2869 2562 ad
2933 2505 3262 2560 occisionem
3319 2501 3575 2565 ducetur,
3625 2504 3676 2554 et

2028 2608 2187 2678 quasi
2214 2618 2387 2674 agnus
2416 2616 2606 2656 coram
2636 2598 2895 2653 tondente
2923 2610 2979 2650 se
3010 2593 3378 2647 obmutescet:
3410 2604 3516 2644 non
3548 2602 3674 2659 ape-

2029 2698 2134 2751 riet
2165 2711 2222 2749 os
2248 2708 2426 2747 suum.
2460 2689 2534 2744 De
2590 2684 2855 2758 angustia
2886 2687 2939 2738 et
2963 2682 3027 2737 de
3040 2679 3263 2752 judicio
3291 2679 3540 2735 sublatus
3569 2680 3670 2732 est.

2032 2780 2446 2839 Generationem
2495 2777 2612 2848 ejus
2658 2776 2782 2845 quis
2827 2771 3119 2829 enarrabit
3166 2767 3257 2824 θη
3288 2767 3429 2840 (Hoc
3450 2770 3541 2822 est
3572 2781 3673 2834 ge-

2030 2870 2392 2927 nerationem
2445 2867 2594 2937 ejus,
2652 2879 2777 2935 quae
2828 2862 3042 2917 saecula
3097 2857 3296 2915 omnia
3351 2853 3673 2928 praecessit)

2027 2967 2252 3033 prepter
2281 2959 2456 3014 scelus
2511 2954 2708 3027 populi
2735 2956 2847 3008 mei
2906 2951 3153 3024 percussi
3206 2964 3351 3003 eum.
3395 2946 3574 3001 Item:
3617 2944 3681 2999 Et

2030 3050 2181 3107 dabit
2225 3048 2424 3120 impios
2477 3060 2576 3119 pro
2619 3042 2924 3115 sepultura,
2975 3046 3028 3097 et
3077 3039 3310 3096 divitem
3355 3050 3454 3102 pro
3500 3039 3679 3090 morte

338 3151 558 3206 Rursus
590 3148 770 3205 Isaias
822 3148 891 3203 de
944 3147 1156 3202 Christi
1205 3147 1343 3218 fuga
1377 3144 1435 3200 in
1482 3147 1795 3217 Egyptum
1830 3144 1914 3200 sic
1957 3188 2001 3255 Ο
2028 3158 2125 3197 sua
2154 3140 2221 3196 ³⁸.

266 3240 380 3295 ait:
414 3240 545 3293 Ecce
571 3236 837 3292 Dominus
885 3234 1146 3292 ascendet
1197 3251 1366 3307 super
1393 3234 1593 3289 nubem
1639 3234 1832 3299 levem,
1863 3240 1918 3288 et

267 3327 612 3399 ingredietur
640 3328 957 3397 Egyptum,
1008 3334 1060 3380 et
1090 3324 1580 3380 commovebuntur
1619 3324 1921 3379 simulacra

274 3416 502 3489 Egypti
532 3433 565 3471 a
593 3416 742 3483 facie
760 3416 879 3482 eius
902 3413 969 3468 ³⁸.

734 3540 788 3595 3.
822 3540 895 3595 De
920 3541 1188 3611 baptismo
1218 3538 1445 3595 Christi.

346 3651 493 3704 Item
528 3649 599 3704 de
658 3647 950 3717 Baplismo
984 3647 1112 3716 ejus
1163 3644 1300 3700 alibi
1335 3644 1581 3701 Davides
1613 3645 1694 3700 ita
1715 3642 1914 3698 canit:

280 3740 393 3795 νοω
416 3739 644 3793 Domini
671 3751 840 3808 super
889 3752 1083 3807 aquas.
1118 3736 1260 3795 Deus
1306 3735 1622 3802 maiestatis
1652 3733 1920 3798 intonuit,

281 3830 552 3884 Dominus
573 3843 736 3899 super
758 3842 931 3897 aquas
959 3826 1166 3880 multas
1195 3824 1261 3881 ⁸⁷.

603 3917 654 3971 4.
690 3919 767 3971 De
793 3915 1000 3971 marbis
1030 3932 1063 3970 a
1098 3914 1317 3970 Christo
1347 3914 1583 3968 curatis.

353 4005 487 4058 Item
516 4004 586 4059 de
639 4003 859 4059 morbis
887 4004 959 4058 ab
1012 4018 1080 4057 eo
1131 4003 1381 4057 curatis:
1449 4000 1576 4055 Vere
1632 3998 1925 4067 languores

278 4098 493 4149 nostros
548 4094 662 4163 ipse
708 4090 867 4162 tulit,
915 4102 967 4146 et
1018 4091 1231 4146 dolores
1295 4094 1511 4144 nostros
1567 4086 1680 4158 ipse
1736 4090 1923 4157 porta-

280 4186 357 4240 vit
385 4182 448 4238 ²⁸.

664 4287 718 4339 5.
752 4285 826 4338 De
852 4283 1114 4339 descensu
1144 4283 1207 4338 in
1239 4283 1537 4354 Virginem.

351 4395 492 4449 Item
522 4394 594 4448 de
623 4393 911 4448 descensu
945 4391 1203 4461 ejusdem
1237 4389 1297 4444 in
1328 4390 1652 4460 virgineam
1687 4386 1881 4443 alvum
1909 4402 1925 4442 :

282 4482 574 4539 Descendet
596 4483 737 4538 sicut
788 4482 981 4552 pluvia
1012 4482 1073 4535 in
1116 4478 1312 4547 vellus,
1366 4482 1419 4535 et
1445 4478 1591 4533 sicut
1630 4476 1925 4532 stillicidia

2149 3275 2205 3330 9.
2241 3274 2313 3329 De
2340 3269 2656 3327 verberibus
2687 3271 2739 3322 et
2768 3265 3036 3335 colaphis,
3067 3261 3268 3335 quibus
3297 3260 3551 3317 Christus

2690 3353 2862 3396 caesus
2895 3343 3000 3392 est.

2100 3460 2303 3515 Itidem
2341 3459 2413 3513 de
2461 3457 2556 3524 iis,
2589 3454 2688 3526 qui
2733 3450 3073 3508 verberibus
3116 3464 3251 3504 eum
3311 3451 3369 3504 et
3412 3445 3677 3518 colaphis

2024 3547 2592 3619 confecerunt,apud
2621 3544 2893 3601 eumdem
2917 3540 3260 3613 prophetam
3291 3537 3415 3594 hinc
3443 3541 3501 3593 et
3521 3537 3678 3608 ejus-

2029 3640 2186 3698 modi
2228 3640 2534 3711 leguutur:
2594 3638 2802 3706 Corpus
2830 3647 3015 3687 meum
3075 3628 3201 3685 dedi
3246 3625 3678 3698 percutientibus

2025 3734 2075 3787 et
2104 3743 2272 3800 genas
2321 3723 2665 3781 vellentibus.
2724 3720 2940 3777 Faciem
2996 3733 3174 3774 meam
3230 3732 3343 3773 non
3389 3716 3564 3772 auerti
3599 3713 3672 3769 ab

2026 3815 2439 3887 increpantibus
2466 3817 2520 3869 et
2549 3809 2967 3883 conspuentibus
2995 3805 3063 3864 ‘9.

2102 3909 2227 3978 Ipse
2283 3919 2518 3976 quoque
2592 3900 2835 3956 Davides
2879 3898 2938 3953 in
3007 3913 3256 3969 persona
3313 3896 3522 3952 Christi
3588 3895 3673 3950 sic

2028 3997 2242 4053 habet:
2277 3994 2549 4061 Quoniam
2578 4005 2673 4060 ego
2702 3990 2764 4044 in
2790 3986 3015 4059 ﬂagella
3059 3991 3292 4054 paratus
3326 4000 3472 4054 sum,
3498 3988 3551 4039 et
3580 3984 3673 4037 do-

2032 4088 2115 4143 lor
2133 4100 2290 4141 meus
2317 4085 2379 4138 in
2399 4084 2688 4153 conspectu
2717 4093 2836 4133 meo
2866 4093 3083 4149 semper
3110 4077 3175 4131 ‘0.

2498 4207 2584 4261 10.
2619 4207 2697 4260 De
2726 4204 2947 4260 Christo
2977 4202 3210 4259 vendito.

2107 4329 2183 4382 De
2211 4323 2544 4382 venditione
2596 4336 2828 4392 quoque
2886 4319 3016 4390 ejus
3073 4317 3358 4374 Jeremias
3416 4316 3574 4373 hunc
3622 4316 3681 4369 in

2035 4418 2269 4472 modum
2303 4413 2476 4468 verba
2521 4411 2693 4466 facit:
2720 4411 2783 4464 Et
2840 4413 3167 4478 acceperunt
3216 4408 3462 4481 triginta
3491 4420 3686 4474 argen-

2037 4516 2165 4571 teos,
2229 4504 2466 4573 pretium
2534 4500 2853 4571 appreliati,
2912 4514 3072 4570 quem
3129 4498 3589 4567 appretiaoerunt
3645 4513 3682 4546 α

281 4575 559 4668 fimum“
600 4587 766 4668 δμρέν
813 4583 1017 4627 “rrum
1042 4570 1116 4668 _”'
1280 4568 1652 4668 Ennio-P08?”
1685 4567 1927 4668 Af‘te_8°'
1962 4553 2005 4616 Β
2209 4553 2403 4659 lrsrael,
2434 4597 2484 4646 et
2530 4553 2801 4644 dederunt
2840 4553 2936 4644 eo;
2967 4590 3023 4642 in
3057 4553 3261 4658 agrum
3310 4584 3503 4657 ﬁguli,
3550 4583 3690 4639 sicut

285 4663 392 4719 lem
430 4665 716 4734 permanet
770 4676 973 4717 nomen
1002 4660 1138 4730 eius,
1187 4663 1241 4715 et
1300 4657 1681 4715 benedicentur
1726 4655 1789 4711 in
1812 4657 1931 4727 ipso

283 4769 470 4810 omnes
519 4752 694 4808 tribus
762 4760 951 4818 terrm,
1026 4765 1208 4806 omnes
1261 4757 1447 4819 gentes
1501 4745 1935 4818 magniﬁcabunt

281 4860 406 4902 eum
436 4843 500 4899 ³ο.

354 4933 505 4989 Fieri
537 4936 733 4988 autem
795 4945 913 4985 non
964 4931 1170 5000 potest,
1227 4931 1287 4982 ut
1331 4927 1453 4981 haec
1500 4926 1571 4982 de
1598 4925 1934 4991 Salomone,

283 5028 567 5096 tauquam
593 5021 815 5087 Judmo,
846 5019 1001 5073 dicta
1032 5018 1171 5086 sint,
1204 5032 1309 5072 nec
1340 5016 1495 5071 enim
1537 5015 1648 5070 fuit
1668 5013 1767 5069 ille
1799 5017 1936 5069 ante

284 5112 488 5168 solem.

360 5203 502 5258 Item
533 5201 755 5258 Jobus:
788 5199 901 5269 Qui
931 5200 1180 5254 extendit
1208 5199 1368 5252 caelos
1386 5193 1561 5263 solus,
1594 5197 1650 5248 et
1681 5190 1938 5265 graditur

2041 4683 2328 4742 constituit
2356 4679 2500 4735 mihi
2522 4678 2783 4733 Dominus
2802 4678 2846 4713 ιι
2862 4717 2874 4731 .

2112 4774 2177 4829 Et
2206 4772 2551 4830 Zacharias:
2600 4774 2678 4828 Et
2723 4766 3109 4842 appenderunt
3157 4761 3454 4820 mercedem
3512 4773 3695 4815 meam

2042 4863 2282 4935 triginta
2302 4865 2576 4933 argenteis
2607 4860 2676 4916 ‘2.

2536 4981 2619 5036 11.
2652 4980 2729 5033 De
2756 4976 2949 5048 spinea
2975 4989 3201 5030 corona.

2117 5106 2266 5173 Quin
2297 5112 2353 5161 et
2406 5104 2677 5162 Salomon
2739 5102 2800 5157 in
2867 5098 3104 5155 Cantica
3162 5097 3525 5152 canticorum
3575 5090 3695 5146 ait:

2049 5195 2414 5270 Egredimini,
2470 5198 2520 5251 et
2561 5191 2758 5262 videte,
2818 5191 2951 5261 ﬁliae
3008 5188 3165 5255 Sion,
3227 5201 3414 5259 regem
3454 5182 3696 5239 Salomo—

364 5367 411 5404 ¹⁴
445 5367 616 5421 Prov.
650 5382 774 5427 νιιῐ,
805 5365 898 5421 25.
977 5361 1024 5396 ⁵⁵
1056 5362 1204 5418 Psal.
1281 5376 1453 5423 cxvn,
1512 5359 1600 5414 26.
1680 5356 1724 5392 ¹⁶
1758 5353 1910 5410 Psal.
1964 5368 2120 5427 nam,
2175 5353 2230 5406 3.
2307 5350 2538 5427 "Psal.
2587 5365 2739 5427 ξινι,
2795 5348 2868 5427 9.*
2931 5343 3294 5427 ¹⁸-.Ρξξῖ.ιῐῐ,
3327 5343 3420 5427 8.“
3459 5336 3690 5427 ":IPsa‘l.

290 5409 616 5506 unm-79:.
661 5409 1074 5503 ily-Isara“,-
1098 5409 1456 5506 Isset—1:”;
1492 5409 1603 5506 lea;
1651 5427 1906 5506 pugili.
1984 5424 2032 5460 ²²
2072 5409 2427 5506 Ιέδ.“ιχ,ψ6;
2495 5422 2540 5456 ’³
2602 5409 2734 5506 [θῆκ’
2779 5436 2815 5485 ι,
2836 5416 3037 5506 gen“.
3285 5431 3337 5506 Χ,
3386 5414 3423 5466 2
3417 5430 3462 5506 di
3493 5409 3708 5506 gatfg.

300 5481 1087 5575 i1..~6‘."’;'PsaI.-
1122 5481 1336 5560 35.13;:
1369 5481 1602 5575 sim-II"
1651 5481 1935 5575 ’ἦέ-Ῥοδιι.Δ
1959 5512 2160 5575 xxviuJ
2193 5495 2253 5575 3._
2294 5481 2374 5529 ’³⁸
2403 5495 2516 5575 Isa.
2537 5508 2671 5575 nun-1,
2703 5492 2757 5547 4.
2806 5481 3252 5575 ἐθήΡειξ1.ἠιικι,
3283 5481 3462 5575 6.m8°
3490 5481 3707 5575 12316,

292 5552 503 5638 iam”
542 5552 1002 5644 J66.“ii,"éi"'ii
1029 5552 1713 5637 Ξξὶιιοῇἶξξεῖ-Ἶδέῇεαι.
1751 5552 1919 5641 in,“

2050 5552 2277 5644 "Psal.
2302 5583 2376 5644 ῃ,
2410 5567 2459 5620 1.
2537 5562 2585 5598 ³⁵
2620 5552 2726 5644 [sa
2755 5562 2953 5644 _I_u,_9._
3001 5561 3046 5597 ³⁸
3072 5564 3212 5644 ὃδιρτζ
3239 5552 3304 5611 ⁷η.
3340 5557 3426 5612 13.
3503 5552 3548 5588 ⁸⁷
3577 5553 3691 5608 Isa.

292 5633 415 5723 tu},
457 5654 513 5706 7.
545 5633 563 5636 -
585 5633 640 5690 ἦ
660 5633 901 5708 Ῐὶλίάίὸ.
977 5633 1163 5707 ³⁹Ῑεὶὶη
1219 5666 1270 5718 L,
1300 5633 1355 5703 6.
1432 5644 1479 5679 ⁴⁰
1508 5645 1665 5701 Psal.
1698 5633 1910 5711 xxxvii,

2103 5638 2147 5674 ⁵¹
2174 5633 2378 5695 Matth.
2413 5652 2587 5707 xxvn,
2618 5636 2673 5689 9.
2751 5634 2796 5668 ⁴²
2826 5633 3000 5690 Zach.
3033 5648 3114 5698 xx,
3150 5633 3234 5684 12.
