4052 6398
363 327 520 390 1203

367 557 430 610 in
457 554 548 610 die
575 551 1020 625 desponsationis
1051 552 1208 606 illius
1239 549 1305 604 43.

439 645 725 701 Coronam
762 647 956 698 autem
981 641 1246 712 spineam
1297 637 1595 710 intelligit,
1629 654 1748 710 qua
1777 651 2017 694 corona-

1682 317 2006 385 NICET£
2047 318 2468 392 CHONIA'I‘IE

361 483 486 523 nem
521 465 582 520 in
613 463 956 528 diademate,
1006 476 1112 534 quo
1139 458 1432 516 coronavit
1489 457 1654 514 illum
1682 465 1862 514 mater
1887 474 2014 526 sua,
2053 455 2111 530 Α

3646 335 3821 402 1204

2473 469 2557 522 16.
2592 470 2667 525 De
2695 470 2988 526 ﬂaminica
3018 473 3454 530 Resurrectione.

2205 570 2364 628 Idem
2400 588 2633 647 quoque
2665 572 2736 632 de
2790 579 3218 636 resurrectione
3264 581 3423 637 hunc
3453 583 3516 637 in
3551 583 3808 641 modum

2133 660 2482 719 vaticinmus
2515 669 2636 722 est:
2673 662 2790 723 Non
2845 667 3191 742 det-elingues
3241 669 3496 726 animam
3525 689 3720 729 meum
3743 676 3806 729 in

366 738 578 826 tussiat
607 733 879 826 Christus
934 735 1198 802 tempore
1247 728 1566 801 passionis,
1611 745 1644 784 ι
1677 733 1863 783 matre
1896 743 2026 794 sus,
2131 749 2382 821 ιηΙενηο,
2415 765 2590 826 neque
2643 754 2798 812 dabis
2851 728 3100 813 Μηδεαὼ
3153 757 3314 814 tuum
3371 762 3568 816 videre
3603 728 3816 818 eam;

364 823 706 882 Judasorum
737 825 1062 893 Synagoga.

626 966 715 1022 12.
747 966 819 1021 De
843 965 1036 1034 clavis,
1071 963 1322 1031 vestibus,
1347 965 1496 1034 felle,
1528 970 1578 1019 et
1601 971 1770 1018 aceto.

368 1197 474 1237 nus
503 1195 671 1246 meas,
721 1188 771 1235 el
827 1178 988 1250 pedes
1055 1193 1228 1245 meos,
1277 1177 1782 1232 dinumeraverunt
1840 1174 2028 1231 omnia

369 1286 491 1326 ossa
524 1287 664 1324 mea.
719 1269 1033 1324 Diviserunt
1065 1266 1176 1323 sibi
1225 1266 1546 1322 vestimenta
1603 1281 1744 1330 mea,
1776 1271 1825 1320 et
1858 1281 2029 1335 super

369 1368 567 1416 vestem
597 1375 778 1414 meam
826 1359 1097 1413 miserunt
1153 1365 1362 1412 sortem
1407 1353 1472 1410 “.
1506 1355 1604 1410 Et:
1667 1353 1936 1410 Dederunl
1971 1355 2032 1408 in

365 1463 545 1504 escam
602 1463 780 1502 meam
850 1446 948 1517 fel,
1003 1449 1056 1502 et
1101 1444 1160 1501 in
1210 1447 1306 1500 siti
1381 1461 1506 1499 mea
1565 1447 1888 1515 potaverunt
1942 1457 2032 1497 me

368 1547 520 1593 aceto
553 1536 623 1589 ‘5.
655 1535 966 1592 Zacharias
1025 1551 1258 1606 quoque
1303 1533 1589 1606 propheta
1623 1533 1750 1587 sic:
1782 1535 1847 1587 Et
1877 1531 2032 1587 dice-

371 1630 464 1682 tur
491 1627 580 1680 ei:
613 1625 758 1693 Quid
787 1633 916 1680 sunt
944 1625 1120 1694 plaga
1145 1627 1261 1679 ista
1304 1623 1365 1678 in
1399 1623 1580 1678 medio
1611 1639 1878 1678 manuum
1903 1624 2032 1678 tua-

373 1719 542 1770 rum?
567 1720 635 1772 Et
687 1716 865 1770 dicet:
917 1717 1008 1769 His
1035 1715 1288 1786 plagalus
1343 1730 1467 1768 sum
1511 1713 1568 1768 in
1629 1714 1784 1768 domo
1823 1729 2032 1782 eorum,

377 1806 477 1877 qui
502 1804 806 1874 diligebant
833 1819 919 1858 me
947 1801 1013 1858 4‘.

563 1948 648 2002 13.
687 1951 762 2003 De
791 1946 1032 2002 tenebris
1049 1961 1086 2001 ιι
1104 1945 1324 2002 Christi
1347 1946 1610 2018 passione
1637 1943 1854 2000 obortis.

447 2077 528 2136 De
561 2079 817 2137 tenebris
869 2086 1063 2135 autem
1096 2078 1252 2135 idem
1307 2079 1590 2150 propheta
1639 2079 1890 2151 quodam
1922 2073 2036 2133 alio

376 2172 435 2226 in
465 2171 591 2225 loco
631 2169 716 2224 sic
741 2168 821 2224 ait
847 2185 860 2224 :
895 2171 967 2223 Et
995 2167 1105 2224 erit
1134 2170 1193 2224 in
1222 2165 1309 2223 die
1340 2167 1480 2222 illa:
1519 2183 1630 2223 non
1662 2167 1770 2222 erit
1801 2163 2038 2237 lux,!sed

374 2259 560 2332 frigus
589 2267 644 2315 et
687 2258 836 2329 gelu.
869 2259 937 2313 Et
987 2259 1099 2312 erit
1129 2257 1249 2314 dies
1306 2270 1440 2326 una,
1473 2271 1602 2328 qua
1656 2261 1789 2314 nota
1821 2265 1904 2311 est
1935 2261 2038 2311 Do-

376 2351 550 2416 mino,
583 2363 694 2403 non
727 2346 871 2411 dies,
893 2362 1066 2420 neque
1082 2362 1234 2415 mox,
1254 2356 1306 2403 et
1337 2345 1397 2401 in
1430 2355 1670 2418 tempore
1687 2345 1906 2416 vesperi
1924 2344 2035 2401 erit

383 2437 483 2493 lux
515 2433 581 2493 ‘7.

453 2529 627 2582 Amos
648 2525 788 2580 item
821 2524 1105 2597 propheta
1129 2541 1142 2580 :
1175 2523 1241 2580 Et
1269 2519 1380 2580 erit
1409 2527 1469 2580 in
1485 2521 1574 2580 die
1604 2525 1734 2594 illa,
1757 2523 1894 2580 dicit
1923 2526 2036 2579 Do-

379 2618 572 2673 minus
597 2631 610 2671 :
640 2614 855 2671 Occidet
871 2616 951 2671 sol
981 2615 1043 2670 in
1070 2614 1334 2685 meridie,
1365 2617 1414 2670 et
1445 2613 1809 2672 tenebrescere
1825 2614 2034 2686 faciam

393 2707 604 2760 terram
636 2705 695 2759 in
716 2701 806 2760 die
834 2704 1066 2760 luminis
1093 2703 1159 2759 ιε.

458 2797 721 2866 Itemque
741 2792 863 2849 Joel
889 2811 901 2848 :
936 2793 1030 2850 Sol
1062 2797 1112 2850 et
1143 2794 1276 2848 luna
1308 2791 1476 2848 simul
1513 2791 1852 2850 obtenebrali
1875 2797 2029 2861 sunt,

377 2891 434 2940 et
464 2883 644 2940 stella
671 2887 1043 2939 retraxerunt
1067 2882 1410 2956 splendorem
1441 2899 1640 2954 ,suum,
1681 2887 1733 2938 et
1771 2881 2034 2939 Dominus

379 2973 531 3031 dedit
561 2989 746 3029 vocem
777 2989 933 3029 suam
956 2971 1025 3026 ⁴⁹.

451 3069 515 3120 In
546 3063 755 3136 primis
788 3069 980 3119 autem
1024 3061 1214 3119 Moses
1245 3061 1325 3118 ait
1364 3081 1378 3118 :
1413 3061 1742 3134 Prophetam
1787 3063 1858 3117 de
1875 3064 2034 3132 gente

382 3163 504 3223 tua,
533 3164 586 3208 et
625 3151 900 3224 fratribus
956 3153 1065 3207 tuis
1095 3153 1232 3206 sicut
1252 3166 1361 3219 me,
1391 3151 1676 3206 suscitabit
1709 3150 1812 3206 tibi
1845 3151 2028 3206 Domi-

2131 839 2371 909 plionem
2399 840 2466 898 ⁸⁵.

2209 928 2348 984 Item
2383 930 2566 988 Osee:
2608 933 2813 1005 Venite,
2871 943 2923 991 et
2955 939 3297 993 revertamur
3351 938 3430 994 ad
3460 939 3804 1011 Dominum,

1473 1017 1495 1100 ,⁷
1534 1017 1571 1019 ’ί
1605 1089 1640 1100 _
1862 1095 1870 1100 _
2135 1031 2265 1089 quia
2323 1017 2441 1092 ipse
2485 1023 2650 1094 cepit,
2691 1019 2743 1079 el
2783 1023 3007 1080 sanabit
3047 1041 3145 1082 nos
3196 1034 3320 1098 post
3357 1026 3496 1084 duos
3553 1029 3705 1086 dies.
3751 1031 3813 1086 In

439 1093 572 1148 Alio
603 1091 746 1146 item
777 1089 1182 1182 loco_Davides
1235 1088 1558 1182 de__clavis:
1597 1087 1870 1144 Foderunt
1902 1103 2027 1182 ma-
2135 1087 2415 1165 g,,,,,,‘,-,,
2469 1087 2761 1169 sugcima
2815 1125 2929 1182 nos,
2987 1119 3038 1170 ει
3093 1087 3336 1172 υίυέηιαε
3394 1119 3457 1174 in

2136 1203 2254 1276 ejus
2281 1205 2348 1262 ⁵⁸.

3507 1125 3806 1192 conspectu

2459 1314 2548 1369 17.
2582 1315 2655 1371 De
2685 1317 3094 1388 unguenti/eris
3123 1320 3474 1376 mulieribus.

2209 1425 2289 1475 De
2321 1421 2749 1493 unguentiferis
2807 1439 2942 1480 vero
2993 1425 3342 1483 mulieribus
3371 1427 3534 1485 hunc
3569 1429 3632 1484 in
3679 1447 3816 1486 mo-

2140 1511 2283 1566 dum
2317 1513 2500 1568 Isaias
2531 1513 2961 1571 vaticinantur:
2995 1517 3258 1574 Mulieres
3295 1521 3587 1576 venientes
3618 1531 3672 1577 et
3711 1521 3817 1578 do-

2140 1609 2322 1658 centes
2345 1619 2490 1658 eam.
2521 1603 2640 1659 Non
2664 1612 2740 1660 est
2758 1604 2907 1660 enim
2928 1607 3164 1678 populus
3193 1609 3410 1680 sapiens
3439 1609 3507 1664 ⁵⁷.

2557 1759 2642 1812 18.
2676 1762 2760 1814 De
2780 1759 3108 1817 Ascensione
3127 1763 3366 1820 Domini.

2059 1829 2108 1900 B
2214 1866 2325 1921 Sed
2361 1870 2419 1922 et
2461 1868 2533 1922 de
2579 1869 2924 1924 ascensione
2973 1869 3259 1926 Davides:
3309 1872 3571 1928 Ascendit
3629 1890 3814 1944 super

2145 1955 2458 2024 Cherubim,
2506 1961 2559 2013 et
2622 1957 2872 2013 volavit:
2906 1959 3112 2014 volavit
3158 1977 3324 2032 super
3364 1977 3586 2034 pennas
3626 1969 3826 2021 vento-

2143 2064 2267 2102 rum
2291 2048 2354 2102 ⁸³.

2217 2137 2362 2193 Item
2391 2154 2404 2192 :
2437 2139 2686 2195 Ascendit
2739 2140 2878 2194 Deus
2911 2141 2973 2195 in
3030 2141 3226 2211 iubilo,
3288 2141 3555 2199 Dominus
3587 2145 3650 2201 in
3685 2162 3817 2202 voce

2145 2232 2200 2284 lu
2212 2227 2294 2283 bg
2331 2226 2398 2284 5°.

2212 2319 2356 2373 Item
2381 2335 2395 2372 :
2448 2319 2707 2375 Attollite
2735 2326 2926 2388 portas
2952 2321 3233 2393 principes
3253 2329 3488 2393 vestras,
3512 2331 3567 2379 et
3589 2324 3819 2382 introi-

2145 2405 2222 2461 bit
2245 2409 2362 2460 Rex
2387 2406 2587 2476 gloriae
2616 2406 2684 2462 6°.

2215 2495 2357 2549 Item
2390 2494 2602 2552 Isaias:
2652 2497 2784 2566 Quis
2815 2506 2896 2553 est
2941 2499 3067 2566 iste,
3111 2498 3211 2570 qui
3259 2501 3413 2556 venit
3469 2501 3547 2557 de
3597 2503 3824 2560 Edam!

2142 2585 2331 2640 tinctis
2361 2587 2594 2641 vestibus
2621 2587 2686 2642 de
2714 2589 2892 2643 Bosra
2919 2588 2962 2623 ⁶¹
2982 2587 3010 2643 7

2216 2675 2359 2730 Item
2387 2693 2399 2730 :
2431 2675 2612 2743 Quare
2644 2692 2768 2748 ergo
2799 2677 3034 2733 rubrum
3057 2681 3142 2733 est
3171 2677 3562 2735 indumentum
3597 2683 3768 2736 tuum
3792 2687 3818 2736 .9

2137 2769 2192 2819 et
2235 2765 2556 2820 vestimenta
2603 2773 2702 2820 tua
2755 2766 2900 2822 sicut
2959 2765 3302 2822 calcantium
3349 2769 3411 2822 in
3482 2771 3820 2826 lorculari?

2143 2853 2390 2908 torcular
2417 2853 2632 2911 calcavi
2652 2855 2822 2923 solus,
2846 2863 2900 2912 et
2924 2855 2992 2910 de
3017 2855 3272 2927 gentibus
3301 2872 3414 2911 non
3466 2861 3546 2914 est
3569 2861 3662 2914 vir
3691 2876 3822 2916 me-

2139 2957 2262 2996 cum
2291 2941 2363 2996 ‘9.

2209 3036 2492 3088 Praeterea
2538 3049 2672 3090 vero
2693 3033 3001 3091 Zacharias
3055 3035 3174 3091 ait:
3233 3036 3301 3092 Et
3354 3038 3581 3093 stabunt
3619 3037 3824 3109 pedes-

2143 3124 2361 3180 Domini
2387 3135 2555 3196 super
2600 3129 2840 3181 montem
2872 3125 3179 3194 Oliuarum,
3242 3131 3344 3199 qui
3369 3138 3445 3185 est
3485 3131 3676 3184 contra
3717 3132 3795 3185 Je

383 3197 482 3209 η...
533 3197 584 3208 ν-
654 3197 756 3206 η.-.
780 3197 897 3207 --.η
956 3197 1063 3207 -..η
1095 3197 1228 3206 -.ηπ
1255 3197 1361 3219 ...η
1391 3197 1676 3206 -..η-η-.-
1709 3197 1810 3206 --η
1845 3197 2000 3206 _-..--

381 3199 504 3296 nus,
529 3197 670 3297 Deus
729 3249 878 3306 tuus,
921 3238 1106 3312 ipsum
1158 3239 1372 3296 audies.
1417 3240 1484 3294 Et
1537 3241 1646 3295 erit
1696 3240 1807 3295 vita
1841 3243 2026 3294 vestra

2187 3214 2384 3270 ssalem
2407 3215 2479 3270 ad
2508 3213 2776 3271 orientem
2803 3214 2871 3273 ⁸³.

376 3329 618 3402 pendens
649 3336 778 3383 ante
799 3327 980 3384 oculos
997 3331 1200 3383 vestros
1224 3328 1291 3382 ⁸ο.

880 3473 966 3528 14.
1001 3473 1076 3529 De
1107 3473 1315 3530 Christi
1337 3477 1529 3529 morte.

455 3589 537 3645 De
564 3592 754 3644 morte
811 3589 1076 3660 ejusdem
1135 3589 1220 3644 sic
1277 3591 1497 3647 Isaias:
1551 3592 1742 3648 Justus
1797 3593 1941 3662 perit
1981 3595 2034 3648 et

381 3685 592 3737 nonest
621 3680 718 3752 qui
770 3680 1028 3750 recogitet
1057 3681 1118 3736 in
1169 3681 1331 3736 corde
1359 3696 1474 3737 suo.
1537 3681 1852 3753 [Nimirum
1903 3683 2034 3754 ejus

381 3769 920 3840 resurrectionem.)
981 3770 1120 3825 Item
1155 3787 1168 3824 :
1209 3771 1246 3825 Α
1301 3770 1446 3840 facie
1495 3773 1744 3828 malitia
1774 3772 2032 3828 collectus

378 3866 465 3914 est
495 3859 696 3926 iustus,
715 3866 767 3913 et
795 3859 903 3914 erit
933 3858 999 3914 in
1024 3874 1158 3930 pace
1185 3859 1471 3930 sepultura
1492 3861 1611 3926 eius
1639 3859 1707 3914 ⁵¹.

454 3945 746 4015 Quaesitus
777 3948 932 4003 enim
979 3952 1068 4003 est
1113 3947 1187 4002 ab
1223 3947 1498 4020 Josepho,
1532 3947 1712 4019 {eique
1744 3950 1935 4019 datus,
1969 3953 2032 4004 ut

381 4036 746 4108 sepeliretur.
810 4037 936 4100 Qua
959 4037 1031 4093 de
1082 4053 1144 4093 re
1183 4035 1310 4108 ipse
1366 4053 1602 4109 quoque
1658 4037 1910 4094 Devides
1938 4039 2030 4094 bis

377 4127 574 4184 verbis
605 4126 854 4184 cecinit:
909 4127 1215 4182 Posuerunt
1265 4143 1352 4183 me
1381 4128 1438 4182 in
1489 4127 1613 4182 lacu
1631 4128 1890 4197 inferiori
1923 4145 1936 4182 :
1971 4129 2030 4183 in

377 4216 642 4282 tenebris,
674 4219 722 4271 et
753 4216 814 4270 in
843 4215 1046 4270 umbra
1092 4214 1288 4270 mortis
1335 4213 1420 4270 η’.
1457 4217 1598 4271 Item
1626 4231 1640 4270 :
1673 4220 1875 4272 Factus
1903 4233 2029 4272 sum

376 4308 516 4362 sicut
561 4305 718 4361 homo
793 4307 918 4360 sine
961 4304 1258 4375 adjutorio,
1311 4306 1458 4362 inter
1487 4310 1732 4361 mortuos
1779 4305 1920 4362 liber
1960 4303 2026 4362 ⁶².

378 4396 498 4452 Ηοο
529 4399 618 4451 est
643 4412 678 4450 a
699 4395 953 4466 peccatis
981 4395 1283 4451 immunis.

676 4530 761 4586 15.
785 4530 860 4586 De
886 4528 1098 4586 Christi
1125 4529 1382 4586 descensu
1406 4529 1480 4586 ad
1510 4530 1737 4602 inferos.

447 4651 527 4706 Ita
548 4665 682 4705 vero
704 4647 865 4719 apud
888 4647 1102 4702 Iobum
1154 4647 1467 4704 scribitur:
1520 4649 1782 4720 Nunquid
1811 4661 2029 4720 apertae

375 4744 509 4797 sunt
563 4739 662 4795 tibi
713 4740 890 4810 porta
973 4739 1178 4802 mortis,
1237 4739 1292 4791 et
1339 4737 1478 4794 ostia
1537 4739 1838 4808 :tenebrosa
1892 4742 2030 4797 vidi-

376 4827 575 4885 sli“?

446 4917 512 4972 In
539 4915 802 4972 eamdem
850 4915 1204 4971 sententiam
1252 4913 1500 4972 Davides
1525 4933 1539 4970 :
1569 4917 1679 4981 Qui
1701 4915 1879 4972 educit
1909 4919 2027 4972 vin-

374 5013 488 5064 ctos
507 5006 572 5062 in
601 5005 950 5075 fortitudine,
999 5004 1268 5062 similiter
1300 5021 1396 5061 eos
1425 5008 1524 5076 qui
1540 5012 1892 5078 exasperant,
1925 5011 2028 5080 qui

375 5093 631 5151 habitant
661 5096 719 5150 in
751 5095 1019 5166 sepulcris
1046 5093 1115 5149 ⁸³.

444 5239 492 5274 ⁴³
521 5241 806 5311 Cant.._m,
829 5237 927 5311 11.
1001 5237 1047 5311 ξδ
1077 5235 1228 5311 Psal.
1253 5254 1369 5305 xxi,
1417 5238 1494 5311 t‘_l,
1527 5237 1616 5295 19.
1694 5237 1742 5272 ‘5
1774 5241 1928 5296 Pssl.
1991 5243 2300 5309 wa11,22.
2380 5241 2424 5276 ‘°
2472 5241 2644 5298 Zsch.
2679 5259 2796 5308 xu,
2834 5244 2888 5298 6.
2967 5245 3010 5279 ‘7
3035 5245 3208 5300 Zach.
3267 5262 3382 5311 xw,
3421 5247 3481 5309 6.
3517 5251 3569 5304 “.

2604 3363 2690 3416 19.
2717 3363 2790 3418 De
2811 3363 3030 3434 judicio
3059 3367 3330 3422 extremo.

2213 3485 2292 3541 De
2315 3487 2575 3542 secundo
2603 3491 2798 3542 autem
2845 3489 3116 3559 adventu,
3173 3489 3379 3546 Daniel
3409 3491 3490 3546 ita
3518 3490 3819 3547 vaticina-

2140 3580 2239 3632 tus
2263 3580 2392 3633 est:
2454 3575 2796 3648 Aspiciebam
2845 3593 2980 3651 ergo
3021 3579 3078 3634 in
3124 3579 3337 3635 visione
3385 3579 3580 3648 noctis,
3607 3590 3666 3636 et
3697 3597 3827 3639 ecce

2142 3682 2266 3722 cum
2297 3665 2531 3722 nubibus
2572 3667 2696 3722 ασειί
2724 3669 2885 3740 quasi
2939 3667 3120 3724 Filius
3145 3667 3388 3725 hominis
3446 3669 3724 3736 ueniebat,
3769 3682 3828 3729 et

2139 3770 2312 3826 usque
2332 3755 2403 3810 ad
2423 3755 2729 3826 Antiquum
2774 3755 2998 3812 dierum
3043 3761 3316 3828 pervenit,
3349 3767 3402 3815 et
3426 3776 3484 3814 in
3517 3765 3828 3830 conspectu

2141 3843 2261 3914 ejus
2289 3842 2605 3898 obtulerunt
2650 3859 2793 3900 eum.
2817 3846 2882 3899 Et
2913 3845 3060 3900 dedit
3091 3845 3147 3902 ei
3189 3851 3514 3918 potestatem
3557 3853 3609 3904 et
3649 3849 3828 3907 hanc-

2140 3948 2276 4004 rem,
2305 3939 2360 3988 et
2390 3949 2644 4002 regnum,
2703 3940 2759 3990 et
2798 3949 2986 3990 omnes
3031 3937 3248 4008 populi,
3291 3937 3466 3994 tribus
3512 3947 3567 3994 et
3591 3937 3829 4011 linguae

2139 4023 2252 4093 ipsi
2291 4023 2548 4078 servient.
2609 4024 2853 4080 Potestas
2921 4024 3038 4096 ejus
3081 4029 3319 4096 potestas
3373 4037 3614 4097 aeterna,
3691 4046 3828 4102 quae

2137 4127 2249 4166 non
2277 4114 2580 4182 auferetur,
2628 4119 2679 4168 et
2707 4129 2947 4186 regnum
3003 4117 3128 4186 ejus
3187 4115 3334 4187 quod
3388 4133 3499 4174 non
3547 4133 3826 4175 corrum-

2136 4206 2299 4273 petur
2326 4200 2394 4256 ⁶⁴.

2208 4293 2350 4348 Item
2373 4291 2484 4348 alio
2515 4291 2638 4349 loco
2665 4309 2679 4348 :
2709 4291 3056 4359 Aspiciebam
3076 4295 3244 4352 donec
3261 4295 3434 4367 positi
3447 4299 3826 4369 suntthroni,

2134 4381 2184 4438 et
2215 4379 2478 4454 antiquus
2516 4379 2734 4437 dierum
2789 4382 2948 4452 sedit,
3018 4387 3404 4440 vestimentum
3442 4387 3568 4450 eius
3609 4391 3824 4446 condi.

2136 4469 2290 4538 dum,
2323 4470 2484 4542 quasi
2507 4471 2628 4541 nix,
2685 4477 2742 4526 et
2783 4473 2985 4544 capilli
3039 4475 3240 4546 capitis
3282 4477 3402 4545 eius
3458 4477 3628 4548 quasi
3683 4480 3827 4536 lana

2062 4566 2106 4634 ο
2137 4557 2363 4618 munda.
2398 4560 2642 4616 Thronus
2689 4561 2809 4632 ejus
2838 4565 3086 4632 ﬂamma
3138 4565 3309 4636 ignis.
3333 4567 3568 4622 Flavius
3609 4569 3830 4638 igneus

2138 4647 2469 4722 rapidusque
2494 4651 2886 4721 egrediebatur
2912 4671 2946 4708 a
2965 4651 3118 4723 [acie
3142 4655 3259 4724 eius
3281 4671 3295 4724 ;
3329 4651 3521 4710 millia
3555 4652 3826 4716 millium

2137 4739 2533 4796 ministrabant
2563 4741 2636 4806 ei,
2669 4743 2848 4800 decies
2887 4743 3095 4799 millies
3123 4747 3352 4800 centena
3367 4747 3550 4802 millia
3582 4751 3826 4804 assiste-

2137 4831 2269 4886 bant
2298 4833 2370 4886 ei.
2400 4831 2697 4889 Judicium
2713 4833 2874 4890 sedit:
2909 4837 2961 4889 et
2987 4833 3119 4888 libri
3143 4835 3328 4904 aperti
3383 4844 3534 4892 sunt.
3563 4838 3830 4909 Aspicie‘

2135 4919 2281 4988 bam,
2341 4922 2570 4991 propter
2645 4936 2827 4976 vocem
2909 4935 3225 4978 sermonum
3286 4922 3612 4993 grandium,
3678 4944 3826 5000 quos

2132 5023 2302 5066 cornu
2335 5007 2479 5064 illud
2545 5010 2886 5081 loquebatur,
2929 5014 2980 5067 et
3010 5011 3141 5068 vidi
3193 5012 3456 5083 quoniam
3508 5015 3828 5087 interfecta

2130 5101 2267 5154 esset
2298 5097 2470 5154 best-ia
2494 5098 2541 5134 ⁸⁵
2566 5099 2689 5171 [qui
2723 5104 2813 5156 est
2842 5100 3288 5174 Antichristus.]
3311 5101 3447 5176 (21).

3651 5249 3829 5308 δελ,

373 5328 504 5385 mos
531 5323 655 5385 vui,
687 5309 768 5385 9._
819 5305 867 5340 ⁴⁹
895 5307 1042 5362 Joel.
1078 5309 1368 5385 11,10,11.
1407 5305 1492 5385 _5°
1521 5314 1690 5385 _Deut.
1724 5325 1885 5377 xvm,
1930 5315 2026 5385 l5;

2187 5331 2212 5374 [,
2243 5313 2336 5368 66.
2411 5312 2456 5348 ⁵³
2493 5315 2605 5371 lss.
2639 5305 2860 5379 “11,1.
2895 5315 2962 5350 ἰ’
2977 5317 3129 5371 Psel.
3165 5305 3414 5385 Lnxvu,
3444 5305 3501 5374 '7.
3583 5321 3632 5356 ⁵³
3657 5305 3824 5382 Ibi-cl.

370 5385 425 5456 ᾗ.
457 5383 510 5436 6.
559 5380 634 5456 _5’
679 5378 1087 5456 Job.__xxx_vjiu,
1140 5380 1228 5456 17.
1303 5379 1597 5456 “feel:
1622 5399 1790 5456 urvu,
1859 5387 1913 5440 7.
1945 5383 2031 5456 “‘5

2187 5386 2235 5440 ll.
2297 5401 2390 5453 xv,
2451 5387 2538 5442 10.
2613 5385 2663 5421 ⁵⁸
2737 5378 2905 5454 Osee,
2965 5404 3042 5454 v1,
3107 5390 3158 5443 1.
3233 5378 3422 5445 "leo...
3482 5378 3826 5456 xxvn.

373 5454 416 5488 ⁵⁸
445 5449 597 5531 Pes}.
627 5467 762 5531 syri,
795 5449 906 5531 1_l._
936 5450 1006 5531 _‘_°
1035 5448 1186 5531 Ejsal.
1223 5467 1336 5519 xvr,
1366 5452 1420 5506 6.
1453 5523 1464 5531 _
1498 5453 1544 5488 ⁸ο
1567 5452 1715 5531 Psal.
1749 5448 1914 5522 nxm,
1943 5455 1978 5510 7

2187 5473 2238 5512 ο..
2262 5448 2417 5524 mu,
2444 5459 2494 5513 1.
2571 5458 2618 5492 ⁶²
2649 5459 2798 5516 Ibid.
2837 5448 2902 5513 2..
2970 5448 3041 5494 ⁸⁸’
3071 5460 3242 5518 Zecb.
3276 5478 3392 5531 Juv,
3426 5464 3480 5517 4.
3559 5463 3613 5498 ⁶⁴
3655 5448 3821 5526 Dixi}

373 5540 474 5580 vn.
509 5522 596 5590 13,
630 5523 717 5578 14.
793 5521 838 5556 ⁸⁸
870 5519 1014 5578 Ibid.
1047 5523 1102 5582 9.
1138 5537 1298 5592 seqq.
1335 5523 1506 5592 paulo
1538 5530 1692 5582 ante.

449 5674 558 5745 (21)
587 5671 941 5728 Scutariotes
976 5671 1069 5727 hic
1101 5671 1516 5743 prophetarum
1550 5680 1754 5730 contra
1782 5675 2019 5732 Judaeos
2050 5678 2390 5735 testimonia
2419 5679 2739 5736 desiderat.
