4052 6426
285 397 437 459 1205

984 535 1136 588 ΟΔΡ.
1174 533 1244 589 ll.

290 640 520 701 Joannis
582 642 927 712 Damasceni,
1006 643 1071 698 de
1144 638 1353 698 Christi
1417 643 1784 713 conceptione,
1853 653 1951 695 seu

473 717 673 773 divina
710 716 967 771 humu/tte
1010 716 1195 770 carnis
1235 718 1602 793 assumptione
1631 715 1764 786 (22).

365 823 624 899 Angelus
673 826 907 882 Domini
940 822 1157 879 missus
1204 826 1276 880 ad
1330 828 1589 880 sanctam
1622 816 1946 895 Virginem,

296 934 422 988 qure
477 930 663 989 genus
722 931 792 970 ex
845 908 1125 971 Davidica
1184 910 1342 970 tribu
1394 912 1646 969 ducebat
1697 914 1951 984 (constat

294 1006 450 1061 enim
502 1005 817 1061 Dominum
869 1020 938 1060 ex
985 1003 1140 1059 Juda
1186 1004 1378 1059 ortum
1427 1003 1697 1069 traxisse,
1731 1014 1843 1074 qua
1883 1016 1950 1056 ex

292 1092 481 1148 tribus
515 1091 709 1148 nullus
770 1094 1032 1146 animum
1065 1091 1139 1145 ad
1172 1082 1561 1147 sacerdotium
1609 1088 1852 1162 appulit,
1887 1084 1951 1143 ut

296 1184 497 1236 beatus
530 1180 848 1253 Apostolus
879 1180 978 1247 ait,
1014 1176 1087 1236 de
1110 1190 1226 1251 quo
1259 1184 1461 1251 postea
1492 1179 1758 1234 dicemus
1785 1190 1947 1248 aper-

289 1271 455 1338 tius),
485 1271 568 1325 sic
599 1266 1015 1341 Evangelizans
1057 1270 1242 1325 dixit:
1275 1271 1381 1325 Ave
1407 1268 1592 1338 gratia
1613 1267 1809 1340 plena,
1844 1270 1949 1323 Do-

290 1358 474 1414 minus
504 1358 697 1415 tecum.
731 1359 864 1423 Quaa
898 1372 1032 1413 cum
1062 1359 1295 1413 turbata
1319 1362 1478 1413 esset
1509 1352 1616 1413 hoc
1648 1372 1945 1425 sermone,

292 1448 541 1517 subjecit
570 1445 857 1519 angelus:
890 1450 971 1505 Ne
1015 1449 1233 1514 timeas,
1265 1444 1460 1514 Maria,
1497 1447 1764 1502 invenisti
1801 1447 1949 1500 enim

290 1534 541 1609 gratiam
572 1536 720 1607 apud
771 1534 1079 1601 Dominum,
1103 1534 1157 1591 et
1200 1535 1384 1606 partes
1430 1530 1677 1597 Filium;
1708 1540 1760 1588 et
1791 1546 1953 1589 vocaa-

295 1626 376 1680 bis
420 1636 622 1680 nomen
667 1627 785 1697 ejus
837 1627 1021 1681 Iesum
1051 1618 1120 1680 ⁸⁸.
1176 1622 1293 1695 ipse
1335 1624 1486 1680 enim
1519 1625 1738 1680 salvum
1779 1622 1953 1695 faciet

290 1716 558 1786 populum
605 1726 767 1769 suum
799 1731 832 1769 a
860 1716 1092 1785 peccatis
1121 1722 1310 1770 eorum
1338 1713 1403 1768 ⁸⁷.
1442 1713 1601 1769 Unde
1628 1716 1797 1768 Jesus
1828 1722 1949 1767 ser-

288 1808 548 1858 vatorem
582 1802 1038 1875 significatQuaa
1070 1812 1203 1857 cum
1230 1800 1502 1858 haesitans
1527 1800 1948 1873 respondisset:

1633 386 2045 459 THESAUEI
2095 387 2241 450 LIB.
2295 386 2400 451 ΙΙΙ.

1980 527 2034 592 Α
2062 523 2243 593 tione,
2277 522 2444 580 nulla
2468 522 2752 582 divisione
2783 527 2933 584 facta
2956 544 2975 584 :7
3004 529 3328 587 divinitatis
3360 540 3482 587 suis
3512 538 3725 592 natura

3575 394 3729 461 1206

2055 613 2116 668 in
2149 614 2342 669 carnis
2365 615 2680 670 essentiam
2718 617 2959 672 minime
2990 624 3235 686 mutata,
3262 634 3454 692 neque
3485 628 3709 695 contra,

2055 701 2250 756 carnis
2299 714 2419 757 sum
2467 704 2723 758 essentia
2780 703 2838 758 in
2889 719 3008 760 suae
3056 707 3386 764 divinitatis
3440 718 3710 767 naturam

2054 805 2354 858 conversa,
2411 802 2600 863 neque
2648 806 2765 849 una
2793 790 3116 867 eademque
3149 803 3355 853 natura
3391 803 3719 872 composita

2055 893 2121 935 ex
2152 877 2349 935 divina
2401 894 2507 936 sua
2537 886 2769 949 natura,
2825 887 2881 937 et
2931 883 3213 952 humana,
3246 902 3421 958 quam
3475 906 3715 946 assum-

2055 973 2272 1040 pserat.

2739 1062 2891 1119 CAP.
2933 1064 3033 1118 III.

2054 1164 2332 1237 Eiusdem,
2403 1160 2740 1252 den-duabus
2791 1171 3029 1252 naturis,
3089 1172 3406 1252 adversus__
3428 1178 3556 1252 illos
3614 1184 3716 1252 qui

2268 1252 2441 1296 unam
2473 1240 2686 1297 Christo
2717 1250 2973 1299 naturam
2997 1259 3109 1300 esse
3130 1245 3331 1301 dicunt
3357 1247 3492 1320 (24).

2125 1348 2355 1404 Naturaa
2387 1348 2542 1404 inter
2571 1364 2652 1415 se,
2710 1347 2872 1405 nulla
2918 1347 3249 1410 inversione
3296 1358 3352 1410 et
3384 1358 3709 1416 mutatione

2056 1439 2226 1506 facta,
2249 1438 2573 1509 conjunctae
2624 1443 2763 1495 sunt
2791 1455 2804 1495 :
2838 1440 2919 1496 ita
2953 1444 3016 1495 ut
3051 1456 3240 1514 neque
3270 1443 3470 1501 divina
3501 1452 3715 1505 natura

2055 1544 2086 1584 θ
2138 1529 2373 1600 propria
2429 1528 2805 1601 simplicitate
2852 1531 3187 1602 excesserit,
3241 1550 3344 1589 nec
3403 1552 3434 1590 e
3472 1530 3709 1595 diverso

2056 1617 2318 1673 humana
2363 1618 2452 1673 vel
2484 1618 2543 1673 in
2588 1618 2915 1675 divinitatis
2963 1626 3234 1677 naturam
3284 1634 3469 1693 versa,
3503 1625 3590 1681 vel
3643 1628 3713 1683 ad

2058 1706 2306 1761 nihilum
2340 1708 2574 1763 redacta
2596 1706 2694 1773 sit,
2728 1718 2918 1780 neque
2947 1709 3088 1765 item
3123 1710 3355 1768 duabus
3386 1724 3454 1768 ex
3485 1714 3716 1771 naturis

2059 1808 2177 1850 una
2207 1795 2531 1868 composita
2562 1797 2881 1853 emerserit.
2917 1796 3223 1869 Siquidem
3255 1804 3582 1873 composita
3615 1820 3714 1860 na-

315 1890 587 1959 Quomodo
615 1891 706 1961 ﬁet
735 1890 913 1956 istud,
945 1893 1077 1963 quia
1096 1893 1283 1945 virum
1302 1905 1413 1944 non
1442 1904 1698 1961 mgnasco
1719 1891 1746 1946 ‘2
1774 1888 1942 1961 Adje.
1970 1880 2019 1945 Β
2047 1888 2177 1940 tura
2196 1896 2395 1940 earum
2429 1896 2494 1941 ex
2517 1883 2732 1956 quibus
2764 1889 3026 1943 oonstata
3071 1892 3161 1944 est
3190 1894 3534 1948 naturarum
3564 1906 3709 1949 neu-

289 1981 367 2036 cit
414 1980 696 2052 angelus:
734 1979 978 2051 Spiritus
1031 1988 1251 2035 sanctus
1305 1982 1649 2050 superveniet
1689 1976 1751 2034 in
1779 1984 1856 2044 re,
1895 1982 1948 2034 et

286 2068 462 2126 virtus
494 2069 764 2125 Altissimt
793 2067 1139 2126 obumbrabit
1167 2064 1291 2125 tibi.
1343 2064 1570 2140 Ideoque
1591 2074 1646 2123 et
1673 2068 1815 2141 quod
1843 2082 1945 2122 ηαδ

284 2166 465 2215 scetur
494 2175 566 2215 ea:
594 2161 645 2214 te
667 2156 958 2225 Sanctum,
986 2153 1268 2214 vocabitur
1287 2154 1467 2213 Filius
1490 2154 1605 2214 Dei.
1642 2152 1746 2212 Illa
1764 2168 1899 2213 vero
1927 2168 1941 2211 :

284 2248 434 2315 Ecce,
493 2248 708 2319 inquit,
757 2246 966 2304 ancilia
1009 2248 1250 2315 Domini,
1307 2244 1407 2318 ﬂat
1454 2245 1597 2302 mihi
1645 2244 1942 2302 secundum

283 2339 508 2394 verbum
539 2343 698 2393 tuum
730 2336 797 2394 ⁵⁸.

358 2429 562 2498 Itaque
593 2424 690 2483 ubi
725 2424 984 2498 primum
1008 2434 1208 2482 sancta
1230 2426 1513 2482 consentit
1536 2422 1733 2498 Virgo,
1755 2420 1939 2495 Spiri-

287 2523 381 2571 tus
413 2520 651 2572 sanctus
683 2516 742 2571 in
775 2526 899 2572 eam
947 2510 1266 2583 descendit,
1301 2519 1474 2587 prout
1504 2510 1795 2571 Dominus
1838 2522 1940 2585 per

288 2605 561 2677 angelum
619 2604 863 2673 dixerat,
916 2610 976 2659 ut
1005 2616 1131 2659 eam
1185 2607 1481 2675 purgaret,
1524 2604 1762 2675 vimque
1792 2601 1937 2659 divi-

284 2695 421 2749 tatis
469 2699 527 2748 et
575 2694 971 2766 generationis
1018 2694 1193 2750 Verbi
1240 2704 1514 2765 capacem
1574 2699 1935 2765 suggereret.

287 2784 570 2853 Tuncque
601 2798 702 2853 per
732 2799 794 2837 se
824 2783 1156 2838 subsistens
1199 2782 1486 2838 Altissimi
1518 2782 1618 2837 Dei
1649 2784 1941 2853 sapientia

281 2880 337 2927 et
358 2873 562 2937 virtus,
584 2871 860 2927 nimirum
888 2872 987 2928 Dei
1013 2871 1192 2927 Filius
1218 2871 1367 2927 Patri
1391 2872 1933 2941 consubstantialis,

279 2961 431 3016 haud
467 2976 637 3016 secus
668 2965 844 3031 atque
873 2961 1136 3015 divinum
1170 2972 1367 3016 semen
1410 2962 1803 3030 obumbravit,
1855 2961 1935 3017 si-

277 3050 454 3121 bique
487 3050 598 3121 ipsi
629 3065 698 3104 ex
728 3050 908 3105 castis
928 3049 1057 3120 ejus
1088 3055 1147 3104 et
1178 3050 1516 3121 purissimis
1540 3050 1935 3121 sanguinibus

276 3152 511 3194 carnem
572 3139 831 3194 animam
867 3138 1112 3195 rationis
1161 3143 1219 3193 et
1278 3138 1611 3194 intellectus
1651 3140 1936 3212 participe

2058 1974 2130 2029 tri
2182 1974 2702 2030 consubstantiaiis
2732 1988 2861 2031 esse
2912 1981 3120 2048 potest,
3162 1991 3296 2033 cum
3349 1996 3417 2035 ex
3465 1982 3714 2040 diversis

2056 2064 2353 2119 diversum
2414 2065 2680 2120 efﬁciat:
2731 2066 3248 2135 quemadmodum,
3293 2069 3450 2124 verbi
3500 2069 3710 2143 gratia,

2054 2164 2267 2224 corpus
2316 2158 2571 2224 quatuor
2598 2168 2667 2209 ex
2697 2154 3005 2210 elementis
3046 2159 3463 2227 compositum,
3525 2168 3714 2232 neque

2052 2245 2317 2313 ejusdem
2368 2258 2500 2300 cum
2557 2247 2692 2316 igne
2730 2246 2998 2301 essentia;
3050 2246 3288 2318 dicitur,
3323 2264 3511 2320 neque
3551 2248 3710 2322 ignis

2052 2335 2425 2389 nominatur:
2460 2346 2648 2405 neque
2695 2335 2836 2390 item
2879 2351 2996 2405 aer,
3055 2352 3243 2407 neque
3301 2350 3473 2409 aqua,
3510 2341 3709 2413 'neque

2048 2427 2205 2477 terra
2234 2423 2466 2493 dicitur,
2500 2434 2605 2478 nec
2637 2424 2742 2479 ulli
2789 2438 3029 2494 prorsus
3061 2440 3263 2482 eorum
3314 2429 3707 2485 consubstan-

2048 2513 2185 2568 tiale
2219 2516 2330 2567 est.

2117 2603 2242 2657 Jam
2274 2602 2345 2670 si,
2379 2604 2443 2657 ut
2499 2602 2786 2659 haereticis
2846 2605 3054 2675 placet,
3087 2605 3354 2662 Christus
3404 2617 3530 2679 post
3571 2620 3714 2666 can-

2047 2691 2407 2760 junctionem
2444 2690 2619 2748 unica
2670 2695 2995 2765 composita
3048 2700 3260 2751 natura
3312 2703 3580 2753 constare
3609 2696 3705 2754 dl-

2046 2788 2170 2836 ctus
2201 2784 2289 2835 est
2318 2794 2387 2835 ex
2416 2780 2665 2850 simplici
2718 2782 2918 2853 utique
2966 2788 3175 2839 natura
3221 2786 3282 2840 in
3314 2788 3700 2858 compositam

2046 2868 2317 2923 transiit:
2352 2870 2433 2923 ita
2478 2871 2686 2938 utjam
2742 2886 2847 2926 nec
2878 2873 3060 2941 Patri,
3112 2874 3283 2943 cujus
3333 2873 3585 2945 simplex
3613 2880 3705 2933 est

2046 2962 2278 3021 natura,
2340 2959 2861 3015 consubstantialis
2911 2961 3026 3017 sit:
3090 2974 3279 3032 neque
3328 2962 3520 3032 Matri,
3577 2980 3706 3037 quas

2046 3048 2283 3119 quidem
2318 3061 2386 3102 ex
2414 3048 2721 3103 divinitate
2752 3052 2809 3103 et
2830 3050 3200 3106 humanitate
3233 3066 3346 3106 non
3380 3056 3707 3123 composita

2044 3140 2223 3201 esset,
2258 3148 2450 3207 neque
2480 3137 2619 3192 item
2652 3135 2979 3195 divinitatis
3010 3146 3069 3195 et
3098 3139 3493 3198 humanitatis
3516 3146 3704 3212 parti-

278 3228 605 3284 animatum
641 3229 953 3299 compegit,
990 3233 1202 3283 nostras
1246 3240 1455 3283 massa
1486 3228 1765 3299 primitia.
1814 3233 1931 3284 Nec
1961 3235 2003 3301 α
2042 3242 2181 3297 ceps
2210 3236 2339 3281 esse
2361 3230 2559 3297 queat,
2593 3226 2846 3297 denique
2870 3244 3058 3299 neque
3082 3228 3183 3286 Dei
3220 3246 3411 3302 neque
3442 3230 3702 3291 hominis

278 3320 337 3373 id
370 3334 439 3374 ex
490 3318 733 3387 semine,
768 3320 869 3373 sed
919 3318 1117 3373 divino
1175 3319 1446 3385 artiﬁcio,
1496 3335 1600 3391 per
1646 3320 1928 3389 Spiritum

282 3414 551 3463 sanctum
605 3420 708 3462 nec
739 3407 929 3478 ﬁgura
959 3407 1243 3478 paulatim
1291 3409 1732 3465 accessionibus
1760 3408 1934 3464 atror-

289 3486 620 3560 matajsed
700 3508 815 3551 uno
890 3496 1211 3566 eodemque
1280 3500 1576 3552 momento
1656 3497 1930 3568 perfecta,

284 3587 482 3658 ipsum
532 3587 631 3642 Dei
665 3587 921 3642 Verbum
951 3587 1143 3641 carnis
1173 3586 1541 3657 bypostasim
1582 3588 1928 3659 assumpsit.

269 3675 405 3745 [(23)
458 3675 572 3730 Nec
624 3676 780 3730 enim
834 3686 962 3730 eam
1017 3673 1131 3729 sibi
1187 3675 1336 3728 Deus
1382 3673 1642 3729 Verbum
1693 3686 1927 3729 carnem

274 3764 613 3836 assumpsit,
640 3782 767 3836 quas
802 3778 903 3834 per
932 3776 994 3820 se
1015 3771 1189 3818 antea
1210 3762 1582 3830 subsisteret,
1610 3764 1711 3818 sed
1736 3764 1794 3819 in
1823 3778 1931 3820 sua

268 3854 457 3925 ipsius
506 3854 813 3926 bypostasi
862 3854 1087 3909 ratione
1137 3853 1742 3923 incircumscriptibili
1790 3868 1929 3910 ven-

268 3949 415 3999 trem
448 3951 659 3999 sanclte
690 3943 949 4014 Virginis
982 3943 1348 4012 inhabitans,
1380 3956 1447 3998 ex
1487 3945 1666 4000 castis
1699 3958 1933 4017 semper

273 4032 517 4105 virginis
547 4034 939 4105 sanguinibus
971 4044 1207 4089 carnem
1250 4033 1449 4089 anima
1474 4033 1721 4089 rationis
1752 4036 1809 4090 et
1841 4034 1930 4089 in-

272 4122 540 4179 tellectus
578 4124 857 4193 participe
878 4120 1198 4177 animatam
1221 4122 1440 4179 subiit:
1479 4126 1690 4178 nostris
1726 4136 1931 4179 massa

277 4210 570 4281 primitias
624 4224 955 4266 assumens.
988 4210 1247 4265 Verbum
1279 4210 1475 4281 ipsum
1520 4213 1738 4266 factum
1772 4213 1932 4267 carni

275 4297 653 4368 hypostasis.]
702 4300 902 4369 Itaque
946 4312 1081 4353 cum
1140 4299 1397 4369 primum
1457 4312 1591 4355 caro
1641 4300 1769 4367 fuit,
1832 4301 1932 4356 Dei

272 4403 506 4458 quoque
551 4387 720 4443 Verbi
753 4402 887 4443 caro
928 4387 1056 4442 fuit.
1090 4388 1324 4443 Etcum
1361 4387 1618 4460 primum
1670 4390 1934 4445 animata

274 4495 426 4546 caro,
461 4477 818 4549 rationisque
850 4482 906 4532 et
954 4477 1285 4533 intellectus
1334 4478 1623 4549 particeps
1672 4479 1797 4537 fuit.
1832 4478 1933 4533 Dei

276 4583 507 4639 quoque
538 4567 705 4624 Verbi
739 4567 1003 4623 animata
1032 4583 1190 4633 caro,
1224 4567 1588 4639 rationisqde
1617 4576 1673 4624 et
1704 4569 1931 4624 intelle-

279 4662 412 4713 ctus
467 4657 754 4728 particeps
788 4656 914 4711 fuit.
950 4657 1231 4722 Quocirca
1271 4666 1384 4712 nun
1432 4656 1734 4713 hominem
1768 4659 1935 4714 deifi-

281 4750 501 4817 catum,
562 4748 662 4802 sed
723 4744 976 4804 Verbum
1036 4745 1403 4802 incarnatum
1466 4748 1741 4804 dicimus.
1788 4748 1934 4804 Nam

281 4854 413 4893 cum
448 4839 737 4908 perfectus
770 4841 978 4891 natura
1007 4835 1163 4892 Deus
1193 4840 1369 4903 esset,
1400 4836 1557 4891 idem
1581 4837 1756 4893 homo
1788 4850 1939 4909 quo-

278 4944 388 4998 que
421 4927 711 4999 perfectus
760 4929 970 4980 natura
1027 4926 1220 4982 factus
1269 4928 1378 4981 est.
1413 4922 1613 4997 Neque
1663 4930 1935 4982 naturam

283 5021 539 5085 mutans,
573 5031 762 5086 neque
796 5028 897 5086 per
939 5013 1313 5085 phantasiam
1364 5028 1467 5070 seu
1498 5015 1935 5072 simulationem

282 5106 619 5178 dispsnens,
670 5104 771 5160 sed
816 5116 1052 5159 carnem
1103 5102 1303 5159 anima
1351 5103 1596 5159 rationis
1630 5108 1688 5161 et
1718 5104 1940 5160 intelles

280 5201 412 5251 ctus
444 5192 730 5267 participe
790 5193 1110 5247 animatam
1153 5206 1221 5247 ex
1276 5195 1475 5247 sancta
1510 5192 1744 5265 Virgine
1774 5204 1937 5249 assu-

285 5301 451 5340 mens
482 5299 726 5355 quaeque
756 5281 813 5336 in
845 5281 973 5354 ipso
1004 5274 1326 5336 essentiam
1360 5282 1622 5351 haberet,
1658 5282 1934 5355 byposta-

282 5373 394 5428 tice
425 5374 771 5443 ccnjunctus
803 5374 891 5427 est
918 5387 930 5426 :
955 5369 1119 5425 nulla
1148 5369 1513 5437 confusione,
1550 5371 1713 5428 nulla
1744 5376 1935 5427 mutae

351 5513 419 5568 δδ.
456 5515 542 5569 Lu
586 5555 600 5568 .
637 5517 765 5583 1,28
795 5530 959 5585 seqq.
1035 5511 1080 5548 ⁵⁷
1117 5511 1327 5568 Matth.
1359 5529 1401 5581 ι,
1477 5513 1522 5549 ⁸⁸
1548 5515 1684 5584 Luc,
1715 5515 1784 5570 34
1814 5530 1979 5586 seqq.

352 5648 460 5719 (22)
491 5648 636 5701 Vide
676 5647 1017 5716 Patrologim
1044 5650 1184 5719 top).
1220 5645 1412 5717 XCIV,
1443 5646 1553 5704 col.
1584 5647 1710 5704 983.

352 5714 463 5791 (23)
496 5719 597 5774 His
630 5721 783 5773 notis
817 5714 1044 5774 inclusa
1092 5714 1627 5790 Zigabeno'desunt
1664 5727 1721 5775 et
1750 5714 1844 5774 hic
1876 5725 1936 5776 et

1966 4610 2011 4672 D

2042 3316 2280 3372 nomine
2309 3322 2613 3371 censeatur
2641 3331 2655 3370 :
2689 3318 2791 3372 sed
2844 3317 3115 3374 Christus
3166 3321 3476 3389 duntaxat,
3510 3339 3698 3396 neque

2040 3405 2304 3461 Christus
2335 3405 2444 3460 erit
2473 3406 2854 3478 hypostaseos
2909 3408 3038 3479 ejus
3095 3419 3328 3482 nomen,
3370 3413 3467 3468 sed
3516 3415 3696 3471 unius

2041 3499 2264 3549 naturae
2294 3494 2354 3548 in
2386 3506 2453 3549 eo
2484 3492 2959 3566 deprehenditur.
3002 3496 3119 3552 Nos
3151 3504 3347 3556 autem
3395 3502 3688 3559 Christum

2040 3578 2221 3640 unius
2252 3588 2472 3639 naturas
2506 3586 2843 3655 composita;
2875 3586 3052 3643 fuisse
3095 3587 3551 3662 haudquaquam
3583 3588 3690 3649 do-

2041 3686 2265 3742 cemus,
2298 3682 2485 3745 nenae
2537 3686 2606 3729 ex
2654 3674 2901 3731 diversis
2959 3676 3254 3733 diversum
3289 3682 3454 3751 quid,
3507 3689 3571 3738 ut
3625 3694 3695 3740 ex

2042 3764 2240 3818 anima
2268 3764 2325 3817 et
2353 3776 2593 3833 corpore
2624 3762 2944 3837 hominem,
2984 3765 3067 3821 vel
3105 3770 3169 3821 ut
3198 3784 3268 3823 ex
3306 3778 3560 3840 quatuor
3589 3773 3701 3829 ele-

2043 3850 2253 3907 mentis
2293 3864 2545 3922 corpus:
2599 3852 2701 3906 sed
2733 3868 2801 3907 ex
2858 3854 3102 3911 diversis
3133 3856 3335 3912 eadem
3369 3860 3514 3928 ipsa.
3547 3860 3693 3917 Nam

2042 3952 2111 3997 ex
2141 3940 2441 3995 divinitate
2474 3947 2525 3995 et
2560 3940 2927 3998 humanitate
2985 3945 3258 4001 eumdem
3294 3947 3476 4005 Deum
3511 3951 3697 4023 perfe-

2043 4034 2200 4086 ctum
2232 4031 2289 4084 et
2351 4030 2673 4101 perfectum
2722 4031 3023 4088 hominem
3074 4046 3203 4090 esse
3252 4039 3309 4091 et
3356 4035 3491 4104 dici,
3524 4044 3577 4095 et
3631 4052 3698 4097 ex

2043 4121 2276 4175 duabus
2323 4123 2381 4173 et
2411 4118 2469 4173 in
2509 4119 2740 4174 duabus
2775 4121 3002 4178 naturis
3054 4124 3423 4183 conﬁtemur.
3474 4126 3697 4186 Nomen

2042 4213 2262 4272 autem,
2316 4206 2611 4272 Christus,
2647 4217 2903 4278 personas
2935 4226 3148 4267 nomen
3184 4215 3527 4283 asserimus,
3562 4230 3697 4274 cum

2045 4310 2159 4351 nou
2191 4310 2309 4353 uno
2342 4298 2517 4354 modo
2538 4299 2796 4367 dicatur,
2828 4300 2930 4355 sed
2949 4302 3097 4356 duas
3122 4307 3364 4360 naturas
3382 4301 3698 4378 signiﬁcet.

2043 4386 2189 4442 Nam
2219 4389 2345 4458 ipse
2375 4389 2633 4461 seipsum
2670 4392 2858 4460 unxit,
2883 4406 3093 4462 corpus
3126 4394 3363 4465 quidem
3392 4392 3698 4454 divinitate

2044 4492 2150 4532 sua
2185 4482 2466 4548 tauquam
2521 4479 2676 4533 Deus
2711 4496 2956 4551 angens,
2990 4487 3206 4539 unctus
3246 4500 3379 4540 vero
3412 4492 3702 4558 quatenus

2045 4569 2236 4623 homo.
2285 4569 2581 4640 Siquidem
2616 4570 2739 4642 ipse
2770 4576 2829 4626 st
2869 4573 2979 4627 hoc
3013 4577 3071 4628 et
3094 4572 3241 4629 illud
3275 4581 3381 4631 est.
3419 4577 3701 4633 Divinitas

2044 4662 2240 4712 autem
2293 4658 2683 4715 humanitatis
2742 4660 2940 4716 unctio
2994 4666 3105 4717 est.
3142 4662 3286 4719 Nam
3337 4666 3383 4719 si
3435 4664 3704 4723 Christus

2047 4751 2268 4802 naturae
2327 4747 2504 4803 unius
2554 4750 2890 4820 compositae
2949 4748 3206 4806 existens
3255 4750 3410 4807 Patri
3456 4756 3704 4810 consub-

2045 4836 2335 4892 stantialis
2392 4840 2504 4905 est,
2555 4838 2917 4908 compositus
2968 4842 3121 4895 certe
3178 4840 3365 4909 Pater,
3427 4846 3482 4897 et
3530 4855 3703 4902 carne

2044 4926 2565 4982 consubstantialis
2616 4928 2747 4982 erit.
2829 4927 2991 4992 Quod
3052 4927 3291 5000 quidem
3351 4929 3701 5003 absurdum,

2047 5015 2325 5087 nullaque
2358 5032 2469 5072 non
2505 5015 2877 5086 blasphemia
2908 5017 3184 5073 refertum
3216 5026 3323 5074 est.
3380 5025 3496 5091 Age
3544 5034 3698 5092 vero,

2047 5105 2148 5175 qui
2185 5104 2310 5159 ﬁeri
2340 5104 2546 5176 possit,
2581 5109 2645 5159 ut
2677 5102 2790 5159 una
2818 5108 3025 5161 natura
3048 5107 3470 5165 contrariarum
3504 5128 3701 5169 essem

2046 5193 2255 5249 tialum
2306 5193 2769 5249 differentiarum
2832 5206 3015 5265 capax
3057 5195 3333 5253 dicatur?
3380 5200 3486 5266 Qui
3545 5205 3701 5259 enim

2047 5282 2171 5337 fieri
2222 5286 2413 5354 potest
2480 5287 2546 5337 ut
2614 5282 2815 5338 eadem
2880 5288 3090 5338 natura
3141 5286 3343 5342 eodem
3407 5297 3705 5349 momento

2046 5375 2243 5427 creata
2296 5374 2353 5426 et
2408 5370 2687 5438 increata,
2749 5371 3010 5428 mortalis
3059 5378 3116 5429 et
3172 5374 3538 5448 immortalis,
3592 5381 3704 5442 cir-

2046 5649 2203 5734 intra
2217 5648 2329 5734 ubi
2349 5648 2568 5734 ‘iis'dem
2600 5648 2797 5704 verbis
2829 5652 3191 5734 repetqntur:

2118 5722 2233 5791 (24)
2264 5721 2404 5777 Vide
2430 5717 3074 5789 Damascenum,ibid.,
3108 5717 3217 5777 col.
3245 5720 3372 5783 787.
