4052 6424
311 382 342 440 1
354 381 481 442 ζ.οΤ

1639 372 1947 433 ΝΙΟΕΤᾹΞ
1991 371 2424 434 CHONIATJE

3596 368 3776 432 1208

313 511 677 583 cumscripta
704 513 762 567 et
796 507 1306 578 incircumscripta
1337 506 1413 561 sit
1442 506 1467 560 ‘2
1521 507 1681 570 Quod
1716 505 1762 560 si
1797 509 1968 560 etiam
2004 510 2054 574 Α
2092 525 2250 574 num,
2296 507 2376 560 ita
2427 509 2488 558 ut
2540 523 2572 559 a
2602 505 2830 563 Christo
2869 507 3144 564 Christus
3199 510 3378 563 natus
3411 507 3512 577 sit,
3547 506 3782 561 forma-

321 604 494 658 euius
525 606 752 655 naturae
801 597 1097 652 Christum
1151 597 1428 663 dicentes,
1460 594 1791 666 simplicem
1843 609 1973 648 eam

317 690 671 759 intelligant,
713 687 802 743 vel
860 687 1052 757 ipsum
1099 686 1324 740 nudum
1374 686 1550 739 Deum
1601 684 1974 738 confitebun-

321 784 441 848 tur,
473 783 532 833 et
563 776 960 848 phantasiam,
993 790 1098 829 seu
1134 773 1327 828 fictam
1380 771 1575 827 carnis
1619 771 1977 841 assumptio~

324 884 482 933 nem,
534 883 636 936 pro
683 864 1083 919 incarnatione
1143 861 1543 928 introducent,
1603 860 1692 916 vel
1753 862 1975 915 nudum

322 957 644 1021 hominem,
697 953 960 1009 Nestorio
1024 951 1483 1006 subscribentes.
1531 950 1664 1021 [(25)
1697 950 1831 1004 Jam
1879 947 1976 1004 ubi

323 1044 580 1117 perfecta
609 1042 905 1109 divinitus,
941 1041 1036 1096 ubi
1088 1040 1264 1094 etiam
1317 1041 1567 1110 perfecta
1618 1039 1978 1106 humanitas,

325 1150 458 1188 cum
508 1133 757 1186 duarum
816 1131 987 1184 etiam
1051 1134 1399 1184 naturarum
1444 1129 1742 1184 Christum
1801 1130 1981 1184 fuisse

326 1222 546 1290 dicant,
577 1221 773 1292 ipsum
826 1230 1017 1275 tamen
1053 1224 1184 1291 post;
1243 1219 1714 1290 conjunctionem
1748 1235 1982 1289 quoque

328 1311 504 1368 unius
535 1309 874 1382 compositae
908 1313 1130 1364 naturae
1165 1312 1458 1363 asserunt.
1492 1307 1785 1362 Christum
1822 1309 1978 1362 enim

327 1406 460 1458 ante
491 1401 966 1473 conjunctionem
1018 1417 1136 1455 una
1183 1399 1362 1454 fuisse
1399 1405 1603 1454 natura
1651 1400 1981 1472 praedium,

327 1509 472 1565 nulli
504 1508 749 1564 dubium
781 1510 916 1578 est]

396 1598 474 1654 At
501 1613 638 1654 vero
669 1597 778 1654 hoc
822 1597 970 1652 illud
1017 1601 1130 1662 est,
1180 1596 1336 1666 quod
1381 1595 1682 1650 haereticos
1724 1596 1780 1650 in
1822 1611 1984 1649 erro-

326 1703 453 1742 rem
511 1685 748 1757 pellicit,
807 1686 951 1740 dum
1022 1689 1296 1740 naturam
1367 1689 1424 1739 et
1480 1683 1826 1755 hypostasin
1882 1701 1985 1755 pro

329 1776 532 1834 eadem
557 1791 618 1830 re
648 1774 969 1846 accipiunt.
989 1774 1132 1840 Quia
1156 1779 1350 1829 autem
1377 1773 1683 1828 hominum
1713 1779 1984 1829 naturam

2082 615 2196 670 que
2269 601 2412 655 adeo
2483 597 2810 662 emerserit,
2869 613 3002 669 quae
3084 596 3301 654 multas
3376 595 3776 651 Christornm

2081 688 2426 761 hypostases
2487 687 2785 760 complexa
2833 686 2958 742 sit:
3021 685 3126 742 sed
3169 701 3351 740 unam
3404 685 3774 757 hypostasin

2084 779 2312 834 duabus
2353 797 2420 834 ex
2453 779 2703 844 naturis,
2743 781 2918 848 atque
2967 776 3196 832 duabus
3227 775 3284 830 in
3329 775 3563 830 naturis
3595 790 3774 830 com-

2084 867 2381 938 positam:
2440 870 2708 940 duasque
2768 866 2912 920 adeo
2967 869 3228 932 naturas,
3280 864 3360 918 ita
3421 869 3489 918 ut
3543 871 3774 918 natura

2086 963 2336 1030 utraque
2368 959 2454 1012 vel
2503 963 2635 1029 post;
2679 953 3156 1026 conjunctionem
3210 951 3521 1024 proprium
3555 955 3776 1007 termi-

2086 1063 2248 1113 num,
2277 1047 2488 1119 legem,
2524 1051 2911 1114 mutuamque
2943 1043 3340 1098 differentiam
3368 1043 3773 1099 conservarit.

2086 1138 2387 1207 Siquidem
2425 1139 2478 1192 in
2514 1135 2772 1201 homine,
2805 1139 3099 1204 quatenus
3141 1130 3484 1187 differentia;
3543 1137 3770 1186 mutuae

2088 1227 2348 1297 corporis
2397 1231 2455 1281 et
2505 1225 2713 1279 animus
2776 1223 2920 1279 ratio
2979 1221 3250 1286 habetur,
3299 1221 3450 1276 duas
3508 1224 3760 1275 naturas

2090 1315 2379 1369 dicimus:
2440 1319 2731 1384 quatenus
2763 1327 2895 1366 vero
2929 1310 3216 1366 naturalis
3248 1309 3593 1364 differentia
3641 1325 3769 1380 per-

2090 1420 2244 1459 some
2276 1420 2344 1458 ex
2379 1419 2627 1473 persona
2682 1418 2798 1456 non
2843 1403 3166 1472 spectatur,
3219 1415 3421 1454 unam.
3457 1399 3530 1454 Et
3584 1399 3774 1455 unius

2091 1493 2327 1562 quidem
2384 1497 2602 1546 naturae
2647 1490 2922 1546 dicuntur
2951 1506 3039 1561 ea,
3082 1506 3208 1560 quas
3248 1504 3385 1544 cum
3418 1488 3547 1544 sint
3604 1488 3776 1558 ejus-

2092 1582 2223 1636 dem
2280 1581 2516 1651 Speciei,
2552 1585 2745 1636 tamen
2802 1579 3168 1652 hypostatice
3220 1595 3321 1634 seu
3371 1595 3648 1648 personas
3685 1596 3778 1634 ra-

2092 1671 2250 1725 tione
2282 1671 2592 1726 ditl'orunt:
2631 1671 2800 1724 unius
2842 1674 3038 1724 autem
3080 1668 3502 1740 hypostaseos,
3538 1685 3606 1725 ea
3643 1685 3780 1740 quas

2099 1761 2456 1831 hypostatice
2507 1761 2967 1831 conjunguntur,
3029 1759 3406 1830 essentiaque
3452 1759 3781 1815 differunt.

337 1881 517 1921 unam
547 1880 674 1920 esse
703 1863 982 1931 dicimus,
1027 1861 1333 1918 sciendum
1367 1867 1458 1918 est
1489 1879 1594 1917 nos
1625 1863 1694 1916 ad
1729 1862 1852 1917 haec
1900 1863 1989 1917 di-

2104 1851 2300 1920 ltaque
2371 1849 2807 1906 diversifornies
2889 1847 3236 1917 hypostases
3293 1846 3781 1919 haudquaquam

339 1954 525 2009 cenda
557 1969 669 2008 non
701 1951 931 2018 anlduci,
968 1951 1184 2008 ratione
1232 1952 1443 2006 animae
1474 1951 1854 2023 corporisque
1886 1951 1991 2008 ha-

341 2042 481 2099 bita.
516 2043 654 2114 (Nec
684 2042 841 2098 enim
876 2041 998 2096 fieri
1051 2045 1264 2112 potest,
1297 2045 1360 2096 ut
1390 2039 1648 2096 animam
1697 2047 1754 2096 et
1783 2057 1993 2112 corpus

339 2131 492 2186 inter
519 2147 583 2186 se
617 2135 776 2186 mtuo
799 2129 1028 2198 collata,
1065 2130 1241 2185 unius
1273 2146 1402 2186 esse
1432 2135 1650 2185 naturae
1681 2131 1991 2202 dicamus.)

336 2220 444 2276 Sed
475 2219 616 2291 quia
647 2220 951 2274 hominum
986 2217 1432 2291 quamplurima
1455 2220 1992 2290 sunthypostases,

337 2314 395 2365 et
425 2324 630 2364 omnes
661 2309 863 2364 eadem
917 2309 1142 2364 ratione
1195 2314 1415 2362 naturae
1461 2313 1732 2364 constant
1769 2311 1994 2378 (omnes

339 2398 495 2454 enim
527 2414 596 2452 ex
626 2401 825 2454 anima
881 2402 938 2453 et
967 2413 1209 2470 corpore
1240 2391 1549 2469 compositi
1581 2403 1740 2467 sunt,
1793 2414 1992 2452 nemo-

340 2503 454 2558 que
487 2503 600 2542 non
645 2490 855 2542 animos
913 2486 1150 2558 quidem
1203 2491 1434 2554 natura,
1487 2486 1748 2557 corporis
1796 2493 1993 2542 autem

341 2576 600 2633 essentia
621 2577 938 2648 censetur),
967 2576 1184 2633 idcirco
1214 2591 1590 2632 communem
1620 2576 1781 2632 illam
1817 2576 1994 2648 pluri-

343 2682 574 2722 marum
607 2671 667 2721 at
694 2665 1056 2722 diversarum
1089 2666 1477 2737 hypostaseon
1509 2665 1782 2732 formam,
1815 2681 1994 2720 unam

342 2769 471 2810 esse
504 2759 774 2809 naturam
806 2755 1100 2809 dicimus:
1135 2753 1388 2824 singulis
1414 2754 1692 2808 nimirum
1725 2753 1997 2825 hyposta-

344 2844 509 2901 sibus
539 2845 683 2899 duas
735 2850 980 2899 naturas
1035 2843 1412 2912 habentibus,
1466 2849 1637 2914 atque
1689 2842 1996 2914 completis

345 2932 405 2988 in
435 2933 666 2988 duabus
697 2931 945 2998 naturis,
978 2931 1194 2997 anima,
1249 2930 1512 3002 inquam,
1544 2937 1602 2986 et
1631 2948 1893 3002 corpore.
1927 2934 1998 2986 At

343 3023 404 3078 in
441 3023 680 3078 Domino
734 3027 935 3078 nostro
963 3020 1104 3076 Jesu
1153 3020 1382 3076 Christo
1441 3021 1625 3076 forma
1666 3021 1996 3076 communis

345 3110 592 3183 intelligi
625 3127 741 3166 non
803 3114 1016 3182 potest,
1069 3125 1174 3164 nec
1219 3110 1373 3164 enim
1419 3110 1545 3174 fuit,
1599 3125 1702 3165 nec
1750 3118 1856 3178 est,
1894 3126 1998 3164 nec

347 3201 582 3256 futurus
598 3205 689 3254 est
700 3199 850 3254 alius
864 3198 1132 3254 Christus
1155 3214 1222 3252 ex
1243 3198 1545 3252 divinitate
1564 3202 1621 3252 et
1635 3199 1997 3253 humanitate

349 3289 450 3361 qui
469 3289 526 3343 in
549 3286 846 3343 divinitate
868 3291 925 3342 et
942 3287 1307 3342 humanitate
1345 3285 1498 3340 idem
1518 3293 1673 3343 Deus
1707 3291 1996 3358 pert'ectus

346 3383 403 3434 et
433 3378 608 3432 homo
632 3375 920 3447 perfectus
942 3375 1040 3430 sit.
1065 3375 1203 3446 [(26)
1232 3376 1342 3430 Sed
1372 3377 1566 3432 omnis
1587 3393 1821 3448 quoque
1844 3394 1998 3433 com-

347 3465 546 3538 positas
579 3469 799 3520 natura:
831 3467 1049 3535 partes,
1081 3462 1255 3518 simul
1289 3469 1464 3536 atque
1500 3481 1568 3519 ex
1599 3464 1782 3520 nihilo
1823 3465 1882 3520 in
1916 3482 1998 3521 re-

346 3570 478 3609 rum
511 3558 778 3608 naturam
813 3553 1104 3624 productae
1135 3557 1295 3621 sunt,
1327 3554 1398 3608 ad
1450 3555 1708 3610 universi
1740 3555 1995 3627 comple-

347 3649 610 3701 mentum
625 3643 1036 3716 disponuntur.
1057 3643 1321 3716 Fierique
1335 3648 1546 3716 potest,
1561 3652 1627 3700 ut
1649 3663 1774 3718 quae
1792 3648 1996 3704 eodem

345 3738 611 3806 tempore
631 3734 914 3806 producta
929 3737 1088 3800 sunt,
1114 3749 1287 3789 unam
1313 3735 1698 3805 compositam
1725 3741 1992 3793 naturam

347 3823 674 3896 perficiant,
707 3823 1048 3894 hujusmodi
1077 3823 1323 3878 limitem
1357 3828 1414 3878 et
1446 3825 1772 3880 naturalem
1806 3825 1994 3897 legem

346 3912 624 3968 beneficio
672 3912 962 3968 Creatoris
1019 3913 1262 3968 sortita:
1322 3914 1402 3968 ita
1447 3918 1668 3968 naturae
1726 3914 1852 3984 lege
1893 3932 1996 3985 per

343 4002 768 4057 successionem
801 4000 1020 4056 similia
1049 4018 1114 4056 ex
1146 4001 1445 4058 similibus
1496 4009 1892 4073 procreantur.
1927 4005 1991 4058 In

346 4091 588 4148 Domino
609 4096 805 4146 autem
829 4095 1177 4146 naturarum
1211 4091 1660 4160 conjunctarum
1693 4090 1806 4146 alia
1831 4094 1992 4164 prin-

341 4181 492 4253 cipio
523 4187 579 4238 et
611 4190 870 4252 tempore
926 4184 1104 4248 caret,
1155 4196 1262 4234 nec
1324 4181 1509 4235 forma
1565 4182 1849 4251 producta
1904 4187 1996 4237 est

341 4271 412 4325 ad
477 4269 734 4325 universi
788 4269 1300 4340 complementum,
1352 4269 1826 4340 quandoquidem
1877 4288 1990 4326 non

343 4361 631 4430 requievit
663 4360 814 4414 Deus
845 4360 918 4414 ab
947 4360 1226 4430 operibus
1275 4361 1400 4414 suis
1445 4362 1692 4430 septimo
1724 4362 1816 4415 die
1843 4379 1856 4429 ;
1889 4378 1993 4418 nec

343 4465 475 4504 vero
523 4448 866 4504 naturaliter
911 4448 1237 4516 conjuncta
1296 4453 1472 4503 sunt:
1506 4451 1606 4503 sed
1658 4449 1991 4505 admirabili

343 4539 600 4608 quadam
632 4543 688 4592 et
738 4535 1018 4592 ineffabili
1052 4536 1294 4591 ratione.
1329 4535 1467 4599 Quae
1515 4542 1710 4592 autem
1743 4540 1990 4594 admira-

345 4625 484 4681 bilia
514 4630 673 4692 sunt,
731 4630 789 4681 et
821 4623 1098 4680 ineffabili
1142 4623 1366 4679 ratione
1422 4625 1588 4690 fiunt,
1624 4643 1687 4680 ea
1718 4631 1990 4684 naturam

343 4732 462 4772 non
497 4717 805 4787 perficiunt
837 4733 850 4768 :
887 4731 990 4769 nec
1023 4714 1178 4769 enim
1216 4721 1488 4768 naturam
1533 4716 1660 4770 rubi
1715 4716 1990 4788 dicimus,

346 4822 475 4880 quas
505 4805 640 4879 igne
698 4805 930 4860 admoto
963 4805 1267 4859 combusta
1297 4821 1412 4858 non
1452 4804 1548 4873 sit,
1580 4821 1769 4876 neque
1818 4811 1989 4862 natu-

346 4911 471 4950 ram
518 4895 797 4960 hominis,
840 4895 941 4966 qui
973 4891 1246 4948 sublimis
1287 4899 1344 4946 et
1375 4903 1650 4964 tanquam
1685 4894 1826 4950 ccelo
1859 4914 1995 4968 pro-

347 4985 542 5040 ximus
564 4983 875 5040 evehatur:
905 4998 1095 5054 neque
1118 4982 1376 5054 corporis
1429 4983 1670 5038 humani
1700 4989 1991 5054 naturam,

347 5088 474 5143 quae
525 5073 584 5127 in
638 5073 772 5143 igne
821 5071 994 5127 veluti
1041 5087 1166 5127 rore
1215 5087 1532 5140 conspersa
1563 5073 1684 5126 sit:
1738 5075 1834 5128 sed
1891 5075 1991 5128 ad-

347 5161 636 5217 mirabilia
687 5177 754 5216 ea
809 5166 864 5215 et
895 5161 1049 5215 circa
1077 5159 1420 5232 hypostasin
1455 5177 1628 5214 unam
1665 5161 1814 5217 facta
1847 5162 1988 5218 diei-

345 5266 500 5318 mus,
549 5251 628 5305 ita
659 5249 832 5305 etiam
883 5248 1116 5304 Domini
1172 5248 1631 5304 incarnationem
1677 5253 1731 5305 in
1781 5252 1990 5307 divini--

341 5341 479 5394 tatis
540 5341 932 5414 hypostaseon
1020 5355 1136 5393 una
1209 5356 1321 5394 non
1381 5338 1507 5411 lege
1575 5345 1818 5406 naturae,
1894 5345 1990 5397 Sed

342 5425 654 5486 ineffabilis
685 5427 1120 5498 dispensatione
1141 5427 1612 5496 conjunctionem
1649 5436 1991 5486 naturarum

345 5517 597 5574 evasisse
647 5517 938 5572 dicimus:
974 5529 1164 5584 neque
1203 5515 1258 5569 id
1313 5517 1464 5571 infra
1527 5523 1746 5574 naturae
1799 5522 1996 5576 termi-

419 5665 532 5740 (25)
561 5671 626 5726 Et
657 5671 775 5727 hac
805 5669 1096 5741 Zigabeno
1126 5669 1361 5725 desunt.

2105 1938 2466 2010 hypostntice
2526 1937 2926 2002 conferuntur,
2988 1940 3088 1991 aut
3154 1935 3607 2002 discernuntur,
3673 1937 3786 1992 sed

2102 2027 2485 2083 naturaliter:
2546 2026 3032 2096 a'qniformesque
3077 2024 3426 2097 hypostases
3457 2024 3623 2079 haud
3671 2043 3786 2080 na—

2103 2116 2375 2172 turaliter
2403 2117 2788 2171 conferuntur
2818 2119 2919 2170 aut
2965 2115 3405 2181 discernuntur,
3441 2115 3547 2169 sed
3586 2114 3786 2186 hypo-

2105 2205 2330 2262 statice.
2395 2205 2459 2260 Et
2491 2205 2991 2278 quemadmodum
3042 2203 3167 2258 fieri
3215 2219 3330 2259 non
3379 2207 3579 2275 potest
3615 2209 3792 2259 utea

2106 2314 2231 2366 qua:
2283 2296 2646 2367 hypostatica
2694 2292 3023 2349 differentia
3075 2293 3372 2362 differunt,
3409 2293 3596 2348 unius
3657 2293 3792 2348 sint

2107 2385 2510 2457 hypostaseos,
2561 2383 2642 2437 ita
2687 2383 2811 2438 fieri
2859 2383 3066 2454 nequit
3113 2386 3178 2437 ut
3225 2398 3292 2436 ea
3321 2399 3447 2452 quis
3509 2383 3788 2438 naturali

2108 2474 2437 2528 differentia
2483 2472 2785 2538 differunt,
2845 2471 3022 2526 unius
3079 2473 3302 2524 natura
3348 2470 3487 2526 sint.
3542 2472 3656 2526 His
3710 2473 3788 2526 de

2107 2564 2302 2619 causis
2335 2581 2451 2619 una
2481 2563 2540 2616 in
2597 2561 2900 2617 Dominico
2951 2566 3152 2617 nostro
3189 2560 3330 2617 Jesu
3389 2560 3630 2617 Christo
3663 2579 3784 2616 na-

2107 2657 2241 2708 tura
2269 2653 2383 2708 dici
2415 2668 2530 2708 non
2565 2649 2796 2722 potest.]

2179 2761 2462 2822 Quocirca
2510 2758 2741 2814 duabus
2779 2775 2848 2814 ex
2907 2757 3138 2812 naturis
3199 2755 3494 2828 perfectis,
3547 2757 3784 2821 divina,

2077 2850 2373 2926 _inqnam,
2432 2851 2488 2903 et
2517 2847 2800 2915 humana,
2832 2845 3305 2916 conjunctionem
3335 2845 3550 2899 tactam
3589 2845 3788 2900 fuisse

2065 2937 2387 3014 .dicimus,
2443 2953 2558 2992 non
2617 2936 3047 3002 commistione,
3106 2935 3194 2990 vel
3253 2933 3620 2998 confusione,
3684 2933 3781 2988 vel

2109 3026 2496 3090 concretione,
2541 3030 2602 3081 ut
2653 3042 2868 3080 vesano
2925 3024 3218 3090 Dioscoro,
3250 3023 3481 3088 Severo,
3532 3027 3590 3077 et
3646 3038 3780 3078 sce-

2108 3114 2300 3171 leratis
2335 3131 2534 3171 eorum
2585 3114 2819 3170 factioni
2856 3113 3096 3186 placuit,
3132 3128 3322 3183 neque
3355 3127 3618 3183 persona,
3663 3118 3778 3168 aut

2029 3227 2072 3294 α
2114 3203 2340 3271 habitu,
2402 3221 2475 3259 au
2536 3203 2840 3294 dignitate,
2880 3209 2991 3294 aut
3031 3202 3254 3294 eadem
3299 3201 3603 3294 volun-tate,
3653 3204 3764 3254 aut

2111 3294 2351 3349 honoris
2395 3293 2718 3349 nominisve
2757 3292 3170 3360 similitudine,
3204 3295 3308 3346 aut
3361 3288 3600 3360 denique
3645 3304 3760 3360 ap-

2104 3383 2464 3452 probatione,
2499 3387 2563 3437 ut
2613 3381 2792 3453 impio
2832 3378 3118 3446 Nestorio,
3180 3379 3454 3444 Diodoro,
3484 3377 3767 3448 Mopsue-

2103 3469 2306 3525 stiensi
2339 3468 2658 3534 Theodoro,
2691 3472 2750 3523 et
2795 3467 3083 3523 diabolico
3113 3481 3316 3522 eorum
3362 3464 3538 3521 ccetui
3566 3465 3765 3521 visum

2101 3564 2220 3614 est:
2255 3559 2351 3614 sed
2387 3557 2830 3630 compositione,
2873 3555 2994 3612 sive
3051 3555 3441 3628 hypostatice,
3493 3553 3638 3609 citra
3670 3554 3768 3610 in-

2101 3650 2448 3714 versionem,
2484 3646 2891 3710 mutationem,
2923 3644 3352 3712 confusionem,
3382 3643 3768 3710 divisionem,

2102 3742 2159 3793 et
2218 3737 2682 3793 distractionem.
2717 3741 2906 3806 Atque
2954 3735 3184 3790 duabus
3234 3734 3293 3788 in
3355 3733 3587 3789 naturis
3628 3749 3774 3804 per-

2101 3827 2266 3882 fectis
2303 3842 2480 3880 unam
2513 3823 2641 3878 Filii
2673 3824 2800 3890 Dei,
2833 3823 3078 3894 ejusque
3107 3822 3414 3894 incarnati,
3449 3839 3772 3894 personam

2101 3916 2472 3978 confitemur,
2505 3914 2891 3984 eamdemque
2945 3912 3265 3968 divinitatis
3302 3913 3431 3982 ejus
3459 3917 3521 3966 et
3551 3912 3772 3966 huma-

2105 4005 2302 4059 nitatis
2337 4019 2643 4074 personam
2676 4019 2804 4057 esse
2833 4002 3110 4057 dicimus.
3131 4004 3316 4072 Atque
3339 4005 3489 4056 duos
3519 4007 3776 4056 naturas

2099 4095 2158 4149 in
2192 4095 2316 4162 ipso
2351 4099 2479 4162 post
2509 4091 2981 4164 conjunctionem
3023 4092 3282 4162 integras
3315 4091 3532 4146 servari
3581 4091 3773 4146 conﬁ-

2099 4187 2312 4238 temur.
2347 4186 2461 4236 Nec
2492 4187 2687 4236 tamen
2724 4181 2993 4250 privatim
3029 4179 3414 4251 separatimve
3447 4185 3776 4253 utramque

2103 4271 2402 4342 ponimus.
2437 4269 2538 4324 sed
2562 4270 2716 4324 inter
2747 4285 2808 4323 se
2839 4271 3186 4340 conjunctae
3218 4285 3335 4322 una
3367 4266 3425 4321 in
3461 4269 3773 4339 nypostasi

2099 4359 2443 4429 composita.
2496 4356 2922 4427 Conjunctione
2982 4356 3137 4411 enim
3192 4355 3566 4410 essentialem
3618 4356 3777 4410 dici-

2099 4465 2254 4516 mus,
2290 4449 2396 4502 hoo
2427 4452 2518 4502 est
2547 4463 2767 4513 veram,
2805 4463 2917 4502 non
2952 4450 3144 4500 autem
3189 4444 3623 4516 phantasticam
3663 4462 3773 4500 seu

2099 4536 2583 4592 commentitiam.
2620 4535 3005 4590 Essentiaiem
3039 4535 3168 4590 dico
3201 4551 3316 4590 non
3359 4535 3511 4605 quod
3547 4551 3580 4588 a
3611 4535 3770 4590 dua-

2101 4626 2214 4680 bus
2267 4625 2492 4679 naturis
2525 4631 2735 4679 natura
2789 4641 2905 4678 una
2948 4625 3276 4695 composita
3308 4623 3431 4688 ﬁat,
3465 4623 3564 4677 sed
3593 4626 3768 4694 quod

2104 4724 2300 4768 mutuo
2334 4729 2528 4770 revera
2581 4713 2640 4768 in
2700 4729 2878 4767 uuam
2937 4712 3063 4768 Filii
3119 4712 3212 4766 Dei
3273 4728 3586 4784 personam
3623 4730 3771 4768 con-

2093 4804 2439 4875 jungantur,
2484 4808 2658 4874 atque
2691 4803 2768 4858 ita
2818 4802 3188 4858 essentialem
3246 4817 3446 4858 earum
3488 4801 3774 4859 dilTeren-

2105 4893 2239 4947 tiam
2273 4891 2492 4947 servari
2524 4891 2862 4947 definimus.
2897 4891 3058 4957 Quod
3114 4891 3272 4946 enim
3315 4896 3580 4946 creatum
3615 4898 3774 4959 erat,

2105 4987 2364 5038 creatum
2439 4981 2702 5036 mansit:
2753 4982 2909 5052 quod
2968 4981 3315 5048 increatum,
3369 4979 3706 5037 increatum
3758 5001 3772 5039 :

2104 5071 2257 5141 quod
2295 5069 2557 5137 mortale,
2592 5069 2871 5124 mortale:
2933 5067 3090 5140 quod
3129 5068 3483 5134 immortale,
3517 5069 3772 5128 immor-

2102 5160 2217 5214 tale
2239 5176 2252 5213 :
2277 5159 2429 5230 quod
2461 5159 2992 5228 circumscriptum,
3020 5157 3534 5230 circumscriptum
3565 5177 3578 5214 :
3607 5165 3776 5231 quod

2103 5247 2350 5311 visibile,
2409 5248 2674 5302 visibile:
2711 5247 2862 5318 quod
2927 5246 3239 5311 invisibile,
3287 5247 3605 5304 invisibile.
3639 5254 3780 5309 Una

2105 5339 2340 5409 quidem
2379 5354 2510 5407 pars
2547 5337 2844 5391 miraculis
2877 5336 3134 5407 effulget,
3172 5335 3353 5391 altera
3383 5341 3778 5398 contumeliis

2105 5428 2356 5482 obnoxia
2404 5432 2508 5480 est.
2544 5426 2718 5481 Porro
2774 5427 3024 5479 Verbum
3061 5441 3123 5478 ea
3157 5425 3266 5479 sibi
3299 5442 3425 5496 qua:
3460 5433 3606 5482 sunt
3663 5431 3782 5486 ho-

2106 5517 2284 5571 minis
2332 5515 2602 5583 assumit,
2661 5515 2944 5586 quasique
2977 5514 3296 5570 domestica
3353 5516 3508 5569 facit.
3567 5521 3777 5588 Ipsius

2179 5677 2287 5750 (26)
2319 5677 2388 5732 Et
2420 5677 2538 5734 haec
2569 5679 2787 5744 omnia,
2823 5693 3009 5747 usque
3042 5676 3112 5731 ad
3147 5675 3502 5734 clausulam.
