4052 6368
322 376 351 433 1
364 378 477 436 209

1663 369 2070 435 THESAUHI
2120 371 2264 431 LIB.
2311 370 2419 431 Ill.

3586 371 3751 434 1210

312 508 470 563 enim
530 511 670 563 sunt
726 523 811 577 ea,
873 524 998 580 quas
1060 508 1130 562 ad
1197 513 1458 564 sanctam
1530 509 1659 581 ejus
1726 502 2483 571 carnemAdif'ﬁcuitatem
2542 504 3032 575 oomprehendas,
3110 505 3183 560 de
3255 508 3466 576 quarto
3542 511 3742 567 autem

313 598 628 670 pertinent,
681 612 1032 668 carnemque
1089 614 1313 666 eorum,
1376 615 1501 669 quas
1573 596 1806 670 propria
1855 593 1967 650 sibi

313 691 475 751 sunt,
508 692 729 742 mutuae
751 688 1251 758 compensationis
1284 689 1458 743 modo
1490 692 1545 742 et
1576 691 1800 742 mutuas
1840 703 1970 758 par-

313 776 460 831 tium
506 775 829 844 affinitatis,
878 777 1371 849 hypostaticsequs
1409 777 1841 848 conjunctionis
1874 793 1966 830 ra-

317 864 494 932 tione,
533 864 874 937 participem
904 866 1056 921 facit.
1100 868 1308 921 Adhaec
1342 867 1479 939 quia
1511 882 1665 922 unus
1697 866 1969 936 idemque

314 953 366 1008 is
392 961 532 1021 erat,
586 954 687 1020 qni
750 954 945 1009 divina
1003 961 1061 1009 et
1120 955 1381 1011 humana
1423 957 1480 1010 in
1514 961 1763 1027 utraque
1788 956 1970 1010 forma

323 1044 676 1113 operabatur
729 1060 857 1098 cum
918 1045 1160 1100 alterius
1220 1046 1652 1101 communione.
1687 1045 1969 1112 Quocirca

322 1131 608 1186 Dominus
669 1148 902 1203 quoque
955 1132 1150 1204 gloria:
1208 1133 1526 1188 cruciﬁxus
1570 1149 1697 1189 esse
1730 1132 1966 1199 dicitur,

314 1222 576 1288 quamvis
611 1221 799 1275 divina
852 1222 979 1292 ejus
1023 1227 1234 1277 natura
1268 1239 1441 1295 passa
1471 1240 1584 1277 non
1620 1223 1714 1279 sit.
1751 1222 1961 1278 Filium

315 1312 452 1367 item
488 1311 749 1366 hominis
798 1316 932 1366 ante
983 1314 1315 1383 passionem
1348 1313 1401 1367 in
1437 1312 1580 1368 casio
1612 1313 1793 1368 fuisse
1824 1329 1962 1368 con-

317 1406 455 1465 stat,
510 1405 571 1454 ut
628 1400 912 1455 Dominus
954 1401 1078 1472 ipse
1109 1401 1357 1459 dicebat.
1394 1402 1554 1458 Unus
1585 1403 1741 1458 enim
1775 1402 1963 1457 idem-

316 1506 428 1560 que
466 1489 662 1560 gloriae
694 1488 980 1545 Dominus
1013 1492 1063 1545 is
1092 1496 1236 1559 erat,
1268 1492 1364 1562 qui
1399 1496 1603 1546 natura
1638 1496 1696 1546 et
1740 1507 1800 1547 re
1831 1508 1961 1546 vera

314 1578 492 1633 Filius
548 1578 825 1647 hominis,
877 1596 979 1633 seu
1041 1581 1213 1635 homo
1260 1580 1447 1635 factus
1504 1583 1738 1636 iuerat:
1785 1586 1961 1652 atque

309 1669 592 1725 miracula
623 1671 753 1740 ejus
788 1672 1207 1742 passionesque
1227 1688 1339 1727 non
1364 1672 1723 1745 ignoramus,
1757 1689 1961 1745 quam-

311 1760 400 1812 vis
434 1758 550 1812 alia
581 1760 803 1813 ratione
837 1759 1118 1814 miracula
1144 1761 1359 1825 ederet,
1411 1761 1527 1816 alia
1566 1762 1703 1816 item
1735 1762 1958 1830 passio-

2080 591 2237 663 qund
2266 591 2568 648 difficilius
2600 599 2709 660 est,
2731 594 2860 664 jam
2893 594 3205 650 dicendum
3239 594 3408 651 nobis
3435 597 3744 671 est.Enhy-

2080 685 2379 753 postatum
2413 681 2474 737 id
2503 686 2613 750 est,
2647 684 2802 754 quod
2828 699 2962 738 cum
2988 684 3102 738 alio
3128 683 3388 740 essentia
3418 685 3649 742 diverso
3673 690 3743 745 ad

2081 773 2258 829 unius
2290 775 2775 830 constitutionem
2827 792 3110 845 personae,
3155 778 3452 851 uniusque
3498 795 3742 851 genera-

2080 862 2296 918 tionem
2328 864 2734 937 hypostaseos,
2768 865 3231 936 componitur,et
3263 883 3383 923 una
3417 868 3689 924 subsistit
3724 885 3738 925 :

2081 968 2194 1007 non
2230 958 2449 1021 autem,
2485 969 2588 1025 per
2617 970 2680 1009 se
2732 954 3126 1025 cognoscitur.
3162 958 3534 1013 Attendenda
3564 976 3736 1030 porro

2078 1046 2166 1097 est
2196 1042 2317 1098 haec
2360 1044 2729 1116 enhypostati
2777 1043 3065 1099 definitio.
3109 1044 3322 1100 Sancta
3344 1047 3606 1103 Ecclesia
3638 1066 3735 1104 ca-

2075 1131 2293 1188 tholica
2348 1133 2408 1187 in
2464 1133 2906 1204 dispensatione
2945 1132 3367 1189 incarnationis
3414 1153 3591 1192 unam
3626 1138 3734 1211 hy-

2076 1222 2362 1292 postasin,
2395 1224 2659 1292 duasque
2715 1228 2954 1277 naturas
3003 1222 3308 1294 profitetur
3340 1239 3352 1277 :
3383 1223 3729 1295 hypostasin

2074 1310 2334 1380 quidem,
2385 1312 2756 1367 incarnatum
2807 1311 3043 1380 Filium,
3078 1316 3318 1367 naturas
3347 1328 3484 1369 vero
3517 1313 3735 1369 divini-

2073 1404 2252 1455 tatem
2307 1405 2365 1455 et
2420 1400 2875 1456 humanitatem.
2936 1400 3159 1472 Corpus
3221 1401 3418 1473 itaque
3449 1403 3647 1459 anima
3678 1409 3737 1460 et

2075 1493 2270 1545 mente
2302 1490 2634 1561 praeditum,
2668 1508 2698 1543 ει
2731 1490 2982 1545 Domino
3036 1494 3240 1545 nostro
3298 1491 3438 1547 Jesu
3499 1490 3731 1549 Christo

2072 1584 2465 1649 assumptum,
2526 1580 2867 1651 bypostasin
2931 1578 3171 1635 minime
3226 1584 3439 1635 vocat:
3476 1597 3546 1636 ne
3577 1582 3727 1638 duas

2071 1667 2411 1739 hypostases
2472 1668 2684 1736 dicere,
2744 1669 3113 1740 Nestoriique
3172 1669 3543 1742 nugamentis
3587 1673 3726 1727 sub-

2070 1759 2324 1814 scribere
2357 1758 2829 1831 deprehendatur
2861 1778 2874 1818 :
2908 1760 3009 1814 sed
3042 1759 3495 1832 enhypostatum
3530 1762 3725 1816 nomi«

314 1848 494 1902 nibus
523 1848 813 1903 obnoxius
843 1855 1017 1904 esset.
1048 1848 1119 1903 Ut
1148 1866 1304 1904 enim
1339 1866 1516 1904 unam
1539 1852 1668 1919 ejus
1689 1850 1937 1922 hyposta

2072 1852 2191 1914 nat,
2225 1846 2300 1907 ὡς
2332 1845 2383 1899 ἐν
2416 1850 2485 1920 τῇ
2535 1850 2631 1900 τοῦ
2690 1846 2818 1901 Υίοῦ
2863 1846 3157 1901 ὑποστάσει
3214 1848 3276 1902 τὸ
3335 1849 3467 1903 εἶναι
3528 1844 3723 1920 λαϐὸν,

310 1940 425 2003 sin,
485 1940 568 1995 ita
617 1945 675 1993 et
732 1940 1103 1997 essentiaiem
1167 1948 1509 1997 naturarum
1569 1942 1957 1997 differentiam

308 2028 529 2083 servari
595 2030 887 2084 novimus.
947 2030 1078 2085 Jam
1138 2032 1236 2101 qui
1267 2031 1390 2086 ﬁeri
1422 2037 1630 2103 potest,
1663 2038 1727 2086 ut
1755 2048 1957 2087 essen-

303 2116 465 2171 tialis
496 2116 825 2172 differentia
859 2122 1086 2173 servata
1115 2120 1212 2185 sit,
1247 2119 1359 2174 nisi
1384 2136 1454 2175 ea
1483 2136 1711 2189 quoque
1731 2126 1959 2176 servata

305 2206 446 2273 sint,
477 2222 604 2277 quas
663 2206 817 2261 inter
864 2222 924 2262 se
966 2212 1172 2262 mutuo
1219 2207 1500 2263 differunt
1547 2208 1575 2262 ?
1619 2208 1955 2264 Difi‘erentia

305 2296 460 2351 enim
494 2312 699 2351 eorum
748 2312 876 2368 quas
926 2297 1203 2353 differunt
1237 2297 1565 2354 differentia
1594 2304 1702 2355 est.
1738 2300 1950 2354 Eadem

303 2384 485 2455 igitur
515 2385 759 2455 ratione,
794 2402 911 2457 qua
940 2385 1155 2441 Christi
1188 2393 1410 2442 natura)
1460 2388 1613 2443 inter
1668 2404 1730 2445 se
1787 2388 1951 2443 diffe-

304 2478 461 2542 runt,
531 2474 640 2529 hoc
692 2479 785 2530 est
840 2476 1103 2530 essentia:
1160 2477 1401 2543 ratione,
1459 2476 1653 2548 ipsum
1716 2492 1949 2549 quoque

303 2578 436 2617 cum
470 2564 744 2619 extremis
784 2565 1114 2633 convenire,
1151 2565 1472 2634 divinitate,
1506 2568 1777 2639 inquam,
1810 2584 1947 2623 cum

300 2650 467 2706 Patre
494 2656 549 2705 et
579 2651 800 2724 Spiritu
837 2670 850 2709 :
884 2653 1266 2724 humanitate,
1300 2672 1432 2711 vero
1486 2672 1617 2711 cum
1670 2657 1853 2712 Matre
1892 2663 1950 2713 et

295 2741 463 2793 nobis
497 2741 836 2796 asserimus.
874 2742 998 2813 ipse
1027 2743 1185 2798 enim
1221 2743 1372 2800 Patri
1405 2749 1461 2800 et
1492 2744 1946 2816 Spirituisancto

300 2829 625 2885 divinitatis
673 2833 898 2889 ratione
944 2833 1467 2890 consubstantialis
1499 2841 1607 2906 est,
1641 2836 1807 2893 Matri
1840 2854 1946 2892 au-

300 2920 414 2970 tem
476 2925 531 2973 et
586 2922 816 2977 cunctis
867 2922 1228 2991 hominibus,
1283 2924 1507 2980 ratione
1540 2926 1942 2981 humanitatis.

302 3005 423 3068 Qua
455 3014 649 3063 autem
688 3011 907 3066 ratione
930 3018 1152 3067 naturas
1173 3013 1302 3085 ejus
1333 3016 1708 3082 conveniunt,
1740 3015 1941 3070 eadem

301 3096 495 3166 ipsum
532 3114 763 3171 quoque
824 3099 1055 3156 differre
1114 3102 1389 3169 dicimus,
1450 3109 1573 3159 tum
1627 3106 1857 3161 aPatre
1887 3110 1942 3159 et

2072 1936 2179 1991 hoc
2210 1941 2293 1993 est
2326 1937 2461 2009 quia
2494 1937 2551 1991 in
2578 1936 2703 1991 Filii
2738 1938 3035 2009 hyposlasi
3069 1939 3383 1995 essentiam
3427 1940 3720 1998 habuerit.

2068 2025 2369 2097 Siquidem
2400 2026 2670 2083 Christus
2704 2028 2848 2099 ipse,
2882 2044 3015 2083 cum
3051 2046 3165 2083 una
3183 2035 3336 2085 esset
3362 2030 3724 2102 hypostasis,

2068 2114 2188 2170 imo
2222 2132 2374 2181 vero,
2411 2120 2472 2171 ut
2511 2116 2771 2187 apertius
2804 2116 3018 2183 dicam,
3051 2116 3175 2189 ipse
3206 2118 3307 2174 Dei
3342 2117 3546 2183 Filius,
3579 2136 3715 2177 eum

2068 2221 2184 2259 una
2216 2210 2426 2260 sanctae
2458 2204 2758 2260 Trinitatis
2786 2205 3117 2277 bypostasis
3149 2220 3299 2273 esse,
3335 2206 3441 2262 fuit
3497 2212 3553 2263 et
3592 2224 3719 2264 cor-

2065 2293 2377 2365 poriqund
2438 2295 2765 2366 assumpsit
2829 2295 3178 2368 hypostasis.
3242 2297 3443 2367 Itaque
3501 2313 3713 2369 corpus

2064 2383 2292 2437 Domini
2325 2384 2750 2457 enhypostaton
2779 2384 3016 2455 quidem
3051 2390 3160 2455 est,
3191 2384 3525 2458 hypostasis
3556 2404 3716 2458 vero,

2064 2490 2325 2529 minime.

2756 2592 2911 2646 CAP.
2944 2591 3012 2649 V.

2059 2716 2131 2772 De
2158 2715 2514 2785 homoousiis,
2538 2733 2633 2773 seu
2664 2716 2755 2783 iis,
2781 2733 2900 2790 quae
2931 2722 3059 2773 sunt
3087 2717 3332 2789 ejusdem
3362 2718 3713 2775 substantia.

2129 2843 2497 2913 Homoousia,
2557 2844 2667 2901 hoc
2718 2850 2807 2900 est
2862 2845 3407 2911 consubstantialia,
3448 2863 3516 2902 ea
3547 2856 3707 2913 sunt,

2056 2950 2420 3007 quiscunque
2450 2935 2866 3008 hypostasibus
2899 2936 3137 3008 quidem
3171 2953 3206 2990 a
3236 2952 3297 2991 se
3329 2946 3532 2992 mutuo
3565 2937 3704 2991 diri-

2056 3030 2318 3094 muntur,
2378 3027 2633 3081 essentia
2688 3042 2822 3083 vero
2881 3027 3345 3098 conjunguntur.
3399 3025 3471 3081 Ut
3507 3041 3613 3098 ego
3654 3032 3710 3084 et

2052 3118 2113 3169 tu
2147 3119 2203 3170 et
2231 3131 2435 3171 omnes
2454 3116 2672 3188 singuli
2695 3115 2965 3171 homines
2984 3115 3325 3189 hypostases
3348 3116 3703 3173 homoousisa

295 3184 774 3277 Spiritusancto,
807 3193 934 3245 tum
967 3191 1203 3247 aMatre
1241 3198 1299 3248 et
1328 3194 1547 3250 caeteris
1577 3193 1934 3250 hominibus.
1972 3198 2016 3264 C
2053 3221 2281 3271 sumus,
2339 3204 2449 3261 hoc
2505 3184 2594 3261 es];
2676 3206 2944 3277 ejusdem
3027 3184 3297 3261 essentia
3364 3207 3700 3277 participes.

291 3274 657 3331 Conveniunt
713 3278 870 3334 enim
918 3280 1046 3350 ejus
1124 3286 1351 3337 natura:
1426 3299 1526 3352 per
1574 3282 1942 3355 hypostasin,

291 3379 421 3418 cum
458 3381 574 3419 una
614 3365 913 3439 hypostasi
944 3372 1269 3439 composita
1290 3376 1581 3435 constent,
1615 3375 1938 3429 secundum

293 3468 468 3522 quam
502 3457 627 3510 tum
660 3473 692 3511 a
725 3460 893 3512 Patre
924 3463 981 3512 et
1011 3457 1255 3530 Spiritu,
1284 3464 1407 3515 tum
1431 3477 1463 3515 a
1488 3460 1668 3516 Matre
1698 3467 1754 3517 et
1773 3463 1940 3518 nobis

290 3542 435 3612 ipsis
468 3543 679 3599 differt.

961 3662 1117 3718 CAP.
1162 3663 1251 3720 IV.

289 3764 477 3845 Capita
526 3768 778 3838 quaedam
834 3774 1351 3845 quorummognitzb
1381 3775 1449 3830 iis
1492 3778 1795 3831 necessaria
1832 3787 1927 3845 est,

352 3841 744 3913 (/uirquantum
788 3841 943 3897 ralia
989 3841 1209 3913 paritur
1242 3846 1506 3910 humana,
1555 3847 1707 3902 Verbi
1735 3841 1925 3903 ἰηστινὲ

350 3912 471 3991 nan:
501 3916 823 3991 mysterium
844 3929 1163 3991 cognoscere
1189 3921 1438 3983 cupiunt.
1490 3920 1565 3972 De
1591 3927 1925 3991 enhyposla—

352 3989 423 4045 to,
450 3983 865 4053 helerolmsmto,
895 3993 948 4040 et
978 3987 1279 4060 hypostasi.

349 4097 815 4167 Enhypostatum
851 4100 957 4156 hoc
988 4104 1153 4158 estid
1189 4107 1342 4175 quod
1380 4122 1476 4175 per
1526 4123 1589 4163 se
1619 4125 1845 4179 suaque
1872 4110 1919 4163 vi

280 4183 566 4250 subsistit,
601 4188 659 4239 in
694 4188 1028 4243 universum
1067 4208 1168 4261 pro
1201 4194 1360 4247 omni
1413 4195 1797 4251 subsistentia
1824 4213 1922 4252 ca-

275 4270 455 4341 pitur,
509 4290 805 4347 corporea,
863 4279 1129 4350 inquam,
1180 4290 1229 4335 et
1316 4282 1679 4355 incorporea,
1755 4291 1926 4356 prout

273 4359 424 4415 ferre
451 4366 644 4433 potest
677 4380 690 4417 :
742 4382 858 4436 quo
905 4366 963 4421 in
1014 4368 1346 4440 significatu
1381 4371 1537 4427 color
1569 4390 1802 4445 quoque
1833 4391 1923 4429 es-

2046 3293 2218 3349 Pater
2249 3296 2446 3366 itaque
2498 3299 2555 3350 et
2603 3293 2808 3362 Filius,
2851 3300 2908 3349 et
2944 3295 3200 3367 Spiritus
3240 3299 3485 3350 sanctus
3515 3295 3705 3367 hypo-

2047 3383 2307 3438 stasibus
2365 3384 2599 3454 quidem
2663 3383 3009 3439 dividuntur
3069 3383 3242 3455 (alius
3298 3382 3454 3439 enim
3503 3383 3693 3454 Pater,

2045 3471 2197 3526 alius
2228 3471 2368 3527 item
2403 3471 2605 3539 Filius,
2653 3472 2803 3528 alius
2852 3472 3100 3542 denique
3140 3473 3397 3544 Spiritus
3428 3471 3692 3543 sanctus)

2043 3561 2298 3616 essentia
2325 3577 2459 3617 vero
2489 3564 2949 3634 conjunguntur.
3006 3560 3144 3617 Usia
3184 3570 3401 3630 autem,
3445 3578 3567 3629 seu,
3600 3579 3693 3618 es-

2043 3650 2251 3718 sentia,
2287 3652 2617 3705 communis
2645 3655 2735 3705 est
2764 3651 3152 3723 hypostaseon
3185 3650 3353 3720 ratio,
3402 3651 3523 3706 sive
3568 3667 3687 3706 una

2038 3739 2301 3808 divinita,
2335 3755 2454 3794 una
2484 3740 2687 3795 forma.
2724 3740 2893 3796 Pater
2925 3756 3062 3812 ergo
3096 3745 3151 3795 et
3182 3740 3383 3807 Filius,
3418 3744 3475 3795 et
3503 3739 3682 3811 Spiri-

2034 3832 2130 3882 tus
2183 3834 2446 3897 sanctus,
2508 3846 2598 3884 res
2651 3834 2785 3884 sunt
2840 3830 3105 3901 ejusdem
3165 3830 3483 3885 essentise:
3528 3828 3683 3901 quod

2039 3918 2213 3972 unius
2245 3920 2364 3972 sint
2390 3925 2447 3973 et
2477 3919 2743 3988 ejusdem
2790 3919 3057 3974 essentia;
3111 3919 3424 3991 participes
3459 3935 3471 3973 :
3501 3919 3684 3991 hypo-

2036 4007 2290 4061 stasibus
2319 4013 2537 4075 autem,
2570 4009 2688 4062 sive
2720 4010 3077 4079 personis,ut
3108 4008 3326 4062 dictum
3381 4012 3490 4078 est,
3541 4007 3682 4061 divi-

2033 4094 2274 4158 duntur,
2309 4101 2371 4151 at
2399 4096 2675 4166 essentia,
2739 4097 2861 4152 sive
2904 4102 3134 4164 natura,
3188 4098 3632 4169 conjunguntur
3665 4113 3678 4151 :

2030 4200 2216 4255 eaque
2268 4185 2337 4240 de
2415 4202 2593 4241 causa
2662 4185 2894 4262 ὁμοφεῖς
2974 4187 3232 4257 ejusdem
3308 4191 3552 4254 naturae,
3620 4189 3678 4239 et

2029 4272 2315 4343 ὁμοούσιοι
2348 4274 2612 4343 ejusdem
2645 4276 2931 4339 essentia,
2967 4274 3280 4347 participes
3305 4275 3603 4331 dicuntur.

2708 4380 2858 4436 CAP.
2893 4380 2985 4438 Vi.

274 4452 655 4564 {fiftiifffﬂ
671 4456 1128 4564 f°_:§"t15i?te"3
1158 4459 1276 4564 dies
1306 4466 1477 4564 que‘ft
1510 4477 1522 4517 ⁵
1555 4480 1691 4564 συξη
1726 4471 1923 4518 tam?”
1948 4555 1986 4564 _
2030 4490 2105 4545 De
2150 4490 2661 4564 Homohyposfatis,
2711 4492 2809 4546 hoc
2850 4497 2928 4546 est
2978 4491 3069 4560 iis,
3118 4507 3244 4564 qua
3273 4498 3400 4548 sunt
3432 4492 3674 4562 ejusdem

274 4540 507 4609 proprie
537 4542 696 4597 color
751 4546 830 4600 sit
887 4545 1385 4621 heteropostaton,
1436 4552 1542 4607 hoc
1575 4560 1664 4608 est
1692 4570 1784 4608 res
1817 4570 1918 4625 per
1948 4555 1996 4617 D

278 4626 459 4683 alium
494 4631 827 4688 subsistens
852 4651 865 4701 ;
888 4637 1122 4707 prepria
1139 4637 1293 4693 enim
1323 4640 1706 4697 subsistentia
1734 4647 1909 4710 caret,

266 4717 365 4771 sed
397 4720 625 4790 corpori
683 4727 962 4793 tanquam
1011 4727 1274 4798 subjecto
1331 4729 1588 4785 inhaeret.
1646 4731 1913 4787 Essentia

266 4822 398 4861 vero
426 4808 657 4879 proprie
690 4810 1023 4882 hypostasis
1050 4821 1159 4883 est,
1192 4833 1295 4871 seu
1342 4819 1748 4887 subsistentia,
1794 4837 1908 4876 non

262 4910 455 4951 autem
489 4898 966 4981 enhypostatum.
1004 4905 1257 4962 Abusive
1287 4913 1482 4963 tamen
1523 4909 1643 4965 haec
1676 4926 1909 4981 quoque

261 4993 603 5059 enypostata
617 4989 749 5043 dicu
763 4992 1385 5066 ntur.Eubypostatum
1406 5006 1681 5069 praeterea
1695 4999 1910 5055 dicitur

263 5075 440 5131 homo
501 5079 867 5149 universalis,
926 5085 1076 5152 quod
1135 5087 1349 5141 externi
1400 5088 1729 5159 philosOphi
1761 5084 1905 5150 εἶδος

260 5160 636 5234 εἰδικώτατον,
670 5169 778 5225 hoc
809 5178 899 5225 est
919 5174 1169 5243 speciem
1188 5176 1670 5245 specialissimam
1695 5196 1795 5235 seu
1817 5180 1902 5234 in-

265 5255 463 5309 fimam
512 5265 735 5312 vocant.
790 5259 1256 5332 Enhypostaium
1308 5272 1500 5322 autem
1558 5268 1906 5326 universalis

258 5342 435 5399 homo
466 5346 696 5414 dicitur,
727 5353 1007 5421 tanquam
1032 5350 1090 5405 in
1125 5352 1534 5425 hypostasibus
1565 5360 1905 5413 considera-

254 5437 373 5523 tus,
434 5440 496 5488 ut
554 5435 611 5490 in
674 5437 837 5494 Petro
887 5444 943 5494 et
994 5442 1227 5497 cateris
1259 5442 1593 5503 hominibus
1624 5450 1897 5523 singulis.

250 5520 380 5577 Haac
403 5539 574 5593 porro
597 5528 706 5578 tria
727 5528 1098 5600 enhypostati
1116 5531 1447 5603 signiﬁcata
1459 5535 1603 5593 citra
1624 5520 1898 5611 magnam

324 5643 438 5716 (27)
469 5643 683 5700 Contra
712 5642 1040 5717 Origenem.

2402 4562 2742 4634 hypostaseos
2771 4580 2870 4619 seu
2900 4562 3293 4621 subsistentia“.

2093 4667 2611 4742 Homohypnstata,
2672 4670 2783 4728 hoc
2837 4677 2930 4726 est
2973 4673 3572 4741 eonsubsistentialia,
3605 4692 3668 4730 ea

2023 4755 2321 4824 dicuntur,
2381 4774 2747 4831 quascunque
2806 4759 2961 4815 inter
3006 4777 3069 4816 se
3122 4760 3370 4816 essentia
3427 4763 3665 4833 quidem

2021 4845 2317 4913 differunt,
2375 4848 2433 4902 in
2473 4864 2651 4904 unam
2711 4853 2905 4904 autem
2939 4853 2996 4903 et
3025 4850 3289 4906 eamdem
3321 4851 3663 4924 hypostasin

2020 4934 2171 4991 inter
2191 4952 2253 4991 se
2282 4941 2714 5009 componuntur
2746 4955 2758 4993 :
2793 4942 2857 4992 ut
2911 4954 3017 5009 ego
3058 4944 3115 4994 et
3144 4945 3227 5007 tu,
3257 4945 3314 4995 et
3346 4943 3661 5014 unusquis~

2018 5040 2133 5094 que
2194 5029 2458 5080 nostrum
2517 5026 2715 5081 anima
2758 5030 2815 5081 et
2865 5026 3104 5098 corpore
3154 5032 3513 5087 constamus.
3564 5036 3663 5088 Hae

2018 5128 2187 5181 porro
2247 5117 2463 5183 partes,
2523 5114 2722 5169 anima
2777 5118 2834 5169 et
2890 5131 3103 5187 corpus
3142 5119 3395 5173 essentia
3425 5119 3661 5191 quidem

2016 5202 2255 5261 diversa
2314 5207 2500 5257 sunt:
2564 5201 2701 5274 (alia
2758 5205 2915 5259 enim
2975 5205 3207 5277 animis,
3253 5206 3369 5264 alia
3401 5211 3662 5282 corporis

2014 5291 2267 5345 essentia
2288 5294 2426 5361 est.)
2463 5290 2973 5365 Homohypostatas
3013 5312 3167 5362 vero,
3198 5314 3301 5353 seu
3333 5300 3659 5355 subsisten-

2013 5380 2105 5435 tiae
2138 5382 2419 5450 ejusdem,
2452 5382 2776 5438 secundum
2810 5383 3264 5441 christianorum
3309 5388 3659 5458 placita.Ncc

2011 5470 2166 5523 enim
2212 5470 2412 5524 anima
2454 5470 2582 5542 ipso
2608 5487 2847 5543 corpore
2870 5474 3191 5546 antiquior,
3223 5491 3412 5547 neque
3441 5493 3658 5550 corpus

2009 5574 2138 5613 esse
2168 5564 2469 5629 cmperunt
2496 5559 2628 5631 ('27).
2662 5561 3031 5634 Quaecunque
3064 5580 3201 5636 ergo
3239 5568 3494 5623 essentia
3523 5570 3658 5641 qui-
