4052 6374
331 359 483 422 1211

1652 359 1967 426 NIGETE
2007 351 2434 416 CHONIATE

3600 367 3774 427 1212

333 494 461 548 dem
519 494 814 564 dig-3mm,
873 499 1078 554 eodem
1136 504 1333 556 tamen
1384 505 1669 571 tempore,
1701 503 1757 553 οι
1807 491 1985 552 limat
2015 493 2066 556 Α
2099 486 2284 542 Maria
2313 487 2538 542 nudum
2571 490 2627 542 et
2647 486 2981 558 simplicem
3012 489 3312 549 hominem
3355 497 3562 552 natum
3607 513 3771 566 esse,

336 582 746 652 substiterunt,
809 587 1290 660 homohypostata
1348 597 1504 658 sunt,
1573 593 1631 644 et
1688 585 1982 642 dicuntur.

334 671 535 743 Itaque
564 674 734 731 Pater
763 680 820 732 et
851 677 1053 746 Filius,
1103 683 1159 734 et
1201 673 1457 750 Spiritus
1507 678 1746 735 sanctus
1777 677 1982 732 homo:

337 761 647 832 hypostata
706 775 820 820 non
871 776 1027 834 sunt,
1090 769 1357 840 quamvis
1411 769 1532 826 illis
1590 767 1898 840 antiquius
1928 751 1987 823 et

335 853 630 910 recentius
687 855 831 909 nihil
879 857 977 924 sit,
1047 861 1183 929 quia
1240 871 1374 916 vero
1429 859 1686 916 essentia
1743 857 1984 913 minime

337 939 632 1007 ditt‘erunt,
667 938 882 1000 idcirco
917 945 1092 1000 etiam
1143 947 1492 1005 homOOusia
1537 952 1596 1005 et
1639 951 1780 1003 sunt
1811 951 1866 1002 et
1896 945 1981 1000 dia

335 1034 569 1084 cuntur.

999 1137 1150 1200 CAP.
1200 1137 1270 1201 νι
1287 1141 1321 1200 ῐ.

334 1247 406 1300 De
451 1241 775 1326 Diﬂerentia
803 1260 856 1326 et
901 1249 1510 1326 conjunctioneeaque
1541 1250 1776 1326 triplici,
1810 1267 1986 1308 essen-

711 1321 858 1390 tialz',
891 1321 1196 1392 personuit,
1227 1331 1278 1381 et
1310 1321 1605 1382 habitanti.

403 1423 745 1483 Essentialis
776 1431 1112 1499 conjunctio
1144 1435 1253 1501 est,
1282 1451 1410 1505 quae
1459 1431 1669 1489 multas
1714 1426 1988 1506 hyposta-

334 1529 430 1570 ses
462 1513 532 1570 ad
565 1533 742 1572 unam
775 1521 1094 1576 essentiam
1123 1531 1440 1594 congregat
1473 1542 1488 1592 ;
1537 1528 1602 1578 ut
1632 1539 1834 1579 omnes
1863 1517 1982 1578 sin-

329 1604 453 1676 guli
484 1605 754 1663 homines
813 1607 1230 1681 hypostasibus
1277 1607 1516 1684 quidem
1568 1629 1672 1669 seu
1715 1604 1982 1684 personis

331 1694 694 1765 dividuntur,
727 1699 983 1754 essentia
1013 1713 1170 1769 vero,
1203 1718 1305 1756 seu
1353 1702 1576 1757 ratione
1603 1694 1983 1758 humanitatis“

329 1782 795 1856 conjunguntur.
833 1785 1032 1858 Itaque
1062 1781 1184 1844 haec
1209 1807 1592 1861 personarum
1621 1791 1978 1861 Conjunctio,

2101 591 2240 648 erga
2269 593 2444 648 quem
2503 571 2658 633 Deus
2712 577 2967 632 Verbum
3021 581 3225 636 eadem
3273 599 3342 639 ex
3370 586 3773 655 generatione

2103 665 2440 721 benevolum
2501 665 2948 736 dispositionem
2999 669 3438 728 aifectionemve
3495 675 3771 736 haberet.

2101 756 2289 826 Atque
2346 755 2814 826 coniunctionem
2867 757 3106 828 quidem
3168 761 3482 829 fatebatur,
3516 781 3636 819 non
3673 773 3769 822 ta-

2105 859 2234 899 men
2265 843 2708 916 bypostaticam,
2769 846 2870 901 sed
2915 846 3257 904 scheticam.
3292 851 3371 906 Ex
3407 869 3524 925 quo
3558 854 3770 927 ﬁebat,

2105 937 2169 990 ut
2199 950 2316 989 non
2347 949 2527 988 unam
2587 933 2930 1006 hypostasin
2994 937 3174 994 miser
3229 939 3326 996 ille
3357 943 3766 1014 proﬁteretur,

2102 1022 2206 1077 sed
2239 1023 2542 1094 duas,qusa
2601 1023 2756 1080 inter
2811 1041 2875 1081 se
2919 1027 3159 1098 quidem
3191 1033 3450 1087 essentia
3479 1037 3540 1088 et
3575 1034 3768 1108 hypo-

2101 1112 2247 1168 stasi
2279 1113 2677 1170 dividerentur
2705 1131 2724 1168 :
2755 1115 3014 1174 amicitia
3045 1135 3176 1175 vero
3205 1121 3768 1192 eademquevolun-

2101 1207 2238 1271 tate,
2273 1202 2360 1260 vel
2407 1204 2735 1260 voluntaria
2788 1207 3168 1277 dispositione
3224 1212 3762 1286 conjungerentur,

2101 1297 2423 1364 caloreque
2455 1293 2511 1348 id
2539 1309 2726 1366 genus
2759 1295 2962 1351 deliria
3003 1297 3424 1356 deblaterabat.

2794 1403 2945 1460 CAP.
2987 1405 3050 1460 Χ.

2098 1509 2173 1564 Da
2225 1516 2412 1564 sancta
2474 1508 2790 1586 Trinitatis,
2823 1511 3014 1586 Pater,
3071 1513 3269 1580 Filius,
3297 1515 3362 1586 ei
3396 1516 3650 1586 Spiritu:
3699 1521 3764 1575 in

2400 1597 2505 1652 quo
2533 1581 2814 1653 diﬂerant,
2847 1583 2907 1636 in
2933 1597 3041 1654 qua
3069 1585 3429 1643 conueniant.

2165 1688 2336 1743 Pater
2393 1689 2631 1760 quidem
2681 1700 2859 1744 causa
2907 1695 3082 1756 caret,
3129 1696 3335 1764 estque
3381 1693 3692 1768 ingenitus
3743 1715 3761 1754 ι

2096 1785 2200 1833 nec
2229 1777 2386 1834 enim
2444 1776 2517 1833 ab
2574 1775 2714 1847 ullo,
2773 1791 2844 1833 ne
2879 1791 2910 1834 α
2938 1781 3130 1852 seipse
3157 1783 3394 1855 quidem
3427 1788 3760 1844 essentiam

333 1887 459 1943 quae
490 1889 594 1944 per
623 1890 800 1928 unam
833 1875 900 1930 ﬁt
925 1877 1260 1946 essentiam,
1287 1879 1620 1950 conjunctio
1646 1871 1979 1936 essentialis
2009 1863 2055 1928 Β
2089 1867 2282 1936 “ab”:
2310 1865 2492 1923 Filius
2523 1872 2719 1922 antem
2753 1879 2786 1922 ⁸
2833 1870 3006 1924 PM“
3066 1872 3302 1942 εθηίιυθ
3341 1879 3449 1929 θεη-
3487 1873 3762 1934 sancti"

331 1959 566 2016 dicitur.
628 1959 970 2022 Essentialis
1029 1983 1162 2023 vero
1218 1961 1549 2025 differentia
1593 1975 1698 2035 est,
1742 1965 1981 2041 quando

331 2051 655 2121 conjunctae
689 2069 866 2108 unam
929 2073 982 2110 in
1044 2051 1381 2128 hypostasin
1426 2062 1667 2126 naturae,
1702 2053 1828 2114 sine
1863 2051 1982 2114 ulla

329 2140 671 2197 confusione
701 2149 755 2198 et
785 2141 1197 2202 imminutione
1233 2152 1500 2204 manent:
1527 2141 1736 2204 utduo'e
1764 2145 1976 2204 Christi

329 2235 572 2299 naturis,
613 2230 734 2288 sive
765 2231 1040 2290 divinitas
1069 2241 1127 2290 et
1149 2227 1503 2306 humanitas,
1540 2233 1598 2293 in
1641 2255 1818 2294 unam
1849 2255 1980 2294 con-

329 2335 541 2386 gressae
573 2319 935 2391 hyposlasin,
988 2321 1449 2398 haudquaquam
1477 2324 1728 2384 confusa
1759 2324 1975 2382 immu-

328 2412 532 2462 tatteve
563 2415 701 2464 sunt
751 2427 764 2464 :
817 2413 916 2467 sed
950 2411 1244 2470 essentiali
1304 2409 1632 2472 differentia
1673 2413 1974 2474 differunt.

321 2501 581 2552 Duarum
615 2499 774 2554 enim
813 2505 1155 2558 naturarum
1200 2509 1407 2560 neutra
1438 2503 1805 2562 commisceri
1837 2521 1974 2560 con-

321 2587 625 2659 fundique,
658 2591 926 2644 essentiaa
958 2588 1160 2647 habita
1191 2593 1435 2662 ratione,
1471 2599 1678 2665 potest,
1713 2611 1820 2650 nec
1840 2611 1974 2651 vero

321 2675 472 2730 inter
501 2694 563 2732 se
591 2677 864 2733 differunt
891 2679 1194 2752 hypostasi
1230 2699 1242 2736 :
1295 2700 1414 2738 una
1464 2685 1619 2739 enim
1662 2685 1971 2740 ambarum

324 2765 657 2837 hypostasis
688 2773 797 2834 est,
829 2774 888 2823 at
909 2771 1204 2826 essentiaii
1240 2765 1586 2829 diilerenlia.

963 2868 1119 2932 Cap.
1174 2871 1325 2932 Vili.

459 2983 534 3038 Ds
560 2982 902 3056 hyposiatica
925 3001 1026 3060 seu,
1046 2987 1336 3060 personuit
1362 2988 1752 3060 conjunctione
1776 2995 1827 3045 et

960 3055 1316 3129 (Ii/Terentia.

389 3166 784 3237 Hypostatica,
844 3183 945 3222 seu
1009 3168 1336 3239 personalis
1390 3171 1724 3240 conjunctis
1754 3187 1823 3227 ea
1852 3177 1961 3242 est,

319 3271 446 3325 qua
503 3255 764 3310 diversas
813 3257 1100 3310 essentias
1159 3259 1282 3314 sive
1321 3263 1563 3314 naturas
1595 3260 1654 3315 in
1689 3277 1872 3316 unum
1907 3266 1965 3318 et

319 3357 497 3398 unam
515 3343 901 3414 eamdemque
919 3343 1276 3416 bypostasim
1301 3347 1522 3421 colligit
1541 3358 1599 3405 et
1618 3349 1875 3423 colligat,
1906 3356 1971 3407 ut

319 3431 381 3485 in
413 3431 852 3502 dispensatione
892 3432 1317 3492 incarnationis
1350 3437 1580 3495 Domini
1613 3439 1797 3496 nostri
1827 3441 1968 3498 Jesu

319 3519 536 3574 Christi
563 3519 927 3592 hypostatica
957 3525 1289 3594 conjunctis
1325 3527 1449 3582 fuit.
1484 3527 1622 3584 Duae
1652 3529 1808 3586 enim
1841 3533 1968 3602 ejus

319 3615 539 3665 naturis
570 3609 626 3665 iu
663 3625 839 3666 unum
871 3613 1253 3686 scindemque
1283 3616 1620 3688 hypostasin
1657 3619 1806 3674 circa
1837 3637 1970 3676 con-

319 3699 608 3755 fusionem
641 3701 967 3771 conjunctaa
997 3709 1154 3760 sunt.
1185 3703 1560 3777 Hypnstatica
1617 3725 1752 3765 vero
1809 3709 1968 3766 diii‘e.

313 3786 503 3842 rentia
555 3793 666 3854 est,
727 3791 960 3859 quando
1021 3791 1388 3863 hypostasss,
1443 3811 1570 3866 quis
1621 3796 1731 3852 sub
1790 3811 1967 3852 unam

313 3875 628 3931 essentiam
659 3878 900 3945 cadunt,
935 3879 1088 3934 inter
1137 3897 1198 3936 se
1241 3881 1643 3951 dividuuntur,
1678 3889 1736 3940 et
1767 3886 1825 3940 in
1858 3901 1964 3940 nu-

324 3981 546 4020 merum
579 3967 1138 4041 multitudinemqne
1169 3971 1656 4028 characteristicis
1678 3991 1777 4030 seu
1815 3975 1968 4047 ﬁgu-

321 4055 522 4110 rativis
580 4057 1036 4128 pr0prietatibus
1098 4061 1332 4117 cedunt.
1385 4061 1497 4118 Alii
1539 4064 1692 4118 enim
1737 4064 1808 4120 ab
1836 4065 1968 4120 alii

319 4145 706 4216 hypostaseon
741 4151 963 4202 ratione
993 4149 1340 4207 diii'erimus.
1377 4151 1550 4207 Verbi
1609 4153 1813 4223 gratia,
1859 4170 1965 4227 ego

314 4235 549 4305 quidem
611 4249 746 4292 sum
809 4245 1075 4307 provecta
1133 4245 1320 4311 (state,
1401 4243 1564 4312 nigro
1635 4243 1849 4311 colore,
1909 4250 1968 4300 et

312 4340 446 4378 sum
478 4323 691 4381 balbus
726 4341 740 4380 :
798 4329 862 4380 tu
922 4331 1116 4382 autem
1163 4329 1353 4384 media
1391 4336 1576 4396 aetate,
1611 4331 1800 4401 albus,
1832 4349 1963 4389 ver-

311 4409 500 4481 baque
529 4410 806 4466 distincte
839 4413 1086 4483 profers.
1121 4410 1335 4470 Eodem
1371 4417 1546 4472 modo
1591 4421 1782 4474 caeteri
1816 4436 1961 4492 quo-

313 4515 424 4570 que
475 4497 693 4569 singuli
755 4499 1024 4556 homines
1103 4499 1446 4574 hujusmodt
1505 4498 1963 4579 proprietatibus

311 4587 675 4662 hypostatice
703 4581 997 4646 difierunt.

990 4696 1142 4757 CAP.
1188 4697 1275 4757 IX.

312 4805 386 4859 De
403 4805 637 4862 schelius
667 4823 765 4884 seu
791 4807 1586 4884 hue-iiuna,conjunctione,et
1613 4803 1960 4884 diﬂereniia,

719 4877 785 4933 de
815 4879 1135 4952 a’z'ﬂ‘erentz'a
1165 4877 1345 4938 idmen
1381 4877 1545 4938 nihil.

377 4982 666 5050 Bobetica,
729 5002 832 5042 seu
904 4985 1220 5042 habitualis
1279 4990 1636 5060 conjunctio,
1685 4993 1876 5049 amica
1905 4999 1964 5051 et

308 5070 588 5128 benevola
643 5071 946 5144 dispositio
1013 5083 1120 5142 est,
1181 5077 1268 5132 vel
1319 5095 1560 5134 concors
1594 5079 1959 5138 voluntatum

309 5174 652 5217 consensus.
685 5160 795 5225 Qui
827 5178 962 5234 ergo
1001 5169 1208 5220 mutua
1237 5181 1296 5222 se
1328 5165 1732 5226 benevolentia
1763 5187 1959 5244 prose-

311 5251 870 5317 quuntur,amicitiae
890 5258 1150 5322 respectu
1167 5254 1421 5310 scheticc
1440 5257 1735 5327 conjuncti
1755 5249 1962 5317 dicun-

309 5341 370 5388 tu
381 5336 754 5394 niimreticus
769 5339 922 5394 enim
940 5339 1158 5412 impius
1172 5342 1268 5398 ille
1290 5341 1592 5401 Nestorius
1608 5348 1929 5406 ecclesiasti
1942 5377 1959 5390 ο

311 5439 437 5476 cam
469 5426 794 5484 doctrinam
827 5444 940 5482 non
971 5429 1582 5506 admittens,quaipse
1613 5437 1766 5493 Deus
1785 5439 1960 5494 homo

305 5509 520 5578 factus,
581 5523 910 5588 nostrisque
965 5522 1189 5573 natura
1249 5524 1604 5592 conjunctus
1651 5527 1958 5597 asseritur,

307 5596 730 5666 hypostaticam
782 5607 1022 5678 quidem
1055 5623 1154 5662 seu
1189 5596 1958 5686 personalemvconiunctio?

308 5699 439 5738 nom
505 5703 632 5748 esse
695 5695 993 5766 negabat:
1049 5697 1395 5771 uagabatur;
1419 5705 1614 5758 autem
1677 5721 1708 5760 e
1757 5713 1960 5761 sancta

2086 1957 2335 2028 denique
2364 1953 2618 2028 Spiritus
2648 1961 2708 2012 et
2733 1957 2858 2028 ipse
2891 1958 3129 2028 quidem
3173 1977 3241 2016 ex
3287 1963 3475 2030 Patre,
3536 1968 3598 2020 at
3632 1983 3760 2022 non

2085 2045 2499 2114 generationis,
2565 2047 2665 2102 sed
2731 2049 3122 2116 processiouts
3176 2053 3371 2108 modo.
3433 2054 3502 2110 Et
3558 2055 3754 2112 simul

2084 2138 2260 2206 atque
2279 2135 2404 2190 Filii
2429 2143 2496 2191 ex
2522 2135 2686 2190 Patre
2728 2137 3026 2207 generatio
3069 2139 3196 2206 fuit,
3252 2140 3364 2196 fuit
3403 2146 3462 2197 et
3485 2145 3756 2216 Spiritus

2082 2223 2272 2279 sancti
2305 2224 2624 2296 processio.
2659 2226 2781 2290 Quo
2832 2229 3027 2282 autem
3065 2229 3238 2284 modo
3269 2234 3327 2285 st
3355 2234 3660 2302 generatio
3691 2239 3758 2291 et

2084 2315 2382 2384 processio
2411 2312 2704 2384 differant,
2739 2321 2912 2370 nemo
2945 2317 3124 2372 novit.
3163 2318 3365 2390 Itaque
3397 2319 3756 2393 hypostases

2081 2395 2224 2458 solis
2283 2401 2662 2474 hypostaticis
2714 2404 3171 2474 proprietatibus
3239 2409 3545 2476 differunt,
3621 2413 3752 2470 sive

2083 2499 2198 2546 non
2229 2491 2622 2562 generatione,
2647 2493 3045 2562 generatione,
3079 2499 3135 2550 et
3169 2498 3541 2567 processione
3575 2515 3748 2570 :quaa

2080 2579 2380 2636 individuo
2412 2591 2645 2654 quoque
2687 2577 3048 2640 dividuntur.
3080 2583 3276 2640 Trium
3307 2591 3500 2642 autem
3533 2604 3747 2660 perso-

2082 2679 2289 2725 narum
2343 2677 2706 2741 unaquaeque
2749 2672 3004 2742 perfecta
3057 2679 3288 2730 constat
3315 2674 3644 2749 hyposlasi.
3680 2683 3747 2738 In

2080 2758 2272 2815 tribus
2303 2759 2458 2814 enim
2521 2760 2792 2832 perfectis
2851 2761 3269 2834 hypostssibus
3327 2779 3446 2822 una
3485 2769 3746 2841 simplex

2080 2849 2232 2903 inest
2275 2847 2551 2916 essentia,
2594 2858 2726 2920 quis
2757 2849 3065 2906 terminum
3098 2865 3335 2910 omnem
3371 2857 3650 2928 procedit
3682 2863 3742 2917 et

2076 2941 2404 3008 exsuperat.
2460 2937 2826 2994 Paracletum
2883 2941 3079 2996 autem
3138 2958 3202 2998 se
3269 2944 3618 3002 advocatum
3681 2955 3742 3006 et

2031 3104 2039 3108 ‘
2068 3025 2359 3104 ‘Spiritum
2395 3031 2451 3082 et
2476 3022 2686 3082 Filium
2745 3040 3046 3096 vocamus,
3094 3035 3155 3085 ut
3185 3031 3287 3104 qui
3319 3036 3733 3093 universorum

2073 3110 2486 3171 advocationes
2543 3119 2601 3172 et
2659 3116 2978 3186 patrocinia
3033 3119 3384 3192 suscipiant.
3443 3124 3726 3194 Spiritum

1996 3226 2039 3292 ρ
2075 3203 2310 3272 quidem
2368 3209 2525 3260 certe
2583 3219 2618 3260 ι
2673 3204 2845 3262 Patre
2901 3205 2982 3277 [et
3023 3207 3188 3280 Filio]
3239 3213 3542 3280 procedere
3570 3211 3722 3266 dici-

2079 3305 2231 3364 mus,
2259 3292 2339 3348 ita
2371 3297 2565 3350 tamen
2609 3301 2668 3348 ut
2703 3309 2806 3366 per
2835 3293 3045 3351 Filium
3079 3296 3470 3369 impsrtiatur.

2753 3401 2907 3460 CAP.
2952 3401 3047 3461 XI.

2541 3502 2612 3556 De
2655 3501 2827 3555 Verbi
2856 3500 3260 3560 incarnatione.

2147 3611 2350 3663 Errore
2393 3624 2505 3662 non
2554 3611 2732 3677 caret,
2779 3609 2828 3664 si
2859 3616 3132 3665 naturam
3163 3611 3422 3668 divinam
3457 3610 3736 3670 incarna-

2075 3701 2192 3752 tam
2229 3697 2408 3752 fuisse
2428 3699 2714 3765 dicamus,
2747 3707 2879 3752 cum
2909 3692 3082 3754 Verbi
3120 3700 3451 3774 hypostasis
3484 3703 3743 3763 dicenda

2075 3787 2171 3841 sit.
2212 3786 2272 3842 Si
2324 3786 2478 3842 enim
2531 3800 2766 3843 carnem
2817 3804 2851 3843 a
2884 3793 3096 3844 natura
3125 3789 3322 3846 divina
3353 3799 3734 3864 assumptum

2079 3871 2258 3930 fuisse
2315 3869 2655 3943 dixerimus,
2701 3873 2901 3947 utique
2952 3890 3068 3932 una
3097 3877 3324 3934 Patrem
3360 3887 3414 3936 et
3442 3881 3734 3954 Spiritum

2074 3955 2663 4036 comprehendamus,
2715 3974 2846 4022 cum
2882 3975 3000 4021 una
3029 3969 3250 4024 Sanctae
3283 3961 3592 4027 Trinitatis
3627 3985 3738 4030 na-

2074 4059 2207 4109 tura
2237 4054 2334 4110 sit.
2367 4053 2742 4127 Synalmpha,
2775 4072 2875 4110 seu
2911 4055 3200 4123 connclio,
3235 4059 3470 4130 prOprie
3507 4062 3737 4120 coniu-

2074 4141 2160 4199 sio
2189 4149 2296 4210 est,
2351 4134 2544 4204 ἓνωσις
2603 4144 2802 4199 autem
2861 4159 2960 4200 seu
3014 4146 3382 4217 eonjunctio,
3418 4163 3551 4206 cum
3589 4155 3737 4223 quid

2073 4227 2216 4286 citra
2249 4229 2577 4286 rnistlonom
2617 4229 2714 4286 alii
2769 4231 3024 4304 cuipiam
3061 4231 3405 4305 applicatur,
3439 4241 3502 4292 ut
3532 4239 3739 4299 oleum

2073 4311 2596 4391 aquis.Divinitatis
2619 4325 2889 4376 naturam
2927 4317 3317 4380 humanitatis
3341 4325 3570 4384 naturae
3594 4343 3739 4386 con-

2070 4409 2332 4480 junctam
2365 4405 2542 4464 fuisse
2576 4420 2687 4464 non
2723 4403 2996 4479 dicimus,
3025 4411 3143 4466 imo
3176 4413 3372 4484 potius
3402 4414 3559 4472 verbi
3617 4412 3733 4494 hy-

2071 4497 2334 4571 postasin
2359 4499 2719 4555 incarnatam
2746 4494 2951 4556 fuisse.

2736 4602 2891 4662 CAP.
2931 4603 3060 4664 XII.

2215 4705 2290 4760 De
2319 4703 2555 4761 essentia
2587 4704 2842 4776 (natura,
2887 4702 3190 4777 hypostasi,
3223 4715 3278 4764 et
3301 4714 3582 4786 persona].

2145 4811 2410 4869 Essentia
2463 4811 2694 4883 proprie
2744 4810 2959 4868 dicitur
3017 4813 3071 4869 id
3127 4817 3280 4886 quod
3327 4821 3436 4885 est,
3474 4835 3580 4877 nec
3611 4824 3741 4882 alio

2072 4912 2218 4974 eget,
2257 4907 2322 4958 ut
2353 4901 2660 4967 subsistat,
2693 4900 2898 4957 multis
2926 4907 3121 4958 autem
3165 4906 3358 4962 modis
3411 4909 3738 4987 accipitur,

2073 4997 2140 5046 ut
2167 4991 2425 5048 essentia
2445 4989 2568 5060 Dei,
2596 4995 2849 5047 «sentis
2891 4991 3104 5058 angeli,
3148 4988 3404 5050 essentia
3438 4997 3740 5077 hominis,

2075 5081 2334 5154 itemque
2365 5081 2564 5138 omnia
2593 5081 2666 5136 ab
2697 5081 2768 5136 iis
2791 5080 3020 5137 diversa
3049 5083 3320 5140 essentia:
3353 5091 3595 5147 nomine
3627 5095 3740 5151 de-

2075 5173 2408 5243 signantur.
2471 5171 2636 5237 Item,
2693 5170 2949 5226 essentia
3003 5175 3115 5238 est,
3163 5175 3318 5244 quod
3353 5192 3457 5248 per
3480 5195 3544 5233 se
3585 5199 3740 5241 sua.

2075 5271 2189 5332 que
2240 5258 2294 5313 vi
2349 5260 2599 5327 substet,
2659 5275 2766 5315 nec
2815 5259 2886 5315 ab
2949 5257 3062 5316 alio
3139 5265 3461 5320 essentiam
3531 5268 3742 5340 habet,

2075 5361 2265 5419 neque
2313 5347 2425 5404 alio
2469 5365 2769 5419 quoquam
2819 5350 3070 5404 extrario
3111 5349 3362 5424 indiget,
3405 5360 3472 5410 ut
3511 5359 3610 5414 sit.
3643 5363 3742 5418 Si-

2073 5436 2307 5508 quidem
2337 5435 2513 5492 colori
2547 5435 2680 5492 albo
2711 5445 2763 5492 et
2796 5437 2963 5508 nigro
2994 5441 3052 5492 et
3080 5439 3134 5493 id
3169 5455 3357 5511 genus
3385 5447 3612 5503 caeteris
3643 5467 3745 5508 es-

2071 5524 2274 5582 sentia
2319 5541 2522 5580 nomen
2574 5525 3032 5597 haudquaquam
3077 5525 3420 5602 tribuimus,
3454 5535 3599 5604 quia
3631 5555 3749 5610 per

2073 5631 2135 5672 se
2161 5613 2485 5670 subsistere
2537 5631 2649 5669 non
2693 5614 2924 5686 possint
2953 5616 3182 5688 absque
3221 5634 3463 5692 corpore
3494 5625 3742 5689 illorum

2070 5719 2302 5776 capace.
