4052 6440
359 388 517 454 1218

1708 388 2118 451 THEBAURI
2165 389 2308 451 LIB.
2357 391 2459 451 ΙΙΙ.

3624 391 3775 451 ﬂ“

428 529 648 584 Natura
669 542 803 582 vero
830 529 919 582 est
947 534 1146 582 eorum
1166 538 1293 597 quae
1317 527 1455 581 sunt
1477 529 1672 580 motus
1701 531 1755 579 et
1788 522 2002 594 quietis
2031 525 2086 592 Α
2117 534 2312 582 autem
2344 527 2600 583 essentia
2630 532 2718 584 est
2746 545 2952 600 genus.
2982 529 3040 583 Si
3073 544 3209 599 ergo
3241 526 3404 582 dicas
3430 543 3443 581 :
3480 524 3783 582 Divinitas

360 618 734 691 principium,
762 617 823 671 in
857 615 1072 687 quibus
1130 614 1386 685 primum
1432 613 1586 669 inest
1636 629 1739 685 per
1767 628 1849 681 se,
1892 629 2010 668 non

360 720 462 778 per
489 706 783 761 accidens.
809 703 978 759 Verbi
1005 704 1196 775 gratia
1227 707 1495 758 naturam
1528 718 1807 757 vocamus
1840 702 2008 772 quis-

359 801 480 853 tem
511 801 567 851 et
600 800 822 851 motum
852 809 980 865 quas
1001 793 1303 849 essentiali
1339 792 1562 848 ratione
1587 798 1752 847 terra;
1787 792 2010 857 insunt,

358 898 467 943 nec
497 886 551 939 id
592 885 769 940 ullius
800 898 990 939 caussa
1019 882 1284 938 beneficii
1334 884 1406 938 ad
1461 897 1699 955 germen
1741 885 1798 936 et
1828 881 2011 936 fetum

360 978 531 1031 rebus
576 973 949 1029 naturalibus
1008 974 1396 1044 suggerenda.
1453 972 1773 1027 Deductum
1837 986 2010 1041 porro

358 1064 566 1142 φύσεως
600 1080 701 1119 seu
744 1068 967 1118 natura:
1000 1076 1208 1117 nomen
1264 1066 1374 1129 est,
1431 1059 1578 1134 παρὰ
1628 1060 1689 1114 τὸ
1720 1057 2010 1135 πεφυκέναι

354 1151 627 1207 τουτέστιν
685 1152 973 1225 ὑπάρχειν,
1015 1151 1123 1207 hoc
1153 1158 1239 1207 est
1262 1150 1332 1205 ab
1363 1167 1429 1205 so
1482 1150 1642 1222 quod
1681 1150 1780 1205 sit.
1814 1149 2013 1219 Itaque

357 1242 540 1305 οὐςίας
570 1241 660 1296 καὶ
694 1241 904 1320 φύσεως
934 1242 1042 1297 hoc
1071 1245 1161 1297 est
1217 1241 1487 1296 essentias
1531 1245 1588 1295 et
1637 1246 1859 1295 naturas
1906 1256 2003 1293 no-

360 1337 589 1389 minum
622 1338 822 1388 eadem
857 1332 1210 1405 signiﬁcatio
1239 1337 1352 1398 est,
1385 1348 1634 1403 quorum
1670 1331 1814 1386 illud
1866 1328 2011 1402 παρὰ

355 1424 416 1477 τὸ
456 1422 592 1477 εἶναι
626 1440 774 1492 esse,
816 1424 925 1478 hoc
974 1438 1111 1477 vero
1158 1422 1305 1495 παρὰ
1349 1421 1413 1475 τὸ
1460 1419 1751 1497 πεφυκέναι
1788 1420 1891 1476 hoc
1923 1423 2014 1476 est

362 1520 571 1568 natura
601 1515 679 1567 ita
710 1517 1113 1581 comparatum
1140 1527 1289 1579 esse,
1321 1512 1632 1567 dedicitur.
1669 1509 2011 1583 Hypostasis

360 1607 553 1657 autem
587 1616 678 1657 res
709 1605 799 1656 est
831 1602 1161 1657 subsistens
1184 1607 1242 1656 st
1273 1598 1628 1663 essentialis,
1653 1600 1713 1655 in
1746 1616 1864 1670 qua
1888 1599 2014 1670 qui-

358 1692 492 1746 dem
543 1691 932 1746 accidentium
989 1690 1368 1755 coacervatio,
1426 1696 1707 1761 tanquam
1772 1706 1885 1743 uno
1951 1688 2011 1742 in

358 1780 621 1849 subjecto
649 1796 853 1849 reapse
888 1785 1140 1849 actuqus
1168 1778 1464 1835 subsistit.
1517 1777 1817 1850 Πρόσωπον
1851 1794 2004 1846 vero,

360 1885 459 1924 seu
510 1884 781 1963 persona,
838 1868 895 1922 id
929 1873 1040 1932 est,
1085 1868 1241 1963 quod
1295 1869 1545 1939 propriis
1588 1868 1920 1922 actionibus
1950 1871 2007 1923 et
2036 1901 2079 1963 Β

360 1954 821 2030 proprietatibus
852 1964 1069 2013 certam
1110 1963 1167 2012 et
1193 1956 1498 2013 dettnitam
1531 1968 1730 2013 eurum
1758 1974 1886 2027 quae
1918 1974 2008 2013 se-

361 2060 489 2103 cum
524 2048 792 2117 ersdem
823 2052 966 2102 sunt
997 2047 1261 2101 essentia
1294 2045 1650 2100 evidentiam
1681 2046 1937 2101 exhibet.

932 2166 1088 2225 CAP.
1112 2165 1438 2223 xmexw.
1498 2238 1501 2243 _

357 2296 734 2351 Ecclesiaslica
782 2298 1000 2351 natura:
1032 2294 1301 2364 deﬁnitio.
1357 2292 1494 2361 Quid
1564 2293 1886 2349 Severianos
1949 2293 2010 2347 in

881 2383 1122 2421 errorem
1150 2381 1327 2437 prapu
1340 2367 1487 2420 ierit.

428 2476 649 2531 Natura
676 2474 811 2529 item
841 2490 910 2529 ex
940 2473 1231 2529 sententia
1262 2472 1551 2540 Ecclesiae,
1585 2488 1717 2529 vera
1751 2471 1829 2527 rei
1862 2472 2010 2527 sub-

359 2564 630 2621 sistentia
661 2568 771 2619 est.
798 2562 868 2617 Ut
898 2567 1095 2617 autem
1127 2562 1467 2618 Aristoteles
1517 2565 1573 2616 et
1594 2560 1783 2616 ceteri
1826 2559 2007 2615 Gratci

362 2659 629 2709 auctores
662 2658 820 2719 sunt,
860 2651 1054 2707 multis
1087 2652 1273 2706 modis
1308 2658 1518 2705 natura
1542 2651 1852 2719 detinitur;
1884 2649 2009 2721 qui-

368 2743 478 2798 bus
507 2741 741 2813 quidem
762 2740 1203 2796 detinitionihus
1221 2741 1359 2794 dum
1378 2739 2010 2795 accuratiusinhaareut

365 2832 658 2887 Severiani
691 2830 750 2885 in
776 2847 1026 2885 errorem
1082 2828 1335 2900 prolapsi
1370 2835 1530 2885 sunt.
1566 2829 1866 2900 Siquidem
1902 2846 2006 2884 na-

365 2927 519 2988 tura,
552 2925 618 2975 ut
648 2920 711 2975 B.
754 2918 1032 2991 Apostolo
1057 2919 1263 2989 placet,
1295 2935 1490 2988 omne,
1524 2918 1581 2973 id
1613 2924 1721 2989 est,
1761 2920 1913 2989 quod
1948 2935 2008 2974 re

359 3027 494 3065 vera
515 3020 617 3065 est.
650 3011 924 3079 Apertius
954 3008 1231 3079 deinceps
1264 3008 1319 3062 id
1354 3007 1797 3079 explicabimus.
1833 3007 2010 3062 Netu-

360 3115 484 3155 rem
520 3110 681 3154 vocat
712 3097 971 3153 Ecclesia
997 3113 1198 3152 eorum
1232 3114 1356 3167 qme
1389 3101 1529 3152 sunt
1555 3096 1878 3162 veritatem,
1902 3113 2006 3152 seu

355 3186 416 3243 id
449 3187 601 3257 quod
651 3187 736 3242 eis
769 3186 942 3251 inest,
993 3184 1149 3261 φύσις
1194 3190 1384 3241 autem
1438 3185 1593 3241 dicta
1632 3190 1739 3254 est,
1801 3180 1890 3238 διὰ
1944 3185 2005 3238 τὸ

356 3275 649 3353 πεφύκεναι
678 3277 767 3329 καὶ
807 3275 969 3343 εἶναι,
992 3277 1145 3347 quod
1179 3276 1263 3332 ita
1300 3282 1640 3348 comparata
1692 3281 1800 3345 est,
1834 3282 1898 3332 ut
1929 3276 2006 3331 sit
2035 3264 2078 3333 Β

358 3363 857 3437 quemadmodum
912 3361 1067 3416 οὐσία
1094 3363 1130 3430 ἡ
1164 3360 1318 3429 οὖσα,
1349 3364 1598 3419 essentia
1649 3381 1777 3436 quas
1808 3373 1914 3432 est,
1947 3364 2006 3419 in

358 3454 600 3509 veritate
626 3453 1020 3525 cognoscitur.
1061 3452 1283 3507 Natura
1340 3454 1616 3520 essentia,
1656 3453 1736 3522 id,
1797 3469 2008 3525 genus,

359 3551 412 3599 et
446 3542 632 3617 μορφή
668 3558 771 3597 seu
805 3544 1013 3606 forma,
1049 3558 1153 3613 pro
1216 3558 1334 3596 una
1363 3544 1687 3612 eademque
1736 3558 1796 3597 re
1824 3542 1881 3596 in
1915 3559 2008 3598 ec-

362 3630 707 3687 clesiasticis
766 3631 1058 3701 dogmatis
1109 3631 1449 3701 capiuntur:
1507 3632 2007 3700 quemadmodum

362 3722 534 3793 panis
564 3727 621 3775 et
654 3719 937 3775 huccelle.
971 3719 1253 3783 Quocirca
1307 3714 1546 3795 ἕμφυτεν
1588 3718 1858 3786 ὶνοῦσιον,
1892 3724 2012 3775 sive

360 3808 421 3865 id
453 3810 609 3881 quod
642 3810 885 3865 insitum
919 3814 1029 3871 est.
1062 3817 1116 3864 et
1146 3809 1204 3864 id
1236 3810 1389 3880 quod
1426 3810 1573 3864 inest
1603 3810 1757 3865 idem
1783 3811 2009 3881 signiﬁ-

364 3905 517 3955 cant.
551 3900 811 3963 Quatuor
837 3905 1033 3954 autem
1056 3900 1243 3953 modis
1275 3904 1481 3954 natura
1531 3899 1766 3965 dicitur,
1802 3905 1866 3954 ut
1888 3903 2009 3969 jam

361 3988 585 4056 monui,
631 3987 720 4044 his
770 3988 1050 4044 nimirum
1109 3990 1386 4057 essentia,

361 4078 568 4133 forma.

1459 3992 1690 4059 natura,
1743 4006 1929 4062 genus
1959 3997 2013 4045 et

1037 4170 1187 4224 CAP.
1222 4170 1345 4225 XV.

433 4295 776 4365 Hyposlasis,
837 4306 1071 4364 persona
1110 4301 1160 4350 et
1209 4294 1499 4351 character
1547 4297 1605 4351 in
1650 4296 1753 4352 Deo
1785 4294 1937 4367 quid.

786 4367 1154 4438 Hyposraticz
1198 4372 1580 4439 promittatur.

429 4470 772 4545 Hypostesis
820 4486 1056 4544 quoque
1092 4474 1355 4544 insuper,
1390 4490 1458 4529 ex
1500 4476 1898 4532 ecclesiastica
1957 4483 2014 4533 et

357 4561 679 4633 apostolici
694 4562 1340 4635 treditione,1cpdcwnov
1366 4572 1449 4620 est
1470 4576 1571 4619 seu
1599 4578 1868 4635 persona,
1893 4564 2012 4621 sive

359 4629 677 4715 character,
712 4629 1214 4722 quemadmodum
1250 4652 1459 4707 Paulus
1490 4629 1702 4709 Filium
1740 4629 2011 4725 splendo-
2045 4629 2088 4699 Ῐ)

359 4756 480 4794 rem
526 4741 722 4810 gloriae
757 4739 961 4804 Patris,
992 4741 1131 4795 item
1166 4745 1220 4796 et
1268 4741 1650 4813 hypostaseos
1700 4743 1822 4812 ejus
1871 4744 2009 4798 cha-

359 4835 639 4885 racterem
693 4840 795 4884 seu
848 4829 1092 4899 figuram
1148 4835 1335 4894 vocat,
1387 4829 1497 4884 hoc
1553 4836 1642 4885 est
1699 4842 2005 4901 personam

355 4919 617 4989 ejusdem
650 4918 913 4973 essentia
948 4932 1080 4973 cum
1115 4918 1448 4973 charactere
1486 4924 1542 4973 et
1575 4916 1872 4991 hypostesi
1906 4921 2009 4976 Pas

354 5008 484 5064 tris.
519 5013 802 5062 Personas
836 5010 1030 5061 autem
1062 5008 1118 5062 et
1159 5007 1521 5063 characteres
1569 5008 1627 5062 in
1660 5006 1775 5064 Deo
1816 5007 2011 5065 incor-

354 5114 529 5167 porea
559 5098 685 5167 ipse
713 5095 991 5162 dicimus,
1024 5101 1083 5151 et
1115 5113 1183 5151 ea
1222 5110 1343 5166 quin
1374 5093 1778 5152 circumscribi
1811 5094 2007 5171 expri-

356 5188 555 5255 mique
586 5202 701 5240 non
734 5188 1001 5256 possunt.
1047 5188 1301 5240 Persona
1334 5194 1466 5240 Vero
1502 5196 1602 5241 seu
1658 5184 2005 5258 hypostasis,

351 5278 410 5329 et
438 5274 1025 5329 sanctorumPatrUm
1052 5273 1366 5338 sententia,
1401 5270 1700 5345 proprium
1735 5280 1825 5331 est
1854 5288 2006 5348 prte-

352 5365 441 5416 ter
478 5372 833 5417 commune:
888 5360 1280 5416 communitas
1348 5362 1502 5417 enim
1563 5372 1671 5430 est,
1725 5365 2008 5420 uniuscuo

352 5453 563 5521 jusque
596 5450 673 5503 rei
707 5457 916 5505 natura
944 5466 956 5504 :
993 5450 1239 5522 proprias
1288 5464 1443 5520 vero,
1495 5451 1833 5523 hypostases
1864 5454 2004 5525 ipsa!

352 5544 491 5593 sunt
544 5539 713 5594 Verbi
760 5540 947 5609 gratia
990 5545 1199 5596 natura
1265 5541 1387 5595 sive
1442 5542 1699 5598 essentia
1730 5548 1836 5611 est,
1890 5558 2006 5601 una

353 5624 558 5697 deitas,
588 5627 952 5699 hypostases,
987 5646 1121 5685 vero
1152 5635 1291 5699 tres,
1326 5631 1498 5686 Pater
1552 5632 1758 5698 Filius,
1789 5634 1846 5689 et
1872 5630 2004 5706 Spi-

352 5720 500 5776 ritus
530 5724 769 5775 sanctus
797 5736 808 5772 :
842 5725 963 5777 tres
994 5738 1278 5793 personae,
1314 5739 1415 5777 seu
1467 5723 1856 5791 characteres,
1893 5734 2005 5781 una

2121 619 2391 670 nostrum
2446 617 2712 672 omnium
2772 623 2968 674 custos
3029 628 3134 682 est,
3190 621 3370 672 totam
3430 616 3777 671 Trinitatem

2123 712 2385 759 sanctam
2418 705 2771 777 significasti
2801 723 2812 760 :
2848 707 2896 760 si
2940 723 3073 761 vero
3106 707 3303 761 dicas:
3345 705 3654 761 Vobiscum
3692 706 3783 760 Fi-

2120 792 2237 847 lius
2263 793 2384 863 Dei,
2411 795 2690 850 extribus
2722 795 3139 867 bypdstasihus
3166 811 3342 850 unam
3367 799 3667 866 totamque
3690 795 3777 849 di-

2119 881 2422 937 vinitatem
2458 883 2871 952 pronuntiasti.
2925 888 3055 938 Baio
3115 892 3387 954 praeterea
3442 885 3510 938 de
3559 884 3768 938 iisdem

2120 970 2340 1027 audito.
2368 973 2670 1041 Divinites,
2690 988 2821 1028 ecce
2845 974 3345 1043 communitatem,
3367 978 3423 1029 et
3440 973 3767 1028 absolutam

2123 1060 2534 1131 perfectionem
2596 1063 2888 1117 essentia.
2964 1062 3313 1127 Paternitas,
3376 1074 3506 1117 ecce
3566 1074 3773 1134 persn-

2122 1165 2257 1204 nam
2291 1166 2390 1205 seu
2425 1150 2792 1222 hypostasim
2834 1162 3030 1205 unam.
3081 1144 3387 1218 Filialitas,
3422 1162 3552 1206 ecce
3593 1151 3767 1205 aliam

2125 1238 2489 1310 hypostasin.
2542 1240 2798 1307 Spiritus
2848 1243 3108 1307 sanctus,
3164 1254 3295 1294 ecce
3349 1240 3544 1295 aliam.
3593 1241 3773 1295 Crete-

2121 1344 2249 1382 rum
2286 1332 2402 1383 tres
2435 1328 2809 1399 hypostaticee
2850 1328 3232 1399 proprietates
3283 1333 3423 1381 sunt
3464 1328 3522 1383 in
3557 1328 3772 1383 divini-

2120 1421 2270 1472 tate:
2318 1417 2646 1488 ingenitum
2706 1419 2914 1486 Patris,
2973 1416 3235 1489 genitum
3294 1415 3439 1481 Filii,
3474 1419 3768 1487 processio

2120 1506 2378 1577 Spiritus
2408 1506 2615 1561 sancti.
2654 1506 2765 1563 Nec
2813 1507 2969 1560 enim
3026 1507 3259 1577 genitus
3289 1511 3380 1561 est
3422 1507 3611 1573 Peter,
3667 1523 3771 1561 nec

2120 1596 2437 1667 procedens
2466 1597 2671 1665 Filius,
2707 1611 2808 1651 nec
2841 1596 3073 1667 genitus
3118 1596 3370 1667 Spiritus
3402 1600 3659 1650 sanctus.

2788 1702 2941 1758 CAP.
2973 1701 3124 1758 XVI.

2120 1812 2400 1884 Synapsts,
2452 1830 2549 1869 seu
2622 1812 3027 1881 compendium,
3085 1812 3151 1869 dc
3204 1813 3360 1869 modo
3401 1809 3773 1884 ἀντιδόσεως,

2188 1898 2281 1938 seu
2312 1890 2514 1940 mutua
2565 1890 2901 1940 naturarum
2931 1884 3317 1942 retributionis
3350 1882 3437 1957 [de
3457 1902 3560 1958 quo
3592 1902 3759 1958 aper-

2190 1960 2302 2012 tius
2332 1962 2383 2013 et
2410 1959 2636 2029 planius
2670 1959 2871 2029 infra].

2195 2058 2561 2118 Divinitetem
2596 2058 2833 2133 quidem
2868 2061 2926 2117 et
2967 2060 3397 2118 humanitatem
3433 2078 3565 2117 cum
3614 2065 3767 2119 dici~

2121 2168 2274 2221 mus,
2308 2156 2491 2208 totam
2526 2150 2851 2208 divinitatis
2876 2154 3167 2220 naturam,
3200 2156 3258 2207 et
3286 2154 3469 2207 totum
3497 2146 3772 2207 humani-

2118 2241 2257 2296 tatis
2297 2245 2568 2296 naturam
2602 2240 2977 2308 indicamus;
3014 2252 3143 2296 cum
3190 2250 3323 2296 vero
3365 2238 3546 2296 Deum
3590 2242 3644 2295 ct
3675 2241 3776 2296 hos

2118 2330 2337 2386 minem
2371 2329 2650 2398 dicimus;
2676 2342 2789 2386 non
2818 2340 3057 2402 prorsus
3088 2334 3364 2386 naturai-1:
3381 2331 3774 2387 mtotalitates

2118 2414 2623 2485 demonstremus,
2658 2422 2756 2476 sed
2775 2420 3090 2492 aliquando
3122 2425 3179 2475 et
3212 2430 3489 2490 personas
3522 2423 3578 2475 et
3596 2420 3775 2493 hypo~

2117 2512 2328 2566 stases.
2364 2509 2504 2564 Cum
2540 2518 2676 2581 ergo
2710 2509 2896 2564 nosin
2932 2508 3111 2565 Deum
3147 2510 3401 2577 credere,
3431 2510 3653 2581 absque
3679 2511 3776 2565 edo

2110 2603 2314 2674 juncto
2361 2598 2636 2672 dicimtis,
2686 2605 2866 2659 totam
2926 2602 3289 2660 divinitatem
3344 2602 3774 2675 signiﬁcamus.

2116 2692 2260 2748 Cum
2293 2706 2427 2748 vero
2471 2694 2650 2748 Deum
2714 2694 3011 2749 hominem
3065 2694 3281 2749 factum
3342 2706 3467 2749 esse
3498 2693 3775 2762 dicimus,

2108 2782 2234 2853 jam
2273 2796 2384 2836 non
2432 2780 2796 2837 divinitatem
2848 2783 3220 2851 denotamus,
3272 2783 3374 2838 scd
3423 2782 3607 2839 solum
3647 2780 3774 2839 Filii

2118 2886 2332 2926 nomen
2364 2870 2777 2939 exprimimus.
2825 2866 3057 2939 Adhaec,
3112 2871 3405 2943 siquidem
3452 2872 3544 2927 his
3576 2874 3773 2927 verbis

2116 2965 2249 3015 utar
2276 2976 2289 3016 :
2314 2953 2471 3015 Deus
2499 2960 2735 3032 prOpter
2755 2956 3056 3015 hominem
3090 2960 3429 3015 incarnatus
3448 2964 3557 3026 est,
3585 2964 3767 3017 totam

2115 3049 2542 3104 humanitatem
2578 3047 2857 3119 destgno:
2894 3049 2941 3103 si
2966 3064 3094 3104 vero
3120 3046 3246 3105 his:
3274 3048 3520 3113 Quidam
3553 3048 3770 3106 homo:

2114 3138 2281 3193 illum
2316 3137 2511 3193 solum
2545 3136 2759 3192 indico.
2796 3137 2995 3210 Itaque
3025 3136 3082 3192 in
3112 3134 3353 3193 Domino
3385 3144 3585 3193 nostro
3629 3138 3770 3194 Jesu

2118 3227 2352 3284 Christo
2379 3224 2527 3283 duas
2548 3227 2781 3298 quidem
2807 3228 3065 3298 ceteras,
3090 3222 3478 3295 divinitatem,
3505 3227 3773 3301 ianam,

2118 3320 2171 3372 et
2215 3317 2665 3385 humanitatem,
2710 3312 2768 3371 at
2805 3331 2983 3371 unam
3034 3316 3374 3389 hypostasin
3403 3334 3481 3377 ,ει
3525 3322 3772 3389 utraque

2117 3405 2502 3477 cumpositam
2526 3408 2889 3462 confitemur.
2916 3407 2979 3461 Et
3010 3420 3144 3461 cum
3179 3404 3365 3477 ipsius
3399 3408 3631 3479 quidem
3664 3424 3770 3462 na-

2122 3499 2283 3552 turas
2304 3490 3134 3565 censideramus,divinitatem
3159 3496 3216 3552 et
3240 3491 3537 3553 humanitzs
3550 3504 3664 3553 tem
3691 3496 3774 3554 di-

2120 3587 2346 3642 cimus:
2374 3601 2508 3641 cum
2534 3598 2670 3641 vero
2696 3586 3053 3658 hypostssim
3084 3582 3266 3648 illam,
3302 3600 3430 3658 quae
3454 3586 3682 3643 duabus
3705 3602 3773 3644 ex

2122 3672 2349 3729 naturis
2392 3675 2709 3743 conjuncta
2740 3678 2854 3739 est,
2898 3686 3055 3729 nunc
3085 3674 3323 3746 quidem
3358 3674 3681 3744 Christum,
3720 3682 3778 3732 et

2124 3762 2423 3819 hominem
2458 3766 2858 3835 nominamus,
2909 3774 3065 3820 nunc
3098 3774 3231 3819 vero
3263 3762 3441 3820 Deum
3470 3766 3681 3834 solum,
3721 3766 3778 3824 et

2122 3852 2420 3909 hominem
2458 3852 2672 3909 solum.
2715 3851 2830 3909 Nec
2863 3866 2995 3909 cum
3047 3855 3230 3909 Deum
3266 3852 3457 3910 solum
3492 3855 3769 3925 dicimus,

2122 3944 2317 4016 ipsum
2354 3935 2425 3998 ab
2459 3940 2700 3999 homine
2749 3952 3128 4015 separamus:
3174 3956 3277 3999 nec
3310 3956 3439 3999 cum
3474 3944 3773 4002 hominem

2122 4031 2311 4087 solum
2342 4033 2740 4098 nominamus,
2774 4030 2969 4103 ip3um
3005 4042 3038 4087 a
3087 4030 3204 4088 Deo
3235 4034 3625 4106 sejungimus.
3673 4030 3771 4090 Itis

2123 4120 2253 4177 dem
2286 4126 2418 4176 cum
2451 4121 2813 4177 divmitatem
2838 4114 3116 4189 dicimus,
3150 4132 3267 4178 una
3301 4137 3435 4178 cum
3470 4136 3538 4180 ea
3562 4124 3772 4180 huma-

2122 4209 2324 4265 nitatis
2357 4208 2737 4281 proprietates
2769 4224 2884 4265 non
2923 4209 3479 4280 comprehendimus
3508 4230 3521 4269 :
3569 4230 3599 4268 e
3638 4230 3777 4269 con-

2120 4310 2288 4357 verso
2321 4310 2455 4355 cum
2502 4300 2925 4357 humanitatem
2975 4300 3377 4374 enuntiemus,
3428 4305 3487 4360 in
3532 4322 3598 4360 ea
3631 4306 3779 4360 divi-

2123 4387 2326 4443 nitatis
2367 4389 2752 4459 proprietates
2806 4406 2921 4444 non
2970 4386 3396 4463 intelligimus:
3467 4408 3570 4448 nnc
3619 4394 3772 4449 enim

2121 4474 2508 4549 impetibilem
2554 4485 2611 4534 et
2643 4480 2956 4535 increatam
3008 4480 3439 4539 hmuanitatem
3471 4482 3722 4541 dicimus
3760 4501 3772 4538 :

2126 4571 2183 4623 at
2212 4566 2269 4622 in
2306 4580 2418 4622 una
2475 4567 2775 4641 hypostnsi
2820 4584 2934 4627 non
2968 4570 3052 4627 ita
3102 4566 3295 4630 dicere
3345 4570 3628 4641 solemus,
3673 4575 3773 4629 sed

2121 4660 2401 4715 audacter
2431 4666 2486 4715 et
2519 4656 2709 4717 solum
2746 4663 2952 4731 Deum,
3016 4668 3073 4719 et
3104 4660 3295 4721 solum
3329 4658 3654 4731 hominem,
3687 4670 3776 4720 at-

2122 4763 2236 4819 que
2268 4744 2592 4820 Christum,
2627 4748 2726 4823 qui
2762 4757 3079 4823 utrumque
3112 4748 3777 4826 comprehendit,conﬂ-

2119 4841 2346 4893 temur:
2381 4841 2775 4911 eamdemque
2806 4832 2986 4896 Deum
3022 4840 3323 4912 patibilem
3357 4844 3630 4908 dicimus,
3664 4843 3778 4897 hu-

2122 4924 2424 4983 manitatis
2456 4928 2699 4994 ratione,
2735 4937 2791 4985 et
2846 4944 3052 5000 purum
3085 4926 3184 5003 qui
3228 4932 3339 4987 fuit
3373 4938 3507 4988 ante
3539 4933 3776 4999 smeuiu,

2119 5013 2343 5071 ratione
2382 5010 2727 5073 divinitatis.
2781 5024 2970 5088 Atque
3015 5014 3109 5075 hic
3140 5011 3461 5083 ἂντιδόάεως
3507 5037 3605 5078 seu
3642 5041 3771 5077 mn-

2116 5107 2228 5157 tum.
2265 5108 2606 5160 naturarum
2647 5098 3073 5177 retributicnis,
3118 5106 3329 5165 modus
3372 5120 3477 5181 est,
3535 5126 3651 5183 qua
3685 5113 3777 5180 ﬁt,

2117 5192 2183 5247 ut
2214 5198 2455 5263 utraQue
2489 5195 2722 5262 natura,
2745 5204 2872 5266 quis
2897 5192 3131 5268 proprie
3152 5196 3262 5253 sibi
3296 5202 3434 5255 sunt
3465 5200 3771 5267 retribuat,

2119 5282 2351 5351 ratione;
2383 5280 2769 5354 hypostaseos
2818 5282 3108 5355 ejusdem,
3142 5288 3198 5343 et
3259 5296 3474 5344 mutue
3534 5288 3767 5344 illarum

2118 5362 2445 5427 affinitatis.
2478 5367 2885 5428 Cunfltendum
2921 5384 3091 5445 porro
3121 5374 3239 5445 est,
3280 5372 3454 5433 Verbi
3498 5382 3769 5433 naturam

2113 5460 2502 5525 incarnetam,
2563 5461 2681 5515 sive
2731 5460 2890 5517 earni
2944 5465 3325 5532 coniunctam
3391 5462 3598 5536 fuisse,
3651 5485 3767 5523 non

2116 5549 2254 5621 quia
2287 5555 2496 5605 natura
2532 5550 2589 5604 in
2620 5560 2795 5607 carne
2828 5562 3000 5623 passa
3053 5554 3149 5609 sit.
3210 5552 3374 5619 Quod
3423 5556 3580 5611 enim
3619 5552 3768 5613 Deus

2114 5639 2311 5708 homo,
2357 5650 2640 5710 versaque
2670 5636 2795 5695 vice
2847 5641 3024 5698 homo
3077 5640 3231 5700 Deus
3282 5643 3476 5711 inerit,
3524 5642 3580 5701 id
3633 5659 3764 5702 vero

2116 5727 2262 5783 illud
2296 5728 2493 5801 ipsum
2524 5734 2634 5797 est,
2691 5730 2846 5801 quod
2896 5726 3279 5790 conﬁtemur:
3350 5730 3507 5806 quod
3567 5738 3764 5790 autem
