4052 6378
333 359 487 418 1215

972 728 1126 782 CAP.
1161 728 1339 785 XVII.

327 856 481 921 Item,
513 854 577 910 de
606 858 813 909 natura
859 858 915 908 et
944 854 1244 925 hypostasi.
1297 854 1500 925 [Variis
1542 853 1811 925 exemptis
1868 868 1978 925 non

400 930 612 981 tantum
649 926 716 979 ab
761 924 1248 991 mtellectuulibus,
1300 924 1698 983 rationalibus.
1746 931 1796 978 et
1845 924 1974 978 ani-

396 1001 579 1062 matis,
631 1000 732 1053 sed
788 1008 958 1054 etzam
1013 1000 1082 1052 ab
1138 998 1407 1053 inanimis
1481 997 1878 1060 immobilibus,
1925 999 1974 1051 et

398 1070 833 1137 insanabilibus,
876 1072 1105 1125 ostendit
1158 1069 1364 1124 Christi
1422 1085 1647 1123 carnem
1693 1085 1804 1120 non
1846 1085 1968 1136 per-

394 1158 605 1210 sonam,
657 1145 749 1198 sed
780 1144 1075 1197 essentiam
1119 1158 1251 1195 esse.
1290 1144 1674 1212 Hypostaseos,
1727 1144 1970 1210 enhypo-

394 1214 550 1283 stati,
575 1219 683 1268 etc.
724 1215 1086 1284 Deﬁnitiones
1118 1217 1167 1267 et.
1196 1214 1495 1283 exempla]

389 1363 605 1414 Natura
635 1360 848 1415 dicitur
883 1360 1008 1431 ipsa
1049 1359 1359 1430 angelitas,
1395 1359 1737 1430 hyposlases
1770 1363 1963 1412 autem

316 1448 686 1519 singularum
718 1449 1116 1519 angelicarum
1145 1462 1524 1517 personarum
1562 1446 1966 1517 proprietates,

320 1537 575 1605 Gabriel,
606 1536 888 1600 Michael.
935 1539 1100 1603 Item,
1138 1544 1345 1591 natura
1377 1553 1490 1591 una
1528 1543 1585 1590 et
1634 1535 1968 1590 communis

322 1632 410 1680 est
441 1628 793 1695 humanitas,
829 1628 1158 1699 hypostasis
1179 1643 1315 1681 vero
1349 1626 1551 1681 Petrus
1579 1630 1637 1681 et
1667 1625 1882 1681 Paulus
1912 1629 1968 1680 et

319 1721 535 1770 caeteras
569 1732 851 1786 persona,
885 1722 942 1770 et
972 1715 1361 1770 characteres.
1396 1715 1619 1770 Natura
1643 1714 1839 1785 itaque
1864 1716 1963 1769 do-

322 1806 475 1859 mina
507 1810 614 1871 est,
649 1811 704 1859 et
755 1822 948 1867 causa,
981 1809 1037 1860 et
1074 1804 1318 1875 genitrix
1375 1804 1783 1876 hypostaseun,
1835 1820 1962 1874 quae

320 1895 379 1948 in
423 1913 489 1949 ea
530 1896 755 1963 insunt,
789 1902 966 1967 atque
1003 1896 1217 1951 idcirco
1266 1894 1610 1967 hypostases
1664 1896 1960 1961 dicuntur,

321 1984 457 2055 quia
489 1991 712 2039 naturae
743 1994 1017 2056 tanquam
1069 1986 1211 2040 fonti
1261 1985 1680 2055 subjiciuntur.
1742 1985 1801 2040 Si
1832 2002 1966 2056 ergo

323 2079 482 2132 dicas
510 2096 522 2133 :
557 2078 714 2132 Bona
749 2087 955 2134 natura
985 2084 1073 2133 est
1126 2078 1393 2150 angelus,
1427 2083 1606 2133 totam
1639 2095 1838 2134 eorum
1872 2096 1962 2134 es-

317 2169 568 2225 sentiam
607 2168 927 2238 signiﬁcas.
958 2169 1017 2224 Si
1050 2185 1184 2223 vero
1216 2170 1411 2224 dicas:
1456 2169 1706 2241 Magnus
1737 2175 1823 2225 est
1853 2169 1962 2225 Ga-

312 2257 479 2325 lnriel,
538 2276 713 2314 unam
754 2276 819 2315 ex
863 2260 1137 2316 omnibus
1186 2260 1524 2333 bypostasin
1580 2262 1840 2317 denotas.
1903 2261 1964 2317 Si

311 2363 467 2413 vero,
522 2348 882 2416 humanitas,
933 2365 1064 2404 ecce
1125 2354 1303 2405 totam
1362 2350 1704 2405 essentiam.
1762 2354 1961 2405 Conon

312 2442 506 2492 autem
533 2441 589 2493 et
621 2438 824 2493 Simon
848 2438 1194 2510 hypostases
1226 2445 1383 2495 sunt.
1418 2439 1673 2494 Rursum
1703 2440 1750 2495 si
1775 2440 1958 2509 dicas,

310 2525 564 2580 volucris
599 2532 870 2581 naturam
907 2542 1035 2583 esse
1068 2527 1272 2597 levem,
1323 2543 1456 2582 ecce
1508 2527 1840 2583 universam
1877 2545 1962 2584 es-

310 2614 557 2670 sentiam
591 2616 840 2683 indicas,
893 2618 942 2671 si
974 2633 1106 2671 vero
1153 2617 1449 2685 columba,
1500 2617 1587 2673 vel
1630 2624 1841 2687 turtur,
1873 2620 1961 2674 vel

310 2702 560 2759 luscinia
596 2704 694 2771 sit,
729 2720 860 2760 ecce
889 2704 974 2759 has
1007 2715 1139 2761 sunt
1172 2706 1538 2777 bypostases.
1584 2708 1697 2765 Nec
1729 2712 1959 2764 tantum

314 2794 370 2845 in
405 2796 625 2849 ratione
649 2794 946 2850 intellectu
977 2797 1291 2867 animaque
1317 2797 1571 2868 praeditis
1601 2798 1803 2852 eadem
1838 2797 1960 2854 haec

311 2879 517 2952 regula
547 2880 738 2938 locum
784 2883 978 2952 habet,
1013 2886 1112 2939 sed
1162 2885 1220 2938 in
1271 2884 1431 2939 omni
1483 2901 1718 2957 quoque
1750 2892 1959 2942 natura

310 2970 521 3026 animae
560 2978 757 3028 motus
801 2979 857 3029 et
900 2990 1113 3030 sensus
1151 2986 1401 3045 experte.
1450 2974 1622 3030 Verbi
1662 2975 1869 3045 gratia,
1906 2977 1957 3031 si

305 3059 609 3117 dicamus:
642 3062 801 3118 Fecit
825 3068 973 3119 Deus
1018 3063 1242 3127 lumen,
1282 3063 1613 3119 universam
1655 3064 1955 3119 stellarum

305 3150 622 3205 essentiam
653 3151 1097 3220 signiﬁcamus:
1144 3152 1193 3206 si
1246 3167 1377 3207 vero
1411 3151 1599 3207 solare
1637 3153 1817 3223 jubar
1859 3154 1952 3208 di-

305 3253 531 3300 camus,
576 3241 897 3310 ipsummet
941 3238 1123 3295 solem
1168 3240 1513 3296 innuimus:
1560 3243 1937 3313 quemadmo.
1979 3218 2030 3284 Ο

309 3326 446 3380 dum
498 3333 556 3379 et
615 3326 842 3398 lunare,
900 3336 954 3382 et
997 3334 1313 3384 astrorum.
1380 3329 1538 3386 Idem
1606 3347 1837 3402 quoque
1882 3333 1954 3389 de

306 3413 524 3479 ventis,
555 3416 707 3469 etde
747 3416 1188 3488 ignisgessentia
1230 3418 1420 3475 dicere
1473 3436 1812 3492 possumus,
1863 3437 1955 3478 se-

309 3506 520 3557 cantur
548 3504 705 3559 enim
761 3503 819 3559 in
880 3506 1153 3576 essentia,
1209 3507 1330 3564 sive
1382 3509 1439 3565 in
1501 3509 1860 3580 aquilonem,
1896 3512 1953 3567 in

312 3595 604 3662 austrum,
639 3592 695 3647 in
726 3592 969 3667 lychnus
998 3600 1057 3652 et
1083 3595 1412 3668 lampadas.
1455 3598 1658 3671 Itaque
1688 3606 1953 3657 sanctam

309 3680 525 3737 Christi
560 3699 789 3739 carnem
826 3684 1161 3756 bypostasin
1195 3703 1298 3743 seu
1357 3705 1666 3759 personam
1717 3707 1830 3745 non
1866 3691 1953 3746 di-

310 3771 521 3839 cimus,
550 3773 647 3826 sed
680 3776 1018 3844 essentiam,
1062 3780 1127 3830 ut
1155 3782 1338 3832 totam
1392 3784 1663 3834 naturam
1699 3784 1955 3835 nostram

311 3856 503 3913 abillo
534 3866 899 3931 assuinptam
929 3868 986 3917 et
1007 3869 1294 3919 servatam
1316 3864 1499 3920 fuisse
1529 3865 1951 3937 signiﬁcemus.

308 3947 363 4001 Si
385 3947 540 4004 enim
594 3950 781 4021 ipsam
815 3951 1156 4024 hypostasin
1216 3955 1556 4024 dixerimus,
1618 3972 1800 4011 unum
1846 3956 1953 4012 ali-

309 4052 477 4107 quem
509 4038 797 4095 hominem
827 4043 1018 4097 dicere
1040 4042 1567 4114 deprehendemur,
1601 4044 1756 4114 quod
1778 4046 1954 4100 nimi-

307 4144 437 4182 rum
468 4129 740 4186 Christus
769 4132 1158 4202 assumpserit
1186 4137 1241 4187 et
1291 4133 1627 4190 servaverit.
1670 4134 1949 4191 Caeterum

305 4232 377 4270 ne
411 4218 738 4289 hypostasis
766 4219 1003 4288 quidem
1031 4220 1145 4275 dici
1195 4225 1408 4293 potest,
1442 4228 1736 4293 quatenus
1756 4240 1889 4281 caro
1921 4242 1954 4280 a

302 4305 497 4363 divino
553 4307 1045 4379 Verboseparari
1120 4311 1361 4382 nequit:
1405 4312 1739 4385 hypostasis
1795 4315 1951 4370 enim

303 4411 553 4466 persona
596 4405 862 4467 separata
887 4398 1122 4456 dicitur.
1156 4400 1277 4462 Quo
1300 4400 1396 4469 sit,
1431 4407 1495 4455 ut
1527 4403 1951 4474 enhypostaton

302 4483 515 4553 ipsam,
553 4485 608 4540 id
631 4495 739 4553 est,
768 4502 870 4558 per
900 4503 963 4542 se
988 4503 1210 4558 suaque
1241 4489 1292 4542 vi
1339 4489 1783 4560 subsistentem,
1835 4508 1951 4549 non

1654 353 1962 416 ΝΙΟΕΤᾹ
2002 351 2421 415 ΟΗΟΝΙΑΤᾹΞ.

332 495 606 550 divinitas
639 494 813 549 homo
848 494 998 548 facta
1027 493 1127 558 sit,
1160 493 1248 548 vel
1300 495 1622 557 incantata,
1652 493 1743 548 vel
1770 493 1985 548 huma-
2014 498 2069 562 Α

329 587 569 641 nitatem
620 584 848 652 induta,
897 582 1085 648 nullo,
1120 600 1367 655 usquam
1407 584 1579 639 modo
1621 584 1977 639 audivimus.

3605 347 3780 406 1216

2724 487 2881 545 CAP.
2914 487 3115 545 XVIII.

2763 581 2836 635 De
2865 577 3078 634 habitu.

2159 671 2402 727 Habitus
2433 674 2523 726 est
2553 669 2826 726 universa
2886 674 3105 725 naturas
3153 667 3402 724 facultas
3454 669 3528 723 ad
3562 668 3775 739 quali-

2083 763 2263 815 tatem
2294 759 2491 826 relata,
2524 776 2642 830 qua
2658 758 2897 831 quidem
2924 758 3201 814 facultate
3233 757 3427 828 ipsam
3461 774 3496 812 a
3518 760 3768 814 ceteris

2083 847 2366 903 discernit
2417 852 2474 903 et
2503 851 2796 919 segregat,
2827 846 3325 918 quemadmodum
3360 845 3575 901 beatus
3607 845 3762 900 Dio-

2083 938 2287 1007 nysius
2321 936 2397 990 ait
2433 936 2522 991 his
2552 936 2787 991 verbis:
2813 935 3121 1007 Corruptio
3153 936 3309 991 enim
3334 950 3437 991 seu
3472 934 3763 990 interitus

2082 1032 2320 1089 naturis,
2365 1024 2680 1080 inﬁrmitas
2772 1031 2862 1079 est
2917 1029 2975 1080 et
3045 1024 3310 1078 defectus
3380 1022 3762 1078 naturalium

2078 1113 2412 1185 babituum,
2445 1112 2743 1169 actionum
2775 1123 2830 1168 et
2859 1112 3232 1169 facultatum.

2736 1202 2893 1260 CAP.
2923 1202 3073 1258 XIX.

2160 1293 2247 1353 De
2289 1294 2614 1354 voluntate.
2661 1294 2820 1368 Quid
2842 1293 2925 1374 sit
2956 1292 3249 1374 voluntas,
3276 1291 3350 1353 de
3368 1311 3668 1372 quonam,

2517 1387 2575 1434 et
2605 1386 2749 1455 quot
2790 1373 2982 1434 modis
3029 1376 3289 1434 dicatur.

2151 1471 2431 1527 Voluntas
2474 1473 2712 1544 quidem
2749 1478 2840 1527 est
2887 1471 3159 1528 essentia:
3214 1470 3643 1527 intellectualis
3697 1480 3757 1529 et

2074 1560 2376 1617 rationalis
2406 1562 2764 1618 desiderium
2785 1563 2854 1616 ad
2884 1577 3006 1616 rem
3046 1562 3441 1631 concupitum.
3505 1561 3756 1618 Constat

2072 1648 2229 1703 enim
2280 1648 2569 1720 quidquid
2627 1648 3023 1720 intelligentia
3071 1649 3376 1720 praeditum
3436 1653 3531 1704 est
3588 1649 3755 1706 idem

2072 1756 2309 1811 quoque
2348 1740 2495 1796 velle
2526 1758 2719 1812 posse.
2789 1736 3024 1813 Θέλῃσις
3071 1740 3227 1795 enim
3271 1756 3373 1795 seu
3404 1741 3614 1797 volitio
3659 1746 3761 1797 est

2070 1828 2240 1900 quasi
2269 1830 2510 1900 quidam
2539 1830 2670 1885 fons
2696 1838 2749 1885 et
2785 1832 2933 1897 vita,
2967 1846 3094 1901 quae
3131 1830 3289 1884 omni
3333 1829 3603 1885 rationali
3641 1850 3754 1887 na-

2071 1922 2213 1973 tura;
2237 1920 2629 1974 essentialiter
2660 1918 2829 1974 inest.
2869 1918 3099 1974 Dicitur
3151 1925 3348 1974 autem
3380 1916 3606 1992 θέλημα
3640 1938 3751 1979 seu

2071 2008 2364 2077 voluntas,
2414 2006 2551 2062 κατὰ
2601 2007 2662 2061 νὸ
2721 2005 2856 2070 θέειν
2909 2003 3035 2061 λίαν
3087 2007 3204 2078 ἅμα
3258 2012 3327 2081 τῇ
3388 2008 3542 2086 φύσει
3598 2010 3751 2084 πρὸς

2071 2093 2244 2164 αὺτήν
2280 2094 2478 2172 λῆγον,
2512 2097 2619 2152 hoc
2651 2102 2741 2153 est
2787 2096 2929 2169 quia
2973 2103 3196 2152 naturae
3228 2098 3544 2153 admodum
3597 2117 3752 2156 con-

2069 2195 2287 2255 currat,
2317 2193 2374 2241 et
2405 2187 2463 2241 in
2487 2187 2615 2259 ipsa
2645 2188 2876 2242 tandem
2909 2187 3163 2243 desinat.
3195 2187 3485 2243 Caeterum
3519 2190 3749 2261 triplex

2065 2275 2473 2331 consideratur
2529 2275 2818 2341 voluntas,
2869 2275 3090 2342 divina,
3151 2277 3436 2349 angelica,
3508 2286 3567 2332 et
3615 2280 3752 2334 ani-

2066 2363 2259 2419 malis.
2291 2363 2586 2436 Siquidem
2621 2369 2740 2419 tres
2774 2365 2859 2418 hae
2894 2367 3117 2420 naturai
3151 2369 3209 2420 et
3245 2365 3382 2420 solae
3425 2365 3746 2424 voluntate

2067 2453 2320 2524 praeditis
2372 2457 2529 2508 sunt.
2588 2454 2902 2525 Triplicem
2954 2453 3094 2508 item
3128 2453 3325 2509 divina
3377 2472 3621 2527 quoque
3671 2458 3741 2513 in

2067 2542 2363 2612 Scriptura
2411 2542 2764 2598 voluntatem
2828 2542 3038 2598 dictam
3090 2544 3606 2613 deprehendimus,
3642 2547 3744 2602 di-

2064 2631 2281 2697 vinam,
2338 2630 2654 2687 naturalem
2715 2647 2812 2687 seu
2846 2631 3112 2700 mediam,
3175 2641 3227 2687 et
3276 2632 3565 2690 carnalem
3618 2644 3740 2692 ter-

2067 2722 2225 2785 tiam,
2257 2736 2367 2792 qua
2409 2723 2634 2792 quidem
2669 2722 2951 2778 diabolica
3000 2723 3377 2793 signiﬁcatur.
3436 2724 3738 2782 Naturalis

2063 2818 2248 2867 autem
2286 2810 2548 2866 voluntas
2580 2828 2613 2865 a
2644 2810 2759 2866 Deo
2790 2819 2975 2867 creata
3008 2811 3260 2868 hominis
3287 2820 3399 2879 est,
3442 2813 3729 2871 nimirum

2062 2902 2286 2971 cupidas
2318 2901 2488 2969 partis
2517 2901 2725 2956 animas
2756 2911 2941 2956 motus
3000 2901 3382 2971 intelligentia
3430 2913 3732 2973 constans,

2065 2990 2162 3060 qui
2189 2989 2479 3045 hominem
2518 2997 2722 3044 natura
2764 2990 2834 3044 ad
2869 3005 2986 3045 rem
3045 2991 3410 3062 concupitum
3448 2993 3727 3064 impellit.

2068 3078 2267 3133 Divina
2299 3094 2427 3134 vero
2472 3078 2731 3134 voluntas
2783 3080 2932 3150 apud
2986 3080 3251 3135 homines
3303 3087 3409 3150 est,
3442 3098 3572 3139 cum
3626 3084 3728 3139 in-

2062 3175 2230 3221 natus
2278 3166 2684 3223 intellectualis
2725 3168 3009 3238 appetitus
3063 3170 3133 3224 ad
3185 3184 3270 3240 ea,
3322 3162 3445 3241 quia
3500 3181 3719 3228 natura:

2064 3255 2452 3324 conveniunt;
2485 3256 2555 3312 ab
2583 3256 2712 3312 aliis
2741 3272 2866 3329 quas
2898 3267 3111 3312 naturae
3161 3267 3475 3330 repugnant
3504 3276 3711 3332 prope-

2066 3351 2168 3399 rat.
2209 3345 2461 3400 Carnalis
2503 3344 2755 3417 denique
2805 3346 3051 3419 pathice,
3114 3364 3209 3403 seu
3276 3350 3718 3418 perturbationi-

2066 3433 2172 3489 bus
2227 3434 2613 3491 succumbens
2657 3435 2862 3490 animae
2922 3437 3310 3507 praevaricatio
3368 3446 3453 3496 est
3506 3440 3581 3495 ab
3647 3458 3718 3499 eo

2065 3523 2211 3594 quod
2254 3533 2467 3579 naturas
2498 3525 2789 3591 convenit,
2838 3526 2909 3580 ad
2962 3526 3018 3582 id
3067 3528 3214 3597 quod
3276 3535 3492 3585 natura
3546 3545 3719 3601 repu-

2065 3618 2218 3681 gnaL

2138 3699 2414 3757 Voluntas
2484 3702 2803 3760 essentialis
2859 3720 2925 3760 ea
2991 3712 3096 3774 est,
3155 3721 3278 3776 quas
3334 3712 3734 3767 communiter

2064 3789 2124 3844 in
2160 3797 2363 3845 natura
2392 3791 2679 3847 consimili
2733 3794 2900 3849 modo
2954 3794 3195 3863 videtur,
3255 3797 3412 3866 quali
3443 3801 3725 3855 essentia-

2065 3877 2194 3933 liter
2244 3879 2469 3933 Domini
2512 3894 2646 3935 caro
2704 3882 2939 3950 praedita
2986 3892 3106 3939 erat
3161 3899 3289 3939 cum
3326 3889 3467 3941 mori
3514 3887 3728 3959 nollet,

2068 3972 2123 4019 ut
2156 3967 2338 4021 sancti
2373 3967 2559 4023 Patres
2592 3969 2809 4026 dicunt.
2860 3971 2919 4027 Si
2974 3973 3098 4029 talis
3147 3974 3408 4031 voluntas
3432 3982 3495 4032 in
3555 3982 3729 4035 Patre

2064 4065 2117 4110 et
2159 4054 2368 4124 Spiritu
2429 4064 2625 4113 sancto
2679 4059 3025 4130 inveniatur,
3086 4079 3199 4119 una
3265 4081 3497 4134 prorsus
3525 4071 3729 4124 carnis

2063 4149 2120 4198 et
2144 4144 2462 4199 divinitatis
2492 4146 2688 4202 volitio
2741 4148 2931 4205 fuerit.
2966 4152 3247 4207 Naturalis
3304 4155 3568 4211 voluntas
3610 4157 3725 4215 ho-

2066 4232 2257 4299 minis,
2287 4242 2346 4288 ut
2374 4236 2553 4291 sancti
2588 4235 2828 4293 Basilius
2861 4246 2913 4294 et
2962 4240 3207 4310 Cyrillus
3257 4251 3517 4300 auctores
3557 4256 3723 4314 sunt,

2063 4330 2145 4375 est
2177 4323 2297 4392 ipse
2344 4324 2469 4378 vitae
2518 4342 2699 4382 amor.
2765 4327 2936 4383 Omni
2995 4330 3149 4385 enim
3211 4331 3431 4388 homini
3494 4334 3600 4390 vita
3668 4345 3728 4393 et

2065 4410 2209 4466 lucis
2240 4412 2431 4467 fruitio
2461 4413 2636 4469 chara
2660 4424 2766 4484 est,
2799 4433 2931 4473 ecce
2982 4418 3102 4474 haec
3150 4429 3232 4476 est
3261 4425 3594 4480 communis
3624 4441 3729 4481 vo-

2063 4498 2272 4555 luntas.
2327 4500 2617 4557 Gnomicaa
2676 4521 2861 4574 porro,
2930 4522 3027 4561 seu
3076 4509 3323 4565 scientes
3392 4513 3725 4571 voluntates

302 4578 488 4630 autem
553 4574 893 4648 hypostasin
963 4577 1252 4633 dicamus.
1328 4577 1727 4634 Ἐνυπὸστατον
1788 4582 1944 4638 enim
1979 4573 2114 4641 Din
2167 4597 2356 4644 ucstra
2412 4600 2612 4645 natura
2673 4594 2861 4648 multas
2921 4599 3076 4663 sunt,
3125 4597 3272 4655 alius
3324 4603 3478 4656 enim
3542 4604 3725 4659 homo

301 4662 363 4716 τὸ
401 4661 648 4738 ὑπάρχον
676 4665 910 4733 dicitur,
943 4666 1064 4721 sive
1093 4666 1173 4732 id,
1221 4668 1375 4739 quod
1405 4669 1704 4726 subsistit:
1743 4687 1946 4741 quem-

302 4755 618 4810 admodum
691 4759 891 4810 contra
949 4753 1314 4810 ἀνυπόστατον
1394 4756 1453 4811 id
1536 4760 1691 4829 quod
1748 4761 1946 4815 subsin

301 4844 514 4899 stentia
567 4845 687 4900 sive
761 4846 1021 4901 essentia
1081 4851 1256 4912 caret,
1320 4852 1383 4901 ut
1452 4846 1810 4903 insomnium
1891 4854 1947 4904 et

298 4932 552 4987 essentia
573 4939 630 4988 et
659 4934 1040 4990 subsistentia
1069 4940 1225 4990 caret
1252 4951 1266 4990 :
1313 4935 1529 5007 quippe
1566 4937 1723 5007 quod
1756 4954 1789 4992 a
1820 4935 1946 4993 sola

298 5021 612 5092 phantasia
642 5023 986 5093 dependeat.
1041 5022 1436 5078 Ἀνυπόστατον
1465 5032 1524 5081 et
1580 5024 1941 5099 ἀνυπάρκτον,

294 5117 351 5165 et
405 5109 652 5165 ἀνούσιον
699 5114 757 5168 id
808 5114 1005 5184 ipsum
1036 5119 1146 5182 est,
1190 5115 1345 5185 quod
1404 5115 1643 5169 verbum
1703 5116 1939 5187 quidem

295 5218 443 5273 saepe
476 5201 787 5273 profertur,
821 5202 982 5258 nulla
1014 5209 1207 5258 tamen
1244 5204 1298 5258 in
1333 5204 1590 5260 essentia
1639 5206 1721 5260 vel
1756 5205 1940 5277 hypo-

292 5289 433 5346 stasi
514 5291 899 5364 dignoscitur,
972 5300 1032 5345 ut
1088 5308 1273 5361 mors,
1319 5294 1606 5349 infernus.
1661 5292 1935 5351 Ἐνούσιον

289 5386 491 5435 contra
538 5380 792 5435 dicimus
834 5380 920 5435 vel
957 5380 1012 5433 id
1067 5380 1262 5451 ipsum
1298 5382 1457 5453 quod
1516 5389 1622 5453 est,
1684 5384 1771 5440 vel
1806 5403 1936 5457 pro-

290 5469 619 5539 prietatem,
647 5486 774 5540 quis
820 5469 878 5524 in
922 5471 1179 5525 essentia
1223 5471 1555 5540 innotescit,
1608 5480 1673 5528 ut
1714 5475 1934 5547 ingeni-

291 5561 417 5611 tum
449 5556 508 5609 in
542 5557 655 5612 Deo
696 5559 882 5625 Patre,
924 5558 1187 5630 genitum
1239 5558 1296 5613 in
1330 5561 1497 5628 Filio,
1553 5564 1843 5634 processio
1875 5566 1933 5618 in

292 5642 513 5716 Spiritu
546 5650 785 5725 sancto,
806 5653 870 5704 ut
897 5664 1080 5719 supra
1099 5646 1322 5704 dictum
1353 5655 1463 5705 est.

2059 4678 2319 4745 privatim
2368 4694 2562 4735 secum
2617 4696 2784 4752 agere
2842 4684 2976 4754 vult,
3025 4685 3175 4743 alius
3225 4689 3513 4755 adiﬁcare,
3563 4691 3725 4750 alius

2056 4782 2236 4836 arare,
2268 4767 2414 4823 alius
2448 4769 2733 4841 navigare,
2767 4778 2820 4827 et
2877 4775 3060 4829 caeteri
3110 4777 3486 4834 consimiliter
3519 4782 3727 4840 multis

2055 4856 2339 4923 gnomicis
2384 4856 2767 4914 voluntatibus
2838 4877 2935 4917 seu
2988 4864 3291 4933 spontinis,
3353 4882 3465 4922 una
3520 4878 3723 4928 autem

2055 4944 2320 5011 naturali,
2366 4945 2472 5001 hoc
2528 4955 2612 5003 est
2668 4949 2894 5005 vivendi
2952 4952 3282 5021 cupiditate,
3339 4957 3563 5027 praediti
3613 4975 3721 5015 su—

2055 5048 2199 5088 mus.
2236 5033 2352 5091 Nec
2382 5051 2512 5091 vero
2545 5036 2752 5093 frustra
2801 5048 2905 5106 est,
2959 5042 3104 5112 quod
3142 5043 3359 5099 homini
3391 5046 3564 5102 chara
3595 5050 3721 5106 vita

2050 5130 2154 5190 est,
2187 5123 2302 5179 imo
2348 5133 2548 5181 natura
2607 5143 2783 5183 unum
2832 5128 2971 5185 illud
3024 5130 3376 5201 signiﬁcans,
3437 5138 3585 5205 quod
3633 5142 3714 5194 ah

2050 5210 2211 5267 initio
2242 5211 2483 5269 habebat
2516 5215 2669 5287 (nata
2716 5218 2869 5273 enim
2920 5227 3004 5274 est
3039 5220 3110 5274 ad
3170 5221 3713 5301 immortalitatem),

2049 5303 2234 5371 ipsum
2276 5302 2480 5372 diligit,
2535 5309 2593 5360 et
2620 5315 2793 5361 amat.
2853 5308 3057 5365 Divina
3109 5309 3387 5379 voluntas,
3441 5318 3719 5376 mandata

2048 5390 2147 5445 Dei
2187 5399 2338 5447 sunt.
2374 5394 2657 5449 Naturalis
2713 5398 2973 5452 voluntas
3026 5408 3239 5455 natura;
3298 5403 3517 5459 ratione
3562 5424 3712 5474 prm-

2046 5477 2162 5532 dita
2195 5480 2337 5534 nihil
2385 5481 2540 5537 aliud
2594 5488 2699 5553 est,
2736 5502 2905 5556 quam
2967 5488 3170 5543 divinae
3205 5489 3348 5560 legis
3391 5498 3716 5554 exsecutio.

2044 5566 2321 5623 Voluntas
2372 5573 2617 5627 carnalis
2667 5574 2813 5630 nihil
2843 5574 3020 5642 aliud,
3083 5593 3249 5647 quam
3301 5581 3507 5637 divinae
3560 5585 3717 5659 legis

2044 5660 2428 5728 contemptus.
