4052 6426
330 409 492 470 121⁸7

1003 537 1156 595 CAP.
1189 537 1312 592 XX.

339 649 494 719 Quid
513 648 846 720 praprietas,
877 646 941 701 de
976 662 1213 717 quonam
1258 644 1517 720 dicetur,
1551 652 1605 720 et
1635 647 1766 720 quot
1795 635 1994 694 modis:

631 719 650 791 [
685 720 828 787 Quid
853 713 1187 790 hypostasis;
1245 716 1377 788 quid
1404 713 1709 783 accidens.]

425 824 683 898 Ἰδίωμα,
746 843 846 882 seu
901 826 1227 897 proprietas
1286 824 1518 888 dicitur,
1571 820 1708 876 κατὰ
1762 819 1825 873 τὸ
1885 816 1997 872 ἰδία

343 916 488 970 εἶναι
522 911 638 988 ἅμα
666 921 733 983 τῆ
771 912 883 986 ἰδίᾳ
914 914 1092 990 φύσει,
1127 914 1322 987 ἀμιγὲς
1361 916 1468 966 τῶν
1533 908 1742 965 λοιπῶν
1797 909 1997 962 οὐσιῶν

343 1005 616 1080 ὕπαρχον,
648 1006 757 1061 hoc
786 1010 876 1060 est
909 1005 1042 1072 quia
1073 1005 1341 1076 privatim
1369 1003 1616 1075 proprias
1647 1006 1864 1056 naturae
1918 1001 1998 1053 ita

340 1094 506 1162 insit,
531 1101 596 1150 ut
617 1111 744 1150 cum
779 1093 1002 1149 caeteris
1031 1094 1302 1148 essentiis
1335 1093 1568 1147 misceri
1620 1108 1731 1145 non
1761 1089 1996 1160 'possit.

340 1187 358 1257 (
392 1186 781 1256 Proprietates
812 1185 966 1239 enim
999 1202 1031 1238 a
1059 1185 1287 1238 naturis
1338 1190 1386 1235 et
1446 1180 1862 1254 hypostasibus
1913 1196 2000 1234 sc-

341 1275 537 1346 parari
575 1291 693 1329 non
756 1274 1022 1343 possunt)
1081 1273 1200 1326 sive
1262 1270 1583 1342 proprietas
1647 1270 1702 1324 id
1765 1268 2000 1340 proprie

343 1370 452 1426 est,
495 1363 651 1434 quod
685 1363 877 1433 aliqua
928 1363 984 1416 in
1039 1364 1244 1415 natura
1270 1359 1540 1430 privatim
1600 1358 1996 1430 cognoscitur,

342 1455 400 1508 in
455 1452 570 1508 alia
623 1469 753 1507 vero
804 1469 920 1506 non
991 1449 1418 1505 invenitur:ut
1467 1448 1626 1504 verbi
1678 1448 1882 1520 gratia,
1941 1449 1997 1501 in

351 1548 560 1597 natura
592 1542 788 1596 divina
822 1541 883 1597 id
904 1541 1058 1611 quod
1095 1545 1231 1594 ante
1279 1540 1515 1604 saecula,
1573 1538 1914 1600 increatum,
1947 1540 2001 1591 et

341 1630 967 1701 incircumscriptibile
1003 1636 1249 1700 est,quaa
1273 1628 1512 1700 quidem
1549 1627 1646 1682 alii
1675 1626 2004 1697 cuicunque

340 1719 609 1774 essentia
643 1736 758 1774 non
793 1720 1012 1786 insunt,
1050 1735 1119 1773 ne
1146 1718 1257 1788 ipsi
1320 1717 1553 1787 quidem
1631 1716 2004 1771 sanctissimo

346 1809 561 1863 Christi
595 1808 842 1879 corpori,
875 1826 976 1862 nec
1003 1808 1160 1863 enim
1197 1813 1330 1862 ante
1376 1805 1590 1861 saecula
1635 1811 1746 1870 est,
1815 1822 2004 1876 neque

346 1897 699 1965 increatum,
755 1912 942 1968 neque

359 1993 582 2042 naturae
634 1987 954 2058 proprietas
1014 1988 1268 2042 essentia
1322 1991 1412 2040 est
1462 1984 1832 2055 impasibilis,
1876 2002 2002 2056 quas

355 2077 468 2132 sibi
501 2094 534 2132 a
565 2076 841 2132 laudibus
866 2082 982 2132 Deo
1040 2076 1319 2131 canendis
1359 2074 1658 2130 silentium
1716 2073 2003 2144 imperare

351 2183 467 2221 non
500 2171 713 2238 potest.
740 2166 1072 2237 Impatibile
1107 2181 1276 2236 porro
1299 2164 1356 2218 in
1417 2165 1490 2219 iis
1546 2164 1600 2218 id
1652 2163 1795 2232 dixi,
1848 2165 2001 2234 quod

342 2256 685 2310 immortale
701 2263 809 2311 est.
844 2257 1156 2326 Proprium
1191 2254 1447 2310 hominis
1482 2254 1538 2307 id
1595 2253 1831 2324 proprie
1889 2257 1998 2318 est,

346 2347 499 2417 quod
539 2362 606 2400 ex
643 2345 872 2400 mortali
908 2351 965 2401 et
997 2345 1314 2401 immortali
1349 2349 1554 2398 natura
1577 2348 1826 2410 constat,
1897 2359 2002 2397 nec

348 2436 408 2488 in
441 2434 553 2489 alia
599 2434 720 2489 ulla
771 2433 1023 2491 essentia
1080 2434 1478 2506 cognoscitur,
1510 2431 1818 2488 Naturales
1869 2450 2004 2502 pro-

355 2522 633 2594 prietates
666 2539 742 2578 eis
782 2533 936 2589 sunt,
992 2539 1140 2594 quas
1204 2524 1331 2593 jam
1384 2522 1542 2579 dixi:
1604 2533 1744 2576 sunt
1788 2537 1922 2576 vero
1948 2524 2004 2575 et

353 2611 755 2684 bypostaticae,
781 2617 842 2666 ut
862 2612 1092 2679 albedo,
1119 2612 1370 2680 simitas,
1427 2612 1756 2682 longitudo,
1793 2613 2000 2665 decur-

354 2702 520 2766 tatio,
552 2701 840 2771 viriditas,
885 2699 1260 2767 truculentia,
1307 2707 1364 2755 et
1419 2706 1622 2756 caetera
1677 2702 1730 2755 id
1792 2718 2001 2772 genus,

359 2807 482 2859 quae
503 2792 780 2847 omnibus
812 2792 870 2846 in
894 2792 1239 2847 hominibus
1275 2792 1429 2846 haud
1479 2791 1654 2846 simili
1697 2793 1868 2847 modo
1913 2809 2004 2846 re-

355 2881 684 2950 periuntur,
734 2897 837 2935 nec
877 2880 1033 2935 enim
1111 2897 1312 2937 omnes
1371 2886 1506 2935 sunt
1591 2880 1850 2937 similes:
1889 2898 2003 2936 non

355 2985 559 3024 omnes
591 2969 1087 3037 sunttruculenti,
1131 2988 1246 3026 non
1289 2987 1493 3027 omnes
1542 2971 1694 3026 ﬂavi.
1749 2972 1911 3028 Unde
1941 2973 2004 3026 fit

356 3057 644 3123 etiam,ut
700 3059 1040 3131 hypostasin
1088 3060 1352 3115 nonnulli
1397 3060 1682 3131 privatum
1731 3065 1786 3115 et
1831 3077 2002 3132 pecu-

356 3146 557 3201 liarem
593 3147 1202 3205 cbaracteristicarum
1247 3166 1346 3205 seu
1400 3151 1842 3222 ﬁgurativarum
1874 3168 2006 3222 pro-

1287 3258 1637 3298 concursum
2028 3234 2070 3312 α
2114 3234 2355 3260 μηδι-ξω
2392 3234 2658 3277 ιιυωυαιιι
2720 3234 2937 3262 natura:
2982 3234 3323 3279 μηπυιιιιιυυ
3389 3234 3756 3267 Πξιιυιτὶιιιυυδ

353 3324 656 3370 NMHMIM
688 3335 877 3370 “mpm
944 3331 1328 3370 nmmml,“
1375 3349 1441 3370 ον
1492 3349 1658 3370 mm
1722 3333 1776 3370 ίη
1837 3333 1993 3370 nm";
2057 3337 2063 3347 .
2109 3296 2442 3351 actionibus
2498 3295 2757 3367 privata),
2793 3297 2938 3350 alias
2997 3299 3254 3353 actiones
3307 3301 3556 3370 pariant,
3593 3301 3761 3356 utla-

350 3324 656 3381 Naturales
688 3335 880 3382 autem
944 3331 1328 3400 prepriet.ites
1375 3349 1441 3386 ex
1491 3349 1658 3404 aequo
1722 3333 1779 3386 in
1837 3333 1995 3387 omni

349 3430 555 3481 genere
586 3417 973 3472 consimiliter
1013 3421 1498 3486 inveniuntur,ut
1535 3439 1741 3477 omnes
1795 3423 1996 3477 homi—

349 3521 450 3559 nes
486 3509 783 3573 mortales,
809 3510 1110 3564 consimili
1145 3513 1314 3565 modo
1375 3514 1580 3566 mortis
1613 3512 1870 3578 obnoxii,
1909 3529 1994 3568 ra-

339 3594 543 3664 tionis,
580 3597 1006 3667 respirationis,
1041 3599 1231 3654 somni
1265 3605 1319 3656 et
1341 3600 1754 3656 ambulationis
1773 3603 2001 3673 partici-

345 3701 448 3756 pes
513 3693 666 3752 sunt,
724 3705 930 3744 omnes
989 3689 1122 3745 latis
1185 3691 1484 3762 unguibus
1515 3691 1765 3763 praediti,
1794 3709 1999 3749 omnes

355 3773 604 3844 denique
681 3776 1071 3847 agriculturae,
1144 3776 1439 3833 artibusve
1534 3778 1758 3834 cmteris
1819 3780 1999 3834 dediti

354 3868 514 3920 sunt.

999 3956 1158 4014 CAP.
1216 3957 1357 4014 XXI.

882 4045 1019 4113 Quid
1077 4047 1149 4102 sit
1197 4049 1476 4105 accidens.

422 4152 704 4209 Accidens
740 4155 978 4222 dicitur,
1039 4157 1093 4210 id
1151 4159 1305 4228 quod
1364 4159 1530 4214 adest
1581 4158 1670 4215 vel
1722 4162 1912 4229 abest,
1943 4164 2004 4216 ut

355 4241 596 4295 infantia
638 4245 694 4296 et
741 4243 910 4298 adest
977 4248 1033 4299 et
1084 4245 1269 4315 abest,
1314 4247 1686 4318 perfectionis
1757 4249 2000 4306 ratione.

351 4328 840 4386 Consimilimodo
889 4331 1112 4388 sanitas
1163 4351 1396 4406 quoque
1431 4341 1696 4392 mutatur
1746 4343 1802 4393 et
1860 4355 2004 4394 mor-

352 4417 482 4486 bus,
515 4421 571 4473 et
599 4418 777 4488 calor,
803 4422 858 4476 et
889 4423 1141 4491 siccitas,
1177 4429 1352 4496 atque
1405 4433 1462 4480 ut
1505 4443 1618 4482 uno
1678 4428 1849 4484 verbo
1901 4429 2003 4484 ab-

351 4507 574 4563 solvam
601 4509 892 4581 quidquid
925 4515 1269 4570 commutari
1329 4519 1540 4587 potest,
1588 4517 1644 4572 id
1689 4518 2004 4575 accidentis

352 4597 653 4656 nominine
687 4601 1070 4673 signiﬁcatur.

991 4712 1140 4768 CAP.
1174 4712 1350 4769 XXII.

780 4799 855 4854 De
910 4803 1154 4872 energia,
1201 4819 1294 4859 seu
1325 4804 1561 4862 actione.

423 4903 671 4976 Energia
715 4905 934 4976 itaque,
981 4923 1084 4963 seu
1143 4911 1311 4978 actio,
1366 4916 1430 4967 ut
1481 4917 1720 4970 sanctus
1789 4918 1997 4988 Grego-

350 4992 471 5050 rius
504 4993 806 5062 Nyssenus
860 4996 1074 5070 inquit,
1137 5001 1422 5057 naturalis
1494 5009 1583 5058 est
1627 5005 1992 5075 singularum

345 5083 737 5140 essentiarum
788 5085 1035 5142 facultas
1094 5092 1151 5144 et
1208 5099 1420 5160 motus,
1470 5093 1640 5163 cujus
1664 5097 1889 5163 {"unum
1934 5095 1992 5151 id

341 5187 548 5242 expers
571 5181 684 5240 est,
716 5175 870 5245 quod
900 5175 956 5230 in
1000 5193 1198 5234 rerum
1244 5186 1454 5237 natura
1505 5200 1620 5238 non
1664 5189 1773 5240 est.
1829 5187 1989 5251 Quod

343 5259 498 5315 enim
522 5266 791 5318 essentia
824 5263 1076 5336 alicujus
1103 5269 1786 5341 particeps'est,omnino
1817 5276 1994 5330 actio-

344 5347 434 5402 nis
494 5353 668 5406 etiam
723 5351 880 5408 illam
915 5356 1281 5426 designanlis
1355 5361 1643 5433 particeps
1675 5364 1801 5417 erit.
1847 5366 1994 5421 Vera

346 5435 632 5506 siquidem
661 5442 886 5499 ratione
911 5446 1281 5512 instruimur,
1323 5452 1708 5508 essentiarum
1762 5455 1904 5510 ﬁnes
1933 5456 1991 5510 in

343 5525 491 5580 veris
523 5541 727 5584 earum
775 5534 1106 5592 actionibus
1157 5539 1493 5608 consistere,
1545 5541 1992 5614 intelligentiam

347 5620 542 5672 autem
577 5633 781 5674 eorum
823 5638 947 5694 quae
988 5625 1284 5684 intellectu
1350 5631 1591 5702 praedita
1638 5637 1777 5687 sunt
1809 5633 1994 5691 actio.

348 5718 479 5760 nem
511 5721 660 5773 esse,
687 5713 751 5765 ut
777 5727 1018 5770 sensum
1049 5732 1250 5775 eorum
1305 5735 1432 5789 qum
1488 5721 1806 5788 sensibilis,
1874 5740 1994 5781 mo-

1690 393 2101 458 THESAURI
2144 393 2302 454 LIB.
2349 395 2457 455 ΙΙΙ.

2025 531 2073 596 Α
2110 530 2237 582 tum
2264 543 2467 583 eorum
2527 545 2655 600 quae
2742 529 3002 596 mobilia,
3056 529 3318 586 volatum
3381 547 3583 586 eorum
3636 549 3764 602 quis

1039 1894 1670 1966 incircumscriptibile.
1721 1895 2004 1965 Angelicau
2035 1903 2082 1970 Β

2030 4608 2076 4672 D
2110 4638 2255 4705 siva,
2288 4641 2354 4693 ut
2375 4637 2498 4692 vini
2524 4641 2580 4692 et
2629 4652 2792 4707 aqua:

3606 399 3762 458 12l8

2100 615 2380 687 volatilia,
2441 619 2796 673 natationem
2877 636 3075 674 eorum
3159 637 3274 693 qua
3327 619 3613 687 natatilia,
3673 636 3767 675 re-

2102 706 2366 775 ptionem
2401 722 2600 762 eorum
2637 723 2758 777 quaa
2782 707 3534 780 reptilia,illuminationem
3560 726 3763 765 eorum

2102 810 2233 864 quas
2267 795 2592 851 illuminari
2633 801 2908 868 possunt,
2947 799 3199 852 calorem
3249 815 3452 854 eorum
3501 798 3760 871 quaalca-

2106 883 2244 950 lida,
2270 884 2492 940 fluxum
2523 903 2723 940 eorum
2750 903 2878 958 qua:
2940 887 3116 953 fluxa,
3202 888 3756 958 contemplationem

2105 990 2491 1044 eorum,quas
2550 976 3034 1046 contemplationi
3109 981 3329 1044 patent,
3423 978 3756 1046 generatio-

2105 1079 2235 1117 nem
2271 1079 2470 1119 eorum
2517 1081 2646 1135 quae
2694 1064 3056 1136 generationi
3109 1064 3360 1120 obnoxia
3411 1071 3570 1129 sunt,
3633 1083 3763 1121 esse

2105 1155 2376 1220 dicimus,
2409 1160 2605 1224 atque,
2643 1159 2705 1208 ut
2761 1155 2818 1208 in
2873 1153 3206 1209 universum
3259 1155 3469 1222 dicam,
3525 1156 3760 1226 Inullius

2107 1256 2222 1296 non
2249 1246 2468 1295 naturae
2493 1242 2847 1313 signiﬁcatio
2878 1248 2934 1298 et
2985 1243 3397 1297 determinatio
3431 1261 3461 1296 ει
3504 1245 3760 1299 naturali

2103 1330 2232 1400 ejus
2263 1330 2898 1401 actioneconstituitur,
2931 1348 3048 1402 qua
3069 1332 3570 1401 sublata,prorsus
3633 1333 3759 1401 ipsa

2105 1435 2338 1490 quoque
2370 1427 2574 1475 natura
2602 1422 2944 1492 deperditur
2993 1427 3050 1475 et
3101 1421 3317 1475 interit.
3379 1420 3619 1475 Sublato
3653 1439 3758 1474 ca-

2106 1509 2248 1578 lore,
2280 1510 2429 1574 ignis
2453 1513 2861 1583 exstinguitur,
2895 1512 3124 1566 sublato
3162 1513 3485 1576 intellectu,
3516 1528 3594 1565 ea:
3623 1529 3762 1582 quo-

2109 1614 2224 1668 que
2254 1606 2450 1669 partes
2473 1603 2677 1654 anima;
2711 1600 3021 1666 tolluntur,
3057 1617 3187 1671 quae
3219 1600 3523 1656 intellectu
3583 1607 3641 1656 et
3672 1619 3762 1654 ra-

2112 1687 2263 1742 tione
2284 1689 2534 1759 praaditaa
2566 1695 2726 1757 sunt,
2772 1695 2934 1745 motu
2998 1691 3138 1745 item
3192 1689 3464 1745 animalis
3496 1690 3763 1761 sublato,

2111 1777 2452 1845 deperditur
2473 1779 2710 1835 animal.
2747 1780 2941 1850 anue
2971 1781 3042 1835 de
3067 1797 3247 1835 causa
3265 1783 3412 1836 duas
3447 1784 3503 1837 in
3532 1782 3764 1838 Christo

2114 1865 2443 1923 voluntates
2487 1872 2544 1921 et
2599 1869 2859 1924 actiones
2901 1870 3176 1936 dicimus,
3237 1887 3306 1924 ne
3364 1871 3762 1927 inanimatam

2112 1972 2347 2026 corpus,
2382 1958 2756 2029 animamque
2791 1960 3035 2014 rationis
3066 1965 3359 2031 expertem
3390 1961 3446 2015 in
3477 1961 3599 2032 ipso
3633 1979 3760 2016 con-

2108 2046 2401 2100 ﬁteamur.
2447 2047 2706 2102 Animati
2764 2048 2918 2102 enim
2970 2049 3201 2120 corpori
3235 2051 3385 2106 actio
3417 2052 3759 2107 deambula-

2107 2134 2263 2189 tione
2285 2139 2342 2189 et
2364 2137 2700 2207 Operatione
2729 2155 2742 2192 :
2769 2136 3073 2192 rationalis
3104 2143 3297 2193 autem
3357 2140 3569 2194 animc'e
3608 2141 3757 2195 actio

2108 2224 2460 2293 cogitatione
2491 2224 2621 2294 ipsa
2653 2225 2952 2295 definitur,
2994 2243 3109 2296 qua
3140 2226 3433 2294 volumus,
3458 2227 3766 2283 ratiocina-

2115 2329 2257 2379 mur,
2279 2317 2335 2366 et
2357 2313 2788 2370 consultamus.

2183 2401 2296 2458 Nec
2319 2401 2377 2457 in
2420 2403 2697 2459 animatis
2719 2415 2769 2460 et
2805 2405 3120 2461 mobilibus
3180 2410 3431 2477 tantum,
3458 2409 3555 2464 sed
3606 2409 3660 2462 in
3697 2409 3767 2464 iis

2107 2491 2300 2560 etiam,
2355 2509 2483 2564 quas
2547 2495 2743 2549 anima
2814 2503 3089 2566 motuque
3184 2502 3401 2564 carent,
3469 2498 3766 2553 naturales

2108 2581 2368 2636 actiones
2401 2582 2760 2652 deprehendi
2784 2590 3051 2654 possunt,
3095 2587 3237 2639 utin
3282 2588 3642 2641 scammonia
3667 2605 3762 2658 pa-

2111 2675 2210 2737 tet,
2240 2676 2294 2725 et
2327 2673 2549 2726 caeteris
2581 2675 3042 2746 expurgantibus
3069 2676 3570 2748 pharmacis,quaa
3611 2695 3761 2749 qua:-

2111 2761 2244 2813 dem
2265 2761 2588 2816 evacuandi
2619 2761 2960 2818 facultatem
2996 2764 3245 2818 habent:
3288 2765 3423 2820 item
3454 2772 3759 2837 argentum

2110 2846 2300 2899 vivum
2327 2845 2523 2901 lethali
2563 2847 2788 2903 actione
2822 2850 3157 2920 praditum:
3229 2855 3286 2906 et
3343 2851 3533 2906 cicuta
3571 2852 3766 2906 consi-

2110 2935 2734 3008 militer,quanullum
2764 2941 2835 2993 ad
2887 2945 3130 2994 mortem
3197 2941 3561 2996 inferendam
3627 2960 3767 3014 prae-

2112 3025 2338 3082 sentius
2369 3043 2663 3081 venenum
2685 3034 2794 3082 est.

2183 3114 2356 3170 Nulla
2385 3133 2519 3171 vero
2553 3133 2666 3171 non
2701 3117 3088 3174 admiratione
3147 3119 3394 3190 dignum
3436 3125 3548 3186 est,
3604 3123 3756 3193 quod

2114 3205 2355 3260 diversas
2392 3206 2658 3277 quaedam
2720 3217 2937 3262 naturas
2982 3207 3323 3279 plerumque
3387 3211 3756 3267 naturalibus

2108 3383 2196 3456 pis
2222 3383 2434 3440 ardens
2458 3387 2684 3440 actione
2716 3385 2954 3455 friginta
2977 3387 3254 3457 privatur,
3291 3390 3418 3443 calx
3447 3390 3602 3444 enim
3633 3391 3761 3445 viva

2108 3475 2390 3528 factavim
2419 3489 2730 3544 corporum
2765 3476 3092 3531 adustivam
3115 3475 3225 3530 sibi
3251 3484 3758 3551 comparat,quem

2108 3563 2427 3618 admodum
2454 3563 2664 3618 cedrus
2695 3580 2930 3634 quoque
2967 3567 3180 3620 ardens
3220 3567 3448 3622 actione
3494 3571 3756 3638 quidem-

2109 3651 2361 3707 naturali
2399 3660 2455 3706 et
2505 3654 2850 3722 vegetativa,
2900 3658 2958 3708 et
3024 3655 3413 3725 germinativa
3473 3657 3754 3729 privatur,

2109 3741 2398 3797 actionem
2431 3758 2566 3796 vero
2603 3757 2705 3797 seu
2726 3743 3060 3798 facultatem
3082 3744 3429 3812 sanativam,
3465 3752 3520 3801 et
3542 3749 3756 3802 vermi—

2107 3830 2221 3886 bus
2245 3829 2541 3885 exitialem
2573 3830 2792 3885 emittit
2817 3847 2945 3902 qute
2973 3833 3198 3887 cedraea
3221 3833 3455 3888 dicitur.

2714 3937 2870 3993 CAP.
2942 3939 3141 3995 XXIII.

2218 4027 2540 4099 Conjunctio
2568 4026 2699 4098 quid
2754 4033 2851 4102 est,
2909 4044 3158 4102 quanam
3195 4029 3260 4085 de
3306 4046 3384 4099 re,
3418 4036 3653 4102 quotque

2699 4098 2874 4154 modi:
2913 4098 3155 4157 dicatur.

2181 4189 2526 4261 Gonjunctio
2560 4188 2704 4244 nihil
2747 4187 2904 4244 aliud
2946 4193 3058 4256 est,
3105 4207 3283 4261 quam
3337 4193 3639 4248 familiaris
3667 4194 3757 4249 di-

2111 4280 2393 4336 stantium
2445 4295 2641 4333 rerum
2714 4295 3052 4335 concursus.
3137 4284 3184 4334 Α
3255 4283 3466 4336 Graecis
3563 4294 3757 4338 autem

2111 4370 2340 4439 dicitur,
2369 4365 2458 4422 διά
2485 4367 2548 4421 τὸ
2581 4367 2656 4428 εἷς
2710 4385 2722 4422 :
2754 4366 2807 4422 ’ὲν
2841 4368 2999 4436 ὦσαι,
3044 4371 3293 4425 τουτέστι
3352 4380 3658 4441 συνωτῆσαι
3693 4374 3758 4426 τὰ

2110 4459 2427 4534 πράγματα,
2460 4459 2568 4514 hoc
2599 4462 2688 4514 est
2704 4459 2922 4530 quiain
2959 4477 3136 4516 unum
3163 4479 3254 4517 res
3272 4468 3442 4535 cogat
3497 4469 3553 4518 et
3597 4481 3759 4518 com-

2112 4549 2307 4621 pellat.
2328 4551 2611 4604 Caeterum
2635 4549 2971 4618 conjunctio
3007 4550 3353 4623 quintuplex
3403 4558 3511 4620 est,
3564 4554 3762 4608 confu-

2857 4654 2872 4694 :
2931 4637 3196 4707 divisiva,
3267 4645 3329 4694 ut
3375 4641 3632 4696 hominis
3690 4642 3762 4696 ad

2108 4729 2439 4784 hominem:
2487 4725 2828 4796 habitualis,
2861 4735 2928 4780 ut
2986 4743 3218 4784 aurum.
3291 4728 3502 4785 Christi
3563 4733 3758 4784 autem

2107 4817 2441 4888 conjunctio
2466 4821 2641 4887 super
2665 4815 2768 4872 has
2810 4831 3015 4872 omnes
3069 4816 3430 4888 hypostatica
3481 4835 3583 4874 seu
3631 4836 3759 4888 per-

2107 4906 2328 4965 sonalis
2347 4906 2582 4961 dicitur.

2176 4995 2550 5070 Hypostatica
2584 5011 2754 5065 porro
2782 4995 3118 5064 conjunctio
3135 4998 3572 5054 concursusille
3615 4999 3758 5054 dua-

2106 5105 2237 5144 rum
2271 5095 2608 5143 naturarum
2642 5083 2768 5150 fuit,
2803 5083 2904 5154 qui
2937 5100 3041 5156 per
3095 5102 3157 5141 se
3197 5103 3418 5158 suaque
3448 5088 3506 5141 vl
3551 5087 3610 5143 in
3655 5089 3755 5144 Dei

2107 5175 2437 5234 Genetricis
2470 5177 2637 5228 utero
2672 5173 2800 5228 fuit.

2177 5268 2375 5337 Neque
2405 5263 2558 5319 enim
2584 5280 2798 5334 corpus
2842 5274 2972 5320 ante
3035 5269 3131 5322 Dui
3184 5267 3422 5323 verbum
3475 5269 3761 5337 substilit,

2110 5373 2294 5427 neque
2326 5354 2544 5419 anima,
2578 5353 2677 5407 sed
2714 5353 2892 5408 simul
2918 5360 3091 5426 atque
3118 5358 3266 5412 facta
3297 5363 3385 5413 est
3419 5374 3570 5426 euro,
3611 5362 3760 5414 Deus

2107 5463 2342 5521 quoque
2369 5444 2648 5512 Verbum,
2684 5451 2856 5528 atque
2897 5447 3155 5501 animata
3218 5465 3350 5503 caro
3398 5448 3763 5520 rationisque

2108 5539 2418 5612 particeps.
2466 5536 2530 5589 In
2583 5535 2706 5605 ipso
2762 5531 2916 5612 epim
2967 5537 3254 5607 subsistit,
3323 5543 3385 5592 ut
3452 5538 3594 5593 mihi
3628 5539 3760 5610 qui-

2106 5631 2237 5685 dem
2264 5626 2519 5693 videtur,
2550 5637 2724 5694 quem
2741 5626 3060 5684 admodum
3087 5629 3285 5682 nostra
3345 5643 3580 5700 quoque
3626 5643 3762 5686 con-

2107 5724 2232 5788 cept
2245 5717 2323 5772 io.
