4052 6390
286 391 433 452 1221

885 511 1041 567 CAP.
1072 506 1340 563 XXVIII.

288 632 351 689 Β.
390 624 643 696 Dionysii
688 618 1027 696 Areopagum
1051 615 1186 696 ;_De
1216 613 1407 696 diuina
1464 609 1855 696 incarnatione
1876 621 1949 671 ex

592 682 712 765 cap.
748 694 768 747 i
811 682 1119 751 De'diuinz's
1154 683 1478 745 nominibus
1512 682 1641 753 αδ),

364 810 410 859 1.
438 801 761 860 'I‘bearchia
783 798 905 866 illa,
930 813 1032 852 seu
1059 810 1295 851 summa
1317 789 1945 855 divinitas,humanum

292 911 475 968 genus
509 889 792 964 singulari
821 886 1074 961 quodam
1111 899 1309 940 amore
1351 879 1728 953 prosequitur
1762 893 1774 929 :
1809 879 1948 953 puta

294 965 422 1056 quae
454 999 522 1038 ea
552 980 814 1046 omnino,
850 976 1067 1049 quibus
1111 971 1349 1028 obnoxii
1411 985 1641 1035 sumus,
1676 967 1734 1021 in
1768 965 1945 1043 hypo-

296 1054 524 1127 stascon
569 1084 806 1125 suarum
842 1081 957 1119 una
983 1061 1249 1127 subierit,
1284 1060 1606 1113 humanam
1665 1054 1946 1108 vilitatem

296 1179 396 1219 seu
422 1160 807 1232 abjectionem
843 1157 909 1210 ai
940 1154 1194 1229 seipsam
1219 1165 1497 1207 revocans
1527 1154 1578 1202 ei
1633 1146 1946 1208 asciseens,

295 1268 362 1308 ex
394 1268 508 1323 qua
539 1243 820 1302 ineffabili
844 1243 1064 1298 ratione
1095 1240 1194 1312 qui
1225 1237 1471 1315 simplex
1496 1240 1584 1291 est
1607 1234 1779 1290 Jesus
1800 1248 1951 1299 com-

298 1322 528 1412 positus
556 1341 664 1403 est,
696 1340 752 1388 et
772 1332 874 1407 qui
906 1336 1157 1386 aeternus
1190 1334 1297 1394 est,
1331 1324 1614 1398 temporis
1660 1322 1952 1377 extensio-

300 1444 432 1487 nem
481 1426 726 1481 ascivit:
790 1429 1001 1476 nostra
1059 1418 1313 1489 denique
1364 1420 1581 1469 naturai
1633 1412 1849 1466 ﬁnibus
1904 1412 1952 1464 is

300 1520 617 1577 contentus
643 1517 752 1578 est,
784 1511 886 1582 qui
934 1504 1413 1580 superessentiali
1464 1505 1685 1558 ratione
1718 1518 1952 1557 omnem

308 1605 593 1665 universae
617 1607 836 1658 naturae
859 1599 1125 1663 ordinem
1150 1595 1375 1659 excedit
1399 1610 1411 1647 :
1439 1609 1555 1647 una
1578 1608 1712 1659 cum
1744 1591 1952 1647 immu-

301 1694 470 1757 tabili
516 1693 876 1763 minimeque
927 1688 1173 1745 confusa
1230 1684 1656 1758 proprietatum
1714 1697 1952 1743 suarum

300 1781 767 1842 conservatione.

375 1873 713 1943 2.Ejusdem
748 1869 878 1939 (29).
913 1884 981 1922 ex
1011 1864 1259 1936 epistola
1290 1864 1362 1918 ad
1396 1864 1595 1917 Caium
1626 1861 1952 1952 ’i‘berapeu-
1990 1888 2034 1952 Β

303 1970 401 2020 ten
436 1964 546 2035 (30)
574 1979 588 2018 :
621 1959 728 2027 Qui
759 1957 883 2013 ﬁeri
912 1961 1121 2029 potest,
1156 1954 1350 2025 inquit
1382 1952 1499 2019 ille,
1533 1956 1598 2007 ut
1626 1950 1818 2016 Jesus,
1852 1950 1953 2020 qui

305 2054 488 2109 rebus
538 2048 816 2109 omnibus
882 2044 1199 2111 antecellit,
1248 2058 1381 2097 cum
1445 2041 1619 2096 rebus
1671 2037 1957 2101 universis

306 2139 697 2197 essenlialiter
776 2131 1220 2192 constituatur?
1276 2147 1379 2186 nec
1454 2130 1610 2185 enim
1671 2133 1958 2201 quatenus

307 2233 618 2298 hominum
653 2238 851 2286 auctor
884 2233 994 2293 est,
1031 2228 1202 2287 homo
1243 2225 1478 2290 dicitur,
1535 2222 1634 2278 sed
1669 2229 1959 2303 quatenus

309 2328 433 2379 tota
464 2322 591 2393 ipsa
632 2318 886 2375 essentia
917 2331 1048 2372 vere
1097 2314 1272 2370 homo
1321 2318 1432 2373 est.
1481 2313 1553 2371 At
1600 2326 1706 2366 nos
1759 2310 1958 2373 Jesum

307 2413 470 2468 haud
518 2410 779 2465 humano
834 2423 991 2462 more
1053 2404 1390 2460 deﬁnimus.
1436 2402 1551 2459 Nec
1589 2399 1747 2463 enim
1808 2399 1962 2457 Deus

308 2508 545 2565 tantum
569 2505 679 2566 est,
711 2499 809 2555 sed
840 2498 1016 2553 etiam
1049 2511 1178 2551 vere
1209 2494 1383 2553 homo
1415 2491 1645 2563 est,qui
1677 2489 1960 2563 singulari

310 2593 572 2667 quodam
604 2605 802 2651 amore
841 2603 1026 2660 genus
1087 2586 1412 2641 humanum
1474 2579 1877 2657 prosequitur:
1908 2582 1963 2634 et

309 2682 436 2757 qui,
470 2697 604 2737 cum
659 2677 925 2735 homines
974 2672 1368 2745 antecelleret,
1420 2670 1760 2733 hominibus
1810 2669 1963 2724 adee-

307 2756 528 2844 quatus
558 2773 672 2836 est,
703 2785 769 2825 ex
803 2765 1110 2831 hominum
1143 2762 1395 2825 essentia
1428 2758 1820 2816 substantiam
1854 2756 1965 2813 sibi

306 2875 682 2933 comparans,
717 2858 816 2928 qui
862 2872 1040 2927 supra
1091 2869 1324 2911 omnem
1369 2850 1688 2913 essentiam
1746 2847 1964 2909 consti-

304 2956 476 3007 tutus
508 2953 648 3004 erat.
700 2946 814 3003 Nec
867 2944 1060 3000 minus
1114 2947 1311 3003 tamen
1369 2937 1967 3012 superessentialitate

308 3056 491 3114 quam
525 3037 905 3110 plenissimus
937 3042 1043 3103 est,
1077 3034 1175 3105 qui
1233 3048 1531 3105 nunquam
1583 3044 1968 3102 superessen—

311 3131 470 3189 tialis
503 3145 630 3184 esse
660 3127 838 3182 desiit
867 3141 881 3180 :
915 3125 1087 3195 cujus
1137 3123 1417 3179 nimirum
1477 3118 1835 3181 abundantia
1884 3119 1968 3173 fa«

306 3230 472 3279 ctum
496 3225 604 3287 est,
640 3222 703 3275 nt
734 3232 868 3271 cum
892 3215 950 3271 in
985 3213 1239 3269 hominis
1271 3211 1583 3274 essentiam
1618 3226 1749 3265 vere
1779 3215 1969 3267 trans-

303 3311 499 3379 iissel.
536 3302 1019 3379 superessentieli
1053 3302 1279 3369 ratione
1331 3299 1589 3365 hominis
1645 3298 1963 3369 essentiam

301 3397 658 3475 assumpsit,
700 3399 878 3469 atque
931 3392 1074 3455 adeo
1123 3407 1305 3469 supra
1358 3389 1653 3453 hominem
1726 3405 1791 3455 ea
1841 3404 1968 3451 suo.

299 3489 636 3554 cesserunt,
689 3499 822 3556 quae
865 3484 1006 3545 sunt
1068 3478 1347 3547 hominis.
1410 3478 1603 3543 Testis
1655 3482 1742 3545 est
1790 3476 1967 3551 Virgo

300 3574 744 3653 super-naturali
779 3573 1005 3634 ratione
1053 3569 1411 3645 concipiens.
1459 3573 1632 3643 atque
1675 3584 1826 3647 aqua
1855 3567 1971 3631 im-

299 3669 549 3735 mobilis
583 3664 979 3733 materialium
1030 3668 1518 3732 terrenorumque
1568 3660 1782 3733 pedum
1820 3676 1965 3731 ppu.

298 3765 419 3827 dus
452 3758 776 3825 sustinens,
815 3770 919 3817 nec
968 3752 1205 3817 illorum
1257 3749 1525 3823 gravitati
1558 3747 1968 3815 succumbens,

295 3852 407 3915 sed
442 3843 879 3921 supernatureli
909 3841 1180 3910 latinitate
1212 3842 1295 3907 ita
1353 3839 1697 3913 constituta.
1727 3841 1790 3904 ut
1822 3854 1933 3893 neu

301 3948 468 4005 trem
505 3938 559 4003 in
598 3940 819 4009 partem
852 3931 1163 3997 difﬂueret.
1198 3929 1346 4001 Quid
1385 3945 1555 4008 porro
1586 3943 1732 4001 onus
1765 3933 1873 3994 est.
1911 3932 1973 3991 ut

294 4050 371 4093 ea
403 4027 544 4102 quia
577 4023 926 4098 percurrat?
985 4018 1314 4095 multeiila,
1361 4017 1627 4091 inquam,
1680 4022 1737 4081 et
1792 4032 1969 4089 quam

294 4117 570 4196 plurima
625 4114 841 4186 quibus
900 4110 1001 4184 qui
1079 4108 1275 4171 divina
1346 4106 1726 4178 contemplari
1790 4107 1970 4173 novit,

290 4194 494 4283 supra
536 4202 745 4269 tuentis
803 4205 1038 4271 captum
1090 4198 1263 4255 etiam
1323 4196 1414 4263 iis,
1466 4212 1594 4271 quas
1634 4201 1705 4257 de
1765 4194 1974 4264 hama-

297 4282 501 4360 nitate
529 4294 665 4351 Jesu
697 4292 1087 4354 afﬁrmantur,
1112 4285 1614 4349 excellentissima;
1647 4282 1973 4357 negationis

296 4390 431 4451 vim
469 4385 659 4443 inesse
690 4382 1019 4451 cognoscet.
1053 4380 1222 4442 Nam,
1256 4378 1320 4435 ut
1352 4389 1475 4431 rem
1508 4374 1564 4428 in
1624 4389 1811 4444 pauca
1841 4389 1977 4437 con-

301 4477 654 4541 trahemus,
687 4487 759 4525 ne
791 4469 965 4533 homo
998 4465 1235 4544 quidem
1273 4467 1417 4531 erat.
1466 4479 1579 4527 non
1610 4463 1766 4534 quod
1803 4462 1973 4526 homo

306 4583 433 4626 non
466 4565 642 4627 esset,
688 4560 788 4615 sed
841 4556 994 4628 quod
1046 4572 1115 4610 ex
1161 4553 1522 4619 hominibus,
1556 4568 1738 4623 supra
1796 4568 1972 4624 quam

1616 367 2026 431 THESAURI
2069 364 2216 426 LIB.
2264 362 2377 425 III.

1974 498 2131 575 Asit
2189 496 2479 569 propitius
2535 496 2607 564 is,
2667 510 2839 565 quem
2902 507 3103 548 eorum
3166 488 3403 557 nomine
3448 487 3707 548 celebra-

3548 354 3705 417 1922

2061 605 2213 654 mus,
2271 603 2399 657 quae
2459 600 2649 656 neque
2705 582 2851 638 ratio
2910 589 3108 637 nostro
3158 579 3460 650 consequi,
3520 593 3711 649 neque

2058 678 2245 732 oratio
2276 675 2600 746 exprimere
2649 675 2842 743 queat,
2896 673 3163 741 quamvis
3209 670 3267 726 in
3329 669 3420 724 bis
3474 684 3710 738 quoque

2058 764 2569 835 superessentialis
2624 762 2887 829 exsistat,
2951 777 3065 835 non
3139 758 3328 817 solum
3382 759 3519 830 quia
3567 759 3713 819 citra

2059 834 2444 910 mutationem
2476 856 2534 909 et
2583 834 3007 915 confusionem.
3038 853 3257 907 natura
3294 854 3504 907 nostra
3535 846 3709 918 parti-

2059 960 2218 1015 eeps,
2252 942 2401 998 nihil
2434 959 2643 1013 passus
2675 944 2760 996 est
2811 939 2883 994 ab
2935 938 3218 996 ineffabili
3277 938 3711 1009 conjunctione,

2061 1035 2215 1105 quod
2246 1032 2590 1093 exuberanti
2640 1027 2994 1102 plenitudini
3047 1044 3161 1085 sum
3206 1032 3582 1098 repugnaret,
3615 1029 3711 1085 sed

2059 1124 2197 1195 quia
2227 1123 2403 1178 etiam
2438 1122 2618 1193 (quod
2652 1119 2891 1191 quidem
2919 1134 3061 1178 nova
3092 1117 3293 1173 omnia
3323 1116 3572 1174 novitate
3604 1134 3715 1173 sua

2059 1213 2319 1270 inaudite
2344 1210 2604 1283 superat)
2652 1210 2715 1265 in
2746 1209 2819 1264 iis
2859 1223 2985 1279 quis
3033 1206 3198 1264 nobis
3250 1206 3543 1263 naturalia
3573 1214 3715 1263 sunt

2060 1302 2419 1374 superiorem
2454 1305 2685 1367 natura,
2723 1304 2780 1354 et
2809 1298 2867 1353 in
2924 1297 2998 1353 iis
3028 1314 3155 1368 quae
3188 1295 3349 1353 nobis
3377 1296 3713 1365 essentialia

2063 1398 2221 1461 sunt,
2284 1392 2541 1446 essentia
2597 1389 2875 1458 majorem
2953 1402 3016 1441 se
3075 1386 3382 1456 praestitit:
3460 1385 3714 1456 denique

2063 1482 2261 1538 omnia
2290 1496 2419 1551 qum
2452 1480 2621 1534 nobis
2649 1476 3176 1551 insunt,,quadam
3227 1475 3449 1531 ratione
3508 1476 3713 1533 modo-

2063 1587 2176 1642 que
2208 1569 2377 1626 nobis
2405 1568 2689 1630 inusitato
2722 1565 3002 1639 possedit.

2686 1673 2844 1728 CAP.
2874 1673 3084 1728 XXIX.

2170 1782 2358 1853 Magni
2403 1781 2677 1853 Gregorii,
2709 1796 2779 1836 ea:
2806 1778 3058 1853 oratione
3098 1778 3159 1834 in
3190 1778 3337 1835 diem
3366 1780 3607 1835 natalem

2507 1848 2521 1863 ⁷
2692 1854 2918 1908 Domini
2951 1848 3084 1924 (31).

2142 1965 2582 2043 LPosteaquam
2616 1977 2747 2015 vero
2775 1957 2989 2014 diaboli
3011 1958 3314 2025 invidia,et
3343 1959 3717 2016 fraudulenta

2067 2053 2229 2108 illius
2253 2053 2331 2121 vi,
2374 2067 2552 2133 quam
2591 2048 2819 2117 mulier,
2854 2051 2916 2102 ut
2956 2053 3013 2103 et
3060 2047 3411 2103 imbecillior
3439 2065 3717 2120 perpessa

2069 2150 2175 2209 est,
2209 2146 2267 2196 et
2314 2142 2382 2195 ad
2433 2138 2908 2211 persuadendum
2960 2136 3150 2208 aptior
3208 2136 3460 2191 obtrusit
3504 2138 3628 2193 viro
3661 2139 3715 2208 (ο

2068 2232 2479 2287 infirmitatem
2514 2245 2725 2299 meam,
2763 2245 2894 2283 mea
2923 2227 3076 2283 enim
3138 2236 3221 2283 est
3256 2228 3430 2300 primi
3463 2232 3722 2300 parentis

2071 2319 2403 2391 inﬁrmitas)
2442 2318 2724 2385 mandati,
2777 2318 2933 2388 quod
2994 2321 3301 2387 acceperat
3350 2318 3473 2387 ipse
3504 2319 3722 2374 oblitus

2071 2416 2181 2480 est,
2221 2414 2279 2464 et
2335 2425 2532 2464 amore
2581 2408 2738 2479 pomi
2790 2412 3103 2478 superatus
3165 2405 3343 2461 simul
3376 2394 3447 2462 et
3489 2426 3519 2463 a
3562 2408 3725 2479 ligno

2070 2502 2225 2568 vitae,
2258 2504 2316 2556 et
2346 2517 2379 2556 a
2410 2498 2705 2571 paradiso,
2729 2502 2789 2555 et
2817 2515 2849 2553 a
2882 2502 3015 2565 Deo,
3065 2501 3351 2568 tanquam
3409 2497 3575 2553 exsul
3628 2515 3723 2554 ex-

2075 2590 2353 2658 truditur,
2402 2595 2459 2644 et
2505 2587 2762 2659 pelliceis
2807 2586 3074 2641 induitur
3130 2586 3518 2651 vestimentis,
3566 2604 3726 2642 cras-

2074 2680 2228 2735 siore
2260 2678 2540 2734 nimirum
2573 2692 2770 2746 carne,
2798 2692 2927 2747 quae
2961 2679 3207 2731 mortem
3240 2676 3482 2745 subiret,
3516 2680 3572 2731 et
3602 2676 3728 2748 spi-

2074 2770 2215 2829 ritui
2273 2770 2642 2840 repugnaret.
2709 2772 2791 2821 Ac
2849 2764 3105 2837 primum
3166 2766 3404 2837 quidem
3463 2766 3732 2838 agnoscit

2074 2859 2508 2931 turpitudinem
2543 2873 2734 2924 suam,
2770 2861 2947 2927 atque
2977 2855 3107 2911 ideo
3139 2872 3200 2912 se
3220 2857 3319 2912 Dei
3353 2861 3730 2925 conspectum

2077 2950 2309 3021 fugiens
2365 2948 2694 3004 abscondit.
2756 2946 2859 3000 Hic
2920 2950 3117 3001 tamen
3170 2946 3432 3001 lucratur
3462 2952 3731 3013 mortem,

2079 3055 2386 3111 perquam
2445 3040 2751 3109 peceatum
2808 3035 3196 3105 abscinditur,
3249 3052 3320 3090 ne
3371 3035 3609 3092 miseria
3657 3037 3738 3092 sit

2078 3127 2456 3192 immortalis,
2488 3130 2546 3183 et
2594 3142 2729 3181 cum
2756 3123 3048 3196 supplicio
3084 3124 3432 3180 beneﬁcium
3485 3127 3731 3196 conjun-

2081 3223 2243 3274 ctum
2266 3215 2681 3280 cernatur.Hao
2703 3214 2855 3270 enim
2881 3214 3106 3270 ratione
3126 3214 3307 3286 Deus,
3338 3218 3403 3269 ut
3434 3215 3576 3270 mihi
3609 3215 3737 3287 qui-

2081 3309 2214 3364 dem
2242 3306 2585 3378 persuadeo,
2619 3305 2808 3376 punit.
2842 3307 3120 3360 Ceterum
3167 3320 3299 3360 cum
3330 3305 3508 3360 variis
3565 3322 3732 3361 ocea-

2080 3396 2369 3462 sionibus,
2401 3400 2579 3467 atque
2606 3393 2971 3466 temporibus
3002 3393 3332 3450 humanum
3368 3412 3553 3467 genus
3585 3395 3736 3451 mul-

2080 3496 2274 3545 torum
2310 3490 2703 3560 peccatorum,
2738 3501 2869 3556 quae
2913 3483 3009 3538 illa
3042 3484 3279 3541 malitia:
3325 3485 3490 3541 radix
3541 3490 3741 3556 protu-

2081 3578 2247 3653 lerat,
2280 3574 2482 3643 mnltis
2515 3574 2730 3649 modis,
2764 3589 2973 3647 nempe
2996 3574 3278 3639 oratione,
3309 3575 3451 3649 lege,
3486 3575 3740 3653 prophe-

2079 3668 2179 3737 tis,
2212 3652 2532 3735 beneficiis,
2568 3662 2769 3737 minis.
2816 3661 3018 3739 plagis.
3077 3662 3470 3732 eluvionibus,
3529 3650 3738 3727 iubens

2082 3756 2217 3822 diis,
2249 3754 2441 3821 bellis.
2473 3752 2753 3819 victoriis,
2806 3751 3093 3827 cladibus,
3139 3752 3419 3835 prodigiis
3470 3770 3539 3808 ex
3569 3753 3735 3821 coelo,

2080 3863 2150 3913 ex
2176 3862 2325 3913 aere,
2362 3861 2430 3911 ex
2488 3848 2767 3911 terram:
2798 3842 2968 3907 mari.
3028 3842 3344 3912 insperatis
3404 3842 3736 3911 hominum,

2083 3936 2408 4011 ciVitetum,
2434 3931 2699 4002 gentium
2725 3929 3128 3995 eversionibus
3147 3930 3388 4003 (quibus
3412 3931 3744 3995 rationibus

2086 4024 2235 4081 nihil
2264 4022 2422 4077 aliud
2457 4022 2758 4094 agebatur,
2792 4019 2904 4074 nisi
2956 4026 3020 4075 ut
3076 4017 3306 4085 malitia
3336 4021 3741 4093 everteretur,)

2084 4117 2303 4170 frustra
2347 4112 2510 4193 prius
2558 4113 2713 4165 esset
2763 4109 3127 4164 admonitum
3182 4114 3239 4165 et
3296 4109 3738 4179 reprehensum,

2085 4208 2142 4259 et
2174 4202 2497 4272 majoribus
2533 4200 2811 4271 peccatis,
2846 4202 2909 4253 ut
2932 4198 3155 4253 mutuis
3188 4198 3546 4269 homicidiis,
3580 4199 3744 4255 adul—

2086 4293 2273 4354 teriis,
2308 4289 2605 4362 perjuriis,
2663 4286 2894 4343 insanis
2951 4286 3263 4342 hominum
3312 4289 3636 4358 amoribus,
3689 4292 3746 4344 et

2083 4379 2264 4453 (quod
2292 4377 2558 4434 omnium
2594 4375 2881 4432 malorum
2933 4375 3350 4447 gravissimum
3382 4378 3523 4447 erat)
3555 4377 3744 4432 simu-

2085 4471 2377 4535 lacrorum
2410 4465 2593 4537 cultu,
2622 4482 2739 4537 quo
2756 4464 3030 4529 homines
3048 4466 3311 4537 neglecto
3347 4470 3743 4536 Procreaipre,

2087 4558 2162 4625 ad
2180 4574 2272 4621 res
2306 4560 2636 4629 procreatas
2667 4554 2942 4617 colendas
2972 4559 3030 4608 et
3061 4554 3387 4618 adorandae
3417 4571 3479 4617 se
3501 4571 3740 4621 conver-

300 4652 591 4714 homines
623 4649 875 4713 soleant,
909 4650 1089 4717 atque
1120 4662 1300 4716 supra
1332 4642 1626 4698 hominem
1652 4658 1784 4697 vere
1807 4648 1980 4697 natus
2013 4634 2058 4698 D
2091 4648 2312 4714 tabam,
2346 4646 2853 4723 obstringeretur:
2887 4643 3268 4717 gravioraque
3291 4648 3416 4715 jam
3451 4645 3740 4715 ejusmodi

297 4751 496 4805 homo
529 4740 620 4794 sit:
660 4743 785 4795 tum
822 4741 1099 4806 praeterea
1152 4750 1340 4805 neque
1389 4731 1582 4788 divine
1629 4732 1844 4798 divine,
1878 4748 1975 4787 ne-

301 4851 427 4910 que
490 4830 751 4885 humana
809 4827 1065 4881 humane
1126 4829 1445 4895 cperatus:
1514 4822 1616 4878 sed
1674 4822 1980 4886 inearnato

297 4936 432 4987 Deo
467 4933 678 4974 novam
710 4916 1030 4989 quamdam
1071 4913 1500 4978 tbeandrieam,
1538 4912 1643 4967 hoe
1673 4916 1765 4968 est
1794 4910 1897 4967 Dei
1926 4915 1982 4966 et

303 5008 609 5076 hominis,
645 5006 934 5062 actionem
969 5002 1140 5058 nobis
1169 5001 1515 5058 exhibuerit.

380 5106 442 5161 3.
478 5097 781 5170 Ejusdem,
804 5110 874 5149 ex
888 5091 1232 5164 theologiois
1253 5089 1757 5146 elementissanoti
1777 5090 1978 5146 Hiero—

301 5194 439 5257 thei
476 5208 491 5246 :
525 5187 675 5252 Quia
704 5200 839 5241 vero
900 5198 1014 5254 pro
1065 5198 1171 5237 suo
1222 5196 1359 5253 erga
1407 5195 1594 5251 genus
1652 5180 1977 5236 huinanum

303 5297 522 5347 amere
553 5279 625 5335 ad
658 5284 916 5333 nostram
949 5289 1138 5345 usque
1169 5276 1441 5327 naturam
1472 5271 1655 5343 venit,
1701 5280 1856 5329 certe
1887 5291 1981 5332 es-

306 5372 577 5437 sentiam
601 5382 835 5440 quoque
868 5373 1121 5422 nostram
1151 5378 1283 5418 vere
1334 5360 1539 5432 subiit,
1588 5378 1984 5436 summusque

303 5467 470 5525 adeo
497 5458 650 5513 Deus
670 5457 845 5511 homo
869 5463 922 5510 et
946 5453 1132 5509 factus
1152 5456 1214 5509 et
1233 5451 1428 5507 dictus
1450 5454 1558 5508 est.
1587 5449 1767 5509 Nobis
1787 5458 1979 5509 autem

386 5585 510 5659 (28)
544 5583 1047 5659 Petreioqiieipin.
1077 5582 1169 5653 III,
1201 5578 1309 5645 col,
1338 5579 1465 5641 647.

411 5652 510 5724 29)
542 5656 683 5711 Ibid.
720 5652 825 5708 col.
860 5655 1012 5709 i071.

411 5665 510 5724 29)
542 5665 683 5711 Ibid.
720 5665 825 5708 col.
860 5665 1012 5709 ιυίι.

382 5665 510 5807 έ30)
544 5727 666 5785 Non
692 5725 983 5793 medicum,
1011 5729 1079 5781 ut
1137 5724 1340 5794 Zinus,
1372 5722 1471 5780 sed
1505 5724 1858 5781 monachum.
1891 5725 1986 5782 Sic

2092 4737 2268 4792 morti
2296 4734 2557 4790 remedia
2585 4733 3133 4805 medicamentaque
3162 4732 3742 4807 requirerent,maio-

2089 4844 2174 4897 ra,
2225 4825 2605 4905 gravioraque
2661 4827 2801 4891 sunt
2855 4821 3140 4879 adhibita.
3191 4824 3395 4894 Ipsum
3444 4823 3600 4887 enim
3643 4820 3744 4877 Dei

2095 4915 2372 4985 Verbum,
2404 4914 2559 4986 quod
2592 4916 2684 4968 est
2714 4916 2849 4967 ante
2880 4911 3113 4978 saecula,
3147 4913 3303 4983 quod
3325 4912 3742 4985 comprehendi

2094 5022 2205 5060 non
2240 5008 2453 5085 potest,
2485 5001 2642 5072 quod
2694 5016 2905 5083 corpus
2961 5017 3075 5057 non
3136 5001 3315 5058 habet
3353 5003 3431 5071 (et
3486 5018 3613 5073 quae
3641 5018 3742 5059 se-

2092 5093 2372 5166 quuntur)
2406 5091 2532 5162 ipsa
2574 5089 2674 5145 Dei
2724 5088 2920 5161 imago
2979 5090 3505 5160 incommutabilis,
3556 5091 3746 5147 Patris

2092 5181 2354 5238 deﬁnitio
2385 5184 2441 5234 et
2469 5178 2636 5247 ratio,
2664 5176 2983 5249 imaginem
3017 5194 3192 5249 quam
3240 5179 3464 5235 homini
3496 5179 3747 5252 impres-

2093 5276 2250 5329 serat
2296 5272 2421 5342 ipse
2477 5268 2728 5339 suscipit
2800 5272 2857 5323 et
2911 5273 3148 5341 propter
3205 5287 3462 5339 carnem,
3518 5287 3743 5326 carnem

2092 5361 2263 5433 gerit,
2290 5365 2349 5416 et
2377 5358 2576 5414 animo
2632 5356 2858 5412 ratione
2897 5358 3141 5429 pradite
3198 5376 3300 5430 pro
3346 5358 3536 5414 salute
3566 5360 3744 5415 animi

2093 5454 2528 5520 commiscetur,
2556 5454 2621 5505 ut
2642 5450 2821 5506 simili
2849 5451 3105 5509 similem
3132 5457 3362 5524 purget,
3386 5453 3443 5507 in
3469 5453 3744 5509 omnibus

2092 5580 2249 5636 enim
2285 5576 2549 5634 monachi
2587 5575 2897 5647 primitivm
2941 5577 3209 5642 Ecclesiae
3258 5578 3642 5649 dicebantur:
3679 5598 3747 5637 ex

2096 5653 2358 5715 Philone,
2391 5649 2649 5716 Justino,
2692 5651 2910 5704 Euseb.
2943 5650 3033 5715 40,
3066 5666 3096 5705 e

2168 5723 2283 5795 (31)
2318 5721 2481 5779 Videt
2508 5724 2654 5777 tom.
2688 5720 2943 5789 XXXVI,
2976 5721 3086 5781 col.
3119 5720 3245 5780 323.
