  <div class='ocr_page' id='page_1' title='image "/cluster/home/n/w/nwhite01/storage/ocr_20150623/139:no.1/coo.31924054870443/621.png"; bbox 0 0 2026 3195; ppageno 0'>
   <div class='ocr_carea' id='block_1_1' title="bbox 169 181 244 212">
    <p class='ocr_par' dir='ltr' id='par_1_1' title="bbox 169 181 244 212">
     <span class='ocr_line' id='line_1_1' title="bbox 169 181 244 212; baseline 0.027 -2"><span class='ocrx_word' id='word_1_1' title='bbox 169 181 244 212; x_wconf 71' lang='grc'><strong>1223</strong></span> 
     </span>
    </p>
   </div>
   <div class='ocr_carea' id='block_1_2' title="bbox 169 287 993 330">
    <p class='ocr_par' dir='ltr' id='par_1_2' title="bbox 169 287 993 330">
     <span class='ocr_line' id='line_1_2' title="bbox 169 287 993 330; baseline -0.012 -9"><span class='ocrx_word' id='word_1_2' title='bbox 169 293 246 330; x_wconf 77' lang='lat' dir='ltr'><strong>gina,</strong></span> <span class='ocrx_word' id='word_1_3' title='bbox 262 292 348 328; x_wconf 84' lang='lat' dir='ltr'><strong>cujus</strong></span> <span class='ocrx_word' id='word_1_4' title='bbox 362 291 494 319; x_wconf 86' lang='lat' dir='ltr'><strong>animum</strong></span> <span class='ocrx_word' id='word_1_5' title='bbox 512 292 540 318; x_wconf 88' lang='lat' dir='ltr'><strong>et</strong></span> <span class='ocrx_word' id='word_1_6' title='bbox 551 297 668 317; x_wconf 85' lang='lat' dir='ltr'><strong>carnem</strong></span> <span class='ocrx_word' id='word_1_7' title='bbox 700 287 827 323; x_wconf 87' lang='lat' dir='ltr'><strong>Spiritus</strong></span> <span class='ocrx_word' id='word_1_8' title='bbox 842 287 908 313; x_wconf 89' lang='lat' dir='ltr'><strong>ante</strong></span> <span class='ocrx_word' id='word_1_9' title='bbox 924 293 993 320; x_wconf 87' lang='lat' dir='ltr'><strong>pur-</strong></span> 
     </span>
    </p>
   </div>
   <div class='ocr_carea' id='block_1_3' title="bbox 168 330 994 374">
    <p class='ocr_par' dir='ltr' id='par_1_3' title="bbox 168 330 994 374">
     <span class='ocr_line' id='line_1_3' title="bbox 168 330 994 374; baseline -0.012 -8"><span class='ocrx_word' id='word_1_10' title='bbox 168 340 297 374; x_wconf 81' lang='lat' dir='ltr'><strong>gaverat,</strong></span> <span class='ocrx_word' id='word_1_11' title='bbox 317 337 457 364; x_wconf 87' lang='lat' dir='ltr'><strong>nascitur.</strong></span> <span class='ocrx_word' id='word_1_12' title='bbox 475 334 599 363; x_wconf 85' lang='lat' dir='ltr'><strong>Decebat</strong></span> <span class='ocrx_word' id='word_1_13' title='bbox 628 333 717 366; x_wconf 89' lang='lat' dir='ltr'><strong>enim,</strong></span> <span class='ocrx_word' id='word_1_14' title='bbox 742 335 772 358; x_wconf 92' lang='lat' dir='ltr'><strong>ut</strong></span> <span class='ocrx_word' id='word_1_15' title='bbox 787 333 816 358; x_wconf 89' lang='lat' dir='ltr'><strong>et</strong></span> <span class='ocrx_word' id='word_1_16' title='bbox 835 330 994 357; x_wconf 87' lang='lat' dir='ltr'><strong>liberorum</strong></span> 
     </span>
    </p>
   </div>
   <div class='ocr_carea' id='block_1_4' title="bbox 169 374 995 418">
    <p class='ocr_par' dir='ltr' id='par_1_4' title="bbox 169 374 995 418">
     <span class='ocr_line' id='line_1_4' title="bbox 169 374 995 418; baseline -0.013 -6"><span class='ocrx_word' id='word_1_17' title='bbox 169 382 318 418; x_wconf 84' lang='lat' dir='ltr'><strong>susceptio</strong></span> <span class='ocrx_word' id='word_1_18' title='bbox 347 381 551 418; x_wconf 85' lang='lat' dir='ltr'><strong>honoraretur,</strong></span> <span class='ocrx_word' id='word_1_19' title='bbox 581 381 611 406; x_wconf 88' lang='lat' dir='ltr'><strong>at</strong></span> <span class='ocrx_word' id='word_1_20' title='bbox 626 377 669 405; x_wconf 90' lang='lat' dir='ltr'><strong>illi</strong></span> <span class='ocrx_word' id='word_1_21' title='bbox 697 379 795 404; x_wconf 89' lang='lat' dir='ltr'><strong>tamen</strong></span> <span class='ocrx_word' id='word_1_22' title='bbox 826 375 853 402; x_wconf 92' lang='lat' dir='ltr'><strong>in</strong></span> <span class='ocrx_word' id='word_1_23' title='bbox 884 374 995 402; x_wconf 87' lang='lat' dir='ltr'><strong>honore</strong></span> 
     </span>
    </p>
   </div>
   <div class='ocr_carea' id='block_1_5' title="bbox 167 417 994 464">
    <p class='ocr_par' dir='ltr' id='par_1_5' title="bbox 167 417 994 464">
     <span class='ocr_line' id='line_1_5' title="bbox 167 417 994 464; baseline -0.012 -8"><span class='ocrx_word' id='word_1_24' title='bbox 167 417 322 464; x_wconf 77' lang='lat' dir='ltr'><strong>virginitas</strong></span> <span class='ocrx_word' id='word_1_25' title='bbox 343 417 546 458; x_wconf 83' lang='lat' dir='ltr'><strong>anteferretur,</strong></span> <span class='ocrx_word' id='word_1_26' title='bbox 576 426 663 459; x_wconf 86' lang='lat' dir='ltr'><strong>atque</strong></span> <span class='ocrx_word' id='word_1_27' title='bbox 679 422 720 450; x_wconf 84' lang='lat' dir='ltr'><strong>ita</strong></span> <span class='ocrx_word' id='word_1_28' title='bbox 745 421 876 448; x_wconf 81' lang='lat' dir='ltr'><strong>humana</strong></span> <span class='ocrx_word' id='word_1_29' title='bbox 901 421 994 447; x_wconf 80' lang='lat' dir='ltr'><strong>forma</strong></span> 
     </span>
    </p>
   </div>
   <div class='ocr_carea' id='block_1_6' title="bbox 167 464 993 508">
    <p class='ocr_par' dir='ltr' id='par_1_6' title="bbox 167 464 993 508">
     <span class='ocr_line' id='line_1_6' title="bbox 167 464 993 508; baseline -0.013 -7"><span class='ocrx_word' id='word_1_30' title='bbox 167 476 319 508; x_wconf 75' lang='lat' dir='ltr'><strong>assumpta</strong></span> <span class='ocrx_word' id='word_1_31' title='bbox 348 471 383 499; x_wconf 91' lang='lat' dir='ltr'><strong>ad</strong></span> <span class='ocrx_word' id='word_1_32' title='bbox 414 478 467 498; x_wconf 88' lang='lat' dir='ltr'><strong>nos</strong></span> <span class='ocrx_word' id='word_1_33' title='bbox 497 469 678 505; x_wconf 69' lang='lat' dir='ltr'><strong>progreditur</strong></span> <span class='ocrx_word' id='word_1_34' title='bbox 711 474 802 493; x_wconf 86' lang='lat' dir='ltr'><strong>unum</strong></span> <span class='ocrx_word' id='word_1_35' title='bbox 829 473 863 492; x_wconf 86' lang='lat' dir='ltr'><strong>ex</strong></span> <span class='ocrx_word' id='word_1_36' title='bbox 878 464 993 492; x_wconf 79' lang='lat' dir='ltr'><strong>duobus</strong></span> 
     </span>
    </p>
   </div>
   <div class='ocr_carea' id='block_1_7' title="bbox 167 508 992 551">
    <p class='ocr_par' dir='ltr' id='par_1_7' title="bbox 167 508 992 551">
     <span class='ocr_line' id='line_1_7' title="bbox 167 508 992 551; baseline -0.013 -5"><span class='ocrx_word' id='word_1_37' title='bbox 167 517 332 551; x_wconf 76' lang='lat' dir='ltr'><strong>contrariis,</strong></span> <span class='ocrx_word' id='word_1_38' title='bbox 348 523 435 544; x_wconf 83' lang='lat' dir='ltr'><strong>carne</strong></span> <span class='ocrx_word' id='word_1_39' title='bbox 450 517 478 542; x_wconf 87' lang='lat' dir='ltr'><strong>et</strong></span> <span class='ocrx_word' id='word_1_40' title='bbox 496 514 600 550; x_wconf 87' lang='lat' dir='ltr'><strong>spiritu</strong></span> <span class='ocrx_word' id='word_1_41' title='bbox 632 513 780 540; x_wconf 80' lang='lat' dir='ltr'><strong>constans:</strong></span> <span class='ocrx_word' id='word_1_42' title='bbox 806 517 930 545; x_wconf 88' lang='lat' dir='ltr'><strong>quorum</strong></span> <span class='ocrx_word' id='word_1_43' title='bbox 948 508 992 536; x_wconf 86' lang='lat' dir='ltr'><strong>hic</strong></span> 
     </span>
    </p>
   </div>
   <div class='ocr_carea' id='block_1_8' title="bbox 167 555 992 592">
    <p class='ocr_par' dir='ltr' id='par_1_8' title="bbox 167 555 992 592">
     <span class='ocr_line' id='line_1_8' title="bbox 167 555 992 592; baseline -0.012 -2"><span class='ocrx_word' id='word_1_44' title='bbox 167 562 348 590; x_wconf 73' lang='lat' dir='ltr'><strong>divinitatem</strong></span> <span class='ocrx_word' id='word_1_45' title='bbox 361 560 522 592; x_wconf 75' lang='lat' dir='ltr'><strong>tribuebat,</strong></span> <span class='ocrx_word' id='word_1_46' title='bbox 534 558 585 586; x_wconf 90' lang='lat' dir='ltr'><strong>illa</strong></span> <span class='ocrx_word' id='word_1_47' title='bbox 596 557 747 585; x_wconf 81' lang='lat' dir='ltr'><strong>divinitate</strong></span> <span class='ocrx_word' id='word_1_48' title='bbox 767 555 950 583; x_wconf 76' lang='lat' dir='ltr'><strong>afﬁciebatur</strong></span> <span class='ocrx_word' id='word_1_49' title='bbox 963 555 992 587; x_wconf 82' lang='grc' dir='ltr'>(ο</span> 
     </span>
    </p>
   </div>
   <div class='ocr_carea' id='block_1_9' title="bbox 166 598 991 638">
    <p class='ocr_par' dir='ltr' id='par_1_9' title="bbox 166 598 991 638">
     <span class='ocr_line' id='line_1_9' title="bbox 166 598 991 638; baseline -0.012 -4"><span class='ocrx_word' id='word_1_50' title='bbox 166 615 270 634; x_wconf 81' lang='lat' dir='ltr'><strong>novam</strong></span> <span class='ocrx_word' id='word_1_51' title='bbox 285 605 453 633; x_wconf 85' lang='lat' dir='ltr'><strong>mistionem</strong></span> <span class='ocrx_word' id='word_1_52' title='bbox 465 603 498 632; x_wconf 90' lang='lat' dir='ltr'><strong>lo</strong></span> <span class='ocrx_word' id='word_1_53' title='bbox 509 602 741 638; x_wconf 87' lang='lat' dir='ltr'><strong>conjunctionem</strong></span> <span class='ocrx_word' id='word_1_54' title='bbox 754 598 991 633; x_wconf 81' lang='lat' dir='ltr'><strong>admirabileml),</strong></span> 
     </span>
    </p>
   </div>
   <div class='ocr_carea' id='block_1_10' title="bbox 165 647 991 686">
    <p class='ocr_par' dir='ltr' id='par_1_10' title="bbox 165 647 991 686">
     <span class='ocr_line' id='line_1_10' title="bbox 165 647 991 686; baseline -0.011 -8"><span class='ocrx_word' id='word_1_55' title='bbox 165 651 215 678; x_wconf 88' lang='lat' dir='ltr'><strong>ille</strong></span> <span class='ocrx_word' id='word_1_56' title='bbox 230 651 281 686; x_wconf 89' lang='lat' dir='ltr'><strong>qui</strong></span> <span class='ocrx_word' id='word_1_57' title='bbox 294 650 412 678; x_wconf 73' lang='lat' dir='ltr'><strong>effector</strong></span> <span class='ocrx_word' id='word_1_58' title='bbox 427 652 479 682; x_wconf 88' lang='lat' dir='ltr'><strong>est,</strong></span> <span class='ocrx_word' id='word_1_59' title='bbox 496 648 631 676; x_wconf 73' lang='lat' dir='ltr'><strong>efﬁcitur:</strong></span> <span class='ocrx_word' id='word_1_60' title='bbox 648 647 697 682; x_wconf 89' lang='lat' dir='ltr'><strong>qui</strong></span> <span class='ocrx_word' id='word_1_61' title='bbox 715 648 825 672; x_wconf 77' lang='lat' dir='ltr'><strong>creator</strong></span> <span class='ocrx_word' id='word_1_62' title='bbox 841 647 895 678; x_wconf 84' lang='lat' dir='ltr'><strong>est,</strong></span> <span class='ocrx_word' id='word_1_63' title='bbox 911 652 991 670; x_wconf 86' lang='lat' dir='ltr'><strong>crea-</strong></span> 
     </span>
    </p>
   </div>
   <div class='ocr_carea' id='block_1_11' title="bbox 164 687 990 730">
    <p class='ocr_par' dir='ltr' id='par_1_11' title="bbox 164 687 990 730">
     <span class='ocr_line' id='line_1_11' title="bbox 164 687 990 730; baseline -0.012 -7"><span class='ocrx_word' id='word_1_64' title='bbox 164 698 223 723; x_wconf 89' lang='lat' dir='ltr'><strong>tur:</strong></span> <span class='ocrx_word' id='word_1_65' title='bbox 238 695 288 730; x_wconf 88' lang='lat' dir='ltr'><strong>qui</strong></span> <span class='ocrx_word' id='word_1_66' title='bbox 304 693 513 729; x_wconf 86' lang='lat' dir='ltr'><strong>comprehendi</strong></span> <span class='ocrx_word' id='word_1_67' title='bbox 530 700 585 720; x_wconf 90' lang='lat' dir='ltr'><strong>non</strong></span> <span class='ocrx_word' id='word_1_68' title='bbox 601 692 707 727; x_wconf 83' lang='lat' dir='ltr'><strong>potest,</strong></span> <span class='ocrx_word' id='word_1_69' title='bbox 737 688 853 717; x_wconf 90' lang='lat' dir='ltr'><strong>vinculo</strong></span> <span class='ocrx_word' id='word_1_70' title='bbox 870 687 990 715; x_wconf 87' lang='lat' dir='ltr'><strong>humani</strong></span> 
     </span>
    </p>
   </div>
   <div class='ocr_carea' id='block_1_12' title="bbox 164 731 993 768">
    <p class='ocr_par' dir='ltr' id='par_1_12' title="bbox 164 731 993 768">
     <span class='ocr_line' id='line_1_12' title="bbox 164 731 993 768; baseline -0.011 -1"><span class='ocrx_word' id='word_1_71' title='bbox 164 739 254 768; x_wconf 85' lang='lat' dir='ltr'><strong>animi</strong></span> <span class='ocrx_word' id='word_1_72' title='bbox 266 738 448 766; x_wconf 80' lang='lat' dir='ltr'><strong>divinitatem</strong></span> <span class='ocrx_word' id='word_1_73' title='bbox 457 740 486 765; x_wconf 92' lang='lat' dir='ltr'><strong>et</strong></span> <span class='ocrx_word' id='word_1_74' title='bbox 495 736 592 764; x_wconf 83' lang='lat' dir='ltr'><strong>carnis</strong></span> <span class='ocrx_word' id='word_1_75' title='bbox 603 733 829 763; x_wconf 78' lang='lat' dir='ltr'><strong>crassitudinem</strong></span> <span class='ocrx_word' id='word_1_76' title='bbox 838 731 993 768; x_wconf 86' lang='lat' dir='ltr'><strong>copulante</strong></span> 
     </span>
    </p>
   </div>
   <div class='ocr_carea' id='block_1_13' title="bbox 166 778 992 819">
    <p class='ocr_par' dir='ltr' id='par_1_13' title="bbox 166 778 992 819">
     <span class='ocr_line' id='line_1_13' title="bbox 166 778 992 819; baseline -0.011 -7"><span class='ocrx_word' id='word_1_77' title='bbox 166 783 436 819; x_wconf 84' lang='lat' dir='ltr'><strong>comprehenditur.</strong></span> <span class='ocrx_word' id='word_1_78' title='bbox 450 782 503 814; x_wconf 82' lang='lat' dir='ltr'><strong>Qui</strong></span> <span class='ocrx_word' id='word_1_79' title='bbox 517 781 592 808; x_wconf 90' lang='lat' dir='ltr'><strong>ditat</strong></span> <span class='ocrx_word' id='word_1_80' title='bbox 617 780 702 812; x_wconf 84' lang='lat' dir='ltr'><strong>alios,</strong></span> <span class='ocrx_word' id='word_1_81' title='bbox 727 786 837 814; x_wconf 81' lang='lat' dir='ltr'><strong>pauper</strong></span> <span class='ocrx_word' id='word_1_82' title='bbox 858 778 899 804; x_wconf 84' lang='lat' dir='ltr'><strong>ﬁt.</strong></span> <span class='ocrx_word' id='word_1_83' title='bbox 917 780 992 804; x_wconf 88' lang='lat' dir='ltr'><strong>Pau-</strong></span> 
     </span>
    </p>
   </div>
   <div class='ocr_carea' id='block_1_14' title="bbox 165 821 993 863">
    <p class='ocr_par' dir='ltr' id='par_1_14' title="bbox 165 821 993 863">
     <span class='ocr_line' id='line_1_14' title="bbox 165 821 993 863; baseline -0.011 -7"><span class='ocrx_word' id='word_1_84' title='bbox 165 829 284 863; x_wconf 87' lang='lat' dir='ltr'><strong>pertatis</strong></span> <span class='ocrx_word' id='word_1_85' title='bbox 304 828 382 855; x_wconf 87' lang='lat' dir='ltr'><strong>enim</strong></span> <span class='ocrx_word' id='word_1_86' title='bbox 410 835 479 854; x_wconf 77' lang='lat' dir='ltr'><strong>meas</strong></span> <span class='ocrx_word' id='word_1_87' title='bbox 510 827 713 862; x_wconf 76' lang='lat' dir='ltr'><strong>paupertatem</strong></span> <span class='ocrx_word' id='word_1_88' title='bbox 744 821 942 858; x_wconf 81' lang='lat' dir='ltr'><strong>amplectitur,</strong></span> <span class='ocrx_word' id='word_1_89' title='bbox 961 824 993 848; x_wconf 87' lang='lat' dir='ltr'><strong>ut</strong></span> 
     </span>
    </p>
   </div>
   <div class='ocr_carea' id='block_1_15' title="bbox 163 866 990 909">
    <p class='ocr_par' dir='ltr' id='par_1_15' title="bbox 163 866 990 909">
     <span class='ocr_line' id='line_1_15' title="bbox 163 866 990 909; baseline -0.01 -8"><span class='ocrx_word' id='word_1_90' title='bbox 163 881 213 909; x_wconf 86' lang='lat' dir='ltr'><strong>ego</strong></span> <span class='ocrx_word' id='word_1_91' title='bbox 243 872 407 900; x_wconf 82' lang='lat' dir='ltr'><strong>divinitatis</strong></span> <span class='ocrx_word' id='word_1_92' title='bbox 436 872 500 907; x_wconf 85' lang='lat' dir='ltr'><strong>ejus</strong></span> <span class='ocrx_word' id='word_1_93' title='bbox 517 870 633 898; x_wconf 78' lang='lat' dir='ltr'><strong>divitias</strong></span> <span class='ocrx_word' id='word_1_94' title='bbox 663 876 813 904; x_wconf 75' lang='lat' dir='ltr'><strong>assequar.</strong></span> <span class='ocrx_word' id='word_1_95' title='bbox 845 867 898 899; x_wconf 85' lang='lat' dir='ltr'><strong>Qui</strong></span> <span class='ocrx_word' id='word_1_96' title='bbox 927 866 990 901; x_wconf 81' lang='lat' dir='ltr'><strong>plus</strong></span> 
     </span>
    </p>
   </div>
   <div class='ocr_carea' id='block_1_16' title="bbox 164 911 992 952">
    <p class='ocr_par' dir='ltr' id='par_1_16' title="bbox 164 911 992 952">
     <span class='ocr_line' id='line_1_16' title="bbox 164 911 992 952; baseline -0.01 -6"><span class='ocrx_word' id='word_1_97' title='bbox 164 922 207 946; x_wconf 89' lang='lat' dir='ltr'><strong>est</strong></span> <span class='ocrx_word' id='word_1_98' title='bbox 222 918 390 945; x_wconf 83' lang='lat' dir='ltr'><strong>exinanitur</strong></span> <span class='ocrx_word' id='word_1_99' title='bbox 403 925 409 944; x_wconf 88' lang='lat'><strong>:</strong></span> <span class='ocrx_word' id='word_1_100' title='bbox 423 924 576 952; x_wconf 82' lang='lat' dir='ltr'><strong>parumper</strong></span> <span class='ocrx_word' id='word_1_101' title='bbox 591 915 669 943; x_wconf 89' lang='lat' dir='ltr'><strong>enim</strong></span> <span class='ocrx_word' id='word_1_102' title='bbox 682 913 804 950; x_wconf 83' lang='lat' dir='ltr'><strong>gloriam</strong></span> <span class='ocrx_word' id='word_1_103' title='bbox 821 920 903 939; x_wconf 85' lang='lat' dir='ltr'><strong>suam</strong></span> <span class='ocrx_word' id='word_1_104' title='bbox 921 911 992 939; x_wconf 87' lang='lat' dir='ltr'><strong>sinit</strong></span> 
     </span>
    </p>
   </div>
   <div class='ocr_carea' id='block_1_17' title="bbox 163 958 989 997">
    <p class='ocr_par' dir='ltr' id='par_1_17' title="bbox 163 958 989 997">
     <span class='ocr_line' id='line_1_17' title="bbox 163 958 989 997; baseline -0.011 -6"><span class='ocrx_word' id='word_1_105' title='bbox 163 963 322 997; x_wconf 81' lang='lat' dir='ltr'><strong>exhauriri,</strong></span> <span class='ocrx_word' id='word_1_106' title='bbox 341 966 371 990; x_wconf 91' lang='lat' dir='ltr'><strong>ut</strong></span> <span class='ocrx_word' id='word_1_107' title='bbox 400 970 451 997; x_wconf 84' lang='lat' dir='ltr'><strong>ego</strong></span> <span class='ocrx_word' id='word_1_108' title='bbox 468 959 661 997; x_wconf 83' lang='lat' dir='ltr'><strong>plenitudinis</strong></span> <span class='ocrx_word' id='word_1_109' title='bbox 691 959 756 993; x_wconf 89' lang='lat' dir='ltr'><strong>ejus</strong></span> <span class='ocrx_word' id='word_1_110' title='bbox 780 958 925 993; x_wconf 83' lang='lat' dir='ltr'><strong>particeps</strong></span> <span class='ocrx_word' id='word_1_111' title='bbox 940 958 989 983; x_wconf 88' lang='lat' dir='ltr'><strong>eti-</strong></span> 
     </span>
    </p>
   </div>
   <div class='ocr_carea' id='block_1_18' title="bbox 163 1002 989 1041">
    <p class='ocr_par' dir='ltr' id='par_1_18' title="bbox 163 1002 989 1041">
     <span class='ocr_line' id='line_1_18' title="bbox 163 1002 989 1041; baseline -0.01 -5"><span class='ocrx_word' id='word_1_112' title='bbox 163 1008 374 1041; x_wconf 77' lang='lat' dir='ltr'><strong>ciar.0uaanam</strong></span> <span class='ocrx_word' id='word_1_113' title='bbox 392 1009 462 1035; x_wconf 92' lang='lat' dir='ltr'><strong>sunt</strong></span> <span class='ocrx_word' id='word_1_114' title='bbox 479 1006 522 1034; x_wconf 73' lang='lat' dir='ltr'><strong>ha:</strong></span> <span class='ocrx_word' id='word_1_115' title='bbox 538 1004 677 1033; x_wconf 84' lang='lat' dir='ltr'><strong>bonitatis</strong></span> <span class='ocrx_word' id='word_1_116' title='bbox 698 1003 818 1031; x_wconf 70' lang='lat' dir='ltr'><strong>divitiis?</strong></span> <span class='ocrx_word' id='word_1_117' title='bbox 833 1002 989 1034; x_wconf 80' lang='lat' dir='ltr'><strong>Quodnam</strong></span> 
     </span>
    </p>
   </div>
   <div class='ocr_carea' id='block_1_19' title="bbox 164 1047 990 1088">
    <p class='ocr_par' dir='ltr' id='par_1_19' title="bbox 164 1047 990 1088">
     <span class='ocr_line' id='line_1_19' title="bbox 164 1047 990 1088; baseline -0.01 -8"><span class='ocrx_word' id='word_1_118' title='bbox 164 1054 240 1080; x_wconf 85' lang='lat' dir='ltr'><strong>circa</strong></span> <span class='ocrx_word' id='word_1_119' title='bbox 255 1061 299 1080; x_wconf 92' lang='lat' dir='ltr'><strong>me</strong></span> <span class='ocrx_word' id='word_1_120' title='bbox 313 1052 482 1088; x_wconf 82' lang='lat' dir='ltr'><strong>mysterium</strong></span> <span class='ocrx_word' id='word_1_121' title='bbox 500 1050 640 1087; x_wconf 78' lang='lat' dir='ltr'><strong>apparet?</strong></span> <span class='ocrx_word' id='word_1_122' title='bbox 654 1050 709 1085; x_wconf 82' lang='lat' dir='ltr'><strong>Ego</strong></span> <span class='ocrx_word' id='word_1_123' title='bbox 723 1048 888 1083; x_wconf 70' lang='lat' dir='ltr'><strong>imaginem,</strong></span> <span class='ocrx_word' id='word_1_124' title='bbox 906 1047 990 1081; x_wconf 83' lang='lat' dir='ltr'><strong>cujus</strong></span> 
     </span>
    </p>
   </div>
   <div class='ocr_carea' id='block_1_20' title="bbox 163 1092 989 1133">
    <p class='ocr_par' dir='ltr' id='par_1_20' title="bbox 163 1092 989 1133">
     <span class='ocr_line' id='line_1_20' title="bbox 163 1092 989 1133; baseline -0.008 -9"><span class='ocrx_word' id='word_1_125' title='bbox 163 1098 307 1133; x_wconf 80' lang='lat' dir='ltr'><strong>particeps</strong></span> <span class='ocrx_word' id='word_1_126' title='bbox 324 1106 400 1124; x_wconf 77' lang='lat' dir='ltr'><strong>eram</strong></span> <span class='ocrx_word' id='word_1_127' title='bbox 430 1098 533 1128; x_wconf 77' lang='lat' dir='ltr'><strong>factus,</strong></span> <span class='ocrx_word' id='word_1_128' title='bbox 562 1104 618 1122; x_wconf 87' lang='lat' dir='ltr'><strong>non</strong></span> <span class='ocrx_word' id='word_1_129' title='bbox 636 1094 770 1121; x_wconf 89' lang='lat' dir='ltr'><strong>servavi:</strong></span> <span class='ocrx_word' id='word_1_130' title='bbox 797 1092 845 1119; x_wconf 81' lang='lat' dir='ltr'><strong>ille</strong></span> <span class='ocrx_word' id='word_1_131' title='bbox 872 1100 989 1119; x_wconf 81' lang='lat' dir='ltr'><strong>carnem</strong></span> 
     </span>
    </p>
   </div>
   <div class='ocr_carea' id='block_1_21' title="bbox 163 1139 989 1176">
    <p class='ocr_par' dir='ltr' id='par_1_21' title="bbox 163 1139 989 1176">
     <span class='ocr_line' id='line_1_21' title="bbox 163 1139 989 1176; baseline -0.008 -7"><span class='ocrx_word' id='word_1_132' title='bbox 163 1151 256 1169; x_wconf 82' lang='lat' dir='ltr'><strong>meam</strong></span> <span class='ocrx_word' id='word_1_133' title='bbox 274 1142 406 1176; x_wconf 81' lang='lat' dir='ltr'><strong>suscipit,</strong></span> <span class='ocrx_word' id='word_1_134' title='bbox 425 1144 456 1168; x_wconf 89' lang='lat' dir='ltr'><strong>ut</strong></span> <span class='ocrx_word' id='word_1_135' title='bbox 472 1144 499 1167; x_wconf 80' lang='lat' dir='ltr'><strong>et</strong></span> <span class='ocrx_word' id='word_1_136' title='bbox 515 1140 673 1174; x_wconf 82' lang='lat' dir='ltr'><strong>imaginem</strong></span> <span class='ocrx_word' id='word_1_137' title='bbox 698 1139 800 1170; x_wconf 73' lang='lat' dir='ltr'><strong>servet,</strong></span> <span class='ocrx_word' id='word_1_138' title='bbox 819 1139 846 1163; x_wconf 90' lang='lat' dir='ltr'><strong>et</strong></span> <span class='ocrx_word' id='word_1_139' title='bbox 874 1144 989 1163; x_wconf 85' lang='lat' dir='ltr'><strong>carnem</strong></span> 
     </span>
    </p>
   </div>
   <div class='ocr_carea' id='block_1_22' title="bbox 161 1181 988 1215">
    <p class='ocr_par' dir='ltr' id='par_1_22' title="bbox 161 1181 988 1215">
     <span class='ocr_line' id='line_1_22' title="bbox 161 1181 988 1215; baseline -0.01 -1"><span class='ocrx_word' id='word_1_140' title='bbox 161 1187 261 1213; x_wconf 80' lang='lat' dir='ltr'><strong>reddet</strong></span> <span class='ocrx_word' id='word_1_141' title='bbox 275 1185 481 1213; x_wconf 80' lang='lat' dir='ltr'><strong>immortalem.</strong></span> <span class='ocrx_word' id='word_1_142' title='bbox 501 1186 624 1212; x_wconf 80' lang='lat' dir='ltr'><strong>Alterum</strong></span> <span class='ocrx_word' id='word_1_143' title='bbox 639 1183 693 1210; x_wconf 88' lang='lat' dir='ltr'><strong>init</strong></span> <span class='ocrx_word' id='word_1_144' title='bbox 713 1183 880 1210; x_wconf 83' lang='lat' dir='ltr'><strong>societatem</strong></span> <span class='ocrx_word' id='word_1_145' title='bbox 894 1181 988 1215; x_wconf 82' lang='lat' dir='ltr'><strong>priore</strong></span> 
     </span>
    </p>
   </div>
   <div class='ocr_carea' id='block_1_23' title="bbox 160 1225 986 1265">
    <p class='ocr_par' dir='ltr' id='par_1_23' title="bbox 160 1225 986 1265">
     <span class='ocr_line' id='line_1_23' title="bbox 160 1225 986 1265; baseline -0.008 -7"><span class='ocrx_word' id='word_1_146' title='bbox 160 1231 308 1263; x_wconf 87' lang='lat' dir='ltr'><strong>societate,</strong></span> <span class='ocrx_word' id='word_1_147' title='bbox 326 1239 358 1257; x_wconf 86' lang='lat' dir='ltr'><strong>eo</strong></span> <span class='ocrx_word' id='word_1_148' title='bbox 375 1230 491 1265; x_wconf 80' lang='lat' dir='ltr'><strong>quidem</strong></span> <span class='ocrx_word' id='word_1_149' title='bbox 510 1230 594 1264; x_wconf 79' lang='lat' dir='ltr'><strong>longe</strong></span> <span class='ocrx_word' id='word_1_150' title='bbox 613 1226 875 1259; x_wconf 77' lang='lat' dir='ltr'><strong>admirabiliorem,</strong></span> <span class='ocrx_word' id='word_1_151' title='bbox 909 1225 986 1259; x_wconf 90' lang='lat' dir='ltr'><strong>quod</strong></span> 
     </span>
    </p>
   </div>
   <div class='ocr_carea' id='block_1_24' title="bbox 160 1270 989 1311">
    <p class='ocr_par' dir='ltr' id='par_1_24' title="bbox 160 1270 989 1311">
     <span class='ocr_line' id='line_1_24' title="bbox 160 1270 989 1311; baseline -0.01 -8"><span class='ocrx_word' id='word_1_152' title='bbox 160 1276 189 1302; x_wconf 90' lang='lat' dir='ltr'><strong>in</strong></span> <span class='ocrx_word' id='word_1_153' title='bbox 208 1276 302 1311; x_wconf 88' lang='lat' dir='ltr'><strong>priore</strong></span> <span class='ocrx_word' id='word_1_154' title='bbox 319 1275 505 1310; x_wconf 68' lang='lat' dir='ltr'><strong>praestantius</strong></span> <span class='ocrx_word' id='word_1_155' title='bbox 522 1274 598 1309; x_wconf 85' lang='lat' dir='ltr'><strong>quod</strong></span> <span class='ocrx_word' id='word_1_156' title='bbox 616 1275 676 1300; x_wconf 62' lang='lat' dir='ltr'><strong>erat</strong></span> <span class='ocrx_word' id='word_1_157' title='bbox 691 1271 832 1305; x_wconf 80' lang='lat' dir='ltr'><strong>attribuit,</strong></span> <span class='ocrx_word' id='word_1_158' title='bbox 850 1270 877 1296; x_wconf 92' lang='lat' dir='ltr'><strong>in</strong></span> <span class='ocrx_word' id='word_1_159' title='bbox 892 1274 989 1305; x_wconf 85' lang='lat' dir='ltr'><strong>postc-</strong></span> 
     </span>
    </p>
   </div>
   <div class='ocr_carea' id='block_1_25' title="bbox 160 1317 688 1355">
    <p class='ocr_par' dir='ltr' id='par_1_25' title="bbox 160 1317 688 1355">
     <span class='ocr_line' id='line_1_25' title="bbox 160 1317 688 1355; baseline -0.006 -8"><span class='ocrx_word' id='word_1_160' title='bbox 160 1322 234 1348; x_wconf 87' lang='lat' dir='ltr'><strong>riore</strong></span> <span class='ocrx_word' id='word_1_161' title='bbox 251 1321 329 1355; x_wconf 87' lang='lat' dir='ltr'><strong>quod</strong></span> <span class='ocrx_word' id='word_1_162' title='bbox 346 1320 473 1347; x_wconf 87' lang='lat' dir='ltr'><strong>deterius</strong></span> <span class='ocrx_word' id='word_1_163' title='bbox 490 1322 552 1345; x_wconf 77' lang='lat' dir='ltr'><strong>erat</strong></span> <span class='ocrx_word' id='word_1_164' title='bbox 568 1317 688 1353; x_wconf 84' lang='lat' dir='ltr'><strong>accepit.</strong></span> 
     </span>
    </p>
   </div>
   <div class='ocr_carea' id='block_1_26' title="bbox 194 1378 987 1417">
    <p class='ocr_par' dir='ltr' id='par_1_26' title="bbox 194 1378 987 1417">
     <span class='ocr_line' id='line_1_26' title="bbox 194 1378 987 1417; baseline -0.008 -8"><span class='ocrx_word' id='word_1_165' title='bbox 194 1383 221 1409; x_wconf 85' lang='lat'><strong>2.</strong></span> <span class='ocrx_word' id='word_1_166' title='bbox 236 1383 386 1417; x_wconf 86' lang='lat' dir='ltr'><strong>Ejusdem,</strong></span> <span class='ocrx_word' id='word_1_167' title='bbox 400 1390 433 1408; x_wconf 83' lang='lat' dir='ltr'><strong>ex</strong></span> <span class='ocrx_word' id='word_1_168' title='bbox 459 1382 590 1409; x_wconf 85' lang='lat' dir='ltr'><strong>oratione</strong></span> <span class='ocrx_word' id='word_1_169' title='bbox 606 1380 634 1406; x_wconf 92' lang='lat' dir='ltr'><strong>in</strong></span> <span class='ocrx_word' id='word_1_170' title='bbox 656 1379 780 1407; x_wconf 84' lang='lat' dir='ltr'><strong>Lumina</strong></span> <span class='ocrx_word' id='word_1_171' title='bbox 806 1378 874 1414; x_wconf 76' lang='lat'><strong>(32).</strong></span> <span class='ocrx_word' id='word_1_172' title='bbox 894 1380 987 1412; x_wconf 82' lang='lat' dir='ltr'><strong>Atque</strong></span> 
     </span>
    </p>
   </div>
   <div class='ocr_carea' id='block_1_27' title="bbox 161 1422 985 1461">
    <p class='ocr_par' dir='ltr' id='par_1_27' title="bbox 161 1422 985 1461">
     <span class='ocr_line' id='line_1_27' title="bbox 161 1422 985 1461; baseline -0.007 -7"><span class='ocrx_word' id='word_1_173' title='bbox 161 1428 209 1454; x_wconf 88' lang='lat' dir='ltr'><strong>Dci</strong></span> <span class='ocrx_word' id='word_1_174' title='bbox 228 1428 327 1461; x_wconf 80' lang='lat' dir='ltr'><strong>Filius,</strong></span> <span class='ocrx_word' id='word_1_175' title='bbox 345 1426 473 1453; x_wconf 85' lang='lat' dir='ltr'><strong>hominis</strong></span> <span class='ocrx_word' id='word_1_176' title='bbox 496 1425 586 1452; x_wconf 83' lang='lat' dir='ltr'><strong>Filius</strong></span> <span class='ocrx_word' id='word_1_177' title='bbox 603 1430 627 1451; x_wconf 87' lang='lat' dir='ltr'><strong>et</strong></span> <span class='ocrx_word' id='word_1_178' title='bbox 646 1425 677 1451; x_wconf 89' lang='lat' dir='ltr'><strong>ﬁt</strong></span> <span class='ocrx_word' id='word_1_179' title='bbox 692 1426 719 1451; x_wconf 87' lang='lat' dir='ltr'><strong>et</strong></span> <span class='ocrx_word' id='word_1_180' title='bbox 735 1428 873 1451; x_wconf 86' lang='lat' dir='ltr'><strong>vocatur:</strong></span> <span class='ocrx_word' id='word_1_181' title='bbox 893 1422 985 1449; x_wconf 81' lang='lat' dir='ltr'><strong>haud-</strong></span> 
     </span>
    </p>
   </div>
   <div class='ocr_carea' id='block_1_28' title="bbox 161 1467 984 1507">
    <p class='ocr_par' dir='ltr' id='par_1_28' title="bbox 161 1467 984 1507">
     <span class='ocr_line' id='line_1_28' title="bbox 161 1467 984 1507; baseline -0.007 -9"><span class='ocrx_word' id='word_1_182' title='bbox 161 1479 308 1507; x_wconf 81' lang='lat' dir='ltr'><strong>quaquam</strong></span> <span class='ocrx_word' id='word_1_183' title='bbox 325 1471 352 1498; x_wconf 89' lang='lat' dir='ltr'><strong>id</strong></span> <span class='ocrx_word' id='word_1_184' title='bbox 381 1471 544 1497; x_wconf 85' lang='lat' dir='ltr'><strong>immutans</strong></span> <span class='ocrx_word' id='word_1_185' title='bbox 570 1469 650 1505; x_wconf 88' lang='lat' dir='ltr'><strong>quod</strong></span> <span class='ocrx_word' id='word_1_186' title='bbox 666 1471 747 1496; x_wconf 85' lang='lat' dir='ltr'><strong>erat:</strong></span> <span class='ocrx_word' id='word_1_187' title='bbox 778 1467 884 1494; x_wconf 80' lang='lat' dir='ltr'><strong>mutari</strong></span> <span class='ocrx_word' id='word_1_188' title='bbox 910 1467 984 1493; x_wconf 82' lang='lat' dir='ltr'><strong>enim</strong></span> 
     </span>
    </p>
   </div>
   <div class='ocr_carea' id='block_1_29' title="bbox 161 1513 986 1551">
    <p class='ocr_par' dir='ltr' id='par_1_29' title="bbox 161 1513 986 1551">
     <span class='ocr_line' id='line_1_29' title="bbox 161 1513 986 1551; baseline -0.008 -8"><span class='ocrx_word' id='word_1_189' title='bbox 161 1524 218 1543; x_wconf 92' lang='lat' dir='ltr'><strong>non</strong></span> <span class='ocrx_word' id='word_1_190' title='bbox 237 1518 350 1551; x_wconf 83' lang='lat' dir='ltr'><strong>potest:</strong></span> <span class='ocrx_word' id='word_1_191' title='bbox 368 1516 417 1543; x_wconf 86' lang='lat' dir='ltr'><strong>sed</strong></span> <span class='ocrx_word' id='word_1_192' title='bbox 446 1515 472 1542; x_wconf 91' lang='lat' dir='ltr'><strong>id</strong></span> <span class='ocrx_word' id='word_1_193' title='bbox 492 1522 649 1541; x_wconf 79' lang='lat' dir='ltr'><strong>assumens</strong></span> <span class='ocrx_word' id='word_1_194' title='bbox 667 1513 744 1548; x_wconf 91' lang='lat' dir='ltr'><strong>quod</strong></span> <span class='ocrx_word' id='word_1_195' title='bbox 763 1520 820 1539; x_wconf 93' lang='lat' dir='ltr'><strong>non</strong></span> <span class='ocrx_word' id='word_1_196' title='bbox 836 1513 907 1542; x_wconf 85' lang='lat' dir='ltr'><strong>erat,</strong></span> <span class='ocrx_word' id='word_1_197' title='bbox 925 1519 986 1545; x_wconf 59' lang='lat' dir='ltr'><strong>quis</strong></span> 
     </span>
    </p>
   </div>
   <div class='ocr_carea' id='block_1_30' title="bbox 160 1555 984 1595">
    <p class='ocr_par' dir='ltr' id='par_1_30' title="bbox 160 1555 984 1595">
     <span class='ocr_line' id='line_1_30' title="bbox 160 1555 984 1595; baseline -0.008 -8"><span class='ocrx_word' id='word_1_198' title='bbox 160 1560 239 1587; x_wconf 89' lang='lat' dir='ltr'><strong>illius</strong></span> <span class='ocrx_word' id='word_1_199' title='bbox 255 1569 322 1595; x_wconf 77' lang='lat' dir='ltr'><strong>erga</strong></span> <span class='ocrx_word' id='word_1_200' title='bbox 341 1569 392 1588; x_wconf 86' lang='lat' dir='ltr'><strong>nos</strong></span> <span class='ocrx_word' id='word_1_201' title='bbox 409 1559 580 1587; x_wconf 75' lang='lat' dir='ltr'><strong>humanitas</strong></span> <span class='ocrx_word' id='word_1_202' title='bbox 597 1560 658 1585; x_wconf 85' lang='lat' dir='ltr'><strong>est:</strong></span> <span class='ocrx_word' id='word_1_203' title='bbox 677 1560 708 1584; x_wconf 90' lang='lat' dir='ltr'><strong>ut</strong></span> <span class='ocrx_word' id='word_1_204' title='bbox 736 1559 921 1591; x_wconf 78' lang='lat' dir='ltr'><strong>scpararetur</strong></span> <span class='ocrx_word' id='word_1_205' title='bbox 936 1555 984 1590; x_wconf 85' lang='lat' dir='ltr'><strong>qui</strong></span> 
     </span>
    </p>
   </div>
   <div class='ocr_carea' id='block_1_31' title="bbox 158 1600 987 1640">
    <p class='ocr_par' dir='ltr' id='par_1_31' title="bbox 158 1600 987 1640">
     <span class='ocr_line' id='line_1_31' title="bbox 158 1600 987 1640; baseline -0.008 -8"><span class='ocrx_word' id='word_1_206' title='bbox 158 1605 290 1640; x_wconf 82' lang='lat' dir='ltr'><strong>separari</strong></span> <span class='ocrx_word' id='word_1_207' title='bbox 308 1604 419 1639; x_wconf 75' lang='lat' dir='ltr'><strong>nequit,</strong></span> <span class='ocrx_word' id='word_1_208' title='bbox 444 1602 619 1630; x_wconf 86' lang='lat' dir='ltr'><strong>intermedia</strong></span> <span class='ocrx_word' id='word_1_209' title='bbox 644 1609 731 1628; x_wconf 81' lang='lat' dir='ltr'><strong>carne</strong></span> <span class='ocrx_word' id='word_1_210' title='bbox 759 1605 899 1635; x_wconf 77' lang='lat' dir='ltr'><strong>tanquam</strong></span> <span class='ocrx_word' id='word_1_211' title='bbox 926 1600 987 1626; x_wconf 81' lang='lat' dir='ltr'><strong>velo</strong></span> 
     </span>
    </p>
   </div>
   <div class='ocr_carea' id='block_1_32' title="bbox 160 1644 983 1681">
    <p class='ocr_par' dir='ltr' id='par_1_32' title="bbox 160 1644 983 1681">
     <span class='ocr_line' id='line_1_32' title="bbox 160 1644 983 1681; baseline -0.007 -5"><span class='ocrx_word' id='word_1_212' title='bbox 160 1648 314 1675; x_wconf 89' lang='lat' dir='ltr'><strong>nobiscum</strong></span> <span class='ocrx_word' id='word_1_213' title='bbox 329 1655 461 1679; x_wconf 83' lang='lat' dir='ltr'><strong>versans,</strong></span> <span class='ocrx_word' id='word_1_214' title='bbox 479 1646 717 1681; x_wconf 85' lang='lat' dir='ltr'><strong>quandoquidem</strong></span> <span class='ocrx_word' id='word_1_215' title='bbox 739 1653 816 1680; x_wconf 72' lang='lat' dir='ltr'><strong>purae</strong></span> <span class='ocrx_word' id='word_1_216' title='bbox 833 1645 897 1679; x_wconf 64' lang='lat' dir='ltr'><strong>ejus</strong></span> <span class='ocrx_word' id='word_1_217' title='bbox 912 1644 983 1670; x_wconf 86' lang='lat' dir='ltr'><strong>divi-</strong></span> 
     </span>
    </p>
   </div>
   <div class='ocr_carea' id='block_1_33' title="bbox 161 1688 987 1719">
    <p class='ocr_par' dir='ltr' id='par_1_33' title="bbox 161 1688 987 1719">
     <span class='ocr_line' id='line_1_33' title="bbox 161 1688 987 1719; baseline -0.005 0"><span class='ocrx_word' id='word_1_218' title='bbox 161 1692 247 1719; x_wconf 87' lang='lat' dir='ltr'><strong>nitati</strong></span> <span class='ocrx_word' id='word_1_219' title='bbox 278 1692 401 1719; x_wconf 70' lang='lat' dir='ltr'><strong>terenda:</strong></span> <span class='ocrx_word' id='word_1_220' title='bbox 432 1695 538 1718; x_wconf 84' lang='lat' dir='ltr'><strong>natura</strong></span> <span class='ocrx_word' id='word_1_221' title='bbox 567 1689 641 1717; x_wconf 89' lang='lat' dir='ltr'><strong>ortui</strong></span> <span class='ocrx_word' id='word_1_222' title='bbox 659 1689 832 1716; x_wconf 85' lang='lat' dir='ltr'><strong>etinteritui</strong></span> <span class='ocrx_word' id='word_1_223' title='bbox 862 1688 987 1716; x_wconf 72' lang='lat' dir='ltr'><strong>obnoxia</strong></span> 
     </span>
    </p>
   </div>
   <div class='ocr_carea' id='block_1_34' title="bbox 161 1735 502 1764">
    <p class='ocr_par' dir='ltr' id='par_1_34' title="bbox 161 1735 502 1764">
     <span class='ocr_line' id='line_1_34' title="bbox 161 1735 502 1764; baseline -0.009 1"><span class='ocrx_word' id='word_1_224' title='bbox 161 1744 218 1764; x_wconf 91' lang='lat' dir='ltr'><strong>non</strong></span> <span class='ocrx_word' id='word_1_225' title='bbox 235 1736 308 1764; x_wconf 87' lang='lat' dir='ltr'><strong>satis</strong></span> <span class='ocrx_word' id='word_1_226' title='bbox 326 1735 432 1763; x_wconf 79' lang='lat' dir='ltr'><strong>idonea</strong></span> <span class='ocrx_word' id='word_1_227' title='bbox 448 1739 502 1763; x_wconf 86' lang='lat' dir='ltr'><strong>est.</strong></span> 
     </span>
    </p>
   </div>
   <div class='ocr_carea' id='block_1_35' title="bbox 195 1796 985 1835">
    <p class='ocr_par' dir='ltr' id='par_1_35' title="bbox 195 1796 985 1835">
     <span class='ocr_line' id='line_1_35' title="bbox 195 1796 985 1835; baseline -0.006 -8"><span class='ocrx_word' id='word_1_228' title='bbox 195 1800 221 1827; x_wconf 88' lang='lat'><strong>3.</strong></span> <span class='ocrx_word' id='word_1_229' title='bbox 242 1799 390 1835; x_wconf 77' lang='lat' dir='ltr'><strong>Ejusdem,</strong></span> <span class='ocrx_word' id='word_1_230' title='bbox 407 1807 440 1826; x_wconf 79' lang='lat' dir='ltr'><strong>ex</strong></span> <span class='ocrx_word' id='word_1_231' title='bbox 458 1799 588 1826; x_wconf 87' lang='lat' dir='ltr'><strong>oratione</strong></span> <span class='ocrx_word' id='word_1_232' title='bbox 603 1799 729 1825; x_wconf 81' lang='lat' dir='ltr'><strong>secunda</strong></span> <span class='ocrx_word' id='word_1_233' title='bbox 751 1797 786 1824; x_wconf 82' lang='lat' dir='ltr'><strong>ad</strong></span> <span class='ocrx_word' id='word_1_234' title='bbox 803 1796 985 1829; x_wconf 84' lang='lat' dir='ltr'><strong>Cledonium_</strong></span> 
     </span>
    </p>
   </div>
   <div class='ocr_carea' id='block_1_36' title="bbox 158 1843 985 1880">
    <p class='ocr_par' dir='ltr' id='par_1_36' title="bbox 158 1843 985 1880">
     <span class='ocr_line' id='line_1_36' title="bbox 158 1843 985 1880; baseline -0.005 -8"><span class='ocrx_word' id='word_1_235' title='bbox 158 1845 287 1880; x_wconf 85' lang='lat' dir='ltr'><strong>Utraque</strong></span> <span class='ocrx_word' id='word_1_236' title='bbox 304 1844 382 1871; x_wconf 88' lang='lat' dir='ltr'><strong>enim</strong></span> <span class='ocrx_word' id='word_1_237' title='bbox 401 1853 491 1871; x_wconf 91' lang='lat' dir='ltr'><strong>unum</strong></span> <span class='ocrx_word' id='word_1_238' title='bbox 509 1843 715 1871; x_wconf 86' lang='lat' dir='ltr'><strong>commistione</strong></span> <span class='ocrx_word' id='word_1_239' title='bbox 738 1844 902 1875; x_wconf 77' lang='lat' dir='ltr'><strong>evaserunt,</strong></span> <span class='ocrx_word' id='word_1_240' title='bbox 920 1849 985 1868; x_wconf 88' lang='lat' dir='ltr'><strong>cum</strong></span> 
     </span>
    </p>
   </div>
   <div class='ocr_carea' id='block_1_37' title="bbox 158 1887 819 1921">
    <p class='ocr_par' dir='ltr' id='par_1_37' title="bbox 158 1887 819 1921">
     <span class='ocr_line' id='line_1_37' title="bbox 158 1887 819 1921; baseline -0.005 -5"><span class='ocrx_word' id='word_1_241' title='bbox 158 1889 236 1917; x_wconf 89' lang='lat' dir='ltr'><strong>Dens</strong></span> <span class='ocrx_word' id='word_1_242' title='bbox 247 1890 425 1921; x_wconf 76' lang='lat' dir='ltr'><strong>incernatur,</strong></span> <span class='ocrx_word' id='word_1_243' title='bbox 442 1890 528 1916; x_wconf 92' lang='lat' dir='ltr'><strong>homo</strong></span> <span class='ocrx_word' id='word_1_244' title='bbox 545 1891 643 1915; x_wconf 87' lang='lat' dir='ltr'><strong>autem</strong></span> <span class='ocrx_word' id='word_1_245' title='bbox 659 1887 819 1915; x_wconf 83' lang='lat' dir='ltr'><strong>deiﬁcctur.</strong></span> 
     </span>
    </p>
   </div>
   <div class='ocr_carea' id='block_1_38' title="bbox 194 1930 985 1969">
    <p class='ocr_par' dir='ltr' id='par_1_38' title="bbox 194 1930 985 1969">
     <span class='ocr_line' id='line_1_38' title="bbox 194 1930 985 1969; baseline -0.005 -8"><span class='ocrx_word' id='word_1_246' title='bbox 194 1935 219 1962; x_wconf 80' lang='grc'><strong>4.</strong></span> <span class='ocrx_word' id='word_1_247' title='bbox 237 1935 387 1969; x_wconf 83' lang='lat' dir='ltr'><strong>Ejusdem,</strong></span> <span class='ocrx_word' id='word_1_248' title='bbox 405 1942 438 1961; x_wconf 85' lang='lat' dir='ltr'><strong>ex</strong></span> <span class='ocrx_word' id='word_1_249' title='bbox 466 1933 594 1961; x_wconf 86' lang='lat' dir='ltr'><strong>secunda</strong></span> <span class='ocrx_word' id='word_1_250' title='bbox 608 1933 737 1960; x_wconf 84' lang='lat' dir='ltr'><strong>oratione</strong></span> <span class='ocrx_word' id='word_1_251' title='bbox 767 1932 801 1958; x_wconf 89' lang='lat' dir='ltr'><strong>de</strong></span> <span class='ocrx_word' id='word_1_252' title='bbox 818 1931 888 1958; x_wconf 88' lang='lat' dir='ltr'><strong>Filio</strong></span> <span class='ocrx_word' id='word_1_253' title='bbox 918 1930 985 1966; x_wconf 72' lang='lat'><strong>(33).</strong></span> 
     </span>
    </p>
   </div>
   <div class='ocr_carea' id='block_1_39' title="bbox 158 1976 985 2013">
    <p class='ocr_par' dir='ltr' id='par_1_39' title="bbox 158 1976 985 2013">
     <span class='ocr_line' id='line_1_39' title="bbox 158 1976 985 2013; baseline -0.006 -7"><span class='ocrx_word' id='word_1_254' title='bbox 158 1979 215 2006; x_wconf 89' lang='lat' dir='ltr'><strong>Etsi</strong></span> <span class='ocrx_word' id='word_1_255' title='bbox 231 1978 309 2006; x_wconf 88' lang='lat' dir='ltr'><strong>enim</strong></span> <span class='ocrx_word' id='word_1_256' title='bbox 327 1987 360 2005; x_wconf 88' lang='lat' dir='ltr'><strong>ex</strong></span> <span class='ocrx_word' id='word_1_257' title='bbox 378 1981 502 2013; x_wconf 89' lang='lat' dir='ltr'><strong>utroque</strong></span> <span class='ocrx_word' id='word_1_258' title='bbox 519 1986 611 2005; x_wconf 89' lang='lat' dir='ltr'><strong>unum</strong></span> <span class='ocrx_word' id='word_1_259' title='bbox 629 1978 736 2004; x_wconf 77' lang='lat' dir='ltr'><strong>factum</strong></span> <span class='ocrx_word' id='word_1_260' title='bbox 754 1976 802 2010; x_wconf 77' lang='lat' dir='ltr'><strong>sit,</strong></span> <span class='ocrx_word' id='word_1_261' title='bbox 818 1984 875 2002; x_wconf 90' lang='lat' dir='ltr'><strong>non</strong></span> <span class='ocrx_word' id='word_1_262' title='bbox 888 1978 985 2002; x_wconf 88' lang='lat' dir='ltr'><strong>tamen</strong></span> 
     </span>
    </p>
   </div>
   <div class='ocr_carea' id='block_1_40' title="bbox 155 2023 563 2054">
    <p class='ocr_par' dir='ltr' id='par_1_40' title="bbox 155 2023 563 2054">
     <span class='ocr_line' id='line_1_40' title="bbox 155 2023 563 2054; baseline -0.002 -3"><span class='ocrx_word' id='word_1_263' title='bbox 155 2024 183 2051; x_wconf 90' lang='lat' dir='ltr'><strong>id</strong></span> <span class='ocrx_word' id='word_1_264' title='bbox 202 2028 314 2054; x_wconf 79' lang='lat' dir='ltr'><strong>natura,</strong></span> <span class='ocrx_word' id='word_1_265' title='bbox 335 2023 387 2051; x_wconf 85' lang='lat' dir='ltr'><strong>sed</strong></span> <span class='ocrx_word' id='word_1_266' title='bbox 404 2031 563 2051; x_wconf 85' lang='lat' dir='ltr'><strong>concursu.</strong></span> 
     </span>
    </p>
   </div>
   <div class='ocr_carea' id='block_1_41' title="bbox 189 2084 983 2123">
    <p class='ocr_par' dir='ltr' id='par_1_41' title="bbox 189 2084 983 2123">
     <span class='ocr_line' id='line_1_41' title="bbox 189 2084 983 2123; baseline -0.005 -9"><span class='ocrx_word' id='word_1_267' title='bbox 189 2088 215 2114; x_wconf 87' lang='grc'><strong>5.</strong></span> <span class='ocrx_word' id='word_1_268' title='bbox 236 2088 386 2123; x_wconf 85' lang='lat' dir='ltr'><strong>Ejusdem,</strong></span> <span class='ocrx_word' id='word_1_269' title='bbox 403 2095 437 2115; x_wconf 85' lang='lat' dir='ltr'><strong>ex</strong></span> <span class='ocrx_word' id='word_1_270' title='bbox 466 2087 597 2114; x_wconf 87' lang='lat' dir='ltr'><strong>oratione</strong></span> <span class='ocrx_word' id='word_1_271' title='bbox 624 2085 652 2112; x_wconf 89' lang='lat' dir='ltr'><strong>in</strong></span> <span class='ocrx_word' id='word_1_272' title='bbox 671 2085 809 2112; x_wconf 86' lang='lat' dir='ltr'><strong>Lumina:</strong></span> <span class='ocrx_word' id='word_1_273' title='bbox 841 2084 983 2111; x_wconf 84' lang='lat' dir='ltr'><strong>Honorem</strong></span> 
     </span>
    </p>
   </div>
   <div class='ocr_carea' id='block_1_42' title="bbox 161 2129 986 2167">
    <p class='ocr_par' dir='ltr' id='par_1_42' title="bbox 161 2129 986 2167">
     <span class='ocr_line' id='line_1_42' title="bbox 161 2129 986 2167; baseline -0.005 -8"><span class='ocrx_word' id='word_1_274' title='bbox 161 2132 239 2159; x_wconf 90' lang='lat' dir='ltr'><strong>enim</strong></span> <span class='ocrx_word' id='word_1_275' title='bbox 256 2132 370 2167; x_wconf 85' lang='lat' dir='ltr'><strong>corpori</strong></span> <span class='ocrx_word' id='word_1_276' title='bbox 388 2132 479 2159; x_wconf 77' lang='lat' dir='ltr'><strong>defert</strong></span> <span class='ocrx_word' id='word_1_277' title='bbox 498 2152 504 2164; x_wconf 93' lang='lat'><strong>,</strong></span> <span class='ocrx_word' id='word_1_278' title='bbox 521 2130 759 2166; x_wconf 79' lang='lat' dir='ltr'><strong>quandoquidem</strong></span> <span class='ocrx_word' id='word_1_279' title='bbox 791 2129 844 2156; x_wconf 89' lang='lat' dir='ltr'><strong>hoc</strong></span> <span class='ocrx_word' id='word_1_280' title='bbox 869 2137 986 2164; x_wconf 78' lang='lat' dir='ltr'><strong>quoque</strong></span> 
     </span>
    </p>
   </div>
   <div class='ocr_carea' id='block_1_43' title="bbox 159 2176 502 2204">
    <p class='ocr_par' dir='ltr' id='par_1_43' title="bbox 159 2176 502 2204">
     <span class='ocr_line' id='line_1_43' title="bbox 159 2176 502 2204; baseline -0.003 0"><span class='ocrx_word' id='word_1_281' title='bbox 159 2176 342 2204; x_wconf 85' lang='lat' dir='ltr'><strong>deiﬁcatione</strong></span> <span class='ocrx_word' id='word_1_282' title='bbox 356 2179 433 2204; x_wconf 85' lang='lat' dir='ltr'><strong>Deus</strong></span> <span class='ocrx_word' id='word_1_283' title='bbox 449 2178 502 2204; x_wconf 85' lang='lat' dir='ltr'><strong>est.</strong></span> 
     </span>
    </p>
   </div>
   <div class='ocr_carea' id='block_1_44' title="bbox 191 2236 985 2273">
    <p class='ocr_par' dir='ltr' id='par_1_44' title="bbox 191 2236 985 2273">
     <span class='ocr_line' id='line_1_44' title="bbox 191 2236 985 2273; baseline -0.004 -8"><span class='ocrx_word' id='word_1_284' title='bbox 191 2239 219 2265; x_wconf 87' lang='lat'><strong>6.</strong></span> <span class='ocrx_word' id='word_1_285' title='bbox 238 2238 435 2273; x_wconf 81' lang='lat' dir='ltr'><strong>Ejusdem,ex</strong></span> <span class='ocrx_word' id='word_1_286' title='bbox 464 2238 595 2265; x_wconf 84' lang='lat' dir='ltr'><strong>oratione</strong></span> <span class='ocrx_word' id='word_1_287' title='bbox 610 2237 739 2264; x_wconf 87' lang='lat' dir='ltr'><strong>secunda</strong></span> <span class='ocrx_word' id='word_1_288' title='bbox 768 2237 803 2264; x_wconf 90' lang='lat' dir='ltr'><strong>de</strong></span> <span class='ocrx_word' id='word_1_289' title='bbox 832 2236 985 2263; x_wconf 81' lang='lat' dir='ltr'><strong>Paschate.</strong></span> 
     </span>
    </p>
   </div>
   <div class='ocr_carea' id='block_1_45' title="bbox 161 2281 990 2319">
    <p class='ocr_par' dir='ltr' id='par_1_45' title="bbox 161 2281 990 2319">
     <span class='ocr_line' id='line_1_45' title="bbox 161 2281 990 2319; baseline -0.004 -9"><span class='ocrx_word' id='word_1_290' title='bbox 161 2284 195 2310; x_wconf 88' lang='lat' dir='ltr'><strong>Et</strong></span> <span class='ocrx_word' id='word_1_291' title='bbox 209 2291 260 2319; x_wconf 88' lang='lat' dir='ltr'><strong>per</strong></span> <span class='ocrx_word' id='word_1_292' title='bbox 275 2283 521 2318; x_wconf 84' lang='lat' dir='ltr'><strong>assumptionem,</strong></span> <span class='ocrx_word' id='word_1_293' title='bbox 539 2289 626 2317; x_wconf 89' lang='lat' dir='ltr'><strong>quam</strong></span> <span class='ocrx_word' id='word_1_294' title='bbox 645 2281 783 2308; x_wconf 80' lang='lat' dir='ltr'><strong>divinitas</strong></span> <span class='ocrx_word' id='word_1_295' title='bbox 803 2281 894 2313; x_wconf 89' lang='lat' dir='ltr'><strong>unxit,</strong></span> <span class='ocrx_word' id='word_1_296' title='bbox 912 2288 990 2315; x_wconf 69' lang='lat' dir='ltr'><strong>quae-</strong></span> 
     </span>
    </p>
   </div>
   <div class='ocr_carea' id='block_1_46' title="bbox 156 2324 986 2363">
    <p class='ocr_par' dir='ltr' id='par_1_46' title="bbox 156 2324 986 2363">
     <span class='ocr_line' id='line_1_46' title="bbox 156 2324 986 2363; baseline -0.006 -7"><span class='ocrx_word' id='word_1_297' title='bbox 156 2336 213 2363; x_wconf 84' lang='lat' dir='ltr'><strong>quc</strong></span> <span class='ocrx_word' id='word_1_298' title='bbox 229 2328 330 2356; x_wconf 88' lang='lat' dir='ltr'><strong>eadem</strong></span> <span class='ocrx_word' id='word_1_299' title='bbox 355 2335 421 2355; x_wconf 90' lang='lat' dir='ltr'><strong>cum</strong></span> <span class='ocrx_word' id='word_1_300' title='bbox 455 2329 592 2363; x_wconf 79' lang='lat' dir='ltr'><strong>ungente,</strong></span> <span class='ocrx_word' id='word_1_301' title='bbox 610 2328 698 2361; x_wconf 83' lang='lat' dir='ltr'><strong>atque</strong></span> <span class='ocrx_word' id='word_1_302' title='bbox 727 2326 834 2361; x_wconf 80' lang='lat' dir='ltr'><strong>(ausim</strong></span> <span class='ocrx_word' id='word_1_303' title='bbox 851 2326 927 2352; x_wconf 91' lang='lat' dir='ltr'><strong>enim</strong></span> <span class='ocrx_word' id='word_1_304' title='bbox 945 2324 986 2352; x_wconf 82' lang='lat' dir='ltr'><strong>di-</strong></span> 
     </span>
    </p>
   </div>
   <div class='ocr_carea' id='block_1_47' title="bbox 156 2371 568 2408">
    <p class='ocr_par' dir='ltr' id='par_1_47' title="bbox 156 2371 568 2408">
     <span class='ocr_line' id='line_1_47' title="bbox 156 2371 568 2408; baseline -0.007 -7"><span class='ocrx_word' id='word_1_305' title='bbox 156 2373 232 2408; x_wconf 84' lang='lat' dir='ltr'><strong>cere)</strong></span> <span class='ocrx_word' id='word_1_306' title='bbox 250 2372 309 2401; x_wconf 90' lang='lat' dir='ltr'><strong>Deo</strong></span> <span class='ocrx_word' id='word_1_307' title='bbox 325 2372 446 2408; x_wconf 73' lang='lat' dir='ltr'><strong>aequalis</strong></span> <span class='ocrx_word' id='word_1_308' title='bbox 462 2371 568 2399; x_wconf 88' lang='lat' dir='ltr'><strong>evadit.</strong></span> 
     </span>
    </p>
   </div>
   <div class='ocr_carea' id='block_1_48' title="bbox 190 2432 987 2471">
    <p class='ocr_par' dir='ltr' id='par_1_48' title="bbox 190 2432 987 2471">
     <span class='ocr_line' id='line_1_48' title="bbox 190 2432 987 2471; baseline -0.004 -9"><span class='ocrx_word' id='word_1_309' title='bbox 190 2436 219 2463; x_wconf 88' lang='lat'><strong>7.</strong></span> <span class='ocrx_word' id='word_1_310' title='bbox 236 2436 389 2471; x_wconf 83' lang='lat' dir='ltr'><strong>Ejusdem,</strong></span> <span class='ocrx_word' id='word_1_311' title='bbox 404 2444 438 2463; x_wconf 88' lang='lat' dir='ltr'><strong>ex</strong></span> <span class='ocrx_word' id='word_1_312' title='bbox 461 2435 593 2462; x_wconf 87' lang='lat' dir='ltr'><strong>oratione</strong></span> <span class='ocrx_word' id='word_1_313' title='bbox 619 2434 654 2462; x_wconf 90' lang='lat' dir='ltr'><strong>ab</strong></span> <span class='ocrx_word' id='word_1_314' title='bbox 681 2432 862 2468; x_wconf 85' lang='lat' dir='ltr'><strong>baptismum</strong></span> <span class='ocrx_word' id='word_1_315' title='bbox 886 2432 987 2460; x_wconf 83' lang='lat' dir='ltr'><strong>exhor-</strong></span> 
     </span>
    </p>
   </div>
   <div class='ocr_carea' id='block_1_49' title="bbox 155 2478 986 2511">
    <p class='ocr_par' dir='ltr' id='par_1_49' title="bbox 155 2478 986 2511">
     <span class='ocr_line' id='line_1_49' title="bbox 155 2478 986 2511; baseline -0.005 -3"><span class='ocrx_word' id='word_1_316' title='bbox 155 2480 271 2509; x_wconf 85' lang='lat' dir='ltr'><strong>tatoria.</strong></span> <span class='ocrx_word' id='word_1_317' title='bbox 313 2480 453 2508; x_wconf 84' lang='lat' dir='ltr'><strong>Eumdem</strong></span> <span class='ocrx_word' id='word_1_318' title='bbox 493 2481 586 2507; x_wconf 88' lang='lat' dir='ltr'><strong>totum</strong></span> <span class='ocrx_word' id='word_1_319' title='bbox 624 2478 787 2511; x_wconf 88' lang='lat' dir='ltr'><strong>hominem,</strong></span> <span class='ocrx_word' id='word_1_320' title='bbox 826 2479 854 2505; x_wconf 89' lang='lat' dir='ltr'><strong>et</strong></span> <span class='ocrx_word' id='word_1_321' title='bbox 893 2479 986 2504; x_wconf 89' lang='lat' dir='ltr'><strong>totum</strong></span> 
     </span>
    </p>
   </div>
   <div class='ocr_carea' id='block_1_50' title="bbox 156 2522 987 2560">
    <p class='ocr_par' dir='ltr' id='par_1_50' title="bbox 156 2522 987 2560">
     <span class='ocr_line' id='line_1_50' title="bbox 156 2522 987 2560; baseline -0.006 -7"><span class='ocrx_word' id='word_1_322' title='bbox 156 2526 259 2559; x_wconf 89' lang='lat' dir='ltr'><strong>Deum,</strong></span> <span class='ocrx_word' id='word_1_323' title='bbox 287 2533 338 2560; x_wconf 90' lang='lat' dir='ltr'><strong>pro</strong></span> <span class='ocrx_word' id='word_1_324' title='bbox 369 2526 428 2552; x_wconf 91' lang='lat' dir='ltr'><strong>toto</strong></span> <span class='ocrx_word' id='word_1_325' title='bbox 444 2533 488 2558; x_wconf 91' lang='lat' dir='ltr'><strong>eo,</strong></span> <span class='ocrx_word' id='word_1_326' title='bbox 513 2524 563 2559; x_wconf 91' lang='lat' dir='ltr'><strong>qui</strong></span> <span class='ocrx_word' id='word_1_327' title='bbox 591 2531 697 2559; x_wconf 81' lang='lat' dir='ltr'><strong>passus</strong></span> <span class='ocrx_word' id='word_1_328' title='bbox 713 2524 767 2554; x_wconf 85' lang='lat' dir='ltr'><strong>est,</strong></span> <span class='ocrx_word' id='word_1_329' title='bbox 786 2524 819 2549; x_wconf 87' lang='lat' dir='ltr'><strong>ut</strong></span> <span class='ocrx_word' id='word_1_330' title='bbox 850 2522 904 2549; x_wconf 89' lang='lat' dir='ltr'><strong>toti</strong></span> <span class='ocrx_word' id='word_1_331' title='bbox 935 2522 987 2549; x_wconf 88' lang='lat' dir='ltr'><strong>tibi</strong></span> 
     </span>
    </p>
   </div>
   <div class='ocr_carea' id='block_1_51' title="bbox 159 2567 987 2605">
    <p class='ocr_par' dir='ltr' id='par_1_51' title="bbox 159 2567 987 2605">
     <span class='ocr_line' id='line_1_51' title="bbox 159 2567 987 2605; baseline -0.005 -8"><span class='ocrx_word' id='word_1_332' title='bbox 159 2568 284 2597; x_wconf 80' lang='lat' dir='ltr'><strong>salutem</strong></span> <span class='ocrx_word' id='word_1_333' title='bbox 297 2569 448 2605; x_wconf 83' lang='lat' dir='ltr'><strong>largiatur,</strong></span> <span class='ocrx_word' id='word_1_334' title='bbox 461 2568 564 2604; x_wconf 87' lang='lat' dir='ltr'><strong>[totam</strong></span> <span class='ocrx_word' id='word_1_335' title='bbox 580 2568 693 2604; x_wconf 88' lang='lat' dir='ltr'><strong>peccati</strong></span> <span class='ocrx_word' id='word_1_336' title='bbox 717 2567 833 2595; x_wconf 87' lang='lat' dir='ltr'><strong>solvens</strong></span> <span class='ocrx_word' id='word_1_337' title='bbox 849 2567 987 2594; x_wconf 78' lang='lat' dir='ltr'><strong>condom-</strong></span> 
     </span>
    </p>
   </div>
   <div class='ocr_carea' id='block_1_52' title="bbox 162 2613 336 2650">
    <p class='ocr_par' dir='ltr' id='par_1_52' title="bbox 162 2613 336 2650">
     <span class='ocr_line' id='line_1_52' title="bbox 162 2613 336 2650; baseline -0.006 -8"><span class='ocrx_word' id='word_1_338' title='bbox 162 2613 336 2650; x_wconf 70' lang='lat' dir='ltr'><strong>nationem]</strong></span> 
     </span>
    </p>
   </div>
   <div class='ocr_carea' id='block_1_53' title="bbox 191 2665 989 2704">
    <p class='ocr_par' dir='ltr' id='par_1_53' title="bbox 191 2665 989 2704">
     <span class='ocr_line' id='line_1_53' title="bbox 191 2665 989 2704; baseline -0.004 -9"><span class='ocrx_word' id='word_1_339' title='bbox 191 2668 218 2695; x_wconf 90' lang='lat'><strong><em>8.</em></strong></span> <span class='ocrx_word' id='word_1_340' title='bbox 235 2667 381 2704; x_wconf 85' lang='lat' dir='ltr'><strong>Ejusdem,</strong></span> <span class='ocrx_word' id='word_1_341' title='bbox 394 2668 429 2695; x_wconf 77' lang='lat' dir='ltr'><strong>ex</strong></span> <span class='ocrx_word' id='word_1_342' title='bbox 457 2666 557 2694; x_wconf 86' lang='lat' dir='ltr'><strong>eadem</strong></span> <span class='ocrx_word' id='word_1_343' title='bbox 584 2667 723 2694; x_wconf 76' lang='lat' dir='ltr'><strong>oratione.</strong></span> <span class='ocrx_word' id='word_1_344' title='bbox 754 2666 880 2694; x_wconf 71' lang='lat' dir='ltr'><strong>Tantum</strong></span> <span class='ocrx_word' id='word_1_345' title='bbox 901 2665 989 2693; x_wconf 90' lang='lat' dir='ltr'><strong>homo</strong></span> 
     </span>
    </p>
   </div>
   <div class='ocr_carea' id='block_1_54' title="bbox 157 2709 829 2748">
    <p class='ocr_par' dir='ltr' id='par_1_54' title="bbox 157 2709 829 2748">
     <span class='ocr_line' id='line_1_54' title="bbox 157 2709 829 2748; baseline -0.004 -8"><span class='ocrx_word' id='word_1_346' title='bbox 157 2715 280 2748; x_wconf 86' lang='lat' dir='ltr'><strong>propter</strong></span> <span class='ocrx_word' id='word_1_347' title='bbox 295 2714 334 2747; x_wconf 85' lang='lat' dir='ltr'><strong>te,</strong></span> <span class='ocrx_word' id='word_1_348' title='bbox 352 2719 440 2747; x_wconf 84' lang='lat' dir='ltr'><strong>quam</strong></span> <span class='ocrx_word' id='word_1_349' title='bbox 457 2713 489 2739; x_wconf 91' lang='lat' dir='ltr'><strong>tu</strong></span> <span class='ocrx_word' id='word_1_350' title='bbox 506 2713 625 2746; x_wconf 87' lang='lat' dir='ltr'><strong>propter</strong></span> <span class='ocrx_word' id='word_1_351' title='bbox 640 2710 724 2738; x_wconf 91' lang='lat' dir='ltr'><strong>illum</strong></span> <span class='ocrx_word' id='word_1_352' title='bbox 740 2709 829 2738; x_wconf 86' lang='lat' dir='ltr'><strong>Deus.</strong></span> 
     </span>
    </p>
   </div>
   <div class='ocr_carea' id='block_1_55' title="bbox 195 2800 579 2838">
    <p class='ocr_par' dir='ltr' id='par_1_55' title="bbox 195 2800 579 2838">
     <span class='ocr_line' id='line_1_55' title="bbox 195 2800 579 2838; baseline -0.008 -8"><span class='ocrx_word' id='word_1_353' title='bbox 195 2801 250 2838; x_wconf 55' lang='lat' dir='ltr'><strong>(se)</strong></span> <span class='ocrx_word' id='word_1_354' title='bbox 265 2800 340 2838; x_wconf 69' lang='lat' dir='ltr'><strong>Vide</strong></span> <span class='ocrx_word' id='word_1_355' title='bbox 357 2801 428 2838; x_wconf 73' lang='lat' dir='ltr'><strong>ibid,</strong></span> <span class='ocrx_word' id='word_1_356' title='bbox 444 2801 498 2830; x_wconf 87' lang='lat' dir='ltr'><strong>col.</strong></span> <span class='ocrx_word' id='word_1_357' title='bbox 515 2800 579 2838; x_wconf 78' lang='lat'><strong>333.</strong></span> 
     </span>
    </p>
   </div>
   <div class='ocr_carea' id='block_1_56' title="bbox 192 2835 538 2877">
    <p class='ocr_par' dir='ltr' id='par_1_56' title="bbox 192 2835 538 2877">
     <span class='ocr_line' id='line_1_56' title="bbox 192 2835 538 2877; baseline 0.009 -14"><span class='ocrx_word' id='word_1_358' title='bbox 192 2835 246 2872; x_wconf 82' lang='lat'><strong>(33)</strong></span> <span class='ocrx_word' id='word_1_359' title='bbox 263 2836 336 2864; x_wconf 79' lang='lat' dir='ltr'><strong>Ibid.</strong></span> <span class='ocrx_word' id='word_1_360' title='bbox 353 2837 407 2865; x_wconf 88' lang='lat' dir='ltr'><strong>col.</strong></span> <span class='ocrx_word' id='word_1_361' title='bbox 423 2835 485 2866; x_wconf 65' lang='lat' dir='ltr'><strong>tos.</strong></span> <span class='ocrx_word' id='word_1_362' title='bbox 515 2835 538 2877; x_wconf 52' lang='lat'><strong>‘,</strong></span> 
     </span>
    </p>
   </div>
   <div class='ocr_carea' id='block_1_57' title="bbox 828 171 1219 204">
    <p class='ocr_par' dir='ltr' id='par_1_57' title="bbox 828 171 1219 204">
     <span class='ocr_line' id='line_1_57' title="bbox 828 171 1219 204; baseline -0.01 0"><span class='ocrx_word' id='word_1_363' title='bbox 828 172 987 204; x_wconf 67' lang='lat' dir='ltr'><strong>NICETIE</strong></span> <span class='ocrx_word' id='word_1_364' title='bbox 1008 171 1219 202; x_wconf 68' lang='lat' dir='ltr'><strong>CHONIATIE</strong></span> 
     </span>
    </p>
   </div>
   <div class='ocr_carea' id='block_1_58' title="bbox 169 240 1038 284">
    <p class='ocr_par' dir='ltr' id='par_1_58' title="bbox 169 240 1038 284">
     <span class='ocr_line' id='line_1_58' title="bbox 169 240 1038 284; baseline -0.013 -7"><span class='ocrx_word' id='word_1_365' title='bbox 169 249 307 284; x_wconf 86' lang='lat' dir='ltr'><strong>denique,</strong></span> <span class='ocrx_word' id='word_1_366' title='bbox 326 248 444 283; x_wconf 86' lang='lat' dir='ltr'><strong>peccato</strong></span> <span class='ocrx_word' id='word_1_367' title='bbox 461 248 558 273; x_wconf 85' lang='lat' dir='ltr'><strong>tamen</strong></span> <span class='ocrx_word' id='word_1_368' title='bbox 574 245 702 280; x_wconf 84' lang='lat' dir='ltr'><strong>excepto,</strong></span> <span class='ocrx_word' id='word_1_369' title='bbox 719 242 751 270; x_wconf 88' lang='lat' dir='ltr'><strong>ﬁt</strong></span> <span class='ocrx_word' id='word_1_370' title='bbox 767 241 864 270; x_wconf 88' lang='lat' dir='ltr'><strong>homo.</strong></span> <span class='ocrx_word' id='word_1_371' title='bbox 882 240 920 268; x_wconf 83' lang='lat' dir='ltr'><strong>Ex</strong></span> <span class='ocrx_word' id='word_1_372' title='bbox 937 240 1000 283; x_wconf 32' lang='lat' dir='ltr'><strong>Vir-l</strong></span> <span class='ocrx_word' id='word_1_373' title='bbox 1011 241 1038 274; x_wconf 73' lang='grc' dir='ltr'>Α</span> 
     </span>
    </p>
   </div>
   <div class='ocr_carea' id='block_1_59' title="bbox 1007 927 1030 957">
    <p class='ocr_par' dir='ltr' id='par_1_59' title="bbox 1007 927 1030 957">
     <span class='ocr_line' id='line_1_59' title="bbox 1007 927 1030 957; baseline 0 0"><span class='ocrx_word' id='word_1_374' title='bbox 1007 927 1030 957; x_wconf 87' lang='grc' dir='ltr'><strong>Β</strong></span> 
     </span>
    </p>
   </div>
   <div class='ocr_carea' id='block_1_60' title="bbox 1004 1602 1024 1633">
    <p class='ocr_par' dir='ltr' id='par_1_60' title="bbox 1004 1602 1024 1633">
     <span class='ocr_line' id='line_1_60' title="bbox 1004 1602 1024 1633; baseline 0 0"><span class='ocrx_word' id='word_1_375' title='bbox 1004 1602 1024 1633; x_wconf 84' lang='lat' dir='ltr'>C</span> 
     </span>
    </p>
   </div>
   <div class='ocr_carea' id='block_1_61' title="bbox 1797 167 1888 197">
    <p class='ocr_par' dir='ltr' id='par_1_61' title="bbox 1797 167 1888 197">
     <span class='ocr_line' id='line_1_61' title="bbox 1797 167 1888 197; baseline -0.022 0"><span class='ocrx_word' id='word_1_376' title='bbox 1797 167 1888 197; x_wconf 67' lang='grc'><strong>1224</strong></span> 
     </span>
    </p>
   </div>
   <div class='ocr_carea' id='block_1_62' title="bbox 1369 238 1558 266">
    <p class='ocr_par' dir='ltr' id='par_1_62' title="bbox 1369 238 1558 266">
     <span class='ocr_line' id='line_1_62' title="bbox 1369 238 1558 266; baseline -0.005 0"><span class='ocrx_word' id='word_1_377' title='bbox 1369 241 1445 266; x_wconf 82' lang='lat' dir='ltr'><strong>CAP.</strong></span> <span class='ocrx_word' id='word_1_378' title='bbox 1468 238 1558 266; x_wconf 79' lang='lat' dir='ltr'><strong>XXX.</strong></span> 
     </span>
    </p>
   </div>
   <div class='ocr_carea' id='block_1_63' title="bbox 1050 308 1886 347">
    <p class='ocr_par' dir='ltr' id='par_1_63' title="bbox 1050 308 1886 347">
     <span class='ocr_line' id='line_1_63' title="bbox 1050 308 1886 347; baseline -0.005 -8"><span class='ocrx_word' id='word_1_379' title='bbox 1050 311 1175 347; x_wconf 72' lang='lat' dir='ltr'><strong>Nysseni,</strong></span> <span class='ocrx_word' id='word_1_380' title='bbox 1188 311 1221 338; x_wconf 85' lang='lat' dir='ltr'><strong>de</strong></span> <span class='ocrx_word' id='word_1_381' title='bbox 1234 311 1330 338; x_wconf 76' lang='lat' dir='ltr'><strong>divina</strong></span> <span class='ocrx_word' id='word_1_382' title='bbox 1345 310 1550 347; x_wconf 63' lang='lat' dir='ltr'><strong>incarnatione,</strong></span> <span class='ocrx_word' id='word_1_383' title='bbox 1561 317 1596 336; x_wconf 77' lang='lat' dir='ltr'><strong>ea:</strong></span> <span class='ocrx_word' id='word_1_384' title='bbox 1603 309 1730 336; x_wconf 76' lang='lat' dir='ltr'><strong>oratione</strong></span> <span class='ocrx_word' id='word_1_385' title='bbox 1746 308 1886 347; x_wconf 66' lang='lat' dir='ltr'><strong>Cateche-</strong></span> 
     </span>
    </p>
   </div>
   <div class='ocr_carea' id='block_1_64' title="bbox 1085 344 1883 379">
    <p class='ocr_par' dir='ltr' id='par_1_64' title="bbox 1085 344 1883 379">
     <span class='ocr_line' id='line_1_64' title="bbox 1085 344 1883 379; baseline -0.005 -5"><span class='ocrx_word' id='word_1_386' title='bbox 1085 347 1150 374; x_wconf 80' lang='lat' dir='ltr'><strong>(ica.</strong></span> <span class='ocrx_word' id='word_1_387' title='bbox 1170 344 1343 374; x_wconf 76' lang='lat' dir='ltr'><strong>Divinilutis</strong></span> <span class='ocrx_word' id='word_1_388' title='bbox 1362 351 1387 374; x_wconf 79' lang='lat' dir='ltr'><strong>et</strong></span> <span class='ocrx_word' id='word_1_389' title='bbox 1403 346 1584 373; x_wconf 79' lang='lat' dir='ltr'><strong>humanitatis</strong></span> <span class='ocrx_word' id='word_1_390' title='bbox 1598 353 1661 372; x_wconf 84' lang='lat' dir='ltr'><strong>cum</strong></span> <span class='ocrx_word' id='word_1_391' title='bbox 1672 352 1734 378; x_wconf 72' lang='lat' dir='ltr'><strong>igne</strong></span> <span class='ocrx_word' id='word_1_392' title='bbox 1748 349 1774 371; x_wconf 83' lang='lat' dir='ltr'><strong>et</strong></span> <span class='ocrx_word' id='word_1_393' title='bbox 1785 344 1883 379; x_wconf 82' lang='lat' dir='ltr'><strong>elych-</strong></span> 
     </span>
    </p>
   </div>
   <div class='ocr_carea' id='block_1_65' title="bbox 1084 380 1817 418">
    <p class='ocr_par' dir='ltr' id='par_1_65' title="bbox 1084 380 1817 418">
     <span class='ocr_line' id='line_1_65' title="bbox 1084 380 1817 418; baseline -0.004 -8"><span class='ocrx_word' id='word_1_394' title='bbox 1084 384 1142 417; x_wconf 81' lang='lat' dir='ltr'><strong>nio,</strong></span> <span class='ocrx_word' id='word_1_395' title='bbox 1160 384 1277 418; x_wconf 78' lang='lat' dir='ltr'><strong>itemque</strong></span> <span class='ocrx_word' id='word_1_396' title='bbox 1291 391 1355 410; x_wconf 85' lang='lat' dir='ltr'><strong>cum</strong></span> <span class='ocrx_word' id='word_1_397' title='bbox 1375 391 1458 410; x_wconf 78' lang='lat' dir='ltr'><strong>carne</strong></span> <span class='ocrx_word' id='word_1_398' title='bbox 1473 383 1499 409; x_wconf 81' lang='lat' dir='ltr'><strong>et</strong></span> <span class='ocrx_word' id='word_1_399' title='bbox 1513 383 1606 409; x_wconf 76' lang='lat' dir='ltr'><strong>animo</strong></span> <span class='ocrx_word' id='word_1_400' title='bbox 1619 380 1733 408; x_wconf 70' lang='lat' dir='ltr'><strong>(ollatto</strong></span> <span class='ocrx_word' id='word_1_401' title='bbox 1748 380 1817 415; x_wconf 74' lang='grc'><strong>(34).</strong></span> 
     </span>
    </p>
   </div>
   <div class='ocr_carea' id='block_1_66' title="bbox 1085 451 1882 487">
    <p class='ocr_par' dir='ltr' id='par_1_66' title="bbox 1085 451 1882 487">
     <span class='ocr_line' id='line_1_66' title="bbox 1085 451 1882 487; baseline -0.004 -6"><span class='ocrx_word' id='word_1_402' title='bbox 1085 454 1338 487; x_wconf 81' lang='lat' dir='ltr'><strong>Quemadmodum</strong></span> <span class='ocrx_word' id='word_1_403' title='bbox 1355 454 1434 481; x_wconf 84' lang='lat' dir='ltr'><strong>enim</strong></span> <span class='ocrx_word' id='word_1_404' title='bbox 1451 453 1479 479; x_wconf 92' lang='lat' dir='ltr'><strong>in</strong></span> <span class='ocrx_word' id='word_1_405' title='bbox 1505 452 1623 479; x_wconf 87' lang='lat' dir='ltr'><strong>lucerna</strong></span> <span class='ocrx_word' id='word_1_406' title='bbox 1646 451 1799 479; x_wconf 81' lang='lat' dir='ltr'><strong>materiam</strong></span> <span class='ocrx_word' id='word_1_407' title='bbox 1818 452 1863 478; x_wconf 92' lang='lat' dir='ltr'><strong>cir</strong></span> <span class='ocrx_word' id='word_1_408' title='bbox 1876 467 1882 471; x_wconf 86' lang='lat'><strong><em>-</em></strong></span> 
     </span>
    </p>
   </div>
   <div class='ocr_carea' id='block_1_67' title="bbox 1048 496 1881 534">
    <p class='ocr_par' dir='ltr' id='par_1_67' title="bbox 1048 496 1881 534">
     <span class='ocr_line' id='line_1_67' title="bbox 1048 496 1881 534; baseline -0.004 -9"><span class='ocrx_word' id='word_1_409' title='bbox 1048 498 1232 534; x_wconf 87' lang='lat' dir='ltr'><strong>cumplexum</strong></span> <span class='ocrx_word' id='word_1_410' title='bbox 1250 498 1348 533; x_wconf 82' lang='lat' dir='ltr'><strong>ignem</strong></span> <span class='ocrx_word' id='word_1_411' title='bbox 1364 497 1534 533; x_wconf 79' lang='lat' dir='ltr'><strong>aspicimus,</strong></span> <span class='ocrx_word' id='word_1_412' title='bbox 1565 504 1690 531; x_wconf 82' lang='lat' dir='ltr'><strong>eumque</strong></span> <span class='ocrx_word' id='word_1_413' title='bbox 1707 505 1722 523; x_wconf 70' lang='lat' dir='ltr'><strong>tt</strong></span> <span class='ocrx_word' id='word_1_414' title='bbox 1739 496 1881 529; x_wconf 76' lang='lat' dir='ltr'><strong>materia,</strong></span> 
     </span>
    </p>
   </div>
   <div class='ocr_carea' id='block_1_68' title="bbox 1048 540 1881 578">
    <p class='ocr_par' dir='ltr' id='par_1_68' title="bbox 1048 540 1881 578">
     <span class='ocr_line' id='line_1_68' title="bbox 1048 540 1881 578; baseline -0.004 -8"><span class='ocrx_word' id='word_1_415' title='bbox 1048 551 1111 578; x_wconf 62' lang='lat' dir='ltr'><strong>quae</strong></span> <span class='ocrx_word' id='word_1_416' title='bbox 1143 543 1238 577; x_wconf 90' lang='lat' dir='ltr'><strong>ipsum</strong></span> <span class='ocrx_word' id='word_1_417' title='bbox 1268 541 1398 577; x_wconf 83' lang='lat' dir='ltr'><strong>attingit,</strong></span> <span class='ocrx_word' id='word_1_418' title='bbox 1430 542 1542 569; x_wconf 84' lang='lat' dir='ltr'><strong>ratione</strong></span> <span class='ocrx_word' id='word_1_419' title='bbox 1572 540 1794 576; x_wconf 77' lang='lat' dir='ltr'><strong>distinguimus,</strong></span> <span class='ocrx_word' id='word_1_420' title='bbox 1813 549 1881 575; x_wconf 67' lang='lat' dir='ltr'><strong>qua:</strong></span> 
     </span>
    </p>
   </div>
   <div class='ocr_carea' id='block_1_69' title="bbox 1048 585 1883 621">
    <p class='ocr_par' dir='ltr' id='par_1_69' title="bbox 1048 585 1883 621">
     <span class='ocr_line' id='line_1_69' title="bbox 1048 585 1883 621; baseline -0.002 -7"><span class='ocrx_word' id='word_1_421' title='bbox 1048 589 1144 614; x_wconf 82' lang='lat' dir='ltr'><strong>tamen</strong></span> <span class='ocrx_word' id='word_1_422' title='bbox 1163 586 1258 621; x_wconf 88' lang='lat' dir='ltr'><strong>reipsa</strong></span> <span class='ocrx_word' id='word_1_423' title='bbox 1279 586 1419 621; x_wconf 77' lang='lat' dir='ltr'><strong>distingui</strong></span> <span class='ocrx_word' id='word_1_424' title='bbox 1450 594 1507 613; x_wconf 89' lang='lat' dir='ltr'><strong>non</strong></span> <span class='ocrx_word' id='word_1_425' title='bbox 1538 588 1674 621; x_wconf 85' lang='lat' dir='ltr'><strong>possunt,</strong></span> <span class='ocrx_word' id='word_1_426' title='bbox 1696 587 1727 611; x_wconf 85' lang='lat' dir='ltr'><strong>ut</strong></span> <span class='ocrx_word' id='word_1_427' title='bbox 1756 585 1883 612; x_wconf 82' lang='lat' dir='ltr'><strong>ﬂamma</strong></span> 
     </span>
    </p>
   </div>
   <div class='ocr_carea' id='block_1_70' title="bbox 1048 629 1883 666">
    <p class='ocr_par' dir='ltr' id='par_1_70' title="bbox 1048 629 1883 666">
     <span class='ocr_line' id='line_1_70' title="bbox 1048 629 1883 666; baseline -0.002 -8"><span class='ocrx_word' id='word_1_428' title='bbox 1048 640 1099 666; x_wconf 91' lang='lat' dir='ltr'><strong>per</strong></span> <span class='ocrx_word' id='word_1_429' title='bbox 1114 639 1144 658; x_wconf 82' lang='lat' dir='ltr'><strong>se</strong></span> <span class='ocrx_word' id='word_1_430' title='bbox 1160 640 1176 658; x_wconf 88' lang='lat' dir='ltr'><strong>a</strong></span> <span class='ocrx_word' id='word_1_431' title='bbox 1193 631 1312 658; x_wconf 71' lang='lat' dir='ltr'><strong>materia</strong></span> <span class='ocrx_word' id='word_1_432' title='bbox 1329 632 1463 665; x_wconf 76' lang='lat' dir='ltr'><strong>sejuncta</strong></span> <span class='ocrx_word' id='word_1_433' title='bbox 1485 630 1667 661; x_wconf 83' lang='lat' dir='ltr'><strong>ostendatur,</strong></span> <span class='ocrx_word' id='word_1_434' title='bbox 1685 629 1733 656; x_wconf 75' lang='lat' dir='ltr'><strong>sed</strong></span> <span class='ocrx_word' id='word_1_435' title='bbox 1753 631 1883 664; x_wconf 80' lang='lat' dir='ltr'><strong>utraque</strong></span> 
     </span>
    </p>
   </div>
   <div class='ocr_carea' id='block_1_71' title="bbox 1050 673 1883 711">
    <p class='ocr_par' dir='ltr' id='par_1_71' title="bbox 1050 673 1883 711">
     <span class='ocr_line' id='line_1_71' title="bbox 1050 673 1883 711; baseline -0.004 -8"><span class='ocrx_word' id='word_1_436' title='bbox 1050 684 1139 703; x_wconf 88' lang='lat' dir='ltr'><strong>unum</strong></span> <span class='ocrx_word' id='word_1_437' title='bbox 1170 678 1214 703; x_wconf 88' lang='lat' dir='ltr'><strong>est</strong></span> <span class='ocrx_word' id='word_1_438' title='bbox 1239 675 1350 711; x_wconf 81' lang='lat' dir='ltr'><strong>(nullus</strong></span> <span class='ocrx_word' id='word_1_439' title='bbox 1380 678 1475 702; x_wconf 73' lang='lat' dir='ltr'><strong>autem</strong></span> <span class='ocrx_word' id='word_1_440' title='bbox 1505 675 1532 701; x_wconf 90' lang='lat' dir='ltr'><strong>id</strong></span> <span class='ocrx_word' id='word_1_441' title='bbox 1564 674 1637 701; x_wconf 89' lang='lat' dir='ltr'><strong>mihi</strong></span> <span class='ocrx_word' id='word_1_442' title='bbox 1661 675 1759 701; x_wconf 83' lang='lat' dir='ltr'><strong>sumat</strong></span> <span class='ocrx_word' id='word_1_443' title='bbox 1776 673 1804 700; x_wconf 89' lang='lat' dir='ltr'><strong>in</strong></span> <span class='ocrx_word' id='word_1_444' title='bbox 1823 674 1883 701; x_wconf 88' lang='lat' dir='ltr'><strong>hoc</strong></span> 
     </span>
    </p>
   </div>
   <div class='ocr_carea' id='block_1_72' title="bbox 1047 718 1880 757">
    <p class='ocr_par' dir='ltr' id='par_1_72' title="bbox 1047 718 1880 757">
     <span class='ocr_line' id='line_1_72' title="bbox 1047 718 1880 757; baseline -0.002 -10"><span class='ocrx_word' id='word_1_445' title='bbox 1047 720 1186 757; x_wconf 85' lang='lat' dir='ltr'><strong>exemplo,</strong></span> <span class='ocrx_word' id='word_1_446' title='bbox 1204 721 1281 756; x_wconf 86' lang='lat' dir='ltr'><strong>quod</strong></span> <span class='ocrx_word' id='word_1_447' title='bbox 1312 720 1389 755; x_wconf 84' lang='lat' dir='ltr'><strong>ignis</strong></span> <span class='ocrx_word' id='word_1_448' title='bbox 1419 722 1635 754; x_wconf 79' lang='lat' dir='ltr'><strong>corrumpatur,</strong></span> <span class='ocrx_word' id='word_1_449' title='bbox 1663 719 1711 746; x_wconf 89' lang='lat' dir='ltr'><strong>sed</strong></span> <span class='ocrx_word' id='word_1_450' title='bbox 1729 718 1756 745; x_wconf 89' lang='lat' dir='ltr'><strong>id</strong></span> <span class='ocrx_word' id='word_1_451' title='bbox 1781 719 1880 745; x_wconf 90' lang='lat' dir='ltr'><strong>solum</strong></span> 
     </span>
    </p>
   </div>
   <div class='ocr_carea' id='block_1_73' title="bbox 1047 763 1879 801">
    <p class='ocr_par' dir='ltr' id='par_1_73' title="bbox 1047 763 1879 801">
     <span class='ocr_line' id='line_1_73' title="bbox 1047 763 1879 801; baseline -0.002 -9"><span class='ocrx_word' id='word_1_452' title='bbox 1047 765 1204 800; x_wconf 81' lang='lat' dir='ltr'><strong>accipiens,</strong></span> <span class='ocrx_word' id='word_1_453' title='bbox 1224 765 1300 801; x_wconf 88' lang='lat' dir='ltr'><strong>quod</strong></span> <span class='ocrx_word' id='word_1_454' title='bbox 1327 765 1515 793; x_wconf 87' lang='lat' dir='ltr'><strong>similitudini</strong></span> <span class='ocrx_word' id='word_1_455' title='bbox 1540 764 1685 796; x_wconf 86' lang='lat' dir='ltr'><strong>convenit,</strong></span> <span class='ocrx_word' id='word_1_456' title='bbox 1711 771 1774 798; x_wconf 71' lang='lat' dir='ltr'><strong>quae</strong></span> <span class='ocrx_word' id='word_1_457' title='bbox 1789 763 1826 790; x_wconf 87' lang='lat' dir='ltr'><strong>ab</strong></span> <span class='ocrx_word' id='word_1_458' title='bbox 1843 772 1879 790; x_wconf 85' lang='lat' dir='ltr'><strong>es.</strong></span> 
     </span>
    </p>
   </div>
   <div class='ocr_carea' id='block_1_74' title="bbox 1047 808 1876 844">
    <p class='ocr_par' dir='ltr' id='par_1_74' title="bbox 1047 808 1876 844">
     <span class='ocr_line' id='line_1_74' title="bbox 1047 808 1876 844; baseline -0.002 -7"><span class='ocrx_word' id='word_1_459' title='bbox 1047 812 1116 837; x_wconf 87' lang='lat' dir='ltr'><strong>sunt</strong></span> <span class='ocrx_word' id='word_1_460' title='bbox 1132 809 1225 837; x_wconf 85' lang='lat' dir='ltr'><strong>aliena</strong></span> <span class='ocrx_word' id='word_1_461' title='bbox 1246 810 1389 844; x_wconf 79' lang='lat' dir='ltr'><strong>repudiet)</strong></span> <span class='ocrx_word' id='word_1_462' title='bbox 1404 809 1471 842; x_wconf 80' lang='lat' dir='ltr'><strong>quid</strong></span> <span class='ocrx_word' id='word_1_463' title='bbox 1504 808 1649 843; x_wconf 84' lang='lat' dir='ltr'><strong>prohibet,</strong></span> <span class='ocrx_word' id='word_1_464' title='bbox 1679 808 1749 843; x_wconf 87' lang='lat' dir='ltr'><strong>quin</strong></span> <span class='ocrx_word' id='word_1_465' title='bbox 1770 809 1876 835; x_wconf 87' lang='lat' dir='ltr'><strong>eodem</strong></span> 
     </span>
    </p>
   </div>
   <div class='ocr_carea' id='block_1_75' title="bbox 1049 851 1877 887">
    <p class='ocr_par' dir='ltr' id='par_1_75' title="bbox 1049 851 1877 887">
     <span class='ocr_line' id='line_1_75' title="bbox 1049 851 1877 887; baseline -0.002 -7"><span class='ocrx_word' id='word_1_466' title='bbox 1049 853 1144 885; x_wconf 87' lang='lat' dir='ltr'><strong>modo,</strong></span> <span class='ocrx_word' id='word_1_467' title='bbox 1162 861 1218 887; x_wconf 89' lang='lat' dir='ltr'><strong>quo</strong></span> <span class='ocrx_word' id='word_1_468' title='bbox 1233 854 1382 880; x_wconf 85' lang='lat' dir='ltr'><strong>cernimus</strong></span> <span class='ocrx_word' id='word_1_469' title='bbox 1399 852 1547 879; x_wconf 84' lang='lat' dir='ltr'><strong>ﬂammam</strong></span> <span class='ocrx_word' id='word_1_470' title='bbox 1561 852 1705 887; x_wconf 82' lang='lat' dir='ltr'><strong>attingere</strong></span> <span class='ocrx_word' id='word_1_471' title='bbox 1718 851 1877 879; x_wconf 84' lang='lat' dir='ltr'><strong>materiam</strong></span> 
     </span>
    </p>
   </div>
   <div class='ocr_carea' id='block_1_76' title="bbox 1047 896 1876 932">
    <p class='ocr_par' dir='ltr' id='par_1_76' title="bbox 1047 896 1876 932">
     <span class='ocr_line' id='line_1_76' title="bbox 1047 896 1876 932; baseline -0.001 -8"><span class='ocrx_word' id='word_1_472' title='bbox 1047 897 1221 932; x_wconf 78' lang='lat' dir='ltr'><strong>subjectum,</strong></span> <span class='ocrx_word' id='word_1_473' title='bbox 1239 906 1289 924; x_wconf 71' lang='lat' dir='ltr'><strong>nec</strong></span> <span class='ocrx_word' id='word_1_474' title='bbox 1306 897 1334 924; x_wconf 93' lang='lat' dir='ltr'><strong>in</strong></span> <span class='ocrx_word' id='word_1_475' title='bbox 1351 905 1385 924; x_wconf 82' lang='lat' dir='ltr'><strong>ea</strong></span> <span class='ocrx_word' id='word_1_476' title='bbox 1400 899 1497 924; x_wconf 84' lang='lat' dir='ltr'><strong>tamen</strong></span> <span class='ocrx_word' id='word_1_477' title='bbox 1523 896 1646 929; x_wconf 87' lang='lat' dir='ltr'><strong>includi,</strong></span> <span class='ocrx_word' id='word_1_478' title='bbox 1677 896 1734 923; x_wconf 82' lang='lat' dir='ltr'><strong>Deo</strong></span> <span class='ocrx_word' id='word_1_479' title='bbox 1751 897 1876 931; x_wconf 73' lang='lat' dir='ltr'><strong>dignam</strong></span> 
     </span>
    </p>
   </div>
   <div class='ocr_carea' id='block_1_77' title="bbox 1045 942 1876 978">
    <p class='ocr_par' dir='ltr' id='par_1_77' title="bbox 1045 942 1876 978">
     <span class='ocr_line' id='line_1_77' title="bbox 1045 942 1876 978; baseline -0.001 -9"><span class='ocrx_word' id='word_1_480' title='bbox 1045 943 1251 978; x_wconf 80' lang='lat' dir='ltr'><strong>cogitationem</strong></span> <span class='ocrx_word' id='word_1_481' title='bbox 1268 942 1485 978; x_wconf 76' lang='lat' dir='ltr'><strong>suscipiamus:</strong></span> <span class='ocrx_word' id='word_1_482' title='bbox 1502 942 1718 976; x_wconf 82' lang='lat' dir='ltr'><strong>credamusque</strong></span> <span class='ocrx_word' id='word_1_483' title='bbox 1735 944 1876 969; x_wconf 80' lang='lat' dir='ltr'><strong>naturain</strong></span> 
     </span>
    </p>
   </div>
   <div class='ocr_carea' id='block_1_78' title="bbox 1042 985 1879 1022">
    <p class='ocr_par' dir='ltr' id='par_1_78' title="bbox 1042 985 1879 1022">
     <span class='ocr_line' id='line_1_78' title="bbox 1042 985 1879 1022; baseline -0.001 -8"><span class='ocrx_word' id='word_1_484' title='bbox 1042 987 1172 1014; x_wconf 83' lang='lat' dir='ltr'><strong>divinum</strong></span> <span class='ocrx_word' id='word_1_485' title='bbox 1188 987 1228 1014; x_wconf 81' lang='lat' dir='ltr'><strong>ita</strong></span> <span class='ocrx_word' id='word_1_486' title='bbox 1239 987 1389 1022; x_wconf 83' lang='lat' dir='ltr'><strong>conjungi,</strong></span> <span class='ocrx_word' id='word_1_487' title='bbox 1405 991 1490 1021; x_wconf 82' lang='lat' dir='ltr'><strong>atque</strong></span> <span class='ocrx_word' id='word_1_488' title='bbox 1507 994 1597 1013; x_wconf 91' lang='lat' dir='ltr'><strong>unum</strong></span> <span class='ocrx_word' id='word_1_489' title='bbox 1611 985 1672 1013; x_wconf 86' lang='lat' dir='ltr'><strong>ﬁeri</strong></span> <span class='ocrx_word' id='word_1_490' title='bbox 1685 994 1751 1013; x_wconf 87' lang='lat' dir='ltr'><strong>cum</strong></span> <span class='ocrx_word' id='word_1_491' title='bbox 1765 990 1879 1014; x_wconf 79' lang='lat' dir='ltr'><strong>natura</strong></span> 
     </span>
    </p>
   </div>
   <div class='ocr_carea' id='block_1_79' title="bbox 1043 1031 1877 1066">
    <p class='ocr_par' dir='ltr' id='par_1_79' title="bbox 1043 1031 1877 1066">
     <span class='ocr_line' id='line_1_79' title="bbox 1043 1031 1877 1066; baseline 0 -8"><span class='ocrx_word' id='word_1_492' title='bbox 1043 1032 1181 1064; x_wconf 80' lang='lat' dir='ltr'><strong>humana,</strong></span> <span class='ocrx_word' id='word_1_493' title='bbox 1200 1034 1231 1057; x_wconf 85' lang='lat' dir='ltr'><strong>ut</strong></span> <span class='ocrx_word' id='word_1_494' title='bbox 1264 1032 1293 1058; x_wconf 90' lang='lat' dir='ltr'><strong>in</strong></span> <span class='ocrx_word' id='word_1_495' title='bbox 1312 1031 1373 1066; x_wconf 82' lang='lat' dir='ltr'><strong>ipsa</strong></span> <span class='ocrx_word' id='word_1_496' title='bbox 1403 1031 1609 1065; x_wconf 76' lang='lat' dir='ltr'><strong>conjunctione</strong></span> <span class='ocrx_word' id='word_1_497' title='bbox 1640 1033 1727 1065; x_wconf 82' lang='lat' dir='ltr'><strong>atque</strong></span> <span class='ocrx_word' id='word_1_498' title='bbox 1748 1031 1877 1065; x_wconf 80' lang='lat' dir='ltr'><strong>unitate,</strong></span> 
     </span>
    </p>
   </div>
   <div class='ocr_carea' id='block_1_80' title="bbox 1043 1075 1875 1111">
    <p class='ocr_par' dir='ltr' id='par_1_80' title="bbox 1043 1075 1875 1111">
     <span class='ocr_line' id='line_1_80' title="bbox 1043 1075 1875 1111; baseline -0.001 -9"><span class='ocrx_word' id='word_1_499' title='bbox 1043 1076 1178 1111; x_wconf 81' lang='lat' dir='ltr'><strong>quamvis</strong></span> <span class='ocrx_word' id='word_1_500' title='bbox 1194 1076 1221 1102; x_wconf 91' lang='lat' dir='ltr'><strong>in</strong></span> <span class='ocrx_word' id='word_1_501' title='bbox 1242 1076 1357 1102; x_wconf 83' lang='lat' dir='ltr'><strong>homine</strong></span> <span class='ocrx_word' id='word_1_502' title='bbox 1374 1075 1450 1102; x_wconf 80' lang='lat' dir='ltr'><strong>Deus</strong></span> <span class='ocrx_word' id='word_1_503' title='bbox 1467 1075 1513 1107; x_wconf 86' lang='lat' dir='ltr'><strong>sit,</strong></span> <span class='ocrx_word' id='word_1_504' title='bbox 1538 1075 1619 1102; x_wconf 78' lang='lat' dir='ltr'><strong>nulla</strong></span> <span class='ocrx_word' id='word_1_505' title='bbox 1634 1079 1730 1102; x_wconf 85' lang='lat' dir='ltr'><strong>tamen</strong></span> <span class='ocrx_word' id='word_1_506' title='bbox 1747 1075 1875 1102; x_wconf 87' lang='lat' dir='ltr'><strong>circum-</strong></span> 
     </span>
    </p>
   </div>
   <div class='ocr_carea' id='block_1_81' title="bbox 1042 1120 1875 1156">
    <p class='ocr_par' dir='ltr' id='par_1_81' title="bbox 1042 1120 1875 1156">
     <span class='ocr_line' id='line_1_81' title="bbox 1042 1120 1875 1156; baseline 0.001 -9"><span class='ocrx_word' id='word_1_507' title='bbox 1042 1121 1200 1156; x_wconf 86' lang='lat' dir='ltr'><strong>scriptione</strong></span> <span class='ocrx_word' id='word_1_508' title='bbox 1217 1120 1424 1147; x_wconf 72' lang='lat' dir='ltr'><strong>concludatur?</strong></span> <span class='ocrx_word' id='word_1_509' title='bbox 1440 1121 1520 1151; x_wconf 87' lang='lat' dir='ltr'><strong>Quod</strong></span> <span class='ocrx_word' id='word_1_510' title='bbox 1539 1120 1561 1146; x_wconf 89' lang='lat' dir='ltr'><strong>si</strong></span> <span class='ocrx_word' id='word_1_511' title='bbox 1579 1121 1696 1154; x_wconf 69' lang='lat' dir='ltr'><strong>qureris,</strong></span> <span class='ocrx_word' id='word_1_512' title='bbox 1723 1120 1875 1154; x_wconf 86' lang='lat' dir='ltr'><strong>quomodo</strong></span> 
     </span>
    </p>
   </div>
   <div class='ocr_carea' id='block_1_82' title="bbox 1043 1164 1874 1199">
    <p class='ocr_par' dir='ltr' id='par_1_82' title="bbox 1043 1164 1874 1199">
     <span class='ocr_line' id='line_1_82' title="bbox 1043 1164 1874 1199; baseline -0.001 -7"><span class='ocrx_word' id='word_1_513' title='bbox 1043 1169 1116 1192; x_wconf 84' lang='lat' dir='ltr'><strong>Ueus</strong></span> <span class='ocrx_word' id='word_1_514' title='bbox 1133 1174 1198 1191; x_wconf 90' lang='lat' dir='ltr'><strong>cum</strong></span> <span class='ocrx_word' id='word_1_515' title='bbox 1216 1165 1334 1192; x_wconf 78' lang='lat' dir='ltr'><strong>homine</strong></span> <span class='ocrx_word' id='word_1_516' title='bbox 1351 1167 1523 1191; x_wconf 82' lang='lat' dir='ltr'><strong>commistus</strong></span> <span class='ocrx_word' id='word_1_517' title='bbox 1540 1164 1587 1199; x_wconf 68' lang='lat' dir='ltr'><strong>sit,</strong></span> <span class='ocrx_word' id='word_1_518' title='bbox 1606 1164 1687 1199; x_wconf 86' lang='lat' dir='ltr'><strong>prius</strong></span> <span class='ocrx_word' id='word_1_519' title='bbox 1714 1165 1874 1191; x_wconf 73' lang='lat' dir='ltr'><strong>considera</strong></span> 
     </span>
    </p>
   </div>
   <div class='ocr_carea' id='block_1_83' title="bbox 1042 1209 1871 1245">
    <p class='ocr_par' dir='ltr' id='par_1_83' title="bbox 1042 1209 1871 1245">
     <span class='ocr_line' id='line_1_83' title="bbox 1042 1209 1871 1245; baseline -0.001 -9"><span class='ocrx_word' id='word_1_520' title='bbox 1042 1210 1278 1245; x_wconf 83' lang='lat' dir='ltr'><strong>conjunctionem</strong></span> <span class='ocrx_word' id='word_1_521' title='bbox 1296 1210 1386 1236; x_wconf 81' lang='lat' dir='ltr'><strong>animi</strong></span> <span class='ocrx_word' id='word_1_522' title='bbox 1402 1218 1468 1236; x_wconf 75' lang='lat' dir='ltr'><strong>cum</strong></span> <span class='ocrx_word' id='word_1_523' title='bbox 1499 1217 1584 1236; x_wconf 78' lang='lat' dir='ltr'><strong>carne</strong></span> <span class='ocrx_word' id='word_1_524' title='bbox 1601 1213 1662 1242; x_wconf 86' lang='lat' dir='ltr'><strong>tua,</strong></span> <span class='ocrx_word' id='word_1_525' title='bbox 1679 1209 1729 1244; x_wconf 91' lang='lat' dir='ltr'><strong>qui</strong></span> <span class='ocrx_word' id='word_1_526' title='bbox 1746 1209 1871 1244; x_wconf 82' lang='lat' dir='ltr'><strong>quidem</strong></span> 
     </span>
    </p>
   </div>
   <div class='ocr_carea' id='block_1_84' title="bbox 1041 1253 1874 1289">
    <p class='ocr_par' dir='ltr' id='par_1_84' title="bbox 1041 1253 1874 1289">
     <span class='ocr_line' id='line_1_84' title="bbox 1041 1253 1874 1289; baseline 0.001 -8"><span class='ocrx_word' id='word_1_527' title='bbox 1041 1256 1169 1287; x_wconf 82' lang='lat' dir='ltr'><strong>animus,</strong></span> <span class='ocrx_word' id='word_1_528' title='bbox 1200 1255 1223 1281; x_wconf 86' lang='lat' dir='ltr'><strong>si</strong></span> <span class='ocrx_word' id='word_1_529' title='bbox 1256 1254 1416 1289; x_wconf 76' lang='lat' dir='ltr'><strong>intelligere</strong></span> <span class='ocrx_word' id='word_1_530' title='bbox 1448 1263 1504 1281; x_wconf 89' lang='lat' dir='ltr'><strong>non</strong></span> <span class='ocrx_word' id='word_1_531' title='bbox 1543 1257 1624 1289; x_wconf 74' lang='lat' dir='ltr'><strong>potes</strong></span> <span class='ocrx_word' id='word_1_532' title='bbox 1659 1262 1717 1289; x_wconf 84' lang='lat' dir='ltr'><strong>qua</strong></span> <span class='ocrx_word' id='word_1_533' title='bbox 1755 1253 1874 1282; x_wconf 83' lang='lat' dir='ltr'><strong>ratione</strong></span> 
     </span>
    </p>
   </div>
   <div class='ocr_carea' id='block_1_85' title="bbox 1041 1298 1874 1334">
    <p class='ocr_par' dir='ltr' id='par_1_85' title="bbox 1041 1298 1874 1334">
     <span class='ocr_line' id='line_1_85' title="bbox 1041 1298 1874 1334; baseline 0 -8"><span class='ocrx_word' id='word_1_534' title='bbox 1041 1308 1105 1326; x_wconf 85' lang='lat' dir='ltr'><strong>cum</strong></span> <span class='ocrx_word' id='word_1_535' title='bbox 1125 1308 1242 1334; x_wconf 80' lang='lat' dir='ltr'><strong>corpore</strong></span> <span class='ocrx_word' id='word_1_536' title='bbox 1259 1300 1419 1334; x_wconf 83' lang='lat' dir='ltr'><strong>copuletur,</strong></span> <span class='ocrx_word' id='word_1_537' title='bbox 1452 1298 1544 1325; x_wconf 87' lang='lat' dir='ltr'><strong>multo</strong></span> <span class='ocrx_word' id='word_1_538' title='bbox 1562 1299 1658 1325; x_wconf 83' lang='lat' dir='ltr'><strong>minus</strong></span> <span class='ocrx_word' id='word_1_539' title='bbox 1689 1298 1828 1325; x_wconf 76' lang='lat' dir='ltr'><strong>existima</strong></span> <span class='ocrx_word' id='word_1_540' title='bbox 1842 1301 1874 1326; x_wconf 74' lang='lat' dir='ltr'><strong>te</strong></span> 
     </span>
    </p>
   </div>
   <div class='ocr_carea' id='block_1_86' title="bbox 1042 1342 1874 1379">
    <p class='ocr_par' dir='ltr' id='par_1_86' title="bbox 1042 1342 1874 1379">
     <span class='ocr_line' id='line_1_86' title="bbox 1042 1342 1874 1379; baseline -0.001 -8"><span class='ocrx_word' id='word_1_541' title='bbox 1042 1353 1126 1378; x_wconf 58' lang='lat' dir='ltr'><strong>posse</strong></span> <span class='ocrx_word' id='word_1_542' title='bbox 1142 1343 1267 1379; x_wconf 70' lang='lat' dir='ltr'><strong>assequi,</strong></span> <span class='ocrx_word' id='word_1_543' title='bbox 1294 1352 1349 1378; x_wconf 90' lang='lat' dir='ltr'><strong>quo</strong></span> <span class='ocrx_word' id='word_1_544' title='bbox 1372 1346 1454 1379; x_wconf 83' lang='lat' dir='ltr'><strong>pacto</strong></span> <span class='ocrx_word' id='word_1_545' title='bbox 1475 1343 1551 1370; x_wconf 86' lang='lat' dir='ltr'><strong>Deus</strong></span> <span class='ocrx_word' id='word_1_546' title='bbox 1567 1351 1632 1370; x_wconf 88' lang='lat' dir='ltr'><strong>cum</strong></span> <span class='ocrx_word' id='word_1_547' title='bbox 1651 1342 1769 1370; x_wconf 84' lang='lat' dir='ltr'><strong>homine</strong></span> <span class='ocrx_word' id='word_1_548' title='bbox 1797 1351 1874 1370; x_wconf 87' lang='lat' dir='ltr'><strong>con—</strong></span> 
     </span>
    </p>
   </div>
   <div class='ocr_carea' id='block_1_87' title="bbox 1037 1387 1870 1424">
    <p class='ocr_par' dir='ltr' id='par_1_87' title="bbox 1037 1387 1870 1424">
     <span class='ocr_line' id='line_1_87' title="bbox 1037 1387 1870 1424; baseline 0 -9"><span class='ocrx_word' id='word_1_549' title='bbox 1037 1391 1189 1424; x_wconf 68' lang='lat' dir='ltr'><strong>jungatur.</strong></span> <span class='ocrx_word' id='word_1_550' title='bbox 1207 1388 1313 1415; x_wconf 84' lang='lat' dir='ltr'><strong>Verum</strong></span> <span class='ocrx_word' id='word_1_551' title='bbox 1329 1388 1577 1422; x_wconf 83' lang='lat' dir='ltr'><strong>quemadmodum</strong></span> <span class='ocrx_word' id='word_1_552' title='bbox 1591 1388 1619 1414; x_wconf 90' lang='lat' dir='ltr'><strong>in</strong></span> <span class='ocrx_word' id='word_1_553' title='bbox 1637 1390 1664 1414; x_wconf 89' lang='lat' dir='ltr'><strong>te</strong></span> <span class='ocrx_word' id='word_1_554' title='bbox 1674 1388 1771 1415; x_wconf 89' lang='lat' dir='ltr'><strong>credis</strong></span> <span class='ocrx_word' id='word_1_555' title='bbox 1787 1387 1870 1415; x_wconf 85' lang='lat' dir='ltr'><strong>aliud</strong></span> 
     </span>
    </p>
   </div>
   <div class='ocr_carea' id='block_1_88' title="bbox 1041 1433 1870 1470">
    <p class='ocr_par' dir='ltr' id='par_1_88' title="bbox 1041 1433 1870 1470">
     <span class='ocr_line' id='line_1_88' title="bbox 1041 1433 1870 1470; baseline -0.001 -9"><span class='ocrx_word' id='word_1_556' title='bbox 1041 1434 1179 1470; x_wconf 84' lang='lat' dir='ltr'><strong>quiddam</strong></span> <span class='ocrx_word' id='word_1_557' title='bbox 1193 1442 1256 1460; x_wconf 67' lang='lat' dir='ltr'><strong>esse</strong></span> <span class='ocrx_word' id='word_1_558' title='bbox 1269 1433 1412 1465; x_wconf 85' lang='lat' dir='ltr'><strong>animum,</strong></span> <span class='ocrx_word' id='word_1_559' title='bbox 1426 1441 1512 1467; x_wconf 80' lang='lat' dir='ltr'><strong>quam</strong></span> <span class='ocrx_word' id='word_1_560' title='bbox 1526 1441 1643 1467; x_wconf 80' lang='lat' dir='ltr'><strong>corpus,</strong></span> <span class='ocrx_word' id='word_1_561' title='bbox 1656 1436 1707 1459; x_wconf 87' lang='lat' dir='ltr'><strong>aut</strong></span> <span class='ocrx_word' id='word_1_562' title='bbox 1728 1433 1870 1468; x_wconf 85' lang='lat' dir='ltr'><strong>quoniam</strong></span> 
     </span>
    </p>
   </div>
   <div class='ocr_carea' id='block_1_89' title="bbox 1041 1478 1874 1515">
    <p class='ocr_par' dir='ltr' id='par_1_89' title="bbox 1041 1478 1874 1515">
     <span class='ocr_line' id='line_1_89' title="bbox 1041 1478 1874 1515; baseline -0.001 -9"><span class='ocrx_word' id='word_1_563' title='bbox 1041 1488 1146 1515; x_wconf 67' lang='lat' dir='ltr'><strong>corpus</strong></span> <span class='ocrx_word' id='word_1_564' title='bbox 1163 1480 1199 1506; x_wconf 88' lang='lat' dir='ltr'><strong>ab</strong></span> <span class='ocrx_word' id='word_1_565' title='bbox 1216 1479 1312 1506; x_wconf 85' lang='lat' dir='ltr'><strong>animo</strong></span> <span class='ocrx_word' id='word_1_566' title='bbox 1334 1479 1481 1506; x_wconf 82' lang='lat' dir='ltr'><strong>desertum</strong></span> <span class='ocrx_word' id='word_1_567' title='bbox 1511 1479 1632 1505; x_wconf 75' lang='lat' dir='ltr'><strong>cadaver</strong></span> <span class='ocrx_word' id='word_1_568' title='bbox 1656 1478 1763 1510; x_wconf 84' lang='lat' dir='ltr'><strong>evadit,</strong></span> <span class='ocrx_word' id='word_1_569' title='bbox 1781 1481 1874 1514; x_wconf 77' lang='lat' dir='ltr'><strong>atque</strong></span> 
     </span>
    </p>
   </div>
   <div class='ocr_carea' id='block_1_90' title="bbox 1040 1523 1870 1559">
    <p class='ocr_par' dir='ltr' id='par_1_90' title="bbox 1040 1523 1870 1559">
     <span class='ocr_line' id='line_1_90' title="bbox 1040 1523 1870 1559; baseline -0.001 -8"><span class='ocrx_word' id='word_1_570' title='bbox 1040 1524 1117 1551; x_wconf 84' lang='lat' dir='ltr'><strong>iners</strong></span> <span class='ocrx_word' id='word_1_571' title='bbox 1134 1525 1182 1556; x_wconf 87' lang='lat' dir='ltr'><strong>sit,</strong></span> <span class='ocrx_word' id='word_1_572' title='bbox 1198 1526 1225 1550; x_wconf 88' lang='lat' dir='ltr'><strong>et</strong></span> <span class='ocrx_word' id='word_1_573' title='bbox 1252 1524 1286 1551; x_wconf 86' lang='lat' dir='ltr'><strong>ad</strong></span> <span class='ocrx_word' id='word_1_574' title='bbox 1308 1524 1453 1558; x_wconf 77' lang='lat' dir='ltr'><strong>agendum</strong></span> <span class='ocrx_word' id='word_1_575' title='bbox 1472 1523 1584 1556; x_wconf 86' lang='lat' dir='ltr'><strong>inutile,</strong></span> <span class='ocrx_word' id='word_1_576' title='bbox 1602 1523 1668 1550; x_wconf 86' lang='lat' dir='ltr'><strong>licet</strong></span> <span class='ocrx_word' id='word_1_577' title='bbox 1683 1524 1870 1559; x_wconf 87' lang='lat' dir='ltr'><strong>conjunctio-</strong></span> 
     </span>
    </p>
   </div>
   <div class='ocr_carea' id='block_1_91' title="bbox 1041 1567 1867 1603">
    <p class='ocr_par' dir='ltr' id='par_1_91' title="bbox 1041 1567 1867 1603">
     <span class='ocr_line' id='line_1_91' title="bbox 1041 1567 1867 1603; baseline 0 -8"><span class='ocrx_word' id='word_1_578' title='bbox 1041 1570 1084 1595; x_wconf 75' lang='lat' dir='ltr'><strong>nis</strong></span> <span class='ocrx_word' id='word_1_579' title='bbox 1103 1569 1244 1595; x_wconf 80' lang='lat' dir='ltr'><strong>rationem</strong></span> <span class='ocrx_word' id='word_1_580' title='bbox 1263 1569 1379 1603; x_wconf 76' lang='lat' dir='ltr'><strong>ignores</strong></span> <span class='ocrx_word' id='word_1_581' title='bbox 1397 1576 1402 1594; x_wconf 92' lang='lat'>:</span> <span class='ocrx_word' id='word_1_582' title='bbox 1418 1568 1460 1594; x_wconf 74' lang='lat' dir='ltr'><strong>sic</strong></span> <span class='ocrx_word' id='word_1_583' title='bbox 1489 1568 1576 1594; x_wconf 78' lang='lat' dir='ltr'><strong>etiam</strong></span> <span class='ocrx_word' id='word_1_584' title='bbox 1594 1568 1643 1595; x_wconf 90' lang='lat' dir='ltr'><strong>Dei</strong></span> <span class='ocrx_word' id='word_1_585' title='bbox 1661 1576 1728 1595; x_wconf 89' lang='lat' dir='ltr'><strong>cum</strong></span> <span class='ocrx_word' id='word_1_586' title='bbox 1744 1567 1867 1595; x_wconf 87' lang='lat' dir='ltr'><strong>homine</strong></span> 
     </span>
    </p>
   </div>
   <div class='ocr_carea' id='block_1_92' title="bbox 1042 1612 1864 1648">
    <p class='ocr_par' dir='ltr' id='par_1_92' title="bbox 1042 1612 1864 1648">
     <span class='ocr_line' id='line_1_92' title="bbox 1042 1612 1864 1648; baseline -0.001 -9"><span class='ocrx_word' id='word_1_587' title='bbox 1042 1613 1249 1648; x_wconf 80' lang='lat' dir='ltr'><strong>conjunctione</strong></span> <span class='ocrx_word' id='word_1_588' title='bbox 1266 1613 1437 1639; x_wconf 78' lang='lat' dir='ltr'><strong>conﬁtemur</strong></span> <span class='ocrx_word' id='word_1_589' title='bbox 1454 1612 1580 1639; x_wconf 67' lang='lat' dir='ltr'><strong>divinam</strong></span> <span class='ocrx_word' id='word_1_590' title='bbox 1598 1617 1729 1640; x_wconf 85' lang='lat' dir='ltr'><strong>naturam</strong></span> <span class='ocrx_word' id='word_1_591' title='bbox 1745 1612 1864 1639; x_wconf 74' lang='lat' dir='ltr'><strong>caducae</strong></span> 
     </span>
    </p>
   </div>
   <div class='ocr_carea' id='block_1_93' title="bbox 1042 1657 1868 1692">
    <p class='ocr_par' dir='ltr' id='par_1_93' title="bbox 1042 1657 1868 1692">
     <span class='ocr_line' id='line_1_93' title="bbox 1042 1657 1868 1692; baseline 0 -8"><span class='ocrx_word' id='word_1_592' title='bbox 1042 1657 1215 1692; x_wconf 81' lang='lat' dir='ltr'><strong>mortalique</strong></span> <span class='ocrx_word' id='word_1_593' title='bbox 1231 1657 1325 1684; x_wconf 81' lang='lat' dir='ltr'><strong>modis</strong></span> <span class='ocrx_word' id='word_1_594' title='bbox 1341 1657 1478 1684; x_wconf 86' lang='lat' dir='ltr'><strong>omnibus</strong></span> <span class='ocrx_word' id='word_1_595' title='bbox 1494 1657 1635 1692; x_wconf 85' lang='lat' dir='ltr'><strong>dignitate</strong></span> <span class='ocrx_word' id='word_1_596' title='bbox 1649 1659 1793 1692; x_wconf 65' lang='lat' dir='ltr'><strong>prestera,</strong></span> <span class='ocrx_word' id='word_1_597' title='bbox 1805 1664 1868 1692; x_wconf 85' lang='lat' dir='ltr'><strong>qua</strong></span> 
     </span>
    </p>
   </div>
   <div class='ocr_carea' id='block_1_94' title="bbox 1042 1702 1871 1737">
    <p class='ocr_par' dir='ltr' id='par_1_94' title="bbox 1042 1702 1871 1737">
     <span class='ocr_line' id='line_1_94' title="bbox 1042 1702 1871 1737; baseline 0 -8"><span class='ocrx_word' id='word_1_598' title='bbox 1042 1703 1152 1729; x_wconf 85' lang='lat' dir='ltr'><strong>ratione</strong></span> <span class='ocrx_word' id='word_1_599' title='bbox 1167 1704 1263 1729; x_wconf 76' lang='lat' dir='ltr'><strong>autem</strong></span> <span class='ocrx_word' id='word_1_600' title='bbox 1281 1702 1425 1729; x_wconf 78' lang='lat' dir='ltr'><strong>efﬁciatur</strong></span> <span class='ocrx_word' id='word_1_601' title='bbox 1455 1702 1519 1736; x_wconf 86' lang='lat' dir='ltr'><strong>ipsa</strong></span> <span class='ocrx_word' id='word_1_602' title='bbox 1546 1702 1712 1737; x_wconf 88' lang='lat' dir='ltr'><strong>conjunctio</strong></span> <span class='ocrx_word' id='word_1_603' title='bbox 1732 1709 1784 1729; x_wconf 88' lang='lat' dir='ltr'><strong>non</strong></span> <span class='ocrx_word' id='word_1_604' title='bbox 1799 1710 1871 1737; x_wconf 88' lang='lat' dir='ltr'><strong>pos-</strong></span> 
     </span>
    </p>
   </div>
   <div class='ocr_carea' id='block_1_95' title="bbox 1042 1746 1871 1782">
    <p class='ocr_par' dir='ltr' id='par_1_95' title="bbox 1042 1746 1871 1782">
     <span class='ocr_line' id='line_1_95' title="bbox 1042 1746 1871 1782; baseline -0.001 -8"><span class='ocrx_word' id='word_1_605' title='bbox 1042 1756 1144 1774; x_wconf 86' lang='lat' dir='ltr'><strong>sumus</strong></span> <span class='ocrx_word' id='word_1_606' title='bbox 1160 1746 1329 1782; x_wconf 72' lang='lat' dir='ltr'><strong>intelligere.</strong></span> <span class='ocrx_word' id='word_1_607' title='bbox 1359 1747 1439 1778; x_wconf 90' lang='lat' dir='ltr'><strong>Quod</strong></span> <span class='ocrx_word' id='word_1_608' title='bbox 1463 1746 1538 1773; x_wconf 86' lang='lat' dir='ltr'><strong>Deus</strong></span> <span class='ocrx_word' id='word_1_609' title='bbox 1567 1746 1597 1773; x_wconf 92' lang='lat' dir='ltr'><strong>in</strong></span> <span class='ocrx_word' id='word_1_610' title='bbox 1614 1746 1744 1773; x_wconf 86' lang='lat' dir='ltr'><strong>hominis</strong></span> <span class='ocrx_word' id='word_1_611' title='bbox 1759 1748 1871 1773; x_wconf 86' lang='lat' dir='ltr'><strong>natura</strong></span> 
     </span>
    </p>
   </div>
   <div class='ocr_carea' id='block_1_96' title="bbox 1042 1790 1874 1827">
    <p class='ocr_par' dir='ltr' id='par_1_96' title="bbox 1042 1790 1874 1827">
     <span class='ocr_line' id='line_1_96' title="bbox 1042 1790 1874 1827; baseline -0.001 -8"><span class='ocrx_word' id='word_1_612' title='bbox 1042 1792 1158 1827; x_wconf 86' lang='lat' dir='ltr'><strong>genitus</strong></span> <span class='ocrx_word' id='word_1_613' title='bbox 1173 1791 1222 1823; x_wconf 86' lang='lat' dir='ltr'><strong>sit,</strong></span> <span class='ocrx_word' id='word_1_614' title='bbox 1239 1799 1273 1818; x_wconf 86' lang='lat' dir='ltr'><strong>ex</strong></span> <span class='ocrx_word' id='word_1_615' title='bbox 1290 1791 1375 1818; x_wconf 88' lang='lat' dir='ltr'><strong>rebus</strong></span> <span class='ocrx_word' id='word_1_616' title='bbox 1397 1791 1588 1824; x_wconf 85' lang='lat' dir='ltr'><strong>admirandis,</strong></span> <span class='ocrx_word' id='word_1_617' title='bbox 1616 1799 1680 1826; x_wconf 65' lang='lat' dir='ltr'><strong>qua:</strong></span> <span class='ocrx_word' id='word_1_618' title='bbox 1695 1790 1764 1818; x_wconf 77' lang='lat' dir='ltr'><strong>visae</strong></span> <span class='ocrx_word' id='word_1_619' title='bbox 1792 1791 1874 1818; x_wconf 88' lang='lat' dir='ltr'><strong>scri—</strong></span> 
     </span>
    </p>
   </div>
   <div class='ocr_carea' id='block_1_97' title="bbox 1041 1835 1874 1872">
    <p class='ocr_par' dir='ltr' id='par_1_97' title="bbox 1041 1835 1874 1872">
     <span class='ocr_line' id='line_1_97' title="bbox 1041 1835 1874 1872; baseline 0 -9"><span class='ocrx_word' id='word_1_620' title='bbox 1041 1839 1155 1872; x_wconf 65' lang='lat' dir='ltr'><strong>piaeque</strong></span> <span class='ocrx_word' id='word_1_621' title='bbox 1171 1838 1250 1870; x_wconf 86' lang='lat' dir='ltr'><strong>sunt,</strong></span> <span class='ocrx_word' id='word_1_622' title='bbox 1271 1845 1327 1862; x_wconf 90' lang='lat' dir='ltr'><strong>non</strong></span> <span class='ocrx_word' id='word_1_623' title='bbox 1345 1835 1533 1870; x_wconf 77' lang='lat' dir='ltr'><strong>ambigimus,</strong></span> <span class='ocrx_word' id='word_1_624' title='bbox 1558 1836 1700 1863; x_wconf 84' lang='lat' dir='ltr'><strong>rationem</strong></span> <span class='ocrx_word' id='word_1_625' title='bbox 1718 1838 1817 1863; x_wconf 86' lang='lat' dir='ltr'><strong>autem</strong></span> <span class='ocrx_word' id='word_1_626' title='bbox 1836 1844 1874 1863; x_wconf 85' lang='lat' dir='ltr'><strong>ac</strong></span> 
     </span>
    </p>
   </div>
   <div class='ocr_carea' id='block_1_98' title="bbox 1043 1880 1878 1916">
    <p class='ocr_par' dir='ltr' id='par_1_98' title="bbox 1043 1880 1878 1916">
     <span class='ocr_line' id='line_1_98' title="bbox 1043 1880 1878 1916; baseline -0.001 -7"><span class='ocrx_word' id='word_1_627' title='bbox 1043 1882 1173 1915; x_wconf 88' lang='lat' dir='ltr'><strong>modum,</strong></span> <span class='ocrx_word' id='word_1_628' title='bbox 1190 1884 1221 1908; x_wconf 87' lang='lat' dir='ltr'><strong>ut</strong></span> <span class='ocrx_word' id='word_1_629' title='bbox 1237 1881 1375 1916; x_wconf 84' lang='lat' dir='ltr'><strong>majorem</strong></span> <span class='ocrx_word' id='word_1_630' title='bbox 1390 1889 1479 1916; x_wconf 82' lang='lat' dir='ltr'><strong>quam</strong></span> <span class='ocrx_word' id='word_1_631' title='bbox 1493 1881 1572 1916; x_wconf 86' lang='lat' dir='ltr'><strong>quia</strong></span> <span class='ocrx_word' id='word_1_632' title='bbox 1588 1881 1672 1908; x_wconf 88' lang='lat' dir='ltr'><strong>nobis</strong></span> <span class='ocrx_word' id='word_1_633' title='bbox 1684 1880 1792 1916; x_wconf 84' lang='lat' dir='ltr'><strong>percipi</strong></span> <span class='ocrx_word' id='word_1_634' title='bbox 1805 1888 1878 1916; x_wconf 86' lang='lat' dir='ltr'><strong>pos-</strong></span> 
     </span>
    </p>
   </div>
   <div class='ocr_carea' id='block_1_99' title="bbox 1042 1925 1876 1961">
    <p class='ocr_par' dir='ltr' id='par_1_99' title="bbox 1042 1925 1876 1961">
     <span class='ocr_line' id='line_1_99' title="bbox 1042 1925 1876 1961; baseline 0.001 -8"><span class='ocrx_word' id='word_1_635' title='bbox 1042 1927 1089 1960; x_wconf 93' lang='lat' dir='ltr'><strong>sit,</strong></span> <span class='ocrx_word' id='word_1_636' title='bbox 1120 1925 1284 1953; x_wconf 85' lang='lat' dir='ltr'><strong>omittimus</strong></span> <span class='ocrx_word' id='word_1_637' title='bbox 1307 1926 1456 1960; x_wconf 74' lang='lat' dir='ltr'><strong>indagare.</strong></span> <span class='ocrx_word' id='word_1_638' title='bbox 1488 1925 1587 1961; x_wconf 84' lang='lat' dir='ltr'><strong>Neque</strong></span> <span class='ocrx_word' id='word_1_639' title='bbox 1615 1925 1693 1953; x_wconf 87' lang='lat' dir='ltr'><strong>enim</strong></span> <span class='ocrx_word' id='word_1_640' title='bbox 1723 1932 1791 1953; x_wconf 86' lang='lat' dir='ltr'><strong>cum</strong></span> <span class='ocrx_word' id='word_1_641' title='bbox 1823 1933 1876 1954; x_wconf 78' lang='lat' dir='ltr'><strong>res</strong></span> 
     </span>
    </p>
   </div>
   <div class='ocr_carea' id='block_1_100' title="bbox 1042 1969 1877 2005">
    <p class='ocr_par' dir='ltr' id='par_1_100' title="bbox 1042 1969 1877 2005">
     <span class='ocr_line' id='line_1_100' title="bbox 1042 1969 1877 2005; baseline 0 -7"><span class='ocrx_word' id='word_1_642' title='bbox 1042 1979 1142 1998; x_wconf 83' lang='lat' dir='ltr'><strong>omnes</strong></span> <span class='ocrx_word' id='word_1_643' title='bbox 1160 1970 1354 2005; x_wconf 85' lang='lat' dir='ltr'><strong>incorporeas,</strong></span> <span class='ocrx_word' id='word_1_644' title='bbox 1371 1974 1395 1997; x_wconf 89' lang='lat' dir='ltr'><strong>et</strong></span> <span class='ocrx_word' id='word_1_645' title='bbox 1413 1978 1475 2005; x_wconf 66' lang='lat' dir='ltr'><strong>qum</strong></span> <span class='ocrx_word' id='word_1_646' title='bbox 1489 1973 1585 1997; x_wconf 87' lang='lat' dir='ltr'><strong>mente</strong></span> <span class='ocrx_word' id='word_1_647' title='bbox 1596 1969 1691 1998; x_wconf 89' lang='lat' dir='ltr'><strong>solum</strong></span> <span class='ocrx_word' id='word_1_648' title='bbox 1704 1970 1877 2005; x_wconf 83' lang='lat' dir='ltr'><strong>percipiun-</strong></span> 
     </span>
    </p>
   </div>
   <div class='ocr_carea' id='block_1_101' title="bbox 1042 2012 1873 2050">
    <p class='ocr_par' dir='ltr' id='par_1_101' title="bbox 1042 2012 1873 2050">
     <span class='ocr_line' id='line_1_101' title="bbox 1042 2012 1873 2050; baseline -0.002 -7"><span class='ocrx_word' id='word_1_649' title='bbox 1042 2018 1100 2047; x_wconf 90' lang='lat' dir='ltr'><strong>tur,</strong></span> <span class='ocrx_word' id='word_1_650' title='bbox 1116 2024 1130 2042; x_wconf 71' lang='grc' dir='ltr'><strong><em>δ</em></strong></span> <span class='ocrx_word' id='word_1_651' title='bbox 1148 2017 1251 2042; x_wconf 90' lang='lat' dir='ltr'><strong>natura</strong></span> <span class='ocrx_word' id='word_1_652' title='bbox 1281 2014 1451 2049; x_wconf 82' lang='lat' dir='ltr'><strong>incorporea</strong></span> <span class='ocrx_word' id='word_1_653' title='bbox 1477 2017 1505 2041; x_wconf 92' lang='lat' dir='ltr'><strong>et</strong></span> <span class='ocrx_word' id='word_1_654' title='bbox 1522 2022 1584 2050; x_wconf 61' lang='lat' dir='ltr'><strong>quae</strong></span> <span class='ocrx_word' id='word_1_655' title='bbox 1601 2017 1699 2042; x_wconf 84' lang='lat' dir='ltr'><strong>creata</strong></span> <span class='ocrx_word' id='word_1_656' title='bbox 1724 2012 1782 2041; x_wconf 85' lang='lat' dir='ltr'><strong>non</strong></span> <span class='ocrx_word' id='word_1_657' title='bbox 1812 2017 1873 2048; x_wconf 82' lang='lat' dir='ltr'><strong>est,</strong></span> 
     </span>
    </p>
   </div>
   <div class='ocr_carea' id='block_1_102' title="bbox 1043 2059 1873 2095">
    <p class='ocr_par' dir='ltr' id='par_1_102' title="bbox 1043 2059 1873 2095">
     <span class='ocr_line' id='line_1_102' title="bbox 1043 2059 1873 2095; baseline -0.001 -7"><span class='ocrx_word' id='word_1_658' title='bbox 1043 2064 1209 2095; x_wconf 85' lang='lat' dir='ltr'><strong>procreatas</strong></span> <span class='ocrx_word' id='word_1_659' title='bbox 1233 2068 1296 2087; x_wconf 83' lang='lat' dir='ltr'><strong>esse</strong></span> <span class='ocrx_word' id='word_1_660' title='bbox 1333 2060 1491 2091; x_wconf 87' lang='lat' dir='ltr'><strong>credimus,</strong></span> <span class='ocrx_word' id='word_1_661' title='bbox 1532 2060 1609 2086; x_wconf 88' lang='lat' dir='ltr'><strong>unde</strong></span> <span class='ocrx_word' id='word_1_662' title='bbox 1637 2062 1688 2086; x_wconf 89' lang='lat' dir='ltr'><strong>aut</strong></span> <span class='ocrx_word' id='word_1_663' title='bbox 1720 2059 1873 2094; x_wconf 77' lang='lat' dir='ltr'><strong>quomodo</strong></span> 
     </span>
    </p>
   </div>
   <div class='ocr_carea' id='block_1_103' title="bbox 1043 2103 1875 2140">
    <p class='ocr_par' dir='ltr' id='par_1_103' title="bbox 1043 2103 1875 2140">
     <span class='ocr_line' id='line_1_103' title="bbox 1043 2103 1875 2140; baseline -0.001 -8"><span class='ocrx_word' id='word_1_664' title='bbox 1043 2107 1123 2133; x_wconf 75' lang='lat' dir='ltr'><strong>tactae</strong></span> <span class='ocrx_word' id='word_1_665' title='bbox 1139 2106 1208 2137; x_wconf 81' lang='lat' dir='ltr'><strong>sint,</strong></span> <span class='ocrx_word' id='word_1_666' title='bbox 1221 2104 1437 2140; x_wconf 69' lang='lat' dir='ltr'><strong>investigauius.</strong></span> <span class='ocrx_word' id='word_1_667' title='bbox 1473 2104 1527 2131; x_wconf 81' lang='lat' dir='ltr'><strong>Sed</strong></span> <span class='ocrx_word' id='word_1_668' title='bbox 1545 2112 1611 2131; x_wconf 93' lang='lat' dir='ltr'><strong>cum</strong></span> <span class='ocrx_word' id='word_1_669' title='bbox 1634 2103 1779 2131; x_wconf 88' lang='lat' dir='ltr'><strong>mundum</strong></span> <span class='ocrx_word' id='word_1_670' title='bbox 1795 2111 1875 2131; x_wconf 86' lang='lat' dir='ltr'><strong>con-</strong></span> 
     </span>
    </p>
   </div>
   <div class='ocr_carea' id='block_1_104' title="bbox 1042 2148 1873 2184">
    <p class='ocr_par' dir='ltr' id='par_1_104' title="bbox 1042 2148 1873 2184">
     <span class='ocr_line' id='line_1_104' title="bbox 1042 2148 1873 2184; baseline -0.002 -7"><span class='ocrx_word' id='word_1_671' title='bbox 1042 2151 1135 2177; x_wconf 84' lang='lat' dir='ltr'><strong>ditum</strong></span> <span class='ocrx_word' id='word_1_672' title='bbox 1155 2150 1243 2177; x_wconf 79' lang='lat' dir='ltr'><strong>fuisse</strong></span> <span class='ocrx_word' id='word_1_673' title='bbox 1259 2148 1468 2184; x_wconf 79' lang='lat' dir='ltr'><strong>acceperimus,</strong></span> <span class='ocrx_word' id='word_1_674' title='bbox 1495 2149 1638 2176; x_wconf 82' lang='lat' dir='ltr'><strong>rationem</strong></span> <span class='ocrx_word' id='word_1_675' title='bbox 1655 2157 1713 2184; x_wconf 87' lang='lat' dir='ltr'><strong>qua</strong></span> <span class='ocrx_word' id='word_1_676' title='bbox 1729 2148 1873 2176; x_wconf 77' lang='lat' dir='ltr'><strong>conditus</strong></span> 
     </span>
    </p>
   </div>
   <div class='ocr_carea' id='block_1_105' title="bbox 1043 2192 1874 2228">
    <p class='ocr_par' dir='ltr' id='par_1_105' title="bbox 1043 2192 1874 2228">
     <span class='ocr_line' id='line_1_105' title="bbox 1043 2192 1874 2228; baseline 0 -7"><span class='ocrx_word' id='word_1_677' title='bbox 1043 2195 1139 2227; x_wconf 83' lang='lat' dir='ltr'><strong>fuerit,</strong></span> <span class='ocrx_word' id='word_1_678' title='bbox 1156 2195 1269 2221; x_wconf 79' lang='lat' dir='ltr'><strong>curiose</strong></span> <span class='ocrx_word' id='word_1_679' title='bbox 1286 2202 1342 2220; x_wconf 85' lang='lat' dir='ltr'><strong>non</strong></span> <span class='ocrx_word' id='word_1_680' title='bbox 1359 2193 1552 2228; x_wconf 82' lang='lat' dir='ltr'><strong>exquirimus,</strong></span> <span class='ocrx_word' id='word_1_681' title='bbox 1569 2192 1678 2228; x_wconf 87' lang='lat' dir='ltr'><strong>quippe</strong></span> <span class='ocrx_word' id='word_1_682' title='bbox 1704 2193 1752 2228; x_wconf 90' lang='lat' dir='ltr'><strong>qui</strong></span> <span class='ocrx_word' id='word_1_683' title='bbox 1780 2192 1874 2228; x_wconf 81' lang='lat' dir='ltr'><strong>plane</strong></span> 
     </span>
    </p>
   </div>
   <div class='ocr_carea' id='block_1_106' title="bbox 1042 2237 1878 2274">
    <p class='ocr_par' dir='ltr' id='par_1_106' title="bbox 1042 2237 1878 2274">
     <span class='ocr_line' id='line_1_106' title="bbox 1042 2237 1878 2274; baseline -0.001 -7"><span class='ocrx_word' id='word_1_684' title='bbox 1042 2240 1182 2272; x_wconf 85' lang='lat' dir='ltr'><strong>sciamus,</strong></span> <span class='ocrx_word' id='word_1_685' title='bbox 1215 2247 1278 2266; x_wconf 87' lang='lat' dir='ltr'><strong>eam</strong></span> <span class='ocrx_word' id='word_1_686' title='bbox 1317 2237 1396 2265; x_wconf 86' lang='lat' dir='ltr'><strong>nullo</strong></span> <span class='ocrx_word' id='word_1_687' title='bbox 1434 2238 1516 2265; x_wconf 85' lang='lat' dir='ltr'><strong>modo</strong></span> <span class='ocrx_word' id='word_1_688' title='bbox 1552 2246 1637 2273; x_wconf 69' lang='lat' dir='ltr'><strong>posse</strong></span> <span class='ocrx_word' id='word_1_689' title='bbox 1675 2237 1785 2274; x_wconf 85' lang='lat' dir='ltr'><strong>percipi</strong></span> <span class='ocrx_word' id='word_1_690' title='bbox 1821 2241 1878 2266; x_wconf 84' lang='lat' dir='ltr'><strong>aut.</strong></span> 
     </span>
    </p>
   </div>
   <div class='ocr_carea' id='block_1_107' title="bbox 1010 2285 1194 2321">
    <p class='ocr_par' dir='ltr' id='par_1_107' title="bbox 1010 2285 1194 2321">
     <span class='ocr_line' id='line_1_107' title="bbox 1010 2285 1194 2321; baseline -0.011 -8"><span class='ocrx_word' id='word_1_691' title='bbox 1010 2289 1031 2320; x_wconf 80' lang='grc' dir='ltr'><strong>ι)</strong></span> <span class='ocrx_word' id='word_1_692' title='bbox 1047 2285 1194 2321; x_wconf 83' lang='lat' dir='ltr'><strong>explicari.</strong></span> 
     </span>
    </p>
   </div>
   <div class='ocr_carea' id='block_1_108' title="bbox 1076 2354 1877 2390">
    <p class='ocr_par' dir='ltr' id='par_1_108' title="bbox 1076 2354 1877 2390">
     <span class='ocr_line' id='line_1_108' title="bbox 1076 2354 1877 2390; baseline 0 -7"><span class='ocrx_word' id='word_1_693' title='bbox 1076 2356 1156 2389; x_wconf 91' lang='lat' dir='ltr'><strong>Quod</strong></span> <span class='ocrx_word' id='word_1_694' title='bbox 1175 2357 1274 2383; x_wconf 88' lang='lat' dir='ltr'><strong>autem</strong></span> <span class='ocrx_word' id='word_1_695' title='bbox 1289 2355 1363 2382; x_wconf 88' lang='lat' dir='ltr'><strong>Deus</strong></span> <span class='ocrx_word' id='word_1_696' title='bbox 1393 2355 1420 2382; x_wconf 94' lang='lat' dir='ltr'><strong>in</strong></span> <span class='ocrx_word' id='word_1_697' title='bbox 1439 2363 1526 2382; x_wconf 82' lang='lat' dir='ltr'><strong>carne</strong></span> <span class='ocrx_word' id='word_1_698' title='bbox 1545 2355 1630 2383; x_wconf 88' lang='lat' dir='ltr'><strong>nobis</strong></span> <span class='ocrx_word' id='word_1_699' title='bbox 1647 2354 1829 2390; x_wconf 81' lang='lat' dir='ltr'><strong>apparuerit,</strong></span> <span class='ocrx_word' id='word_1_700' title='bbox 1847 2354 1877 2383; x_wconf 84' lang='lat' dir='ltr'><strong>si</strong></span> 
     </span>
    </p>
   </div>
   <div class='ocr_carea' id='block_1_109' title="bbox 1044 2399 1875 2437">
    <p class='ocr_par' dir='ltr' id='par_1_109' title="bbox 1044 2399 1875 2437">
     <span class='ocr_line' id='line_1_109' title="bbox 1044 2399 1875 2437; baseline -0.002 -9"><span class='ocrx_word' id='word_1_701' title='bbox 1044 2402 1110 2437; x_wconf 90' lang='lat' dir='ltr'><strong>quis</strong></span> <span class='ocrx_word' id='word_1_702' title='bbox 1140 2399 1405 2427; x_wconf 82' lang='lat' dir='ltr'><strong>demonstrationes</strong></span> <span class='ocrx_word' id='word_1_703' title='bbox 1434 2399 1539 2434; x_wconf 89' lang='lat' dir='ltr'><strong>inquit,</strong></span> <span class='ocrx_word' id='word_1_704' title='bbox 1567 2399 1592 2426; x_wconf 88' lang='lat' dir='ltr'><strong>is</strong></span> <span class='ocrx_word' id='word_1_705' title='bbox 1608 2399 1672 2434; x_wconf 86' lang='lat' dir='ltr'><strong>ejus</strong></span> <span class='ocrx_word' id='word_1_706' title='bbox 1697 2407 1785 2434; x_wconf 86' lang='lat' dir='ltr'><strong>opera</strong></span> <span class='ocrx_word' id='word_1_707' title='bbox 1799 2406 1875 2427; x_wconf 88' lang='lat' dir='ltr'><strong>con-</strong></span> 
     </span>
    </p>
   </div>
   <div class='ocr_carea' id='block_1_110' title="bbox 1042 2442 1877 2481">
    <p class='ocr_par' dir='ltr' id='par_1_110' title="bbox 1042 2442 1877 2481">
     <span class='ocr_line' id='line_1_110' title="bbox 1042 2442 1877 2481; baseline -0.004 -8"><span class='ocrx_word' id='word_1_708' title='bbox 1042 2445 1156 2481; x_wconf 84' lang='lat' dir='ltr'><strong>spiciat.</strong></span> <span class='ocrx_word' id='word_1_709' title='bbox 1173 2444 1246 2471; x_wconf 82' lang='lat' dir='ltr'><strong>Nam</strong></span> <span class='ocrx_word' id='word_1_710' title='bbox 1264 2446 1292 2471; x_wconf 88' lang='lat' dir='ltr'><strong>et</strong></span> <span class='ocrx_word' id='word_1_711' title='bbox 1306 2444 1383 2479; x_wconf 89' lang='lat' dir='ltr'><strong>quod</strong></span> <span class='ocrx_word' id='word_1_712' title='bbox 1403 2444 1476 2471; x_wconf 78' lang='lat' dir='ltr'><strong>Deus</strong></span> <span class='ocrx_word' id='word_1_713' title='bbox 1500 2444 1562 2479; x_wconf 87' lang='lat' dir='ltr'><strong>ipse</strong></span> <span class='ocrx_word' id='word_1_714' title='bbox 1578 2443 1626 2477; x_wconf 84' lang='lat' dir='ltr'><strong>sit,</strong></span> <span class='ocrx_word' id='word_1_715' title='bbox 1644 2443 1723 2471; x_wconf 90' lang='lat' dir='ltr'><strong>nullo</strong></span> <span class='ocrx_word' id='word_1_716' title='bbox 1738 2442 1796 2470; x_wconf 90' lang='lat' dir='ltr'><strong>alio</strong></span> <span class='ocrx_word' id='word_1_717' title='bbox 1813 2442 1877 2470; x_wconf 86' lang='lat' dir='ltr'><strong>nisi</strong></span> 
     </span>
    </p>
   </div>
   <div class='ocr_carea' id='block_1_111' title="bbox 1044 2487 1879 2526">
    <p class='ocr_par' dir='ltr' id='par_1_111' title="bbox 1044 2487 1879 2526">
     <span class='ocr_line' id='line_1_111' title="bbox 1044 2487 1879 2526; baseline -0.005 -7"><span class='ocrx_word' id='word_1_718' title='bbox 1044 2498 1163 2526; x_wconf 89' lang='lat' dir='ltr'><strong>operum</strong></span> <span class='ocrx_word' id='word_1_719' title='bbox 1182 2488 1275 2523; x_wconf 85' lang='lat' dir='ltr'><strong>ipsius</strong></span> <span class='ocrx_word' id='word_1_720' title='bbox 1298 2488 1465 2516; x_wconf 85' lang='lat' dir='ltr'><strong>testimonio</strong></span> <span class='ocrx_word' id='word_1_721' title='bbox 1495 2488 1712 2524; x_wconf 88' lang='lat' dir='ltr'><strong>comprobatur.</strong></span> <span class='ocrx_word' id='word_1_722' title='bbox 1729 2487 1766 2515; x_wconf 89' lang='lat' dir='ltr'><strong>Ut</strong></span> <span class='ocrx_word' id='word_1_723' title='bbox 1779 2487 1879 2523; x_wconf 82' lang='lat' dir='ltr'><strong>igitur</strong></span> 
     </span>
    </p>
   </div>
   <div class='ocr_carea' id='block_1_112' title="bbox 1043 2533 1878 2569">
    <p class='ocr_par' dir='ltr' id='par_1_112' title="bbox 1043 2533 1878 2569">
     <span class='ocr_line' id='line_1_112' title="bbox 1043 2533 1878 2569; baseline -0.006 -4"><span class='ocrx_word' id='word_1_724' title='bbox 1043 2544 1139 2565; x_wconf 87' lang='lat' dir='ltr'><strong>rerum</strong></span> <span class='ocrx_word' id='word_1_725' title='bbox 1157 2534 1374 2562; x_wconf 65' lang='lat' dir='ltr'><strong>universitatem</strong></span> <span class='ocrx_word' id='word_1_726' title='bbox 1401 2534 1559 2566; x_wconf 85' lang='lat' dir='ltr'><strong>intuentes,</strong></span> <span class='ocrx_word' id='word_1_727' title='bbox 1591 2540 1752 2569; x_wconf 81' lang='lat' dir='ltr'><strong>earumque</strong></span> <span class='ocrx_word' id='word_1_728' title='bbox 1768 2533 1878 2560; x_wconf 86' lang='lat' dir='ltr'><strong>mode-</strong></span> 
     </span>
    </p>
   </div>
   <div class='ocr_carea' id='block_1_113' title="bbox 1044 2577 1879 2614">
    <p class='ocr_par' dir='ltr' id='par_1_113' title="bbox 1044 2577 1879 2614">
     <span class='ocr_line' id='line_1_113' title="bbox 1044 2577 1879 2614; baseline -0.005 -5"><span class='ocrx_word' id='word_1_729' title='bbox 1044 2581 1185 2609; x_wconf 87' lang='lat' dir='ltr'><strong>rationem</strong></span> <span class='ocrx_word' id='word_1_730' title='bbox 1204 2582 1231 2606; x_wconf 90' lang='lat' dir='ltr'><strong>et</strong></span> <span class='ocrx_word' id='word_1_731' title='bbox 1260 2578 1400 2612; x_wconf 88' lang='lat' dir='ltr'><strong>ordinem,</strong></span> <span class='ocrx_word' id='word_1_732' title='bbox 1431 2578 1556 2614; x_wconf 61' lang='lat' dir='ltr'><strong>vitaeque</strong></span> <span class='ocrx_word' id='word_1_733' title='bbox 1584 2580 1690 2605; x_wconf 77' lang='lat' dir='ltr'><strong>nostra:</strong></span> <span class='ocrx_word' id='word_1_734' title='bbox 1717 2577 1879 2606; x_wconf 82' lang='lat' dir='ltr'><strong>commoda</strong></span> 
     </span>
    </p>
   </div>
   <div class='ocr_carea' id='block_1_114' title="bbox 1044 2622 1877 2659">
    <p class='ocr_par' dir='ltr' id='par_1_114' title="bbox 1044 2622 1877 2659">
     <span class='ocr_line' id='line_1_114' title="bbox 1044 2622 1877 2659; baseline -0.005 -5"><span class='ocrx_word' id='word_1_735' title='bbox 1044 2625 1185 2654; x_wconf 84' lang='lat' dir='ltr'><strong>divinitus</strong></span> <span class='ocrx_word' id='word_1_736' title='bbox 1202 2624 1269 2651; x_wconf 88' lang='lat' dir='ltr'><strong>data</strong></span> <span class='ocrx_word' id='word_1_737' title='bbox 1285 2623 1516 2659; x_wconf 82' lang='lat' dir='ltr'><strong>considerantes,</strong></span> <span class='ocrx_word' id='word_1_738' title='bbox 1528 2623 1754 2658; x_wconf 82' lang='lat' dir='ltr'><strong>vimquamdam</strong></span> <span class='ocrx_word' id='word_1_739' title='bbox 1767 2622 1877 2650; x_wconf 83' lang='lat' dir='ltr'><strong>mundi</strong></span> 
     </span>
    </p>
   </div>
   <div class='ocr_carea' id='block_1_115' title="bbox 1045 2666 1879 2703">
    <p class='ocr_par' dir='ltr' id='par_1_115' title="bbox 1045 2666 1879 2703">
     <span class='ocr_line' id='line_1_115' title="bbox 1045 2666 1879 2703; baseline -0.004 -5"><span class='ocrx_word' id='word_1_740' title='bbox 1045 2670 1231 2702; x_wconf 69' lang='lat' dir='ltr'><strong>effectricem,</strong></span> <span class='ocrx_word' id='word_1_741' title='bbox 1249 2668 1552 2703; x_wconf 86' lang='lat' dir='ltr'><strong>conservatricemque</strong></span> <span class='ocrx_word' id='word_1_742' title='bbox 1567 2666 1828 2703; x_wconf 78' lang='lat' dir='ltr'><strong>cognoscimus,sic</strong></span> <span class='ocrx_word' id='word_1_743' title='bbox 1845 2667 1879 2695; x_wconf 88' lang='lat' dir='ltr'><strong>in</strong></span> 
     </span>
    </p>
   </div>
   <div class='ocr_carea' id='block_1_116' title="bbox 1046 2711 1879 2749">
    <p class='ocr_par' dir='ltr' id='par_1_116' title="bbox 1046 2711 1879 2749">
     <span class='ocr_line' id='line_1_116' title="bbox 1046 2711 1879 2749; baseline -0.006 -5"><span class='ocrx_word' id='word_1_744' title='bbox 1046 2716 1103 2744; x_wconf 85' lang='lat' dir='ltr'><strong>Deo</strong></span> <span class='ocrx_word' id='word_1_745' title='bbox 1118 2714 1202 2742; x_wconf 84' lang='lat' dir='ltr'><strong>nobis</strong></span> <span class='ocrx_word' id='word_1_746' title='bbox 1220 2721 1269 2749; x_wconf 86' lang='lat' dir='ltr'><strong>per</strong></span> <span class='ocrx_word' id='word_1_747' title='bbox 1290 2721 1408 2742; x_wconf 87' lang='lat' dir='ltr'><strong>carnem</strong></span> <span class='ocrx_word' id='word_1_748' title='bbox 1436 2713 1580 2749; x_wconf 83' lang='lat' dir='ltr'><strong>patefacto</strong></span> <span class='ocrx_word' id='word_1_749' title='bbox 1605 2712 1778 2740; x_wconf 82' lang='lat' dir='ltr'><strong>admiranda</strong></span> <span class='ocrx_word' id='word_1_750' title='bbox 1793 2711 1879 2740; x_wconf 79' lang='lat' dir='ltr'><strong>illius</strong></span> 
     </span>
    </p>
   </div>
   <div class='ocr_carea' id='block_1_117' title="bbox 1083 2787 1457 2831">
    <p class='ocr_par' dir='ltr' id='par_1_117' title="bbox 1083 2787 1457 2831">
     <span class='ocr_line' id='line_1_117' title="bbox 1083 2787 1457 2831; baseline -0.011 -8"><span class='ocrx_word' id='word_1_751' title='bbox 1083 2796 1139 2831; x_wconf 71' lang='grc'><strong>(54)</strong></span> <span class='ocrx_word' id='word_1_752' title='bbox 1150 2794 1234 2822; x_wconf 83' lang='lat' dir='ltr'><strong>Tom.</strong></span> <span class='ocrx_word' id='word_1_753' title='bbox 1250 2793 1327 2825; x_wconf 82' lang='lat' dir='ltr'><strong>XLV,</strong></span> <span class='ocrx_word' id='word_1_754' title='bbox 1344 2787 1399 2821; x_wconf 49' lang='lat' dir='ltr'><strong>coli</strong></span> <span class='ocrx_word' id='word_1_755' title='bbox 1415 2792 1457 2819; x_wconf 83' lang='grc'><strong>10.</strong></span> 
     </span>
    </p>
   </div>
   <div class='ocr_carea' id='block_1_118' title="bbox 1845 2855 2024 3195">
    <p class='ocr_par' dir='ltr' id='par_1_118' title="bbox 1849 2859 2020 3193">
     <span class='ocr_line' id='line_1_118' title="bbox 1849 2859 2020 3193; baseline 0 -59"><span class='ocrx_word' id='word_1_756' title='bbox 1849 2859 2020 3193; x_wconf 51' lang='grc' dir='ltr'><em>Α</em></span> 
     </span>
    </p>
   </div>
  </div>
