4052 6390
292 413 447 472 1225

1612 400 1873 460 THESA
1889 398 2014 459 URl
2061 398 2209 458 LIB.
2260 397 2370 456 ΙΙΙ.

3554 398 3709 457 1226

290 561 469 618 Opera
498 539 715 597 similia
737 540 812 594 iis
843 554 971 610 qua:
1001 536 1217 606 scripta
1239 533 1618 605 sunt,quibus
1651 537 1933 603 tanquam
1966 536 2018 601 Α
2049 545 2179 585 esse
2211 527 2508 595 concedis,
2543 544 2609 583 ex
2670 527 2889 582 eisdem
2925 524 3093 580 dabis
3125 524 3386 589 omnino,
3429 530 3482 580 et
3512 532 3708 582 ortum

293 642 469 704 notis,
519 640 728 689 natura
786 631 984 685 divina
1061 628 1409 690 declaratur,
1457 623 1717 695 locuples
1778 621 1944 676 nobis

291 724 618 781 divinitatis
645 724 773 793 ejus
811 718 1209 775 testimonium
1248 717 1517 772 afferunt.
1556 712 1657 767 Dei
1691 726 1943 781 namque

292 805 419 872 esse
449 812 882 885 cognoscimus,
916 806 1254 863 hominibus
1293 806 1470 859 vitam
1509 804 1784 857 tribuere.
1819 798 1939 863 Dei,

288 922 357 961 ea
391 920 521 976 qua:
555 908 691 958 sunt
722 897 1087 974 providentia
1114 895 1287 966 tueri,
1329 910 1393 949 ac
1420 907 1783 950 conservare.
1818 889 1940 955 Dei,

289 996 484 1049 cibum
535 1000 591 1049 et
640 997 838 1064 potum
870 989 943 1044 iis
977 1005 1103 1060 quae
1153 986 1214 1040 in
1248 1001 1424 1041 carne
1485 983 1664 1037 vitam
1698 982 1940 1052 degunt,

289 1084 543 1155 elargiri.
595 1083 718 1148 Dei,
753 1082 823 1136 de
850 1077 1212 1151 pauperibus
1264 1080 1321 1130 et
1360 1070 1761 1144 indigentibus
1795 1070 1943 1123 bene

289 1174 517 1230 mereri.
540 1172 663 1239 Dei,
692 1175 961 1225 naturam
999 1184 1129 1237 qua:
1160 1162 1499 1219 inﬁrmitate
1529 1178 1637 1217 sua
1669 1161 1738 1214 de
1788 1161 1944 1213 recta

286 1264 378 1318 via
425 1262 762 1328 deﬂexerat,
814 1258 1088 1311 reducere
1139 1254 1210 1309 ad
1265 1252 1590 1319 sanitatem,
1633 1256 1689 1303 et
1736 1248 1793 1303 in
1825 1246 1940 1316 pri-

287 1354 507 1407 stinum
542 1355 765 1404 statum
798 1362 1069 1402 revocare
1100 1362 1115 1411 ;
1148 1342 1272 1407 Dei,
1304 1340 1532 1397 cunctis
1572 1353 1735 1410 aeque
1767 1336 1940 1391 rebus

287 1442 608 1513 procreatis
642 1438 957 1508 imperare,
1001 1439 1190 1497 terrae,
1228 1430 1398 1498 mari,
1431 1429 1571 1497 aeri,
1628 1432 1684 1482 et
1713 1426 1785 1479 iis
1814 1440 1939 1495 qua:

286 1548 466 1599 supra
496 1545 689 1584 aerem
743 1529 856 1580 sita
897 1528 1061 1579 sunt.
1097 1522 1215 1589 Dei,
1265 1523 1602 1591 perpetuam
1651 1516 1711 1570 in
1743 1515 1943 1569 omnia

284 1623 633 1691 potestatem
704 1616 937 1682 habere,
997 1609 1409 1680 imprimisque
1457 1621 1585 1661 esse
1656 1608 1838 1658 morte
1888 1608 1943 1657 et

282 1707 653 1778 corruptione
687 1699 1294 1775 superiorem.Horum
1336 1697 1380 1751 si
1407 1694 1547 1767 quid
1580 1693 1638 1747 in
1671 1691 1937 1759 historia,

282 1816 402 1869 qua
448 1796 566 1851 vita
599 1794 788 1866 ipsius
820 1788 1196 1857 describitur,
1231 1785 1616 1851 desideratur,
1654 1782 1741 1835 illi
1773 1781 1873 1851 qui
1907 1797 1939 1833 a

2055 624 2111 673 et
2142 622 2386 673 mortem
2422 620 2546 687 ejus
2579 633 2612 671 a
2646 616 3017 686 corruptione
3049 614 3246 685 procul
3281 615 3708 678 abfuisse.0uaa

2053 707 2101 760 si
2141 712 2408 761 naturam
2442 709 2743 775 superant,
2778 704 2825 757 is
2858 704 3010 758 intra
3055 713 3323 758 naturam
3370 719 3483 758 non
3514 705 3704 759 conti-

2054 801 2247 863 netur,
2296 795 2393 866 qui
2462 800 2693 866 prspter
2753 794 2873 848 haec
2932 797 3139 848 natura
3204 795 3472 863 superior
3526 793 3705 850 fuisse

2052 885 2537 953 demonstratur.)

2685 990 2840 1045 CAP.
2876 988 3073 1043 XXXI.

2050 1099 2311 1161 Maximi,
2343 1099 2410 1152 de
2440 1098 2630 1151 divina
2684 1096 3092 1162 incarnatione,
3133 1110 3202 1148 ea:
3242 1094 3701 1165 interpretatione

2124 1171 2390 1224 orationis
2465 1169 2531 1222 de
2606 1174 2754 1223 recta
2825 1168 3182 1235 confessione.
3266 1167 3702 1233 [Ιηεανηαιτόιιίε

2126 1242 2391 1311 mysteria
2426 1239 2637 1294 nullius
2652 1238 2926 1308 facundia
2955 1237 3197 1308 exprimi
3215 1239 3556 1305 possunt,:ed
3587 1241 3705 1295 sola

2125 1312 2227 1381 ﬁde
2275 1318 2593 1367 creduntur.

2128 1421 2175 1473 1.
2212 1419 2422 1490 Ecquis
2482 1423 2700 1472 tantum
2735 1415 2962 1471 excellit
3023 1415 3251 1470 dicendi
3292 1414 3590 1481 facultate,
3638 1420 3701 1469 ut

2050 1509 2388 1576 audeat,aut
2419 1507 2604 1579 possit
2628 1505 2932 1577 explicare,
2966 1505 3260 1576 quomodo
3310 1504 3698 1575 comprehen-

2051 1614 2153 1653 sus
2186 1598 2262 1650 sit
2296 1603 2443 1652 Deus
2477 1598 2505 1652 ?

2120 1689 2173 1741 2.
2204 1686 2500 1751 Quomodo
2534 1701 2665 1739 caro
2693 1684 2820 1739 sine
2847 1683 3069 1739 semine
3091 1686 3365 1753 generata
3396 1683 3472 1737 sit
3502 1682 3529 1736 ?

2119 1777 2172 1832 3.
2226 1776 2524 1840 Quomotlo
2571 1776 2694 1829 sine
2745 1774 3114 1846 corruptione
3172 1771 3435 1827 mulieris
3495 1778 3696 1842 partus

280 1886 563 1956 religione
611 1888 748 1939 sunt
798 1880 997 1949 alieni,
1031 1877 1241 1933 merito
1290 1874 1632 1945 mysterium
1669 1875 1935 1925 nostrum
1967 1902 2014 1967 Β
2048 1864 2330 1922 exstiterit
2362 1866 2389 1919 ?

280 1976 675 2048 repudiarent.
712 1973 811 2027 Sin
845 1969 1042 2024 omnia
1085 1965 1302 2037 quibus
1342 1963 1494 2018 Deus
1543 1959 1931 2031 cognoscitur,

280 2047 440 2121 inea
473 2055 1088 2133 conspiciuntur,quid
1114 2054 1382 2126 prohibet
1407 2050 1726 2122 quominus
1756 2047 1930 2101 ﬁdem

283 2154 741 2223 religionemque
803 2146 1091 2217 suscipias
1122 2144 1148 2199 ‘I
1176 2148 1240 2198 At
1271 2142 1451 2207 enim,
1482 2139 1737 2210 inquies,
1771 2132 1933 2191 nasci

284 2250 341 2298 et
398 2243 559 2299 obire
608 2239 843 2313 propria
884 2242 1022 2293 sunt
1080 2235 1325 2304 hujusce
1372 2230 1585 2285 carnis.
1619 2226 1930 2296 Concedo:

280 2350 488 2391 verum
543 2347 611 2386 ea
642 2347 769 2401 quas
804 2332 1003 2384 ortum
1030 2325 1157 2395 ejus
1216 2322 1659 2395 praecesserunt,
1693 2329 1937 2387 qumque

288 2432 534 2479 mortem
570 2424 711 2475 sunt
740 2418 1448 2480 subsecuta,communem
1475 2414 1694 2463 naturae
1728 2411 1935 2459 nostra?

283 2511 683 2569 conditionem
709 2509 991 2578 superant
1024 2520 1036 2558 :
1065 2518 1196 2558 nam
1220 2500 1269 2555 si
1289 2494 1935 2567 utrumqueterminum

284 2603 555 2657 humanae
587 2598 714 2653 vitae
746 2595 1101 2659 consideres,
1136 2589 1359 2645 videbis
1393 2589 1547 2642 unde
1588 2585 1941 2654 incipiamus

285 2696 345 2747 et
379 2706 493 2761 quo
523 2685 971 2743 deducamur.A
999 2679 1372 2750 corruptione
1402 2676 1559 2731 enim
1584 2671 1939 2745 principium

286 2780 580 2846 ducimus,
612 2781 670 2831 et
708 2775 768 2830 in
802 2771 1243 2842 corruptionem
1276 2766 1606 2822 desinimus
1638 2780 1651 2817 :
1686 2762 1814 2831 ejus
1845 2776 1940 2815 au-

285 2875 409 2925 tem
471 2883 576 2920 nec
652 2870 844 2920 ortum
898 2877 1003 2917 nec
1050 2862 1295 2913 mortem
1348 2853 1570 2924 excepit
1624 2848 1940 2919 corruptio.

289 2957 409 3012 Hoc
445 2954 547 3011 tibi
576 2950 986 3008 admirandum
1022 2947 1252 3003 videtur
1280 2949 1339 2999 et
1371 2940 1710 2998 incredibile
1742 2939 1768 2993 ‘I
1800 2940 1944 2993 Gau-

292 3047 424 3101 deo.
457 3046 592 3110 Quee
622 3041 777 3097 enim
812 3056 991 3110 supra
1024 3052 1197 3107 quam
1226 3034 1381 3089 credi
1413 3031 1661 3103 poss'nt,
1696 3028 1944 3083 admira-

294 3133 444 3191 bilia
493 3136 686 3203 putas,
746 3145 814 3184 ea
873 3143 1054 3197 supra
1114 3128 1385 3179 naturam
1437 3136 1566 3175 esse
1625 3114 1942 3173 conﬁteris.

295 3225 668 3293 Quapropter
728 3219 835 3273 hoc
871 3215 976 3271 tibi
1010 3211 1332 3268 divinitatis
1380 3210 1510 3280 ejus
1552 3206 1945 3264 certissimum

295 3315 372 3369 sit
433 3312 866 3380 argumentum,
899 3304 1049 3375 quod
1106 3318 1231 3370 quae
1264 3301 1334 3355 de
1381 3298 1481 3353 illo
1537 3297 1947 3369 praedicantur,

296 3419 417 3458 non
452 3393 1029 3469 sequunturomnino
1045 3391 1308 3447 ordinem
1331 3388 1655 3443 naturalem
1695 3403 1707 3439 :
1739 3385 1952 3439 etenim

297 3495 347 3549 si
381 3507 455 3545 ea
503 3505 632 3560 qua:
664 3487 734 3541 de
765 3484 994 3539 Christo
1046 3479 1339 3535 memoria
1398 3476 1627 3548 prodita
1657 3477 1816 3540 sunt,
1852 3489 1952 3527 na-

295 3587 455 3637 turae
487 3576 756 3633 terminis
788 3572 986 3629 omnia
1017 3564 1583 3629 continerentur,ubi
1615 3563 1773 3617 illius
1801 3565 1956 3617 esset

297 3668 587 3728 divinitas
618 3666 645 3719 ’ἶ
667 3664 808 3719 Cum
851 3678 981 3716 vero
1018 3659 1359 3723 multorum,
1392 3655 1605 3725 quibus
1634 3653 1804 3706 ﬁdem
1842 3666 1953 3705 non

296 3761 511 3825 babes,
547 3755 691 3810 ratio
724 3756 990 3807 naturam
1021 3750 1277 3819 superet,
1312 3745 1430 3798 hazc
1470 3742 1599 3814 ipsa
1628 3739 1957 3796 testimonio

296 3852 472 3914 sunt,
506 3844 675 3899 Illum
709 3857 883 3914 quem
946 3838 1338 3910 praedicamus
1388 3833 1569 3887 Deum
1605 3830 1776 3886 etiam
1809 3843 1955 3883 esse.

297 3936 590 3994 Homines
649 3932 806 3986 enim
857 3930 1211 4001 generantur
1252 3940 1321 3979 ex
1354 3927 1659 3993 parentum
1711 3918 1958 3988 conjun-

297 4029 527 4089 ctione,
561 4026 617 4078 et
645 4024 775 4093 post
805 4022 1053 4073 mortem
1087 4016 1275 4085 ipsam
1318 4018 1792 4080 corrumpuntur.
1826 4007 1959 4070 Quae

298 4120 351 4175 si
404 4116 486 4170 de
519 4115 642 4182 ipso
675 4110 1030 4174 dicerentur,
1064 4110 1245 4159 Deum
1279 4117 1407 4156 esse
1457 4116 1572 4154 non
1613 4114 1815 4169 posses
1842 4096 1960 4151 exi-

301 4208 580 4268 stimare,
614 4214 787 4270 quem
816 4196 1082 4251 eamdem
1116 4207 1291 4262 quam
1328 4206 1454 4257 nos,
1497 4187 1710 4243 habere
1743 4191 1964 4240 natura:

306 4290 718 4355 conditionem
772 4285 1147 4355 intelligeres.
1204 4284 1269 4335 At
1327 4293 1463 4334 cum
1523 4277 1692 4331 illum
1727 4276 1964 4346 quidem

306 4391 528 4443 natum
574 4394 701 4434 esse
735 4377 920 4441 audis,
963 4372 1058 4428 sed
1095 4368 1375 4426 nascendi
1429 4369 1653 4421 ratione
1701 4381 1965 4421 commu-

311 4491 452 4532 nem
489 4474 712 4525 naturte
762 4468 972 4520 nostrae
1014 4461 1276 4517 ordinem
1309 4473 1638 4528 superasse,
1672 4454 1970 4510 eumdem-

312 4581 437 4637 que
471 4563 769 4615 mortuum
802 4555 1060 4624 quidem,
1096 4551 1191 4605 sed
1224 4547 1652 4617 corrUptionem
1688 4560 1801 4598 non
1835 4543 1970 4598 atti-

2118 1958 2168 2010 4.
2220 1956 2521 2019 Quomodo
2580 1954 2740 2023 virgo
2801 1952 2961 2007 nullo
3022 1950 3408 2007 intercedente
3454 1949 3692 2005 homine

2043 2050 2231 2100 mater
2262 2044 2512 2100 evaserit
2540 2044 2567 2097 τ

2112 2144 2166 2197 5.
2207 2142 2507 2204 Quomodo
2542 2144 2746 2209 mater,
2781 2144 2946 2210 partu
2982 2138 3372 2208 virginitatem
3430 2152 3544 2191 non
3580 2134 3702 2191 sol-

2044 2236 2234 2298 vente,
2268 2230 2428 2302 virgo
2464 2228 2843 2299 permanserit
2872 2230 2899 2282 ?

2117 2322 2171 2374 6.
2207 2320 2274 2374 Et
2303 2320 2391 2391 (ut
2419 2323 2675 2373 extremo
2728 2318 2850 2372 loco
2881 2317 3031 2387 quod
3069 2316 3323 2387 primum
3358 2318 3446 2369 est
3479 2313 3695 2383 dicam)

2049 2410 2338 2482 quomodo
2374 2414 2522 2463 Deus
2564 2408 2752 2462 factus
2784 2406 2862 2461 sit
2892 2407 3062 2461 homo
3092 2406 3119 2459 ‘l

2116 2501 2173 2555 7.
2208 2502 2278 2553 Et
2307 2497 2484 2568 (quod
2510 2497 2703 2565 majus
2732 2495 3071 2567 mysterium
3102 2493 3383 2561 continet)
3406 2492 3699 2563 quomodo

2050 2605 2151 2660 per
2165 2588 2477 2642 essentiam
2496 2586 2711 2641 secund
2724 2601 2818 2639 um
2838 2600 3145 2656 personam
3165 2582 3221 2635 in
3237 2598 3408 2637 carne
3423 2579 3640 2636 cxistcn
3653 2597 3701 2645 s,

2052 2695 2154 2750 per
2184 2676 2496 2731 essentiam
2523 2675 2847 2731 secundum
2872 2688 3181 2745 personam
3207 2675 3365 2727 totus
3397 2668 3704 2741 semperin

2051 2767 2216 2822 Patre
2244 2765 2417 2821 fuerit
2445 2765 2473 2819 ?

2122 2857 2175 2909 8.
2228 2854 2529 2919 Quomodo
2576 2861 2631 2908 et
2676 2856 2836 2908 totus
2869 2852 2944 2906 sit
2993 2857 3202 2905 natura
3233 2849 3431 2915 ‘Deus,
3463 2854 3518 2902 et
3544 2850 3705 2903 totus

2057 2950 2264 3001 natura
2306 2945 2389 2999 ita
2445 2943 2635 2998 factus
2666 2942 2744 2996 sit
2774 2942 2971 3005 homo,
3010 2947 3071 2994 ut
3128 2955 3233 2993 nec
3291 2936 3568 3004 divinam,
3602 2952 3707 2991 nec

2055 3036 2377 3091 humanam
2430 3033 2727 3102 abjiceret,
2784 3032 2881 3086 sed
2932 3032 3136 3085 ambas
3197 3029 3323 3083 sine
3362 3026 3708 3082 confusione

2058 3128 2404 3196 coniunctas
2434 3125 2805 3179 conservaret
2832 3120 2861 3175 ?

2131 3218 2179 3271 1.
2216 3216 2342 3270 Haec
2375 3215 2517 3269 ﬁdes
2554 3211 2677 3267 sola
2706 3210 3312 3283 comprehendit,cum
3347 3223 3550 3263 eorum
3578 3223 3707 3278 quas

2064 3310 2315 3361 mentem
2348 3308 2404 3359 et
2434 3301 2847 3374 cogitationem
2864 3303 3142 3369 superant
3173 3296 3591 3353 demonstratio
3606 3296 3708 3365 sit,

2059 3400 2234 3465 atque
2265 3393 2438 3448 etiam
2473 3388 2724 3461 cognitio
2755 3394 2811 3445 et
2840 3388 3105 3454 scientia,
3141 3404 3268 3459 quae
3302 3385 3481 3441 nullis
3517 3383 3706 3440 verbis

2061 3482 2451 3539 demonstrari
2484 3480 2685 3551 possit.

2129 3576 2180 3628 2.
2232 3571 2533 3641 Ejusdem,
2593 3571 2911 3625 Adamusa
2955 3567 3153 3623 divino
3216 3565 3494 3620 mandato
3551 3577 3708 3617 rece-

2062 3664 2206 3718 dens
2237 3662 2294 3716 in
2331 3677 2509 3715 causa
2540 3659 2667 3727 fuit,
2702 3664 2767 3713 ut
2789 3658 3047 3712 hominis
3081 3654 3432 3727 principium
3467 3652 3708 3707 sitcum

2062 3752 2378 3821 voluptate,
2432 3749 2565 3803 ﬁnis
2597 3764 2729 3804 cum
2784 3748 3000 3802 dolore.
3052 3745 3195 3800 Nam
3250 3760 3383 3798 cum
3415 3742 3710 3813 voluptate

2063 3840 2344 3912 gignitur,
2377 3854 2509 3892 cum
2544 3837 2743 3892 dolore
2772 3836 3041 3892 moritur.
3073 3832 3342 3889 Christus
3390 3836 3584 3886 autem
3621 3829 3707 3884 fa-

2064 3936 2194 3985 ctus
2239 3929 2516 3984 obediens
2550 3926 2731 3982 alium
2763 3942 2833 3981 ex
2881 3925 3098 3997 Spiritu
3150 3929 3342 3978 ortum
3376 3920 3711 3976 hominibus

2065 4019 2311 4091 largitus
2343 4022 2453 4084 est,
2486 4018 2653 4086 cujus
2686 4015 2919 4070 initium
2972 4031 3004 4069 a
3034 4012 3232 4068 dolore
3274 4010 3511 4081 quidem
3545 4025 3715 4064 exco-

2064 4108 2250 4163 lendas
2307 4106 2558 4174 virtutis,
2600 4110 2656 4159 et
2704 4104 3001 4159 laboribus
3059 4100 3364 4157 nascitur:
3412 4098 3547 4152 ﬁnis
3576 4114 3712 4152 vero

2068 4196 2426 4267 voluptatem
2489 4201 2546 4249 et
2578 4193 2832 4264 quietem
2889 4192 3285 4261 consequitur.
3322 4187 3711 4252 Quamobrem

2069 4297 2117 4341 et
2155 4288 2279 4356 ipse
2310 4303 2440 4339 cum
2476 4283 2646 4339 vellet
2682 4284 2856 4337 homo
2891 4283 3033 4351 fieri,
3066 4280 3337 4353 quamvis
3369 4278 3593 4333 semine
3624 4293 3725 4331 no-

2068 4376 2245 4431 luerit
2300 4373 2585 4445 generari,
2647 4376 2895 4427 mortem
2948 4376 3145 4426 tamen
3206 4369 3458 4440 perferre
3517 4364 3724 4430 voluit,

2074 4482 2188 4519 non
2222 4468 2286 4519 ut
2342 4462 2675 4533 voluptatis,
2707 4479 2835 4533 qua:
2871 4460 3033 4516 nulla
3091 4460 3297 4527 fuerat,
3321 4460 3476 4512 esset
3534 4470 3727 4527 paena,

2076 4555 2176 4608 sed
2239 4557 2304 4607 ut
2356 4569 2464 4608 nos
2522 4552 2829 4607 damnatos
2888 4549 3234 4614 absolveret,
3284 4551 3348 4601 ut
3402 4549 3587 4599 morte
3618 4559 3727 4597 sua

312 4628 481 4726 gisse
516 4664 528 4701 :
576 4658 943 4714 consequens
971 4641 1135 4705 foret,
1171 4644 1237 4693 ut
1268 4638 1315 4692 si
1349 4638 1699 4691 alterutrum
1729 4632 1828 4688 tibi
1861 4649 1954 4686 cre

2090 4646 2334 4696 mortem
2386 4644 2647 4696 nostrum
2680 4640 3059 4710 interimeret,
3108 4642 3164 4693 et
3194 4633 3531 4691 conciliaret
3561 4630 3730 4685 nobis

313 4725 584 4800 dendum
620 4751 733 4790 non
766 4735 941 4799 esset,
969 4730 1263 4785 hominem
1298 4725 1493 4798 potius
1535 4740 1667 4779 eum
1701 4739 1829 4777 esse
1864 4737 1976 4776 non

316 4828 616 4892 crederes,
638 4838 824 4878 unum
859 4836 927 4875 ex
949 4819 1022 4873 iis
1054 4818 1152 4888 qui
1179 4815 1238 4871 in
1273 4824 1476 4870 natura
1507 4812 1978 4883 conspiciuntur,

317 4928 382 4979 et,
414 4929 589 4986 quem
639 4929 754 4967 non
782 4925 913 4964 esse
943 4909 1240 4963 hominem
1279 4905 1563 4970 crederes,
1599 4917 1735 4956 eum
1770 4916 1979 4956 neces-

321 5008 488 5069 sario
521 5006 703 5059 Deum
737 5015 867 5055 esse
899 4994 1284 5053 arbitrareris.
1305 4993 1412 5061 Qui
1443 4992 1601 5047 enim
1633 5008 1766 5046 eum
1791 4996 1982 5046 ortum

323 5114 465 5157 esse
498 5089 789 5150 memoriae
840 5086 1100 5154 tradidit,
1153 5085 1305 5139 idem
1365 5099 1434 5138 ex
1495 5080 1726 5151 Virgine
1780 5085 1983 5135 natum

328 5191 589 5246 testatus
645 5185 754 5237 est.
815 5177 1205 5241 Quamobrem
1257 5173 1306 5227 si
1356 5170 1660 5241 scriptoris
1717 5171 1892 5224 verba
1936 5178 1988 5223 te

325 5277 663 5338 adducunt,
689 5274 755 5325 ut
771 5272 972 5323 natum
1016 5262 1239 5328 ciedas,
1272 5262 1474 5316 eadem
1494 5258 1795 5329 scriptoris
1816 5260 1992 5313 verba

328 5365 446 5425 tibi
480 5361 647 5416 illum
696 5360 780 5414 ita
809 5361 1011 5413 natum
1054 5368 1184 5410 esse
1234 5350 1623 5423 persuadeant.
1656 5365 1668 5402 ε
1707 5348 1806 5418 qui
1834 5348 1988 5404 enim

327 5460 533 5515 ortum
583 5448 775 5520 ipsius
806 5444 1123 5509 enarravit,
1154 5441 1312 5495 idem
1344 5455 1475 5494 eum
1526 5454 1590 5492 ex
1624 5437 1860 5505 Virgine
1889 5438 1994 5492 ad-

321 5538 532 5619 junxit
558 5536 851 5594 exstitisse
887 5552 899 5589 :
929 5540 985 5590 et
1015 5532 1115 5604 qui
1137 5531 1205 5585 de
1241 5534 1426 5595 morte
1449 5525 1800 5581 mentionem
1836 5526 1992 5594 fecit,

330 5626 823 5689 resurrectionem
873 5623 1048 5679 etiam
1085 5624 1217 5694 post
1249 5623 1494 5673 mortem
1546 5624 1633 5671 est
1662 5619 1994 5671 attestatus.

329 5715 507 5787 Quod
542 5716 591 5772 si
622 5731 692 5770 ex
716 5713 788 5769 iis
841 5728 972 5785 quae
1004 5711 1196 5777 audis,
1231 5713 1289 5763 ct
1318 5709 1614 5763 mortuum
1644 5710 1700 5760 et
1729 5705 1995 5778 genitum

592 5835 857 5897 PATROL.
904 5833 1012 5894 Gn.
1061 5829 1375 5893 CXXXIX.

2088 4729 2608 4785 immortalitatem.

2164 4820 2216 4873 3.
2272 4820 2567 4888 Ejusdem.
2602 4818 2846 4888 [Equum
2882 4817 3011 4884 fuit,
3049 4819 3114 4868 ut
3143 4814 3319 4881 Deus,
3371 4810 3471 4880 qui
3526 4812 3740 4863 natura

2095 4911 2151 4961 et
2179 4907 2396 4971 bonus,
2430 4910 2484 4960 et
2512 4907 2768 4976 sapiens,
2801 4904 3164 4975 etjustus,et
3197 4904 3403 4971 potens
3435 4902 3742 4966 est,neque

2100 4997 2180 5051 uti
2230 4997 2420 5050 bonus
2454 4993 2709 5049 hominis
2738 5011 2768 5047 a
2800 5009 2862 5047 se
2894 4990 3176 5063 procreati
3204 4988 3528 5060 despiceret
3584 4986 3745 5040 infir-

2100 5086 2365 5140 mitatem
2396 5099 2409 5137 :
2444 5082 2615 5137 etuti
2675 5082 2912 5152 sapiens
2961 5081 3089 5151 ejus
3129 5079 3399 5135 curandae
3459 5076 3743 5132 rationem

2099 5174 2391 5246 cognitam
2428 5172 2664 5227 haberet
2699 5187 2711 5224 :
2745 5174 2801 5225 et
2831 5171 2914 5225 uti
2950 5171 3152 5240 justus
3202 5184 3300 5223 eos
3359 5166 3459 5238 qui
3492 5164 3750 5219 volentes

2102 5261 2369 5318 servituti
2396 5276 2524 5315 sese
2556 5259 2945 5328 subjccerant,
2983 5257 3144 5313 nulla
3175 5256 3449 5313 violentia
3484 5255 3542 5308 in
3576 5253 3753 5308 liber-

2106 5356 2278 5407 tatem
2310 5349 2735 5404 vindicaretzet
2770 5352 2831 5402 ut
2864 5351 3066 5416 potens
3089 5348 3160 5402 ad
3194 5346 3304 5400 hoc
3335 5342 3755 5415 perﬁciendum

2105 5444 2254 5499 vires
2284 5445 2341 5497 et
2369 5440 2701 5496 facultatem
2732 5440 3042 5495 obtineret.

2182 5533 2235 5588 4.
2270 5531 2372 5587 Dei
2403 5531 2649 5585 Verbum
2707 5545 2879 5585 carne
2910 5527 3086 5584 semel
3143 5528 3485 5598 generatum
3545 5520 3762 5591 Spiritu

2110 5620 2443 5677 volentibus
2499 5636 2731 5690 semper
2785 5622 3118 5690 generatur.
3180 5616 3366 5671 Mores
3404 5611 3769 5681 virtutesque

2115 5710 2287 5783 quasi
2318 5725 2531 5781 corpus
2561 5710 2688 5781 ejus
2719 5709 3427 5775 constituunt,sermones
3455 5703 3514 5758 in
3537 5700 3762 5772 Spiritu

3459 5823 3535 5881 39
