2026 3189
174 199 251 227 122⁵1

833 193 987 224 NlCET/E
1009 194 1218 225 CHONIA'I‘JE

1817 197 1899 227 £228

173 265 265 292 habiti
282 264 423 298 animam,
443 265 570 290 mentem
586 270 651 290 vero
675 261 839 297 theologica
870 264 998 289 oontem-
1019 265 1037 295 Α
1058 262 1244 297 phantasiam
1261 271 1311 291 seu
1328 263 1545 291 simulationem
1568 263 1741 299 disponens,
1760 266 1812 292 sed
1831 274 1899 293 car-

260 320 277 336 ὶ-

175 310 400 389 Ριέῗίἱῦμιεᾱρω.
418 353 470 386 Qui
499 353 562 380 sine
579 354 698 387 peccato
720 352 812 379 tactus
828 354 873 379 est
899 352 1000 386 homo,

177 399 298 426 omnino
315 399 377 425 sine
392 398 553 425 mutatione
573 397 734 424 divinitatis
755 397 902 424 hominem
925 397 998 424 divi-

177 454 248 474 num
266 446 518 479 efticiet,eumque
536 452 585 478 per
601 452 631 471 sc
648 446 763 471 tantum
780 444 1002 478 extollet,quan-

178 494 240 518 tum
258 499 308 526 per
325 490 406 516 illum
424 498 487 516 sese
503 489 650 517 submisit.
670 489 698 515 In
715 488 830 516 saeculis
851 488 927 516 enim
955 489 998 516 iu-

178 537 260 569 turis,
302 538 332 562 ut
361 536 400 563 ait
442 535 611 570 Apostolus,
650 535 788 570 pateﬁent
826 534 1000 566 excellentes

177 582 283 609 divitia:
296 582 434 609 bonitatis
450 589 514 616 erga
534 590 586 608 nos
600 581 658 607 Dei.

211 627 238 653 6.
263 626 516 658 Quemadmodum
546 626 575 653 in
603 625 670 653 lana
694 625 828 659 candida,
858 624 883 652 si
905 624 1000 652 colore

176 680 311 706 purpurm
328 671 488 704 imbuatur,
507 679 564 697 non
581 671 638 697 duo
655 672 733 703 sunt,
748 670 795 697 sed
813 678 890 696 unus
905 669 997 696 color:

174 717 215 745 sic
230 718 257 744 in
274 719 371 744 mente-
390 717 522 744 humana
537 725 553 744 a
578 719 633 744 Deo
655 718 818 751 assumpta,
846 715 1001 751 divinaque

173 761 299 794 reddita,
314 770 372 789 non
389 762 447 789 duo
464 765 533 789 sunt
544 761 692 797 principes
708 761 785 788 Deus
796 763 825 788 et
839 769 933 794 mens,
950 759 1000 787 sed

176 815 254 834 unus
267 806 317 843 qui
334 809 463 834 mentem
479 806 606 833 divinam
625 805 753 833 reddidit
769 808 857 833 Deus.

483 859 560 887 CAP.
581 858 686 887 XXXII.

395 914 513 941 Joannis
528 913 693 941 Damasceni
710 913 776 948 (35).

211 967 342 1000 Angelus
357 967 473 996 Domini
493 967 601 994 missus
626 967 663 995 ad
681 969 811 994 sanctam
838 966 997 1000 Virginem,

181 1021 245 1047 quae
267 1020 357 1046 genus
382 1020 416 1039 ex
440 1012 577 1039 Davidica
602 1012 678 1038 tribu
709 1012 842 1043 ducebat,
873 1012 999 1046 (constat

179 1057 255 1084 enim
273 1056 428 1083 Dominum
446 1064 480 1084 ex
505 1056 580 1084 Juda
596 1058 692 1083 ortum
713 1056 859 1091 traxisse),
885 1064 942 1091 qua
966 1065 999 1083 ex

177 1100 254 1128 tribu
268 1100 368 1127 nullus
384 1101 515 1128 animum
531 1101 565 1128 ad
583 1101 777 1128 sacerdotium
794 1100 917 1136 appulit.

176 1193 208 1215 ut
233 1189 337 1216 beatus
353 1188 508 1224 Apostolus
524 1189 573 1220 ait,
602 1189 636 1215 de
657 1197 712 1224 quo
741 1190 839 1223 postea
869 1188 1000 1217 dicemus

176 1233 318 1269 apertius)
334 1233 376 1261 sic
392 1233 595 1268 evangelizans
617 1233 708 1261 dixit:
727 1235 780 1264 Αυε
796 1233 889 1268 gratia
904 1233 999 1267 plena,

177 1279 311 1305 Dominus
326 1279 424 1305 tecum.
441 1279 509 1309 Quae
525 1286 589 1306 cum
618 1278 736 1305 turbata
765 1280 842 1305 esset
871 1278 925 1304 hoc
938 1285 998 1304 ser-

180 1331 277 1357 mone,
295 1323 421 1357 subjecit
438 1323 559 1358 angelus
574 1331 580 1350 :
597 1323 636 1350 Ne
652 1322 859 1356 timeas,Maria.
869 1323 1001 1350 invenisti

181 1370 256 1395 enim
280 1369 401 1402 gratiam
416 1368 488 1402 apud
504 1367 661 1401 Dominum,
680 1371 708 1394 et
722 1368 816 1403 paries
842 1367 960 1400 Filium,
976 1369 1000 1394 et

177 1412 284 1440 vocabis
298 1420 397 1440 nomen
411 1413 469 1446 ejus
483 1414 587 1441 Iesum.
604 1413 663 1448 Ipse
678 1414 751 1442 enim
775 1413 896 1440 servabit
911 1420 999 1448 popu-

179 1458 236 1484 lum
252 1466 331 1484 suum
348 1466 364 1484 ιι
384 1458 499 1492 peccati.»
512 1466 606 1484 ('Ol'ltm
618 1468 626 1484 .-
638 1458 714 1484 unde
725 1459 811 1484 Jesus
823 1459 999 1486 servatorem

177 1502 404 1537 signiﬁcatQuzB
420 1511 452 1529 cu
461 1512 485 1529 ru
500 1502 636 1529 haesitans
647 1502 854 1537 respondisset;
865 1502 1001 1534 Quommto

176 1548 222 1581 ﬁwt
239 1547 310 1574 istud
322 1546 397 1581 ,quia
413 1547 503 1574 virum
519 1555 544 1573 η,
556 1555 574 1572 n
588 1554 716 1580 cognosco
732 1547 744 1572 2?
759 1547 862 1579 adjecit
879 1546 1000 1580 angelus

175 1593 298 1626 Spiritus
313 1596 422 1618 sanctus
437 1592 612 1626 superueniet
629 1592 657 1619 in
672 1594 708 1625 te,
725 1595 748 1618 et
765 1591 850 1618 virtus
865 1590 1001 1617 Altissimi

1054 315 1122 335 nem
1144 309 1243 336 anima
1267 309 1390 336 rationis
1408 311 1436 336 et
1458 309 1625 337 intellectus
1654 310 1802 346 participe
1830 311 1899 338 ani-

1056 355 1161 379 nzatam
1179 361 1213 380 ex
1231 357 1330 381 sancta
1346 353 1465 389 Virgine
1477 362 1773 391 assumens,quaaque
1786 355 1815 382 in
1829 356 1898 391 ipso

1054 398 1212 424 essentiam
1243 398 1375 428 haberet,
1413 399 1594 434 bypostatice
1619 400 1800 434 conjunctus
1831 404 1892 435 est,

1054 441 1134 469 nulla
1149 443 1332 475 confusione,
1351 444 1434 470 nulla
1454 445 1627 478 mutatione,
1647 444 1727 472 nulla
1746 445 1898 473 divisione

1053 486 1140 519 facta,
1156 487 1321 515 divinitatis
1339 497 1398 515 ςυω
1427 491 1534 516 natura
1551 490 1579 516 in
1597 489 1695 516 carnis
1726 491 1897 517 essentiam

1054 531 1175 559 minime
1192 535 1315 566 mutata,
1329 542 1423 568 neque
1440 537 1551 567 contra,
1568 535 1667 561 carnis
1679 542 1738 561 sum
1755 535 1891 562 essentia

1053 575 1081 602 in
1100 584 1161 603 suae
1186 577 1350 605 divinitatis
1372 581 1509 606 naturam
1535 587 1676 606 conversa
1693 588 1699 606 :
1714 587 1814 615 neque
1833 588 1898 607 una

1053 621 1214 656 eademque
1237 624 1521 659 natura,composita
1536 632 1570 651 ex
1582 624 1680 651 divina
1697 632 1752 651 sua
1770 626 1898 657 natura,

1053 668 1081 692 et
1097 666 1225 694 humana
1241 675 1328 702 quam
1346 670 1559 703 assumpserat.

1352 730 1431 758 CAP.
1454 731 1583 759 XXXIII.

1053 783 1198 817 Ejusdem,
1216 784 1252 811 De
1266 784 1343 813 modo
1361 781 1536 822 ἀντιδόσεῳς,
1565 793 1613 822 δεμ
1638 790 1742 813 mutum
1756 787 1895 822 proprie-

1318 824 1405 851 tatum
1420 820 1624 848 retritiutionis.

1091 875 1181 900 Voces
1199 872 1243 901 hae
1269 874 1442 902 divinitatis
1460 878 1487 901 ot
1503 875 1706 908 humanitatis,
1723 876 1894 904 essentiam

1055 917 1115 947 sive
1132 919 1266 947 naturam
1285 919 1461 955 signiﬁcant.
1480 919 1539 947 Illa:
1555 928 1633 953 vero,
1650 920 1728 951 Deus
1744 923 1773 948 et
1788 921 1893 956 homo,

1057 963 1142 991 modo
1164 964 1322 992 essentiam
1338 964 1479 998 indicant,
1500 967 1531 992 ut
1555 973 1620 993 cum
1637 965 1764 993 dicimus
1787 975 1794 993 :
1815 968 1895 994 Deus

1056 1008 1182 1035 essentia
1206 1011 1250 1036 est
1272 1018 1334 1044 quis
1350 1009 1560 1045 comprehendi
1582 1019 1638 1037 non
1657 1013 1763 1046 potest,
1796 1012 1894 1040 item:

1056 1051 1134 1079 Deus
1146 1055 1191 1080 est
1207 1062 1300 1081 unus:
1319 1054 1403 1081 modo
1415 1062 1554 1089 personas
1564 1054 1768 1089 deolarant,de
1778 1056 1895 1091 quibus

1056 1096 1097 1126 ita
1125 1097 1230 1126 dicitur
1254 1100 1285 1126 ut
1306 1098 1419 1134 species
1443 1098 1477 1126 de
1494 1099 1557 1126 suis
1574 1099 1745 1132 individuis,
1763 1106 1792 1128 at
1809 1100 1840 1127 in
1857 1109 1895 1128 eo

1057 1140 1212 1176 Scriptura
1241 1141 1331 1170 loco:
1359 1145 1508 1178 Propterea
1537 1144 1619 1170 unxit
1651 1148 1674 1170 te
1705 1144 1787 1177 Deus,
1818 1144 1895 1172 Deus

1056 1186 1246 1219 tuus"‘;eace
1257 1187 1330 1214 enim
1348 1187 1394 1218 hic
1407 1189 1521 1215 Patrem
1531 1190 1560 1215 et
1571 1187 1676 1215 Filium
1695 1187 1895 1223 signiﬁcavit.

1056 1230 1093 1256 Et
1109 1238 1174 1258 cum
1203 1230 1275 1267 legis
1292 1232 1320 1259 in
1337 1232 1393 1259 alio
1411 1233 1472 1259 loco
1496 1239 1503 1261 :
1520 1233 1603 1260 Homo
1632 1232 1749 1268 quidam
1773 1238 1837 1260 erat
1863 1235 1895 1260 in

1056 1275 1167 1308 regione
1192 1275 1377 1310 Ausilide";
1403 1276 1494 1304 Jobus
1515 1276 1592 1304 enim
1621 1277 1704 1305 solus
1730 1277 1894 1307 indicatur.

1056 1318 1198 1351 Quoniam
1215 1321 1305 1356 igitur
1320 1321 1350 1348 in
1362 1321 1671 1349 Dominouostrolesu
1683 1321 1798 1349 Christo
1817 1322 1895 1350 duas

1057 1368 1175 1393 naturas
1203 1366 1400 1401 agnoscimus,
1417 1368 1446 1393 et
1471 1374 1560 1397 unam
1587 1368 1702 1394 tantum
1729 1375 1893 1402 personam

1057 1417 1120 1444 quae
1137 1417 1170 1436 ex
1187 1413 1310 1445 utraque
1333 1413 1448 1440 constat
1465 1413 1581 1444 natura,
1612 1411 1734 1447 proinde
1751 1420 1819 1439 cum
1838 1421 1894 1440 na-

1058 1458 1139 1482 turas
1153 1456 1400 1491 contemplemur,
1420 1456 1602 1483 divinitatem
1630 1458 1659 1483 et
1674 1456 1894 1486 humanitatem

1057 1499 1319 1532 dicimusQuanilo
1337 1504 1433 1531 autem
1452 1509 1486 1528 ex
1503 1504 1607 1528 natura
1622 1503 1805 1529 constantem
1825 1510 1895 1536 per-

1058 1546 1198 1577 επεμψειί
1215 1554 1249 1572 ex
1265 1548 1389 1581 utraque
1404 1549 1508 1574 natura
1524 1547 1658 1573 constare
1673 1546 1890 1580 consideretur,

1059 1598 1122 1616 eam
1140 1593 1200 1617 tnui
1216 1590 1376 1623 Christum,
1394 1593 1455 1617 tum
1472 1591 1562 1618 Deum
1580 1593 1607 1617 et
1620 1590 1762 1618 hominem
1780 1591 1884 1625 simul,

176 1636 350 1662 obumbrabit
368 1635 544 1670 (totidequ
559 1635 628 1670 quod
640 1640 768 1663 nascetur
786 1643 818 1662 ίτε
834 1638 858 1662 tu
871 1636 1001 1662 Sanctum
1019 1634 1038 1665 C
1059 1638 1122 1662 tum
1140 1636 1230 1662 Deum
1248 1636 1429 1663 incarnatum
1445 1644 1582 1663 vocamus
1601 1644 1606 1663 :
1625 1636 1672 1664 sin
1690 1645 1723 1664 ex
1733 1644 1798 1667 una.
1815 1638 1885 1664 tum

176 1680 319 1707 vocabitur
333 1679 422 1707 Filius
439 1679 555 1707 Dei.l|la
568 1688 634 1706 vero
653 1688 659 1707 :
678 1681 751 1711 Eure,
776 1681 880 1715 inquit,
898 1681 1004 1707 ancilla

180 1724 303 1757 Domini,
329 1724 380 1758 ﬁat
398 1724 469 1751 mihi
490 1732 638 1751 secunuum
665 1725 774 1751 verbum
789 1728 867 1752 tuum
888 1726 917 1752 7'.

218 1768 318 1803 Itaque
335 1768 383 1796 ubi
402 1769 529 1803 primum
546 1772 648 1797 sancta
665 1770 812 1797 consensit
825 1770 922 1805 Virgo,
939 1770 1005 1806 Spi—

184 1813 258 1840 ritus
272 1816 390 1841 sanctus
406 1813 434 1840 in
453 1822 515 1840 eam
533 1814 786 1849 descmdit,prout
799 1816 939 1842 Dominus
955 1824 1005 1850 per

183 1858 319 1893 angelum
337 1859 457 1891 dixerat,
476 1861 506 1885 ut
521 1867 583 1886 eam
601 1862 746 1895 purgaret,
765 1860 882 1895 vimque
898 1860 1004 1888 divini—

183 1903 251 1930 tatis
269 1906 296 1930 et
322 1904 517 1938 generationis
542 1904 627 1931 Verbi
658 1912 794 1939 capacem
825 1908 1002 1940 suggereret.

183 1947 322 1982 Tuncque
340 1956 391 1982 per
405 1956 435 1976 se
459 1949 625 1977 subsistens
641 1948 774 1977 altissimi
794 1949 843 1976 Dei
860 1950 1004 1985 sapientia

180 1995 208 2020 et
225 1992 327 2027 virtus,
344 1993 482 2020 nimirum
504 1993 551 2020 υιιί
564 1993 653 2020 Filius
668 1993 744 2021 Patri
767 1994 1002 2022 consubslanziu—

178 2036 225 2070 lis,
243 2037 321 2064 haud
338 2046 420 2065 secus
441 2040 529 2072 atque
545 2038 676 2066 divinum
702 2047 801 2065 semen
819 2047 880 2065 eam
898 2039 1002 2066 obum-

177 2079 399 2115 bravit,sibique
412 2080 467 2115 ipsi
484 2088 517 2107 ex
533 2082 621 2107 castis
637 2081 701 2115 ejus
711 2084 738 2107 et
757 2081 922 2115 purissimis
934 2091 1001 2109 san-

174 2124 313 2159 guinilius
329 2133 444 2152 carnem
461 2125 559 2152 anima
577 2124 698 2152 rationis
713 2128 741 2152 et
756 2125 920 2153 intellectus
937 2135 952 2161 p
964 2136 999 2152 :r-

175 2169 263 2203 ticipe
280 2168 437 2196 animatam
451 2170 718 2204 compegitmostree
730 2179 833 2197 massa:
849 2171 998 2205 primitia:

174 2220 228 2239 nec
244 2212 271 2240 id
289 2220 322 2240 ex
340 2213 515 2245 semine.sed
526 2214 624 2242 divino
641 2214 773 2248 artificio,
787 2223 837 2250 per
857 2216 997 2251 Spiritum

172 2259 306 2284 sanctum
340 2266 345 2284 :
383 2266 434 2285 nec
468 2259 563 2293 ﬁgura
601 2257 742 2293 paulatim
782 2260 998 2288 accessionibus

1061 1681 1151 1707 Deum
1169 1681 1307 1708 duntaxat
1322 1682 1349 1707 et
1364 1681 1468 1710 Filium
1484 1681 1610 1713 Dei,tum
1628 1680 1776 1708 hominem
1788 1680 1890 1709 solum

1060 1726 1289 1761 appellamusEt
1307 1726 1464 1760 aliquando
1475 1725 1594 1760 quidem
1611 1734 1646 1752 ex
1662 1725 1892 1754 sublimioribus

1061 1770 1233 1803 rationibus,
1251 1770 1408 1805 aliquando
1425 1774 1520 1799 autem
1537 1778 1570 1798 ex
1591 1769 1802 1797 humilioribus
1815 1778 1892 1798 con-

1060 1815 1206 1843 sideratur
1222 1824 1227 1842 :
1247 1824 1321 1843 unus
1338 1815 1416 1842 enim
1434 1817 1488 1848 est,
1504 1814 1563 1842 sive
1572 1814 1637 1848 hoc,
1657 1814 1719 1844 sive
1732 1814 1783 1843 illo
1800 1815 1892 1843 modo

1060 1860 1255 1889 exsistatJam
1269 1868 1334 1888 cum
1353 1859 1537 1887 divinitatem
1553 1859 1761 1893 dicimus,eam
1779 1859 1894 1887 huma—

1061 1905 1160 1933 nitatis
1185 1905 1411 1940 proprietatibus
1438 1913 1494 1932 non
1523 1904 1772 1932 denominamus:
1792 1912 1893 1940 neque

1059 1952 1136 1977 enim
1162 1950 1287 1977 dicimus
1303 1950 1483 1978 divinitatem
1504 1950 1573 1985 pati,
1597 1951 1648 1977 aut
1664 1951 1791 1977 creatam
1809 1958 1890 1978 esse.

1058 1994 1114 2021 Nec
1139 2003 1254 2022 rursum
1278 1995 1312 2021 de
1327 2003 1425 2028 carne,
1443 1996 1493 2022 aut
1508 1993 1694 2022 humanitate
1720 1994 1891 2023 divinitatis

1058 2039 1248 2074 proprietates
1267 2039 1466 2067 enuniiamus.
1483 2038 1727 2074 Quandoquidem
1748 2047 1803 2066 nec
1818 2048 1889 2066 car-

1059 2092 1123 2111 nem
1141 2093 1192 2111 nec
1210 2084 1420 2111 humanitatem
1452 2084 1612 2111 increatam
1636 2082 1834 2119 appellamus.
1858 2085 1892 2111 At

1056 2137 1196 2164 personae,
1212 2129 1272 2156 sive
1286 2137 1319 2155 ex
1336 2137 1403 2161 una,
1420 2128 1479 2155 sive
1495 2136 1529 2155 ex
1544 2132 1668 2162 utraque
1690 2130 1772 2163 parte
1788 2129 1891 2156 nomi-

1056 2174 1330 2208 nemus,utriusque
1346 2176 1455 2200 naturae
1473 2173 1667 2208 proprietates
1683 2172 1888 2201 attribuimus.

1056 2219 1168 2246 Etenim
1196 2219 1338 2252 Christus,
1370 2218 1620 2253 quemadmodum
1642 2221 1803 2253 utrumque
1826 2221 1887 2253 est,

1054 2264 1095 2291 sic
1110 2264 1197 2291 etiam
1215 2264 1331 2296 dicitur,
1350 2266 1411 2290 tum
1429 2263 1505 2290 Deus
1522 2265 1550 2289 et
1571 2262 1669 2296 homo,
1684 2265 1747 2290 tum
1763 2265 1888 2291 creatus

170 2302 333 2337 eﬂ‘ormata,
361 2303 409 2329 sud
427 2310 483 2332 uno
509 2302 667 2336 eodemque
698 2306 845 2331 momento
868 2304 994 2339 perfecta
1010 2322 1032 2353 Ο
1052 2311 1081 2335 et
1097 2308 1252 2341 increatus,
1279 2311 1341 2335 tum
1359 2308 1417 2343 pati
1443 2310 1470 2335 et
1495 2315 1552 2335 non
1583 2307 1664 2343 pati:
1697 2307 1768 2342 quin
1792 2307 1887 2336 etiam

168 2346 267 2382 ipsum
286 2347 334 2374 Dei
362 2347 484 2374 Verbum
502 2347 599 2374 carnis
626 2347 793 2383 hypostasin
820 2350 991 2384 assumpsit.

167 2390 271 2427 Itaque
295 2399 359 2419 cum
385 2391 513 2427 primum
530 2400 595 2419 caro
613 2391 678 2426 iuit,
708 2393 758 2419 Dei
774 2401 889 2428 quoque
906 2394 990 2421 Verbi

166 2443 233 2466 caro
249 2436 304 2463 fuit
318 2444 324 2462 :
336 2438 365 2463 et
385 2444 449 2463 cum
468 2436 596 2471 primum
612 2436 741 2464 animata
757 2445 835 2469 caro,
852 2438 990 2466 rationis-

165 2487 222 2515 que
237 2481 266 2507 et
281 2479 446 2509 intellectus
463 2481 607 2517 particeps
624 2481 688 2513 fuit,
706 2481 753 2510 [)ei
771 2491 886 2518 quoque
904 2483 988 2510 Verbi

164 2524 294 2552 animata
310 2533 388 2559 caro,
405 2526 585 2562 reticuisque
600 2529 628 2553 et
652 2526 819 2554 intellectus
845 2527 988 2563 particeps

163 2569 227 2596 fuit.
244 2569 384 2602 Quocirca
400 2579 456 2597 non
473 2570 622 2601 hominem
646 2571 823 2605 deiﬁcatum,
850 2573 901 2600 sed
917 2573 987 2601 Ver-

163 2612 232 2641 bum
249 2613 431 2642 inearnatum
449 2615 584 2643 dicimus.
602 2615 674 2643 Nam
691 2624 756 2643 cum
775 2617 919 2652 perfectus
935 2628 985 2646 na-

160 2659 228 2687 tura
261 2659 338 2690 Deus
382 2663 468 2693 esset,
503 2660 580 2688 idem
612 2660 700 2688 homo
741 2669 857 2697 quoque
891 2664 983 2697 perfer

161 2703 227 2729 ctus
257 2706 304 2731 est
329 2711 336 2730 :
369 2711 463 2738 neque
491 2707 626 2735 naturam
656 2708 785 2740 mutans,
813 2715 906 2742 neque
934 2717 984 2744 per

193 2772 216 2788 "'
230 2771 297 2801 Luc.
309 2781 329 2811 1,
344 2775 379 2803 28
391 2783 473 2812 seqq.
512 2774 547 2792 ⁷³⁸
561 2774 633 2803 Psal.
651 2785 725 2811 xuv,
741 2778 767 2805 8.
807 2778 830 2796 ⁷⁸
845 2779 910 2807 Job.
928 2787 948 2813 1,
964 2779 990 2808 l.

193 2831 251 2868 (35)
265 2836 346 2864 Tom.
363 2837 460 2874 XCIV,
475 2837 537 2866 983.

1048 2361 1112 2379 cum
1131 2362 1165 2380 ex
1181 2362 1237 2380 una
1260 2355 1372 2380 tantum
1387 2355 1480 2387 parte,
1496 2351 1540 2379 vel
1564 2353 1637 2380 Deus
1653 2354 1705 2380 aut
1721 2351 1814 2380 Filius
1830 2351 1886 2381 Dei

1048 2397 1399 2431 n0minutur,conjuncite
1416 2396 1470 2423 sibi
1483 2397 1593 2425 natura
1608 2403 1659 2422 seu
1685 2395 1782 2423 carnis
1814 2404 1886 2423 sus-

1046 2441 1116 2476 cipit
1133 2441 1336 2476 proprietatee.
1352 2441 1490 2476 Idemque
1507 2440 1582 2471 Deus
1599 2448 1716 2475 passus,
1734 2442 1762 2467 et
1778 2441 1887 2468 Domi—

1045 2494 1101 2513 nus
1116 2486 1214 2521 gloriae
1241 2486 1346 2513 attixus
1365 2485 1456 2518 cruci,
1474 2493 1531 2513 non
1558 2486 1705 2519 quatenus
1719 2487 1810 2518 Deus,
1826 2486 1884 2513 sed

1044 2534 1189 2567 quatenus
1220 2531 1305 2559 homo
1322 2530 1450 2558 dicitur:
1468 2529 1513 2557 vel
1530 2529 1627 2562 homo,
1652 2533 1702 2559 aut
1713 2528 1808 2556 Filius
1824 2529 1885 2557 ho-

1043 2576 1131 2603 minis
1160 2578 1290 2609 vocatur,
1317 2575 1455 2603 essentiae
1491 2573 1593 2605 divinae
1626 2574 1819 2609 proprietates
1852 2577 1886 2602 et

1041 2620 1197 2654 dignitates
1209 2620 1531 2654 adinittit,vocaturque
1544 2617 1687 2653 puerulus
1702 2620 1770 2646 ante
1786 2626 1884 2647 saecu-

1040 2664 1112 2698 la,et
1127 2664 1214 2692 homo
1231 2664 1297 2692 sine
1313 2663 1458 2700 principio
1475 2672 1481 2690 :
1500 2672 1557 2694 non
1576 2665 1724 2698 quatenus
1740 2665 1786 2690 est
1803 2671 1885 2698 pue—

1039 2709 1124 2736 rulus
1153 2712 1204 2736 aut
1231 2710 1329 2743 homo,
1359 2709 1410 2736 sed
1454 2710 1598 2744 quatenus
1618 2707 1696 2736 Deus
1725 2707 1880 2737 exsistens
