4052 6378
234 445 264 501 1
275 443 393 503 229

1560 434 1953 501 THESAURI
1998 433 2143 501 LIB.
2184 434 2296 495 III.

3505 439 3665 501 1930

231 580 369 631 ante
402 573 637 639 saecula,
671 573 729 629 in
754 569 1090 627 novissimis
1116 574 1289 625 natus
1312 571 1399 624 est
1420 566 1672 625 saeculis.
1701 571 1883 638 Atque
1915 568 1967 641 Α
2001 567 2277 624 omnibus
2311 568 2695 627 humanitatis
2729 569 2994 639 personis
3027 570 3352 626 secundum
3380 586 3662 639 personas

231 665 350 719 hzec
374 664 610 734 quidem
644 667 731 716 est
760 662 904 715 ratio
940 664 1150 713 mutuae
1181 657 1531 728 alternaeque
1563 656 1894 711 attributio-

232 760 324 812 nis
361 758 666 825 utriusque
699 760 921 807 naturae
952 768 1077 823 quae
1104 768 1242 805 suas
1275 753 1525 819 utraque
1559 745 1889 817 proprieta-

234 853 322 902 tes
358 846 522 901 alteri
552 844 819 898 vicissim
854 843 1091 913 prazbet,
1148 845 1450 911 propterea
1500 835 1655 907 quod
1713 850 1889 888 unum

238 942 293 991 et
337 936 602 991 eamdem
657 947 964 1005 personam
1014 928 1402 989 constituunt,
1454 941 1633 996 seque
1690 928 1893 980 mutuo

238 1024 764 1094 comprehendunt.
802 1026 873 1074 Ex
906 1036 1020 1090 quo
1055 1019 1137 1081 tit,
1184 1022 1247 1071 ut
1296 1016 1365 1070 de
1422 1014 1653 1069 Christo
1701 1012 1892 1081 possi-

239 1131 368 1169 mus
390 1114 580 1167 dicere
611 1128 624 1165 :
658 1111 760 1165 Hic
792 1110 942 1165 Deus
988 1112 1202 1171 noster,
1262 1107 1316 1159 in
1371 1111 1520 1158 terra
1569 1103 1731 1156 visus
1780 1106 1892 1165 est,

239 1209 295 1258 et
354 1219 488 1257 cum
545 1201 884 1257 hominibus
941 1203 1226 1253 versatus.
1289 1198 1482 1251 Item:
1553 1192 1658 1249 Hic
1719 1190 1891 1244 homo

240 1307 346 1346 nec
386 1294 617 1345 creatus
676 1294 787 1354 est,
850 1302 954 1340 nec
1012 1284 1250 1356 patitur,
1314 1298 1417 1335 nec
1478 1279 1595 1334 ullo
1645 1276 1892 1332 termino

238 1377 765 1434 circumscribitur.

836 1492 992 1548 CAP.
1034 1490 1291 1546 XXXIV.

236 1604 517 1669 Eiusdem.
550 1604 736 1656 Totam
768 1601 1023 1653 divinam
1066 1608 1322 1650 naturam
1380 1597 1440 1649 in
1498 1609 1610 1669 ima
1664 1607 1895 1647 suarum

306 1690 671 1745 personarum
702 1671 803 1726 toti
835 1674 1097 1725 humana;
1118 1677 1343 1746 natan
1386 1666 1732 1746 cmzjunclam
1761 1679 1891 1746 esse,

309 1739 419 1801 non
464 1750 645 1799 autem
700 1747 912 1814 partem
976 1739 1165 1811 parti:
1230 1740 1378 1814 [quae
1434 1739 1656 1814 quidem
1712 1739 1893 1789 oratio

310 1820 620 1872 neressaria
654 1809 732 1869 est
768 1814 937 1868 etiam
968 1809 1226 1866 aduersu.~
1250 1809 1406 1873 illos,
1432 1810 1528 1879 qui
1550 1810 1608 1861 in
1628 1818 1815 1861 sancta
1841 1816 1893 1860 et

309 1890 549 1961 ejusdem
614 1888 857 1961 essentir
931 1885 1193 1961 trinitate
1270 1886 1378 1935 tres
1452 1885 1705 1934 asserunt
1780 1892 1894 1932 esse

308 1956 617 2032 singulares
654 1956 953 2026 essentias.]

314 2080 448 2142 Quae
481 2091 791 2132 commune
841 2079 896 2127 et
944 2070 1305 2138 universum,
1357 2084 1420 2122 ac
1469 2064 1643 2121 veluti
1696 2068 1883 2118 totum

239 2170 518 2241 quiddatn
555 2166 944 2229 constituunt,
978 2180 1045 2218 ea
1076 2163 1144 2217 de
1175 2161 1457 2229 subjectis
1480 2157 1587 2213 sibi
1616 2155 1884 2228 partibus

239 2261 533 2314 dicuntur.
569 2258 761 2326 itaque
794 2271 926 2310 cum
959 2251 1211 2307 essentia
1236 2264 1546 2304 commune
1571 2252 1626 2302 et
1658 2245 1881 2300 univer-

238 2364 370 2403 sum
430 2346 710 2419 quiddam
770 2345 862 2407 sit,
923 2358 988 2396 ac
1040 2340 1216 2395 totius
1277 2338 1560 2392 rationem
1629 2335 1887 2390 obtineat

239 2454 482 2507 persona
508 2441 702 2489 autem
738 2450 894 2503 pars,
930 2430 1111 2503 (pars,
1144 2429 1412 2500 inquam,
1447 2443 1561 2480 non
1595 2424 1749 2495 quod
1783 2440 1881 2477 na-

234 2535 379 2581 turas
442 2532 663 2595 partem
720 2523 953 2587 habeat,
1018 2523 1241 2589 partem
1305 2534 1419 2571 non
1490 2514 1723 2581 habeat,
1783 2512 1885 2567 sed

236 2632 480 2671 numero
517 2629 669 2684 pars,
701 2617 762 2665 ut
791 2609 1205 2673 individuum;
1248 2621 1491 2661 numero
1540 2603 1721 2669 enim,
1769 2617 1884 2655 non

239 2709 444 2758 natura
478 2702 758 2755 differunt
790 2697 1071 2771 personas)
1105 2695 1361 2751 essentia
1393 2693 1608 2749 dicitur
1638 2692 1707 2747 de
1758 2707 1884 2762 pcr-

238 2809 401 2848 sona.
435 2789 718 2857 Quoniam
751 2789 810 2843 in
843 2801 1192 2858 unaquaque
1225 2783 1489 2855 ejusdem
1515 2779 1726 2853 speciei
1759 2797 1889 2851 per-

240 2898 515 2936 sonarum
548 2883 636 2933 est
666 2878 921 2933 essentia
952 2876 1226 2948 perfecta.

309 2969 697 3032 Quamobrem
766 2982 1024 3037 personas
1081 2962 1333 3019 essenti-t
1414 2978 1528 3016 non
1608 2960 1891 3015 differunt

239 3060 392 3113 inter
419 3076 499 3125 se,
534 3059 633 3111 sed
671 3055 1089 3110 accidentibus.
1126 3053 1459 3109 Aceidentia
1498 3067 1635 3106 voco
1685 3050 1887 3106 chara-

243 3152 425 3205 cteres
462 3164 524 3201 ac
560 3149 724 3202 notas
752 3143 905 3200 iilias
941 3144 1231 3216 proprias,
1265 3159 1391 3213 quas
1419 3156 1748 3212 personam,
1774 3155 1889 3193 non

234 3242 430 3292 autem
465 3235 779 3290 essentiam
842 3234 1173 3305 designant.
1220 3231 1314 3286 Sic
1368 3231 1524 3284 enim
1584 3243 1892 3300 personam

231 3326 544 3390 deﬁniunt,
581 3328 640 3379 ut
674 3322 749 3377 sit
781 3322 1037 3377 essentia
1062 3337 1194 3375 cum
1220 3319 1621 3375 accidentibus
1646 3318 1886 3393 conjun-

230 3420 344 3470 cta.
384 3416 571 3479 Quare
605 3428 854 3483 persona
886 3410 1062 3465 habet
1105 3410 1188 3475 id,
1237 3408 1389 3479 quod
1440 3414 1529 3463 est
1581 3421 1892 3462 commune

228 3520 365 3559 cum
403 3502 635 3575 propria
669 3508 806 3555 nota
856 3497 1219 3572 copulatum.
1273 3496 1541 3552 Essentia
1592 3512 1723 3551 vero
1774 3511 1889 3548 non

230 3611 336 3666 per
378 3610 438 3649 se
500 3592 793 3660 subsistit,
852 3590 952 3646 sed
1012 3589 1069 3643 in
1134 3586 1399 3660 personis
1458 3586 1886 3642 consideratur.

236 3686 439 3754 Itaque
472 3699 606 3738 cum
643 3698 761 3736 una
792 3679 1009 3753 patitur
1030 3695 1435 3752 persxinarum,
1460 3677 1653 3730 omnis
1683 3692 1885 3730 essen~

244 3772 345 3841 tia,
380 3789 479 3843 per
511 3788 685 3843 quam
721 3774 808 3824 est
840 3784 1107 3840 persona,
1140 3770 1195 3822 in
1230 3783 1349 3821 una
1398 3782 1638 3821 suarum
1694 3782 1884 3836 perso-

241 3877 449 3916 narum
478 3859 691 3914 dicitur
722 3876 909 3929 passa.
943 3857 1057 3912 Nec
1089 3861 1282 3911 tamen
1319 3856 1586 3925 sequitur
1618 3870 1885 3908 necesse

229 3950 341 4020 rio,
377 3955 437 4005 ut
467 3965 669 4004 omnes
700 3948 965 4018 ejusdem
1001 3945 1209 4015 Speciei
1246 3962 1505 4017 personae
1540 3942 1716 3999 simul
1741 3958 1873 3998 cum

227 4038 332 4094 illa
365 4055 489 4110 quis
523 4054 692 4108 passa
722 4042 830 4104 est,
885 4038 1019 4108 ipse:
1069 4052 1301 4106 quoque
1353 4050 1533 4106 passae
1593 4031 1881 4087 dicantur.

215 4130 316 4185 Sic
344 4145 478 4198 ergo
513 4127 857 4182 contitemur
898 4130 1081 4179 totam
1136 4123 1459 4178 divinitatis
1505 4127 1769 4177 naturam
1828 4121 1887 4175 in

230 4217 485 4290 singulis
544 4216 813 4287 personis
858 4215 982 4270 suis
1035 4229 1162 4269 esse
1208 4214 1545 4284 perfectam,
1600 4217 1776 4265 totam
1828 4211 1886 4265 in

221 4308 416 4374 Patre,
452 4310 630 4361 totam
685 4305 745 4359 in
801 4304 971 4373 Filio,
1032 4307 1210 4357 totam
1271 4303 1327 4355 in
1382 4300 1601 4371 Spiritu
1663 4305 1883 4355 sancto.

229 4397 513 4461 Quocirca
543 4404 592 4451 et
630 4395 916 4466 perfectus
952 4396 1100 4447 Deus
1132 4395 1221 4446 est
1260 4392 1444 4458 Pater,
1495 4398 1547 4444 et
1599 4390 1888 4461 perfectus

235 4493 394 4543 Deus
426 4491 513 4539 est
570 4485 771 4548 Filius,
834 4490 888 4538 et
936 4482 1225 4553 perfectus
1286 4480 1439 4535 Deus
1498 4484 1585 4533 est
1641 4479 1890 4550 Spiritus

231 4578 499 4632 sanctus.
531 4576 587 4628 Si
624 4575 763 4628 item
796 4572 856 4628 in
888 4571 1253 4626 humanitate
1296 4572 1601 4641 assumpta
1650 4568 1721 4622 ab
1771 4584 1886 4622 uno

2005 673 2131 711 esse
2163 659 2533 726 conjunctae.
2570 658 2742 714 Nulla
2771 661 2924 713 enim
2961 661 3091 727 alia,
3130 660 3241 713 nisi
3289 661 3661 731 approbatio-

2008 746 2098 799 uis
2130 750 2186 799 et
2218 748 2542 803 voluntatis
2575 749 2797 803 ratione
2828 754 2995 803 Pater
3019 754 3077 803 et
3107 749 3361 820 Spiritus
3395 756 3659 816 sanctus,

2006 842 2321 905 assumptis
2346 854 2377 890 a
2398 843 2513 892 Deo
2540 835 2725 892 Verbo
2748 836 3101 893 humanitati
3126 838 3659 893 communicarunt.

2006 922 2209 978 Totam
2271 941 2402 979 vero
2463 925 2782 980 divinitatis
2848 926 3164 982 essentiam
3224 928 3327 982 toti
3388 926 3667 984 humana

2007 1017 2229 1067 naturas
2260 1015 2634 1084 conjunctam
2669 1016 3010 1070 asserimus.
3047 1016 3192 1079 Quia
3232 1016 3375 1070 nihil
3435 1032 3659 1085 eorum,

2006 1117 2136 1170 quas
2168 1108 2391 1158 naturae
2436 1109 2643 1158 nostrae
2697 1104 2850 1158 Deus
2900 1104 3154 1159 Verbum
3206 1105 3473 1172 inseruit,
3528 1121 3662 1159 cum

2006 1191 2173 1246 initio
2207 1209 2311 1247 nos
2347 1203 2691 1267 procrearet,
2726 1194 2969 1261 dimisit,
3004 1194 3106 1249 sed
3141 1198 3336 1249 omnia
3386 1195 3661 1266 suscepit,

2006 1296 2215 1351 nempe
2247 1296 2482 1353 corpus,
2516 1283 2771 1337 animam
2816 1291 3004 1339 mente
3052 1283 3392 1353 rationeque
3447 1283 3662 1353 praedi—

2005 1373 2150 1439 tam,
2211 1379 2261 1423 et
2310 1387 2512 1427 eorum
2564 1371 2945 1444 proprietates
3004 1370 3242 1439 (animal
3296 1369 3451 1426 enim
3504 1373 3657 1442 quod

2006 1458 2216 1512 harum
2250 1458 2444 1530 aliqua
2478 1465 2638 1532 parte
2672 1464 2850 1527 caret,
2887 1478 3001 1515 non
3036 1464 3125 1515 est
3175 1460 3395 1530 homo).
3450 1460 3659 1515 Totum

2004 1547 2159 1601 enim
2195 1552 2349 1603 totus
2381 1549 2727 1619 assumpsit,
2763 1554 2818 1604 et
2850 1552 3009 1603 totus
3036 1549 3138 1603 toti
3172 1550 3525 1619 conjunctus
3549 1554 3658 1615 est,

2006 1638 2066 1688 ut
2098 1636 2198 1689 toti
2237 1636 2485 1691 salutem
2530 1636 2862 1708 largiretur.
2921 1638 3083 1702 Quod
3138 1639 3293 1693 enim
3340 1654 3453 1693 non
3505 1643 3661 1693 esset

2005 1730 2395 1793 assumptum.
2451 1728 2595 1781 foret
2642 1726 2987 1781 incurabile.
3040 1726 3429 1796 Conjunctum
3478 1725 3661 1796 igitur

2003 1820 2091 1867 est
2122 1815 2281 1868 carni
2313 1815 2565 1870 Verbum
2602 1816 2723 1883 Dei,
2758 1824 2813 1870 et
2847 1817 2997 1869 Deus
3057 1832 3159 1886 per
3208 1824 3460 1870 mentem
3508 1816 3661 1869 inter

1928 1936 1971 2001 Β
2009 1907 2101 1955 Dei
2138 1904 2450 1973 puritatem
2484 1909 2540 1958 et
2573 1906 2765 1959 carnis
2799 1904 3249 1959 crassitudinem
3292 1903 3660 1959 interceden-

2007 1999 2140 2046 tem.
2181 1992 2322 2048 Nam
2359 1994 2571 2047 animas
2602 1995 2842 2065 quidem
2878 1993 3189 2064 carnisque
3236 1994 3506 2064 princeps
3575 1997 3663 2048 est

1994 2098 2183 2146 mens,
2218 2087 2413 2152 utpote
2472 2083 2794 2153 purissima
2839 2084 3024 2151 ipsius
3079 2083 3290 2136 animae
3322 2099 3478 2153 pars,
3512 2084 3663 2138 Deus

1993 2176 2189 2223 autem
2224 2170 2411 2241 ipsius
2446 2172 2681 2235 mentis,
2714 2188 2843 2241 quae
2874 2186 3007 2226 cum
3039 2171 3195 2226 cedit
3237 2171 3656 2242 praestantiori,

1994 2258 2391 2329 principatum
2428 2260 2685 2313 ostendit
2716 2277 2916 2315 suum.
2951 2260 3045 2314 Sic
3078 2265 3274 2315 autem
3319 2276 3454 2316 cum
3512 2279 3659 2332 prae-

1992 2348 2257 2403 stantiori
2282 2349 2676 2419 conjungitur,
2700 2354 2873 2421 atque
2901 2348 2984 2403 illi
3005 2349 3369 2421 obsequitur,
3395 2354 3460 2404 ut
3481 2351 3659 2405 faciat

1994 2453 2378 2509 quaecumque
2408 2437 2679 2493 voluntas
2710 2439 2903 2494 divina
2951 2438 3295 2510 praescribit.
3350 2438 3511 2494 Mens
3562 2445 3663 2495 est

1993 2526 2315 2581 divinitatis
2376 2527 2486 2582 sibi
2546 2544 2646 2599 per
2718 2544 3023 2599 personam
3084 2528 3409 2599 conjunctae
3466 2527 3655 2597 locus,

1996 2617 2500 2689 quemadmodum
2535 2622 2591 2671 et
2619 2634 2773 2683 caro,
2807 2635 2922 2672 non
2956 2624 3150 2672 autem
3195 2616 3374 2672 simul
3417 2617 3653 2673 inhabi-

1999 2708 2100 2769 tat,
2129 2708 2192 2760 ut
2222 2705 2515 2776 opinionis
2547 2721 2740 2760 errore
2773 2706 3147 2777 decipiuntur
3177 2705 3455 2774 haeretici,
3506 2707 3608 2779 qui
3643 2723 3655 2761 :

1998 2795 2323 2865 Quomodo,
2358 2795 2655 2866 inquiunt,
2689 2797 2839 2867 quod
2878 2812 3060 2852 unum
3099 2800 3333 2851 tantum
3388 2795 3651 2851 modium

1998 2885 2174 2957 capit,
2208 2886 2351 2939 duos
2387 2886 2590 2939 modos
2622 2885 2946 2940 continebit
2962 2884 3073 2957 (36)
3097 2884 3120 2938 Ρ
3143 2885 3349 2941 Errant
3371 2884 3650 2957 imperiti,

1998 2973 2135 3045 quia
2167 2974 2389 3028 ratione
2420 2990 2694 3046 corporea
2724 2975 3052 3045 diiudicant
3082 2991 3172 3042 ea,
3202 2991 3328 3047 quas
3380 2992 3413 3029 a
3460 2976 3649 3030 mate-

1999 3066 2087 3117 ria
2144 3066 2282 3117 sunt
2340 3062 2754 3119 remotissima.
2815 3064 3116 3128 Quomodo
3165 3064 3321 3119 enim
3384 3063 3654 3119 Christus

2001 3152 2226 3208 dicetur
2259 3151 2547 3222 perfectus
2580 3158 2753 3223 Deus,
2788 3157 2846 3208 et
2877 3153 3163 3225 perfectus
3187 3153 3384 3220 homo,
3415 3159 3469 3207 et
3499 3153 3656 3223 ejus-

2001 3240 2134 3296 dem
2168 3258 2300 3297 cum
2335 3241 2501 3296 Patre
2533 3247 2590 3295 et
2622 3242 2923 3297 nobiscum
2975 3245 3263 3312 assentire,
3323 3243 3373 3298 si
3425 3247 3650 3315 partem

2001 3329 2207 3385 divina:
2244 3335 2463 3385 naturae
2487 3347 2620 3385 cum
2657 3335 2820 3405 parte
2843 3337 3063 3387 natura:
3087 3332 3361 3389 humanae
3386 3331 3442 3386 in
3464 3332 3653 3404 seipse

2002 3422 2371 3494 coniungat?
2428 3422 2600 3478 Porro
2651 3422 2905 3480 dicimus
2960 3427 3231 3480 naturam
3302 3428 3566 3479 nostram
3619 3440 3652 3477 a

2003 3511 2246 3566 mortuis
2278 3512 2616 3577 surrexisse,
2652 3518 2709 3567 et
2740 3513 2794 3567 in
2830 3512 3038 3568 caelum
3072 3512 3428 3574 ascendisse.
3464 3518 3520 3568 et
3560 3529 3652 3567 se-

2001 3600 2158 3656 disse
2190 3600 2259 3655 ad
2294 3601 2552 3655 dextram
2591 3601 2792 3669 Patris,
2828 3619 2941 3656 non
2976 3603 3129 3673 quod
3153 3617 3358 3657 omnes
3379 3600 3646 3656 omnium

2000 3690 2303 3746 hominum
2368 3707 2629 3761 persona:
2678 3692 3055 3755 surrexerint,
3112 3696 3169 3746 et
3234 3691 3302 3747 ad
3374 3691 3651 3746 dextram

2001 3780 2189 3834 Patris
2220 3781 2615 3847 consederint,
2649 3782 2748 3836 sed
2783 3798 2897 3851 quo
2948 3779 3139 3835 omnis
3188 3787 3396 3836 natura
3444 3784 3647 3835 nostra

2002 3870 2122 3923 haec
2156 3868 2212 3923 in
2246 3868 2457 3923 Christi
2492 3886 2738 3938 persona
2769 3871 2846 3925 sit
2878 3872 3194 3924 consecuta
3222 3885 3234 3923 :
3277 3869 3404 3936 Nos,
3456 3869 3641 3941 inquit

2000 3959 2215 4012 beatus
2247 3957 2584 4029 Apostolus,
2618 3974 2944 4030 consurgere
2970 3968 3021 4013 el
3066 3957 3348 4013 considere
3400 3959 3534 4028 fecit
3590 3959 3654 4013 in

2002 4043 2299 4102 Christo”.
2326 4049 2606 4100 Praeterea
2631 4045 2885 4100 dicimus
2908 4046 3378 4115 conjunctionem
3408 4045 3560 4101 hanc
3581 4061 3653 4105 ex

1999 4133 2415 4189 communibus
2466 4135 2735 4190 essentiis
2799 4135 3143 4191 contectam.
3231 4140 3377 4191 Nam
3458 4135 3653 4192 omnis

1999 4224 2278 4287 essentia,
2312 4227 2376 4276 ut
2414 4239 2726 4278 commune
2758 4228 2931 4293 atque
2964 4224 3298 4278 universum
3346 4222 3650 4295 quiddam,

1998 4328 2205 4367 omnes
2238 4310 2350 4365 sibi
2381 4310 2675 4381 subjectae
2725 4329 3007 4382 personas
3055 4312 3485 4384 complectitur.
3539 4314 3653 4367 Nec

1999 4401 2133 4455 licet
2182 4406 2453 4455 naturam
2511 4400 2633 4456 sive
2683 4400 2999 4459 essentiam
3056 4401 3233 4456 ullam
3290 4401 3653 4474 singularem

2002 4492 2406 4564 privatamque
2430 4490 2682 4563 reperire
2708 4509 2720 4559 ;
2759 4491 2843 4546 sic
2873 4491 3031 4546 enim
3058 4495 3211 4547 esset
3232 4492 3655 4559 necessarium,

2002 4593 2281 4646 personas
2317 4577 2475 4646 ipsas
2507 4576 2775 4633 essentiaa
2798 4582 2853 4633 et
2875 4578 3138 4645 ejusdem
3166 4592 3295 4631 esse
3318 4583 3375 4631 et
3396 4576 3658 4641 diversae,

228 4669 452 4722 sanctae
476 4663 778 4719 Trinitatis
814 4668 924 4718 Deo
985 4661 1165 4718 Verbo
1217 4663 1398 4714 totam
1459 4662 1515 4713 et
1570 4658 1882 4728 perfectam
1915 4672 1965 4737 Ι)
1995 4670 2049 4720 et
2081 4671 2345 4720 sanctam
2380 4666 2729 4722 Trinitatem
2776 4666 3043 4737 ejusdem
3095 4681 3245 4734 esse,
3302 4665 3661 4734 diversaeque

231 4753 562 4811 divinitatis
596 4758 886 4819 naturam,
936 4750 995 4804 in
1044 4766 1153 4803 una
1202 4764 1441 4803 suarum
1503 4762 1884 4817 personarum

231 4844 344 4902 toti
399 4843 671 4897 humanae
732 4845 976 4906 naturae,
1035 4857 1145 4894 non
1195 4842 1390 4892 autem
1445 4841 1667 4906 partem
1746 4836 1891 4906 parti

236 4933 424 4990 fuisse
447 4930 823 5003 conjunctam
861 4929 1135 4983 dicimus.
1175 4926 1322 4983 Nam
1357 4930 1420 4980 ut
1453 4929 1659 4980 beatus
1703 4925 1898 4996 inquit

231 5023 574 5095 Apostolus,
608 5023 667 5077 in
698 5019 820 5093 ipso
854 5018 1131 5074 inhabitat
1154 5018 1332 5072 omnis
1362 5015 1653 5087 plenitudo
1686 5014 1896 5071 divini—

232 5114 370 5170 tatis
398 5111 769 5187 corporaliter
798 5109 865 5177 7‘,
902 5108 958 5163 id
995 5111 1101 5177 est,
1139 5106 1199 5164 in
1230 5122 1396 5162 carne
1426 5105 1564 5177 ejus.
1617 5105 1683 5160 Et
1737 5104 1893 5159 Pauli

234 5201 569 5274 discipulus
600 5202 658 5257 in
694 5200 870 5256 rebus
921 5198 1138 5253 divinis
1185 5195 1551 5267 explicandis
1612 5194 1895 5249 excellen-

236 5290 509 5347 tissimus
535 5288 848 5361 Dionysius
867 5307 879 5343 :
899 5291 967 5342 Se
983 5289 1187 5352 totam,
1205 5283 1419 5354 inquit,
1436 5282 1496 5337 in
1519 5299 1637 5338 una
1657 5300 1896 5338 suarum

235 5396 627 5454 personarum
680 5374 1156 5435 communicavit.
1210 5372 1325 5429 Nec
1375 5378 1571 5429 tamen
1622 5389 1900 5444 cogemur

239 5466 438 5524 dicere
472 5484 697 5535 omnes,
732 5482 835 5524 seu
866 5471 988 5522 tres
1013 5468 1230 5521 sanctas
1259 5461 1585 5518 divinitatis
1619 5477 1899 5533 personas

320 5621 365 5656 7‘
392 5620 516 5677 Col.
551 5637 612 5685 ιι,
644 5620 697 5675 9.
779 5618 826 5656 ⁷⁸
854 5618 974 5675 Col.
1003 5635 1068 5674 ιιι
1098 5620 1149 5674 1.

2001 4756 2291 4818 essentne,
2324 4764 2609 4826 quantum
2641 4754 2898 4826 pertinet
2931 4755 2998 4808 ad
3026 4753 3413 4807 divinitatem.
3438 4751 3654 4805 Eadem

2007 4844 2187 4916 igitur
2246 4848 2453 4898 natura
2503 4842 2750 4908 singulis
2806 4841 3070 4915 personis
3115 4841 3540 4897 consideratur.
3596 4841 3667 4897 Et

2009 4933 2244 5004 quando
2278 4932 2547 4997 dicimus,
2566 4930 2737 4985 Verbi
2764 4941 3030 4989 naturam
3058 4947 3287 4985 carnem
3316 4930 3666 5000 assumpsis-

2008 5038 2070 5077 se
2110 5022 2504 5087 divinitatem,
2536 5037 2602 5075 ex
2636 5020 2933 5074 beatorum
2990 5017 3294 5074 Athanasii
3347 5019 3664 5092 Cyrillique

2011 5111 2319 5177 sententia,
2336 5109 2495 5165 carni
2522 5126 2649 5165 esse
2671 5110 3045 5179 conjunctam
3066 5108 3450 5171 aftirmamus.
3470 5110 3678 5175 Quam-

2009 5200 2209 5255 obrem
2244 5216 2359 5254 non
2394 5214 2708 5270 possumus
2753 5198 2966 5265 dicere,
3001 5198 3169 5254 Verbi
3221 5201 3493 5253 naturam
3545 5213 3675 5254 esse

2011 5305 2262 5359 passam,
2297 5304 2486 5359 neque
2519 5288 2676 5343 enim
2723 5286 3001 5343 divinitas
3050 5288 3108 5342 in
3157 5286 3286 5358 ipso
3336 5303 3505 5359 passa
3555 5289 3667 5343 est.

2010 5378 2285 5433 Dicentes
2317 5381 2508 5432 autem
2542 5378 2812 5432 naturam
2844 5376 3162 5433 humanam
3195 5376 3384 5432 fuisse
3435 5389 3671 5448 passam

2011 5466 2071 5521 in
2107 5466 2359 5532 Christo,
2388 5482 2505 5521 non
2532 5481 2738 5527 omnes
2770 5464 3079 5522 hominum
3114 5480 3393 5537 personas
3443 5462 3671 5533 signiti-

316 5748 428 5821 (3‘3)
464 5746 580 5803 Hoc
609 5744 916 5803 Philonius
947 5745 1198 5812 dicebat,
1233 5746 1298 5800 ut
1329 5741 1685 5800 Scutariotes
1717 5743 1811 5800 hic
1843 5746 2103 5809 adnotat.
