2026 3183
210 220 283 250 1231

864 215 1019 245 ΝΙΟΕΤλΕ
1041 213 1256 243 ΟΗΟΝΙΑΤιΕ

1842 214 1911 244 1232

210 295 323 319 camus,
354 285 406 313 sed
440 285 467 311 in
496 286 602 311 natura
632 284 760 310 humana
789 282 937 309 Christum
973 288 1037 308 esse
1057 281 1207 315 Aquanto
1224 280 1317 315 magis
1347 280 1375 307 id
1405 279 1477 307 solis
1506 282 1606 307 auctor
1636 280 1664 306 et
1688 278 1830 307 Dominus
1858 280 1914 315 ipse

211 339 332 367 passum
354 330 538 357 conﬁtemur.
569 329 662 360 Quare
687 336 754 355 cum
784 326 868 354 Verbi
899 328 1034 352 naturam

212 376 348 407 dicimus,
366 375 463 409 ipsum
477 374 603 400 Verbum
626 372 800 399 indicamus.
829 370 955 398 Verbum
982 378 1037 396 au-

211 422 270 447 tem
287 422 315 446 ct
330 419 461 446 essentia:
477 417 715 445 communitatem
743 416 864 447 obtinet,
888 419 913 442 et
938 422 1038 450 perso-

213 472 256 491 na:
272 463 488 498 proprietatem.

524 534 599 560 CAP.
616 532 726 560 XXXV.

215 606 351 643 Ejusdem.
382 606 419 632 De
447 612 503 631 una
535 604 588 666 ι)ρέ
615 603 696 664 Ver7bi
728 602 877 637 composita
908 608 1037 636 persona.

589 647 634 666 an.
681 659 687 665 .

589 647 634 674 ap.
665 647 687 665 ι.

250 704 391 730 Eumdem
414 702 504 737 igitur
532 701 621 728 etiam
648 702 713 736 post
738 699 898 726 humanam
924 707 1041 726 carnem

216 750 399 783 assumptam
417 755 507 774 unum
524 745 630 773 Filium
647 744 696 772 Dei
713 747 741 771 et
768 744 872 770 Filium
903 743 1042 778 hominis,

216 803 308 822 unum
325 793 484 826 Christum,
506 799 598 818 unum
619 790 787 822 Dominum,
806 789 989 824 unigenitum
1003 788 1045 815 Fi-

216 839 301 870 lium,
316 842 344 865 et
361 837 486 864 Verbum
508 836 557 863 Dei
588 836 689 862 Jesum
720 834 877 861 Dominum
909 835 1042 859 nestrum

219 882 405 910 confitemur.
423 881 500 907 Duos
520 879 614 915 ipsius
639 883 719 906 ortus
745 879 925 909 venerantes,
954 885 1043 903 unum

217 927 336 962 quidem
352 934 384 953 ex
402 925 485 952 Patre
502 928 569 951 ante
586 924 704 955 saecula,
722 923 800 950 omni
818 931 907 949 causa
923 922 1045 949 etratio‘

1093 326 1242 361 praestabit
1257 325 1271 352 Τ

1393 379 1469 406 CAP.
1489 378 1615 406 XXXVI.

1092 430 1230 462 Eiusdem.
1250 431 1287 456 De
1310 432 1411 456 natura
1438 428 1467 455 in
1496 427 1584 463 specie
1610 429 1636 454 et
1661 426 1805 454 indiuiduo
1828 428 1913 454 tonsi-

1129 465 1236 497 derala,
1256 472 1360 492 necnon
1380 465 1412 492 de
1434 464 1635 499 conjunctionis
1660 465 1686 490 et
1711 464 1909 490 incarnationis

1130 501 1300 536 cli/Ieremia.

1131 555 1241 583 Natura
1256 555 1298 582 vel
1316 554 1490 590 cogitatione
1511 553 1573 581 sola
1602 553 1682 580 nuda
1707 552 1911 586 consideratur,

1096 610 1147 637 per
1161 609 1190 628 se
1206 602 1282 629 enim
1304 609 1361 627 non
1380 600 1517 627 subsistit
1530 608 1535 626 :
1548 599 1591 626 vel
1609 598 1807 626 communiter
1822 598 1849 624 in
1864 606 1915 625 om-

1097 648 1184 675 Libus
1202 647 1335 682 ejusdem
1353 646 1459 681 speciei
1477 646 1622 681 personis,
1639 654 1688 672 eas
1712 645 1778 679 ipsa
1805 645 1915 678 conjun-

1096 701 1170 729 gens
1185 692 1368 719 Etdiciturin
1379 691 1474 726 specie
1484 694 1531 717 aut
1540 690 1736 718 communiter
1744 690 1917 717 considerata

1098 740 1202 765 natura
1218 738 1330 770 eadem,
1347 745 1411 772 ques
1429 736 1588 771 assumptis
1605 735 1808 762 accidentibus
1824 735 1850 762 in
1867 743 1916 762 una

1099 791 1232 818 persona.
1251 781 1406 809 Etdicitur
1438 781 1466 808 in
1500 780 1618 808 inviduo
1648 780 1832 807 considerata
1863 787 1917 814 per—

1099 835 1170 854 sona
1200 827 1300 853 eadem
1326 834 1400 859 esse,
1431 834 1494 861 quae
1524 826 1552 852 in
1595 825 1691 860 specie
1726 824 1917 851 consideratur

1100 873 1174 898 Deus
1205 870 1295 905 igitur
1322 870 1451 897 Verbum
1488 877 1604 896 carnem
1636 876 1806 902 assumens,
1837 875 1917 902 neque

1100 916 1178 943 nuda
1200 918 1228 943 et
1256 915 1318 943 sola
1348 914 1522 950 cogitatione
1552 914 1764 949 comprehensa
1794 915 1916 940 naturam

218 979 253 998 ne
271 973 332 998 tum
351 969 494 1005 temporis
512 972 574 996 tum
588 971 699 995 natura:
713 968 891 1002 superiorem
907 975 912 993 :
926 967 1046 994 alterum
1065 970 1086 1002 Β
1104 962 1215 997 accepit
1232 963 1338 996 (mque
1354 961 1430 988 enim
1443 961 1469 987 id
1482 963 1559 987 esset
1571 967 1687 987 carnem
1705 958 1917 990 assumere.scd

219 1019 315 1043 autem
333 1014 503 1043 novissimis
521 1013 702 1049 temporibus
728 1016 845 1048 propter
872 1021 936 1045 nos,
962 1014 988 1039 et
1014 1020 1047 1038 ex

223 1061 319 1095 nobis,
336 1063 364 1087 et
388 1068 476 1093 supra
500 1066 574 1086 nos:
604 1060 723 1093 propter
746 1066 808 1089 nos,
836 1057 905 1092 quia
931 1058 1048 1092 propter

221 1105 347 1133 salutem
365 1106 514 1132 nostram:
532 1111 565 1130 ex
583 1103 677 1136 nobis,
693 1102 760 1137 quia
776 1110 809 1129 ex
826 1102 948 1129 muliere
964 1106 1048 1128 nutus

218 1153 263 1177 est
280 1150 366 1177 homo
381 1149 510 1184 legitimo
524 1151 625 1182 partus
639 1150 765 1182 tempore
779 1156 784 1173 :
799 1155 886 1182 supra
904 1155 967 1180 nos,
980 1146 1050 1181 quia

220 1196 283 1222 sine
300 1194 412 1221 semine
428 1202 461 1220 ex
479 1192 587 1228 Spiritu
606 1195 716 1222 sancto.
741 1195 768 1217 et
796 1194 895 1218 sancta
920 1191 1047 1224 Virgine,

220 1248 309 1273 supra
328 1238 460 1274 pariendi
488 1237 590 1271 legem.
624 1237 680 1263 Nec
708 1236 799 1262 Deum
831 1235 925 1262 solum
953 1236 1048 1270 ipsum

221 1284 415 1319 prwdicamus
432 1292 447 1309 a
463 1285 562 1308 nostra
586 1282 748 1315 seiunctum
779 1281 970 1312 humanitate,
997 1287 1049 1307 nec

222 1329 317 1355 solum
336 1327 482 1353 hominem
503 1328 646 1352 remotum
661 1334 676 1352 a
693 1325 854 1357 divinitate,
882 1333 933 1351 ncc
960 1323 1047 1351 alium

222 1375 309 1407 atque
326 1371 428 1404 alium,
447 1372 494 1398 sed
515 1379 605 1397 unum
624 1372 651 1397 et
672 1371 817 1401 eumdem,
846 1369 932 1396 simul
958 1369 1048 1396 Deum

224 1420 311 1452 atque
331 1415 498 1443 hominem:
526 1417 612 1442 Deum
643 1416 813 1449 perfectum,
837 1417 864 1440 et
890 1414 1049 1448 perfectum

222 1461 385 1492 nominem,
403 1463 494 1487 totum
511 1460 601 1486 Deum
620 1461 648 1485 et
667 1461 758 1485 totum
784 1458 943 1489 hominem,
967 1465 1049 1484 eum-

223 1507 288 1533 dem
308 1509 399 1532 totum
419 1506 506 1532 Deum
524 1504 610 1531 etiam
630 1512 695 1530 cum
718 1511 802 1530 carne
829 1511 879 1530 sua
904 1507 931 1529 et
957 1504 1050 1529 totum

222 1550 372 1578 hominem
389 1550 477 1576 etiam
494 1557 560 1575 cum
578 1556 696 1575 summa
712 1547 858 1574 divinato:
876 1550 907 1573 ut
923 1547 1051 1574 dicentes

222 1595 382 1631 perfectum
396 1594 485 1620 Deum
503 1596 530 1619 et
541 1592 698 1627 perfectum
713 1592 871 1624 hominem,
887 1590 1050 1618 absrrlutam

222 1642 250 1666 et
269 1638 350 1665 nulla
370 1646 399 1664 re
429 1637 610 1664 deﬁcientem
640 1638 810 1663 naturarum
838 1635 1048 1670 plenitudinem
1070 1654 1091 1687 C

225 1682 426 1714 ostendamus,
443 1681 573 1708 dicentes
589 1683 685 1707 autem
703 1683 794 1707 totum
808 1680 900 1707 Deum
913 1683 940 1707 et
957 1682 1048 1707 totum

225 1727 386 1759 hominem,
404 1726 518 1753 unicam
536 1728 564 1752 et
579 1724 756 1757 singularem
775 1733 928 1759 personam
953 1724 1048 1752 decla-

225 1780 335 1799 remus.
354 1770 445 1798 Unam
475 1770 544 1797 item
578 1770 623 1796 Dei
654 1769 739 1796 Verbi
771 1772 902 1796 naturain
931 1778 1047 1797 carnem

222 1816 418 1851 assumpsisse
434 1815 617 1845 conﬁtemur,
636 1814 662 1840 id
681 1817 735 1848 est,
758 1815 853 1841 carnis
877 1815 1046 1848 csaentiam,

221 1864 254 1888 ut
270 1861 372 1888 beatus
388 1860 514 1896 Cyrillus
540 1858 685 1893 intelligit.
712 1860 834 1886 Carnem
864 1859 953 1893 igitur
977 1858 1046 1886 Ver-

219 1907 289 1933 bum
306 1905 477 1940 assumpsit,
495 1913 546 1930 nec
564 1907 660 1930 tamen
679 1912 693 1930 a
717 1907 821 1930 natura
848 1912 901 1930 sua
929 1903 1049 1931 recessit

221 1952 348 1978 materiae
366 1956 491 1985 experte,
509 1952 536 1976 et
552 1957 619 1976 cum
638 1951 727 1975 totam
747 1957 863 1975 carncm
882 1957 1048 1983 assumpse-

221 1995 268 2030 rit,
286 1998 378 2023 totum
405 2000 499 2021 tamen
526 1993 606 2020 nullo
634 1993 755 2020 termino
783 1993 1045 2021 circumscribitur.

221 2042 346 2075 Corpore
364 2040 518 2071 minuitur,
535 2041 622 2072 atque
640 2037 832 2071 contrahitur,
849 2041 876 2064 at
900 2037 1047 2065 divinitate

223 2093 279 2112 non
297 2083 560 2113 circumscribitur,
578 2090 640 2108 cum
658 2082 721 2115 ejus
742 2089 807 2108 caro
834 2090 921 2116 super
946 2081 1046 2109 divini-

219 2131 291 2162 tate,
307 2137 370 2164 quae
392 2126 593 2155 circumscribi
607 2134 662 2152 non
678 2128 782 2161 potest,
795 2134 851 2152 non
865 2126 1045 2153 extendatur.

218 2173 308 2200 Totus
324 2180 393 2207 ergo
411 2171 554 2207 perfectus
572 2175 614 2197 est
632 2170 720 2203 Deus,
743 2178 799 2196 non
826 2172 918 2196 totum
948 2173 1045 2198 autem

219 2217 306 2250 Deus,
324 2223 417 2251 neque
433 2215 510 2243 enim
526 2214 620 2242 solum
643 2213 731 2247 Deus,
759 2214 807 2240 sed
834 2215 920 2241 etiam
948 2214 1045 2242 homo.

216 2262 254 2288 Et
269 2262 349 2288 totus
366 2259 521 2295 perfectus,
540 2267 596 2285 non
619 2260 714 2285 autem
741 2260 834 2284 totum
868 2258 965 2293 homo,
991 2267 1045 2287 ne-

218 2313 274 2340 que
288 2305 365 2332 enim
383 2304 477 2332 solum
496 2304 594 2334 homo,
612 2303 661 2330 sed
678 2303 763 2329 etiam
782 2302 870 2336 Deus,
893 2305 923 2329 ut
952 2305 1045 2330 totum

1103 1007 1245 1042 decipere,
1260 1009 1287 1033 et
1299 1005 1395 1033 carnis
1411 1005 1643 1039 assumptioncm
1671 1003 1851 1039 contingere)
1875 1010 1918 1029 ne-

1104 1060 1159 1087 que
1176 1053 1311 1079 naturam
1330 1050 1420 1083 illam,
1441 1058 1505 1085 quae
1530 1049 1560 1076 in
1583 1049 1679 1084 specie
1705 1048 1918 1076 consideratur:

1103 1099 1194 1131 deque
1211 1096 1288 1123 enim
1305 1104 1443 1131 personas
1458 1103 1561 1122 omnes
1576 1094 1700 1129 accepit,
1718 1094 1769 1121 sed
1797 1096 1917 1121 naturam

1103 1141 1133 1168 in
1148 1141 1308 1174 individuo,
1326 1149 1389 1176 quae
1405 1140 1507 1167 eadem
1522 1141 1567 1166 est
1583 1147 1649 1166 cum
1665 1138 1725 1171 illa,
1740 1147 1806 1173 quas
1831 1140 1872 1165 est
1893 1137 1917 1163 in

1105 1186 1199 1221 specie
1215 1186 1371 1221 (primitias
1387 1185 1463 1212 enim
1481 1184 1593 1220 accepit
1608 1188 1714 1211 nostra:
1731 1183 1845 1218 massa)
1869 1190 1917 1209 non

1105 1239 1156 1266 per
1171 1239 1201 1258 se
1218 1230 1441 1264 subsistentem,
1458 1232 1485 1257 et
1502 1238 1566 1264 qum
1582 1229 1664 1265 prius
1684 1228 1875 1261 individuum,
1891 1229 1917 1254 ut

1105 1276 1145 1303 sic
1161 1276 1197 1302 ab
1214 1275 1274 1309 ipso
1298 1276 1508 1306 assumeretur,
1534 1274 1584 1301 sed
1611 1282 1675 1308 quae
1702 1273 1730 1299 in
1756 1281 1812 1300 sua
1834 1272 1915 1306 ipsius

1104 1320 1257 1348 exsisteret
1273 1327 1405 1355 persona.
1421 1318 1493 1346 Nam
1511 1318 1576 1353 ipsa
1590 1318 1640 1345 Dei
1653 1317 1735 1345 Verbi
1751 1316 1915 1352 hypostasis,

1106 1364 1164 1391 sivo
1176 1372 1310 1399 persona,
1322 1363 1418 1391 carnis~
1430 1362 1596 1399 hypostasis
1606 1362 1665 1389 sive
1676 1360 1917 1397 personaexstitit.

1105 1411 1202 1444 Atque
1217 1409 1258 1436 ita
1274 1408 1399 1436 Verbum
1416 1416 1482 1435 caro
1496 1407 1603 1435 factum
1619 1409 1674 1442 est,
1688 1406 1751 1434 sine
1762 1406 1919 1434 incitatione

1105 1456 1215 1486 tamen,
1236 1456 1265 1481 et
1290 1461 1356 1481 caro
1379 1453 1517 1482 Verbum.
1544 1452 1607 1479 sine
1634 1452 1869 1479 commutatione.
1891 1451 1919 1477 Et

1107 1502 1182 1526 Deus
1200 1498 1297 1531 homo,
1312 1500 1339 1526 et
1356 1498 1443 1525 homo
1465 1497 1553 1530 Deus,
1579 1497 1614 1524 ob
1644 1497 1720 1524 hanc
1748 1495 1916 1531 pcrsonalem

1107 1543 1356 1578 conjunctionem.
1374 1543 1557 1577 Quapropter
1570 1541 1648 1568 idem
1664 1544 1709 1568 est
1725 1541 1826 1575 dicere,
1842 1542 1918 1567 natu-

1106 1597 1167 1616 ram
1186 1588 1282 1621 Verbi,
1298 1591 1326 1615 et
1343 1590 1475 1615 naturam
1493 1587 1521 1615 in
1545 1587 1707 1614 individuo.
1731 1587 1824 1622 Neque
1845 1585 1914 1612 enim

1106 1633 1135 1660 id
1153 1632 1347 1667 individuum,
1364 1640 1412 1660 seu
1431 1640 1584 1668 personam
1600 1632 1715 1667 proprie
1731 1634 1757 1658 et
1771 1629 1912 1664 singulari<

1107 1681 1149 1705 ter
1168 1677 1305 1711 declarat,
1337 1685 1429 1711 neque
1453 1684 1645 1712 personarum
1673 1674 1913 1705 communitatem,

1102 1724 1153 1751 sed
1167 1731 1353 1751 communem
1370 1724 1517 1755 naturam,
1533 1730 1598 1756 quas
1614 1721 1643 1748 in
1660 1730 1718 1748 una
1735 1727 1911 1756 personarum

1102 1768 1304 1796 consideratur
1319 1771 1346 1794 et
1359 1766 1541 1802 expenditur.
1562 1765 1647 1792 Aliud
1672 1765 1762 1801 igitur
1788 1766 1830 1792 est
1852 1771 1912 1790 con-

1098 1813 1223 1848 junctio,
1241 1811 1319 1839 aliud
1335 1811 1432 1839 carnis
1455 1811 1628 1845 assumptio.
1651 1809 1820 1844 Conjunctio
1844 1807 1913 1835 enim

1101 1857 1194 1885 solam
1224 1857 1334 1884 indicat
1362 1855 1589 1890 copulationem,
1629 1863 1696 1881 cum
1727 1863 1782 1889 quo
1828 1854 1914 1880 autem

1102 1903 1154 1930 fiat
1168 1902 1231 1936 ipsa
1245 1901 1391 1937 copulatio
1411 1910 1467 1928 non
1498 1900 1648 1933 declarat;
1680 1899 1715 1926 ad
1743 1898 1851 1931 carnis,
1876 1903 1918 1923 seu

1099 1948 1189 1983 (quod
1219 1947 1296 1974 idem
1331 1946 1384 1981 est)
1424 1945 1616 1973 humanitatis
1658 1943 1819 1979 assumptio
1859 1949 1917 1969 cum

1100 2000 1196 2024 carne,
1241 1992 1302 2019 sive
1349 1999 1411 2019 cum
1449 1990 1568 2017 homine
1605 1989 1844 2024 conjunctionem
1877 1987 1917 2013 de-

1102 2038 1256 2069 monstrat,
1300 2035 1550 2070 quemadmodum
1595 2037 1623 2062 et
1666 2033 1769 2068 iguitio
1815 2033 1857 2067 (ut
1885 2031 1918 2057 ita

1101 2082 1205 2115 dicam)
1236 2081 1303 2108 ferri
1327 2088 1394 2107 cum
1438 2080 1505 2115 igne
1546 2078 1783 2113 conjunctionem
1831 2079 1918 2104 osten-

1100 2126 1152 2153 dit.
1413 2134 1418 2140 '

1393 2169 1470 2197 CAP.
1486 2168 1626 2196 XXXVII.

1101 2225 1240 2260 Ejusdem.
1258 2224 1293 2251 De
1307 2223 1498 2255 naturalibus,
1519 2225 1553 2260 et»
1569 2222 1643 2249 nulli
1666 2221 1781 2249 crimini
1804 2218 1918 2260 obnoeiis

1136 2260 1340 2296 allectiOIIibzts.
1373 2260 1497 2292 Verbum,
1537 2258 1645 2296 dempto
1680 2261 1806 2296 peccato.
1844 2258 1918 2296 toturn

1136 2291 1287 2330 hominem,
1303 2298 1328 2323 et
1343 2297 1441 2322 cuncta
1457 2302 1519 2330 qua:
1533 2291 1603 2321 sunt
1617 2292 1748 2326 hominis,
1765 2291 1918 2327 assumpsi-

220 2349 338 2384 quidem
356 2352 491 2376 naturam
517 2347 685 2378 constituat,
715 2349 793 2374 totus
820 2349 914 2374 autem
947 2356 1044 2383 perso-
1062 2342 1085 2373 D
1137 2348 1241 2375 Adhaac
1272 2348 1457 2381 confitemur,
1485 2355 1551 2374 cum
1582 2354 1684 2374 omnes
1723 2345 1872 2373 naturales
1897 2344 1920 2370 et

219 2403 298 2427 nam,
311 2395 442 2428 itemque
450 2395 559 2420 naturae
572 2392 611 2419 sit
622 2391 796 2423 aliud,alius
809 2394 905 2419 autem
919 2401 1047 2427 persona:

218 2440 251 2466 In
267 2439 405 2466 omnibus
419 2441 490 2470 erat,
507 2439 534 2465 et
555 2445 642 2472 super
658 2436 766 2469 omnia,
795 2436 881 2463 etiam
912 2437 938 2463 in
966 2440 1047 2464 utero

218 2482 321 2510 divinas
338 2482 515 2510 Genitricis:
535 2481 562 2508 in
588 2481 642 2508 hoc
671 2482 767 2508 tamen
798 2488 831 2508 ea
861 2481 1046 2515 potissimum

216 2527 340 2559 actione,
358 2535 416 2562 qua
432 2535 549 2554 carnem
572 2526 721 2553 induebat.

251 2571 328 2598 Illud
348 2571 502 2599 sciendum
532 2575 584 2603 est,
613 2569 748 2605 quamvis
774 2569 906 2596 dicamus
934 2571 1046 2598 Domini

216 2618 336 2643 naturas
366 2617 442 2643 inter
468 2623 499 2642 se
529 2619 626 2642 mutuo
650 2622 824 2647 commeare,
852 2614 880 2641 id
907 2617 1004 2643 tamen
1030 2625 1046 2643 a

216 2663 322 2689 natura
337 2661 436 2688 divina
456 2660 609 2695 prcticisci.
637 2661 702 2694 Ipsa
729 2659 818 2693 enim,
846 2661 876 2686 ut
899 2659 970 2694 vult,
996 2669 1046 2696 per

217 2706 318 2733 omnia
332 2706 488 2738 commeat,
510 2704 625 2736 transit,
651 2712 684 2731 ac
710 2706 851 2739 penetrat,
877 2712 926 2739 per
951 2705 1043 2739 ipsam

217 2757 285 2777 vero
302 2749 385 2777 nihil.
405 2751 497 2784 Atque
509 2748 570 2783 ipsa
586 2748 703 2783 quidem
717 2748 874 2783 dignitates
886 2757 955 2776 suas
964 2750 1044 2777 carni

214 2794 258 2821 sic
274 2793 425 2829 elargitur,
443 2795 473 2821 ut
490 2792 564 2820 nihil
582 2792 720 2827 patiatur,
738 2795 766 2820 et
791 2792 887 2820 carnis
915 2793 1043 2820 affectio-

211 2846 282 2866 uum
299 2845 401 2874 expers
421 2840 548 2865 maneat.
575 2839 646 2864 Nam
678 2837 702 2864 si
731 2836 816 2864 nobis
845 2837 887 2865 sol
915 2837 1044 2866 actiones

212 2881 342 2918 impertit
382 2889 464 2916 suas,
509 2883 537 2909 et
581 2890 597 2909 ιι
645 2881 752 2909 nostris
798 2881 872 2909 nihil
926 2881 1042 2919 accipit,

1104 2393 1189 2428 culpa
1217 2395 1348 2420 carentes
1379 2392 1546 2419 aﬁ'ectiones
1586 2390 1714 2418 hominis
1754 2389 1919 2425 suscepisse.

1102 2437 1207 2465 Totum
1237 2437 1314 2464 enim
1344 2436 1501 2469 hominem,
1533 2438 1561 2463 et
1590 2443 1654 2470 quae
1694 2439 1762 2463 sunt
1800 2432 1920 2461 hominis

1103 2482 1266 2518 assumpsit
1295 2481 1394 2509 omnia
1433 2483 1536 2516 praeter
1577 2481 1739 2515 peccatum.
1765 2481 1826 2506 Hoc
1852 2477 1920 2505 enim

1103 2535 1196 2562 neque
1213 2526 1347 2554 naturale
1362 2528 1416 2559 est,
1432 2533 1526 2561 neque
1542 2533 1558 2552 a
1574 2524 1657 2552 nobis
1675 2524 1798 2552 insitum
1816 2532 1834 2550 θ.
1847 2523 1921 2550 Crea-

1101 2573 1173 2604 tore,
1191 2570 1239 2598 sed
1257 2569 1365 2597 diaboli
1391 2572 1456 2597 satu
1482 2569 1509 2596 in
1537 2568 1627 2596 libero
1652 2571 1752 2595 nostro
1780 2565 1921 2603 proposito

1103 2616 1188 2643 nobis
1204 2614 1378 2649 volentibus,
1411 2622 1469 2642 non
1500 2616 1594 2641 autent
1628 2613 1727 2640 invitis
1757 2612 1877 2641 coaluit,
1899 2611 1922 2635 cl

1102 2662 1292 2695 propagatum
1308 2663 1363 2693 est,
1377 2658 1566 2694 dominioque
1582 2658 1718 2693 potitum.
1733 2659 1764 2684 At
1782 2654 1922 2683 naturales

1100 2708 1127 2732 et
1138 2704 1207 2732 vitio
1219 2705 1362 2740 culpaque
1375 2706 1510 2732 vacantes
1524 2703 1692 2731 aﬂeotiones
1705 2704 1773 2729 sunt
1786 2700 1853 2733 illae,
1870 2705 1922 2735 qua:

1102 2749 1130 2776 in
1146 2751 1289 2784 potestate
1306 2752 1406 2776 nostra
1419 2756 1476 2776 non
1494 2751 1575 2783 sunt,
1591 2756 1653 2782 qua:
1672 2747 1811 2774 nimirum
1829 2753 1863 2772 ex
1880 2743 1923 2770 ad-

1100 2793 1186 2821 missi
1201 2795 1311 2828 peccati
1331 2794 1530 2826 damnatione,
1546 2796 1575 2820 et
1593 2800 1669 2820 noxa
1684 2793 1712 2819 in
1727 2791 1815 2819 vitam
1831 2791 1924 2817 buma-

1100 2846 1162 2866 nam
1178 2838 1348 2866 irruerunt:
1368 2840 1400 2865 ut
1417 2838 1520 2871 fames,
1550 2837 1625 2871 sitis,
1654 2836 1806 2868 lassitudo,
1838 2833 1922 2862 dolor.

1097 2882 1247 2920 lacrymaa,
1288 2883 1435 2917 interitus,
1471 2882 1575 2911 mortis
1617 2881 1791 2918 deprecatio,
1829 2880 1921 2910 timur»
