4052 6442
325 357 480 418 1233

1644 353 2043 419 THESAURI
2087 355 2237 416 LIB.
2284 360 2397 419 III.

3590 372 3745 434 1234

320 506 525 561 angor,
577 507 641 546 ex
690 508 806 562 quo
846 491 1114 567 sudores,
1166 491 1475 563 sanguinis
1537 493 1737 563 guttae,
1799 506 1970 562 ange-
2003 490 2059 555 A
2088 488 2392 558 tribueret,
2425 498 2479 547 et
2516 501 2667 549 esset
2699 496 3095 570 omnipotens,
3131 506 3189 557 et
3219 502 3419 558 omnia
3450 512 3739 562 cerneret.

317 577 514 633 lorum
552 586 788 651 propter
839 587 1058 635 natura;
1092 581 1551 636 imbecillitatem
1610 580 1970 647 subsidium,

320 673 376 722 et
408 669 754 726 consolatio.
790 671 918 725 Haec
948 670 1143 725 etalia
1175 671 1231 725 id
1282 687 1485 743 genus,
1519 686 1645 741 quae
1693 670 1969 724 omnibus

321 756 530 812 insunt
579 758 919 814 hominibus
953 760 1321 826 naturaliter,
1364 760 1561 814 omnia
1591 759 1873 831 suscepit,
1908 762 1971 813 ut

317 849 520 902 omnia
545 865 784 919 prorsus
816 852 1018 904 sancta
1050 849 1341 905 redderet.

390 937 700 994 Naturales
731 944 927 995 autem
949 956 1153 995 omnes
1184 939 1521 995 affectiones
1553 947 1609 995 et
1638 956 1705 994 ex
1738 944 1965 1003 natura,

308 1034 371 1084 et
418 1047 599 1102 supra
660 1034 930 1086 naturam
978 1039 1138 1086 erant
1208 1031 1266 1085 in
1318 1031 1568 1086 Christo.
1630 1031 1707 1085 Ex
1757 1035 1967 1085 natura

306 1120 473 1173 enim
511 1121 565 1173 in
597 1136 664 1175 eo
725 1122 1126 1188 movebantur,
1161 1137 1295 1175 cum
1358 1122 1733 1190 permittebat
1778 1120 1960 1187 carni,

310 1212 379 1261 ut
411 1224 537 1279 qua:
591 1209 824 1279 propria
848 1209 1009 1265 illius
1037 1215 1199 1275 sunt,
1235 1217 1546 1280 pateretur,
1581 1216 1751 1278 atque
1779 1210 1958 1264 senti-

308 1303 419 1352 ret.
473 1299 659 1369 Supra
709 1307 977 1352 naturam
1030 1316 1182 1366 vero,
1212 1300 1493 1370 quoniam
1552 1299 1848 1354 naturales
1901 1301 1959 1352 in

305 1386 552 1441 Domino
601 1392 791 1442 motus
842 1392 898 1441 et
946 1388 1279 1443 affectiones
1341 1389 1467 1459 ejus
1500 1388 1780 1443 voluntati
1843 1405 1956 1442 non

304 1475 680 1546 imperabant
715 1492 727 1529 :
766 1476 908 1531 nihil
943 1478 1098 1531 enim
1149 1477 1208 1531 in
1241 1494 1305 1531 eo
1338 1482 1630 1541 coactum,
1684 1477 1956 1542 invitum,

303 1570 369 1619 et
402 1566 799 1620 necessarium
820 1567 1350 1632 consideratur,sed
1375 1566 1574 1621 omnia
1597 1567 1957 1633 voluntaria;

297 1656 507 1710 volens
533 1657 690 1710 enim
748 1657 955 1721 esurit,
990 1656 1186 1712 volens
1220 1656 1426 1724 sitivit,
1478 1657 1675 1712 volens
1735 1657 1953 1725 timuit,

297 1744 505 1799 volens
541 1750 807 1800 mortuus
826 1750 934 1800 est.

885 1871 1039 1925 CAP.
1073 1870 1370 1926 XXXVIII.

300 1978 440 2031 liena
479 1976 596 2031 alia
628 1976 692 2031 de
741 1977 929 2032 divina
960 1977 1366 2033 incarnatione.
1428 1977 1676 2034 Aliorum
1732 1981 1957 2035 Patrum

377 2048 870 2104 demonstrationes
900 2049 1273 2120 syllogistirae,
1334 2066 1406 2104 ex
1451 2050 1836 2106 communibus
1864 2066 1956 2106 no-

372 2120 638 2177 tionibus.

380 2228 428 2281 1.
462 2228 517 2281 Si
539 2229 692 2299 ignis
724 2230 781 2285 in
806 2247 911 2285 suo
943 2230 1067 2286 loco
1094 2247 1337 2287 manens
1369 2247 1497 2285 cum
1533 2231 1682 2285 ferro
1716 2230 1953 2301 conjun-

300 2318 493 2390 gitur,
526 2318 711 2373 multo
740 2318 922 2389 magis
956 2319 1049 2375 ille
1080 2321 1176 2391 qui
1211 2326 1298 2375 est
1320 2320 1712 2391 omnipotens,
1747 2320 1954 2374 immo-

296 2409 441 2465 bilis
475 2427 718 2465 manens
768 2416 1088 2483 assumptis
1143 2412 1300 2467 carni
1335 2413 1686 2483 conjunctus
1746 2418 1853 2480 est,
1888 2417 1952 2466 ut

287 2500 401 2572 qui
426 2504 727 2556 totuserat
756 2502 808 2554 in
834 2502 1256 2569 Patre,totusin
1282 2503 1381 2557 illa
1410 2509 1567 2558 esset
1599 2506 1947 2574 assumptio-

297 2606 396 2644 ne.
432 2591 564 2654 Quae
595 2589 831 2661 quidem
866 2590 1015 2645 ratio
1047 2590 1093 2644 si
1157 2596 1377 2645 natura;
1407 2591 1523 2645 vim
1570 2596 1829 2662 superat,
1865 2589 1944 2644 nil

294 2680 515 2734 mirum
548 2684 657 2745 est,
690 2680 925 2751 quando
959 2680 1162 2745 Filius,
1187 2690 1240 2733 et
1270 2678 1527 2735 Verbum
1559 2681 1686 2751 ipsa
1715 2684 1805 2735 est
1844 2697 1946 2735 na-

285 2774 427 2823 tura
462 2768 860 2839 praestantius.

366 2857 424 2909 2.
459 2856 514 2910 Si
561 2874 726 2911 mens
766 2857 973 2913 animae
1026 2873 1241 2929 corpus
1298 2858 1571 2914 incolenti
1632 2861 1946 2931 conjuncta

286 2944 555 3016 quolibet
605 2948 994 3017 progreditur,
1031 2948 1215 3017 ipsam
1251 2947 1506 3004 animum
1535 2966 1650 3004 non
1681 2950 1942 3006 derelin-

286 3051 508 3107 quens,
541 3041 597 3090 et
651 3037 1111 3106 impenetrabilis
1142 3038 1231 3110 (ut
1253 3039 1338 3094 ita
1368 3039 1584 3113 dicam)
1618 3057 1719 3111 per
1752 3043 1943 3097 omnia

288 3129 607 3191 commeat,
667 3131 723 3179 et
756 3131 1039 3196 penetrat,
1104 3144 1605 3199 supervacaneum
1654 3137 1742 3185 est
1772 3131 1940 3186 dubi-

1982 1858 2029 1923 B

2081 577 2306 633 Dicitur
2337 585 2530 636 autem
2590 600 2755 640 serva
2786 590 2843 640 et
2901 587 3125 659 ignara,
3179 596 3236 645 et
3268 591 3398 646 aliis
3441 594 3734 664 ejusmodi

2084 669 2423 725 nominibus
2453 673 2803 742 appellatur,
2840 675 2888 730 si
2923 678 3052 745 quis
3076 682 3161 747 (ut
3193 678 3383 752 inquit
3414 681 3728 755 Gregorius

2082 758 2429 831 Theologus)
2463 761 2590 816 sola
2620 763 2778 819 nuda
2805 766 3159 836 cogitatione
3189 773 3419 839 separet
3446 770 3527 839 id,
3574 775 3725 843 quod

2082 848 2328 915 videtur,
2358 851 2428 904 ab
2453 868 2517 905 eo
2552 854 2704 923 quod
2737 853 3184 926 intelligitur.ln
3210 858 3318 913 hac
3342 864 3536 916 autem
3570 863 3728 918 Chri-

2078 941 2206 991 stus
2237 938 2521 995 obnoxius
2555 940 2663 995 fuit
2698 943 3066 1000 naturalibus
3088 951 3143 1000 et
3173 946 3346 1018 culpa
3379 952 3728 1008 vacantibus

2076 1026 2485 1085 affectionibus
2538 1040 2595 1085 ut
2632 1048 2735 1086 nec
2768 1049 2800 1085 a
2837 1034 3068 1104 propria
3130 1039 3340 1091 natura
3373 1038 3723 1110 discederet,

2076 1121 2134 1169 et
2154 1132 2217 1171 se
2239 1134 2367 1174 vere
2388 1135 2624 1176 carnem
2651 1121 2971 1177 humanam
2995 1129 3392 1196 assumpsisse
3419 1129 3729 1186 conﬁrma—

2076 1211 2183 1269 ret,
2215 1215 2267 1261 et
2299 1207 2600 1264 doloribus
2634 1211 2759 1265 suis
2816 1218 3046 1267 nostros
3078 1224 3305 1270 curaret
3337 1220 3394 1270 et
3445 1220 3729 1274 naturali-

2076 1296 2183 1350 bus
2214 1297 2646 1367 ail‘ectionibus,
2680 1316 2779 1355 eas
2810 1319 2938 1372 quae
2994 1309 3129 1356 sunt
3195 1313 3401 1374 praeter
3452 1311 3723 1362 naturam

2072 1384 2331 1441 aboleret
2361 1405 2375 1456 ;
2408 1392 2465 1441 et
2501 1389 2752 1460 denique
2786 1396 2851 1444 ut
2882 1407 2978 1445 eas
3011 1392 3251 1447 vincens
3285 1393 3404 1464 ipse
3438 1398 3721 1465 tanquam

2074 1473 2247 1529 homo
2276 1475 2445 1531 nobis
2478 1477 2657 1532 simili
2689 1484 2898 1534 natura
2931 1497 3131 1535 secum
3165 1482 3496 1552 conjunctis
3542 1490 3597 1538 et
3628 1501 3722 1539 co-

2070 1565 2263 1635 gnatis
2287 1566 2584 1621 victoriam
2617 1567 2804 1638 ipsam
2840 1569 3177 1641 largiretur.
3221 1574 3524 1628 Peccatum
3561 1575 3717 1628 enim

2073 1670 2185 1707 non
2221 1659 2308 1707 est
2337 1656 2560 1711 affectio
2594 1657 2903 1724 naturalis,
2929 1665 2983 1714 et
3016 1676 3383 1731 quascunque
3414 1662 3485 1717 ad
3520 1679 3722 1733 pecce-

2070 1747 2193 1798 tum
2232 1745 2540 1817 pertinent.

2144 1856 2195 1908 6.
2234 1852 2489 1925 Virginis
2539 1855 2757 1911 ferrum
2790 1857 3041 1927 ignitum
3077 1862 3134 1913 et
3184 1858 3410 1914 illustre
3469 1860 3720 1915 reddens

2072 1942 2403 2011 frigiditatis
2461 1948 2517 1998 et
2573 1944 2896 2015 nigredinis
2943 1948 3070 2016 ejus
3105 1947 3394 2019 particeps
3444 1948 3570 2020 ipse
3601 1966 3713 2003 non

2068 2031 2340 2097 efﬁcitur,
2403 2032 2482 2086 ita
2513 2032 2792 2090 divinitas
2826 2034 3095 2091 virtutem
3147 2053 3314 2091 suam
3366 2037 3721 2094 humanitati

2066 2121 2510 2177 communicans
2542 2121 2670 2191 ejus
2697 2138 2811 2177 non
2826 2123 3038 2193 accipit
3060 2123 3537 2181 imbecillitatem.

2132 2211 2187 2263 7.
2230 2209 2457 2265 Puritas
2516 2211 2754 2281 quidem
2789 2228 2923 2266 cum
2959 2212 3234 2269 sordibus
3268 2214 3483 2269 nostris
3509 2229 3709 2270 versa-

2064 2300 2180 2365 tur,
2205 2300 2302 2354 sed
2324 2299 2463 2369 ipsae
2491 2304 2682 2355 tamen
2707 2303 2910 2356 sordes
2930 2302 3240 2371 puritatem
3269 2319 3382 2358 non
3402 2301 3708 2373 inﬁciunt;

2063 2389 2184 2442 Lua:
2212 2388 2390 2458 enim,
2443 2388 2652 2460 inquit,
2688 2391 2745 2445 in
2777 2391 3014 2446 tenebris
3043 2392 3203 2459 lucet,
3234 2398 3287 2447 et
3319 2395 3562 2450 Icnebra?
3590 2409 3712 2448 eam

2060 2494 2174 2532 non
2203 2478 2724 2549 comprehenderunt
2748 2480 2812 2534 ⁷⁵.
2834 2485 2976 2535 Nam
3005 2497 3141 2536 cum
3171 2481 3422 2536 tenebris
3456 2499 3712 2553 praesen-

2059 2567 2144 2622 tia
2183 2566 2479 2623 radiorum
2503 2567 2890 2640 expelluntur,
2915 2568 3002 2625 sol
3034 2574 3229 2626 tamen
3262 2587 3295 2626 a
3319 2569 3574 2627 tenebris
3596 2587 3710 2626 non

2059 2659 2365 2713 obscuratu
2377 2675 2423 2714 r.

2129 2764 2182 2818 8.
2218 2763 2407 2820 Unum
2444 2765 2660 2820 dicitur
2717 2767 2774 2821 in
2816 2766 2889 2822 iis
2920 2765 3181 2837 quidem,
3224 2783 3352 2840 quae
3381 2771 3520 2823 sunt
3550 2767 3711 2837 ejus-

2058 2854 2189 2909 dem
2242 2856 2532 2922 essentias,
2589 2870 2721 2910 cum
2754 2856 2954 2911 eadem
2998 2861 3086 2911 est
3117 2861 3349 2927 natura,
3374 2861 3428 2912 et
3460 2857 3703 2913 diversae

2058 2958 2342 3014 personae.
2383 2943 2463 2999 Ex
2495 2960 2610 3015 quo
2644 2944 2787 2998 illud
2826 2961 2838 2998 :
2873 2945 2938 2999 Et
2991 2947 3100 3000 tria
3132 2962 3308 3000 unum
3357 2951 3501 3001 sunt.
3538 2948 3602 3001 In
3634 2945 3707 3000 iis

2056 3038 2252 3087 autem
2293 3050 2420 3104 quae
2453 3032 2693 3088 diversas
2737 3038 2877 3089 sunt
2911 3035 3199 3102 essentite,
3236 3049 3417 3090 unum
3468 3034 3701 3102 dicitur,

2058 3136 2190 3176 cum
2223 3121 2426 3177 eadem
2461 3138 2708 3193 persona
2739 3127 2848 3191 est,
2881 3129 2938 3179 et
2957 3123 3195 3179 diversae
3221 3128 3463 3191 naturas,
3497 3139 3567 3177 ex
3589 3140 3706 3194 quo

280 3218 431 3281 tare,
495 3214 786 3283 quomodo
842 3214 1025 3270 Filius
1055 3220 1112 3270 et
1140 3220 1295 3271 Deus
1336 3234 1440 3272 nec
1472 3222 1700 3274 Patrem
1763 3219 1937 3274 relin-
1980 3216 2023 3283 C
2055 3210 2219 3267 illud.
2257 3215 2318 3267 Et
2376 3216 2694 3284 utrumque
2727 3229 2934 3268 unum.
2977 3212 3165 3269 Unum
3217 3217 3412 3269 autem
3448 3230 3562 3268 non
3598 3230 3700 3267 na-

282 3318 501 3373 quens.
559 3318 663 3356 nec
694 3302 907 3357 coelum
943 3304 1210 3360 deferens
1256 3306 1314 3360 in
1349 3310 1563 3362 terram
1620 3309 1939 3363 descende-

278 3395 376 3457 rit,
430 3396 486 3445 et
508 3408 640 3445 eum
675 3396 925 3463 nequeat
955 3395 1390 3465 comprehendi,
1414 3397 1517 3451 ’sit
1558 3397 1629 3452 ab
1660 3399 1853 3453 anima
1883 3403 1940 3454 et

281 3498 531 3553 corpore
563 3481 1036 3553 comprehensus.
1075 3483 1220 3539 Nam
1251 3485 1297 3539 si
1332 3502 1423 3541 res
1452 3491 1753 3557 procreata
1786 3488 1936 3543 hanc

280 3571 511 3626 obtinet
568 3576 939 3642 potestatem,
992 3572 1185 3642 qualis
1241 3574 1350 3628 erit
1406 3578 1748 3630 Procreator
1788 3577 1933 3647 ipse,

278 3659 654 3714 admirabilis
689 3660 1019 3732 hujus,quae
1046 3661 1234 3716 verbis
1265 3661 1540 3735 explicari
1574 3681 1686 3719 non
1722 3669 1932 3736 potest,

279 3750 566 3822 elargitor
596 3750 623 3803 ?

352 3844 405 3895 3.
443 3840 655 3894 Totum
691 3840 971 3909 Verbum,
1004 3842 1101 3913 qui
1146 3844 1292 3898 Deus
1319 3853 1665 3910 esl,carnem
1701 3862 1932 3902 assum-

274 3931 417 4000 psit,
443 3934 506 3983 et
538 3934 721 3984 totum
761 3934 962 4001 nequit
990 3934 1428 4003 comprehendi.
1462 3934 1850 3998 Quamobrem
1877 3943 1934 3992 et

275 4025 463 4074 totum
504 4024 627 4073 erat
669 4021 723 4074 in
760 4022 888 4075 sinu
942 4021 1040 4075 Dei
1076 4030 1131 4077 et
1162 4024 1372 4088 Patris,
1435 4030 1491 4079 et
1532 4029 1719 4079 totum
1754 4026 1930 4082 simul

268 4111 327 4163 in
386 4117 554 4165 utero
620 4109 829 4163 divinae
887 4113 1106 4177 Matris,
1166 4112 1287 4167 illic
1351 4118 1413 4167 ut
1472 4114 1629 4170 nullo
1682 4116 1931 4171 termino

268 4198 799 4271 comprehensum,
861 4200 954 4254 hic
985 4206 1204 4266 autem,
1241 4209 1303 4257 ut
1352 4202 1623 4258 indutum
1671 4203 1931 4261 humana

267 4308 474 4347 carne.

339 4383 393 4435 4.
430 4380 571 4436 Jam
602 4383 737 4435 ante
770 4380 971 4435 mundi
1015 4382 1516 4449 constitutionem,
1547 4389 1610 4440 ut
1644 4385 1789 4440 Deus
1820 4385 1929 4441 hu-

268 4485 517 4524 manam
549 4485 782 4524 carnem
818 4480 1159 4538 assumeret,
1204 4473 1553 4543 praefinitum
1589 4475 1924 4531 er'it.Num-

2049 3304 2201 3367 tura,
2233 3300 2335 3355 sed
2383 3300 2791 3371 conjunctione
2822 3303 3074 3357 duarum
3109 3308 3453 3358 naturarum
3486 3302 3543 3356 in
3575 3319 3694 3357 una

2051 3406 2322 3461 persona.

2119 3483 2169 3534 9.
2207 3481 2365 3535 Idem
2399 3480 2614 3535 dicitur
2641 3481 2727 3536 vel
2761 3480 3021 3537 essentia
3053 3498 3153 3537 seu
3190 3482 3368 3553 (quod
3402 3481 3555 3537 idem
3593 3483 3702 3552 est)

2048 3574 2276 3637 natura,
2311 3575 2374 3623 ut
2406 3570 2614 3625 Petrus
2646 3575 2702 3626 et
2735 3570 2951 3625 Paulus
2981 3571 3137 3627 idem
3171 3575 3383 3627 natura
3414 3576 3573 3637 sunt,
3606 3572 3696 3626 vel

2046 3673 2277 3729 genere,
2330 3663 2393 3712 ut
2424 3658 2527 3713 bos
2586 3666 2640 3713 et
2668 3675 2858 3729 equus
2891 3659 3046 3715 idem
3107 3665 3246 3714 sunt
3296 3676 3555 3731 genere:
3608 3660 3691 3715 vel

2045 3748 2331 3817 specie,ut
2384 3748 2551 3803 Titus
2583 3753 2639 3801 et
2696 3748 3043 3804 Timotheus
3103 3749 3257 3804 idem
3291 3754 3433 3804 sunt
3477 3751 3695 3820 specie.

2044 3853 2180 3891 nam
2213 3838 2323 3892 sub
2366 3837 2757 3893 hominesunt
2779 3840 2952 3894 ambo
2985 3859 2999 3907 ;
3031 3839 3115 3894 vel
3141 3854 3406 3908 numero,
3442 3843 3507 3894 ut
3537 3840 3691 3910 quod

2044 3926 2222 3981 multa
2257 3925 2434 3982 habet
2479 3929 2739 3993 nomine,
2773 3928 3006 3999 gladius
3036 3928 3218 3995 enim,
3248 3928 3430 3995 ensis,
3463 3944 3691 3992 mucro,

2043 4015 2197 4070 idem
2234 4015 2614 4081 numero,his
2645 4017 2801 4071 enim
2835 4034 3018 4072 unum
3055 4017 3403 4086 subjicitur:
3438 4016 3524 4072 vel
3559 4034 3694 4071 ana-

2043 4105 2327 4175 logia,seu
2353 4106 2772 4174 convenientia,
2791 4110 2892 4160 aut
2923 4106 3316 4177 proportione.
3351 4104 3513 4167 Quod
3537 4106 3692 4160 enim

2042 4200 2132 4248 est
2160 4195 2368 4249 oculus
2430 4197 2485 4248 in
2518 4210 2782 4263 corpore,
2814 4194 2970 4249 idem
3030 4198 3118 4250 est
3151 4211 3316 4249 mens
3348 4196 3405 4249 in
3451 4193 3649 4249 animo
3679 4212 3692 4260 ;

2040 4281 2124 4337 vel
2166 4297 2409 4352 persona
2433 4286 2496 4337 ut
2524 4281 2583 4336 in
2617 4281 2869 4350 Christo,
2904 4284 3031 4354 ejus
3062 4283 3218 4338 enim
3252 4283 3493 4337 diversae
3527 4288 3695 4337 natu-

2041 4388 2115 4426 rae
2148 4386 2396 4442 persona
2425 4371 2576 4426 idem
2610 4377 2769 4439 sunt,
2803 4372 2924 4428 sive
2955 4388 3161 4427 unum.

2115 4480 2197 4532 10.
2250 4478 2598 4547 Cnnjunetio
2639 4484 2728 4533 est
2769 4484 3014 4535 mutuus
3073 4496 3268 4534 rerum
3323 4480 3686 4534 diversarum

266 4575 445 4629 quam
491 4562 685 4613 autem
720 4565 855 4615 ante
902 4561 1335 4616 sanctissimam
1397 4562 1659 4632 Mariam,
1719 4564 1924 4619 divinae
1965 4577 2006 4641 D
2038 4585 2381 4637 concursus,
2415 4569 2477 4622 fit
2534 4572 2729 4623 autem
2764 4571 2942 4624 variis
3005 4570 3219 4637 modis,
3255 4569 3337 4624 vel
3394 4570 3690 4623 mistionev

264 4649 473 4704 carnis
509 4649 1189 4722 assumptionedignum
1225 4656 1522 4723 repertum
1559 4659 1649 4708 est
1679 4654 1925 4709 domici-

268 4739 441 4796 lium.
485 4738 588 4794 Ubi
622 4744 821 4794 autem
872 4747 1161 4811 repertum
1199 4747 1307 4810 est,
1342 4741 1664 4798 humanam
1693 4760 1929 4799 carnem

271 4847 470 4886 assum
485 4829 595 4900 psit
626 4835 801 4884 Deus.
829 4832 935 4892 Qui
972 4830 1102 4886 ideo
1134 4832 1191 4885 in
1226 4832 1520 4903 desponsa
1540 4832 1777 4903 Virgine
1802 4850 1931 4888 con-

271 4921 387 4989 cipi
414 4917 767 4986 voluit,utet
795 4919 1257 4986 matrimonium,
1292 4923 1463 4991 cujus
1495 4921 1728 4977 initium
1753 4938 1932 4993 spon-

269 5013 379 5065 sati
415 5015 574 5075 sunt,
610 5008 1048 5064 commendaret
1078 5015 1135 5063 et
1174 5010 1225 5064 ei
1258 5010 1651 5082 virginitatem
1686 5018 1927 5083 antepo-

269 5106 459 5155 neret.

339 5191 393 5244 5.
435 5187 942 5260 Humanitas,quae
965 5206 1065 5259 per
1085 5189 1558 5258 conjunctionem
1596 5191 1655 5246 in
1690 5209 1807 5247 una
1833 5207 1927 5247 θει-

271 5278 526 5349 demque
555 5294 801 5348 persona
826 5284 1133 5350 assumpta
1153 5286 1338 5343 est,ex
1361 5280 1489 5352 ipsa
1513 5282 1929 5352 conjunctione

270 5373 328 5423 et
358 5369 775 5424 communione
830 5369 1037 5424 effecta
1068 5369 1261 5423 divina
1308 5375 1423 5436 est,
1482 5370 1806 5442 statimque
1857 5372 1928 5426 ab

274 5459 550 5514 humanae
576 5466 795 5514 natura
823 5462 1084 5517 terminis
1108 5479 1221 5516 non
1258 5463 1553 5532 recedens,
1581 5464 1928 5520 excellentes

278 5552 337 5602 et
369 5548 713 5618 magniﬁcas
737 5549 1062 5606 divinitatis
1094 5552 1259 5607 dotes
1291 5552 1534 5624 accepit,
1568 5557 1633 5607 ut
1662 5558 1720 5608 et
1748 5553 1929 5610 vitam

350 5672 398 5707 ’³⁸
425 5672 597 5732 Joan.
631 5693 668 5745 ι,
697 5676 752 5732 5.

2044 4658 2194 4713 utin
2229 4656 2321 4721 iis,
2356 4674 2484 4728 quae
2534 4655 2759 4729 liquida
2809 4663 2970 4726 sunt,
3016 4657 3188 4729 quale
3241 4661 3330 4712 est
3386 4656 3587 4711 vinum
3638 4659 3696 4709 et

2042 4764 2213 4818 aqua,
2244 4748 2329 4801 vel
2366 4762 2596 4808 acervo.
2656 4752 2719 4801 ut
2744 4747 2801 4801 in
2833 4747 2905 4800 iis
2938 4763 3069 4818 quae
3099 4751 3238 4799 sunt
3272 4746 3457 4809 arida,
3491 4749 3553 4797 ut
3584 4744 3692 4799 tri-

2041 4840 2220 4893 ticum
2257 4845 2310 4891 et
2358 4837 2645 4893 hordeum
2679 4856 2693 4906 ;
2735 4836 2822 4892 vel
2854 4836 3229 4891 imbibitione
3262 4845 3323 4891 ut
3355 4836 3414 4890 in
3446 4835 3693 4890 humido

2042 4932 2097 4982 et
2127 4928 2303 4992 sicco,
2358 4926 2548 4999 qualis
2580 4932 2664 4982 est
2711 4932 2864 4981 terra
2892 4929 2949 4981 et
2978 4941 3130 4996 aqua
3158 4949 3173 4993 ;
3208 4923 3294 4979 vel
3330 4924 3691 4991 remistione,

2042 5020 2108 5071 ut
2131 5016 2190 5071 in
2217 5016 2465 5070 diversis
2502 5014 2706 5070 ferinis
2741 5031 2753 5068 :
2787 5014 2875 5070 vel
2910 5013 3345 5081 confusione,ut
3376 5013 3435 5068 in
3460 5013 3533 5068 iis
3564 5030 3692 5084 qua:

2040 5104 2579 5176 liquefiunt,qualia
2600 5107 3052 5170 suntaurum,et
3083 5107 3416 5174 argentum,
3450 5106 3506 5158 et
3537 5118 3690 5170 cera,

2040 5201 2096 5251 et
2127 5197 2221 5266 pix
2252 5213 2265 5262 ;
2303 5194 2387 5249 vel
2421 5193 2898 5264 congruentia,ut
2926 5192 2982 5247 in
3018 5191 3316 5265 lapidibus
3352 5210 3365 5259 ;
3398 5193 3486 5247 vel
3514 5208 3695 5263 appo-

2041 5285 2273 5349 sitione,
2305 5289 2365 5337 ut
2399 5283 2454 5336 in
2492 5282 2705 5337 tabulis
2742 5301 2755 5350 ;
2791 5281 2880 5336 vel
2911 5283 3346 5351 conjunctione,
3381 5288 3446 5337 ut
3476 5282 3532 5335 in
3559 5280 3697 5335 lam-

2043 5373 2207 5443 pade,
2243 5387 2367 5441 quae
2400 5386 2465 5425 ex
2495 5372 2626 5441 igne
2661 5371 3067 5440 proﬁciscitur,
3104 5376 3160 5424 et
3184 5387 3419 5424 rursum
3452 5369 3695 5439 conjun-

2041 5459 2195 5532 gitur
2228 5479 2242 5527 ;
2275 5458 2361 5513 vel
2397 5458 2672 5525 essentia,
2708 5464 2771 5513 ut
2827 5459 2884 5513 in
2920 5459 3261 5525 individuis,
3313 5457 3513 5528 quales
3554 5463 3691 5511 sunt

2040 5553 2248 5604 Petrus
2308 5552 2363 5604 et
2394 5546 2631 5614 Paulus,
2665 5554 2761 5603 aut
2815 5547 2995 5620 aliqui
3055 5547 3143 5604 vel
3204 5547 3337 5618 equi
3371 5545 3457 5602 vel
3491 5546 3690 5615 boves,
