2026 3215
166 182 181 211 1
188 181 244 212 235

168 250 218 276 aut
234 247 291 275 alia
307 246 449 274 animalia
466 255 473 279 ;
494 246 535 273 vel
554 245 665 278 habitu,
688 249 719 273 ut
735 247 763 273 in
780 246 911 273 amiciset
926 254 991 273 sen-
1009 245 1036 279 Α

168 293 269 321 tentiis
300 293 329 319 in
348 300 434 319 unam
452 291 631 318 voluntatem
659 291 902 318 convenientibus
920 298 927 324 ;
950 290 992 317 vel

168 336 393 371 compositione,
411 336 481 363 utin
494 336 592 363 anima
605 339 633 363 ot
644 344 764 371 corpore
779 344 785 369 ;
800 335 842 363 vel
860 343 993 370 persona,

169 382 198 409 id
215 382 292 416 quod
312 381 347 407 de
364 380 426 407 sola
441 380 592 407 divinitate
617 383 646 407 et
662 380 842 408 humanitate
867 381 896 407 in
912 380 994 407 Chri—

169 429 214 454 sto
225 426 341 453 dicitur.
353 427 416 452 Hoc
432 429 527 451 autem
548 425 763 459 conjunctionis
771 433 865 460 genus
881 424 994 460 primus

171 470 293 498 tradidit
305 472 425 497 sanctus
437 469 570 505 Cyrillus,
586 478 651 496 cum
669 473 841 505 repugnaret
852 469 993 501 Nestorio,

172 516 220 550 qui
249 515 373 542 duarum
405 515 434 541 in
466 514 582 541 Christo
613 517 749 542 naturain
779 514 993 550 copulationem

170 560 269 587 habitu
300 559 359 586 ﬁeri
376 559 505 586 docebat.
524 559 712 587 Exsecrandze
730 559 807 586 enim
827 559 904 585 illius
922 559 994 585 resi-

171 608 252 632 stens
268 604 396 640 opinioni
414 605 650 638 conjunctionem
664 613 728 639 qua:
742 605 779 631 sit
797 612 846 639 per
863 604 996 638 hypostn-

170 650 227 683 sin,
245 649 305 676 sive
334 657 500 683 personam,
531 650 655 682 induxit,
683 658 742 684 qua
758 650 821 676 duae
840 651 949 675 natura:
966 648 993 674 in

170 703 227 722 una
242 702 375 729 persona,
402 702 460 721 non
475 696 572 721 autem
598 694 625 721 in
640 695 764 726 duabus,
781 695 812 720 ut
833 693 919 728 nugis
934 692 996 719 suis

172 740 322 767 asserebat
348 739 509 773 Nestorius,
540 739 726 774 copulantur.
759 738 870 765 Dicitur
899 741 995 764 autem

171 786 231 814 haec
258 783 441 819 ctoriam-3611:
468 785 521 812 hoc
551 788 596 812 est
625 784 790 812 essentialie
817 783 996 818 conjunctio,

172 831 248 866 quod
262 839 328 857 vera
353 831 401 861 sit,
419 838 475 857 non
491 833 587 857 autem
615 830 676 857 sola
705 829 841 864 opinione
858 829 995 862 tingatur.

174 874 287 909 Alioqui
318 874 480 909 personalis
496 874 663 908 conjunctio
679 877 851 905 esteorum,
869 881 931 908 qua;
953 872 996 899 di-

174 927 263 946 versa:
280 921 349 946 sunt
366 919 509 950 essentia,
526 919 554 945 in
575 927 663 945 unam
693 926 845 952 personam
875 925 998 944 concur-
1015 930 1037 964 Β

174 972 236 997 sus,
253 971 307 991 sua
334 963 440 997 cuique
469 962 512 989 vel
537 965 602 997 post
627 962 861 997 conjunctionem
887 966 999 989 servata

173 1008 357 1043 proprietate.
371 1008 438 1039 ane
457 1007 575 1042 quidem
589 1007 756 1041 coniunctio
767 1007 890 1041 quadrat
907 1006 996 1033 etiam

172 1053 275 1079 animm
284 1055 309 1079 et
319 1051 468 1087 corporiin
480 1060 566 1079 unam
578 1056 680 1079 coeunt
689 1052 753 1079 ibus
764 1060 917 1087 personam
930 1052 997 1087 (37),

173 1101 206 1125 ut
220 1098 379 1125 Damascen
386 1106 420 1125 us
431 1097 557 1125 edocuit.

210 1143 254 1170 11.
281 1143 540 1178 Homoyposlaton,
569 1151 617 1169 seu
648 1142 780 1176 ejusdem
811 1150 953 1177 personae,
970 1141 999 1168 id

173 1195 239 1215 esse
253 1187 372 1220 dicitur,
389 1187 465 1222 quod
482 1187 511 1213 in
530 1195 588 1214 una
609 1186 769 1221 eademque
786 1194 911 1222 persona
931 1194 998 1212 cum

172 1232 240 1267 alio,
257 1241 273 1259 a
287 1240 344 1267 quo
360 1232 456 1258 diti'ert
470 1231 820 1266 essentia,conjungitur:
840 1235 872 1258 ut
887 1231 915 1257 in
933 1230 997 1257 ani—

174 1285 221 1304 ma
237 1284 352 1312 quoque
369 1276 402 1303 fit
417 1280 443 1303 et
459 1284 588 1311 corpore.
612 1275 757 1303 Omnibus
773 1276 891 1310 quidem
910 1275 999 1302 rebus

172 1321 320 1348 irnmistus
334 1323 378 1348 est
391 1321 468 1348 Deus
478 1329 527 1355 per
543 1321 714 1355 potentiam,
746 1323 879 1347 naturam
899 1320 999 1353 cujus-

175 1374 232 1401 que
255 1368 402 1401 regentem
420 1368 449 1392 et
476 1364 818 1395 conservantem;Filius
843 1367 939 1391 autem
971 1365 999 1391 et

173 1411 249 1438 Deus
260 1419 325 1438 cum
338 1410 521 1438 humanitate
538 1413 691 1445 assumpta
708 1409 812 1437 mislus
823 1414 867 1436 est
878 1417 998 1444 perper-

174 1463 288 1483 sonam.
931 1477 934 1480 .

210 1500 254 1527 l2.
272 1499 299 1527 Si
330 1502 483 1535 assumpta
510 1499 682 1527 humanitas
710 1502 754 1526 est
768 1498 854 1526 Verbi
872 1498 999 1534 propria,

176 1553 239 1580 quin
259 1544 451 1572 humanitatis
479 1546 638 1578 assumpta
663 1543 780 1578 propria
810 1546 890 1576 sunt,
915 1544 1001 1570 erunt

173 1590 260 1617 etiam
289 1589 371 1617 Verbi
402 1589 529 1624 propria,
546 1588 614 1615 licet
628 1588 669 1615 eis
685 1588 815 1623 seipsum
831 1596 886 1615 non
904 1588 994 1621 subii-

173 1636 242 1665 ciat,
258 1633 307 1660 sed
325 1632 367 1660 illi
392 1632 587 1659 communicet
603 1640 666 1666 quas
682 1640 735 1659 sua
761 1634 838 1665 sunt,
860 1631 995 1667 quamvis

174 1686 233 1705 non
245 1686 277 1705 eo
287 1678 384 1710 modo,
400 1686 456 1712 quo
466 1685 500 1704 ea
516 1685 532 1704 a
546 1685 576 1705 se
588 1677 787 1712 possidentur.
803 1677 883 1704 Hanc
898 1680 996 1704 autem

175 1725 284 1751 mutuae
299 1722 468 1750 tributionis
486 1723 628 1749 rationem
649 1730 796 1755 vocamus,
813 1731 869 1757 qua
886 1725 996 1749 natura;

174 1776 205 1795 se
233 1767 362 1794 vicissim
379 1767 507 1801 capiunt,
532 1768 559 1793 et
576 1775 637 1801 qua
653 1766 770 1802 utrique
797 1767 913 1802 propria
928 1769 998 1793 sunt

175 1812 232 1841 sibi
251 1815 351 1839 mutuo
368 1811 512 1839 tribuunt.
534 1816 569 1838 At
599 1812 714 1838 tametsi
729 1813 855 1839 vicissim
883 1820 915 1838 ac
932 1820 996 1838 mu-

172 1859 241 1885 tuos
252 1856 306 1884 has
318 1857 394 1883 inter
410 1864 441 1884 se
457 1864 621 1883 commeare
639 1856 833 1889 dicimus,hoc
849 1859 945 1883 tamen
963 1864 997 1883 ex

172 1901 271 1929 divina
288 1901 401 1937 proprie
413 1903 516 1928 natura
533 1902 648 1936 pendet.
658 1909 720 1936 quae
733 1909 783 1936 per
797 1902 890 1928 omnia
900 1904 996 1928 trans-

172 1947 207 1980 it,
222 1948 251 1973 et
262 1948 418 1978 commeat,
435 1950 462 1973 et
479 1948 611 1981 penetrat
628 1945 675 1972 ubi
692 1945 755 1973 vult
771 1954 840 1981 ;per
852 1945 931 1972 illam
943 1954 995 1972 au-

171 1994 229 2018 tem
247 1990 329 2018 nihil.

208 2036 251 2063 13.
273 2037 449 2062 Haecmutua
465 2034 587 2062 tributio
603 2034 659 2062 tria
675 2034 822 2070 imprimis
836 2034 994 2069 signiﬁcat.

171 2083 243 2108 Nam
260 2079 303 2107 vel
317 2080 346 2106 in
364 2079 534 2106 nominibus
548 2079 760 2113 consideratur,
773 2082 805 2106 ut
819 2087 886 2106 cum
898 2078 995 2106 homi-

174 2133 238 2153 nem
269 2124 394 2152 dicimus
417 2123 520 2156 Deum,
551 2126 579 2150 et
608 2126 697 2150 Deum
712 2123 884 2151 hominem:
908 2123 951 2151 vel
965 2123 994 2151 in

174 2171 270 2200 rebus,
288 2171 316 2195 et
332 2168 390 2195 hzec
408 2171 451 2195 est
471 2169 587 2203 duplex.
605 2170 661 2195 Aut
678 2168 754 2195 enim
773 2168 893 2203 inqualis
909 2172 953 2195 est
968 2170 995 2195 et

173 2213 340 2246 dissimilis,
359 2216 390 2239 ut
415 2213 444 2239 in
463 2216 517 2240 Deo
535 2213 652 2240 homine
678 2213 761 2245 facto,
780 2216 807 2239 et
832 2213 861 2239 in
879 2213 995 2240 homine

173 2260 245 2286 facto
278 2258 342 2284 Deo.
370 2257 448 2284 Licet
468 2257 544 2284 enim
572 2259 686 2284 tantum
713 2261 881 2292 assumptus
906 2257 993 2284 homo

172 2305 266 2330 factus
283 2301 321 2329 sit
338 2304 570 2336 [)eus,quantum
587 2302 660 2328 Deus
678 2302 822 2328 hominem
842 2310 994 2329 assumens

173 2350 262 2375 factus
292 2349 336 2374 est
355 2347 441 2374 homo
478 2346 541 2381 (per
569 2354 675 2381 corpus
704 2347 780 2374 enim
807 2349 835 2373 et
864 2347 992 2374 animam

172 2396 200 2420 et
225 2394 364 2425 tuentem,
393 2394 550 2425 utrumque
575 2391 682 2418 factum
700 2394 763 2425 est),
783 2400 839 2418 non
860 2391 995 2419 similiter

173 2441 279 2464 tamen.
309 2436 386 2463 Deus
402 2437 477 2462 enim
499 2443 548 2466 per
565 2438 699 2462 naturam
717 2437 809 2463 tortus
823 2439 866 2463 est
882 2436 969 2463 homo
987 2457 994 2470 ,

171 2482 258 2508 homo
275 2483 371 2508 autem
395 2490 444 2515 per
460 2481 584 2516 gratiam
598 2482 689 2507 factus
705 2484 747 2507 est
765 2481 850 2508 Deus.
869 2484 925 2509 Aut
954 2481 994 2508 ri-

173 2525 251 2552 milis
266 2528 293 2552 et
308 2525 506 2560 inaequalismt
524 2525 551 2552 in
569 2526 666 2552 anima
683 2534 698 2552 a
715 2525 772 2553 Deo
789 2526 901 2553 homini
914 2526 992 2560 data,

172 2573 203 2597 ut
219 2571 248 2597 in
265 2570 395 2597 carneab
408 2570 526 2597 homine
542 2570 598 2597 Deo
614 2573 642 2596 et
656 2570 746 2597 Verbo
764 2571 882 2597 tributa.
898 2571 993 2606 imago

171 2614 248 2641 enim
275 2615 324 2642 Dei
353 2617 409 2648 est,
425 2616 453 2641 et
477 2615 572 2648 quoad
590 2615 650 2641 ﬁeri
682 2617 776 2650 potest
801 2618 856 2642 Deo
888 2615 993 2642 similis

171 2659 280 2692 anima;
296 2657 418 2693 aequalis
439 2662 535 2685 autem
551 2659 629 2685 nullo
643 2660 773 2687 molloJ‘Zt
789 2663 856 2686 tunc
875 2660 992 2695 quidem

172 2703 199 2729 id
214 2702 384 2737 dedit,quod
403 2702 588 2737 prmstautius
599 2706 672 2738 erat,
686 2708 749 2739 post
766 2707 862 2731 autem
875 2705 902 2732 id
914 2706 992 2739 quod

173 2746 299 2773 deterius
316 2750 388 2780 erat,
413 2745 534 2781 accepit.
565 2746 669 2775 Verum
700 2749 992 2778 animadvertendum

1011 1608 1032 1644 C

209 2822 264 2856 (37)
280 2823 412 2855 Damasc.
430 2822 637 2861 ὀμοϋπόστατον
643 2847 649 2854 ,

828 177 981 208 ΝῘΟΕΤΑΞ.
1004 175 1105 207 CHON
1111 173 1216 208 ΙΑΤᾸΞ

1807 178 1891 212 Ιὲϐδ

1051 248 1104 278 est,
1123 246 1257 281 quamvis
1281 246 1440 281 aliquando
1455 247 1590 275 dicamne
1605 247 1697 275 Deum
1715 247 1887 283 hominem,

1051 289 1208 325 aliquando
1225 290 1373 317 hominem
1392 291 1494 325 Deum,
1511 291 1692 319 divinitatem
1710 295 1811 319 tamen
1831 292 1888 319 ho.

1051 335 1169 367 minem,
1186 337 1237 362 aut
1253 334 1466 362 humanitatem
1486 337 1575 363 Deum
1592 344 1645 363 nos
1663 344 1821 371 nunquam
1841 337 1888 364 di-

1050 387 1123 406 cere.

1087 425 1129 450 M.
1159 424 1216 451 Etsi
1246 425 1360 452 nullum
1386 427 1478 461 potest
1508 426 1676 461 exemplum
1706 427 1887 463 excogitari,

1050 469 1126 504 quod
1145 468 1228 504 plane
1255 477 1316 496 rem
1334 470 1513 504 propositam
1530 471 1686 506 exprimat,
1703 479 1758 498 nos
1784 474 1889 499 tamen

1051 514 1156 548 aliquid
1187 514 1290 541 afferre
1317 515 1502 548 conabimur,
1532 516 1608 550 quod
1636 517 1756 551 quidem
1790 518 1816 544 si
1845 518 1887 544 rei

1052 559 1247 592 magnitudini
1274 559 1372 586 minus
1397 560 1593 595 respondebit,
1624 561 1757 596 apposite
1784 565 1890 589 tamen

1053 607 1202 638 utcunque
1213 603 1361 631 veritatem
1372 605 1570 632 adumbrabit.
1583 605 1843 637 Quemadmodum
1862 607 1889 634 si

1052 652 1130 676 totus
1158 650 1328 676 cxardescat
1357 659 1416 683 aer,
1433 650 1476 677 vel
1494 651 1592 686 potius
1622 652 1659 678 sit
1688 654 1768 679 totus
1796 652 1889 686 ignis,

1051 695 1187 729 exiguum
1197 696 1293 721 autem
1306 695 1373 722 ferri
1388 695 1546 723 frustulum
1557 696 1585 723 in
1599 696 1680 723 illum
1691 697 1890 732 conjiciatur,

1052 747 1170 766 necesse
1198 739 1316 774 quidem
1334 739 1387 767 erit
1404 740 1475 767 illud
1492 740 1533 768 sic
1557 741 1644 776 ai'tlci,
1662 744 1694 768 ut
1709 742 1784 769 nihil
1804 743 1888 771 aliud

1052 792 1117 819 qam
1133 784 1207 818 ignis
1222 792 1286 811 esse
1300 784 1441 816 videatur,
1459 787 1587 813 attamen
1600 785 1642 813 illi
1658 787 1795 814 essentia:
1811 789 1889 815 ratio

1053 829 1242 863 permanebit.
1273 829 1380 856 Eodem
1397 829 1482 856 modo
1501 832 1605 857 natura
1627 831 1758 858 humana
1773 831 1888 859 divina:

1054 876 1220 907 conjuncta,
1234 874 1275 901 sic
1294 875 1328 901 ab
1346 874 1394 901 illa
1408 875 1620 910 comprehensa
1643 878 1688 903 est
1703 879 1731 903 et
1747 881 1887 912 supcrat,

1055 920 1086 945 ul;
1111 927 1167 945 non
1184 918 1310 953 amplius
1324 921 1429 946 natura
1459 919 1588 947 hominis
1609 928 1674 947 esse
1688 920 1834 949 videatur.
1855 921 1889 949 Et

1053 963 1107 990 hac
1124 964 1158 989 de
1186 972 1273 990 causa
1290 966 1388 990 Pulice
1404 964 1494 990 nostri
1517 965 1592 1000 quod
1610 968 1767 1000 exsuperat
1787 970 1817 993 et
1834 968 1888 994 do-

1054 1008 1192 1041 minatur,
1210 1008 1237 1035 id
1256 1009 1413 1040 intuentes,
1431 1008 1510 1036 illam
1524 1009 1616 1036 Deum
1633 1018 1698 1037 esse
1715 1011 1825 1038 factam
1842 1011 1888 1038 di-

1053 1056 1168 1086 xerunt,
1199 1053 1321 1087 idenmic
1338 1056 1454 1088 propter
1472 1062 1559 1080 unum
1586 1054 1690 1081 horum
1711 1063 1890 1090 personam,

1054 1101 1079 1124 ct
1107 1096 1341 1124 indissolubilcm
1359 1098 1607 1132 coniunctionem,
1640 1107 1728 1126 unum
1744 1099 1819 1126 item
1838 1100 1890 1128 his

1054 1141 1233 1168 adorationis
1250 1141 1361 1168 cultum
1379 1142 1489 1169 deberi.

1090 1187 1132 1213 15·
1151 1188 1342 1213 Personarum
1368 1187 1486 1222 quidem
1503 1187 1532 1214 in
1553 1187 1670 1216 Christo
1699 1188 1889 1217 diﬂ‘erentias

1054 1239 1110 1258 non
1127 1231 1323 1264 admittimus,
1349 1240 1383 1258 ne
1410 1234 1546 1266 quartam
1558 1241 1712 1268 personam
1729 1234 1759 1261 in
1778 1238 1888 1261 sancta

1054 1275 1196 1303 Trinitute
1208 1276 1608 1311 contingamus.Naturarum
1626 1281 1724 1305 autem
1741 1278 1886 1306 diil‘ercn-

1053 1321 1108 1347 tias
1125 1320 1327 1356 agnoscimus,
1344 1329 1379 1347 ne
1395 1329 1511 1348 carnem
1528 1322 1659 1357 ejusdem
1674 1332 1724 1357 per
1740 1327 1886 1351 naturam

1053 1365 1186 1391 essentia:
1199 1372 1262 1392 cum
1280 1365 1395 1392 Christo
1408 1366 1558 1393 credamus
1573 1374 1638 1393 esse
1654 1367 1721 1402 (37).

1091 1410 1133 1437 16.
1149 1409 1361 1444 Coniunctionc
1382 1410 1509 1437 duarum
1531 1415 1702 1439 naturarum
1719 1412 1745 1439 in
1762 1412 1885 1440 Christo

1054 1455 1128 1481 facta
1143 1454 1203 1489 jam
1230 1462 1285 1481 non
1301 1454 1417 1487 divisio,
1435 1455 1484 1482 sed
1504 1455 1670 1483 differentia
1685 1456 1811 1484 dicenda
1829 1461 1886 1487 est.

1054 1498 1221 1526 Ditferentia
1236 1498 1312 1526 enim
1341 1500 1414 1527 ratio
1431 1502 1475 1527 est
1491 1508 1542 1534 per
1557 1509 1645 1535 quam
1661 1509 1757 1528 rerum
1780 1502 1884 1538 subje<

1054 1547 1166 1570 clarum
1193 1542 1250 1570 alia
1270 1543 1364 1571 diii‘ert
1384 1544 1419 1571 ab
1458 1544 1525 1572 alia.
1556 1545 1706 1572 Divisione
1736 1554 1802 1573 vero
1836 1555 1885 1574 res

1054 1587 1162 1615 eadem
1193 1596 1313 1623 prorsus
1330 1592 1357 1615 et
1384 1589 1412 1616 in
1429 1588 1601 1616 universum
1620 1598 1637 1617 a
1652 1598 1683 1618 se
1698 1591 1880 1626 disjungun-

1052 1634 1109 1660 tur.

1090 1677 1131 1704 17.
1146 1677 1273 1705 Verbum
1298 1680 1326 1704 et
1343 1680 1416 1706 Deus
1434 1681 1484 1705 aut
1500 1678 1668 1707 universum
1682 1682 1731 1706 aut
1742 1679 1879 1715 singula-

1053 1730 1112 1749 rem
1131 1722 1292 1757 assumpsit
1310 1723 1468 1751 hominem.
1487 1724 1515 1751 Si
1529 1724 1880 1757 universum,oculisnon

1052 1771 1226 1794 cerneretur.
1244 1767 1353 1794 Natura
1368 1768 1445 1795 enim
1473 1769 1610 1796 universa
1627 1777 1683 1796 non
1699 1772 1743 1796 est
1759 1770 1882 1805 conspio

1052 1818 1115 1837 cna.
1134 1812 1272 1838 Praeterea
1288 1810 1394 1838 multas
1413 1811 1533 1839 haberet
1550 1820 1691 1847 personas
1706 1821 1712 1839 :
1732 1812 1835 1847 plures
1850 1821 1885 1840 o—

1053 1854 1113 1881 nim
1130 1863 1223 1890 genus
1246 1855 1415 1882 universum
1437 1856 1649 1892 complectitur.
1666 1857 1725 1884 Nec
1740 1858 1882 1892 ejusdem

1054 1899 1139 1927 nobis
1154 1905 1228 1927 esset
1238 1900 1422 1934 substantia,
1436 1909 1488 1928 nos
1504 1902 1582 1929 enim
1593 1910 1698 1929 sumus
1714 1903 1885 1937 individua,

1051 1947 1080 1972 et
1102 1943 1190 1971 multa
1216 1944 1362 1979 ejusmodi
1393 1946 1571 1973 incommota
1599 1950 1804 1982 sequerentur.
1829 1948 1885 1976 Sin

1052 1988 1199 2015 hominem
1213 1989 1574 2025 assumpsitsingulareni,
1590 1991 1665 2019 duas
1680 1992 1886 2026 deprehende-

1052 2036 1100 2060 tur
1115 2033 1222 2060 habere
1236 2041 1387 2068 personas.
1405 2034 1560 2070 Reliquum
1579 2035 1668 2070 igitur
1687 2039 1740 2069 est,
1757 2039 1790 2063 ut
1807 2046 1885 2065 neu-

1051 2080 1129 2105 trum
1148 2078 1407 2113 assumpscrit,sed
1420 2079 1590 2114 singularis,
1608 2080 1662 2108 hoc
1678 2084 1722 2109 est
1734 2081 1884 2109 individui

1051 2127 1185 2150 naturam
1218 2122 1357 2155 hominis,
1374 2123 1459 2158 cujus
1476 2124 1537 2158 ipse
1554 2133 1676 2159 persona
1693 2126 1754 2153 fuit.
1768 2126 1883 2162 Singu-

1052 2167 1120 2194 laris
1137 2170 1232 2193 autem
1248 2168 1375 2194 lmininis
1393 2173 1497 2195 natura
1510 2170 1675 2197 communis
1691 2171 1810 2205 quidem
1823 2175 1883 2206 est,

1052 2213 1100 2239 sed
1114 2213 1141 2239 in
1156 2212 1314 2239 individuo.
1337 2213 1521 2247 Singularem
1548 2222 1614 2242 vero
1631 2215 1757 2242 dicimus
1778 2216 1884 2243 homi-

1052 2266 1128 2290 nem,
1146 2260 1177 2283 ut
1201 2257 1382 2284 individuum
1400 2257 1516 2291 speciei,
1550 2267 1607 2286 non
1624 2259 1752 2287 animam
1768 2261 1882 2293 solam,

1052 2304 1101 2328 aut
1117 2310 1223 2336 corpus
1247 2301 1354 2333 solum,
1377 2303 1426 2329 sed
1452 2304 1527 2337 quod
1545 2311 1579 2330 ex
1609 2306 1733 2340 utroque
1757 2307 1884 2334 conﬁci-

1051 2350 1108 2373 tur.

1089 2391 1128 2418 l8.
1151 2391 1217 2422 Quae
1243 2391 1270 2417 in
1298 2395 1401 2418 natura
1422 2392 1552 2420 humana
1567 2396 1634 2420 sunt
1651 2402 1667 2421 a
1683 2394 1754 2421 vitio
1777 2403 1883 2431 repre-

1051 2436 1250 2471 hensioneque
1288 2436 1393 2469 aliena,
1426 2446 1459 2465 ea
1488 2437 1620 2465 Christus
1652 2440 1758 2474 partim
1785 2450 1883 2477 supra

1050 2481 1183 2509 homines
1201 2482 1322 2516 accepit,
1339 2482 1441 2516 partim
1462 2485 1491 2510 ut
1507 2483 1655 2517 homines,
1672 2485 1777 2519 partim
1795 2486 1884 2522 abje-

1049 2526 1124 2552 rtius
1153 2534 1240 2560 quam
1260 2525 1404 2553 homines.
1434 2527 1527 2562 Supra
1558 2527 1694 2555 homines
1712 2529 1776 2563 fuit,
1795 2533 1881 2565 quod

1049 2570 1110 2597 sine
1128 2570 1238 2597 Sumine
1255 2574 1413 2605 conceptus
1429 2574 1482 2604 est,
1500 2572 1575 2606 quod
1589 2580 1623 2599 ex
1639 2573 1758 2608 Virgine
1774 2579 1883 2609 natus,

1049 2618 1076 2642 et
1110 2617 1212 2642 czetcra
1238 2615 1340 2642 horum
1364 2615 1480 2643 similia.
1509 2615 1666 2644 Hominum
1699 2627 1779 2646 more
1810 2621 1884 2658 fuit,

1049 2660 1124 2695 quod
1143 2659 1246 2686 divinze
1264 2660 1424 2687 Genetricis
1442 2662 1555 2688 uterum
1572 2662 1735 2690 infantulus
1749 2666 1883 2694 tumefe-

1049 2704 1097 2738 cit,
1111 2709 1185 2739 quod
1201 2713 1301 2732 novem
1330 2705 1470 2732 montium
1501 2705 1593 2740 spatio
1621 2708 1705 2734 natus
1720 2703 1776 2742 est,
1798 2713 1883 2745 quod

1049 2751 1147 2778 hausit
1167 2751 1221 2785 lac,
1253 2749 1329 2786 quod
1343 2750 1475 2785 ploravit,
1492 2754 1520 2778 et
1536 2751 1563 2778 id
1580 2759 1673 2787 genus
1699 2752 1766 2781 alia.
1785 2757 1884 2791 Abje-

1085 2831 1139 2866 (38)
1153 2831 1230 2858 infra
1245 2834 1346 2858 contra
1361 2831 1440 2858 Joan.
1458 2831 1664 2868 Philoponum.
