4052 6430
333 356 497 422 123³1

1679 364 2078 429 THESAUHI
2122 361 2273 423 LIB.
2323 361 2429 421 Ill.

3609 363 3761 424 1238

324 499 474 551 otius
493 503 549 552 et
577 498 1073 569 humilius,quam
1101 516 1200 572 pro
1226 502 1535 558 hominum
1569 500 1989 560 consuetudine
2019 499 2070 566 Α
2167 498 2221 551 6.
2256 497 2430 552 Arius
2461 500 2517 549 et
2573 495 2898 551 Eunomius
2931 495 3003 551 ab
3035 494 3137 552 illo
3171 495 3357 552 solum
3415 513 3624 568 corpus
3656 515 3754 555 as-

329 587 451 653 fuit,
489 589 645 659 quod
680 590 807 658 eius
840 590 1067 660 species
1101 592 1158 645 in
1192 602 1363 647 cruce
1421 594 1607 665 turpis
1630 591 1988 665 apparuit,at

333 692 465 732 cum
502 679 848 749 ignominia,
882 683 940 733 et
998 680 1299 749 deﬁciens,
1351 683 1544 754 inquit
1576 683 1775 749 Isaiae,
1805 694 1986 752 supra

333 766 480 822 (illos
514 767 844 836 hominum,
880 772 1155 840 quoique
1190 772 1356 841 prino
1388 789 1562 843 quam
1596 769 1987 842 latrones,qui

331 856 590 910 simuiin
643 868 875 912 crucem
935 858 1045 914 acti
1084 865 1250 915 erant
1282 877 1401 933 prae
1458 862 1754 917 clavorum
1783 859 1983 916 dolore

334 951 599 1001 mortuus
631 951 739 1002 est.
775 948 936 1003 Adde
965 954 1020 1004 et
1053 948 1219 1016 illud,
1246 951 1296 1006 si
1342 951 1551 1022 placet,
1583 953 1738 1023 quod
1769 947 1980 1005 humili

336 1037 518 1091 forma
549 1036 843 1091 hortulani
877 1054 938 1093 se
961 1042 1091 1108 post
1110 1041 1593 1096 resurrectionem
1622 1039 1982 1111 conspiciens

330 1124 468 1178 dum
498 1126 763 1195 praebuit,
798 1132 854 1180 et
909 1127 1192 1198 apostolis
1236 1128 1557 1199 cicatrices,
1588 1137 1642 1185 et
1700 1130 1827 1184 loca
1851 1128 1979 1182 vui.

328 1231 532 1268 uerum
566 1214 846 1279 ostendit,
906 1216 1174 1286 quodque
1205 1217 1399 1273 cibum
1434 1218 1611 1290 cepit.
1665 1218 1811 1275 Nam
1838 1215 1973 1271 reli-

329 1304 427 1374 qui
452 1303 717 1359 homines
742 1308 942 1374 postea
968 1320 1143 1376 quam
1168 1306 1381 1362 fuerint
1410 1308 1469 1362 in
1501 1308 1674 1362 vitam
1700 1305 1975 1375 revocati,

323 1396 615 1465 fulgebunt
641 1398 703 1447 ut
733 1393 820 1450 sat
849 1394 913 1464 ⁷⁷,
960 1412 1063 1451 nec
1097 1395 1254 1451 ullus
1277 1412 1479 1452 eorum
1511 1397 1797 1466 ejusmodi
1823 1398 1976 1453 nicas

325 1485 499 1538 trices
530 1484 588 1538 in
622 1494 882 1556 corpore,
916 1488 1017 1539 aut
1046 1485 1355 1541 vulnerum
1383 1487 1510 1542 loca
1540 1487 1836 1555 retinebit,
1871 1496 1975 1541 nec

328 1574 613 1627 comedet.

400 1663 486 1717 15.
521 1662 699 1717 Filius
730 1662 853 1727 Dei,
887 1667 1060 1734 atque
1088 1664 1241 1720 idem
1279 1671 1445 1736 Deus,
1478 1669 1539 1722 et
1565 1670 1882 1737 conceptus
1913 1670 1971 1720 et

329 1758 499 1806 natus
530 1768 656 1806 esse
681 1752 918 1818 dicitur,
951 1758 1006 1808 et
1035 1754 1324 1822 docuisse,
1385 1760 1441 1810 et
1472 1770 1561 1811 res
1594 1756 1973 1811 admirandas

2098 590 2397 654 sumptum
2432 582 2628 652 fuisse,
2689 583 3053 641 divinitatem
3118 600 3254 639 vero
3312 585 3523 640 animos
3558 590 3751 657 partes

2097 674 2482 746 supplevisse.
2751 680 2755 683 '

2165 764 2221 820 7.
2257 762 2646 834 Apollinarius
2696 762 2949 833 denique
2999 763 3318 820 animatum
3344 765 3579 835 quidem
3613 783 3744 825 esse

2095 854 2417 910 Bervatoris
2457 868 2670 923 corpus
2727 852 2937 920 aiebat,
2991 858 3195 908 atnou
3254 854 3454 910 anima
3496 856 3741 912 rationis

2095 943 2375 1014 participe
2398 959 2411 999 :
2437 943 2736 1014 superﬂua
2763 943 2917 998 enim
2946 942 3155 998 fuisset
3179 959 3366 1013 mens,
3399 943 3595 1015 inquit
3620 946 3744 1015 ille,

2093 1032 2280 1088 Verbo
2314 1037 2612 1103 praesente.

2771 1154 2928 1210 CAP.
2961 1156 3075 1209 XL.

2360 1263 2678 1335 Con/utatio
2707 1263 3139 1334 praecedentium
3173 1263 3478 1320 hmreseon.

2162 1394 2442 1449 Castorum
2478 1393 2595 1447 hinc
2647 1391 2969 1447 multarum
3006 1392 3298 1447 haereseon
3340 1390 3614 1463 dogmata
3645 1395 3743 1451 vi-

2090 1500 2223 1540 sum
2282 1488 2371 1538 est
2434 1482 2744 1548 ascribere,
2809 1487 2871 1537 ut
2927 1480 3194 1535 Ecclesiae
3266 1482 3572 1537 veritatem
3630 1484 3740 1541 hoc

2092 1580 2258 1645 pacta
2308 1573 2721 1643 patefeceram.
2776 1571 3080 1639 Eumdem,
3130 1571 3231 1641 qui
3283 1570 3741 1642 Unigenitusmt

2090 1668 2239 1718 Deus
2268 1662 2549 1729 Verbum,
2583 1664 2638 1715 et
2688 1660 2976 1727 Servatur,
3010 1662 3067 1714 et
3096 1659 3377 1717 Dominus
3418 1664 3590 1719 Jeaus
3623 1666 3733 1727 est,

2085 1752 2342 1808 Ecclesia
2375 1752 2588 1806 Filium
2626 1749 2919 1804 nominat:
2952 1750 3029 1803 ita
3060 1754 3250 1806 tamen
3277 1759 3337 1806 ui
3369 1750 3552 1807 Filius
3584 1751 3725 1808 Uni-

326 1842 616 1906 fecisse,et
645 1841 728 1909 (ut
760 1842 1175 1912 paucisomnia
1206 1847 1583 1916 complectar)
1603 1851 1724 1900 tum
1742 1845 1974 1915 eguisse
2009 1871 2055 1936 Β
2087 1844 2413 1914 genitus,et
2443 1848 2599 1896 Deus
2643 1839 2923 1936 Verbum,
2957 1843 3013 1895 et
3038 1839 3345 1907 Dominae,
3392 1841 3563 1897 etiam
3597 1846 3735 1898 ante

321 1938 444 1987 tum
482 1948 692 2003 passus
714 1948 864 1996 esse,
897 1936 953 1987 et
1015 1937 1307 2001 mortuus,
1341 1940 1394 1990 et
1438 1937 1786 1991 surrexisse.
1822 1937 1971 2000 Quo-

324 2023 479 2076 niam
512 2026 828 2089 assumptaa
859 2022 1050 2077 Carnis
1083 2024 1207 2091 ipse
1242 2024 1353 2079 fuit
1388 2038 1656 2096 persona,
1689 2043 1815 2097 quae
1838 2026 1969 2097 quia

318 2111 449 2165 dem
482 2127 614 2166 caro
633 2112 758 2165 sine
772 2112 996 2166 semine
1011 2112 1206 2184 genita
1223 2111 1448 2169 nullam
1465 2113 1643 2169 aliam
1668 2115 1965 2185 propriam

320 2215 627 2272 personam
653 2200 877 2255 habuit.
911 2202 1196 2266 Quocirca
1226 2211 1361 2257 'cum
1408 2203 1766 2259 assumentis
1793 2208 1851 2258 et
1881 2214 1972 2258 "asa

319 2290 853 2361 sumptaahumanss
877 2297 1101 2347 natura:
1120 2304 1236 2346 una
1257 2292 1668 2364 siteademq'ue
1693 2308 1964 2365 persona,

318 2380 441 2451 ipse
474 2379 681 2434 dicitur
711 2385 768 2434 et
797 2392 968 2451 agere
997 2387 1055 2435 et
1087 2384 1205 2452 pati
1250 2398 1319 2435 ex
1349 2384 1497 2451 ejus,
1533 2382 1688 2452 quod
1724 2396 1966 2438 assum-

320 2468 454 2539 psit,
492 2474 717 2522 natura.
754 2468 822 2521 Et
852 2484 980 2538 quas
1016 2468 1176 2523 illitis
1208 2470 1444 2541 propria
1482 2476 1641 2537 sunt,
1677 2472 1790 2526 sibi
1814 2472 1965 2527 asci-

319 2558 428 2611 scit
459 2561 523 2610 ut
582 2557 837 2628 prepria,
879 2556 1094 2628 quippe
1140 2558 1235 2627 qui
1287 2560 1365 2613 sit
1421 2560 1550 2630 ejus
1611 2560 1964 2632 hypostasis,

318 2651 491 2716 atque
523 2658 792 2716 persona,
828 2649 892 2700 ut
931 2645 1486 2703 demonstravimus.

918 2746 1076 2808 CAP.
1102 2750 1353 2808 XXXIX.

312 2861 470 2925 Item,
504 2860 576 2913 De
606 2858 739 2913 Filii
783 2858 882 2913 Dei
936 2862 1348 2915 incarnatione.
1410 2861 1699 2929 [Tredcuim
1735 2863 1957 2921 haeresi-

383 2933 479 2985 bus
508 2932 737 3001 rejectis,
792 2929 1051 2987 Eaclesiae
1078 2947 1266 2986 veram
1306 2932 1370 2988 de
1397 2932 1608 2988 Christi
1636 2937 1959 2992 nominibus

379 3010 432 3076 et
464 3001 847 3076 incarnatione
866 3002 1181 3074 opinionem
1196 3004 1369 3060 solam
1386 3007 1817 3076 amplexandam
1843 3018 1959 3065 esse

374 3074 576 3144 docet.]

377 3182 574 3254 Operae
608 3182 857 3251 pretium
885 3194 1019 3237 vero
1049 3182 1190 3237 mihi
1218 3182 1482 3241 facturus
1509 3186 1728 3255 videor,
1762 3187 1953 3259 sijam

310 3270 740 3343 profitear,quid
761 3273 830 3327 de
853 3271 1049 3327 divina
1080 3272 1356 3329 humanas
1382 3276 1577 3330 carnis
1597 3279 1956 3348 assumptio-

312 3379 381 3417 ne
413 3363 682 3416 sentiam.
721 3366 840 3417 Hac
873 3361 1029 3417 enim
1064 3363 1287 3418 ratione
1316 3364 1445 3434 ipsa
1470 3366 1588 3432 Del,
1611 3365 1712 3437 qui
1744 3383 1957 3438 corpus

308 3452 416 3506 hoc
453 3451 848 3505 univcrsitatis
909 3452 1269 3519 moderatur,
1330 3454 1698 3524 providentia
1738 3456 1957 3513 clarius

312 3540 652 3596 innotescat.

386 3631 435 3685 1.
465 3629 807 3685 Valentinus
838 3630 1031 3700 itaque
1063 3629 1119 3684 in
1157 3630 1438 3687 fabulosis
1480 3632 1597 3689 illis
1630 3644 1952 3706 nugamen-

311 3720 389 3773 tis
408 3721 532 3775 suis
564 3719 740 3774 alium
777 3720 1342 3792 Unigenitum,aliud
1378 3721 1630 3778 Verbum
1661 3726 1956 3797 continge-

311 3809 440 3863 bat:
476 3815 648 3880 atque
679 3810 852 3864 etiam
887 3810 1067 3864 alium
1102 3810 1424 3876 Christum,
1446 3813 1546 3883 qui
1578 3812 1734 3870 intra
1767 3815 1958 3886 plero-

309 3911 423 3965 ma,
458 3915 557 3952 scu
621 3898 1068 3969 plenitudinem,
1116 3901 1742 3972 comprehenderetur;
1779 3903 1954 3960 alium

305 3989 445 4043 item
472 3988 703 4056 Jesum;
734 3988 930 4044 'alium
991 3989 1244 4061 deniqde
1300 3990 1620 4061 Christum,
1663 3993 1763 4064 qui
1795 4001 1959 4051 extra

308 4076 562 4147 pleruma
594 4079 958 4133 consisteret.
991 4080 1184 4133 Jesum
1208 4095 1377 4150 porro
1411 4080 1708 4136 hominem
1741 4084 1953 4139 iactum

306 4168 589 4224 exteriore
619 4167 718 4223 illo
751 4168 982 4223 Christo
1031 4168 1329 4238 indutum,
1363 4186 1605 4240 corpore
1644 4188 1712 4227 ex
1747 4174 1955 4228 animas

307 4258 562 4313 essentia
596 4257 710 4312 sibi
754 4263 1078 4327 assumpto,
1142 4256 1445 4329 solumque
1507 4260 1817 4316 transitum
1854 4276 1958 4334 per

304 4345 602 4417 Virginem
638 4344 936 4413 habuisse,
1002 4361 1100 4399 nec
1135 4344 1390 4402 humana
1434 4363 1502 4401 ex
1536 4356 1743 4404 natura
1782 4351 1957 4421 quid-

305 4451 483 4506 quam
517 4435 920 4503 assumpsisse
957 4434 1353 4489 fabulabatur.

372 4529 405 4581 2
472 4525 752 4579 Basilides
813 4526 1018 4579 eodem
1053 4526 1249 4586 modo.
1294 4526 1473 4580 alium
1520 4540 1754 4599 quoque
1786 4529 1953 4583 Chri-

2090 1948 2325 1987 carnem
2388 1934 2757 2001 assumptam
2800 1928 2990 1983 dictus
3054 1930 3149 1995 sit,
3201 1933 3375 2000 atque
3408 1931 3733 1988 etiamnum

2089 2036 2262 2076 carne
2311 2024 2616 2088 assumpta
2649 2018 2856 2072 iisdem
2891 2016 3229 2073 nominibus
3279 2019 3527 2076 dicatur.
3559 2020 3735 2076 Jesus

2089 2114 2284 2164 autem
2325 2107 2592 2163 Christus
2652 2110 2877 2161 tantum
2911 2111 3044 2176 post
3097 2123 3333 2162 carnem
3370 2114 3731 2179 assumptum

2086 2197 2199 2253 dici
2222 2197 2828 2267 cmperit,bujusmodi
2861 2196 3103 2252 nomina
3124 2197 3297 2252 rebus
3323 2199 3396 2253 ab
3427 2199 3570 2268 ipsis
3602 2199 3733 2255 ade-

2085 2294 2243 2359 ptus.
2285 2286 2457 2341 Jesus
2492 2286 2647 2340 enim
2682 2292 2964 2357 tanquam
2998 2286 3265 2341 Servator
3293 2286 3651 2355 nominatur,
3675 2291 3733 2345 et

2082 2376 2627 2447 echniturzoujus
2678 2373 3175 2444 interpretationis
3222 2374 3452 2431 Gabriel
3486 2377 3610 2447 ipse
3640 2381 3732 2433 te—

2084 2465 2189 2521 stis
2217 2469 2324 2532 est,
2360 2481 2491 2519 cum
2516 2463 2812 2536 Virginem
2846 2463 2937 2517 his
2961 2464 3152 2519 verbis
3175 2463 3495 2534 alloquitur
3520 2482 3534 2521 :
3574 2468 3731 2523 Voca-

2082 2556 2160 2610 bis
2189 2570 2388 2610 nomen
2440 2555 2559 2625 ejus
2593 2555 2799 2619 Iesum,
2870 2553 3131 2623 quoniam
3189 2555 3302 2624 ipse
3345 2555 3583 2610 servabit
3621 2571 3722 2626 po-

2076 2644 2270 2715 pulum
2301 2658 2461 2699 suum
2492 2661 2527 2697 a
2554 2645 2785 2713 peccatis
2833 2657 3024 2698 eorum
3052 2640 3119 2695 ⁷⁸.
3154 2642 3367 2699 Christi
3398 2650 3593 2699 autem
3624 2660 3723 2701 co—

2077 2749 2334 2805 gnomen
2366 2732 2607 2804 accepit,
2640 2733 2712 2787 ab
2732 2731 3005 2787 unctione
3037 2732 3324 2803 Spiritus:
3358 2733 3716 2805 hymniﬁcus

2075 2823 2229 2879 enim
2257 2822 2496 2877 Davides
2519 2821 2598 2876 ait
2621 2838 2634 2875 :
2654 2826 2946 2891 Pr0pterea
2970 2824 3136 2877 unxit
3156 2826 3208 2877 te
3223 2824 3541 2890 Deu:,Deus
3570 2828 3720 2890 tuus,

2074 2915 2189 2970 oleo
2222 2913 2442 2971 laetitiae
2495 2929 2611 2983 prie
2651 2914 2991 2968 corzsortzbus
3052 2913 3162 2969 tuis
3206 2915 3271 2968 7°.
3330 2916 3460 2985 Ipse
3491 2930 3726 2987 quoque

2076 3003 2358 3057 Dominus
2387 3019 2487 3073 per
2551 3001 2899 3072 Prophetaxu
2951 3001 3174 3073 inquit:
3223 3003 3469 3074 Spiritus
3509 3005 3725 3060 00mm:

2069 3105 2233 3164 super
2263 3109 2369 3158 me,
2401 3102 2745 3163 quapropter
2773 3092 2934 3147 unxit
2958 3109 3046 3148 me
3069 3090 3136 3149 3°.
3167 3094 3247 3148 ita
3261 3100 3457 3149 autem
3486 3094 3556 3148 de
3588 3111 3725 3165 pro-

2073 3182 2270 3255 pbetia
2346 3181 2447 3237 illa
2543 3180 2913 3236 sentiendum
3002 3199 3130 3237 esse
3214 3183 3499 3239 Dominus
3597 3185 3722 3254 ipse

2070 3288 2177 3327 nos
2235 3271 2454 3328 docuit.
2510 3271 2815 3342 Ingressus
2889 3273 3046 3326 enim
3106 3288 3490 3345 synagogam,
3563 3272 3713 3331 libro

2062 3378 2178 3433 quo
2209 3361 2523 3432 prophetiae
2564 3361 3014 3416 continebantur
3055 3376 3171 3432 pris
3224 3363 3497 3419 manibus
3539 3379 3704 3419 sum-

2063 3458 2181 3523 pto,
2226 3451 2566 3523 prmdictum
2602 3451 2836 3521 quidem
2868 3450 3057 3506 locum
3096 3451 3271 3523 legit:
3309 3458 3368 3508 at
3399 3454 3704 3525 praesenti—

2062 3542 2214 3596 bus:
2245 3541 2435 3607 Hodie,
2470 3541 2677 3612 inquit,
2744 3540 2975 3612 impleta
3038 3550 3115 3596 est
3161 3544 3439 3613 scriptura
3491 3544 3605 3600 haec
3646 3548 3707 3600 in

2062 3630 2233 3685 oculis
2262 3630 2453 3686 vestris
2482 3628 2551 3686 δία
2586 3629 2892 3701 Prophetis
2922 3646 2990 3685 ea
3035 3648 3264 3702 quoque
3312 3639 3707 3690 consentanea

2065 3722 2317 3787 fuerunt,
2352 3736 2478 3789 quis
2512 3732 2765 3790 magnus
2795 3719 2893 3774 ille
2918 3719 3123 3775 Petrus
3157 3723 3507 3792 praedicavit.
3559 3724 3704 3779 Cum

2061 3809 2210 3864 enim
2246 3809 2315 3864 iis
2348 3810 2446 3880 qui
2482 3810 2636 3879 apud
2669 3809 2997 3864 Cornelium
3030 3811 3363 3882 congregati
3397 3817 3563 3868 erant
3581 3829 3707 3883 my-

2061 3900 2301 3955 sterium
2344 3898 2787 3971 aperuisset,ita
2818 3900 3155 3971 subjunrdt:
3181 3902 3277 3956 Vas
3303 3904 3457 3957 scitis
3483 3906 3713 3959 verbum

2060 3989 2202 4062 quod
2228 3993 2438 4061 factum
2473 3998 2551 4044 est
2606 4005 2703 4060 per
2760 3990 3084 4045 uniuersum
3121 3990 3402 4059 Judaeum,
3436 3993 3711 4064 incipiens

2061 4098 2093 4135 a
2123 4078 2371 4135 Gatilwa
2398 4088 2515 4151 post
2538 4080 3064 4151 baptismum,quem
3086 4081 3425 4150 prwdieavit
3451 4084 3710 4149 Joannes,

2059 4171 2245 4225 Iesum
2272 4171 2638 4236 Nazarenam,
2671 4171 2934 4239 quomodo
2963 4170 3132 4225 unxit
3155 4186 3281 4226 eum
3315 4175 3463 4227 Deus
3498 4172 3712 4243 Spiritu

2058 4267 2241 4313 sancto
2266 4260 2550 4313 etvirtute
2597 4258 2660 4313 ⁸⁸.
2696 4260 2774 4313 Ex
2830 4258 2904 4314 iis
2952 4275 3080 4330 quas
3134 4276 3315 4331 supra
3368 4260 3523 4316 dicta
3563 4266 3702 4317 sunt

2063 4349 2539 4419 perspicuumest
2579 4348 2872 4403 Christum
2913 4350 2968 4403 id
2988 4349 3243 4405 nominis
3278 4350 3491 4406 idcirco
3524 4352 3707 4407 sortis

2060 4437 2351 4508 tum,quia
2370 4442 2629 4493 unctusa
2650 4438 2866 4508 Spiritu
2888 4440 3091 4495 fuerat.
3133 4438 3350 4496 Unctus
3371 4446 3568 4496 autem
3597 4450 3705 4508 est,

2062 4546 2176 4582 non
2202 4528 2454 4593 utDeus,
2481 4530 2581 4583 sed
2617 4532 2681 4583 ut
2716 4528 2909 4583 homo.
2946 4529 3220 4593 Quamvis
3262 4537 3456 4587 autem
3489 4534 3711 4588 ratione

300 4618 479 4679 stum,
513 4613 668 4669 aliud
698 4613 977 4680 Verbum,
1009 4614 1185 4669 aliam
1219 4615 1474 4687 denique
1495 4617 1853 4687 Sapientiam
1869 4618 1950 4672 di-
1984 4600 2026 4663 D
2059 4618 2248 4673 carnis
2268 4627 2583 4689 assumptis
2608 4624 2903 4689 uuctus,et
2929 4625 3062 4691 post
3083 4626 3451 4691 assumptam
3473 4637 3708 4677 carnem

301 4703 491 4759 cebat.

367 4794 418 4848 3.
451 4793 658 4860 Cerdo,
687 4792 930 4856 Marcio,
954 4796 1012 4846 et
1043 4792 1242 4849 Manes
1265 4794 1566 4850 Christum
1594 4784 1831 4865 quidem
1850 4796 1950 4852 ho-

301 4882 444 4937 mini
475 4882 728 4937 similem
763 4880 1128 4952 apparuisse,
1163 4882 1408 4937 humani
1441 4886 1635 4939 tamon
1672 4885 1817 4939 nihil
1853 4885 1950 4941 ha-

299 4973 494 5028 buisse
528 4972 819 5026 dicebant.

369 5064 422 5117 4.
456 5061 765 5118 Cerinthus
796 5060 1004 5116 Jesum
1037 5076 1105 5114 ex
1143 5060 1393 5132 Josepho
1426 5066 1482 5116 et
1514 5062 1697 5117 Maria
1728 5076 1947 5119 secun-

298 5154 438 5207 dum
497 5166 873 5207 communem
933 5149 1238 5204 hominum
1298 5148 1484 5223 legem
1564 5160 1739 5208 natus
1797 5170 1947 5223 esse,

293 5243 593 5299 Christum
619 5245 813 5295 autem
848 5238 1075 5294 rcelitus
1104 5239 1160 5293 in
1185 5237 1389 5295 JestJm
1425 5240 1826 5298 descendisse.

367 5335 418 5385 5.
452 5330 705 5385 Ebioniri
765 5332 987 5399 autem,
1059 5327 1465 5397 Theodotiani,
1522 5332 1946 5399 ArtemOUiani,

293 5426 350 5477 et
376 5406 723 5488 Photiniani,
756 5418 1062 5473 Christum
1119 5418 1346 5472 nudum
1380 5423 1437 5472 et
1478 5418 1806 5489 simplicem
1842 5420 1946 5475 ho-

302 5511 515 5565 minem
545 5525 614 5561 ex
633 5513 837 5563 sancta
857 5506 1096 5578 Virgine
1127 5510 1330 5561 natum
1362 5506 1645 5563 dicebant.

2056 4707 2324 4763 Christus
2343 4709 2680 4763 nominatus
2707 4708 2805 4776 sit,
2839 4709 2991 4764 alius
3034 4714 3229 4764 tamen
3266 4725 3379 4764 non
3407 4710 3515 4764 fuit
3549 4713 3707 4766 Deus

2056 4796 2337 4864 Verbum,
2379 4796 2651 4867 aliusque
2705 4797 3010 4853 Christus:
3047 4797 3200 4854 Deus
3235 4799 3392 4855 enim
3444 4799 3699 4855 Verbum

2058 4892 2366 4957 assumpta
2387 4902 2559 4942 carne
2588 4902 2799 4941 nomen
2819 4890 2956 4942 Jesu
2991 4886 3204 4941 Christi
3237 4889 3484 4960 adeptus
3521 4895 3627 4945 est.

2129 4976 2375 5031 Carnem
2430 4991 2599 5046 porro
2656 4975 2982 5045 assumpsit
3034 4980 3099 5031 ut
3152 4986 3418 5033 naturam
3468 4984 3702 5050 peccato

2058 5070 2391 5136 corruptam
2424 5065 2778 5121 restitueret.
2841 5065 3150 5135 Propterea
3179 5068 3512 5124 universam
3554 5085 3707 5139 eam,

2058 5170 2187 5224 quas
2219 5158 2578 5224 peccaverat,
2611 5153 2952 5222 assumpsit.
2988 5159 3051 5208 ut
3082 5156 3414 5213 universam
3444 5165 3698 5215 sanaret.

2056 5245 2169 5298 Nec
2199 5244 2354 5299 enim
2396 5248 2461 5297 ut
2505 5242 2866 5298 divinitatem
2907 5245 3221 5315 obtegeret,
3276 5252 3546 5303 naturam
3577 5267 3707 5306 cor-

2058 5348 2291 5404 poream
2326 5333 2661 5404 assumpsit,
2710 5337 2771 5386 ut
2807 5332 2980 5388 Arius
3035 5340 3093 5390 et
3147 5336 3472 5393 Eunomius
3514 5339 3710 5395 insani

2056 5421 2458 5477 deliramentis
2491 5422 2617 5476 suis
2676 5429 3072 5479 asseruerunt.
3110 5425 3299 5480 Facile
3331 5440 3585 5497 namque
3614 5426 3703 5483 vel

2056 5511 2183 5566 sine
2206 5526 2469 5581 corpore,
2509 5511 2825 5565 videndum
2861 5529 2922 5568 se
2956 5514 3210 5584 praebere
3244 5519 3705 5588 poterat,quem-

364 5628 411 5665 “'7
442 5628 641 5685 Matth.
682 5642 803 5694 xm,
864 5627 952 5683 43.
1029 5627 1072 5663 ⁷⁸
1130 5626 1335 5683 Matth.
1396 5642 1437 5696 ῐ,
1486 5628 1575 5684 21.
1654 5630 1699 5665 7°
1730 5628 1882 5686 Psal.
1945 5647 1960 5685 1

2082 5675 2097 5700 ,
2144 5633 2198 5689 8.
2275 5630 2506 5687 8‘lPsal.
2569 5648 2679 5699 LXI,
2735 5636 2785 5687 1.
2863 5631 2909 5667 ⁸1
2969 5633 3105 5690 Luc.
3166 5651 3244 5702 ιν,
3300 5637 3391 5691 21.
3469 5638 3516 5674 ⁸³
3583 5646 3711 5696 Act.

294 5720 381 5773 ιιι,
409 5703 466 5758 7.
