4052 6434
324 392 477 449 1241

1657 393 2056 456 THESAURI
2105 395 2252 455 LIB.
2301 395 2399 456 IV.

3587 398 3746 456 1242

324 528 438 583 mel
473 532 784 600 assumpta,
819 528 993 585 homo
1025 529 1221 599 fuerit,
1255 537 1305 585 et
1357 530 1660 585 audiverit.
1694 531 1973 586 Eamdem
2011 539 2059 601 Α
2094 536 2553 605 viviﬁcabuntur;
2587 537 3087 593 communisenim
3105 536 3450 591 resurrectio
3466 539 3550 591 est
3574 553 3587 590 :
3614 540 3746 608 post

327 621 503 675 nobis
533 620 845 690 Apostolus
875 621 1199 676 doctrinam
1226 622 1282 675 in
1310 637 1377 676 ea
1413 638 1645 694 quoque
1678 622 1983 694 proposuit

322 709 604 779 Epistota,
638 725 812 781 quam
847 710 918 764 ad
952 711 1281 766 Corinthios
1310 712 1562 782 scripsit,
1597 712 1697 767 ubi
1730 712 1814 767 sic
1846 713 1969 767 ait:

321 799 479 853 Nnnc
507 807 689 854 autem
726 799 970 855 Christus
1003 801 1313 855 resurrexit
1342 818 1376 855 α
1422 801 1677 869 mortuis,
1707 801 1975 872 primitiz

320 888 718 943 dormientium
753 906 766 943 :
800 888 1060 959 quoniam
1112 889 1331 960 quidem
1376 908 1476 962 per
1525 892 1800 945 hominem
1828 906 1974 946 mors

2090 624 2574 679 resurrectionem
2606 630 2824 691 autem,
2852 624 3137 693 judicium
3174 624 3478 695 erit,quod
3503 626 3742 694 quidem

2085 711 2437 781 signiﬁcavit
2468 713 2536 767 iis
2556 730 2683 785 quas
2706 715 3048 783 subjunxit:
3081 714 3457 785 Unusquisque
3479 722 3658 768 autem
3684 715 3741 768 in

2082 818 2179 858 suo
2207 803 2400 858 ordine
2429 804 2669 859 “.Multi
2707 808 2849 860 sunt
2878 805 3120 871 enim,et
3150 820 3350 861 eorum
3375 805 3471 876 qui
3492 805 3736 877 puniun-

2083 896 2179 946 tur
2208 897 2264 946 et
2293 909 2493 948 eorum
2529 894 2626 965 qui
2658 898 2988 961 servantur,
3013 894 3288 960 ordines;
3324 895 3607 964 siquidem
3638 912 3737 964 pro

319 987 373 1031 et
398 992 495 1046 per
526 977 805 1033 hominem
830 979 1166 1034 resurrectio
1194 990 1555 1035 mortuorum.
1589 981 1733 1034 Tum
1767 979 1976 1035 deinde
2076 980 2320 1051 justitiaa
2354 981 2634 1052 qualitate
2661 988 2719 1037 et
2751 983 3103 1055 quantitate,
3155 983 3443 1038 donorum
3484 984 3737 1038 retribu-

316 1083 351 1119 a
386 1070 593 1120 natura
631 1067 703 1121 ad
734 1082 1020 1137 personas
1064 1070 1297 1135 transit,
1333 1069 1426 1123 his
1458 1069 1644 1122 verbis
1678 1085 1689 1122 :
1726 1071 1796 1121 Et
1824 1067 1972 1123 sicut

314 1158 380 1212 in
401 1160 578 1213 Adam
607 1176 797 1215 omnes
826 1160 1165 1229 moriuntur,
1203 1163 1277 1215 im
1306 1170 1357 1215 et
1413 1163 1472 1215 in
1537 1162 1753 1217 Christo
1784 1175 1971 1216 omnes

389 1283 435 1319 ’3
465 1287 486 1339 Ι
519 1286 645 1341 Cor.
674 1302 767 1350 xv,
801 1289 869 1341 20
901 1306 1060 1359 seqq.

2081 1074 2272 1127 tiones
2309 1072 2466 1139 ﬁent,
2494 1073 2819 1146 eodemque
2855 1074 3048 1141 modo,
3084 1090 3185 1145 pro
3223 1079 3593 1144 peccatorum
3620 1075 3736 1129 dit—

2083 1162 2347 1229 ferentia,
2378 1177 2560 1233 poenas
2591 1179 2824 1235 quoque
2854 1166 2912 1218 et
2961 1160 3253 1235 supplicia
3286 1163 3734 1233 irrogabuntur.

1106 1621 1833 1814 means
1955 1496 2940 1815 CIIONIAT/E

815 1909 1305 2065 THESA
1340 1914 1587 2065 lilii
1710 1912 1953 2065 OB'I

2065 1910 2688 2064 IODOXAZ
2813 1913 3244 2063 FlDEI

1504 2149 1875 2243 LIBER
1943 2147 2545 2256 QUARTUS.

905 2333 1279 2391 ADVERSUS
1318 2330 1810 2388 ANTEARIANAS
1853 2329 2188 2385 HIERESES
2225 2327 2744 2391 QUADRAGINTA
2788 2325 3139 2393 QUATUOR.

1179 2492 1483 2561 Unicuique
1510 2490 1683 2561 capiti
1712 2504 1808 2544 seu
1834 2484 2036 2545 haeresi
2061 2502 2163 2541 sua
2194 2500 2417 2540 annexa
2443 2490 2522 2541 est
2550 2483 2876 2555 confulatio.

945 2799 1340 2856 PR/EFATIO.

654 2912 731 2966 De
764 2908 970 2964 Christi
999 2918 1050 2964 et
1079 2908 1297 2964 Satanas
1328 2906 1625 2964 ministris.

387 3019 529 3071 Cum
550 3017 1030 3088 sapientissimus
1052 3016 1456 3072 universorum
1474 3014 1968 3070 Deushumanam

316 3112 555 3178 propter
586 3125 693 3163 nos
728 3124 982 3163 massam
1008 3107 1397 3172 subiisset,ita
1430 3105 1971 3175 demum,quemad-

317 3198 556 3251 modum
584 3199 707 3268 jam
740 3196 1013 3265 diximus,
1046 3196 1347 3251 Trinitatis
1382 3195 1601 3265 lumen,
1636 3194 1822 3265 primo
1839 3194 1967 3265 qui-

316 3284 449 3341 dem
486 3302 805 3356 paucorum
840 3285 1220 3356 piscatorum,
1264 3283 1472 3341 deinde
1502 3300 1633 3339 vero
1665 3283 1966 3338 doctorum

318 3375 555 3444 pietatis
594 3390 769 3445 opera
797 3379 853 3429 et
884 3373 1231 3443 ministerio,
1265 3390 1367 3444 per
1415 3374 1748 3429 universum
1781 3378 1966 3428 terra—

319 3480 450 3519 rum
484 3463 683 3519 orbem
724 3463 1086 3534 propagavit,
1119 3468 1176 3518 et
1217 3463 1431 3517 erroris
1480 3461 1658 3530 illius,
1694 3464 1793 3533 qui
1826 3465 1962 3519 deo~

319 3568 452 3608 rum
486 3569 726 3608 examen
763 3552 1251 3625 myrmeciamque
1291 3553 1604 3619 invexerat,
1656 3557 1852 3608 sentes
1885 3570 1965 3608 ra-

308 3642 531 3698 dicitus
564 3642 922 3714 exstirpavit.

387 3732 547 3797 Quod
582 3749 711 3787 cum
744 3730 838 3787 ille
870 3732 1201 3787 communis
1233 3730 1540 3787 hominum
1592 3731 1962 3788 adversarius

296 3837 474 3892 sequo
507 3821 703 3876 animo
739 3822 882 3876 terre
914 3839 1028 3876 non
1074 3828 1288 3891 posset,
1325 3826 1387 3875 ut
1416 3821 1511 3891 qui
1546 3821 1659 3876 sibi
1686 3807 1962 3877 subditos

295 3926 329 3964 a
359 3927 434 3963 se
465 3911 681 3966 abduci
711 3916 989 3977 cerneret,
1022 3912 1326 3966 hominum
1352 3928 1456 3966 sua
1488 3912 1673 3982 ipsius
1706 3913 1960 3981 nequitia

297 4001 617 4069 dignorum
672 4000 1019 4068 ministerio,
1078 3999 1214 4054 ﬁdei
1262 4001 1592 4055 orthodoxa:
1649 4001 1960 4056 insidiatus

294 4103 425 4156 ess,
460 4089 605 4143 nihil
638 4090 800 4160 prius
833 4095 931 4143 aut
962 4089 1265 4161 antiquius
1300 4089 1730 4161 habens,quam
1768 4096 1829 4146 ut
1852 4092 1950 4146 ho-

295 4177 497 4233 mines
529 4178 587 4232 in
620 4178 860 4232 exitium
899 4178 1273 4248 pertraheret.
1333 4179 1413 4233 Ex
1460 4196 1577 4249 quo
1631 4181 1845 4245 evenit,
1894 4187 1957 4236 ut

288 4282 355 4321 cu
381 4283 433 4321 m
468 4266 553 4320 vix
590 4266 782 4321 adhuc
817 4266 1214 4337 apostolorum
1247 4267 1593 4323 confirmata
1627 4269 1955 4338 praedicatio

288 4361 689 4419 esset,verum
726 4355 1049 4426 primorum
1084 4354 1408 4410 etiamnum
1442 4358 1950 4413 fundamentorum

286 4444 637 4499 firmitatem
667 4443 1047 4514 experiretur,
1101 4443 1197 4498 ille
1240 4445 1530 4500 confestin
1574 4446 1802 4502 semina
1839 4447 1949 4503 im-

285 4535 531 4605 pietatis
559 4535 607 4591 ei
644 4533 1014 4605 permiscere,
1048 4549 1232 4605 eaque
1262 4536 1730 4607 superseminare
1763 4554 1947 4609 cmpe-

292 4624 394 4680 rit.

1000 4712 1154 4770 CAP.
1199 4716 1241 4771 Ι.

448 4821 642 4876 Prima
669 4822 913 4888 haeresis,
946 4821 1188 4878 Simonis
1222 4822 1367 4893 Magi
1394 4828 1448 4879 et
1482 4826 1768 4881 Basilidis.

362 4928 550 4999 Hujus
576 4929 718 4983 adeo
750 4928 1095 4983 vaframenti
1121 4931 1319 4986 Simon
1344 4931 1569 5003 primus
1599 4934 1944 4991 administer

290 5018 475 5073 fuisse
508 5019 709 5081 fertur,
743 5017 843 5087 qui
887 5017 1102 5072 Gitthis
1153 5024 1314 5074 ortus
1369 5021 1438 5093 (is
1468 5022 1744 5078 Samaria
1775 5025 1939 5080 vicus

284 5109 393 5178 est)
425 5123 556 5163 culn
591 5107 913 5177 praestigias
945 5123 1118 5163 omne
1154 5125 1342 5177 genus
1373 5112 1444 5166 ad
1482 5128 1740 5184 unguem
1774 5118 1938 5170 tene-

286 5202 393 5262 ret,
428 5196 646 5251 multos
679 5197 1093 5251 miraculorum
1126 5198 1379 5254 editione
1403 5217 1571 5257 suam
1606 5203 1667 5256 in
1699 5208 1931 5259 senten-

286 5283 421 5338 tiam
455 5284 803 5355 pclticiebat.
832 5290 1019 5356 Atque
1045 5287 1094 5340 si
1127 5290 1360 5357 quando
1402 5306 1532 5344 cum
1566 5292 1784 5348 Iudaeis
1806 5310 1933 5349 ver-

282 5379 530 5441 saretur,
566 5390 628 5429 se
664 5375 756 5429 Dei
790 5373 1000 5430 Filium
1033 5393 1051 5429 .'
1087 5377 1136 5431 si
1169 5393 1301 5431 cum
1333 5380 1931 5451 Samaritanisﬁeum

280 5463 508 5517 Patrem
536 5480 550 5528 ;
584 5463 630 5517 si
665 5479 799 5518 cum
831 5463 1076 5535 reliquis
1108 5467 1467 5534 nationibus,
1498 5470 1780 5541 Spiritum
1802 5490 1931 5528 san-

278 5555 441 5608 ctum
473 5569 602 5608 esse
635 5555 1033 5623 proﬁtebatur.
1068 5556 1140 5612 Ut
1171 5560 1513 5624 generaliori
1563 5564 1734 5619 verba
1765 5582 1922 5622 com-

349 5678 463 5751 (39)
496 5680 753 5738 Irenaus
783 5686 1053 5755 omnium,
1085 5688 1147 5741 ut
1179 5680 1307 5765 ὅλον
1341 5705 1446 5760 pro
1476 5686 1662 5745 ἄλλων
1695 5693 1877 5764 legas.

2000 2800 2046 2864 Β
2078 2795 2361 2867 munique
2390 2796 2659 2852 doctrina
2699 2795 3073 2863 concludam,
3129 2795 3391 2867 seipsum
3438 2794 3727 2851 infinitam

2082 2885 2184 2940 Dei
2216 2886 2533 2956 potentiam
2587 2884 2946 2943 nominabat.
3004 2885 3407 2957 Principatum
3465 2890 3522 2940 et
3572 2890 3733 2957 pote-

2079 2980 2301 3030 statum
2335 2975 2591 3046 nomina,
2626 2974 2915 3046 coalosque
2960 2975 3331 3047 confingebat
3361 2994 3376 3044 ;
3408 2984 3460 3030 et
3493 2976 3731 3030 unicui-

2078 3081 2191 3137 que
2239 3065 2380 3120 cmlo
2433 3070 2750 3136 potestates
2801 3064 3020 3136 aliquot
3067 3064 3334 3119 barbaris
3389 3064 3730 3121 nominibus

2076 3155 2263 3210 dictas
2296 3154 2640 3210 ascribebat.
2676 3156 2923 3227 Insuper
2952 3153 3242 3210 meretrici
3277 3154 3508 3210 cuidam
3543 3153 3726 3225 Tyria

2076 3260 2308 3317 genere,
2346 3242 2684 3314 Helenaque
2717 3248 2975 3311 nomine,
3010 3260 3187 3315 quam
3234 3260 3433 3300 secum
3467 3244 3724 3299 circum-

2075 3334 2374 3404 ductabat,
2411 3334 2608 3403 prima
2641 3334 2899 3389 notionis
2922 3333 3372 3406 appellationem
3407 3334 3718 3400 indiderat,

2074 3429 2131 3479 et
2162 3424 2657 3494 quemadmodum
2710 3439 2772 3477 se
2815 3423 3001 3478 Deum
3057 3424 3307 3491 Patrem,
3348 3424 3430 3478 ita
3470 3428 3528 3478 et
3560 3423 3721 3478 illam

2076 3512 2323 3569 aliorum
2357 3513 2465 3585 (7’9)
2499 3530 2622 3568 esse
2657 3521 2903 3569 matrem
2932 3531 2944 3570 :
2981 3531 3082 3586 per
3111 3531 3359 3585 eamque
3391 3531 3453 3570 se
3483 3513 3724 3587 angelos

2072 3608 2129 3657 et
2158 3601 2540 3674 archangelos
2563 3589 2932 3667 ifecisse,imo
2966 3605 3160 3675 ipsum
3191 3606 3262 3659 ab
3294 3604 3517 3675 angelis
3545 3620 3716 3658 mun-

2070 3695 2209 3747 dum
2245 3693 2545 3757 conditum
2582 3694 2763 3749 fuisse
2794 3694 3222 3748 asserebatﬁis
3245 3692 3722 3763 addebat,quem-

2069 3782 2386 3836 admodum
2420 3780 2649 3836 Helena;
2681 3781 3007 3836 invidentes
3042 3779 3254 3852 angeli,
3290 3795 3413 3834 eam
3449 3794 3623 3850 penes
3656 3796 3718 3835 sa

2068 3871 2461 3938 detinuerant,
2494 3876 2555 3925 ut
2601 3870 2702 3940 qui
2733 3872 2860 3941 ejus
2913 3886 3089 3940 opera
3132 3886 3230 3924 seu
3284 3874 3565 3924 creaturae
3595 3870 3712 3924 dici

2068 3959 2304 4014 nollent.
2342 3960 2503 4015 Unde
2536 3960 2750 4014 factum
2786 3964 2957 4025 esset,
2980 3964 3046 4014 ut
3073 3976 3199 4014 eam
3233 3959 3290 4012 in
3325 3958 3709 4029 plurimarum

2066 4051 2416 4104 feminarum
2441 4065 2683 4118 corpora
2704 4048 3547 4118 detrusissent,novissimeque
3570 4048 3711 4105 adeo

2070 4138 2123 4192 in
2161 4139 2437 4194 Helenam
2487 4139 2762 4208 Tyndari,
2815 4155 2939 4207 quae
2992 4139 3242 4209 Trojano
3292 4138 3440 4193 bello
3472 4155 3712 4193 causam

2067 4229 2346 4283 dedisset.
2381 4231 2442 4284 In
2477 4229 2655 4299 hujus
2684 4228 2913 4284 Helenae
2945 4229 3185 4299 gratiam
3215 4229 3357 4285 coelo
3391 4247 3451 4284 se
3473 4229 3713 4284 descen-

2063 4318 2222 4373 disse
2248 4318 2662 4389 subjungebat,
2694 4324 2760 4373 ut
2789 4334 2916 4374 eam
2950 4336 2982 4373 a
3014 4318 3287 4386 vinculis,
3320 4320 3536 4390 quibus
3562 4320 3709 4373 deti-

2061 4407 2324 4474 nebatur,
2361 4408 2655 4462 adsereret
2687 4424 2701 4463 :
2736 4407 3194 4479 hominibusque
3220 4409 3277 4463 in
3311 4408 3569 4480 seipsum
3592 4424 3709 4464 cre-

2059 4495 2332 4551 dentibus
2363 4497 2571 4553 salutis
2603 4503 2805 4554 auctor
2833 4503 3007 4554 esset.
3042 4500 3199 4554 Idem
3255 4499 3533 4571 mysteria
3565 4517 3704 4570 quo-

2059 4602 2170 4658 que
2216 4587 2474 4643 foeditate
2531 4604 2704 4644 omne
2758 4604 2944 4661 genus
2994 4588 3397 4657 refertissima,
3458 4607 3706 4662 quaeque

2056 4677 2271 4731 idcirco
2330 4676 2550 4750 linguis
2609 4679 2887 4736 humanis
2944 4680 3190 4751 exprimi
3265 4690 3575 4751 nequeant,
3647 4685 3703 4737 in

2054 4764 2245 4835 ipsum
2279 4768 2676 4835 credentibus,
2706 4769 2815 4822 viri
2857 4768 3097 4839 quidem
3149 4785 3251 4840 per
3295 4771 3573 4841 genitatis
3603 4787 3703 4825 se-

2052 4852 2232 4909 minis
2290 4855 2616 4923 deﬂuvium,
2677 4857 2910 4911 feminis
2969 4861 3160 4913 autem
3225 4873 3324 4928 per
3369 4862 3703 4913 menstruos

2049 4942 2315 4997 deﬂuxus
2364 4947 2729 5017 suggerebat,
2782 4951 2959 5016 atque
3016 4945 3354 5017 hujusmodi
3411 4966 3694 5020 μυσταγω·

2044 5028 2190 5103 γίαν,
2243 5050 2346 5089 seu
2409 5033 2813 5104 initiationem,
2879 5036 3366 5106 impurissimam,
3418 5035 3693 5112 γνώσεως,

2041 5122 2151 5177 hoc
2200 5128 2289 5179 est
2329 5123 2587 5180 scientiae
2647 5126 2998 5197 cognitionis
3062 5128 3295 5183 nomine
3362 5128 3531 5183 homo
3581 5128 3691 5183 im-

2040 5212 2798 5286 purissimusinsigniebat.
2854 5216 3013 5272 Unde
3062 5218 3467 5273 Gnosticorum
3518 5219 3695 5274 etiam

2041 5299 2443 5357 hereticorum
2480 5304 2710 5359 heresis
2743 5305 3192 5377 suppullulavit.
3244 5310 3490 5380 Insuper
3517 5309 3700 5364 actio-

2041 5406 2179 5445 nem
2241 5409 2474 5463 quoque
2531 5393 2876 5465 quamlibet,
2934 5395 3024 5451 vel
3087 5397 3494 5465 fmdissimam,
3551 5401 3698 5454 citra

2041 5480 2220 5535 ullum
2266 5481 2577 5537 discrimen
2629 5484 2957 5540 obeundam
3013 5502 3140 5541 esse
3187 5486 3447 5543 docebat.
3502 5486 3692 5559 Hujus

2041 5570 2363 5626 han-esibus
2422 5574 2739 5628 Menander
2785 5574 3186 5630 Samaritanus
3258 5575 3547 5646 imbutus,
3581 5595 3689 5637 nec
