4052 6440
255 410 422 503 1243-

1589 390 1894 454 ΝιῦΕΤιΕ
1938 385 2354 450 CHONIA'NE

3526 386 3696 446 1244

255 519 453 598 eorum
486 539 835 611 quidquam,
871 551 996 609 quis
1055 536 1362 598 didicerat,
1415 531 1759 598 immutans,
1811 525 1900 581 Si-
1933 525 1988 592 Α
2017 520 2257 577 omnino
2287 520 2658 584 tractassent,
2695 519 3016 611 quitsmen
3048 518 3336 611 intactum
3373 520 3525 576 nihil
3562 521 3706 577 reli-

266 647 437 685 mone
467 630 640 684 etiam
673 631 798 698 ipso
833 627 1109 698 majorem
1139 640 1200 678 se
1228 621 1624 694 proﬁtebatur.

337 723 398 774 in
435 720 612 788 hujus
643 723 838 772 autem
870 730 1094 771 errores
1121 711 1402 767 Basilides
1446 716 1504 764 et
1555 702 1909 762 Saturninus

251 809 617 879 juraverant,
649 806 860 876 quibus
894 806 1066 858 etiam
1101 802 1356 858 Simonis
1386 800 1616 854 decreta
1647 809 1908 851 summo-

258 915 393 970 pere
426 897 749 970 placebant.
782 898 1063 950 Craterum
1097 889 1378 947 Basilides
1411 886 1699 960 quaedam
1733 882 1909 938 etiam

261 988 614 1061 appendices
645 985 913 1058 magistri
958 984 1047 1039 sui
1092 979 1507 1037 l’abuiamentis
1556 977 1909 1034 interserens

263 1081 585 1150 ingenitum
618 1093 745 1132 esse
778 1075 1027 1140 dicebat,
1058 1091 1123 1128 eo
1175 1071 1410 1127 nomine
1460 1067 1648 1124 solum
1686 1066 1910 1122 Patrem

265 1169 530 1223 omnium
563 1165 899 1236 intelligens
935 1179 946 1216 :
981 1180 1050 1217 ex
1079 1178 1144 1215 eo
1199 1159 1586 1224 intellectum,
1637 1171 1705 1210 ex
1734 1151 1909 1210 intel-

268 1258 416 1312 lectu
452 1272 804 1320 sermonem,
839 1271 903 1308 ex
935 1267 1202 1307 sermone
1245 1247 1637 1320 prudentiam,
1671 1261 1738 1299 ex
1769 1260 1908 1314 pru-

269 1333 464 1401 dentia
495 1347 763 1400 virtutem
799 1350 854 1398 et
885 1341 1248 1411 sapientiam,
1282 1355 1346 1394 ex
1395 1335 1686 1406 sapientia
1713 1340 1770 1389 et
1800 1333 1910 1386 vir-

270 1443 387 1491 tute
421 1436 795 1505 principatus,
833 1436 1167 1504 potestates,
1201 1439 1258 1483 et
1305 1427 1558 1499 angelos,
1593 1443 1657 1479 ex
1691 1421 1915 1494 angelis

266 1525 516 1595 denique
544 1521 904 1578 intellectum
934 1519 1187 1592 primum
1245 1523 1302 1573 et
1349 1530 1646 1571 summum
1682 1527 1910 1583 proces-

267 1615 415 1670 sisse
447 1614 739 1668 iabuiutur
773 1628 786 1665 :
819 1629 853 1666 a
899 1609 1114 1678 quibus
1167 1606 1362 1678 angeli
1414 1603 1548 1660 facti
1587 1601 1912 1660 secundum

267 1702 994 1765 coelumconstruxissonl,
1055 1704 1112 1752 et
1170 1697 1318 1752 alios
1378 1695 1619 1766 insuper
1651 1679 1910 1763 angelos,

270 1792 369 1863 qui
405 1791 550 1846 alios
577 1789 774 1844 itidem
809 1787 1069 1858 angelos,
1095 1775 1372 1856 aliuque
1403 1785 1613 1839 omium
1649 1782 1918 1836 i'abricttsé

2021 613 2296 682 quarunt,
2329 625 2518 680 neque
2573 613 2740 663 vetus
2801 607 2922 672 illa,
2979 610 3142 664 etab
3179 609 3303 679 ipso
3375 611 3487 665 Deo
3547 613 3704 668 data

2021 700 2342 771 Scriptura,
2381 698 2734 755 mentionem
2771 697 2946 753 ullam
2981 699 3236 767 fecisset,
3283 699 3378 756 illa
3415 700 3698 772 insuper,

2023 806 2151 860 quin
2182 796 2319 846 sunt
2351 790 2406 844 in
2437 805 2630 844 rerum
2667 789 2978 857 natura,ab
3010 789 3239 861 angelis
3271 799 3467 846 creata
3499 809 3700 863 nuga-

2023 880 2215 944 batur,
2249 879 2371 950 (qui
2407 882 2602 934 tamen
2635 877 2782 932 nihil
2816 877 2979 934 aliud
3007 886 3168 949 sunt,
3221 896 3399 951 quam
3429 881 3698 938 virtutes

2023 969 2350 1024 ministerio
2385 969 2692 1038 deputatas,
2726 985 2873 1037 quas
2924 971 3076 1024 Deus
3129 970 3425 1040 produxit,
3459 976 3512 1026 et
3550 988 3697 1041 quas

2023 1059 2092 1113 ad
2113 1059 2242 1128 ejus
2270 1057 2657 1114 ministerium
2690 1073 2921 1129 semper
2938 1063 3230 1130 apparatis
3256 1059 3416 1131 sunt)
3446 1061 3700 1117 interim

2023 1147 2122 1203 Dei
2156 1147 2341 1204 Patris
2377 1147 2805 1215 universorum,
2835 1149 3139 1219 sanctique
3171 1148 3700 1220 Spiritus,necnon

2023 1237 2326 1291 immensaa
2360 1237 2454 1292 Dei
2488 1235 2766 1292 Potentia:
2798 1236 2907 1292 sibi
2945 1253 3157 1293 nomen
3191 1238 3457 1310 attigeris.
3491 1242 3699 1304 Quod-

2023 1341 2136 1396 que
2181 1325 2342 1380 nuila
2392 1343 2508 1381 non
2553 1325 2943 1397 blasphemia,
2999 1317 3160 1381 nulla
3208 1335 3320 1383 non
3378 1328 3702 1400 impietate

2025 1419 2233 1479 scatet,
2286 1416 2356 1469 ah
2407 1414 2622 1470 Helena
2670 1433 2901 1488 quoque
2956 1419 3153 1471 nescio
3201 1435 3316 1488 qua
3374 1419 3701 1473 meretrice

2024 1501 2216 1575 Tyria,
2249 1505 2418 1572 cuius
2453 1503 2756 1573 iiiegitimo
2789 1506 3178 1562 contubernio
3242 1507 3538 1574 utebatur,
3573 1525 3698 1563 an-

2025 1592 2181 1662 gelos
2211 1597 2438 1648 creatos
2470 1610 2597 1649 esse
2628 1593 2979 1648 afﬁrmabat.

2099 1688 2372 1756 Piui‘ihtzs
2409 1689 2604 1774 itaqtie
2628 1703 2914 1769 verbis,ad
2944 1703 3285 1775 hujusmodi
3323 1711 3701 1777 nugamenta

2027 1785 2286 1843 Simonis
2319 1787 2710 1859 explananda,
2747 1791 2882 1861 quid
2919 1809 3065 1862 opus
3088 1791 3116 1846 ‘?
3145 1809 3268 1862 quae
3301 1809 3477 1863 quam
3539 1811 3702 1848 vana

272 1886 424 1946 sent,
457 1896 640 1950 eoque
664 1895 782 1934 rem
816 1876 1215 1943 deduxissent,
1251 1881 1314 1930 ut
1347 1872 1584 1931 trecenti
1613 1870 1918 1942 sexaginta
1949 1897 1993 1962 Β
2026 1877 2164 1946 sint,
2198 1883 2254 1934 et
2279 1880 2557 1948 absurda,
2592 1881 3002 1951 ejusmodique
3033 1883 3203 1948 adeo,
3251 1886 3315 1936 ut
3345 1883 3435 1937 vel
3485 1901 3598 1939 suo
3632 1900 3704 1939 se

270 1972 530 2042 quinque
561 1968 686 2024 coeli
719 1985 820 2039 pro
854 1966 1077 2023 dierum
1131 1965 1266 2022 anni
1315 1967 1558 2020 nurnero
1594 1959 1914 2032 reperiren-

276 2067 392 2115 tur.
425 2059 525 2114 His
559 2057 830 2124 addebat,
867 2055 1152 2110 mundum
1189 2055 1259 2109 ab
1292 2053 1363 2108 iis
1395 2051 1617 2123 angelis
1649 2055 1920 2104 constru-

273 2155 428 2204 ctum
458 2164 606 2214 esse,
640 2165 737 2218 qui
771 2145 980 2200 coelum
1019 2145 1308 2206 intimum,
1356 2142 1510 2212 quod
1565 2136 1920 2224 aspectabiie

270 2237 438 2294 nobis
467 2243 578 2306 est,
610 2235 950 2304 incolerent,
994 2241 1276 2304 terraque
1328 2233 1470 2286 adeo
1524 2221 1917 2302 principatum

267 2327 419 2383 inter
450 2343 511 2382 se
541 2327 878 2380 divisissent
909 2341 922 2379 :
956 2336 1091 2379 eum
1149 2325 1402 2394 denique
1458 2320 1765 2392 angelum.
1827 2316 1920 2372 cui

271 2417 476 2472 sortito
509 2415 806 2486 provincia
833 2413 1169 2469 Judaeorum
1224 2410 1546 2482 obtigisset,
1577 2406 1917 2478 angelorum

272 2505 592 2577 principem
655 2505 856 2570 fuisse,
917 2503 1010 2556 cui
1069 2501 1302 2571 quidem
1365 2507 1604 2555 caeteras
1654 2497 1920 2552 nationes

267 2595 487 2651 Judaeis
519 2593 810 2664 subjicere
853 2591 1089 2660 volenti,
1133 2589 1321 2658 angeli
1377 2589 1744 2644 restitissent.
1781 2585 1922 2650 Qui-

271 2682 720 2756 busperspectis
753 2681 1052 2751 Ingenitus
1073 2679 1435 2735 intellectum
1463 2675 1916 2749 primogenitum

268 2790 444 2828 suum
477 2771 794 2836 amisisset,
826 2770 1240 2840 Christumque
1292 2771 1673 2834 nominasset,
1708 2770 1772 2822 ut
1799 2781 1920 2820 cre-

267 2863 470 2918 dentes
503 2877 706 2916 omnes
733 2859 922 2915 salvos
967 2863 1194 2915 faceret.
1247 2859 1420 2915 Porro
1449 2855 1746 2912 Christum
1786 2872 1913 2924 {ins-

269 2969 399 3008 sum
434 2968 546 3007 non
579 2951 836 3014 esse,sed
868 2951 1167 3006 Simonem
1195 2944 1918 3020 Cyrenensem.Christum

273 3042 427 3098 enim
455 3041 686 3096 eminus
718 3045 991 3110 extraque
1023 3037 1118 3094 teli
1168 3039 1412 3108 iactum,
1463 3035 1718 3098 stetisse,
1751 3039 1924 3104 atque

275 3133 610 3189 Judaaorum
661 3132 1014 3186 dementiam
1064 3129 1340 3198 irrisisse,
1381 3126 1737 3198 tandemque
1769 3114 1926 3178 velut

2026 1967 2217 2038 gladio
2242 1968 2544 2039 jugulent,
2581 1969 2729 2025 satis
2757 1982 3052 2042 superque
3095 1970 3298 2026 Simon
3351 1973 3478 2044 ipse
3511 1990 3586 2027 ex
3623 1975 3700 2029 iis

2027 2058 2415 2127 conﬁrmavit,
2451 2075 2581 2128 quae
2612 2057 2683 2114 ab
2717 2059 2994 2130 ElpiJSiOitS
3027 2067 3081 2115 et
3113 2061 3356 2130 audivit,
3388 2067 3446 2118 et
3477 2080 3700 2133 passus

2027 2153 2131 2204 est.
2167 2149 2310 2206 Cum
2344 2149 2500 2206 enim
2537 2149 2842 2219 Philippus
2883 2149 2941 2205 in
2992 2151 3312 2206 Samariam
3366 2168 3429 2207 se
3476 2158 3701 2208 contu-

2027 2225 2212 2307 lisset,
2247 2233 2342 2292 ille
2374 2237 2610 2309 quidem
2645 2255 2709 2293 ex
2745 2245 2965 2310 septem
2997 2241 3256 2296 diaconis
3282 2258 3462 2307 unus,
3497 2243 3698 2314 iisque

2027 2329 2170 2384 adeo
2203 2329 2302 2399 qui
2350 2328 2565 2384 ibidem
2629 2328 2686 2384 in
2749 2329 2988 2384 nomine
3041 2329 3274 2384 Domini
3331 2332 3518 2386 nostri
3549 2337 3698 2388 Jesu

2025 2417 2234 2472 Christi
2272 2416 2546 2486 baptizati
2599 2417 2848 2472 fuerant.
2903 2417 3104 2472 Simon
3155 2425 3211 2473 et
3243 2419 3368 2491 ipse
3401 2419 3697 2476 lustrales

2027 2506 2096 2560 ad
2132 2512 2316 2570 aqhas
2347 2505 2613 2569 secessit,
2649 2507 2941 2577 coepitque
2990 2507 3339 2562 familiarius
3367 2525 3504 2563 cum
3537 2508 3694 2564 Phi-

2026 2595 2184 2665 lippo
2243 2596 2480 2662 versari,
2533 2611 2767 2666 magna,
2825 2600 2886 2650 ut
2931 2613 3045 2665 prae
3096 2613 3159 2650 se
3208 2596 3450 2664 ferebat,
3503 2600 3693 2655 animi

2027 2683 2361 2738 constantia
2405 2701 2534 2738 cum
2587 2683 2685 2738 illo
2738 2701 3135 2754 perseverans.
3184 2685 3291 2749 Qui
3341 2703 3477 2741 cum
3531 2687 3692 2742 mira

2028 2773 2147 2840 illa,
2183 2791 2307 2844 quae
2343 2791 2376 2828 a
2407 2771 2672 2844 Philippo
2703 2773 2940 2843 ﬁebant,
3002 2791 3197 2830 coram
3257 2781 3536 2845 cerneret,
3571 2778 3682 2830 ad—

2029 2863 2334 2918 miratione
2366 2863 2722 2933 rapiebatur.
2757 2867 2898 2918 Cum
2933 2880 3064 2920 vero
3111 2863 3345 2919 tandem
3385 2868 3441 2918 in
3473 2866 3682 2921 Sama-

2029 2937 2578 3022 riam,promuigaia
2601 2951 2726 3022 jam
2759 2939 3012 3024 Philippi
3040 2951 3680 3024 prae-.iieatione,Petrus

2029 3045 2085 3096 et
2111 3040 2367 3095 Jcannes
2422 3041 2672 3112 apostoli
2727 3041 3044 3108 venissent,
3107 3049 3160 3097 et
3216 3042 3578 3097 credentibus
3609 3043 3675 3096 in

2029 3129 2324 3186 Christum
2359 3133 2542 3186 Sancti
2571 3131 2824 3203 Spiritds
2854 3133 3442 3188 communicationem
3472 3149 3680 3204 apere:

277 3221 635 3293 postliminio
684 3220 754 3276 ad
811 3221 1141 3292 ingenitum
1190 3215 1428 3272 rediisse
1477 3232 1509 3270 a
1541 3231 1654 3286 quo
1703 3213 1918 3268 missus
1949 3259 1990 3326 Ο
2029 3220 2136 3272 cali
2167 3219 2434 3288 fuissent,
2470 3219 2750 3293 illumque
2778 3223 2919 3278 adeo
2955 3233 3054 3293 per
3084 3237 3370 3276 manuum
3429 3223 3688 3294 imposta

277 3315 294 3326 Α·
441 3316 450 3326 .
515 3310 551 3326 η
638 3309 652 3326 1
755 3309 810 3326 1,,
1164 3306 1311 3326 j,‘__‘l_
1360 3312 1375 3326 ι
1462 3321 1569 3326 ..-Δ
1631 3305 1680 3326 .'_.
1732 3303 1880 3326 .._..-:
2027 3308 2123 3326 12,,z
2166 3325 2215 3326 κη
2284 3317 2289 3326 .
2325 3323 2396 3326 ,n,
2453 3310 2464 3326 ν
2618 3315 2626 3326 ι
2689 3303 2733 3326 σὺ
2855 3312 2865 3322 ο
3025 3315 3032 3326 ι
3097 3319 3132 3326 ..
3170 3323 3175 3326 λ
3255 3311 3312 3326 nn
3497 3313 3505 3324 ι
3565 3318 3571 3326 .

273 3315 479 3366 fuerat.
513 3309 879 3365 Credendum
934 3325 1100 3378 porro
1153 3306 1400 3371 dicebat,
1461 3321 1575 3360 non
1631 3305 1686 3358 in
1729 3303 1914 3358 cruci-

278 3404 478 3469 iixum,
512 3404 612 3457 sed
648 3401 703 3455 in
738 3416 865 3455 eum
900 3399 996 3467 qui
1043 3399 1356 3454 cruciﬁxus
1405 3397 1726 3452 videbatur.
1761 3395 1921 3450 Basi-

271 3491 424 3546 lides
455 3491 716 3561 insuper,
751 3493 815 3543 ut
845 3489 1068 3551 Simon,
1103 3495 1158 3542 et
1190 3491 1450 3558 quoquot
1479 3485 1744 3557 ejusdem
1777 3483 1921 3538 deii-

280 3583 537 3634 ramenta
571 3581 999 3649 verborumque
1034 3582 1297 3648 portenta
1345 3577 1674 3640 tuebantur,
1731 3574 1924 3628 carnis

282 3667 766 3724 resurrectionem
827 3669 1096 3738 negabat,
1156 3667 1226 3721 ab
1300 3682 1480 3737 eoque
1540 3664 1764 3735 angelo,
1824 3662 1924 3735 qui

279 3759 498 3814 Judaeis
531 3764 822 3830 praeesset,
859 3759 1143 3812 mundum
1199 3757 1410 3811 factum
1465 3755 1644 3810 fuisse
1674 3753 1922 3810 dicebat.

283 3846 606 3914 Quemiibet
636 3847 806 3900 etiam
840 3847 1199 3910 hortabatur,
1235 3852 1296 3899 ut
1325 3862 1425 3916 pro
1473 3844 1717 3900 libidine
1751 3842 1922 3899 idolo-

282 3941 482 4008 thytis,
515 3936 622 3991 hoc
649 3941 760 4004 est,
792 3936 863 3990 iis
896 3955 1022 4007 qua;
1056 3936 1228 3990 idolis
1259 3942 1455 3989 essent
1499 3933 1802 3988 immolata
1832 3950 1924 3988 ve-

282 4036 556 4093 scerctur,
583 4026 920 4097 iiiicitisque
943 4027 1085 4081 adeo
1107 4026 1442 4081 actionibus
1467 4024 1614 4080 citra
1634 4023 1925 4078 deiectum

281 4115 542 4170 vacabat.
577 4115 733 4169 idem
770 4122 1044 4185 praeterea
1083 4113 1572 4178 incantationum,
1607 4111 1924 4182 praestigia-

286 4221 529 4276 rumque
546 4204 808 4259 inventor
823 4204 1003 4259 fuisse
1018 4203 1152 4275 perh
1167 4204 1358 4260 ibetur
1373 4219 1540 4273 :quas
1556 4200 1929 4258 dementibus

287 4299 506 4364 postea,
539 4298 596 4348 et
633 4293 885 4362 vesanis,
946 4293 1112 4364 quasi
1176 4308 1273 4364 per
1331 4307 1541 4346 manus
1603 4289 1926 4346 tradiderit.

285 4417 581 4455 HERESEOS
606 4417 996 4458 PIUECBDENTIS
1014 4416 1363 4456 OONFUTATIO
1387 4417 1490 4454 PER
1507 4413 1744 4454 EUIDEM
1768 4413 1924 4455 NIGB'

849 4489 967 4528 ΤΑΜ
1005 4488 1346 4527 CHONIATAII.

285 4579 390 4648 Qui
418 4578 484 4634 ab
515 4578 620 4634 hac
639 4579 837 4636 haeresi
857 4595 912 4635 se
939 4579 1009 4635 ad
1048 4577 1355 4634 Ecclesium
1406 4578 1730 4636 catholicam
1787 4578 1930 4636 reci-

804 4650 989 4722 piunt,
1025 4651 1394 4722 baptizanlur.

357 4761 432 4816 Ex
466 4759 723 4818 Simonis
756 4760 1170 4818 traditionibus
1205 4757 1365 4816 nulla
1414 4765 1522 4822 est,
1557 4772 1687 4831 quas
1719 4760 1928 4816 confu-

289 4856 479 4906 catore
510 4851 790 4922 indigeat.
828 4848 1042 4906 Omnes
1071 4850 1225 4904 enim
1285 4864 1409 4904 sese
1467 4850 1612 4904 satis
1641 4865 1932 4920 superque

289 4939 721 5008 subvertunt,in
755 4939 972 5012 quibus
1003 4937 1166 4994 nulla
1196 4939 1273 4994 sit
1303 4937 1542 4994 omnino
1565 4953 1934 5010 consequen-

290 5027 392 5093 tia,
427 5027 688 5100 nihilque
717 5028 880 5094 adeo,
916 5029 1068 5099 quod
1102 5027 1264 5084 sanis
1295 5027 1535 5083 auribus
1567 5027 1841 5086 arrident.

362 5117 660 5187 Siquidem
695 5117 814 5186 ille,
845 5119 986 5172 dum
1018 5117 1131 5172 sibi
1163 5115 1308 5172 alias
1339 5117 1548 5184 Patris,
1581 5116 1725 5172 alias
1755 5115 1932 5187 Spiri-

288 5212 384 5261 tus
418 5210 628 5272 sancti,
662 5206 808 5261 alias
841 5206 1093 5276 denique
1152 5205 1424 5262 Potentius
1483 5206 1689 5262 divina;
1725 5221 1933 5262 nomen

289 5295 559 5366 imponit,
593 5312 658 5350 eo
691 5295 819 5366 ipso
851 5295 998 5349 satis
1036 5311 1104 5349 ea
1138 5295 1280 5350 nihil
1314 5311 1554 5366 prorsus
1585 5311 1712 5351 esse
1769 5310 1932 5349 coar-

289 5386 588 5456 guit,quae
625 5381 737 5438 sibi
794 5386 1092 5450 tantOpere
1150 5382 1524 5440 dissentanea
1581 5383 1932 5440 vindicabat.

288 5473 409 5529 lmo
451 5489 604 5540 vero,
660 5472 802 5526 dum
862 5470 1142 5526 caelorum
1201 5488 1435 5543 quoque
1489 5472 1934 5529 multitudinem

289 5561 608 5619 introducit
656 5560 727 5614 de
776 5559 992 5629 quibus
1040 5559 1373 5616 Graecorum
1430 5560 1758 5633 philosophi
1789 5561 1937 5618 nihil

354 5685 470 5730 θυι
497 5687 624 5742 Act.
657 5701 776 5752 vm,
807 5684 876 5739 49
905 5699 1069 5755 seqq-

2025 3308 2246 3362 tio'nem
2282 3310 2654 3378 recepissent.
2689 3303 2820 3365 Haec
2853 3312 2977 3381 ipsa
3009 3315 3205 3365 Coram
3254 3311 3458 3366 Simon
3495 3313 3686 3366 intui-

2030 3405 2142 3462 tus,
2208 3399 2486 3468 pecunias
2540 3399 2819 3468 apostolis
2879 3401 3092 3456 obtulit
3154 3399 3356 3456 dicens
3392 3409 3405 3456 ξ
3441 3403 3577 3456 Date
3636 3407 3698 3458 et

2030 3487 2172 3542 mihi
2199 3488 2338 3541 hanc
2369 3486 2710 3558 potestatem,
2761 3493 2823 3544 ut
2869 3492 3174 3562 cuicunque
3221 3492 3538 3562 imposuere
3569 3507 3696 3546 ma-

2029 3590 2158 3646 nus,
2188 3579 2430 3648 accipiat
2460 3576 2732 3648 Spiritum
2765 3583 3036 3634 sanctum.
3099 3581 3296 3636 Petrus
3326 3583 3513 3636 autem
3543 3581 3700 3636 dixit

2031 3665 2100 3720 ad
2131 3683 2252 3720 eum
2289 3683 2301 3720 :
2335 3667 2578 3722 Pecunia
2607 3670 2703 3720 tua
2737 3673 2911 3722 tecum
2939 3671 3010 3722 sit
3039 3671 3099 3723 in
3127 3669 3519 3738 perditionem,
3554 3687 3702 3741 quo-

2031 3757 2186 3809 niam
2218 3754 2420 3810 donum
2449 3756 2549 3810 Dei
2577 3755 2915 3811 existimasti
2964 3760 3204 3828 pecunia
3251 3758 3538 3825 possideri.
3569 3759 3700 3815 Non

2032 3849 2110 3897 est
2139 3841 2245 3896 libi
2270 3857 2420 3912 pars,
2472 3854 2648 3914 neque
2689 3861 2804 3898 sors
2849 3846 2908 3900 in
2950 3861 3199 3902 sermone
3244 3848 3361 3902 hoc.
3401 3851 3513 3904 Cor
3536 3847 3700 3902 enim

2033 3941 2190 3987 tuum
2220 3947 2324 3986 non
2357 3936 2436 3987 est
2467 3937 2674 3988 rectum
2705 3951 2895 3990 caram
2943 3937 3066 3992 Deo.
3117 3937 3288 4008 [Roga
3335 3947 3462 4008 ergo
3491 3937 3702 4008 Deum,

2031 4023 2086 4074 si
2115 4020 2255 4090 forte
2284 4024 2610 4076 remittitur
2637 4021 2747 4078 tzhi
2774 4026 2894 4080 haec
2921 4025 3186 4094 cogitatio
3233 4026 3426 4081 cordis
3455 4027 3588 4099 lui.]
3627 4027 3698 4084 In

2033 4110 2170 4182 felle
2197 4115 2343 4165 enim
2392 4112 2822 4179 amaritudinis,
2868 4116 2920 4169 et
2966 4115 3314 4183 obligatione
3342 4116 3706 4186 iniquitatis,

2035 4199 2274 4254 vidimus‘
2305 4203 2358 4254 te
2387 4217 2506 4255 esse
2535 4200 2677 4258 '3-9‘.

2117 4305 2364 4366 Proinde
2421 4303 2764 4380 hujUsmodi
2828 4311 3122 4383 repulsam
3185 4312 3564 4368 miserrimus
3601 4314 3706 4370 ille

2039 4404 2334 4473 passus,et
2367 4397 2440 4453 ad
2474 4397 2769 4468 proprium
2803 4399 3092 4453 vomitum
3126 4391 3708 4468 reversus,Samaria

2036 4488 2305 4556 excessit,
2339 4490 2396 4542 et
2425 4487 2498 4542 ad
2527 4503 2594 4542 ea
2626 4504 2688 4542 se
2719 4487 2933 4559 oppida
2964 4489 3358 4562 civitatesque
3416 4491 3704 4560 contulit,

1963 4624 2008 4689 Β
2039 4579 2258 4652 quibus
2301 4577 2560 4632 nondum
2623 4575 2918 4649 Evangelii
2976 4577 3176 4634 lumen
3237 4578 3526 4646 illuxeral,
3567 4581 3704 4650 jam

2039 4673 2280 4689 ΛημΑ---Α
2316 4666 2590 4689 ..ι-1---..-η-
2625 4667 2793 4689 ττ--ι.ε
2847 4665 3022 4689 J!_-!..-
3074 4685 3358 4689 ..__--_A__
3399 4669 3664 4689 ἐνμηὴξμμ·

2039 4673 2286 4739 tumque
2312 4666 2591 4721 adversus
2625 4667 2794 4722 Verbi
2842 4665 3024 4722 divini
3073 4685 3368 4738 praecones
3399 4669 3708 4740 imprimis

2042 4761 2234 4812 autem
2268 4761 2760 4824 Petrum,crucem
2794 4769 2855 4810 se
2875 4761 3270 4827 Sat‘anamque
3291 4763 3566 4828 praestare
3588 4776 3710 4814 cce-

2043 4847 2148 4919 pit.
2179 4844 2478 4916 Siquidem
2511 4853 2644 4900 eum
2682 4841 2824 4898 nihil
2872 4846 3036 4915 prius
3094 4845 3396 4918 antiquius
3449 4845 3708 4904 haberet

2043 4953 2217 5007 quam
2246 4941 2310 4990 ut
2343 4938 2510 4989 Petro
2536 4951 2636 4998 per
2656 4935 2854 4988 omnia
2878 4935 3367 5006 rei'ragaretur,ad
3391 4953 3702 5004 eum,cum

2044 5025 2318 5098 pietatem
2351 5023 2408 5080 in
2443 5023 2874 5079 coni‘ertissima
2909 5024 3104 5096 populi
3130 5026 3409 5081 concione
3440 5027 3712 5097 doceret,

2043 5131 2248 5171 canem
2275 5113 2564 5184 misit,qui
2587 5112 2710 5168 haec
2730 5112 3000 5168 humanis
3014 5113 3203 5170 verbis
3227 5115 3705 5186 proicqueretur:

2046 5204 2246 5262 Finem
2280 5201 2420 5266 tuis,
2463 5201 2650 5268 Petre,
2679 5203 2896 5273 quibus
2948 5203 3228 5274 populum
3281 5204 3704 5277 circumvenis,

2043 5293 2390 5364 imposturis
2423 5291 2733 5364 imponito.
2768 5291 2898 5348 Mox
2926 5293 3190 5348 vicissim
3223 5295 3387 5350 canis
3431 5293 3589 5351 idem
3627 5300 3706 5354 ad

2046 5382 2341 5438 Simonem
2377 5397 2408 5435 a
2442 5379 2606 5436 Petro
2641 5381 3168 5452 reiegatus,eadem
3203 5382 3286 5437 illi
3321 5385 3710 5444 renuntiavit.

2043 5470 2304 5525 Tandem
2338 5482 2470 5525 eum
2507 5470 2689 5525 multo
2722 5485 2788 5525 ex
2818 5471 2960 5538 illis,
2993 5487 3141 5542 quos
3175 5476 3375 5527 Petrus
3405 5476 3716 5531 concinni-~

2049 5561 2162 5618 bus
2194 5564 2319 5616 suis
2351 5561 2726 5629 instruxerat,
2788 5563 2859 5616 ad
2919 5563 3208 5634 privatum
3269 5565 3484 5636 dogma
3528 5581 3718 5626 suum
