4052 6422
346 343 499 407 1245

1660 339 2061 400 THESAURI
2103 340 2257 401 LIB.
2304 340 2411 399 IV.

3599 342 3628 399 1
3639 341 3754 399 346

342 478 540 532 Simon
575 474 1069 547 pellexisset.jam
1105 473 1176 527 de
1231 472 1364 528 ﬁdei
1412 489 1531 526 suas
1580 471 1898 527 traditione
1928 475 1986 526 et
2019 473 2069 537 Α
2105 472 2327 527 advena
2371 472 2522 528 inter
2581 474 2878 545 apostolos
2929 473 3291 537 versabatur,
3359 472 3469 528 sub
3538 472 3759 543 quibus

344 566 699 636 expositione
731 563 1040 635 cogitabat.
1075 563 1145 615 At
1169 577 1238 615 ne
1271 562 1355 617 sic
1378 562 1615 633 quidem
1642 562 1850 615 Petrus
1880 560 1999 615 ani-

346 671 503 711 mum
539 653 845 723 despondit
880 669 894 707 :
925 651 1041 707 imo
1074 667 1210 706 vero
1244 651 1301 705 in
1326 649 1584 706 Simonis
1608 649 1795 721 ipsius
1818 653 1996 720 caput

345 744 727 799 fraudulentae
758 747 909 795 artes
942 756 1146 797 omnes
1179 741 1530 795 reciderunt.

416 833 676 887 Tandem
707 847 869 899 vero,
899 846 1032 884 cum
1090 830 1358 894 Romam,
1392 828 1658 884 omnium
1693 827 1996 883 civitatum

348 923 547 985 decus,
610 919 996 993 appulissent,
1056 919 1136 972 ibi
1197 918 1587 973 controversis
1619 918 1995 987 dogmatibus

349 1015 777 1067 concertarunt.
809 1009 943 1063 Jam
978 1012 1170 1063 autem
1231 1008 1381 1079 apud
1445 1007 1740 1062 Romanos
1792 1007 1992 1060 Simon

346 1105 572 1156 tantam
618 1099 871 1154 nominis
920 1097 1315 1152 celebritatem
1365 1105 1711 1151 consecutus
1752 1099 1897 1160 erat,
1934 1098 1997 1147 ut

345 1206 491 1244 aerea
514 1197 708 1244 statua
738 1188 989 1241 donatus
1023 1192 1177 1240 esset
1206 1202 1240 1239 a
1271 1184 1509 1240 Claudio
1540 1184 1789 1239 Caesare.
1812 1183 1995 1252 Cujus

347 1297 414 1334 ea
471 1279 654 1334 fuisse
721 1278 906 1331 fertur
958 1276 1310 1346 inscriptio:
1364 1275 1585 1329 Simoni
1624 1274 1740 1329 Dec
1768 1278 1992 1329 sancto.

348 1369 492 1422 Cum
528 1366 724 1437 itaque
754 1365 954 1419 Simon
987 1368 1153 1420 Petro
1187 1365 1593 1435 refragaretur,
1650 1366 1827 1433 atque
1860 1379 1992 1433 par-

347 1456 450 1509 tim
524 1456 776 1526 Spiritus
844 1454 1027 1508 sancti
1102 1454 1313 1520 verbis,
1395 1452 1598 1522 partim
1670 1450 1991 1516 miraculis,

350 1545 656 1615 praestigias
713 1544 871 1598 illius
931 1549 987 1596 et
1052 1542 1384 1612 imposturae
1472 1542 1823 1611 patuissent,
1898 1540 1995 1595 ille

344 1636 505 1704 gravi
565 1650 626 1688 se
679 1634 831 1687 attici
895 1638 1056 1688 ratus
1087 1631 1433 1703 ignominia,
1471 1631 1527 1686 in
1560 1629 1735 1686 cuiius
1767 1630 1835 1683 ad
1869 1646 1997 1700 pro-

344 1724 536 1793 prium
568 1724 795 1777 Patrem
830 1738 1213 1777 assensurum
1276 1738 1357 1784 se,
1422 1736 1740 1791 poenasque
1786 1720 1855 1774 de
1906 1720 1994 1772 in-

348 1812 604 1868 Credulis
657 1812 791 1865 inde
846 1811 1259 1880 repetiturum,
1314 1811 1706 1866 comminatus
1765 1813 1871 1863 est.
1926 1808 1995 1862 Et

345 1920 479 1958 cum
514 1905 666 1957 dicto
698 1922 729 1956 a
789 1901 1155 1956 dmmonibus
1208 1901 1265 1954 in
1311 1900 1486 1955 ccelos
1518 1901 1830 1966 ferebatur,
1864 1917 1995 1955 cum

351 1997 557 2047 Petrus
590 1991 810 2045 orando
843 1996 955 2045 Deo
989 1990 1270 2055 intentus,
1307 1990 1633 2058 spiritibus,
1696 2005 1728 2041 a
1783 1988 2000 2059 quibus

350 2083 447 2137 ille
481 2082 836 2152 rapiebatur,
899 2078 1238 2149 increpatis,
1300 2079 1488 2133 effecit
1546 2083 1610 2133 ut
1639 2080 1695 2132 in
1730 2083 1903 2147 caliut
1934 2092 2003 2131 ex

352 2170 466 2225 alto
524 2173 723 2242 Magos
776 2169 1078 2233 corruerit,
1144 2167 1511 2239 pedibusque
1565 2168 1621 2222 in
1682 2184 1818 2222 aera
1869 2182 1999 2234 pro-

350 2259 554 2327 tensis,
591 2261 863 2314 miseram
898 2258 1157 2312 animam
1191 2257 1491 2325 exhalans,
1513 2256 1697 2312 effuso
1728 2256 1877 2311 viam
1914 2272 2001 2310 ce-

352 2351 519 2405 rebro
550 2349 904 2419 dieperserit.

496 2457 806 2523 Menandri,
840 2457 1153 2523 Saturnini,
1187 2459 1236 2509 et
1287 2455 1546 2510 Basilidis
1575 2455 1860 2511 hareseon

1010 2530 1337 2596 con/utatio.

421 2636 553 2689 Jam
587 2635 635 2690 si
661 2635 883 2705 primus
916 2634 1305 2689 absurdorum
1340 2637 1543 2688 auctor
1582 2632 1740 2686 hunc
1779 2634 1909 2687 vitae
1938 2633 2002 2685 fl-

358 2743 489 2781 nem
546 2726 789 2781 sortitus
846 2730 956 2787 est,
1017 2725 1169 2778 haud
1221 2724 1397 2779 dubie
1434 2725 1765 2789 Menander,
1798 2728 1997 2778 Satur-

356 2814 617 2882 nihus,et
648 2814 952 2882 Basilides,
999 2812 1263 2884 ejusdem
1314 2812 1476 2867 exitii
1529 2813 1855 2867 coheredes
1907 2811 2007 2866 ali-

355 2905 607 2974 quando,
669 2908 721 2956 et
776 2908 1073 2956 consortes
1133 2906 1325 2967 erunt,
1386 2901 1487 2973 qui
1551 2917 1665 2956 non
1701 2903 1870 2956 modo
1903 2902 2003 2955 do-

356 2996 619 3061 gmatum
647 2992 901 3046 Simonis
935 2995 1255 3046 sectatores
1288 2991 1865 3056 exstiteruntyerum
1888 2990 2006 3045 illis

357 3074 700 3133 absurdiora
722 3096 957 3149 quoque
992 3078 1175 3135 multo
1214 3084 1601 3145 attexuerunt,
1637 3080 1834 3151 qualia
1866 3083 2007 3134 sunt

356 3186 443 3236 ea,
477 3170 693 3239 quibus
728 3169 916 3224 varios
972 3168 1313 3240 angelorum
1374 3177 1537 3224 ortus
1568 3167 1905 3233 commenti,
1937 3184 2003 3223 eo

2109 576 2241 614 cum
2275 561 2655 617 christianum
2682 563 2854 618 {idem
2888 562 3238 627 imbibisset,
3302 561 3607 617 viduarum
3653 578 3755 615 cu—

2107 650 2695 706 ram‘demandatam
2760 668 2890 708 cum
2953 668 3051 707 sex
3104 651 3236 706 aliis
3292 651 3574 721 suscepit,
3608 668 3754 721 quos

2106 738 2262 794 inter
2292 739 2598 810 Philippus
2648 745 2705 796 et
2754 741 3087 813 Stephanus
3140 743 3357 810 primas
3392 741 3557 796 facile
3589 746 3751 795 tene-

2106 828 2270 897 bant,
2341 846 2583 900 quorum
2647 830 2741 893 ille
2800 830 3122 901 Samariam
3177 832 3245 885 ad
3282 831 3451 885 ﬁdem
3484 832 3752 899 adduxit,

2105 923 2161 973 et
2190 919 2495 973 Candacen
2553 920 2888 990 baptizavit,
2950 919 3046 975 hic
3094 920 3321 991 primus
3351 920 3614 977 omnium
3649 938 3753 992 pro

2105 1008 2313 1064 Christi
2349 1010 2584 1064 nomine
2611 1010 2952 1078 martyrium
2992 1026 3197 1080 passus
3230 1015 3337 1067 est.

2179 1098 2447 1153 Nicolaus
2504 1116 2660 1169 ergo,
2721 1116 2849 1155 cum
2916 1100 3224 1153 formosam
3268 1100 3600 1156 uxorculam
3638 1101 3747 1155 du-

2102 1189 2307 1260 xisset,
2369 1189 2624 1259 primum
2687 1189 2927 1261 quidem
2991 1191 3063 1245 ab
3116 1190 3216 1245 illa
3274 1207 3334 1244 se
3392 1190 3748 1260 continebat,

2105 1283 2315 1337 deinde
2351 1299 2553 1337 rursus
2607 1281 3150 1353 congrediebantur.
3207 1284 3489 1335 Cazterum
3534 1283 3623 1336 hic
3655 1299 3751 1337 ne-

2105 1370 2320 1426 minem
2381 1372 2447 1425 ad
2513 1371 2687 1425 vitam
2740 1376 3015 1424 micrnam
3070 1374 3478 1438 perventurum
3505 1385 3634 1423 esse
3666 1369 3757 1422 di-

2104 1462 2285 1526 cebat,
2324 1462 2421 1531 qui
2455 1477 2514 1514 se
2548 1459 2807 1531 quotidie
2849 1459 3007 1513 vitiis
3058 1475 3417 1525 omnegenus
3480 1475 3590 1513 non
3644 1457 3753 1512 im-

2104 1556 2410 1620 mergerei.
2446 1552 2589 1604 Hinc
2622 1566 2758 1619 ergo
2790 1548 3076 1614 Gnostici,
3119 1564 3151 1601 a
3208 1547 3446 1602 Simone
3498 1546 3629 1614 sati,
3666 1547 3749 1600 in-

2104 1640 2385 1693 crementi
2430 1646 2830 1709 susceperunt,
2883 1654 3134 1708 quorum
3195 1637 3432 1707 quidem
3493 1636 3588 1690 alii
3640 1635 3751 1691 alia

2104 1727 2535 1795 fabulabantur,
2567 1728 2665 1782 alii
2698 1744 2827 1781 vero
2860 1727 3135 1782 feminam
3163 1725 3747 1797 quamdam,nominc

2107 1817 2445 1884 Prunicum,
2510 1816 2798 1884 colebant,
2856 1816 3026 1887 eique
3078 1814 3192 1869 vim
3227 1813 3384 1868 illam
3420 1816 3752 1870 adscribere

2108 1924 2221 1961 non
2277 1907 2647 1975 verebantur,
2710 1923 2837 1976 quae
2887 1903 3126 1976 genitali
3163 1903 3375 1959 semini
3410 1904 3585 1959 insita
3617 1913 3705 1958 est
3739 1921 3751 1960 :

2108 1995 2206 2050 alii
2237 1996 2485 2064 denique
2539 1994 2845 2051 Caulacam
2901 1993 3347 2050 venerabantur.
3383 1994 3531 2048 Sunt
3561 2002 3753 2049 autem

2107 2084 2297 2139 omnia
2331 2085 2451 2138 hzec
2484 2085 2876 2139 effeminatam
2906 2082 3208 2138 mollitiem
3236 2082 3625 2152 signiﬁcantia
3654 2098 3756 2136 no-

2108 2174 2268 2228 mina
2300 2174 2370 2227 ab
2407 2173 2524 2227 illis
2556 2173 2893 2243 excogitata,
2924 2173 3025 2244 qui
3058 2172 3401 2243 spurcitiam
3437 2171 3759 2242 quamlibet

2106 2262 2260 2317 laudi
2293 2268 2350 2317 et
2378 2262 2579 2318 honori
2604 2263 2910 2317 ducebant.
2944 2261 3421 2332 Quandoquidem
3455 2259 3754 2334 προῦνιχος

2110 2352 2325 2407 coitum
2362 2352 2672 2423 signiﬁcat.
2709 2351 2887 2408 erci
2921 2351 3100 2418 enim,
3134 2350 3176 2405 si
3212 2351 3283 2405 de
3315 2350 3612 2422 virginum
3663 2352 3756 2405 de-

2109 2443 2484 2499 ﬂoratoribus
2510 2443 2846 2515 loquantur,
2875 2444 2969 2499 his
3004 2443 3191 2498 verbis
3216 2442 3296 2497 uti
3321 2442 3531 2510 solent,
3555 2440 3756 2516 ἐπρουο

2108 2534 2344 2588 νίκευσεν
2375 2530 2553 2605 τήνδε,
2581 2535 2688 2590 hoc
2721 2540 2828 2598 cst,
2865 2534 3039 2589 istam
3073 2532 3316 2590 vitiavit.
3339 2533 3411 2587 Ad
3447 2533 3753 2588 Caulacam

2110 2626 2260 2693 quod
2303 2623 2530 2693 attinet,
2566 2624 2808 2679 honesto
2838 2623 2895 2678 id
2931 2624 3167 2695 quidem
3202 2638 3376 2677 sensu
3412 2622 3482 2676 ab
3505 2621 3759 2677 Hebrmis

2109 2714 2362 2781 effertur,
2400 2730 2431 2767 a
2460 2713 2748 2769 Gnosticis
2780 2730 2912 2768 vero
2972 2714 3040 2767 ad
3100 2712 3523 2784 turpitudinem
3577 2714 3760 2765 detor-

2113 2807 2232 2857 tum
2267 2808 2370 2857 est.
2405 2803 2706 2874 Siquidem
2740 2801 2798 2857 in
2831 2801 3181 2857 duodecima
3226 2800 3483 2855 Danielis
3531 2800 3755 2854 visione

2110 2891 2193 2946 ita
2223 2892 2521 2961 scribitur,
2568 2890 2874 2956 Saulasan,
2908 2889 3221 2956 Saulasan,
3263 2888 3575 2955 Caulacan,
3606 2889 3758 2943 Cau-

2110 2979 2300 3045 laean,
2359 2979 2468 3034 hoc
2525 2988 2632 3048 est,
2691 2978 2927 3034 afﬂictio
2988 2982 3116 3049 post
3174 2976 3573 3045 afﬂictionem,
3624 2991 3756 3045 spes

2114 3075 2245 3139 post
2273 3086 2458 3140 spem.
2501 3068 2565 3125 Hi
2596 3085 2765 3140 porro
2815 3067 3070 3123 Gnostici
3132 3065 3335 3122 multis
3376 3066 3761 3136 designantur

2114 3159 2489 3214 nominibus:
2512 3159 2608 3213 alii
2634 3158 2787 3213 enim
2810 3158 3172 3225 Borboriani,
3207 3152 3295 3209 διὰ
3327 3154 3417 3209 τὸν
3463 3148 3756 3229 βορϐορον,

356 3259 533 3315 ccslcs
588 3276 832 3314 numero
893 3258 1404 3327 corrotundarunt,
1467 3264 1531 3313 ut
1586 3259 1824 3313 totidem
1875 3274 2004 3312 esse
2035 3226 2076 3293 ο
2115 3238 2224 3304 hoc
2255 3255 2361 3316 est,
2396 3249 2592 3315 aluto,
2620 3248 2977 3304 denominati
3008 3252 3147 3303 sunt
3180 3265 3193 3312 ;
3229 3247 3324 3301 alii
3357 3240 3757 3313 Codiani,zoBo

358 3348 767 3413 conﬁnxerint,
828 3351 973 3418 quot
1030 3347 1087 3400 in
1139 3348 1275 3401 anni
1319 3346 1610 3401 curriculo
1638 3347 1760 3401 dies
1793 3347 2003 3418 depre-

359 3438 719 3493 henduntur.
782 3436 944 3501 Quod
1010 3436 1057 3490 si
1118 3435 1463 3505 Cyrenensis
1521 3434 1618 3490 ille
1677 3436 1904 3505 Simon,
1939 3440 2004 3492 ut

358 3526 442 3581 illi
490 3527 709 3593 volunt,
752 3542 959 3595 passus
1010 3528 1120 3589 est,
1149 3523 1285 3594 quis
1318 3523 1461 3578 alter
1492 3524 1609 3589 ille,
1637 3540 1859 3594 quasso,
1895 3524 2002 3579 fuit

358 3617 457 3687 qui
493 3615 744 3670 surrexit
775 3632 807 3669 a
840 3613 1106 3680 mortuis,
1135 3612 1397 3680 vulnera,
1428 3630 1555 3684 quae
1613 3612 1671 3666 in
1705 3628 1875 3668 cruce
1904 3630 2001 3668 ac-

358 3712 611 3777 ceperat,
646 3704 901 3760 ostendit
934 3704 1238 3775 upostolis,
1292 3704 1543 3774 denique
1592 3718 1724 3757 cum
1758 3719 2000 3773 corpore

358 3795 415 3850 in
473 3794 646 3849 ccelcs
704 3794 1023 3849 ascendit?
1066 3797 1241 3848 Porro
1287 3792 1346 3846 in
1382 3798 1560 3847 Deum
1594 3792 1784 3862 ipsum
1820 3791 2005 3847 mani-

360 3887 499 3941 feste
556 3883 929 3940 refractarios
988 3888 1095 3946 est,
1158 3899 1291 3939 cum
1354 3883 1663 3938 Mosaicam
1714 3882 1897 3950 legem
1930 3882 2002 3937 ab

358 3975 582 4046 angelis
641 3976 833 4029 datam
901 3990 1029 4027 esse
1083 3972 1308 4028 asserit.
1348 3972 1460 4027 Nec
1494 3973 1651 4027 enim
1681 3972 1869 4044 angeli
1903 3974 2000 4027 dc-

359 4068 585 4131 deruni,
641 4067 739 4122 sed
803 4067 852 4120 is
912 4066 1149 4121 demum
1210 4066 1308 4135 qui
1361 4066 1501 4120 Mosi
1546 4066 1778 4121 locutus
1808 4070 2005 4131 est,el

356 4159 640 4226 eeipsum,
702 4156 844 4210 Eum
898 4155 997 4225 qui
1055 4158 1163 4222 est,
1220 4154 1561 4209 nominavit.
1616 4154 1706 4210 Illi
1748 4154 1901 4209 enim
1935 4171 2004 4209 ex

358 4246 540 4302 nihilo
576 4246 841 4317 producti
875 4250 1036 4310 sunt,
1074 4249 1139 4299 ut
1171 4243 1244 4298 ad
1280 4244 1373 4298 Dei
1416 4244 1763 4314 obsequium
1816 4242 2002 4313 parati

357 4336 596 4406 spiritus
640 4351 871 4404 semper
926 4338 1141 4398 essent,
1204 4338 1375 4401 prout
1406 4331 1490 4385 vel
1525 4333 1648 4400 ipse
1680 4334 1867 4387 Moses
1906 4332 2001 4388 his

357 4427 544 4480 verbis
578 4430 901 4479 attestatur.

430 4515 724 4570 Constituti
780 4518 907 4568 sunt
961 4513 1187 4568 termini
1241 4514 1511 4580 gentium,
1567 4511 1862 4567 secundum
1901 4528 2003 4566 nu-

2111 3338 2263 3394 enim
2320 3339 2478 3411 Syris
2539 3338 2826 3394 escarium
2885 3353 2985 3393 vas
3043 3337 3276 3405 dicitur,
3341 3351 3405 3390 eo
3447 3336 3601 3406 quod
3640 3352 3756 3390 una

2110 3427 2305 3484 cibum
2340 3446 2469 3483 cum
2504 3427 2621 3484 illis
2651 3443 2903 3492 sumere,
2940 3431 3174 3499 propter
3205 3424 3495 3495 insignem
3523 3424 3756 3480 illorum

2111 3516 2469 3587 spurcitiem,
2506 3534 2676 3572 nemo
2728 3534 2843 3572 non
2878 3517 3241 3571 detrectaret.
3281 3514 3389 3570 Alii
3423 3514 3595 3569 etiam
3625 3514 3759 3569 Bor-

2111 3606 2326 3675 bolitaa,
2373 3606 2748 3667 Secundiani.
2794 3605 3112 3670 Socratitae,
3165 3608 3221 3659 et
3273 3603 3536 3659 Raccliaei
3579 3602 3761 3659 nomi-

2112 3699 2347 3751 nantur.
2381 3699 2529 3751 Sunt
2560 3700 2758 3750 autem
2794 3711 3000 3750 uxores
3031 3692 3149 3747 illis
3181 3709 3547 3755 communes,
3573 3692 3759 3762 quod-

2110 3800 2223 3855 que
2255 3782 2476 3838 nullam
2506 3801 2618 3838 non
2652 3783 2709 3839 in
2744 3782 2861 3838 illis
2889 3781 3228 3855 spurcitiem
3262 3787 3319 3837 et
3358 3781 3760 3852 impuritatem

2112 3872 2374 3943 arguitin
2395 3874 2523 3944 ipso
2548 3875 2701 3928 coitu
2726 3878 3032 3937 cavent,ne
3055 3888 3255 3926 semen
3281 3872 3337 3926 in
3362 3867 3762 3925 mulierisvul-

2108 3979 2238 4018 vam
2273 3963 2654 4033 ejaculentur,
2679 3961 2856 4017 autin
2883 3968 3089 4018 terram
3124 3958 3465 4019 deﬂuatsed
3488 3959 3762 4013 manibus

2110 4058 2412 4122 exceptum
2435 4051 2581 4108 alias
2605 4042 2953 4123 deglutiunt,
2989 4050 3128 4106 alias
3158 4067 3223 4106 eo
3252 4053 3498 4114 servato,
3523 4048 3759 4118 sangui-

2110 4145 2285 4213 nique
2348 4132 2721 4197 muliebrium
2784 4146 3218 4196 menstruorum
3292 4141 3587 4211 permisto,
3657 4153 3757 4208 pro

2112 4230 2404 4303 mysteriis
2438 4235 2701 4284 utuntur.
2736 4230 2895 4293 Quod
2939 4230 2984 4285 si
3022 4248 3122 4301 per
3146 4229 3380 4284 illorum
3415 4226 3754 4297 impruden-

2108 4319 2245 4375 tiam
2308 4319 2366 4374 in
2418 4318 2647 4374 vulwm
2694 4320 2993 4387 deciderit,
3066 4318 3391 4390 mulierque
3450 4332 3754 4387 praegnans

2109 4426 2177 4463 ex
2219 4425 2285 4463 eo
2339 4410 2485 4463 facta
2535 4408 2725 4477 fuerit,
2780 4410 3005 4475 factum,
3059 4407 3236 4463 simul
3296 4424 3360 4463 ac
3410 4406 3603 4462 editus
3645 4409 3752 4475 est,

2112 4502 2407 4570 arreptum
2460 4497 2516 4552 in
2579 4498 2852 4553 mortario
2915 4500 3297 4565 contendunt,
3359 4497 3563 4568 illique
3617 4495 3751 4561 mel,

357 4622 563 4660 merum
621 4604 947 4672 angelorum
995 4603 1112 4670 eius
1171 4600 1219 4634 95
1262 4619 1277 4668 ;
1324 4606 1379 4657 et
1410 4599 1657 4657 Davides
1688 4616 1700 4656 :
1736 4601 1844 4665 Qui
1869 4603 1999 4670 facit

2114 4587 2277 4658 piper
2326 4590 2382 4641 et
2440 4592 2741 4659 unguenta
2791 4586 2987 4642 nescio
3049 4604 3172 4658 quae
3232 4586 3585 4649 immiscent,
3627 4589 3752 4637 tum

355 4696 575 4765 angelos
595 4709 719 4748 suos
748 4691 1003 4763 spiritus,
1035 4695 1085 4747 et
1135 4693 1422 4747 ministros
1451 4706 1596 4757 suos,
1634 4692 1812 4760 ignem
1833 4706 1998 4746 urens

355 4789 462 4841 tem
486 4784 552 4841 9‘.
587 4790 653 4839 At
684 4801 838 4851 vero,
900 4798 1179 4854 quonam,
1221 4798 1441 4852 quisse,
1493 4787 1659 4852 pacto
1706 4780 1817 4835 sibi
1850 4787 1999 4837 tem-

355 4878 675 4945 perassent,
711 4888 783 4926 ne
812 4872 1074 4943 linguam
1111 4870 1349 4942 ﬂagitiis
1397 4870 1798 4941 hujuscemodi
1860 4887 2001 4925 con-

352 4967 705 5035 stuprarent,
759 4960 859 5033 qui
918 4964 1282 5031 portentosas
1326 4974 1711 5029 omnegenus,
1745 4958 2001 5030 impudi-

355 5069 573 5124 casque
602 5052 900 5121 libidines,
933 5051 1078 5104 citra
1103 5049 1416 5114 delectum,
1449 5047 1728 5119 nullaque
1771 5048 1998 5104 honesti

354 5142 577 5198 ratione
637 5141 855 5206 habita,
919 5139 1250 5195 actionibus
1308 5137 1432 5193 suis
1489 5143 1546 5193 et
1572 5138 1867 5210 mysteriis
1897 5154 1997 5193 ex-

354 5236 713 5306 presserunt.

1039 5316 1196 5372 CAP.
1240 5317 1307 5372 ΙΙ.

549 5410 797 5467 Secunda
828 5410 1056 5465 haeresis
1086 5406 1483 5477 Nicotoitarum
1514 5412 1595 5461 est
1626 5408 1724 5477 qui
1752 5411 1806 5461 et

726 5484 1105 5552 baptizantur,
1137 5486 1186 5534 et
1217 5476 1619 5533 Gnosticorum.

420 5573 695 5628 Nicolaus
734 5570 973 5641 quidam
1008 5568 1323 5623 Antiochiae
1356 5571 1424 5622 ad
1456 5567 1736 5639 Daphnen
1760 5572 1923 5623 ortus

419 5680 469 5714 95
500 5683 665 5736 Deut.
692 5694 868 5750 xxxu,
896 5679 949 5734 8.
981 5677 1028 5712 ⁹⁶
1067 5676 1220 5733 Psal.
1255 5686 1378 5747 Cm,
1409 5676 1460 5730 4·

2111 4677 2299 4733 cuncti
2335 4693 2404 4732 ex
2434 4694 2499 4732 eo
2526 4681 2830 4748 gustantes
2863 4677 3042 4749 digito
3079 4695 3091 4731 :
3127 4677 3375 4744 Gratias,
3410 4676 3596 4741 aiunt,
3629 4672 3753 4743 agi-

2114 4782 2263 4833 mus,
2323 4783 2355 4821 o
2414 4772 2584 4828 Deus,
2644 4767 2799 4838 quod
2861 4784 2893 4821 a
2949 4756 3209 4835 principe
3268 4764 3753 4835 concupiscentia:

2110 4854 2294 4910 delusi
2330 4856 2569 4911 minime
2603 4850 2907 4920 fuerimus,
2951 4855 3053 4909 sed
3100 4855 3329 4925 lapsum
3390 4852 3585 4907 fratris
3639 4851 3760 4907 col—

2112 4944 2446 5015 legerimus.
2507 4951 2691 5016 Atque
2739 4945 2845 5001 hoc
2888 4946 3204 5015 perfectum
3239 4960 3366 4999 esse
3398 4943 3618 5000 Pascha
3652 4959 3755 5014 pu-

2110 5039 2254 5091 tant.

2421 5125 2691 5181 Hzreseos
2718 5123 3083 5196 praecedentis
3111 5126 3440 5196 confutatio.

2180 5214 2682 5280 Quemadmodum
2733 5214 2887 5269 inter
2936 5213 3239 5271 duodecim
3297 5213 3590 5286 apostolos
3626 5230 3753 5285 pro-

2108 5302 2161 5357 di
2174 5309 2261 5357 tor
2281 5304 2464 5357 Judas
2482 5304 2759 5358 inventus
2781 5311 2888 5368 est,
2906 5304 2985 5359 ita
2999 5303 3124 5360 etin
3140 5307 3357 5376 septem
3374 5303 3753 5361 diaconcrum

2110 5406 2352 5446 numero
2411 5390 2688 5446 Nicolaus
2732 5392 3136 5450 Antiocbcnus
3178 5393 3262 5448 illi
3308 5409 3369 5447 se
3412 5391 3570 5447 haud
3609 5391 3758 5447 absi-

2109 5479 2306 5535 milem
2340 5480 2607 5551 praebuit,
2660 5497 2846 5552 usque
2895 5482 3036 5538 adeo
3070 5498 3264 5536 rerum
3297 5481 3558 5537 omnium
3598 5480 3761 5536 nulla

2106 5573 2214 5639 est,
2251 5585 2427 5640 quam
2459 5570 2772 5639 sinceram,
2806 5575 2864 5626 et
2894 5587 2926 5626 a
2959 5570 3111 5626 malo
3142 5587 3385 5642 prorsus
3424 5570 3748 5626 immunem
