2026 3197
163 169 238 197 1247

160 236 253 262 dicere
268 242 358 270 queas
372 242 377 260 :
391 234 440 261 sed
458 234 532 260 inter
547 234 646 268 spinas
663 232 750 259 etiam
765 241 828 259 rosa
844 232 982 265 nascitur,
1001 233 1026 265 Α

162 283 190 306 et
215 287 273 306 una
302 286 368 305 cum
401 279 547 305 frumento
577 276 678 304 lolium
696 279 828 311 emergit.
846 277 985 303 Caeterum

163 324 252 351 miser
267 322 327 355 ille,
345 322 497 357 imposque
514 322 620 348 mentis
638 329 704 348 cum
723 321 849 356 primum
863 323 984 356 asepte-

163 369 243 395 nario
273 367 462 394 diaeonorum
488 374 609 393 numero
636 365 796 401 digressus,
821 365 984 401 virgineum

161 420 278 448 quoque
312 415 416 439 castum
442 411 632 445 corrupisset,
663 418 695 437 eo
735 410 810 445 quod
849 410 984 437 adulterae

160 457 348 491 scclcstaaque
365 455 481 482 mulieri
513 463 576 482 sese
606 456 725 482 uxorius
747 455 983 489 addixeret,j:tm

162 510 256 537 neque
272 503 383 536 septem
415 500 534 535 collegis
564 500 724 535 quidquam
749 499 984 534 impertiebatur,

162 554 256 581 neque
275 546 427 572 viduarum
454 552 555 571 curam
589 544 715 579 amplius
746 552 843 579 gerere
860 543 983 576 volebat,

161 592 220 618 imo
249 599 315 618 vero
344 590 483 617 smculum
516 598 632 625 quoque
661 589 731 615 illud
756 592 889 615 octavum
907 589 984 623 quod

160 636 243 662 nobis
260 636 417 670 aliquando
428 642 634 661 successurum
652 636 708 663 est.
725 634 948 669 aspernabatur.

197 684 300 708 Eorum
329 688 424 715 porro,
455 680 502 714 qui
525 679 653 706 Gnosiiei
672 680 739 705 dicti
757 683 837 711 sunt,
856 678 985 705 actiones

159 728 186 752 et
203 725 355 760 priesligiaa
370 726 450 751 tanta
465 724 672 760 spnrcitiarum
690 731 870 758 omnegenus
887 722 985 749 illuvie

160 770 285 797 infames
302 771 463 803 evaserunt,
482 771 513 795 ut
530 777 585 803 prae
603 768 661 795 illis
683 768 744 803 ipse
768 767 983 802 turpitudinum

163 815 303 849 magister
318 813 453 840 diabolus
470 813 611 840 honestus
627 812 717 839 videri
736 812 834 847 possit.
861 811 985 838 Proinde

163 860 199 886 al.
233 858 400 893 hujusmodi
433 857 588 884 Camarina
613 857 755 884 movenda
780 856 984 891 supersedens,

162 903 257 938 iisque
273 904 343 929 adeo
361 902 570 933 describendis,
587 910 651 936 quia
669 901 762 928 modis
781 900 918 928 omnibus
936 901 984 927 de-

161 948 297 975 testanda
310 948 405 982 juxta,
423 949 537 981 Deoque
554 946 761 981 ingratissima,
779 945 981 980 designarunt,

158 992 302 1019 haereseos
332 991 474 1019 Gncsticae
499 990 658 1018 lectoribus
684 993 784 1018 auctor
810 990 925 1023 fuerim,
952 992 984 1017 ut

159 1037 292 1064 Ithacum
305 1037 394 1064 heroa
409 1036 515 1063 imitati
537 1044 622 1063 aures
643 1044 711 1062 suas
734 1044 798 1062 cera
817 1036 981 1069 obstruent,

161 1090 217 1109 non
235 1090 267 1109 eo
295 1082 425 1116 quidem,
455 1089 512 1116 quo
533 1080 682 1116 Syrenaaos
708 1081 843 1107 modulos
865 1082 981 1115 praster-

160 1127 312 1159 vehantur,
340 1126 390 1154 sed
419 1133 454 1152 ne
483 1133 550 1152 cum
580 1125 702 1152 auribus
728 1127 756 1152 et
776 1125 981 1160 linguaipsam

162 1179 277 1206 quoque
292 1171 403 1206 γνῶσιν,
419 1170 476 1197 hoc
487 1172 541 1202 est,
558 1170 699 1197 rationem
717 1174 743 1198 et
760 1169 981 1205 intelligentiam

160 1218 368 1252 censpureent,
393 1216 463 1243 dum
489 1215 586 1243 faciles
610 1224 695 1243 aures
716 1215 752 1242 iis
769 1215 899 1250 legendis
915 1224 984 1251 prm-

160 1262 239 1294 bent,
257 1270 320 1296 quae
350 1269 404 1289 sua
431 1261 581 1296 impietate
610 1260 771 1296 quamlibet
801 1260 981 1296 impietatem

160 1305 262 1333 multis
278 1305 449 1341 parasangis
464 1308 650 1341 exsuperant.

497 1368 576 1395 CAP.
594 1368 643 1396 IlI.

159 1432 246 1459 Tertia
275 1431 397 1465 hreresis,
421 1432 716 1466 Garpoeratenorum:
744 1429 774 1457 hi
794 1430 980 1465 baptizaretur.

190 1494 377 1528 Curpocrates
407 1494 525 1527 quidam
554 1494 622 1527 (40),
654 1501 720 1520 cum
738 1495 835 1527 ageret
856 1493 883 1518 in
903 1492 981 1523 Asia,

157 1539 311 1573 spurcitiae
321 1546 502 1573 omnegenus
520 1537 558 1564 ibi
576 1538 683 1569 docuit,
704 1536 876 1571 nullumque
887 1536 982 1563 scelus

157 1582 351 1618 przrtermisit,
381 1583 465 1617 cujus
495 1590 552 1608 non
580 1585 658 1609 certa
683 1585 825 1616 prmecpta
840 1582 977 1613 traderet,
995 1596 1015 1627 C

157 1629 210 1655 hoc
224 1628 332 1660 addito,
359 1628 421 1654 lieri
445 1635 500 1653 non
518 1634 613 1661 pesse,
632 1629 663 1652 ut
679 1627 835 1661 quisquam
854 1626 921 1652 hinc
942 1627 977 1653 ad

158 1680 330 1703 supremum
361 1671 466 1698 cmlum
489 1671 685 1703 transcendat,
703 1671 757 1697 nisi
776 1679 806 1697 se
823 1671 903 1705 prius
920 1679 982 1705 pec-

160 1716 231 1743 catis
254 1716 390 1742 omnibus
418 1715 605 1747 immerserit,
632 1716 855 1750 dteinonumque
884 1715 982 1742 volun-

160 1761 210 1787 tati
237 1760 394 1787 obsecutus
423 1760 517 1787 fuerit.
547 1760 666 1794 Nuptias
684 1769 767 1795 porro
783 1761 910 1794 abrogat.
930 1769 981 1787 nrc

160 1808 339 1832 mortuorum
358 1804 598 1831 resurrectionem
618 1805 755 1831 admittit.
775 1805 982 1839 Excogitarunt

159 1852 244 1879 etiam
275 1851 476 1886 Cirpocrateni
499 1850 729 1886 prmstigiuturas
755 1853 781 1877 et
806 1851 980 1877 incantatio-

159 1905 220 1930 nes,
238 1905 298 1929 qua:
312 1895 501 1922 dmmoniacis
521 1895 632 1921 artibus
659 1895 794 1922 erunibus
823 1903 982 1930 exsequen-

158 1942 203 1968 dis
224 1941 400 1968 sufﬁcerent.
435 1941 554 1975 lnsupcr
584 1943 611 1967 et
636 1940 765 1975 sigillum
783 1940 921 1971 cauterio,
940 1940 980 1966 vel

157 1986 294 2013 novacula
322 1986 363 2013 vel
397 1985 501 2013 subula
529 1985 691 2020 cartilagini
710 1985 789 2012 auris
805 1993 904 2012 eorum
924 1985 980 2011 im—

159 2031 333 2067 priniebant,
351 2039 422 2065 quos
439 2030 621 2065 deceperant,
641 2032 672 2057 ut
688 2029 742 2056 hoc
759 2029 866 2056 incidio
891 2033 980 2061 esset,

158 2085 239 2103 suam
259 2076 293 2103 ab
310 2076 369 2102 illis
391 2076 510 2102 haeresin
538 2074 731 2109 comprobari.
758 2074 838 2101 Unde
867 2074 979 2101 etMar-

157 2121 261 2147 cellina
278 2120 410 2155 quaedam
430 2121 464 2146 ab
494 2119 552 2146 illis
580 2120 698 2146 sedartai
723 2121 817 2145 Ronlze
837 2119 891 2145 sub
909 2119 972 2145 Ani-

157 2168 218 2192 ceto
248 2165 384 2200 episcopo
412 2167 554 2197 Romano,
587 2166 785 2190 matronarum
827 2163 980 2198 plerasque

157 2210 289 2236 eninde
307 2209 335 2235 in
353 2208 474 2235 haeresim
493 2208 616 2243 pellexit.
631 2209 747 2235 Slatuas
764 2208 850 2234 etiam
868 2208 979 2235 Christo

157 2256 185 2280 et
200 2253 297 2286 Paulo,
314 2253 372 2280 into
403 2253 490 2280 etiam
522 2253 700 2288 Pythagorea,
729 2252 898 2287 cmterisque
917 2252 979 2287 phi~

158 2299 287 2334 lOSuphlS
311 2299 438 2334 erigunt,
467 2306 540 2333 quas
570 2298 597 2323 in
623 2297 744 2324 occultis
760 2298 830 2325 locis
847 2299 979 2325 adorant.

160 2345 280 2380 insuper
295 2343 459 2371 Graecorum
477 2351 591 2377 quoque
609 2343 755 2377 mysteriis
774 2344 906 2369 utuntur.

998 2277 1019 2307 D

311 2408 450 2433 Hazreseos
466 2405 645 2441 praecedentis
661 2406 823 2440 con/utalia.

190 2469 240 2495 Hic
256 2468 445 2504 Carpocrates
462 2468 603 2495 haereseos
619 2467 786 2502 asperitate,
804 2475 868 2502 quae
885 2467 979 2493 varias

154 2514 182 2540 in
213 2513 363 2547 opiniones
392 2513 528 2544 dissecta,
559 2513 671 2539 sincero
704 2511 821 2547 pietatis
849 2511 977 2545 dogmati

155 2558 374 2591 adversabatur,
404 2558 498 2585 effecit
522 2560 553 2584 ut
577 2556 690 2591 ἀκάρπῳ
719 2556 771 2589 illi,
796 2556 849 2583 hoc
866 2559 910 2582 est
923 2559 977 2583 ste-

156 2603 200 2630 rili
217 2605 245 2630 et
272 2604 458 2630 infructuosae
488 2602 565 2636 ticui,
594 2602 728 2636 foliisque
761 2603 874 2627 tantum
892 2600 975 2627 luxu-

153 2647 249 2681 riunti,
276 2650 362 2682 atque
391 2647 490 2679 etiam,
521 2648 553 2672 ut
582 2647 621 2673 ita
650 2646 754 2678 dicam,
782 2645 851 2672 fonti
884 2645 975 2672 linum

152 2691 286 2727 ejectanti
293 2712 299 2724 ,
318 2690 487 2718 simillimus
503 2690 636 2717 evaserit.

187 2736 241 2768 Qui
261 2736 450 2771 turpitudinis
474 2735 650 2762 omnimodae
667 2738 768 2762 auctor
783 2738 809 2762 et
827 2734 976 2770 magister,

190 2821 246 2856 (40)
262 2820 336 2848 lren.
356 2820 406 2849 lib.
425 2829 444 2855 ι,
466 2829 527 2855 cap.
545 2819 589 2846 24,

809 165 965 196 NlCET/E
987 166 1136 196 CHONIA
1145 167 1206 196 T/E

1796 167 1884 197 1248

1043 232 1167 260 diabolis
1196 233 1281 260 etiam
1311 233 1447 261 virtutem
1478 233 1637 269 quamdam
1658 234 1790 267 ascribit,
1809 243 1879 270 quas

1043 277 1209 305 animarum
1236 278 1271 305 ad
1295 278 1384 305 caelos
1410 279 1544 306 ascensui
1568 279 1753 313 adversetur,
1770 287 1877 307 earum

1043 322 1199 357 imprimis,
1228 331 1291 358 quae
1319 323 1413 350 [mdes
1437 323 1466 350 in
1481 322 1611 350 actiones
1623 331 1654 350 se
1671 323 1795 351 minime
1814 332 1884 360 pro-

1041 365 1192 394 volverint.
1215 367 1267 399 Qui
1296 370 1392 394 tamen
1416 369 1534 394 tantum
1555 367 1649 403 abest,
1666 372 1697 395 ut
1711 368 1791 403 quod
1810 376 1880 395 ma-

1041 411 1118 437 xime
1148 411 1280 447 cupiunt,
1308 412 1341 438 ad
1373 414 1499 447 optatum
1529 412 1614 439 ﬁnem
1644 413 1817 448 perducant,
1844 415 1882 440 ut

1042 455 1127 482 etiam
1157 455 1324 491 ingressum
1355 456 1383 482 in
1414 464 1518 491 porcos
1552 457 1606 484 sibi
1631 457 1757 484 liberum
1775 458 1842 484 dari
1863 466 1882 485 a

1041 502 1099 527 Deo
1126 503 1167 527 et.
1184 500 1302 528 homine
1331 501 1447 529 Christo
1475 501 1621 536 petierint,
1650 510 1702 529 nec
1732 502 1823 529 iidem
1845 502 1880 530 in

1043 544 1162 577 bubilia,
1186 548 1213 572 et
1239 545 1325 572 ovilia
1348 546 1425 580 Jobi,
1450 554 1502 573 nec
1519 546 1547 573 in
1564 546 1660 581 ipsum
1678 547 1808 582 denique
1826 555 1880 574 ra-

1042 589 1117 616 biem
1149 598 1231 617 suam
1262 598 1393 618 exercere
1423 591 1479 618 alia
1507 591 1569 626 lege
1609 591 1782 626 permissum
1815 594 1878 624 est,

1041 643 1127 670 quam
1146 636 1217 670 quia
1242 636 1279 662 ita
1310 636 1413 663 divinas
1444 637 1592 663 decretum
1614 637 1808 672 providentia
1828 638 1876 665 fe-

1043 679 1133 707 rebat.
1165 679 1289 712 Quinam
1322 689 1385 708 vero
1416 681 1464 707 alii
1481 689 1515 707 ex
1530 681 1589 708 alto
1606 681 1707 709 Cadere
1723 684 1877 717 tanquam

1042 724 1152 760 fulgur,
1169 734 1185 752 a
1200 725 1311 753 ChristL
1331 725 1385 753 visi
1402 728 1481 760 sunt,
1498 734 1587 762 quam
1605 727 1719 762 reprobi
1735 727 1878 762 spiritus,

1042 777 1141 796 eorum
1160 770 1294 805 princeps
1317 773 1450 804 Satanas,
1482 773 1619 806 tanquam
1640 771 1765 799 exterior
1781 772 1877 806 ignis,

1043 814 1159 849 pervigil
1176 815 1293 848 vermis,
1312 815 1502 851 gehennaqua
1527 824 1678 851 nunquam
1704 816 1845 844 desinens
1864 817 1879 844 ?

1041 859 1165 887 Proinde
1193 859 1258 887 novi
1287 860 1360 888 nihil
1391 861 1420 887 in
1446 869 1479 888 eo
1509 861 1675 896 designant,
1704 862 1781 896 quod
1814 870 1877 890 nu-

1042 904 1117 939 ptias
1145 904 1324 940 improbent,
1353 905 1381 932 in
1412 905 1565 933 libidinem
1591 906 1706 934 interim
1734 907 1877 935 difﬂuen-

1041 951 1096 982 tes,
1111 949 1244 985 nihilque
1265 958 1321 977 non
1352 950 1491 978 fcedilatis
1520 953 1569 978 aut
1595 953 1726 986 agentes,
1750 954 1803 978 aut
1819 960 1874 987 pa-

1042 993 1159 1021 tientes.

1078 1038 1157 1071 Quod
1185 1041 1282 1066 autem
1315 1039 1497 1074 Carpocratis
1526 1042 1683 1068 sectatores
1710 1041 1874 1076 haereseos,

1043 1082 1141 1118 sigilla
1156 1083 1301 1117 quaedam,
1317 1083 1478 1111 annulosve
1499 1084 1564 1111 imae
1582 1084 1782 1113 auricularum
1801 1094 1873 1121 pro-

1043 1127 1191 1154 minentia:
1208 1128 1346 1163 inﬁgunt,
1373 1128 1400 1155 in
1431 1137 1465 1156 eo
1480 1129 1669 1163 conveniunt,
1687 1139 1874 1167 prorsusque

1042 1180 1073 1199 se
1112 1175 1324 1200 consentaneus
1372 1176 1582 1208 protestantur,
1624 1175 1768 1209 serpentis
1805 1177 1876 1211 ejus

1041 1215 1164 1250 argutiis
1193 1218 1221 1243 et
1241 1215 1426 1251 iznposturis,
1455 1217 1505 1251 qui
1535 1216 1565 1244 in
1590 1217 1654 1244 Eva;
1669 1226 1771 1245 aurem
1785 1218 1874 1247 insu-

1042 1259 1178 1288 surravit.

1078 1305 1149 1331 Hinc
1163 1305 1241 1332 enim
1272 1305 1458 1341 perspicuum
1489 1306 1610 1334 omnino
1636 1306 1679 1340 ﬁt,
1700 1315 1791 1343 quam
1810 1309 1876 1336 sint

1040 1349 1149 1376 divinis
1193 1350 1344 1385 praeceptis
1383 1350 1545 1385 obstreperi
1588 1353 1616 1379 et
1656 1351 1874 1388 inobedientes,

1040 1402 1188 1429 quamque
1203 1393 1328 1421 alienam
1345 1395 1382 1422 ab
1401 1394 1548 1431 Ecclesiae,
1570 1398 1712 1431 tanquam
1737 1397 1873 1426 Paradisi

1039 1438 1170 1470 alterius,
1201 1439 1290 1473 septis
1319 1439 1458 1467 insistant
1482 1439 1569 1474 viam,
1595 1449 1684 1476 quam
1701 1442 1821 1477 quidem
1837 1444 1867 1470 in

1041 1484 1171 1511 fraudein
1204 1483 1294 1511 nostri
1325 1484 1438 1519 generis
1464 1487 1608 1520 auctores,
1624 1486 1703 1514 dicto
1720 1488 1863 1522 serpentis

1040 1529 1203 1562 audientes,
1220 1528 1416 1556 incurrerunt.

1377 1596 1457 1624 CAP.
1475 1598 1523 1625 ιν.

1107 1658 1211 1690 Quarta
1228 1657 1340 1685 hazreris
1359 1659 1497 1686 Valentini
1513 1661 1562 1686 est.
1580 1659 1617 1687 Ab
1632 1659 1683 1688 hac
1697 1663 1793 1688 autem

1249 1694 1437 1729 resipiscenles
1461 1695 1647 1729 baptizantur.

1071 1757 1219 1792 .iigyptius
1228 1757 1343 1785 natione
1350 1757 1523 1786 Valentinus
1531 1758 1599 1794 (’it),
1609 1760 1756 1787 Antonino
1765 1761 1865 1794 primo

1036 1802 1208 1836 iuiperanIE,
1225 1810 1290 1829 cum
1323 1802 1486 1829 Graecarum
1509 1803 1730 1838 disciplinarum
1748 1805 1869 1838 orbem,

1036 1854 1122 1880 quem
1149 1844 1389 1881 ἐγκυκλοπαιόείαν
1414 1846 1526 1882 dicunt,
1544 1848 1728 1882 absolvisset,
1747 1850 1874 1884 triginta

1036 1892 1116 1922 deos,
1146 1892 1326 1926 totidemque
1361 1892 1467 1919 saecula
1506 1895 1535 1920 et
1573 1893 1660 1920 erclos
1691 1894 1873 1931 introduxit,

1036 1936 1202 1970 quindecim
1222 1936 1360 1963 nimirum
1384 1936 1543 1969 masculos,
1569 1940 1597 1964 et
1626 1938 1794 1973 quindecim
1830 1942 1870 1968 le-

1038 1981 1141 2012 ininas,
1173 1989 1298 2015 quorum
1330 1981 1453 2008 masculi
1484 1990 1518 2009 ex
1547 1982 1667 2010 adverso
1685 1984 1868 2012 feminarum

1035 2027 1155 2052 starent.
1175 2025 1278 2051 Eorum
1308 2025 1425 2052 nomina
1450 2025 1500 2053 ille
1530 2029 1692 2062 percenset,
1716 2030 1836 2056 tametsi
1854 2038 1872 2057 α

1036 2078 1079 2097 me
1115 2070 1388 2103 preetcrmittuntur.
1420 2070 1502 2097 Hunc
1542 2079 1628 2106 porro
1671 2073 1869 2102 tricenarium

1035 2116 1155 2141 deorum
1174 2123 1329 2141 numerum
1348 2114 1502 2149 spirituale
1519 2115 1660 2150 pleroma,
1676 2116 1731 2144 hoc
1745 2120 1790 2144 est
1808 2119 1872 2153 ple-

1037 2159 1207 2190 nitudinem,
1236 2164 1314 2185 vocat
1352 2159 1475 2194 Bythum
1508 2168 1574 2187 vero
1608 2162 1704 2195 (quem
1739 2162 1868 2198 triginta

1035 2204 1139 2230 horum
1171 2204 1341 2230 saeculorum
1374 2206 1555 2239 propatorem
1587 2213 1636 2232 seu
1669 2214 1755 2233 avum
1783 2206 1872 2238 dicit)

1036 2248 1150 2275 saeculis
1179 2248 1317 2274 omnibus
1346 2248 1525 2275 invisibilem
1556 2251 1583 2275 et
1606 2249 1868 2285 incomprehensi-

1037 2292 1123 2319 bilem
1154 2293 1269 2319 aeserit.
1294 2292 1431 2327 Sophiam
1462 2295 1571 2326 autem,
1606 2302 1656 2321 seu
1683 2295 1867 2329 sapientiam

1036 2338 1133 2372 (quam
1165 2336 1277 2363 sacculis
1306 2337 1451 2372 accenset)
1481 2346 1515 2364 ex
1531 2346 1641 2370 amore,
1657 2347 1714 2374 quo
1731 2340 1865 2375 Bythum

1035 2384 1217 2416 propatorem
1237 2381 1477 2416 prosequebatur,
1499 2382 1669 2417 concepisse
1695 2385 1870 2421 subjunxit,

1035 2428 1121 2461 atque
1151 2426 1305 2453 informem
1336 2426 1533 2453 substantiam
1575 2428 1735 2462 peperisse,
1772 2437 1868 2464 quam

1035 2471 1136 2506 llylen,
1152 2479 1201 2498 seu
1221 2470 1384 2502 materiam,
1409 2471 1563 2498 nominat:
1590 2472 1755 2506 cujusmodi
1779 2479 1871 2509 partu

1034 2524 1099 2543 cum
1119 2515 1322 2546 indolesceret,
1339 2515 1375 2542 ad
1395 2518 1576 2550 propatcrem
1594 2524 1625 2543 se
1642 2517 1816 2552 contulisse,
1833 2524 1868 2548 et

1034 2561 1102 2595 quid
1122 2568 1207 2594 passa
1222 2562 1308 2592 esset,
1333 2568 1430 2587 coram
1457 2561 1641 2588 renuntiasse
1652 2562 1734 2589 addit
1751 2571 1757 2590 :
1775 2563 1868 2599 eique

1033 2605 1179 2639 supplices
1216 2604 1322 2631 [Eonas
1355 2612 1472 2639 quoque
1499 2604 1639 2639 reliquos,
1671 2614 1720 2633 seu
1752 2609 1868 2637 saecula

1034 2651 1130 2684 presto
1147 2649 1276 2675 adfuisse
1291 2651 1502 2675 commemorat
1514 2649 1575 2676 :eui
1594 2658 1660 2677 cum
1682 2652 1869 2686 pepercisset

1033 2693 1153 2728 Bytltus,
1175 2693 1333 2719 terminum
1356 2701 1422 2719 mox
1442 2701 1508 2720 cum
1525 2693 1629 2726 Philia,
1647 2703 1697 2721 seu
1714 2697 1865 2730 amicitia,

1033 2738 1155 2772 conjuge
1169 2738 1332 2769 constituit,
1364 2745 1450 2772 quem
1480 2738 1598 2772 quidem
1620 2739 1778 2767 terminum
1796 2749 1868 2769 eru-

1068 2821 1124 2857 (42)
1136 2821 1209 2849 Iren.
1226 2822 1277 2850 lib.
1294 2830 1312 2856 ι,
1329 2829 1391 2856 cap.
1407 2823 1432 2849 1.
