4052 6440
372 443 527 502 1249

1684 426 2084 488 THESAURI
2130 423 2277 482 LIB.
2326 420 2425 481 1V.

3637 421 3799 481 1250

367 590 493 631 cem
528 574 809 640 nominat,
841 569 1074 642 aliaque
1130 567 1397 624 fabulosa
1446 565 1685 621 nomina
1715 560 2018 634 confingit.
2051 555 2662 625 Aconsummalionem
2728 554 2917 610 saeculi
2982 552 3050 609 ⁵⁸.
3107 558 3184 608 De
3244 552 3593 608 universatis
3654 552 3796 606 item

372 664 514 718 Hinc
565 660 828 732 subjicit,
883 657 1384 731 quemadmodum
1425 654 1790 725 Unigenitus,
1843 649 2020 706 nimi-

370 769 502 808 rum
555 752 842 816 Christus,
906 754 966 805 et
1015 747 1271 819 Spiritus
1326 750 1590 812 sanctus,
1638 741 1883 799 consilio
1915 744 2019 793 Pa-

370 843 477 897 tris
535 844 605 896 ad
640 838 986 897 saeculorum
1035 836 1414 893 securitatem
1469 833 1795 905 propositus
1830 829 2021 884 fuerit.

368 932 463 987 Ait
518 931 675 986 enim
707 946 742 984 a
772 928 996 984 Christo
1057 926 1271 982 saecula
1321 924 1618 991 didicisse,
1664 922 1818 992 quod
1864 924 2028 974 Pater

370 1014 984 1089 incomprehensibilis
1007 1018 1163 1069 esset
1188 1033 1204 1081 ;
1228 1014 1513 1083 Spiritum
1534 1016 1730 1066 autem
1755 1012 2026 1064 sanctum

370 1107 763 1180 aqualitatem
822 1102 1053 1160 saaculis
1107 1119 1236 1159 esse
1296 1101 1597 1173 largitum.
1645 1100 1789 1153 Cum
1831 1102 2027 1152 autem

372 1197 619 1271 quilibet
632 1197 687 1251 in
704 1194 895 1251 mediu
910 1212 963 1248 m
978 1210 1177 1265 quiscu
1191 1208 1362 1264 mque
1378 1190 1768 1262 pulcherrima
1786 1186 2030 1243 habebat

370 1286 735 1352 contulisset,
764 1284 1130 1355 propositum
1158 1281 1602 1345 idcircofJesum
1628 1279 1830 1343 fuisse,
1854 1292 2028 1347 quem

376 1376 556 1430 Deum
608 1389 843 1446 quoque
892 1373 1278 1438 Servatorem,
1313 1369 1631 1435 Christum,
1677 1372 1734 1423 et
1772 1365 2027 1420 Verbum

370 1464 697 1531 nominant,
767 1478 902 1517 cum
961 1477 1077 1532 quo
1131 1459 1351 1531 angeli,
1407 1464 1689 1528 tanquam
1749 1453 2033 1510 satellites

373 1553 588 1608 hastati
618 1550 904 1606 venerint.
956 1549 1064 1614 Qui
1100 1547 1389 1603 Valentini
1432 1546 1677 1601 haeresin
1710 1548 2030 1607 sectantur,

375 1650 742 1695 mortuorum
801 1636 1318 1700 resurrectionem,
1370 1640 1426 1690 et
1473 1634 1655 1689 Vetus
1694 1634 2030 1689 Testamen-

372 1735 501 1785 tum
545 1729 908 1800 improbant,
939 1732 996 1782 et
1054 1725 1318 1798 quamvis
1352 1724 1670 1797 Prophetas
1718 1722 1933 1794 legant,
1968 1737 2036 1775 ea

374 1825 572 1875 tamen
607 1820 900 1873 duntaxat
932 1816 1277 1882 admittunt,
1329 1830 1459 1886 quae
1489 1816 1739 1885 possunt
1768 1811 2034 1867 absolute

374 1910 442 1964 ad
477 1924 647 1964 suam
671 1907 933 1978 ipsorum
966 1905 1211 1960 hieresin
1247 1903 1601 1973 detorqueri.

452 1997 625 2052 Aiunt
653 1996 908 2067 denique
938 1995 1238 2049 Christum
1272 2010 1306 2047 a
1338 1992 1531 2063 seipso
1565 2007 1780 2062 corpus
1812 2006 2042 2044 assum-

381 2087 590 2160 psisse,
623 2092 680 2142 et
714 2102 817 2157 per
847 2085 1079 2140 beatam
1137 2082 1465 2155 Virginem,
1505 2097 1617 2136 non
1667 2096 1839 2135 secus
1872 2083 2047 2148 atque

367 2193 480 2246 per
508 2174 796 2242 canalem,
826 2173 1200 2229 transivisse.

713 2309 981 2362 Hzrcscos
1008 2305 1368 2378 praecedentis
1407 2304 1727 2374 confutatio.

468 2438 847 2503 Posteaquam
909 2450 942 2488 a
1008 2437 1178 2489 Patre
1240 2430 1530 2487 mendacii
1598 2430 1834 2484 doctore
1889 2427 2053 2481 fabu-

391 2523 550 2580 losas
583 2541 766 2593 nugas
795 2522 1142 2578 Valentinus
1167 2521 1492 2589 didicisset,
1519 2537 1623 2575 sua
1657 2518 1838 2574 solius
1862 2520 2051 2570 aucto-

393 2614 565 2668 ritate
614 2611 901 2684 principia
958 2610 1286 2677 constituit,
1348 2611 1485 2665 deos
1534 2620 1590 2663 et
1650 2607 1860 2662 saecula
1908 2622 2052 2660 con~

393 2701 560 2756 finxit
616 2700 1125 2770 delirantibusque
1178 2698 1514 2754 hominibus
1587 2697 1845 2751 tradidit.
1906 2700 2052 2749 Nam

394 2807 527 2845 cum
585 2791 766 2845 Graeci
836 2788 1181 2858 multorum,
1242 2787 1462 2843 Hebraei
1513 2803 1644 2842 vero
1715 2787 1893 2841 unius
1953 2785 2053 2838 do-

403 2880 687 2934 minatum
724 2879 992 2949 probent,
1025 2883 1082 2933 et
1110 2884 1479 2946 venerentur,
1512 2892 1736 2946 nosque
1768 2877 1908 2931 adeo
1942 2875 2054 2946 ipsi

401 2972 653 3036 Patrem,
708 2967 943 3032 Filium,
977 2972 1034 3022 et
1092 2965 1376 3038 Spiritum
1438 2971 1707 3022 sanctum
1755 2965 2053 3021 colamus:

401 3056 493 3111 hic
541 3057 797 3112 tricenos
832 3055 993 3121 deos,
1034 3056 1289 3111 tricenos
1339 3054 1537 3122 cmlos,
1570 3055 1796 3110 tricena
1845 3053 2058 3109 saecula

399 3147 599 3210 tradit,
676 3146 823 3217 ipsis
882 3151 1038 3200 certe
1094 3144 1310 3199 Graecis
1367 3143 1426 3198 in
1464 3142 1759 3213 superﬂua
1813 3143 2052 3197 deorum

393 3234 769 3290 multitudine
828 3233 1212 3306 excogitanda
1263 3231 1448 3288 multo
1496 3232 1883 3287 ambitiosior.
1927 3233 2052 3287 Im-

397 3324 605 3396 primis
666 3332 859 3377 autem
911 3321 1567 3393 incomprehensibilem
1620 3323 1936 3393 quemdam
1998 3286 2128 3377 etCl

397 3414 754 3469 invisibilem
814 3413 1061 3485 Bythum
1123 3411 1468 3467 saeculorum
1524 3416 1839 3466 creatorem
1891 3428 2049 3466 com-

398 3508 655 3569 mentus,
702 3520 834 3557 cum
889 3500 1166 3556 nonnulis
1208 3499 1360 3570 aliis,
1416 3517 1546 3571 quae
1593 3505 1820 3556 tantum
1865 3501 2050 3566 abest,

399 3602 458 3649 ut
489 3592 753 3665 dignosci
796 3595 1033 3662 queant,
1068 3606 1202 3645 cum
1239 3590 1415 3660 digna
1447 3589 1587 3653 sint,
1644 3605 1773 3660 quas
1803 3589 1857 3643 in
1910 3589 2052 3645 obli-

398 3683 589 3738 vionis
624 3679 810 3756 βυθόν,
844 3699 943 3737 seu
992 3680 1470 3752 profunditatem,
1522 3679 1940 3751 demerguntur
1969 3681 2052 3734 sic

398 3772 636 3828 tandem
671 3771 728 3825 in
762 3770 973 3825 Christi
1009 3769 1364 3825 mentionem
1398 3767 1582 3824 obiter
1612 3768 1836 3837 incidit,
1868 3784 2053 3839 eaque

399 3861 470 3916 de
501 3860 598 3916 illo
632 3867 849 3925 narrat,
881 3876 1008 3931 quae
1058 3858 1129 3913 ab
1170 3856 1509 3914 orthodoxis
1542 3857 1972 3929 improbantur,
1997 3860 2054 3912 et

399 3967 465 4005 eo
515 3950 754 4004 demum
816 3947 1160 4020 prolabitur,
1212 3951 1277 4002 ut
1325 3946 1813 4003 resurrectionem
1859 3951 2051 4018 neget,

400 4055 506 4093 nec
552 4038 607 4093 id
642 4054 784 4094 sane
839 4037 1152 4092 immerito.
1206 4037 1270 4092 Ei
1304 4035 1482 4105 enim,
1514 4037 1608 4107 qui
1649 4037 1909 4092 veritatis
1960 4035 2055 4089 ad-

398 4127 674 4184 versariis
725 4129 996 4199 dogmata
1053 4143 1115 4182 se
1160 4125 1598 4197 propositurum
1650 4125 2052 4196 profitebatur,

400 4220 546 4275 ﬁdes
577 4216 692 4273 alia
735 4217 861 4289 lege
895 4233 1006 4273 non
1040 4221 1162 4271 erat
1219 4215 1505 4279 habenba,
1539 4230 1718 4286 quam
1752 4215 1800 4270 si
1852 4232 2052 4270 resur-

399 4310 719 4366 rectionem
772 4310 1130 4379 antiquaret,
1190 4310 1248 4362 et
1302 4322 1371 4361 ex
1427 4306 1849 4377 consequentia
1889 4307 2054 4376 judi-

398 4402 555 4457 cium
610 4416 843 4473 quoque
902 4397 1179 4469 rejiceret.
1262 4396 1407 4451 Hinc
1478 4396 1620 4451 adeo
1683 4396 2051 4452 mendacium

397 4490 496 4547 ille
544 4508 717 4547 suum
767 4490 849 4546 ita
879 4487 1228 4561 praestruit,
1263 4491 1326 4542 ut
1355 4490 1517 4542 extra
1562 4503 1795 4542 onmem
1852 4503 2047 4557 repre-

398 4582 701 4639 hensionis
734 4580 920 4637 aleam
956 4578 1214 4652 positum
1259 4576 1587 4632 videretur:
1646 4593 1752 4632 nec
1785 4577 2050 4645 advertit,

2132 647 2249 702 Deo
2282 644 2402 699 haec
2433 643 2545 699 alio
2576 644 2637 698 in
2696 643 2822 699 loco
2867 645 3074 698 beatus
3108 643 3261 698 idem
3301 642 3583 697 Davides:
3625 643 3663 696 Α
3695 658 3799 696 sw-

2131 735 2252 790 culo
2301 738 2353 788 et
2407 748 2576 804 usque
2628 734 2689 789 in
2746 733 3007 788 saeculum
3055 740 3114 787 tu
3171 748 3225 788 es
3264 731 3330 799 99,
3385 748 3485 803 pro
3535 748 3599 787 eo
3640 732 3795 801 quod

2135 827 2224 880 est
2251 841 2263 878 :
2298 822 2593 895 Principio
2613 827 2670 877 et
2697 823 2811 877 ﬁne
2833 838 3017 877 cares.
3044 822 3312 887 Proinde,
3342 823 3482 894 quia
3514 820 3796 876 saeculum

2136 912 2511 968 intervallum
2545 912 2841 983 quoddam
2875 911 3191 981 signiﬁcat,
3226 927 3295 965 ne
3343 911 3477 981 quis
3509 910 3685 965 stulte
3715 927 3801 964 ar-

2138 1002 2392 1057 bitretur
2428 1001 2611 1056 Deum
2660 1002 2918 1056 universi
2967 1004 3103 1056 ante
3153 1000 3365 1056 saecula
3426 1017 3540 1056 non
3591 1001 3796 1069 fuisse,

2140 1089 2255 1145 alio
2300 1089 2360 1143 in
2409 1089 2638 1144 Pssimo
2688 1089 2838 1144 idem
2881 1088 2977 1143 ille
3027 1088 3318 1159 Propheta
3349 1089 3434 1143 sic
3464 1089 3581 1143 ait:
3617 1090 3809 1144 Exau-

2139 1179 2228 1234 die
2264 1183 2430 1246 Deus,
2475 1184 2527 1234 et
2567 1177 2892 1234 humiliabit
2922 1177 3070 1245 illos,
3124 1178 3220 1248 qui
3257 1184 3339 1233 est
3369 1182 3496 1233 ante
3527 1178 3727 1232 saecula
3764 1177 3801 1232 '.

2140 1269 2424 1331 Quocirca
2474 1268 2575 1339 qui
2639 1267 2917 1334 universi,
2969 1267 3122 1323 idem
3184 1266 3528 1322 saeculorum
3565 1283 3802 1339 quoque

2141 1356 2410 1413 conditor
2471 1362 2582 1424 est,
2644 1374 2758 1412 non
2820 1356 3053 1413 illorum
3119 1356 3355 1427 quidem
3429 1356 3689 1425 turpium
3746 1359 3804 1408 et

2144 1446 2459 1516 copulatim
2509 1447 2914 1509 conﬁctorum,
2971 1448 3068 1501 sed
3123 1462 3349 1511 eorum,
3383 1445 3597 1514 quibus
3630 1445 3809 1499 inter-

2142 1535 2365 1591 vallum
2398 1536 2700 1605 quodlibet
2731 1534 3120 1607 signiticatur.
3152 1537 3277 1601 Qua
3308 1535 3546 1605 quidem
3582 1533 3805 1588 ratione

2147 1624 2349 1679 beatus
2406 1624 2502 1680 ille
2555 1623 2771 1680 Paulus
2831 1624 3164 1685 adducitur.
3226 1629 3290 1677 ut
3330 1623 3557 1678 Patrem
3616 1626 3673 1676 et
3730 1622 3813 1675 lii-

2145 1711 2290 1768 lium
2339 1714 2687 1769 saeculorum
2720 1719 3039 1768 creatorem
3080 1729 3207 1768 esse
3241 1712 3396 1768 dicat
3418 1730 3436 1767 :
3470 1697 3698 1766 Eccutus
3729 1720 3813 1766 est

2144 1802 2324 1869 nobis,
2360 1801 2574 1873 inquit,
2610 1803 2672 1857 in
2704 1802 2844 1856 Filio
2875 1816 3033 1872 quem
3065 1802 3351 1856 constituit
3382 1800 3651 1856 hwiedem
3680 1799 3810 1854 uni.

2068 1906 2451 1989 Bversorum,
2510 1907 2608 1962 per
2665 1907 2824 1962 quem
2881 1892 3013 1960 fecit
3070 1897 3120 1945 et
3176 1890 3385 1946 saecula
3442 1889 3483 1944 ³.
3546 1889 3805 1944 Verbum

2152 1997 2349 2052 porro,
2394 1978 2547 2050 fecit,
2583 1979 2928 2034 saeculorum
2985 1979 3376 2033 substantiam
3421 1994 3532 2033 non
3565 1977 3810 2045 indicat;

2154 2072 2255 2125 sed
2321 2070 2717 2126 universitatis
2783 2075 2893 2125 Deo
2939 2070 3333 2140 antiquiorem
3384 2085 3622 2140 prorsus
3681 2086 3811 2123 esse

2154 2159 2472 2213 neminem.
2506 2158 2632 2213 Alio
2682 2159 2821 2213 item
2867 2159 2925 2212 in
2983 2158 3106 2212 loco
3154 2158 3237 2212 sic
3286 2157 3508 2212 habet:
3554 2158 3682 2227 Regi
3710 2171 3813 2213 sa?-

2153 2249 2405 2304 culorum
2436 2248 2773 2315 immortali,
2836 2246 3143 2313 invisibili,
3192 2246 3299 2303 soli
3349 2248 3474 2311 Deo,
3535 2247 3708 2303 honor
3763 2249 3819 2300 et

2155 2339 2361 2407 gloria,
2400 2338 2456 2392 in
2509 2337 2715 2394 saecula
2763 2338 3116 2393 saeculorum.
3158 2338 3326 2391 Amen
3355 2334 3395 2392 ³.
3434 2335 3559 2391 Non
3611 2340 3677 2391 ut
3706 2353 3819 2391 sa:-

2158 2433 2292 2484 cula
2347 2429 2633 2499 quaepiam
2694 2427 2988 2497 ostendat,
3053 2443 3181 2498 quas
3215 2443 3313 2496 per
3344 2442 3406 2482 se
3462 2426 3824 2496 subsistant,

2162 2518 2357 2572 suisve
2388 2518 2651 2572 nitantur
2705 2517 2953 2582 viribus,
2987 2517 3085 2572 sed
3131 2533 3383 2588 perenne
3433 2515 3534 2572 Dei
3567 2533 3810 2588 regnum

2161 2606 2450 2678 praedicet.
2494 2608 2650 2662 ldem
2698 2606 3011 2677 Apostolus
3044 2606 3180 2661 alibi
3215 2607 3297 2662 sic
3317 2606 3435 2662 ait:
3469 2606 3815 2677 Sapientiam

2159 2704 2341 2751 autem
2375 2698 2651 2768 loquimur
2678 2697 2834 2752 inter
2860 2697 3161 2767 perfectos:
3194 2697 3527 2768 sapientiam
3551 2712 3677 2752 vero
3708 2712 3817 2750 non

2160 2788 2357 2845 saeculi
2375 2789 2755 2860 hujus,neque
2772 2790 3090 2858 principum
3115 2786 3321 2846 saeculi
3349 2787 3513 2859 hujus
3541 2788 3639 2859 qui
3666 2786 3818 2842 dese-

2162 2883 2389 2942 runtur,
2413 2876 2503 2932 sed
2526 2877 2807 2947 loquimur
2826 2878 2924 2933 Dei
2937 2876 3279 2947 sapientiam
3304 2877 3363 2931 in
3384 2878 3667 2948 mysterio,
3693 2891 3822 2946 qua?

2160 2966 2485 3022 abscondita
2504 2969 2601 3032 est,
2623 2982 2785 3036 quam
2799 2966 3217 3037 prwdestinavit
3245 2967 3384 3021 Deus
3407 2970 3535 3021 ante
3553 2965 3755 3022 saecula
3779 2964 3820 3019 ι.

2233 3057 2365 3111 Jam
2423 3073 2581 3121 vero,
2617 3057 2666 3112 si
2717 3057 2911 3113 carnis
2962 3061 3280 3128 assumpta;
3331 3056 3674 3124 mysterium
3726 3074 3824 3111 sa:-

2165 3148 2335 3216 culis,
2390 3156 2451 3203 ut
2505 3148 2701 3204 divina
2739 3152 3032 3203 testantur
3071 3148 3327 3217 oracula,
3376 3147 3678 3218 antiquius
3709 3152 3818 3213 est,

2165 3244 2483 3294 extremam
2515 3238 2568 3292 id
2623 3237 2984 3309 impietatem
3020 3238 3234 3309 arguit,
3293 3237 3339 3292 si
3384 3236 3515 3308 quis
3569 3236 3823 3292 universi

2165 3327 2349 3382 Deum
2385 3326 2614 3383 saeculis
2640 3327 2938 3398 juniorem
2975 3327 3131 3381 dicat
3205 3326 3387 3382 Isaias
3419 3342 3651 3397 quoque
3686 3342 3824 3395 pro-

2163 3416 2340 3489 pheta
2390 3416 2474 3471 sic
2524 3415 2809 3473 exclamat
2855 3432 2869 3471 :
2920 3417 3063 3470 Deus
3115 3419 3487 3486 sempiternus
3536 3416 3825 3482 Dominus,

2163 3508 2260 3577 qui
2302 3505 2508 3561 creavit
2559 3508 2825 3560 terminos
2865 3511 3032 3562 terra:
3066 3504 3109 3561 ⁸.
3164 3505 3350 3560 Item:
3392 3507 3432 3559 A
3462 3504 3668 3561 sacculo
3717 3519 3828 3558 non

2163 3594 2501 3660 audivimus,
2533 3611 2632 3650 nec
2682 3595 2830 3651 oculi
2858 3597 3036 3650 nostri
3079 3596 3335 3650 viderunt
3370 3597 3562 3659 Deum,
3613 3597 3828 3662 praeter

2164 3692 2213 3739 te
2260 3682 2303 3739 ⁸.
2359 3688 2507 3739 Deus
2551 3684 2731 3755 igitur
2778 3683 3062 3738 universae
3112 3688 3331 3737 naturae
3392 3682 3660 3739 conditor
3734 3688 3827 3736 est

2164 3778 2298 3828 ante
2376 3770 2611 3838 saecula,
2689 3773 2808 3828 imo
2884 3771 3152 3827 extremis
3221 3772 3392 3826 etiam
3453 3770 3824 3842 temporibus

2166 3866 2375 3918 nostris
2435 3863 2666 3919 salutis.
2721 3867 2868 3935 Ergo
2919 3879 3037 3918 una
3086 3879 3154 3917 ex
3184 3861 3486 3917 Trinitatis
3530 3862 3820 3932 personis,

2164 3951 2507 4024 unigenitus
2544 3952 2825 4007 nimirum
2878 3952 3064 4007 Patris
3094 3956 3319 4020 Sermo,
3351 3966 3485 4006 cum
3535 3967 3599 4005 ex
3644 3950 3822 4021 virgi-

2167 4041 2292 4096 neis
2324 4042 2718 4113 sanguinibus
2754 4040 2867 4096 sibi
2898 4039 3182 4112 templum
3236 4039 3675 4106 exaedificasset,
3708 4040 3823 4093 du-

2165 4131 2376 4202 plicem
2411 4136 2708 4199 naturam,
2768 4147 2886 4185 non
2935 4134 3127 4185 autem
3189 4128 3554 4201 bypostasin,
3608 4127 3825 4183 habere

2162 4220 2325 4276 visus
2376 4224 2482 4276 est.
2544 4224 2841 4292 Carneque
2885 4218 3131 4274 indutus
3181 4236 3249 4274 ex
3303 4235 3534 4289 semper
3585 4217 3829 4288 virginis

2166 4314 2332 4364 utero
2365 4309 2561 4364 Mariae
2597 4309 2915 4380 processit:
2949 4325 3064 4364 non
3099 4313 3293 4363 autem
3343 4324 3442 4378 per
3474 4306 3658 4370 illam,
3689 4310 3822 4360 tan-

2164 4414 2343 4470 quam
2403 4415 2505 4468 per
2573 4396 2835 4453 canalem
2897 4398 3187 4465 transivit,
3250 4402 3314 4451 ut
3381 4397 3612 4467 impuro
3686 4394 3824 4449 huic

2166 4487 2474 4542 Valentino
2526 4487 2719 4542 visum
2768 4492 2877 4555 est,
2938 4487 3165 4542 cceleste
3216 4503 3415 4542 secum
3475 4503 3688 4557 corpus
3731 4486 3825 4538 de-

2167 4577 2380 4645 ferens,
2414 4575 2518 4631 sed
2576 4577 2734 4633 nuda
2764 4593 2900 4632 cum
2951 4576 3167 4633 deitate
3216 4574 3367 4630 illam
3401 4576 3664 4645 subiens,
3700 4590 3826 4645 pro-

399 4671 562 4744 (quia
608 4668 887 4726 nimirum
943 4667 1249 4741 lymphata
1279 4674 1470 4722 mente
1530 4666 1867 4737 ferebatur.)
1901 4668 2053 4738 quod
2085 4665 2131 4727 D
2165 4671 2230 4723 ut
2262 4666 2479 4723 Paulus
2537 4667 2665 4740 ipse
2715 4685 2951 4741 quoque
2991 4670 3156 4722 docet
3215 4669 3505 4738 apertius:
3545 4667 3648 4733 Qui
3690 4682 3824 4719 san-

398 4759 678 4817 saiculum
742 4757 903 4814 nulla
960 4755 1290 4813 substantia
1338 4753 1433 4822 sit,
1481 4771 1606 4825 quae
1638 4770 1741 4825 per
1770 4770 1832 4809 se
1863 4755 2052 4811 subsi-

395 4854 549 4905 stere
599 4858 794 4921 queat,
847 4849 947 4903 sed
1003 4846 1373 4902 intervallum
1425 4842 1720 4916 quoddam
1771 4843 2052 4917 temporis

395 4939 589 5010 index,
639 4937 784 4993 alias
833 4937 1073 5008 quidem
1127 4934 1426 5002 immensi,
1488 4949 1619 4988 cum
1676 4933 1746 4988 de
1780 4934 1893 4988 Deo
1944 4934 2051 4988 sci-

396 5025 531 5082 licet
560 5025 976 5082 ennuntiatur:
1008 5022 1157 5078 alias
1205 5030 1426 5088 contra,
1469 5022 1625 5092 quod
1658 5037 1789 5077 cum
1843 5022 2049 5076 mundi

396 5116 654 5174 fabrica:
707 5116 852 5172 alias
904 5113 1180 5185 denique,
1232 5113 1386 5183 quod
1437 5128 1569 5167 cum
1631 5111 1888 5166 humana
1936 5111 2052 5167 vita

395 5203 927 5263 commensurabile
958 5202 1057 5259 sit.
1088 5202 1167 5258 De
1217 5202 1289 5256 iis
1339 5200 1495 5256 enim
1528 5199 1760 5255 divinus
1822 5199 1918 5255 ille
1950 5205 2052 5257 Da-

393 5296 556 5352 vides
586 5296 667 5350 ita
698 5293 998 5365 loquitur:
1033 5291 1312 5349 Saeculum
1357 5292 1606 5346 nostrum
1655 5291 1715 5344 in
1757 5288 2052 5346 illumina-

397 5385 545 5441 tione
599 5383 786 5439 vultus
832 5384 915 5438 tui
954 5382 1015 5435 9".
1078 5381 1157 5436 De
1214 5380 1417 5435 mundi
1481 5395 1647 5450 porro
1699 5379 1919 5435 fabrica
1969 5381 2049 5435 sic

397 5473 683 5532 Dominus
714 5475 909 5545 inquit
944 5490 957 5527 :
992 5473 1125 5529 Ecce
1175 5486 1269 5541 ego
1300 5470 1573 5524 vobiscum
1622 5484 1743 5524 sum
1782 5485 1951 5541 usque
1981 5470 2051 5524 ad

468 5653 513 5691 ³⁷
546 5652 693 5709 Psal.
742 5668 966 5716 LXXXIX,
997 5652 1051 5717 8,
1196 5648 1242 5682 ⁸⁸
1284 5648 1489 5705 Matth.
1520 5662 1716 5716 xxvm,
1756 5649 1847 5705 20.

402 5730 425 5781 1
461 5727 610 5782 Tim.
645 5741 685 5792 1,
720 5723 805 5780 l7.
883 5722 951 5778 ⁴Ι
984 5722 1112 5780 Cor.
1147 5738 1209 5789 II,
1240 5722 1296 5790 7,
1320 5722 1373 5776 8.

1452 5662 1716 5727 i._xxvui,
1945 5722 1958 5727 Α
1997 5650 2044 5685 ⁹⁹
2089 5650 2242 5707 Psal.
2284 5669 2509 5727 Lxxmx,
2552 5654 2606 5707 9.

1450 5721 1474 5752 ⁵
1507 5721 1616 5776 Isa.
1653 5736 1744 5788 XL,
1772 5722 1860 5777 28.
1940 5722 1962 5756 ⁸
1993 5727 2107 5781 Isa.
2140 5740 2267 5789 va,
2298 5725 2386 5780 21.

2160 4758 2386 4828 ctiﬁcat,
2419 4767 2472 4815 et
2500 4757 2599 4830 qui
2643 4760 3088 4828 sanctiﬁcantur,
3123 4772 3193 4812 ea:
3222 4773 3331 4812 uno
3361 4771 3545 4811 omnes
3567 4774 3584 4811 :
3617 4772 3822 4827 quam-

2160 4849 2346 4904 obrem
2375 4865 2487 4905 non
2529 4848 2801 4904 erubescit
2853 4848 3056 4919 fratres
3085 4862 3172 4902 eos
3202 4845 3489 4917 appellere
3514 4847 3533 4880 ⁷
3570 4864 3581 4901 :
3628 4863 3819 4917 quan-

2161 4938 2473 5009 doquidem
2506 4938 2565 4993 in
2616 4937 2760 4994 cmlo
2796 4936 2941 4992 nihil
2982 4939 3071 4991 est
3113 4935 3386 4990 humanae
3441 4936 3822 5005 conditionis,

2161 5044 2265 5083 nec
2321 5027 2379 5082 in
2411 5027 2529 5083 vita
2559 5026 2680 5095 illa,
2713 5042 2838 5096 quae
2872 5041 3053 5097 supra
3108 5025 3468 5080 mundanam
3505 5025 3655 5081 hanc
3685 5027 3823 5081 sub-

2160 5117 2550 5187 lunaremque
2596 5116 2852 5187 degitur,
2904 5116 3005 5170 ubi
3064 5114 3190 5170 vitii
3244 5115 3448 5171 morbo
3507 5114 3670 5170 locus
3714 5122 3827 5171 est.

2166 5204 2269 5261 Ubi
2304 5221 2442 5278 ergo
2492 5204 2628 5260 mali
2681 5204 2829 5260 nihil
2888 5209 2998 5271 est,
3058 5202 3337 5275 nullaque
3367 5203 3495 5259 vitae
3551 5204 3824 5259 humanas

2162 5294 2422 5350 conditio
2453 5294 2681 5362 visitur,
2717 5293 2818 5365 qui
2864 5293 3009 5362 fieri,
3046 5310 3263 5366 quaeso,
3322 5292 3578 5364 potuisse
3635 5294 3827 5347 credi-

2162 5384 2276 5440 bile
2338 5389 2447 5451 est,
2511 5389 2573 5439 ut
2648 5385 2784 5439 inde
2838 5384 2947 5439 sibi
3009 5400 3222 5451 corpus
3284 5383 3607 5437 humanum
3668 5382 3825 5439 Deus

2163 5473 2488 5528 asciuerit‘?
2536 5489 2804 5544 quaenam
2860 5471 3034 5529 etiam
3088 5478 3310 5529 natura:
3354 5476 3569 5526 nostris
3618 5487 3823 5527 emen-

2757 5655 2773 5687 ¹
2817 5652 2970 5709 Psal.
3015 5668 3123 5721 Liv,
3163 5651 3252 5705 20.

2467 5725 2487 5760 ⁷
2520 5725 2694 5781 Hebr.
2749 5726 2930 5795 11,11.

3403 5652 3423 5685 ²
3457 5652 3628 5709 Hebr'
3675 5669 3713 5720 ι,
3769 5655 3822 5706 2.
