4052 6432
287 449 435 511 1251

1589 441 1900 502 ΝΙΟΕἸἘ
1940 433 2356 502 ΟΗΟΝΙΑΤΕ

3545 439 3714 504 1252

281 585 437 640 datio
497 580 857 654 expectanda
916 577 1141 646 fuisset,
1192 575 1240 631 si
1300 591 1429 630 cum
1492 579 1762 630 terrestre
1810 573 1932 628 ani-
1961 575 2099 643 Ain
2132 573 2376 630 Abrahae
2409 573 2790 631 tabernaculo
2822 577 3100 648 sumptus
3149 579 3259 642 est,
3295 576 3346 631 is
3387 591 3523 632 vero
3552 579 3715 633 sciat

284 673 401 729 mal
429 671 590 744 gravi
623 671 826 725 mox-bo
858 668 1168 732 laboraret,
1201 665 1358 721 aliud
1395 683 1428 720 a
1457 663 1790 720 cmlestibus
1840 663 1930 718 dio

185 787 188 790 η
283 777 634 832 versumque
649 759 901 814 divinam
921 757 1076 812 illam
1095 755 1559 811 commistionem
1579 752 1936 824 recepisset?

285 853 429 908 Nam
483 853 616 922 quis
669 855 948 918 aegrotum
1007 865 1212 904 sanare
1257 849 1452 919 queat,
1501 847 1612 902 nisi
1675 846 1933 900 membro

285 942 437 998 male
487 941 689 996 allecto
751 938 1229 1012 peraccommoda
1287 935 1512 990 medela
1558 931 1938 1016 applicetur?

283 1033 412 1086 Jam
457 1031 504 1085 si
536 1033 819 1100 aegrotum
868 1025 924 1081 in
973 1027 1142 1080 terris
1191 1030 1454 1096 agentem
1507 1025 1692 1079 virtus
1741 1022 1935 1078 divina

288 1120 612 1192 pertingere
645 1133 758 1172 non
819 1116 1126 1188 potuissm,
1163 1114 1384 1169 homini
1432 1117 1585 1168 certe
1626 1111 1769 1166 nihil
1805 1129 1936 1183 pro-

285 1212 495 1264 fuisset
519 1208 670 1262 circa
688 1222 754 1261 ea
786 1205 1080 1275 occupari,
1105 1219 1236 1275 quae
1269 1220 1337 1257 ne
1374 1202 1666 1257 tantillum
1700 1202 1931 1270 quidem

285 1298 491 1354 divinae
525 1295 756 1351 virtutis
793 1295 1163 1365 impertitum
1209 1297 1395 1346 erant.
1432 1294 1730 1346 Ccrterum
1765 1292 1802 1345 ii
1838 1289 1936 1360 qui

286 1394 555 1444 naturam
619 1390 874 1442 nostram
907 1383 1298 1439 conviciorum
1353 1381 1648 1453 plaustris,
1685 1385 1742 1436 et
1783 1379 1940 1434 velut

283 1495 313 1534 θ
344 1475 668 1548 proscenio,
705 1475 984 1540 lacerant,
1034 1473 1470 1542 nativitatisque
1521 1470 1806 1525 rationem
1840 1485 1937 1524 θει-

277 1564 663 1629 luutniantut‘,
716 1562 826 1617 hoc
907 1569 1015 1616 Deo
1077 1561 1416 1616 indecorum
1471 1558 1648 1614 fuisse
1701 1559 1832 1624 rati,
1881 1558 1940 1612 ut

279 1657 481 1712 eodem
516 1656 686 1708 modo
721 1667 834 1723 quo
865 1649 1119 1706 solemus
1154 1651 1278 1721 ip:-e
1311 1665 1545 1720 quoque
1578 1652 1938 1717 nasceretur,

279 1749 336 1800 et
378 1745 436 1798 in
492 1745 660 1798 terris
715 1747 1062 1809 versaretur,
1113 1739 1301 1793 sciant
1341 1739 1492 1809 apud
1547 1741 1728 1792 Deum
1778 1745 1940 1806 turpe

281 1831 426 1888 nihil
466 1831 706 1886 haberi:
759 1829 897 1883 vitio
943 1830 1227 1883 dunxatat
1275 1832 1531 1896 excepto,
1590 1831 1647 1882 et
1696 1827 1745 1882 si
1797 1825 1938 1898 quid

2040 681 2102 720 se
2133 681 2166 719 a
2197 673 2354 720 rec-ta
2383 665 2610 720 ratione
2633 661 2806 735 longe
2834 665 3122 720 aberrare.
3153 666 3512 736 Hujusmodi
3538 667 3712 723 enim

2041 753 2258 810 cibaria
2303 752 2649 810 videbantur
2707 754 2822 810 alio
2881 755 3140 826 quodam
3202 756 3376 812 modo
3436 757 3712 823 absumi,

2043 846 2141 915 qui
2175 847 2246 911 ei,
2284 862 2317 900 a
2347 861 2462 917 quo
2495 845 2815 918 absumpta
2847 850 3010 912 sunt,
3063 845 3401 917 incognitus
3434 863 3554 901 non
3587 851 3710 903 est.

2043 935 2203 1002 Quod
2238 933 2286 990 si
2337 936 2470 1006 quis
2503 932 2681 988 stulte
2745 936 3148 1006 incorporeum
3208 939 3481 990 naturam
3538 933 3716 992 hisce

2043 1039 2209 1079 usam
2271 1021 2502 1088 inferat,
2559 1021 2679 1078 illic
2741 1028 2894 1079 certe
2969 1037 3156 1094 neque
3217 1026 3433 1080 famem
3504 1041 3713 1096 neque

2043 1111 2199 1168 sitim
2234 1112 2510 1180 inveniat,
2558 1112 2650 1168 hic
2701 1126 2833 1168 vero
2880 1113 3227 1168 necessitate
3269 1111 3612 1169 affectiones
3651 1116 3718 1168 et

2044 1202 2337 1274 appetitus
2384 1201 2799 1272 hujuscemodi
2851 1201 3320 1266 concitabantur,
3371 1217 3483 1256 non
3541 1202 3712 1273 quod

2043 1291 2317 1347 divinitas
2363 1292 2672 1361 conjuncta
2707 1307 2919 1362 corpus
2946 1289 3048 1345 tali
3070 1291 3142 1344 ab
3161 1295 3418 1362 egestate
3436 1307 3717 1347 asserere

2046 1397 2159 1437 non
2195 1385 2393 1453 posset
2444 1380 2563 1453 (qui
2597 1380 2754 1436 enim
2805 1379 2980 1453 paulo
3031 1384 3157 1451 post
3201 1379 3553 1452 corporibus
3588 1382 3715 1436 im-

2047 1469 2458 1525 mortalitatem
2523 1467 2772 1541 largitus
2831 1473 2938 1538 est,
2999 1485 3178 1524 suum
3238 1468 3424 1542 ipsius
3479 1485 3713 1541 corpus

2047 1559 2232 1615 multo
2267 1558 2494 1614 facilius
2517 1559 2586 1614 ab
2605 1557 3033 1630 omniegestate
3047 1558 3446 1627 vindicasset),
3466 1561 3572 1615 sed
3597 1560 3716 1616 hoc

2043 1647 2126 1702 illi
2160 1649 2472 1713 concessit,
2514 1653 2578 1703 ut
2637 1648 2932 1718 propriam
2990 1653 3260 1704 naturam
3319 1649 3714 1722 perspicuam

2049 1739 2278 1794 iaceret.
2335 1737 2581 1793 Proinde
2649 1742 2938 1808 quotquot
3000 1737 3251 1794 haereses
3309 1738 3420 1794 hoc
3473 1740 3551 1794 ab
3603 1739 3714 1795 illo

2045 1834 2412 1897 assumptum
2459 1831 2763 1898 negarunt,
2801 1827 3095 1882 manifesti
3131 1827 3416 1882 mendacii
3452 1828 3709 1884 convin-

277 1923 348 1978 ad
382 1923 584 1976 vitium
651 1918 911 1990 proxime
961 1916 1201 1972 accedit.
1259 1916 1488 1974 Naturae
1521 1932 1692 1988 porro
1725 1920 1934 1970 nostra;
1969 1929 2014 1995 Β
2045 1920 2278 1970 cuntur.
2314 1915 2818 1978 Quemadmodum
2865 1915 3024 1971 enim
3058 1915 3175 1983 ille,
3207 1917 3446 1972 tametsi
3481 1933 3714 1988 corpus

277 2010 457 2067 series
500 2009 572 2065 ad
614 2007 792 2062 divini
837 2015 1014 2062 nutus
1057 2006 1366 2061 arbitrium
1429 2005 1736 2077 legemque
1783 2009 1934 2060 tem-
2042 2023 2070 2058 a
2109 2009 2292 2060 morte
2343 2005 2606 2060 immune
2652 2006 2896 2060 reddere
2945 2007 3172 2076 poterat
3215 2005 3374 2078 (nam
3411 2009 3590 2062 tertio
3644 2008 3710 2062 id

281 2104 516 2171 paratur
568 2095 740 2168 longe
807 2097 1058 2150 alienaa
1097 2095 1395 2150 calumnia
1427 2093 1547 2162 illa,
1579 2094 1673 2149 cui
1727 2093 1935 2148 vitium
2040 2111 2074 2150 a
2136 2099 2317 2150 morte
2371 2093 2465 2149 die
2509 2094 2804 2165 praestitit)
2852 2094 3107 2164 passioni
3159 2099 3355 2150 tamen
3402 2101 3462 2150 et
3519 2097 3710 2152 morti

276 2187 592 2244 obnoxium
633 2202 762 2242 esse
810 2183 976 2241 solet.
1022 2184 1254 2255 Alioqui
1287 2183 1337 2239 si
1387 2180 1526 2254 quid
1573 2183 1633 2237 in
1665 2183 1934 2238 humanm
2039 2184 2303 2254 objectit,
2337 2188 2402 2239 ut
2435 2184 2858 2240 incarnationis
2904 2184 3248 2258 mysterium
3300 2184 3706 2258 adimpleret:

279 2283 502 2334 natura
533 2275 751 2332 fabrica
800 2273 1351 2345 deprehenderetur,
1385 2275 1533 2349 quod
1579 2289 1694 2344 prae
1750 2273 1937 2342 turpl-
2040 2276 2123 2328 ita
2177 2274 2354 2330 etiam
2389 2274 2531 2337 fumi
2564 2274 2740 2342 idem,
2791 2275 2892 2337 siti
2949 2275 3137 2332 labori
3183 2279 3240 2332 et
3285 2292 3494 2344 somno
3524 2293 3712 2349 expo-

283 2368 484 2423 tuciiue
515 2370 571 2420 et
603 2365 932 2420 indecentia
963 2364 1104 2418 satis
1135 2367 1327 2418 tutum
1358 2379 1390 2418 a
1439 2360 1747 2418 calumniae
1777 2378 1932 2418 mor-
2040 2364 2178 2434 suit,
2215 2379 2284 2418 ne
2317 2363 2436 2418 ulla
2468 2364 2759 2419 mendacii
2789 2363 3249 2420 constabiliendi
3303 2383 3448 2421 ansa
3483 2367 3562 2420 iis
3593 2384 3706 2422 su-

283 2456 448 2511 sibus
502 2471 616 2510 non
669 2457 843 2524 esset,
900 2453 956 2507 in
1018 2457 1335 2508 creatorem
1397 2456 1550 2508 certe
1611 2451 1786 2522 culpa
1841 2465 1930 2506 re-
2039 2457 2317 2524 peresset,
2364 2450 2464 2522 qui
2514 2451 2571 2506 id
2631 2452 2921 2508 duntaxat
2967 2453 3312 2524 approbant,
3364 2454 3521 2526 quod
3581 2453 3705 2510 sibi

281 2546 590 2600 dundaret.
2036 2541 2284 2596 videtur.
2349 2541 2536 2604 Quare
2597 2544 2782 2597 fames
2839 2550 2893 2598 et
2941 2539 3091 2611 sitis,
3142 2539 3388 2616 insuper
3423 2547 3483 2598 et
3525 2542 3706 2599 labor

347 2635 593 2690 Proinde
661 2647 791 2688 cum
847 2631 906 2686 in
940 2631 1236 2687 nativitate
1286 2630 1502 2686 Christi
1547 2635 1746 2685 caetera
1782 2627 1931 2684 mira
2039 2636 2098 2686 et
2126 2647 2372 2687 somnus
2432 2631 2659 2686 Domini
2693 2645 2907 2703 corpus
2940 2629 3265 2688 humanum
3301 2648 3430 2689 esse
3475 2649 3703 2703 corpus

276 2723 515 2791 fuerint,
568 2737 751 2793 eaque
817 2722 982 2790 adeo,
1041 2738 1169 2793 quae
1224 2725 1411 2776 Deum
1471 2717 1924 2791 hautquaquam
2038 2727 2332 2792 arguunt:
2369 2721 2522 2792 quod
2555 2717 2791 2792 quidem
2839 2721 3298 2779 conﬁrmaturus
3345 2721 3551 2778 beatus
3597 2723 3701 2780 ille

277 2815 642 2879 dedecerent,
702 2811 788 2879 (ut
817 2811 1011 2865 carnis
1061 2810 1289 2882 absque
1338 2809 1560 2865 semine
1603 2808 1920 2879 generatio,
2036 2810 2252 2866 Paulus
2288 2811 2364 2863 ita
2397 2808 2720 2864 exclamat:
2782 2810 2924 2878 Quia
2961 2826 3086 2882 ergo
3112 2813 3276 2885 pueri
3317 2816 3700 2870 communica-

279 2917 590 2974 processus
645 2900 868 2970 absque
933 2899 1346 2971 corruptione:
1395 2900 1455 2954 ut
1503 2899 1707 2953 eadem
1742 2897 1925 2966 virgo,
2036 2909 2231 2956 verunt
2259 2903 2416 2956 carni
2444 2909 2495 2955 et
2526 2903 2810 2972 sanguini,
2844 2910 2896 2962 ct
2937 2903 3051 2972 ipse
3080 2901 3352 2956 similiter
3379 2905 3690 2975 participa-

275 3009 404 3063 qum
458 2995 682 3045 mater:
715 2989 870 3060 quod
903 2988 1105 3044 eadem
1151 2992 1353 3053 mater,
1386 3005 1514 3058 quae
1546 2987 1728 3059 virgo,
1766 2985 1926 3042 -citra
2032 2990 2111 3046 vit
2139 2991 2344 3046 eisdem
2374 3007 2387 3044 :
2419 2997 2478 3045 ut
2528 3007 2626 3060 per
2665 2991 2892 3044 mortem
2933 2989 3241 3046 destrueret
3282 3007 3432 3058 eum,
3462 2993 3557 3064 qui
3581 2992 3686 3047 Iu-

278 3080 456 3136 ullam
509 3078 856 3150 virginitatis
909 3078 967 3132 in
1023 3083 1194 3148 partu
1241 3077 1558 3146 jacturam,
1604 3075 1812 3130 fuerit:
1861 3083 1926 3130 ut
2034 3077 2192 3132 bebat
2234 3079 2434 3132 mortis
2465 3077 2768 3146 imperium
2815 3082 2865 3133 et
2899 3079 3157 3134 liberaret
3197 3093 3310 3145 eos,
3344 3082 3443 3152 qui
3487 3082 3683 3136 timore

271 3169 422 3224 Deus
438 3182 672 3224 carnem
698 3167 1091 3221 humanamin
1113 3166 1371 3220 essentia
1390 3163 1919 3236 personali,nonin
2030 3167 2232 3222 mortis
2262 3183 2360 3236 per
2407 3171 2578 3222 totam
2629 3168 2804 3222 vitam
2862 3167 3094 3223 obnoxii
3139 3178 3302 3224 erant
3353 3171 3611 3226 servituti
3640 3171 3690 3226 ⁸.

272 3274 520 3330 persona
541 3254 834 3311 essentiali
864 3253 1283 3325 assumpserit:
1313 3257 1378 3308 ut
1408 3258 1564 3308 tctus
1601 3267 1834 3323 semper
1859 3252 1913 3306 in
1950 3281 1992 3345 α
2032 3257 2253 3323 Quibus
2300 3262 2454 3313 certe
2485 3259 2674 3313 verbis
2725 3265 2996 3315 naturam
3055 3260 3128 3313 ab
3170 3259 3270 3316 illo
3313 3265 3692 3333 assumptum

269 3351 440 3402 Patre
466 3359 730 3411 manens,
755 3347 1024 3412 totusque
1047 3349 1256 3398 natura
1279 3346 1431 3398 Deus
1453 3341 1918 3407 existens,honio
1962 3341 1992 3345 “
2034 3347 2209 3402 fuisse
2240 3353 2438 3420 aperte
2489 3347 2764 3411 ostendit,
2815 3365 2945 3419 qua:
2987 3353 3197 3404 nostris
3251 3349 3571 3420 persimilis
3604 3369 3698 3406 es-

272 3449 507 3507 quoque
540 3438 750 3486 natura
773 3435 932 3486 totus
963 3431 1291 3487 exstiterit:
1327 3435 1391 3487 ut
1423 3448 1611 3502 neque
1642 3431 1921 3500 divinam,
2031 3437 2138 3492 set.
2167 3437 2328 3500 Quod
2361 3437 2408 3492 si
2443 3437 2577 3508 quis
2626 3437 3031 3506 hujuscemodi
3095 3438 3517 3494 vestimentum
3569 3458 3695 3496 non

273 3539 462 3594 neque
495 3521 816 3576 humanam
846 3521 1177 3576 detrectarit
1211 3525 1505 3588 naturam,
1539 3520 1642 3576 sed
1665 3537 1762 3576 eas
1795 3539 1926 3577 con-
2033 3526 2254 3598 probet,
2309 3527 2592 3582 Jacobum
2656 3525 3044 3596 patriarcham
3123 3525 3204 3583 ita
3261 3529 3689 3586 vaticinantem

274 3614 400 3669 fuse
425 3607 898 3680 commistimque
921 3611 1266 3680 conjunctae
1293 3611 1652 3682 servaverit),
1679 3613 1800 3666 tum
1827 3627 1921 3668 ve-
2030 3613 2232 3670 audiat
2257 3631 2270 3669 :
2305 3615 2532 3670 Lavabit
2564 3617 2622 3669 in
2649 3613 2778 3670 vino
2805 3615 3004 3670 stolam
3029 3631 3205 3681 suam,
3237 3626 3290 3672 ct
3315 3616 3374 3672 in
3407 3624 3698 3689 sanguine

271 3719 334 3758 ro
371 3701 455 3758 vel
493 3700 744 3757 maxime
771 3699 976 3755 eodem
1003 3717 1242 3772 prorsus
1277 3700 1468 3769 modo,
1494 3717 1610 3772 quo
1635 3703 1796 3757 nasci
1829 3718 1920 3756 so-
2031 3717 2155 3760 uvae
2200 3703 2435 3774 pallium
2493 3720 2654 3758 suum
2711 3703 2751 3758 ’.
2807 3705 3021 3759 Audiat
3076 3721 3210 3762 vero
3266 3707 3694 3764 beatissimum

270 3791 480 3860 lcmus,
511 3790 610 3846 ille
642 3804 872 3861 quoque
906 3794 1080 3844 natus
1115 3793 1204 3844 est
1241 3805 1309 3844 ex
1343 3788 1598 3862 Virgine,
1649 3805 1754 3843 nec
1789 3789 1922 3844 inde

269 3881 593 3953 quidquam
629 3875 938 3948 contraxit,
972 3880 1126 3951 quod
1163 3877 1262 3934 Dei
1295 3878 1656 3950 generatioui
1689 3881 1787 3934 aut
1840 3881 1922 3932 ἰιιε

268 3973 544 4026 decorum
593 3975 693 4026 aut
743 3967 1187 4024 dissentaneum
1249 3971 1422 4024 esset.
1477 3967 1624 4025 Nam
1657 3966 1708 4022 si
1752 3965 1918 4036 rubo,

275 4057 460 4116 sterili
511 4060 724 4131 planta
757 4075 885 4116 sese
924 4056 1228 4129 applicuit,
1273 4058 1524 4128 eiusque
1556 4055 1918 4112 adminiculo

269 4167 400 4208 cum
464 4149 620 4208 Moss
676 4149 1000 4208 collocutus
1057 4151 1166 4215 est,
1228 4145 1378 4203 nihil
1439 4149 1593 4202 certe
1653 4144 1767 4200 Deo
1826 4145 1915 4200 ina

268 4242 514 4312 dignum
586 4241 738 4308 fecit,
794 4241 842 4294 si
903 4253 1140 4293 summa
1199 4253 1304 4293 sua
1359 4233 1618 4292 bonitate
1673 4249 1916 4291 manum

267 4347 506 4386 suarum
543 4330 892 4401 figmentum
935 4324 1296 4394 inhabitans,
1353 4325 1526 4380 hocce
1577 4329 1742 4396 pacto
1803 4341 1916 4381 non

265 4425 498 4493 gentem
559 4435 765 4488 unam,
818 4433 1068 4488 eamque
1124 4416 1438 4483 modicam,
1492 4415 1562 4470 ab
1619 4417 1914 4489 [Egyptio-

263 4525 394 4565 rum
432 4525 606 4564 manu
659 4507 946 4573 liberavit,
996 4503 1097 4562 sed
1133 4505 1422 4560 mundum
1477 4504 1806 4562 universum
1843 4506 1913 4561 ad

263 4605 584 4655 creatorem
626 4599 798 4653 Deum
835 4593 1204 4656 converterit,
1228 4597 1286 4650 et
1316 4611 1350 4649 a
1372 4593 1704 4650 daemonum
1733 4595 1915 4651 domi-

268 4690 366 4745 nio
397 4687 732 4745 asseruerit.

334 4777 464 4833 Jam
498 4778 698 4833 divina
725 4775 1128 4831 incarnatione
1162 4772 1268 4828 hoc
1295 4773 1466 4828 modo
1491 4773 1912 4840 demonstrata,

265 4884 389 4936 age,
423 4867 755 4922 divinorum
809 4861 1184 4919 oraculorum
1243 4861 1602 4917 testimoniis
1661 4863 1809 4932 freti,
1845 4865 1916 4919 ab

262 4956 570 5011 incarnato
606 4955 702 5011 Dei
734 4955 926 5010 Verbo
949 4967 1162 5024 corpus
1195 4952 1514 5007 humanum
1539 4959 1916 5027 assumptum

266 5045 452 5100 fuisse
511 5043 1006 5100 demonstremus.
1067 5044 1148 5096 Ae
1198 5042 1454 5114 primum
1505 5042 1740 5112 quidem
1792 5060 1918 5100 cor-

265 5135 422 5207 poris
476 5133 838 5191 incunabula
887 5133 958 5188 ad
1012 5132 1380 5188 divinitatem
1435 5131 1688 5188 maxime
1745 5133 1917 5204 perti-

262 5222 502 5278 nebant.
574 5221 792 5278 Deinde
858 5221 1132 5292 butyrum
1201 5224 1259 5276 et
1345 5219 1482 5288 mel,
1551 5221 1704 5290 quod
1786 5221 1919 5278 Proe

263 5309 438 5381 pheta
492 5309 662 5383 longe
727 5311 862 5364 ante
933 5309 1214 5376 praedicit,
1277 5323 1501 5364 necnon
1583 5311 1916 5368 maternum

261 5399 370 5462 lac,
429 5402 487 5450 et
543 5395 758 5469 quaevis
807 5395 920 5450 alia
975 5395 1092 5449 cibi
1155 5400 1448 5469 potusque
1496 5397 1742 5467 species,
1794 5415 1918 5468 vas,

259 5499 377 5554 quo
407 5484 832 5554 exciperentur,
858 5484 916 5538 in
945 5481 1044 5538 illo
1075 5483 1254 5539 fuisse
1283 5486 1426 5540 satis
1457 5491 1734 5558 arguunt.

331 5570 494 5630 Quod
530 5573 578 5626 si
624 5573 820 5629 fatuus
850 5571 986 5645 quis
1028 5571 1228 5626 cibum
1279 5571 1444 5628 illum
1496 5575 1757 5646 objioiat,
1814 5579 1916 5650 qui

2031 3808 2264 3864 quoque
2321 3791 2564 3848 Paulum
2623 3791 3048 3849 eXclamantem
3095 3811 3108 3849 :
3163 3793 3431 3851 Habentes
3473 3799 3693 3868 itaque,

2026 3883 2253 3952 fratres,
2295 3881 2552 3951 ﬁduciam
2581 3881 2640 3935 in
2685 3881 2921 3938 introitu
2960 3889 3279 3942 sanctorum
3313 3885 3373 3940 in
3411 3886 3696 3958 sanguine

2026 3974 2171 4041 Iesu,
2215 3987 2383 4043 quam
2411 3971 2662 4026 initiavit
2695 3971 2853 4028 nobis
2901 3973 3049 4028 viam
3090 3989 3296 4031 novam
3324 3983 3377 4030 et
3407 3975 3698 4032 viventem

2023 4074 2127 4134 per
2157 4061 2425 4128 velamen,
2461 4059 2522 4116 id
2549 4069 2647 4128 est,
2681 4075 2778 4133 per
2806 4074 3030 4118 carnem
3055 4079 3236 4132 suam,
3269 4074 3322 4120 et
3349 4065 3696 4124 sacerdotem

2027 4164 2291 4219 magnum
2337 4167 2502 4224 super
2547 4150 2768 4207 domum
2825 4151 2943 4219 Dei,
3003 4154 3331 4212 accedamus
3378 4172 3505 4211 cum
3557 4172 3696 4215 vero

2025 4241 2186 4297 corde
2215 4239 2277 4296 in
2325 4239 2677 4312 plenitudine
2727 4241 2858 4312 ﬁdei
2889 4241 2954 4297 ίο.
3008 4243 3333 4300 Velaminls
3379 4243 3540 4300 enim
3585 4263 3696 4302 no-

2029 4329 2206 4398 mine,
2267 4329 2764 4400 quemadmodum
2817 4330 2979 4386 stolaa
3024 4336 3082 4386 et
3132 4331 3315 4404 pallii,
3350 4333 3698 4404 patriarcha

2025 4434 2258 4474 carnem
2293 4417 2481 4488 ipsius
2532 4413 2866 4494 appellavit.
2903 4419 3012 4475 Sed
3047 4421 3416 4493 superﬂuum
3447 4422 3698 4482 videtur

2026 4508 2074 4563 si
2102 4507 2370 4579 pluribus
2401 4506 2513 4562 hoc
2545 4507 2740 4564 verbis
2771 4507 3079 4580 eXplicem.

2095 4599 2244 4652 Nam
2276 4595 2364 4652 vel
2417 4596 2546 4668 ipse
2573 4597 2845 4653 Christus
2877 4597 3140 4672 seipsum
3175 4595 3434 4656 hominis
3466 4601 3692 4660 Filium

1951 4665 2001 4729 Β
2030 4689 2220 4742 vocat.
2253 4665 2548 4758 Apostoiis
2590 4688 2744 4742 enim
2783 4665 2998 4762 saepius
3045 4687 3158 4745 hoc
3201 4689 3476 4747 inculcat.
3508 4691 3698 4748 Futu-

2029 4791 2160 4831 rum
2212 4781 2324 4845 est,
2382 4780 2447 4831 ut
2493 4773 2682 4832 Filius
2753 4777 2992 4834 hominis
3041 4781 3310 4836 tradatur
3373 4784 3431 4838 in
3481 4797 3699 4840 manus

2029 4865 2340 4932 hominum,
2361 4869 2417 4920 et
2447 4866 2786 4937 interﬁciant
2815 4881 2940 4924 eum
2965 4872 3018 4924 et
3037 4871 3207 4926 tertia
3236 4870 3327 4927 die
3347 4881 3599 4942 resurget
3617 4871 3694 4929 ίι.

2029 4955 2094 5010 Εἰ
2125 4960 2322 5011 autem
2357 4956 2456 5026 qui
2489 4956 2657 5026 sequi
2690 4955 2951 5013 volebat:
2992 4957 3202 5030 Vulpes,
3254 4961 3468 5032 inquit,
3499 4965 3700 5034 foveas

2027 5045 2250 5112 habent,
2283 5047 2336 5100 et
2363 5044 2612 5099 volucres
2648 5043 2775 5100 caeli
2805 5045 2989 5114 nidos,
3022 5046 3200 5104 Filius
3229 5053 3416 5105 autem
3443 5049 3699 5110 hominis

2029 5149 2142 5189 non
2191 5133 2380 5198 habet,
2427 5133 2526 5188 ubi
2553 5137 2720 5205 caput
2761 5134 2994 5190 reclinet
3029 5133 3094 5190 ".
3129 5131 3199 5191 Et
3225 5138 3334 5193 hoc
3371 5137 3597 5196 Judasis
3626 5138 3696 5198 in

2029 5238 2096 5280 os
2147 5221 2396 5293 objecti:
2442 5223 2585 5290 Quid
2613 5237 2700 5277 me
2741 5223 3000 5292 quaeritis
3027 5225 3360 5297 interﬁcere,
3407 5227 3699 5287 hominem

2030 5312 2128 5384 qui
2145 5313 2437 5367 veritatem
2450 5310 2664 5367 locutus
2681 5327 2804 5367 sum
2816 5312 2968 5369 vobis
2981 5358 2994 5382 ,
3017 5331 3184 5386 quam
3203 5315 3401 5372 audivi
3417 5333 3456 5373 a
3480 5319 3590 5374 Deo
3605 5317 3652 5356 “
3664 5321 3699 5376 ?

2031 5402 2244 5457 Beatus
2301 5399 2618 5471 Apostolus
2649 5407 2844 5456 autem
2878 5401 2960 5458 ita
2981 5404 3198 5460 clamat
3232 5423 3246 5463 :
3283 5407 3431 5463 Unus
3461 5412 3610 5464 Deus
3641 5419 3700 5468 et

2026 5490 2304 5547 mediator
2329 5491 2429 5545 Dei
2451 5494 2504 5545 et
2525 5489 2812 5546 hominum
2828 5489 2892 5546 Μ.
2912 5491 3056 5549 Item
3085 5509 3098 5548 :
3127 5493 3268 5562 Quia
3290 5511 3388 5562 per
3413 5495 3701 5555 hominem

2027 5595 2192 5647 mors,
2223 5581 2274 5634 et
2300 5595 2402 5651 per
2428 5578 2713 5635 hominem
2742 5584 3074 5638 resurrectio
3092 5587 3441 5642 mortuorum
3470 5587 3535 5657 ιι,
3557 5605 3699 5658 pro-

331 5685 358 5718 ⁸
389 5681 562 5746 Hebr.
604 5714 668 5762 ιι,
704 5697 788 5751 14.
863 5695 888 5730 9
917 5695 1062 5752 Gen.
1107 5711 1256 5762 xle,
1293 5697 1379 5754 11.
1459 5699 1504 5736 ¹⁰
1534 5699 1678 5757 Heb.
1729 5720 1788 5772 ι,
1820 5703 1889 5769 49

347 5751 436 5803 20.
518 5759 564 5794 14
598 5767 772 5803 roum
824 5783 865 5803 ι.
921 5768 955 5803 ς
1059 5763 1290 5803 151nm-
1339 5784 1411 5803 νυ
1460 5769 1520 5803 θι

2036 5723 2090 5777 q.
2169 5703 2210 5740 “
2241 5703 2444 5763 Matth.
2493 5721 2587 5773 xx,
2622 5705 2709 5760 18.
2788 5705 2836 5743 ¹²
2873 5705 3082 5767 Matth.
3114 5723 3237 5776 vni,
3265 5711 3357 5769 20.
3434 5711 3482 5750 “
3517 5713 3698 5772 Joan.

251 5773 312 5824 ν»
347 5763 436 5803 κυ·
518 5763 564 5794 ¹⁴
597 5768 621 5824 Ι
646 5767 798 5824 Tim.
824 5783 889 5835 ιι,
919 5768 976 5823 5.
1059 5763 1106 5800 ¹⁵
1131 5767 1156 5819 I
1181 5766 1310 5822 Cor.
1337 5784 1434 5836 xv,
1460 5769 1550 5827 21.
