4052 6396
267 385 424 445 1253

1582 364 1988 431 THESAURI
2032 366 2185 429 LIB.
2233 368 2333 429 Π.

3530 374 3686 434 1254

267 525 464 590 pterea
494 515 668 571 etiam
704 527 901 569 semen
938 507 1178 564 Abrahae
1213 506 1618 586 universorum
1650 509 1820 569 Deus,
1853 503 1911 557 in
1945 500 1998 568 Α
2098 501 2242 565 Quin
2298 508 2354 557 et
2411 502 2618 558 beatus
2667 504 2981 571 Apostolus
3039 504 3303 560 scribens
3360 505 3433 561 ad
3468 505 3687 561 Roma-

268 607 489 661 semine
516 605 643 674 ejus
671 618 874 658 omnes
910 617 971 655 se
1003 604 1207 671 gentes
1236 595 1681 650 benedicturum
1716 598 1774 647 et
1806 591 1920 645 Isa-

267 714 371 751 aco
405 701 460 749 et
507 695 725 750 Jacobo
790 690 1101 759 promisit:
1141 691 1203 742 ut
1239 685 1440 741 merito
1504 686 1708 738 beatus
1762 682 1919 735 idem

264 784 581 858 Apostolus
642 784 713 838 ad
773 781 1012 836 Galatas
1074 778 1340 832 scribens
1399 776 1605 829 dixerit,
1644 788 1656 825 ε
1693 770 1922 825 Ahrahte

267 879 451 930 autem
478 874 646 930 dictae
689 877 817 927 sunt
874 869 1291 942 promissiones,
1358 874 1409 920 et
1432 865 1631 919 semini
1679 863 1796 934 ejus
1828 861 1872 899 ⁸⁸
1908 876 1921 912 :

268 971 387 1020 tum
424 966 639 1019 docens
670 978 983 1034 quemnam
1019 958 1260 1014 seminis
1292 955 1680 1029 appellatione
1705 951 1922 1006 intelli-

268 1062 383 1127 gat,
422 1058 499 1110 ita
532 1055 775 1123 subiicit
808 1072 820 1109 :
856 1053 969 1108 Non
998 1050 1132 1106 dicit
1152 1049 1474 1116 seminibus,
1499 1049 1661 1118 quasi
1689 1049 1748 1101 in
1780 1045 1922 1099 mul-

269 1147 361 1211 tis,
395 1148 486 1200 srd
520 1147 675 1216 quasi
702 1148 762 1197 in
794 1140 1195 1209 uno,etscmini
1216 1144 1331 1205 tuo,
1361 1140 1463 1209 qui
1486 1148 1562 1193 est
1587 1137 1834 1191 Christus
1861 1135 1919 1187 ³⁷.

270 1239 425 1291 Idem
463 1236 534 1289 ad
572 1235 835 1288 Hebraeos
872 1231 1156 1296 scribens,
1194 1228 1277 1283 sic
1312 1228 1385 1283 ait
1425 1246 1436 1283 :
1474 1227 1752 1297 Nusquam
1775 1227 1927 1279 enim

268 1326 491 1391 angelos
527 1320 887 1393 apprehendit
918 1337 936 1373 :
976 1319 1121 1373 unde
1154 1319 1340 1372 debuit
1367 1333 1463 1387 per
1495 1316 1683 1369 omnia
1727 1314 1923 1383 [ratri-

272 1414 368 1467 bus
397 1411 661 1477 similari,
695 1414 755 1464 ut
793 1410 1108 1463 misericors
1144 1407 1324 1475 ﬂeret,
1365 1410 1415 1459 et
1461 1403 1643 1473 ﬁdelis
1674 1403 1928 1473 ponti/ea:

270 1502 416 1570 apud
464 1503 629 1554 Deum
679 1500 743 1553 η.
778 1500 903 1564 Qua
928 1496 1107 1552 etiam
1141 1497 1211 1549 de
1255 1510 1434 1548 causa
1478 1510 1608 1547 cum
1668 1492 1926 1547 Jacobus

271 1591 435 1645 Judaa
498 1588 957 1643 benedictionem
1015 1585 1177 1639 illum
1230 1584 1577 1654 impertiret,
1632 1598 1803 1649 quam
1857 1581 1926 1633 ub

274 1679 680 1733 universorum
717 1677 832 1731 Deo
893 1678 1215 1746 acceperat,
1252 1674 1331 1728 ita
1377 1673 1521 1727 dixit
1557 1689 1569 1725 :
1612 1673 1726 1727 Non
1780 1674 1930 1741 aufe-

279 1777 435 1823 retur
461 1770 740 1837 sceptrum
787 1766 851 1819 de
880 1764 1040 1831 Iuda,
1068 1769 1121 1819 et
1152 1765 1276 1818 dux
1319 1765 1382 1816 de
1408 1765 1615 1831 femore
1670 1762 1807 1832 ejus,
1838 1760 1926 1815 do-

2030 607 2155 657 nos,
2192 592 2248 645 in
2284 592 2414 663 ipso
2447 593 2715 662 Epistolas
2749 594 3033 665 principio
3068 595 3241 649 tidem
3274 595 3687 666 promissionis

2031 681 2159 748 ejus
2210 681 2510 747 indicavit,
2541 699 2672 753 quae
2730 683 2935 739 Davidi
2996 685 3145 739 facta
3188 689 3294 740 est.
3334 687 3422 740 Ait
3479 684 3685 742 enim:

2032 767 2267 837 Paulus,
2300 786 2492 826 servus
2518 775 2652 833 Jt’su
2713 771 2956 845 Christi,
2980 782 3216 828 vocatus
3273 775 3573 849 apostolus,
3605 791 3691 831 se-

2030 863 2298 929 gregatus
2330 861 2387 914 in
2418 860 2780 931 Evangelium
2813 863 2932 927 Dei,
2994 864 3144 933 quod
3200 864 3532 934 promiserat
3589 881 3686 935 per

2029 947 2328 1019 prophetas
2356 965 2484 1004 suos
2514 951 2574 1002 in
2630 949 2937 1021 Scripturis
2983 950 3206 1019 sanctis,
3243 954 3312 1006 de
3369 952 3513 1009 Filio
3563 970 3683 1022 suo,

2032 1040 2130 1111 qui
2178 1043 2341 1093 natus
2386 1049 2466 1095 est
2522 1055 2593 1095 ea:
2647 1040 2855 1103 semine
2913 1041 3158 1106 Doridis,
3203 1044 3503 1099 secundum
3563 1060 3688 1099 car-

2033 1143 2156 1183 nem
2188 1126 2252 1182 ³⁰.
2289 1132 2463 1183 Porro
2492 1145 2556 1182 eo
2590 1130 2743 1200 quod
2789 1131 3101 1187 secundum
3158 1147 3377 1185 carnem
3438 1133 3686 1201 addidit,

2032 1217 2338 1289 perspicue
2368 1216 2585 1273 indicat
2620 1218 2932 1275 Dominum
2968 1225 3234 1274 nostrum
3266 1219 3469 1274 Jesum
3499 1220 3675 1275 Chri-

2034 1311 2190 1360 stum
2224 1305 2409 1365 Deum
2464 1308 2646 1362 fuisse
2703 1312 2836 1362 ante
2895 1308 3130 1363 saecula.
3200 1309 3408 1363 Filium
3470 1315 3685 1364 autem

2031 1394 2251 1455 Davidis
2283 1395 2559 1457 humanae
2582 1403 2719 1457 natu
2733 1414 2803 1453 ra:
2822 1398 3044 1455 ratione
3071 1399 3488 1470 pronuntiavit.
3520 1399 3678 1464 Quod

2038 1489 2101 1539 ut
2157 1485 2413 1555 apertius
2484 1488 2733 1550 (iaceret,
2796 1485 3289 1556 subjunxitzQui
3367 1487 3687 1542 declaratus

2036 1579 2113 1627 est
2143 1574 2319 1630 Filius
2348 1573 2446 1637 Dei
2484 1590 2610 1629 cum
2641 1576 2905 1645 polentia,
2961 1592 3062 1647 per
3120 1574 3383 1655 Spiritum
3437 1578 3687 1645 sanctiﬁ-

2034 1669 2295 1733 cationis,
2354 1681 2424 1721 ea:
2480 1680 2538 1719 eo
2591 1664 2732 1735 quod
2785 1667 3098 1725 resurrexit
3149 1685 3183 1720 ιι
3240 1666 3479 1723 mortuis
3534 1670 3692 1724 Jesus

2038 1753 2292 1808 Christus
2327 1754 2593 1808 Dominus
2632 1763 2831 1809 noster.
2874 1752 3187 1826 Postquam
3223 1753 3377 1811 enim
3430 1773 3693 1813 resurre-

276 1874 376 1912 nec
402 1859 585 1912 veniat
617 1901 631 1925 ,
654 1857 753 1926 gui
781 1855 1083 1910 mittendus
1109 1859 1210 1921 est,
1243 1862 1297 1908 et
1318 1852 1434 1923 ipse
1456 1851 1565 1906 erit
1594 1853 1928 1921 exspectatio
1966 1870 2008 1937 Β
2038 1842 2122 1896 xit
2150 1859 2182 1896 τι
2242 1844 2511 1937 mortuis,
2558 1843 2773 1937 inquit,
2805 1847 2861 1901 et
2911 1844 3159 1913 Spiritus
3211 1845 3395 1917 gratia
3454 1846 3696 1919 replevit

275 1951 520 2016 gentium
554 1945 618 1999 ¹⁹.
654 1945 929 1999 Miclneas
973 1960 1206 2015 quoque
1258 1941 1540 2012 propheta
1590 1940 1926 1993 vaticinium

280 2036 388 2091 hoc
435 2037 593 2090 hisce
646 2035 840 2090 verbis
886 2037 1122 2088 renovat
1160 2048 1173 2087 :
1208 2032 1271 2086 Et
1320 2040 1400 2095 tu,
1457 2030 1750 2095 Bethleem,
1782 2035 1934 2082 terra

276 2128 436 2194 lea,
486 2143 829 2199 nequaquam
862 2128 1099 2180 minima
1150 2140 1204 2179 es
1235 2126 1288 2177 in
1323 2122 1665 2194 principibus
1694 2122 1835 2175 Iuda
1865 2119 1932 2174 ³ο.

281 2222 441 2274 Exte
486 2220 633 2271 enim
663 2217 807 2271 mihi
856 2216 1111 2270 adveniet
1150 2214 1286 2279 dum,
1312 2225 1362 2268 et
1417 2228 1661 2284 egressus
1708 2212 1824 2278 eius
1866 2211 1934 2264 ab

282 2309 530 2373 imtio,a
564 2307 761 2361 diebus
815 2306 1153 2360 mternitatis
1184 2303 1253 2359 ³⁸.
1307 2303 1517 2358 Beatus
1573 2301 1712 2356 item
1772 2302 1934 2372 Apo-

283 2396 474 2453 stolus
506 2395 942 2466 praedictionum
986 2394 1160 2449 finem
1211 2397 1580 2457 ostensurus,
1612 2389 1695 2445 ita
1753 2386 1937 2444 excla-

289 2494 407 2540 mat
444 2502 456 2539 :
494 2487 855 2555 Manifestum
908 2487 986 2539 est
1038 2483 1188 2538 enim
1220 2481 1357 2553 quod
1388 2498 1456 2537 ex
1506 2480 1646 2537 Juda
1684 2485 1838 2534 ortus
1867 2480 1938 2533 sit

288 2574 552 2629 Dominus
581 2582 769 2630 noster
799 2573 865 2626 ".

357 2664 470 2719 Has
502 2665 665 2735 ipsas
709 2661 1127 2735 promissiones
1161 2662 1407 2716 Davides
1456 2676 1689 2732 quoque
1738 2676 1831 2714 rex
1882 2662 1937 2713 et

288 2754 569 2825 prepheta
619 2754 692 2808 ab
744 2752 1143 2807 universorum
1200 2756 1311 2806 Deo
1344 2751 1583 2820 accepit.
1637 2751 1730 2804 Ait
1779 2751 1935 2806 enim

284 2844 354 2897 ad
418 2843 664 2913 ipsum:
706 2844 880 2913 Usque
935 2844 993 2895 in
1051 2850 1329 2897 aeternum
1374 2839 1699 2911 praeparabo
1755 2856 1938 2895 semen

286 2937 460 2996 tuum,
497 2936 546 2986 et
577 2931 861 3001 aediﬁcabo
892 2931 952 2985 in
1000 2931 1412 2998 generationem
1441 2932 1491 2983 et
1532 2928 1941 2997 generationem

285 3021 469 3075 sedem
492 3030 643 3076 tuam
672 3020 736 3076 '3.
766 3025 907 3075 Item
945 3021 1057 3075 alia
1114 3018 1232 3074 loco
1264 3037 1284 3073 .’
1314 3022 1384 3073 Et
1409 3036 1609 3091 ponam
1665 3021 1721 3073 in
1772 3034 1939 3076 sarcu-

288 3110 403 3164 lum
433 3111 629 3166 saeculi
672 3127 857 3165 semen
883 3111 998 3180 ejus
1030 3126 1048 3163 :
1080 3119 1131 3164 et
1164 3110 1422 3163 thronum
1470 3110 1585 3179 ejus
1632 3110 1775 3164 sicut
1822 3111 1941 3163 dies

285 3199 411 3254 caeli
437 3199 501 3254 ¹⁴.
542 3201 603 3255 Et
638 3199 811 3269 paulo
845 3205 975 3272 post
1009 3216 1021 3254 :
1054 3199 1232 3255 Semel
1264 3199 1457 3270 juravz
1489 3202 1547 3254 in
1576 3206 1764 3254 sancto
1793 3214 1934 3264 meo,

286 3291 339 3343 si
369 3290 572 3344 Davidi
608 3292 871 3355 mentiar,
902 3305 1083 3344 semen
1124 3290 1244 3361 ejus
1303 3293 1359 3343 in
1408 3289 1666 3344 saeculum
1723 3298 1938 3343 manet.

289 3379 353 3433 Et
382 3380 610 3434 thronus
657 3380 773 3450 ejus
804 3380 947 3434 sicut
1003 3378 1091 3434 sol
1149 3394 1333 3433 coram
1373 3394 1479 3446 me,
1513 3387 1566 3433 et
1610 3378 1751 3434 sicut
1811 3379 1943 3433 luna

289 3471 550 3539 perfecta,
575 3475 628 3522 et
678 3469 826 3522 testis
870 3466 931 3522 in
961 3468 1091 3522 cazlo
1120 3467 1302 3535 ﬁdelis
1349 3467 1414 3521 ³⁸.
1450 3470 1566 3522 Has
1617 3467 1775 3538 ipsas
1807 3470 1943 3523 item

293 3556 715 3629 promissiones
757 3574 854 3627 per
887 3556 1100 3612 Isaiam
1166 3555 1512 3626 prophetam
1546 3558 1740 3611 denuo
1771 3574 1944 3613 verax

293 3645 391 3699 ille
437 3648 716 3700 Dominus
772 3646 1067 3701 renovavit
1101 3661 1113 3699 :
1149 3644 1478 3713 Egredietur
1515 3647 1683 3711 enim,
1727 3646 1945 3717 inquit,

296 3736 454 3806 virga
488 3734 551 3791 de
579 3735 765 3791 radice
824 3737 989 3801 Iesse,
1023 3739 1078 3790 et
1107 3736 1206 3805 ﬂos
1235 3733 1301 3789 de
1353 3734 1536 3790 radice
1590 3736 1708 3804 eius
1759 3752 1947 3790 ascen-

299 3823 405 3881 det.
437 3829 502 3881 Et
550 3826 848 3896 requiescet
875 3840 1040 3896 super
1068 3840 1192 3879 eum
1248 3826 1476 3896 spiritus
1536 3825 1777 3895 Domini,
1832 3828 1948 3896 spi-

300 3918 448 3968 ritus
505 3916 805 3983 sapientia
865 3926 916 3969 et
964 3913 1293 3983 intellectus,
1324 3915 1572 3986 Spiritus
1615 3915 1846 3972 consilii
1902 3924 1952 3970 et

300 4001 676 4068 fortitudinis,
722 4003 954 4074 spiritus
983 4003 1232 4058 scientia:
1267 4012 1318 4057 et
1362 4002 1607 4073 pietatis,
1640 4007 1691 4059 et
1722 4003 1952 4074 replebit

301 4106 427 4145 eum
456 4091 683 4157 spiritus
710 4091 928 4145 timoris
977 4090 1197 4145 Domini
1228 4090 1294 4156 ⁸⁸,
1348 4095 1405 4145 et
1460 4097 1685 4159 caetera,
1720 4093 1949 4163 quaa’in

302 4181 573 4236 eumdem
622 4196 861 4235 sensum
918 4184 1378 4253 consequuntur.
1414 4184 1557 4237 Item
1592 4198 1605 4238 :
1639 4182 1758 4237 Erit
1786 4182 1954 4239 radix

298 4272 488 4339 Iessea,
540 4272 637 4342 qui
663 4278 776 4326 stat
822 4270 881 4325 in
929 4270 1156 4340 signum
1189 4273 1536 4343 pepulerum,
1566 4275 1742 4344 ipsum
1771 4284 1953 4345 gentes

299 4361 759 4430 deprecabuntur:
791 4369 840 4415 et
892 4363 1002 4415 erit
1029 4362 1346 4432 sepulcrum
1389 4363 1512 4431 ejus
1551 4363 1853 4431 gloriosum
1883 4364 1952 4422 '7.

300 4450 441 4504 Item
473 4450 584 4504 alio
616 4449 741 4505 loco
776 4465 788 4503 :
824 4451 885 4503 Et
903 4451 1128 4519 feriam,
1164 4450 1376 4521 inquit,
1408 4452 1682 4508 vobiscum
1734 4460 1956 4524 pactum

298 4538 722 4606 sempiternum,
746 4538 1156 4595 misericordias
1204 4540 1425 4596 Davidis
1476 4540 1663 4611 ﬁdeles
1720 4542 1787 4599 ’3.
1821 4548 1953 4609 Quae

301 4605 460 4682 enim
492 4628 581 4682 illi
617 4628 885 4699 promisi,
937 4626 1241 4700 complebo
1278 4647 1291 4697 ;
1324 4635 1381 4685 et
1413 4605 1513 4702 per
1543 4631 1702 4688 illius
1753 4605 1954 4690 semen
1993 4605 2037 4670 θ

302 4717 550 4772 servabo
579 4717 780 4772 orbem
814 4722 1102 4773 terrarum
1128 4737 1143 4787 ;
1180 4718 1371 4774 fidelis
1400 4720 1555 4775 enim
1588 4724 1644 4777 et
1675 4738 1851 4778 verax
1870 4728 1960 4778 est

304 4822 435 4862 mea
485 4807 814 4876 promissio.

380 4896 597 4951 Harum
686 4896 1142 4968 promissionum
1224 4897 1527 4954 veritatem
1604 4900 1959 4973 evangelista

304 5002 537 5058 quoque
599 4986 905 5051 Matthaaus
964 4986 1254 5053 indicans,
1317 4988 1375 5043 in
1430 4989 1558 5060 ipso
1618 4990 1814 5045 statim
1868 4990 1957 5045 hi-

303 5076 500 5131 storiae
588 5091 709 5130 suae
797 5076 1070 5147 promnio
1159 5075 1281 5131 orbi
1364 5081 1652 5134 terrarum
1729 5096 1960 5135 annun-

304 5164 435 5233 tiat,
526 5164 788 5237 gentium
897 5168 1384 5235 exspectationem
1489 5166 1775 5224 ﬂoruisse.
1864 5172 1960 5226 Ait

299 5253 454 5309 enirn
494 5269 508 5308 :
544 5254 706 5310 Liber
735 5255 1110 5324 generationis
1165 5255 1295 5310 Iesu
1344 5255 1569 5318 Christi,
1601 5258 1712 5328 ﬁlii
1760 5259 1955 5331 David,

299 5343 413 5413 ﬁlii
441 5344 721 5399 Abraham
751 5344 815 5399 ’9.
842 5344 1087 5416 Utrique
1108 5345 1266 5400 enim
1291 5345 1502 5401 semini
1530 5350 1956 5419 promissiones

302 5431 470 5489 factae
502 5439 659 5495 sunt.

2042 1931 2362 2006 apostolos,
2397 1949 2497 2003 per
2530 1932 2811 1987 miracula
2842 1934 2912 1987 ab
2947 1933 3061 1989 illis
3115 1934 3284 2002 facta,
3322 1940 3473 1993 Deus
3527 1938 3693 1992 inno-

2042 2022 2154 2078 tuit
2186 2037 2198 2075 :
2236 2022 2528 2092 siquidem
2561 2020 2620 2079 in
2655 2023 2783 2095 ejus
2809 2023 3044 2077 nomine
3069 2025 3315 2078 maxime
3348 2031 3695 2101 peregerunt

2044 2109 2346 2164 miracula.
2384 2112 2668 2165 Craterum
2705 2111 2760 2171 in
2817 2110 3081 2182 Epistolas
3130 2106 3344 2179 medio,
3377 2112 3694 2195 bonorum,

2043 2199 2260 2271 quibus
2300 2198 2437 2253 olim
2497 2199 2731 2255 Judeeos
2791 2198 3130 2272 impertivit,
3194 2202 3493 2257 mentione
3522 2201 3694 2271 facta,

2043 2287 2351 2358 subjunxit
2384 2305 2397 2345 :
2431 2292 2675 2358 Quorum
2732 2298 2860 2351 sunt
2896 2295 3103 2359 patres,
3135 2297 3187 2345 et
3244 2306 3314 2346 ex
3368 2291 3563 2361 quibus
3619 2299 3700 2347 est

2045 2377 2293 2433 Christus
2343 2379 2644 2437 secundum
2703 2396 2948 2451 carnem,
3008 2378 3104 2452 qui
3160 2385 3237 2435 est
3293 2397 3456 2451 super
3508 2381 3695 2438 omnia

2043 2466 2182 2521 Deus
2223 2465 2290 2534 3‘,
2323 2472 2494 2539 atque
2536 2485 2655 2529 una
2686 2466 2741 2523 in
2777 2485 3023 2541 persona
3066 2469 3316 2524 duarum
3352 2474 3696 2525 naturarum

2046 2553 2437 2617 differentiam
2486 2557 2762 2625 ostendit,
2796 2574 2926 2617 cum
2975 2574 3043 2612 ex
3099 2557 3319 2614 Judteis
3371 2560 3695 2614 secundum

2046 2662 2279 2701 carnem
2335 2645 2710 2717 processisse,
2739 2651 2796 2700 et
2845 2664 3021 2717 super
3073 2648 3273 2704 omnia
3324 2648 3507 2703 Deum
3567 2665 3695 2705 esse

2046 2734 2207 2803 dicit,
2240 2738 2519 2806 tanquam
2544 2742 2726 2791 Deum
2751 2742 2806 2791 et
2834 2734 2889 2790 in
2916 2735 3128 2795 sucula
3149 2736 3694 2793 benedictum.Bea-

2045 2827 2171 2878 tum
2191 2841 2358 2895 porro
2377 2825 2749 2881 Timotheum
2779 2825 2868 2880 his
2884 2826 3076 2880 verbis
3094 2826 3433 2882 exhortatur
3466 2846 3473 2879 :
3495 2830 3697 2883 Memor

2047 2920 2155 2967 esto
2206 2912 2391 2969 Iesum
2437 2912 2719 2968 Christum
2764 2916 3139 2969 resurrexisse
3164 2932 3201 2969 α
3246 2917 3483 2969 mortuis
3508 2932 3577 2971 ea:
3614 2931 3700 2971 se-

2047 3000 2197 3056 mine
2230 3002 2423 3071 David,
2481 3003 2781 3058 secundum
2840 3005 3197 3077 Evangelium
3252 3022 3452 3073 meum,
3507 3005 3565 3059 in
3594 3021 3699 3077 quo

2051 3092 2237 3148 labore
2266 3109 2433 3171 usque
2463 3094 2535 3150 ad
2556 3095 2798 3162 vincula,
2831 3098 2983 3166 quasi
3012 3095 3161 3150 male
3192 3112 3431 3166 operuns
3448 3092 3517 3151 3’.

2121 3182 2348 3253 Alioqui
2404 3184 2693 3253 permulta
2724 3186 2779 3238 in
2825 3188 3073 3256 utroque
3102 3184 3476 3241 Testamento
3539 3185 3694 3239 testi-

2056 3272 2252 3326 monia
2296 3272 2538 3327 inveniri
2590 3280 2855 3343 possunt,
2891 3273 3107 3343 quibus
3154 3273 3477 3330 Servaloris
3510 3276 3695 3330 nostri

2053 3361 2321 3432 cognatio
2355 3363 2604 3419 carnalis
2634 3364 3033 3421 conﬁrmetur.
3067 3363 3177 3419 Sed
3228 3362 3352 3419 haec
3386 3380 3512 3420 meo
3536 3365 3696 3436 judi-

2055 3450 2143 3505 cio
2174 3452 2498 3519 sufﬁciunt,
2533 3454 2687 3523 quod
2728 3452 3045 3507 humanam
3081 3458 3349 3508 naturam
3388 3456 3701 3526 perfectam

2056 3543 2113 3598 et
2152 3539 2479 3601 absolutam
2514 3544 2585 3598 ab
2636 3542 2735 3601 illo
2793 3547 3163 3614 assumptum
3206 3543 3387 3599 fuisse
3437 3545 3702 3599 doceant.

2056 3630 2177 3701 Qua
2209 3632 2384 3687 etiam
2419 3632 2489 3688 de
2519 3648 2692 3687 causa
2728 3628 2908 3687 Filius
2946 3630 3196 3701 Davidis,
3239 3630 3410 3686 Filius
3439 3632 3704 3702 Abrahae,

2057 3716 2239 3774 Filius
2272 3720 2552 3787 hominis,
2586 3721 2791 3789 Homo,
2824 3722 3108 3787 Adamus,
3139 3720 3392 3776 Jacobus
3424 3725 3481 3775 et
3532 3716 3710 3775 Israel

2059 3808 2246 3871 dictus
2280 3815 2389 3867 est.
2416 3809 2921 3872 Quemadmodum
2964 3810 3119 3866 enim
3180 3809 3474 3886 perfectus
3527 3809 3708 3876 Deus,
3756 3840 3766 3847 -

2059 3899 2141 3961 ita
2173 3901 2342 3961 homo
2373 3916 2608 3972 quoque
2662 3900 2948 3971 perfectus
2994 3905 3135 3965 erat,
3172 3899 3484 3970 perfectam
3519 3899 3708 3955 homi-

2066 3990 2243 4051 nibus
2275 3987 2525 4051 salutem
2560 3992 2885 4044 conferens.

2750 4153 2907 4208 CAP.
2952 4152 3021 4207 V.

2071 4294 2290 4368 Quinta
2325 4297 2573 4355 huresis,
2607 4294 2896 4353 Ptolemaei
2917 4311 2929 4348 :
2953 4295 3031 4368 ah
3051 4294 3155 4350 hac
3179 4295 3276 4365 qui
3303 4295 3372 4350 ad
3392 4293 3717 4351 orthodoxae

2146 4369 2496 4438 oon/ugiunt,
2561 4368 2934 4437 baptizantur.
3016 4366 3329 4437 [Ptolomaei
3414 4371 3470 4422 et
3555 4368 3716 4438 Hera-

2140 4436 2341 4495 cleonm
2397 4436 2653 4501 meminit
2707 4441 2957 4496 Irenaaus
3017 4436 3112 4494 lib.
3196 4456 3215 4496 ι
3269 4444 3323 4495 et
3380 4456 3455 4495 IX.
3520 4436 3714 4494 Ptole-

2142 4526 2349 4566 maeum
2373 4512 2717 4566 Valentinum
2746 4520 2901 4567 vocat
2928 4509 3128 4565 Athan.
3177 4508 3275 4567 lib.
3314 4526 3374 4565 ιιι
3405 4514 3595 4567 contra
3641 4511 3679 4564 Α
3700 4539 3714 4549 ο

2139 4586 2350 4646 rianos,
2374 4599 2495 4654 cap.
2517 4583 2596 4654 5.]

2139 4728 2449 4786 Gnnsticos
2504 4729 2597 4787 hic
2641 4730 2905 4800 impuros
2957 4727 3244 4798 sequitur.
3279 4730 3356 4780 De
3432 4723 3715 4792 leonibus,

2070 4834 2173 4874 seu
2206 4819 2457 4887 seculis,
2520 4818 2671 4879 idem
2733 4834 2865 4873 cum
2944 4813 3255 4877 Valentino
3315 4813 3720 4871 sentit.Addit

2068 4907 2638 4978 insnperDeo,quem
2670 4905 2766 4963 ille
2793 4903 3043 4976 Bythum
3070 4907 3250 4963 vocat,
3271 4903 3417 4962 duas
3431 4917 3560 4963 esse
3576 4918 3718 4957 con-

2062 4997 2256 5068 juges.
2293 4997 2553 5051 Ennaaam
2588 5012 2686 5050 seu
2746 4993 3178 5065 cogitationem,
3212 4996 3269 5047 et
3297 4990 3717 5058 Thelema,.seu

2067 5085 2427 5141 voluntatem
2469 5102 2480 5139 :
2517 5084 2771 5156 primum
2818 5082 2998 5153 enim,
3030 5080 3227 5154 inquit
3269 5080 3385 5149 ille,
3419 5080 3716 5153 cogitavit,

2069 5174 2279 5230 deinde
2311 5170 2510 5230 voluit.
2536 5173 2686 5229 Idem
2721 5172 2897 5229 etiam
2924 5174 2993 5227 ad
3020 5177 3345 5226 matronam
3383 5170 3719 5241 quamdam,

2070 5263 2308 5319 nomine
2341 5265 2565 5320 F'Ioram
2615 5263 2903 5333 scribens,
2934 5262 2990 5316 in
3030 5261 3217 5333 legem
3246 5262 3410 5316 illam
3443 5258 3719 5328 blasphe-

2070 5371 2201 5409 mus
2232 5350 2549 5419 invehitur,
2585 5366 2760 5424 quam
2786 5369 2887 5424 per
2914 5355 3166 5425 Moysem
3201 5353 3356 5407 dedit
3384 5356 3540 5405 Deus
3569 5364 3584 5417 ;
3623 5363 3722 5402 so-

2065 5444 2310 5516 lumque
2343 5443 2693 5516 Decalogum
2725 5461 2758 5507 ει,
2789 5443 2904 5503 Deo
2953 5443 3155 5505 datum
3192 5459 3204 5496 :
3240 5448 3574 5496 czeterorum
3621 5452 3723 5491 au-

444 5549 768 5629 *f_Gal:_IiI,
803 5552 889 5629 1_6.
952 5548 1000 5585 ‘7
1032 5550 1180 5606 Ibid.
1220 5550 1291 5629 _‘3
1320 5551 1590 5629 H_eb_r,_ii,
1630 5557 1712 5629 176.
1781 5557 1826 5593 ¹⁹
1872 5560 1960 5617 Ge‘

2067 5580 2218 5623 xux.
2278 5562 2365 5615 10.
2418 5562 2463 5595 ²⁰
2520 5560 2690 5616 Mich.
2725 5577 2777 5629 v,
2824 5560 2879 5617 2.
2941 5560 2985 5595 ²¹
3048 5558 3254 5613 Matth.
3289 5557 3435 5627 11,6.
3470 5555 3719 5629 2’7Ilebr.

303 5637 406 5689 vu,
465 5622 551 5677 14.

305 5710 396 5763 LV,
427 5694 481 5750 3.
560 5694 604 5728 ³³
632 5693 836 5751 Matth.
871 5712 910 5761 ι,
946 5696 995 5750 1.

630 5622 675 5656 93
703 5622 859 5678 Psal.
920 5640 1187 5689 LXXXVIII,
1219 5624 1272 5681 5.
1349 5624 1395 5658 ²⁴
1428 5624 1571 5681 Ibid.
1632 5628 1721 5684 30.
1799 5629 1846 5665 ³⁵
1875 5633 2021 5691 Ibid.
2054 5622 2218 5691 35.36

1073 5694 1122 5730 ³⁰
1149 5696 1311 5752 Rom.
1345 5713 1386 5765 ι,
1425 5700 1444 5751 1
1483 5712 1648 5770 seqq.
1725 5701 1769 5739 ³1
1804 5698 1971 5761 Rom.
2008 5723 2085 5775 ιι,
2117 5694 2171 5761 5.
2227 5694 2298 5740 ’δ’
2327 5705 2379 5761 ΙΙ
2409 5704 2561 5760 Tim.
2594 5694 2670 5777 11,.
2689 5704 2737 5759 8.

2316 5632 2364 5667 ²⁶
2421 5633 2530 5705 Isa.
2589 5634 2757 5705 11,71
2820 5648 2977 5705 seqq.
3058 5629 3107 5665 ³⁷
3149 5629 3296 5687 Ibid.
3348 5630 3433 5685 11.
3511 5628 3556 5663 ²⁸
3605 5629 3718 5688 Isa.
