2026 3196
181 185 257 215 1255

836 174 992 205 ΝΙΟΕΤΛΞ
1013 172 1226 203 CHONIATIE

1813 171 1830 200 1
1836 171 1901 199 256

179 255 238 280 tem
263 250 440 285 scriptorum
460 248 517 276 alia
541 246 630 282 Moysi
654 244 758 280 ipsius,
775 242 832 270 alia
853 241 1002 269 seniorum
1018 240 1042 272 Α
1061 239 1155 273 pheta:
1168 237 1203 272 ³⁷,
1220 241 1273 265 etc.
1293 238 1364 265 item
1382 246 1388 264 :
1406 237 1435 264 Si
1450 236 1511 272 quis
1529 236 1643 264 solverit
1654 244 1741 263 unum
1760 236 1794 263 de
1810 244 1896 262 man-

182 297 280 334 populi
299 295 417 332 propria
431 301 495 321 esse
507 290 664 320 contendit.

338 353 479 378 Hazreseos
494 345 672 382 prmcedentis
686 343 846 378 con/utalia.

217 406 291 437 Quia
328 402 459 434 Gnostici
488 399 655 429 oznnimoda
687 397 803 425 honesti
837 392 1003 431 ignorantia

183 450 366 481 laborabant,
395 447 503 475 idcirco
532 444 624 472 malos
653 443 738 470 etiam
764 442 910 468 daemones
940 437 1002 465 suis

180 496 210 522 in
237 492 458 522 Traditionibus
483 494 510 518 et
535 488 700 517 actionibus
726 484 910 514 invocabant.
945 483 1003 509 ita-

183 548 237 575 que
267 538 437 566 Ptolemaeus
463 536 510 562 hic
542 533 670 571 profanis
697 531 819 558 illorum
857 526 1002 563 dogmatis

182 584 380 616 subscribens,
392 582 527 616 impurus
543 578 661 615 quidem
679 577 744 609 fuit,
762 575 829 610 quia
845 581 935 600 σωροῦ
947 571 1003 598 du-

182 638 229 656 ore
251 630 378 660 secutus,
404 624 546 661 impurior
561 631 638 656 vero,
655 622 725 657 quia
750 627 837 648 sensu
867 624 1001 653 perverso

179 675 317 701 Ennsaam
335 675 362 699 et
377 670 526 702 Tbelcma,
543 677 596 696 seu
622 666 827 702 cogitatiom-m
847 667 875 690 et
899 661 1002 689 volun-

182 721 280 750 tatem,
293 724 405 744 necnon
423 718 512 742 Deum
531 720 646 748 quoque
660 711 779 746 Bythum
792 708 975 735 commentus
994 712 999 730 :

178 763 379 797 nonnullaque
395 761 465 788 adeo
482 757 691 790 fabulamenta,
707 755 796 790 digna
811 761 874 788 quae
891 751 919 778 in
937 758 1002 786 pro-

176 807 297 835 fundam
315 806 397 842 βυθοῦ
416 803 567 832 infernalis
581 801 752 836 voraginem
769 797 979 831 demerguntur
995 815 1004 828 ,

179 860 303 888 quorum
321 850 438 887 quidem
456 847 583 876 narratio
601 846 681 873 sanis
698 844 819 872 auribus
835 841 952 869 taedium
962 839 1002 867 af-

181 898 254 925 ferre
269 896 353 924 solet.

215 941 294 969 Idem
320 942 383 967 atra
405 939 462 966 bilc
479 937 555 965 haud
585 935 673 963 dubie
698 934 835 969 percitus,
852 934 879 959 et
904 931 999 965 impos
1016 924 1039 955 B

179 986 281 1019 animi,
310 984 469 1019 linguaque
499 980 610 1017 procaci
642 981 669 1007 et
695 977 814 1011 etfraini,
843 975 1000 1003 Mosaicam

180 1030 273 1066 legem
304 1028 452 1061 vellicans,
483 1035 516 1054 ex
547 1026 609 1060 ejus
639 1020 899 1051 constitutionibus
929 1019 1001 1045 alias

178 1075 240 1107 Dei,
258 1074 329 1101 alias
345 1073 469 1105 Moseos,
487 1071 558 1098 alias
582 1068 709 1103 denique
733 1066 881 1095 seniorum
908 1063 1001 1100 plebis

177 1128 262 1147 voces
278 1127 342 1147 esse
367 1119 481 1146 asserit.
499 1116 603 1144 Nescio
630 1114 708 1141 unde
724 1113 758 1140 ad
785 1112 842 1139 [HEC
860 1110 1002 1137 deblatte—

178 1165 271 1192 renda
291 1161 608 1196 adductus,pr:nserlim
635 1161 678 1186 tot
706 1165 849 1185 annorum
872 1154 1002 1182 millibus

178 1218 193 1235 a
208 1211 285 1236 Mose
302 1210 382 1241 nato,
399 1207 521 1242 legeque
538 1205 574 1233 ab
590 1204 690 1232 eodem
718 1203 778 1230 lata
793 1201 901 1229 exactis
918 1200 925 1235 (
944 1199 1000 1226 uti.

179 1261 247 1280 nam
255 1255 501 1286 natusnunquam
512 1249 641 1283 fuisset!)
650 1247 705 1275 nisi
716 1248 789 1274 forte
798 1253 892 1281 nugas
901 1245 1002 1278 hujus-

180 1297 293 1325 cemodi
309 1298 344 1324 ab
361 1297 466 1323 Ennaea
482 1295 530 1322 illa
544 1298 571 1321 et
586 1294 710 1323 Thelrsi,
729 1291 865 1327 quasdoo
880 1297 932 1316 suo
951 1289 1002 1322 By-

180 1342 229 1369 tbo
245 1342 382 1377 nupsisse
398 1341 492 1375 tingit,
509 1338 645 1366 didicisse
660 1338 785 1369 videtur,
800 1343 918 1371 prorsus
932 1333 1002 1360 obli-

179 1390 226 1414 tus
243 1395 274 1413 ea
291 1386 356 1420 ipsa
372 1388 459 1412 Deum
474 1385 561 1411 Mosis
577 1393 623 1410 ore
637 1383 764 1410 locutum
777 1388 852 1412 eSsc,
866 1386 1001 1413 quaecun—

181 1439 236 1466 que
253 1441 268 1458 a
286 1431 364 1457 Mose
378 1430 494 1463 tradita,
512 1428 651 1463 librisque
668 1428 786 1453 exarata
802 1428 877 1451 sunt.
898 1424 1001 1454 Qucniw

180 1476 339 1503 admodum
354 1484 386 1502 ex
404 1475 452 1502 illa
474 1473 669 1501 exsecratione
686 1470 770 1498 facile
792 1468 857 1495 colli
870 1476 922 1499 'as,
940 1474 1002 1501 quze

181 1524 413 1555 contempturum
459 1519 530 1553 legis
571 1516 733 1543 cervicibus
772 1513 916 1540 imminet.
959 1511 1003 1537 Ait

182 1565 258 1592 enim
277 1574 282 1591 :
303 1564 478 1595 Muledictus,
502 1562 549 1597 qui
575 1569 628 1587 non
659 1564 798 1595 permanet
835 1565 863 1583 ιη
900 1563 1003 1582 ειη-ηκο-

181 1610 262 1637 nibus
277 1610 344 1643 legis
361 1608 442 1641 huius
457 1607 479 1623 ⁸³
496 1614 502 1633 ;
519 1606 627 1641 quibus
651 1603 742 1630 verbis
769 1610 884 1629 omnem
910 1600 1001 1634 legem

180 1653 329 1689 intelligit.

217 1698 388 1726 Universam
415 1703 497 1730 porro
522 1694 613 1729 legem
646 1692 783 1719 divinitus
807 1692 902 1717 datam
929 1697 1002 1722 esse,

181 1750 248 1770 cum
265 1750 298 1769 ex
315 1741 379 1768 aliis
397 1749 452 1767 non
468 1739 566 1774 paucis
578 1739 735 1773 Scriptorie
749 1744 835 1763 sacrm
848 1734 927 1768 locis,
942 1737 1001 1760 tum

181 1795 216 1815 ex
237 1787 317 1813 hisce
330 1785 428 1813 verbis
459 1785 556 1812 videre
574 1786 628 1815 est,
646 1791 709 1818 quae
738 1781 836 1808 Davitli
863 1779 1003 1806 divinitus

182 1832 259 1859 dicta
289 1831 425 1858 sunt:Si
451 1829 632 1857 custodierint
659 1827 715 1863 ﬁlii
747 1827 788 1853 tui
813 1827 1004 1852 tuslamenlum

181 1885 280 1911 meum,
298 1881 322 1902 et
339 1876 494 1903 testimonia
512 1882 570 1900 mea
594 1874 653 1900 Ιιίεο
669 1880 727 1907 quae
755 1871 854 1898 docebo
876 1869 956 1895 illas:
974 1868 1004 1893 Et

181 1921 235 1955 lilii
250 1928 343 1948 eorum
360 1928 442 1955 usque
463 1919 493 1946 in
509 1918 644 1946 szeculum
666 1916 798 1943 scdebunt
813 1922 895 1948 super
914 1912 1004 1939 sedem

180 1968 256 1993 tuam
284 1966 315 1992 ³⁵.
348 1965 419 1991 ltcm
437 1973 443 1992 :
461 1964 490 1990 Si
506 1963 724 1997 derelinquerint
755 1959 811 1994 [itii
835 1959 892 1993 ejus
919 1958 1003 1992 legem

181 2012 319 2043 meam,el
349 2009 378 2036 in
407 2008 518 2043 iudiciis
551 2009 617 2034 nreis
647 2014 700 2033 non
732 2001 1003 2035 (irnbzilam-I'inl;si

175 2056 395 2091 justiﬁcutiones
410 2062 485 2081 meas
500 2052 718 2088 pro/nnmverint,
744 2054 769 2077 et
794 2048 926 2075 mundata
946 2054 1001 2073 mea

181 2109 235 2127 non
248 2099 439 2131 custodierint,
450 2099 564 2125 visitabo
578 2098 607 2124 in
624 2097 705 2129 virga
722 2093 882 2128 iniquitates
899 2099 1002 2118 em'um.

181 2150 206 2172 et
231 2147 262 2172 in
292 2143 450 2171 verberibus
483 2143 634 2177 injustz'tias
660 2147 764 2167 eorum.
790 2136 1004 2164 iniseriam-(lium

180 2194 272 2216 autem
296 2196 384 2215 meum
414 2195 468 2215 non
484 2187 641 2221 dispergant
657 2184 695 2212 ub
716 2184 782 2215 illis,
799 2190 885 2218 neque
903 2181 1004 2214 inju~te

181 2243 261 2269 agam
282 2235 308 2260 in
327 2235 441 2261 veritate
467 2240 537 2265 mea;
555 2239 641 2266 neque
667 2229 825 2264 proﬂmabo
852 2230 1000 2254 testamen-

183 2282 241 2307 tum
254 2287 354 2311 meum,
375 2280 399 2305 et
419 2285 481 2312 quzc
509 2277 661 2311 procedunt
693 2274 724 2301 de
751 2273 918 2300 tabiismeis
948 2279 1004 2297 non

180 2326 283 2360 facium
312 2324 391 2351 irrita
422 2322 453 2349 ³⁵.
479 2321 552 2348 Nam
584 2329 634 2355 per
650 2316 1003 2351 Testamentum,justiti—

181 2370 311 2397 catioues
327 2371 355 2396 et.
380 2367 558 2398 testimonia,
578 2366 743 2392 universam
776 2363 866 2398 legem
894 2361 1002 2388 intelli-

181 2417 234 2449 git,
250 2422 337 2449 quam
349 2413 466 2447 quidem
483 2412 537 2439 sibi
556 2411 643 2442 Deus,
656 2412 687 2436 ut
706 2408 852 2444 proprium
869 2405 1005 2433 trtditio—

182 2465 250 2485 nem
267 2457 405 2485 vindicat.

343 2518 488 2556 Appendix
515 2517 645 2545 Theodori
673 2516 843 2543 Scutariotz.

220 2573 325 2601 Melius
351 2573 446 2600 fuerat
468 2571 514 2599 bis
535 2572 588 2599 niti
619 2570 783 2598 rationibus
801 2577 807 2594 :
825 2568 854 2595 Si
867 2567 954 2595 Mosen
981 2569 1008 2593 et

183 2619 325 2654 prophetas
339 2627 393 2647 non
422 2617 552 2651 audiunt,
566 2624 652 2652 neque
667 2617 691 2643 si
717 2614 778 2650 quis
793 2622 810 2640 α
836 2612 952 2640 mortuis
964 2620 1006 2638 re-

183 2665 318 2698 surrexit,
340 2663 453 2691 tradent
479 2661 512 2690 ³⁵.
532 2663 602 2690 Item
621 2670 627 2688 :
645 2662 749 2688 Habent
773 2659 873 2687 Mosem
899 2662 924 2686 et
943 2666 1008 2693 prn-

238 2735 262 2754 ³³
278 2737 360 2768 Deut.
378 2747 466 2771 xxvn,
497 2737 541 2766 29.

183 2770 208 2788 ιε
221 2771 323 2802 Matth.
339 2783 366 2810 ν,
383 2775 426 2802 18.

223 2827 356 2862 (43)ῐῐ·εῐι.
371 2833 422 2862 lib.
438 2841 480 2867 Ill,
497 2840 523 2861 c.
540 2831 595 2865 18;
612 2831 717 2858 Euseb.
733 2838 772 2863 ιν,
799 2838 862 2866 cap.
884 2829 925 2856 10.

582 2736 605 2753 ³⁴
633 2736 709 2764 Psal.
735 2743 830 2769 cum,
859 2735 902 2763 12.
940 2733 964 2751 ⁸⁵
987 2731 1211 2763 Psal.1.xxxvm,
1232 2730 1263 2755 31
1293 2736 1375 2764 seqq.

1061 283 1133 310 datis
1148 282 1182 316 ³³,
1198 285 1254 310 etc.
1277 282 1347 309 [tem
1364 281 1393 308 in
1410 281 1471 316 lege
1488 288 1494 308 :
1509 280 1680 313 Matedictus,
1693 282 1741 316 qui
1755 289 1812 307 non
1826 288 1897 315 per—

1012 355 1016 359 _
1060 329 1152 355 manet
1168 328 1198 354 in
1213 326 1387 354 sermonibus
1403 325 1470 361 legis
1486 327 1579 360 huius,
1595 333 1645 353 nec
1669 333 1713 353 eos
1732 333 1816 360 opere
1832 333 1899 360 per-

1059 373 1125 407 ﬁcit,
1141 374 1244 399 caetera
1260 370 1305 397 his
1321 370 1497 398 consimilia.

1097 417 1135 444 Ea
1150 418 1248 444 autem
1265 424 1330 450 qum
1346 415 1444 442 Davidi
1462 415 1538 441 dicta
1553 417 1633 448 sunt,
1648 415 1683 441 ad
1702 414 1814 441 Novum
1834 414 1895 441 Te-

1060 464 1237 489 stamentum
1264 460 1363 487 referri
1391 462 1538 495 possunt:
1558 460 1657 487 Docebo
1682 460 1772 492 enim,
1790 459 1896 493 inquit

1059 506 1192 538 Davides,
1209 505 1282 533 alter
1295 513 1311 531 a
1327 504 1416 538 Mose,
1432 506 1461 531 et
1482 507 1548 540 post
1566 504 1700 531 Davidem
1718 503 1892 538 evangelica

1060 550 1213 586 legislatio.

1392 595 1470 622 CAP.
1497 596 1544 622 VI.

1057 646 1144 673 52mm
1160 645 1283 679 hxresis,
1311 645 1407 707 Marii,
1424 653 1439 670 ίι
1455 644 1533 679 cujus
1556 643 1656 672 haeresi
1680 642 1888 678 resipisccnles,

1392 681 1564 707 untiz-antur.

1392 689 1406 706 ίι
1410 684 1436 714 pl
1441 681 1536 707 iz-antu
1541 688 1564 706 r.

1093 730 1212 765 Magicis
1246 730 1292 756 hic
1323 730 1437 756 artibus
1465 729 1638 761 instructus,
1667 723 1889 763 praestigiisque

1058 775 1119 802 suis
1137 775 1259 802 miriﬁca
1275 774 1373 802 nescio
1390 782 1453 809 quae
1466 773 1585 808 faciens,
1600 773 1708 800 multos
1721 772 1886 807 exsimpli-

1057 820 1186 847 ciorilms
1215 818 1404 846 circumvenit
1426 818 1493 853 (43),
1523 817 1667 852 imprimis
1690 825 1756 844 vero
1774 820 1888 844 matro-

1057 872 1161 891 narum
1178 864 1306 895 illarum,
1323 871 1385 898 qua
1414 863 1550 890 tnultitiis
1567 864 1595 889 et
1625 862 1780 897 purpureis
1797 861 1887 888 stolis

1058 912 1166 936 ornatae
1195 908 1374 941 incederent,
1392 908 1508 934 animus
1530 909 1558 934 et
1587 914 1707 941 corpora
1738 906 1884 940 corrupit.

1055 953 1105 981 Ille
1126 953 1215 986 enim,
1233 956 1264 979 ut
1285 953 1409 979 Irenaeus
1432 955 1533 979 auctor
1558 955 1612 985 est,
1629 952 1718 978 vil'rea
1743 952 1882 986 quantum

1055 997 1113 1025 albi
1129 997 1233 1024 coloris
1260 996 1361 1032 pocula
1382 996 1562 1031 praeparabat
1581 1004 1587 1027 ;
1614 995 1720 1022 deinde
1744 995 1884 1022 carmine

1055 1043 1152 1069 nescio
1168 1050 1226 1077 quo
1243 1050 1325 1074 usus,
1338 1041 1490 1068 confestim
1507 1049 1607 1068 eorum
1625 1041 1703 1068 aliud
1722 1040 1752 1067 in
1766 1049 1885 1076 purpu-

1055 1095 1149 1119 reum,
1170 1086 1249 1112 aliud
1278 1086 1402 1121 denique
1433 1086 1460 1111 in
1492 1084 1648 1112 caeruleum
1678 1085 1884 1112 convertebat.

1054 1132 1133 1159 Ideni
1149 1140 1212 1158 cuni
1229 1131 1382 1158 Valentino
1393 1130 1484 1157 multa
1495 1130 1602 1157 sa‘cula
1613 1130 1795 1165 conlingcbal
1815 1139 1888 1165 quas

1056 1176 1173 1211 quidem
1191 1178 1316 1210 quatuor
1342 1178 1369 1201 et
1399 1174 1499 1210 viginti
1514 1177 1677 1202 Gra'corum
1701 1174 1808 1201 litteris
1840 1175 1884 1201 si-

1055 1220 1139 1248 milia
1154 1219 1276 1247 dicebal.
1293 1219 1414 1254 Aliaque
1430 1222 1521 1252 muta,
1539 1219 1596 1246 alia
1607 1219 1807 1252 semivocalia,
1826 1219 1886 1246 alia

1055 1266 1181 1300 denique
1209 1264 1320 1291 vocalia
1350 1264 1547 1299 nuncupabut.
1575 1264 1647 1295 Quin
1675 1266 1704 1290 et
1736 1264 1885 1298 prolixam

1056 1312 1210 1346 ({uttmdullt
1251 1308 1378 1336 tabulam
1419 1308 1591 1340 instituens,
1621 1317 1696 1340 eam,
1732 1312 1762 1335 ut
1801 1309 1885 1336 idem

1056 1358 1181 1382 ll‘entBlls
1211 1355 1261 1386 ait,
1284 1354 1371 1388 Sigen
1401 1361 1451 1380 seu
1482 1352 1635 1380 Silentium
1668 1353 1799 1388 vocabat,
1828 1362 1885 1381 no-

1057 1401 1221 1426 ωὶυυέᾶῃω
1251 1399 1327 1433 quod
1352 1397 1455 1425 fabula;
1485 1400 1572 1432 atque
1606 1399 1670 1432 ejus
1706 1401 1885 1433 argumento

1058 1445 1224 1478 neutiquam
1242 1443 1425 1475 conveniret;
1438 1443 1558 1477 insuper
1574 1448 1602 1469 et
1614 1442 1682 1474 alia,
1700 1451 1763 1478 quae
1776 1451 1883 1478 super-

1059 1491 1147 1516 fluum
1166 1489 1291 1515 scribere
1320 1488 1399 1515 duxi.
1416 1488 1548 1515 Addebat
1563 1496 1579 1514 a
1597 1488 1710 1515 tetrade
1738 1496 1785 1515 seu
1802 1496 1879 1522 qua-

1058 1536 1199 1566 tcrnione,
1244 1532 1351 1560 secula
1395 1533 1582 1568 processisse.
1613 1534 1645 1560 In
1687 1532 1882 1568 quaternione

1027 1611 1039 1622 Ἴ
1061 1587 1143 1614 porro
1175 1577 1340 1610 Hominem,
1366 1577 1536 1609 Ecclesiam,
1566 1576 1703 1610 Verbum,
1730 1579 1759 1604 et
1787 1577 1886 1604 Vitam

1020 1614 1040 1642 CI
1061 1623 1213 1650 contineri.
1231 1622 1360 1648 Virtutes
1384 1625 1532 1656 przeteren,
1550 1630 1613 1657 quin
1639 1622 1675 1649 ab
1705 1622 1739 1649 iis
1764 1630 1891 1649 emana-

1058 1670 1170 1700 verant,
1188 1667 1224 1693 ab
1240 1675 1272 1694 eo
1288 1666 1357 1694 Jesu
1371 1669 1526 1702 generatas
1543 1674 1617 1701 esse,
1634 1666 1686 1702 qui
1710 1666 1792 1694 visus
1808 1669 1893 1694 esset

1059 1714 1087 1740 in
1104 1715 1189 1740 terra.
1209 1712 1240 1738 Et
1257 1711 1342 1738 Verbi
1370 1711 1488 1747 quidem
1515 1711 1592 1739 vices
1608 1711 1745 1747 angelum
1762 1711 1892 1739 Gabrie-

1059 1758 1113 1784 lem
1132 1766 1138 1783 :
1157 1756 1238 1789 Vitae,
1256 1756 1395 1791 Spiritum
1409 1758 1542 1783 sanctum
1564 1756 1728 1790 :Hominis,
1745 1756 1890 1784 virtutem

1058 1802 1121 1829 Filii
1140 1811 1145 1828 :
1163 1800 1296 1828 Ecclesiae
1312 1800 1438 1835 denique
1463 1800 1612 1836 Virginem
1630 1800 1818 1836 adimplesse.
1836 1803 1892 1829 At-

1058 1855 1114 1882 que
1127 1846 1167 1872 ita
1184 1854 1233 1881 per
1250 1845 1370 1872 Mariam
1387 1846 1519 1880 genitum
1536 1853 1599 1873 esse
1616 1853 1695 1878 eum,
1716 1845 1766 1880 qui
1783 1846 1891 1873 divina

1059 1890 1248 1926 dispositione
1264 1889 1351 1916 homo
1381 1890 1475 1917 tactus
1502 1892 1555 1917 est.
1573 1890 1690 1922 Quoties
1709 1893 1808 1917 autem
1835 1899 1891 1918 eos

1059 1935 1215 1971 bnptizant,
1247 1942 1321 1969 quos
1350 1934 1613 1968 circumvenerunt,
1639 1934 1685 1961 his
1715 1934 1757 1962 uti
1787 1935 1892 1963 verbis

1058 1979 1152 2008 solent
1170 1987 1175 2005 ί
1194 1979 1225 2005 In
1242 1978 1361 2005 nomine
1377 1978 1469 2012 ignoti
1496 1978 1588 2006 Patris
1613 1979 1756 2012 omnium,
1773 1982 1802 2006 et
1829 1980 1892 2007 Ve-

1058 2024 1152 2051 ritatis
1166 2023 1262 2050 Mutris
1279 2023 1422 2054 omnium,
1439 2028 1466 2050 et
1482 2024 1546 2058 ejus
1562 2024 1612 2059 qui
1636 2024 1786 2051 descendit
1800 2024 1892 2060 Jesu,

1059 2072 1093 2098 ad
1119 2069 1368 2105 conjunctionem,
1385 2071 1414 2096 et
1439 2070 1680 2104 redemptionem,
1697 2073 1725 2097 et
1750 2079 1890 2099 commu-

1059 2116 1233 2143 nicationem
1264 2115 1414 2142 virtutum.
1446 2115 1566 2149 Quoque
1605 2116 1745 2150 majorem
1773 2115 1798 2142 ei
1837 2116 1895 2151 qui

1058 2162 1219 2197 baptizatur
1250 2163 1396 2195 stuporem
1426 2160 1573 2196 injiciant,
1591 2160 1650 2188 bsic
1679 2161 1819 2189 llebraica
1838 2171 1894 2190 no-

1059 2207 1138 2233 mina
1156 2205 1358 2240 superaddunt
1381 2206 1435 2241 (44)
1452 2213 1458 2232 :
1473 2204 1607 2232 (ibamosi
1623 2205 1811 2234 baeannora:
1827 2216 1892 2243 my-

1059 2252 1164 2283 stadia,
1183 2250 1288 2282 rbuda,
1304 2251 1427 2277 cuetaba
1444 2259 1450 2277 :
1470 2250 1581 2285 pbogor
1599 2258 1604 2276 :
1623 2250 1741 2278 calathi.
1756 2252 1894 2283 Quorum

1020 2292 1041 2323 D
1058 2295 1258 2331 interpretatio
1274 2295 1336 2322 haec
1353 2298 1397 2322 est
1413 2303 1419 2321 :
1435 2295 1457 2322 Ο
1474 2295 1524 2330 qui
1541 2303 1572 2322 es
1589 2303 1678 2330 super
1693 2304 1811 2324 omnem
1831 2298 1894 2324 vir-

1061 2344 1150 2369 tutem
1177 2340 1286 2372 Patris,
1306 2343 1333 2367 te
1358 2340 1541 2373 invocamus,
1560 2341 1609 2375 qui
1636 2340 1759 2373 Lumen,
1777 2344 1806 2368 et
1822 2342 1897 2377 Spi-

1062 2389 1133 2415 ritus
1151 2389 1257 2418 bonus,
1281 2387 1309 2412 et
1323 2384 1387 2413 Vita
1401 2385 1563 2412 nominaris
1582 2394 1587 2412 :
1605 2386 1744 2420 quoniam
1771 2386 1800 2413 in
1827 2394 1897 2413 cor-

1063 2442 1131 2468 pore
1146 2431 1286 2468 regnasti.

1098 2478 1149 2509 Qui
1158 2480 1256 2504 autem
1266 2477 1400 2503 sacratur
1408 2474 1483 2502 hunc
1492 2474 1520 2502 in
1531 2475 1652 2502 modum
1663 2475 1763 2503 adista
1771 2484 1898 2511 respon-

1064 2524 1112 2550 dt-t
1130 2531 1135 2549 2
1152 2522 1348 2549 Conﬁrmatus
1360 2527 1438 2552 sum,
1452 2519 1622 2555 redemptus
1635 2528 1712 2554 sum,
1726 2520 1755 2547 in
1769 2521 1895 2549 nomine

1064 2567 1122 2599 Iao,
1139 2566 1188 2601 qui
1205 2565 1333 2592 animam
1354 2572 1447 2591 meam
1465 2564 1500 2591 ab
1524 2563 1579 2591 hoc
1610 2565 1716 2592 saeculo
1742 2564 1896 2593 liberavit.

1063 2611 1173 2639 Deinde
1189 2610 1284 2645 ipsum
1301 2608 1491 2644 opobalsama
1507 2608 1665 2644 inungunt,
1682 2612 1711 2637 et
1726 2611 1897 2645 perfectum

1065 2655 1191 2683 evasisse
1215 2653 1420 2689 pronuntiant.

1426 2729 1448 2746 ⁸⁸
1471 2729 1538 2757 Luc.
1569 2738 1624 2765 XVI,
1649 2730 1694 2758 3i.
1719 2730 1741 2747 ³⁷
1780 2730 1845 2759 Ibid
1861 2732 1901 2761 29

1101 2826 1156 2861 (44)
1176 2824 1245 2852 Ilinc
1262 2823 1364 2850 Ireniei
1381 2823 1477 2851 locum
1495 2824 1696 2853 restituerunt.
