4052 6418
341 361 487 421 125⁵7

649 494 917 548 Ηέενεδεοε
947 488 1315 560 praecedentis
1343 487 1671 556 con/utalia.

407 583 683 640 Mirificus
739 581 970 635 Marcus
1003 577 1304 650 prestigiis
1366 581 1422 632 et
1479 576 1986 631 incantationibus

335 671 714 745 praesentium
775 669 864 724 vel
924 668 1293 740 perspicares
1376 665 1578 721 oculos
1636 663 1982 731 fascinabat,

332 764 732 831 efﬁciebatque
768 766 830 816 ut
859 777 926 816 ea
958 778 1080 830 quae
1128 758 1622 830 conspicerentur,
1677 766 1874 812 contra
1925 771 1986 810 se

333 853 548 907 habere
573 851 928 915 viderentur,
961 865 1140 918 quam
1163 864 1366 904 eorum
1401 853 1609 901 natura
1644 847 1835 900 ferret.
1871 843 1986 899 Nec

329 942 485 996 enim
521 939 812 1012 pellucida
844 954 1119 994 vasorum
1147 938 1472 992 vitreorum
1507 952 1752 1007 corpora
1792 935 1849 988 in
1884 951 1980 989 va-

329 1028 446 1084 rios
483 1035 702 1084 mutare
733 1027 957 1082 colores
992 1026 1319 1097 potuisset:
1353 1028 1417 1080 ut
1447 1041 1578 1096 quas
1627 1023 1982 1079 adeuntibus

324 1119 456 1174 alba
499 1119 888 1190 protenderet,
942 1116 1145 1171 eadem
1201 1131 1334 1170 mox
1393 1115 1448 1168 in
1513 1129 1827 1185 purpurea,
1894 1110 1982 1166 vel

323 1209 568 1263 carulea
588 1205 1100 1274 mutaret,hocque
1118 1207 1285 1274 pacto
1307 1202 1732 1273 simpliciorum
1757 1200 1978 1271 pleros-

325 1311 436 1366 que
465 1293 950 1350 circumveniret:
994 1292 1052 1345 in
1085 1290 1292 1362 primis
1340 1294 1534 1346 autem
1579 1287 1976 1356 mulierculas,

326 1403 452 1455 quae
476 1384 630 1440 circa
661 1383 854 1438 colum
907 1388 1197 1453 occupatae
1230 1379 1446 1434 fabulis
1494 1389 1546 1434 et
1601 1377 1978 1450 nugamentis

328 1475 605 1546 gaudent.
640 1474 754 1528 Nec
791 1472 989 1526 minus
1021 1471 1078 1525 in
1121 1488 1186 1526 eo
1246 1477 1523 1541 nugatur,
1560 1469 1714 1538 quod
1761 1467 1978 1522 saecula

327 1565 508 1619 tradit
539 1581 685 1631 esse,
720 1580 845 1633 quae
880 1577 1124 1615 numero
1159 1560 1367 1614 litteris
1400 1564 1649 1628 quatuor
1679 1562 1734 1612 et
1772 1556 1975 1628 viginti

323 1653 734 1722 respondeant.
797 1649 1075 1714 Quamvis
1136 1648 1292 1704 enim
1345 1647 1558 1703 saecula
1626 1645 1972 1702 saeculorum

323 1741 655 1810 audiamus,
717 1757 847 1794 vera
895 1745 1094 1794 tamen
1144 1737 1362 1809 opinio,
1416 1754 1544 1807 qua:
1605 1752 1697 1790 res
1747 1735 1975 1790 divinas

321 1831 654 1887 immobiles
688 1847 815 1886 esse
842 1831 1032 1898 docet,
1068 1829 1306 1884 unicum
1340 1827 1456 1882 illis
1491 1827 1770 1883 saeculum
1803 1825 1971 1881 attri-
2002 1861 2051 1926 B

322 1923 472 1978 buit.

395 2011 470 2067 Iis
490 2016 685 2066 autem
723 2012 918 2078 rebus,
943 2025 1071 2080 quae
1117 2007 1300 2062 motui
1335 2011 1391 2062 et
1439 2004 1796 2076 corruptioni
1838 2009 1974 2060 sunt

325 2101 609 2167 obnoxiae,
644 2106 878 2172 tempus
909 2099 1191 2170 assignat,
1227 2097 1380 2168 quod
1438 2094 1772 2151 transitorio
1833 2093 1972 2149 solis

325 2197 380 2247 et
413 2191 566 2246 lunre
601 2207 776 2245 cursu
812 2205 1044 2259 semper
1096 2191 1343 2256 motum,
1373 2201 1735 2250 mensuram,
1759 2187 1816 2238 et
1871 2182 1974 2236 ﬂu-

328 2298 461 2337 xum
496 2279 1026 2350 recipiat.Quarum
1055 2277 1210 2332 enim
1245 2291 1441 2330 rerum
1465 2279 1676 2329 natura
1693 2277 1973 2344 perpetua

326 2386 442 2424 non
477 2373 588 2432 est,
620 2384 697 2423 ea:
730 2368 1014 2439 temporis
1046 2365 1556 2420 vicissitudinibus
1617 2364 1968 2418 consistunt.

326 2462 585 2525 Quarum
633 2464 828 2513 autem
871 2458 1126 2513 essentia
1176 2454 1497 2511 immobilis
1550 2458 1660 2522 est,
1703 2458 1759 2509 et
1816 2459 1968 2508 statu

322 2546 586 2601 numeris
623 2545 899 2601 omnibus
939 2544 1207 2599 absoluto
1243 2543 1508 2614 praedita,
1542 2542 1613 2597 iis
1649 2558 1972 2597 accommo-

319 2636 462 2690 duin
497 2634 777 2691 saeculum
811 2635 957 2688 citra
990 2633 1422 2688 dimensionem
1465 2631 1748 2703 procedit,
1782 2647 1971 2701 neque

319 2724 456 2779 ullis
491 2725 748 2780 noctium
780 2727 836 2778 et
896 2723 1121 2778 dierum
1178 2721 1520 2786 intervallis,
1555 2737 1744 2792 neque
1793 2720 1968 2786 veris,

326 2815 568 2880 aestatis,
604 2813 896 2877 autumni,
919 2817 976 2868 et
998 2811 1208 2865 hiemis
1239 2810 1753 2866 vicissitudinibus
1786 2810 1971 2866 instar

331 2903 615 2974 temporis
639 2903 720 2957 ita
751 2902 1124 2968 discernitur,
1157 2905 1222 2956 ut
1272 2900 1410 2955 anni
1469 2901 1738 2972 partibus
1770 2899 1970 2955 ordine

331 2992 628 3063 productis
657 2991 1014 3046 curriculum
1044 2990 1292 3045 solstitio
1343 2988 1625 3058 absolvat,
1660 2990 1968 3059 denuoque

320 3081 584 3150 incipiat,
620 3081 718 3134 sed
751 3095 985 3150 semper
1014 3080 1154 3147 Ens,
1177 3078 1548 3148 essentiaque
1577 3077 1854 3148 praeteriti
1911 3079 1968 3131 et

320 3170 501 3225 futuri
536 3173 769 3240 experte
800 3168 1128 3239 praditum.
1163 3168 1308 3223 Nam
1346 3167 1625 3239 temporis
1660 3184 1792 3239 pars
1851 3183 1968 3221 una

323 3257 611 3329 praeteriit,
661 3257 774 3312 alia
831 3259 1028 3313 futura
1076 3261 1185 3323 est,
1247 3273 1505 3329 praesens
1558 3255 1673 3311 alia
1725 3256 1961 3311 dicitur.

322 3350 608 3404 Saeculum
636 3353 852 3415 autem,
889 3348 1083 3418 ipsum
1117 3348 1430 3418 partitione
1480 3352 1657 3415 caret,
1688 3346 1968 3417 nulloque

319 3443 580 3509 tempore
635 3454 700 3492 ac
763 3437 886 3491 loco
958 3436 1480 3504 circumscribitur,
1529 3435 1964 3506 sempiternita-

319 3534 493 3598 teque
525 3528 668 3582 adeo
698 3543 830 3581 cum
865 3526 958 3591 iis,
990 3543 1118 3596 qua
1153 3526 1511 3596 sempiterna
1536 3532 1692 3594 sunt,
1725 3525 1962 3596 gaudet.

315 3618 570 3673 Vaasanze
594 3633 764 3688 porro
799 3616 1010 3671 mentis
1044 3617 1408 3685 figmentum,
1441 3615 1732 3684 Marcique
1765 3615 1836 3668 de
1859 3631 1967 3669 sae-

315 3707 464 3764 culis
504 3707 894 3763 commentum
946 3705 1308 3774 semivocale,
1361 3705 1578 3773 vocale,
1624 3708 1681 3758 et
1735 3708 1964 3758 mutum

315 3802 422 3854 est.
458 3799 603 3853 Nam
636 3803 887 3867 quatuor
928 3800 985 3852 et
1014 3796 1219 3867 viginti
1270 3794 1482 3850 litteris
1535 3793 1680 3849 alias
1741 3793 1966 3849 vocales

316 3886 571 3957 appellat
601 3885 1042 3956 grammaticus,
1090 3884 1426 3953 cujusmodi
1485 3887 1624 3939 sunt
1653 3903 1705 3951 α,
1755 3902 1799 3952 ε,
1831 3902 1888 3950 η,
1928 3901 1964 3948 ι,

318 3997 368 4044 ο,
402 3997 453 4042 υ,
477 3983 533 4032 et
565 3993 639 4030 ωε
694 3976 830 4046 quia
881 3975 1161 4031 nimirum
1194 3993 1297 4048 per
1329 3992 1389 4031 se
1421 3975 1599 4047 ipsas,
1633 3974 1804 4045 vique
1857 3990 1966 4028 sua

315 4083 515 4122 vocem
549 4065 880 4137 perﬁciunt,
905 4066 1136 4120 etiamsi
1170 4065 1300 4120 aliis
1362 4081 1476 4119 non
1528 4064 1965 4134 conjungantur

316 4156 527 4212 litteris
553 4173 565 4209 :
591 4154 738 4211 altas
761 4154 1136 4210 semivocales
1164 4169 1176 4207 ε
1211 4153 1356 4208 alias
1390 4153 1531 4208 item
1577 4161 1812 4206 mutuas
1864 4168 1962 4206 vo-

315 4249 432 4312 cat,
462 4249 527 4299 ut
561 4244 613 4318 β,
647 4263 697 4317 γ,
724 4239 774 4313 δ,
808 4247 864 4298 et
884 4259 1011 4313 quae
1043 4246 1502 4313 consequuntur,
1538 4244 1601 4295 ut
1632 4257 1758 4310 quas
1816 4239 1962 4294 nihil

314 4350 516 4389 eorum
563 4331 916 4403 exprimant,
980 4347 1104 4402 quae
1167 4331 1236 4384 ad
1299 4329 1658 4400 colloquium
1721 4327 1959 4395 faciunt,

314 4423 536 4494 absque
559 4421 808 4476 aliorum
869 4421 1288 4475 elementorum
1331 4418 1760 4489 conjunctione,
1795 4417 1963 4472 nimi~

312 4529 442 4568 rum
474 4532 525 4580 α,
560 4532 605 4578 ε,
639 4515 1049 4566 etcaeterorum
1082 4507 1446 4578 huiusmodi.
1495 4511 1566 4562 At
1609 4506 1966 4567 saeculorum

1670 354 2066 414 THESAURI
2114 355 2260 414 LIB.
2309 357 2414 414 IV.

2015 487 2068 552 Α
2099 486 2338 558 quidem
2372 487 2817 558 quaternitatem
2855 488 3279 559 Pythagoreum
3323 491 3535 563 dogma
3565 494 3749 550 fuisse

3593 365 3751 424 1258

2095 576 2334 631 scimus.
2360 576 2687 632 Potestates
2717 593 2872 644 vero,
2907 577 2956 632 si
3007 579 3298 647 angelicas
3329 582 3743 650 concedamus,

2091 682 2121 719 a
2143 665 2281 719 Jesu
2311 664 2644 736 productas,
2681 671 2738 721 at
2780 683 2894 720 non
2945 667 3338 736 generationis
3370 670 3497 740 ejus
3529 687 3739 728 causas

2092 754 2386 809 exstitisse
2409 754 2690 809 dicemus.
2725 753 2841 809 Hoc
2867 771 3034 824 porro
3065 755 3177 810 illae
3210 775 3442 828 quoque
3473 775 3714 831 comper

2090 848 2214 898 tum
2244 843 2526 898 habentes
2559 843 3065 900 vociferabantur:
3129 846 3270 913 Quid
3328 848 3482 904 nobis
3537 856 3591 904 et
3619 853 3743 918 tibi,

2086 934 2212 988 Jesu
2243 935 2353 988 Fili
2385 936 2478 988 Dei
2497 937 2524 987 Ὺ
2558 935 2755 989 venisti
2777 935 3024 989 hucnnte
3041 939 3251 1007 tempus
3277 945 3522 1008 torquere
3543 956 3642 996 nos
3673 943 3741 996 ³¹.

2089 1023 2205 1077 Illae
2234 1023 2415 1089 enim,
2445 1024 2586 1079 dum
2637 1024 2924 1093 superbiae
2981 1031 3213 1096 peccato
3263 1028 3602 1097 efferuntur,
3667 1033 3738 1086 ad

2086 1113 2143 1167 id
2212 1114 2365 1184 quod
2428 1113 2682 1168 deterius
2711 1117 2802 1168 est
2858 1131 2986 1169 sese
3041 1121 3476 1184 converterunt,
3530 1120 3740 1190 pristi-

2080 1219 2272 1273 naque
2321 1201 2420 1256 illa
2449 1203 2735 1273 dignitate
2785 1204 3139 1271 excidentes,
3183 1205 3472 1275 supplicio
3505 1211 3729 1263 manci-

2085 1298 2231 1363 patae
2261 1293 2535 1361 subjectae
2576 1297 2734 1357 sunt,
2769 1293 2919 1364 quod
2947 1290 3180 1364 βάσανον
3213 1294 3319 1348 hoc
3346 1299 3437 1349 est
3468 1299 3733 1352 tormen-

2082 1380 2589 1453 tum,appellatur.
2608 1386 2746 1438 Nam
2768 1399 2896 1453 quae
2919 1383 3029 1438 fuit
3045 1384 3732 1456 ejus,quaeso,superbia,

2083 1472 2184 1543 qui
2239 1471 2392 1528 inter
2422 1471 2554 1528 illas
2586 1473 2903 1545 primatum
2949 1473 3169 1529 habet?
3225 1474 3400 1546 Super
3457 1484 3605 1530 astra
3638 1476 3734 1530 Dei

2081 1562 2335 1618 excitabo
2381 1563 2558 1618 sedem
2615 1580 2818 1631 meam,
2851 1573 2905 1618 et
2955 1580 3045 1620 ero
3078 1565 3282 1619 similis
3338 1565 3642 1632 Altissimo,
3678 1570 3731 1621 et

2080 1653 2533 1723 comprehendam
2574 1653 2758 1708 orbem
2816 1660 2986 1710 terra?
3039 1656 3196 1725 quasi
3250 1655 3468 1719 nidum,
3500 1663 3550 1709 et
3603 1660 3728 1710 tan-

2081 1756 2248 1811 quam
2303 1757 2408 1796 ova
2457 1741 2720 1797 derelicta
2770 1742 2961 1796 tollam
3015 1741 3082 1808 ‘0,
3135 1743 3261 1796 Haec
3321 1742 3550 1814 quidem
3611 1742 3730 1812 ille,

2083 1829 2352 1886 Christus
2383 1834 2579 1886 autem
2631 1830 2820 1902 quid?
2859 1833 2992 1886 Ecce
3046 1831 3172 1887 dedi
3218 1833 3371 1886 vobis
3414 1836 3732 1902 potestatem

2084 1919 2339 1974 calcandi
2385 1937 2560 1992 supra
2607 1923 2900 1992 serpentes,
2954 1923 3003 1976 et
3079 1922 3389 1992 scorpiones
3445 1929 3499 1977 et
3573 1939 3737 1994 super

2084 2026 2299 2065 omnem
2327 2011 2589 2065 virtutem
2603 2010 2828 2064 inimici
2855 2011 2922 2064 ⁴¹.
2958 2011 3171 2066 Contra
3189 2027 3359 2081 porro
3384 2010 3732 2066 Christianas

2083 2097 2359 2152 doctrinas
2392 2104 2552 2166 sunt,
2579 2104 2999 2169 proptereaque
3041 2114 3168 2152 cum
3213 2099 3342 2152 aliis
3378 2099 3555 2154 Marci
3589 2101 3735 2171 dog-

2085 2186 2259 2240 matis
2302 2186 2638 2255 rejicienda,
2661 2203 3026 2258 quascunque
3050 2188 3225 2242 etiam
3251 2188 3582 2243 sacerdotes
3605 2190 3734 2258 ejus

2083 2275 2451 2330 incantantes
2479 2274 2552 2330 iis
2581 2275 2977 2341 insusurrant,
3011 2292 3156 2346 quos
3216 2277 3591 2347 baptismatis
3648 2277 3736 2333 la—

2081 2380 2250 2420 vacro
2280 2364 2576 2435 proluunt.
2610 2365 2876 2421 Christus
2909 2365 3063 2420 enim
3127 2367 3180 2420 in
3232 2367 3468 2420 nomine
3525 2368 3733 2436 Patris,

2084 2457 2144 2508 et
2194 2453 2319 2508 Filii
2371 2459 2428 2509 et
2481 2454 2733 2525 Spiritus
2789 2454 2996 2522 sancti,
3029 2454 3390 2525 baptismum
3432 2456 3732 2512 conferen-

2085 2543 2224 2596 dum
2259 2559 2384 2598 esse
2417 2543 2712 2614 apostolos
2741 2544 2970 2598 docuit:
2998 2543 3055 2598 hi
3086 2549 3279 2599 autem
3314 2546 3496 2615 patris
3528 2546 3732 2618 ignotii

2084 2649 2301 2688 nomen
2364 2635 2653 2688 invocant.
2705 2633 2868 2688 Certe
2927 2634 3056 2704 quis
3110 2633 3205 2688 ille
3263 2634 3340 2688 sit
3393 2637 3609 2702 nescio,
3670 2642 3734 2692 ut

2083 2726 2275 2777 tamen
2299 2739 2366 2778 ex
2396 2722 2779 2793 sequentibus
2811 2722 3039 2777 ariolari
3073 2724 3265 2790 datur,
3300 2723 3350 2778 is
3382 2729 3470 2779 est
3496 2742 3529 2780 a
3561 2726 3731 2782 nobis

2083 2816 2181 2884 qui
2213 2813 2429 2869 Christi
2461 2830 2671 2869 nomen
2705 2813 3068 2885 profitemur,
3102 2814 3347 2870 alienus.

2747 2939 2904 2994 CAP.
2939 2938 3058 2993 VII.

2079 3045 2329 3118 Septima
2413 3045 2661 3114 haeresis,
2731 3045 3186 3171 Astcodrugorum,
3247 3047 3333 3102 vel
3409 3048 3732 3120 Ascodrupi-

2813 3133 2994 3171 arum.

2813 3133 2994 3172 arum.

1997 3227 2038 3294 α
2149 3225 2218 3279 Hi
2253 3241 2439 3297 neque
2462 3223 2658 3279 divina
2691 3225 2989 3296 mysteria,
3022 3226 3139 3281 sive
3181 3232 3560 3296 sacramenta,
3596 3246 3722 3301 qua

2077 3319 2218 3370 sunt
2248 3331 2448 3372 eorum
2466 3331 2592 3385 quae
2625 3331 2739 3368 non
2770 3315 3043 3370 videntur
3074 3316 3356 3387 symbols,
3405 3317 3578 3373 rebus
3609 3319 3723 3376 sub

2078 3410 2379 3477 aspectum
2402 3404 2787 3460 cadentibus:
2823 3420 3012 3475 neque
3071 3405 3412 3477 incorporea
3469 3410 3721 3465 sensibi-
3784 3425 3789 3430 '

2075 3494 2229 3550 libus
2262 3499 2317 3549 et
2347 3494 2641 3563 corporeis
2686 3494 2989 3548 referenda
3046 3499 3149 3549 aut
3205 3502 3724 3556 commemoranda

2075 3600 2203 3639 esse
2235 3582 3008 3638 contendebant.Perfectam
3031 3588 3228 3639 autem
3258 3586 3720 3659 redemptionem

2075 3671 2134 3724 in
2166 3686 2232 3725 eo
2264 3668 2585 3724 consistere
2608 3669 2899 3738 dicebant,
2933 3669 2982 3723 si
3005 3669 3137 3739 quis
3168 3685 3366 3726 veram
3399 3673 3529 3742 ejus
3562 3675 3718 3745 quod

2073 3765 2163 3815 est
2189 3759 2457 3814 notitiam
2492 3757 2722 3813 habeat.
2767 3757 2907 3813 Nam
2941 3775 3067 3829 quae
3114 3759 3380 3815 videntur
3429 3763 3718 3836 universa,

2073 3848 2428 3921 ignorationi
2453 3850 2510 3903 et
2535 3846 2796 3918 passioni
2828 3847 3098 3914 obnoxia,
3127 3865 3228 3920 per
3286 3852 3718 3921 generationem

2073 3937 2495 3994 dissolvuntur.
2515 3937 2702 4008 Igitur
2732 3937 2984 4008 expiatio
3015 3938 3342 4010 spiritualis
3373 3957 3501 3997 esse
3532 3944 3723 4001 debet.

2073 4028 2323 4084 Proinde
2354 4041 2542 4096 neque
2583 4025 2884 4097 baptisant
2913 4027 2985 4081 ad
3019 4043 3081 4082 se
3139 4029 3500 4102 accedentes,
3534 4048 3724 4104 neque

2073 4118 2228 4173 ullus
2253 4117 2490 4172 omnino
2511 4116 2659 4184 apud
2695 4115 2824 4170 illos
2856 4115 3222 4187 baptismatis
3256 4120 3531 4189 mysterio
3557 4122 3722 4178 locus

2069 4212 2176 4264 est.
2212 4204 2688 4276 Redemptionem
2732 4205 2886 4259 enim
2919 4220 3122 4260 eorum
3169 4223 3294 4278 quae
3329 4212 3469 4263 sunt
3527 4212 3721 4283 cogni-

2071 4301 2288 4353 tionem
2321 4301 2547 4352 vocant.

2392 4405 2669 4460 Hareseos
2696 4404 3056 4475 praecedentis
3084 4409 3409 4478 confutatio.

2142 4512 2466 4583 Ascodrugi
2521 4528 2756 4584 quoque
2786 4530 2936 4569 vana
2973 4519 3032 4569 et
3079 4515 3228 4570 falsa
3261 4515 3462 4581 locuti,
3497 4518 3726 4574 miseri-

313 4600 386 4672 (si
402 4606 595 4656 tamen
618 4618 650 4654 a
671 4616 967 4672 quoquam
993 4597 1206 4654 saecula
1226 4596 1964 4669 pluraadmittantur)qua,
1995 4591 2041 4656 D
2076 4605 2284 4661 eordiae
2315 4602 2498 4671 illius,
2531 4620 2664 4682 quae
2720 4604 3028 4661 hominum
3083 4607 3327 4662 assidua
3377 4623 3571 4663 comes
3610 4614 3719 4679 est,

311 4707 526 4761 quaeso,
563 4691 806 4751 ratione,
841 4706 1072 4761 quaque
1104 4688 1356 4744 naturali
1388 4687 1719 4742 diti'erentia
1760 4703 1959 4743 vocem

311 4781 466 4848 aliis,
503 4783 633 4837 aliis
665 4781 1032 4847 semivocem,
1066 4797 1294 4836 merum
1335 4780 1588 4850 denique
1613 4779 1768 4834 vocis
1798 4779 1958 4834 defe-

311 4877 469 4926 ctum
501 4872 632 4927 aliis
679 4875 908 4926 Marcus
939 4869 1194 4925 tribuit?
1225 4869 1499 4924 Absurda
1551 4885 1793 4939 prorsus
1839 4868 1960 4924 haec

313 4965 402 5016 est
449 4960 728 5027 distictio,
765 4965 828 5015 ut
871 4964 928 5014 et
978 4958 1078 5014 illa
1125 4959 1514 5030 quaternitas,
1567 4975 1691 5029 quae
1745 4957 1960 5014 saecula

311 5052 554 5122 peperit,
581 5050 908 5120 absurdior,
941 5050 1033 5105 cui
1069 5049 1305 5120 quidem
1337 5048 1616 5116 hominis,
1667 5048 1957 5119 Ecclesiae,

309 5142 586 5208 Verbi,et
631 5140 764 5195 Vitae
822 5156 1033 5195 nomen
1074 5139 1376 5210 imponere
1439 5138 1669 5193 Marcus
1720 5137 1958 5194 assolet.

308 5230 817 5296 Quemadmodum
847 5245 1016 5284 merae
1037 5243 1268 5300 quoque
1297 5244 1466 5300 nugis
1480 5231 1620 5292 sunt
1641 5227 1960 5284 Potestates

308 5323 441 5391 illae,
476 5339 625 5395 quas
647 5323 802 5378 idem
833 5321 998 5388 Jesu,
1019 5319 1122 5390 qui
1150 5321 1314 5374 visus
1365 5323 1454 5375 est
1486 5319 1545 5374 in
1581 5323 1762 5385 terra,
1785 5335 1957 5390 gene-

306 5415 475 5471 randi
508 5419 770 5470 auctores
803 5413 1139 5485 tradit,qu2e
1167 5411 1445 5467 nimirum
1481 5427 1513 5465 a
1545 5411 1956 5482 quaternitate,

306 5521 424 5561 non
458 5522 626 5561 secus
659 5509 834 5576 atque
866 5523 900 5562 a
929 5508 1148 5561 cratere
1181 5504 1456 5574 quodam,
1510 5502 1827 5573 proﬂuent.
1871 5504 1958 5560 Si-

380 5658 427 5694 39
460 5657 664 5715 Matth.
702 5676 823 5728 Vlll,
855 5660 944 5716 29.
1019 5658 1064 5693 ‘0
1095 5657 1208 5715 Isa.
1240 5674 1357 5726 xxv,
1395 5656 1479 5713 13.
1559 5655 1603 5694 ⁴ί
1641 5661 1776 5714 Luc.
1810 5675 1866 5730 ι,
1900 5658 1987 5716 19.

629 5781 893 5842 Parant.
943 5781 1052 5840 Gn.
1089 5781 1234 5840 CXX
1250 5780 1403 5840 XIX.

2073 4694 2362 4750 moenibus
2399 4709 2528 4748 sese
2577 4710 2814 4764 prorsus
2856 4695 3246 4750 excluserunt.
3292 4697 3506 4750 Rerum
3560 4698 3719 4752 enim

2071 4785 2400 4840 divinarum
2442 4790 2498 4838 et
2529 4800 2655 4854 qua:
2678 4783 2784 4838 sub
2818 4787 3115 4854 aspectum
3149 4801 3264 4840 non
3310 4785 3528 4840 cadunt
3586 4785 3718 4858 ple-

2072 4891 2261 4948 risque
2320 4875 2423 4930 Dei
2466 4875 2661 4946 jussu,
2713 4890 3057 4944 corporeum
3116 4878 3172 4929 et
3222 4875 3406 4931 oculis
3451 4876 3719 4934 omnium

2071 4967 2400 5038 expositum
2436 4968 2659 5020 statum
2691 4963 2909 5018 sortitae
2941 4967 3099 5019 sunt.
3121 4963 3222 5020 Ille
3253 4966 3720 5036 enim,Vide,ad,

2070 5060 2136 5111 ut
2166 5055 2347 5112 facias
2370 5053 2567 5110 omnia
2614 5053 2939 5108 secundum
2993 5053 3244 5110 formam
3278 5055 3381 5110 tibi
3428 5073 3720 5128 praemon-

2071 5151 2315 5204 stratam
2347 5146 2406 5200 in
2431 5147 2646 5200 monte.
2671 5142 2780 5198 Ubi
2831 5144 2900 5198 de
2933 5145 3312 5202 tabernaculo
3349 5147 3526 5203 verba
3557 5148 3720 5219 facit,

2069 5241 2128 5292 et
2156 5235 2402 5304 caeteris,
2439 5250 2565 5306 qum
2595 5233 2653 5287 in
2688 5248 2752 5288 eo
2780 5250 2812 5288 a
2843 5232 3128 5291 Beseleele
3158 5236 3446 5308 disposita
3490 5242 3648 5293 sunt.

2141 5323 2488 5380 Continebat
2535 5325 2732 5378 autem
2774 5323 3221 5381 tabernaculum
3277 5330 3444 5398 septa
3495 5327 3722 5395 decem,

2073 5430 2326 5488 quorum
2363 5414 2832 5484 unumquodque
2863 5413 2922 5469 in
2957 5414 3384 5488 longitudinem
3420 5415 3494 5470 ad
3517 5415 3725 5487 viginti

2073 5509 2206 5562 octo
2238 5503 2489 5569 cubitos,
2523 5503 2581 5556 in
2612 5502 2987 5560 latitudinem
3020 5521 3154 5560 vero
3186 5505 3256 5561 ad
3298 5508 3548 5577 quatuor
3596 5521 3728 5577 pro-

3418 5777 3499 5837 40
