2026 3191
7 2673 14 2739 i

5 2747 15 2825 fi

5 2817 15 2867 ἔ

5 2876 12 2984 i

185 166 261 197 1269
844 161 997 192 NICE’I‘IE
1017 161 1231 193 GHONIATE
1821 164 1909 196 1260

186 234 370 268 tondebatur,
398 232 568 259 universum
595 231 680 264 bysso
710 229 827 261 intorta,
845 228 1011 265 hyacintho,
1029 231 1054 264 Α
1070 229 1146 257 alius
1162 228 1307 265 epopuio,
1320 237 1406 265 capra
1422 230 1517 258 facere
1534 230 1705 265 jubebatur.
1721 230 1749 258 Si
1780 239 1902 267 pauper

188 286 331 315 purpura,
342 280 370 305 et
386 276 502 305 coccino
519 276 628 303 intorta
643 275 810 301 contextum
831 277 904 302 erat.

225 322 395 350 Fulciebant
424 323 519 348 autem
549 319 771 347 tabernaculum
809 318 951 346 columnas
981 326 1015 345 ex

190 369 279 406 lignis
292 368 480 404 incorruptis,
492 367 593 403 viginti
608 374 730 393 numero
746 366 873 393 exterius
888 373 958 392 auro
973 365 1014 392 in-

193 415 340 442 orustates.
357 415 445 440 Porro
462 411 642 439 tabernaculi
653 410 750 438 velum
764 409 933 445 hyacintho,
945 417 1014 445 pur-

193 466 268 496 pura
282 458 440 491 coccino,et
448 458 534 493 bysso
541 458 741 484 constructum
754 456 902 483 erat.Arca
917 456 1014 482 autem

193 505 270 532 intra
284 504 379 532 velum
396 504 452 531 sita
467 505 538 536 erat,
554 504 583 529 et
598 502 627 529 in
654 500 795 537 superiori
824 502 892 536 post
920 499 1014 528 velum

195 551 287 585 parte,
303 548 539 584 Propitintorium
552 547 800 582 conspiciebatur,
810 546 857 574 cui
873 546 930 573 duo
943 545 1014 573 Che-

194 595 289 622 rubim
303 603 373 622 auro
384 595 499 621 tornata
528 594 630 620 mutuo
655 601 686 620 se
710 600 744 620 ex
773 592 893 619 adverso
924 591 1014 626 respi-

191 639 297 667 cientis
312 638 488 665 insidebant.
503 636 608 664 Velum
620 644 704 672 porro
720 636 827 664 Sancto
843 637 1014 663 sanctorum

194 692 246 720 per
260 684 390 711 medium
404 682 594 718 partiebatur,
612 684 698 717 atque
726 689 823 708 arcam
853 680 1014 708 testimonii

191 731 231 756 ita
244 728 403 764 operiebat,
421 729 452 755 ut
466 734 525 755 non
541 728 702 763 appareret.

227 775 328 802 Mensa
343 781 410 802 vero
426 775 507 801 extra
520 771 616 800 velum
646 772 754 803 stabat,
768 779 871 799 versus
897 772 1015 806 septen-

192 820 328 854 trionem,
341 818 425 853 cuius
441 826 456 845 e
478 817 594 852 regione
617 816 825 844 candelabrum
842 823 943 843 versus
957 822 1015 842 me-

190 865 294 893 ridiem
311 865 437 900 jacebat.

229 913 369 937 (Tzetcrum
387 909 574 936 sacerdotalis
591 908 670 934 stola)
698 908 852 942 pectorale,
869 907 1013 942 superbu-

198 955 315 988 mcraie,
332 954 430 981 talaris
450 955 548 980 tunica
561 950 729 982 κοσπύϐοτος
745 961 779 980 ex
804 953 891 988 bysso
907 952 1015 979 intorta

197 1001 380 1028 constabant.
407 1001 497 1033 Atque
529 998 816 1033 superliumeralium
843 999 955 1025 textura
982 1004 1016 1024 ex

198 1054 279 1077 auro,
306 1044 473 1079 hyacintho,
500 1046 529 1070 et
550 1052 687 1079 purpura,
703 1043 817 1077 du0que
832 1042 943 1077 lapides
959 1042 1011 1068 liu-

196 1090 285 1116 meris
310 1088 570 1124 supcrhumcralis,
605 1088 713 1123 quibus
743 1087 859 1114 nomina
889 1087 1013 1114 filiorum

194 1134 308 1161 Israelis
338 1133 484 1169 insculpta
495 1135 585 1160 erant.
602 1132 1014 1167 Rationeautemjudiciorum

199 1178 433 1213 quadrangulum
453 1177 560 1213 duplex
576 1180 646 1210 erat,
665 1177 750 1212 primi
780 1176 971 1211 longitudine,
989 1179 1016 1204 et

194 1223 300 1259 psalmi
318 1223 483 1255 latitudine,
500 1225 627 1258 quatuor
643 1222 792 1249 ordinibus
808 1221 937 1256 lapidum
956 1222 1016 1257 pel-

193 1268 356 1296 lucidorum
374 1269 602 1304 variegatumJn
615 1265 851 1295 rationaliautem
866 1270 1014 1295 drcrvtum

193 1316 220 1341 et
236 1314 344 1341 veritas
365 1314 467 1340 inerat.
485 1312 564 1340 Talis
594 1313 693 1339 tunica
722 1314 779 1339 tota
797 1322 829 1339 ex
857 1313 1013 1348 hyacintho

194 1361 328 1386 contexta
356 1361 428 1392 erat,
446 1358 522 1385 circa
538 1358 624 1391 cujus
654 1357 798 1384 fimbriam
816 1359 890 1385 male
910 1358 1015 1393 punica

195 1412 349 1439 purpurea,
383 1402 578 1437 hyacinthina,
606 1403 634 1429 ct
663 1402 806 1435 corcinca,
842 1403 1016 1429 intermistis

197 1448 294 1475 aureis
323 1446 539 1480 tintinnabulis,
557 1447 771 1482 dependebant.
797 1448 891 1474 Aurea
917 1450 1014 1474 autem

195 1493 317 1526 lamina,
333 1500 397 1527 qua:
414 1494 474 1518 erat
498 1491 687 1518 sanctificatio
704 1491 837 1525 Domino,
862 1492 953 1519 mitrae
980 1493 1014 1519 ad

196 1540 293 1573 aptata
318 1539 388 1564 erat.
420 1536 506 1563 Porro
533 1537 621 1563 mitra
650 1544 755 1563 corona
786 1537 919 1571 quaedam
945 1541 1014 1569 crat,

194 1591 258 1619 quae
271 1581 431 1610 sacerdotis
444 1580 565 1607 frontem
584 1580 787 1616 prazcingebat.
811 1581 921 1607 Cidaris
942 1590 1014 1617 qun-

1069 275 1141 302 forte
1153 275 1266 310 fuisset,
1284 284 1336 311 par
1350 277 1511 309 turturum,
1524 278 1574 303 aut
1587 276 1661 303 duos
1674 276 1772 311 pullos
1787 276 1911 304 oolum—

1069 320 1171 348 barum
1190 328 1196 348 :
1210 320 1234 348 si
1251 320 1470 357 panperrimus,
1486 320 1615 348 similam
1645 321 1709 349 sine
1732 322 1795 349 oleo
1811 324 1841 349 et
1857 322 1909 349 in-

1069 373 1155 393 censo
1176 366 1325 394 offerebat.
1348 366 1492 394 Castorum
1523 365 1667 402 sanguine
1696 368 1725 394 et
1750 365 1816 394 oleo
1847 374 1907 393 au-

1068 419 1140 445 rem,
1154 419 1274 439 manum
1289 411 1433 445 dextram,
1449 413 1477 439 et
1493 412 1595 447 pedem
1621 411 1783 439 sacerdotis
1808 410 1908 439 inun-

1069 456 1167 491 gebat.

1103 501 1169 528 Jam
1199 501 1224 528 si
1249 510 1283 530 eo
1311 504 1379 538 typo
1405 502 1456 537 qui
1486 502 1579 537 Moysi
1609 503 1854 537 prmmonstratus
1871 502 1904 529 in

1069 548 1168 574 monte
1183 546 1287 582 fuerat,
1312 546 1546 580 tabernaculum,
1563 548 1591 574 et
1606 555 1670 582 quas
1694 547 1723 574 in
1748 555 1782 575 eo
1798 547 1908 575 conti-

1069 591 1224 625 nebantur,
1238 591 1313 619 facta
1328 591 1396 626 sint,
1414 593 1500 627 typus
1516 594 1614 619 autem
1641 591 1808 628 exemplum
1836 594 1906 620 erat

1069 640 1092 664 et
1111 636 1207 671 imago
1223 636 1379 672 prototypi,
1396 644 1447 664 seu
1466 636 1643 673 exemplaris
1658 637 1757 665 forma:
1771 645 1778 665 :
1805 644 1907 672 quan-

1069 684 1098 709 to
1116 681 1210 717 magis
1227 681 1394 717 baptismus
1410 683 1598 718 peragendae
1622 684 1677 717 est,
1690 682 1741 718 qui
1757 681 1905 709 divinitus

1069 726 1201 755 nobisin
1217 727 1423 756 remissionem
1449 729 1478 755 et
1502 727 1684 756 ablutionem
1709 730 1904 764 peccatorum

1069 773 1238 808 propositus
1253 775 1298 801 est
1309 774 1323 801 Ἴ
1338 776 1367 801 et
1381 773 1482 801 statim
1498 782 1513 801 a
1534 774 1692 810 baptismo,
1710 774 1904 801 incruentum

1069 823 1188 853 quoque
1213 817 1400 851 sacriﬁcium,
1418 816 1544 854 ejusque
1566 818 1734 854 perceptio?
1763 817 1835 854 quia
1861 818 1908 846 ni-

1070 861 1177 889 mirum
1194 862 1340 891 institutlo
1357 862 1418 897 illa,
1435 870 1524 898 quam
1543 871 1618 899 pane
1633 869 1662 890 et
1680 862 1747 890 vino
1763 863 1799 890 ad
1818 862 1906 890 salu-

1070 908 1126 934 tem
1144 911 1169 934 et
1187 907 1422 935 reformationem
1442 908 1575 935 humanas
1594 908 1793 943 corruptionis
1813 908 1906 936 nobis

1071 952 1207 979 Scrvator
1232 953 1395 988 proposuit,
1426 953 1503 979 haud
1529 961 1563 980 ea
1590 952 1654 987 fuit,
1683 961 1748 988 qua:
1776 960 1907 989 corpore

1070 999 1189 1030 careret,
1206 997 1327 1031 soloque
1351 996 1502 1024 intellectu
1532 997 1741 1033 perciperetur,
1765 997 1817 1025 sed
1835 1005 1906 1033 qua:

1070 1042 1123 1069 sub
1140 1050 1259 1069 sensum
1276 1050 1393 1077 quoque
1406 1042 1533 1070 canderet.

1106 1087 1178 1118 Quia
1195 1086 1423 1120 enim,ut.lobus
1441 1086 1650 1121 autumat,luto
1660 1087 1774 1115 formati
1785 1095 1910 1121 sumus,

1069 1131 1163 1158 lutum
1181 1134 1278 1159 autem
1295 1140 1329 1159 ex
1351 1134 1429 1159 terra
1455 1134 1483 1160 et
1512 1140 1588 1167 aqua
1617 1132 1814 1168 compositum
1847 1135 1906 1167 est,

1072 1177 1314 1212 formationisquo
1336 1177 1466 1210 nomine,
1477 1177 1586 1204 dicitur
1599 1176 1656 1205 alio
1671 1177 1798 1212 quodam
1815 1178 1909 1206 modo

1071 1221 1152 1247 cibus
1178 1221 1277 1255 etiam,
1300 1229 1356 1256 quo
1383 1222 1489 1248 virium
1520 1221 1770 1249 intertrimentum
1802 1222 1913 1249 debili-

1070 1266 1200 1301 tatioque
1227 1266 1387 1293 resnrcitur
1404 1268 1432 1294 et
1458 1267 1648 1294 reformatur:
1675 1267 1784 1294 idcirco
1802 1276 1911 1302 quem-

1070 1311 1228 1338 admodum
1252 1319 1310 1346 quo
1341 1314 1470 1347 tempore
1495 1319 1547 1339 nos
1573 1314 1648 1340 Deus
1677 1312 1825 1345 formavit,
1844 1315 1908 1340 ter-

1071 1363 1132 1382 ram
1159 1358 1187 1382 ct
1216 1363 1323 1390 equam
1355 1356 1530 1391 assumpsit,
1557 1356 1597 1383 ita
1621 1356 1709 1384 etiam
1735 1357 1771 1384 ad
1807 1358 1907 1385 nostri

1071 1400 1306 1428 reformationem
1320 1400 1403 1436 panis
1419 1404 1444 1428 et
1457 1400 1557 1429 vinum
1575 1403 1781 1429 assumuntur.

1106 1445 1232 1472 Proinde
1256 1453 1321 1472 cum
1348 1446 1478 1473 Christus
1502 1448 1601 1482 aperte
1629 1446 1717 1481 dicat,
1750 1447 1899 1475 neminem

1071 1490 1100 1517 in
1131 1499 1254 1527 regnum
1280 1491 1417 1518 ccelorum
1446 1491 1663 1527 ingressurum,
1683 1492 1740 1520 nisi
1762 1493 1789 1519 in
1816 1500 1896 1528 aqua

1070 1539 1095 1562 et
1110 1535 1220 1571 Spiritu
1236 1538 1356 1563 renatus
1374 1536 1470 1570 fuerit,
1486 1537 1675 1572 impudenter
1692 1538 1817 1573 profecto
1834 1537 1898 1573 legi

1070 1581 1244 1616 refragatur,
1259 1583 1445 1616 extremaque
1462 1581 1607 1610 dementia
1619 1581 1743 1617 laborat,
1760 1582 1902 1618 quisquis

194 1615 250 1662 que
261 1625 374 1662 (capitis
389 1625 417 1652 id
435 1615 652 1661 indumentum)
672 1615 788 1661 byssina
810 1628 880 1659 erat,
898 1628 926 1653 ct
941 1615 1014 1654 zona
1031 1615 1055 1649 (ἶ
1072 1615 1250 1661 baptismum
1268 1615 1476 1654 conferendum
1494 1634 1551 1654 non
1572 1635 1637 1655 esse
1653 1615 1813 1662 contendit,
1838 1615 1902 1663 quo

191 1679 264 1706 opus
278 1670 424 1705 variegatu
430 1679 467 1696 m.

225 1716 317 1751 Atque
334 1714 475 1742 rationale
493 1715 610 1750 quidem
640 1715 885 1750 superhumerali,
903 1716 1013 1745 lamina

188 1767 255 1787 vero
280 1759 373 1787 mitras-
402 1759 732 1795 cohrerebat,mitraque
756 1762 825 1788 adeo
854 1762 1013 1789 sacerdotis

190 1803 277 1840 capiti
292 1804 507 1840 imponebatur.

225 1849 293 1877 Erat
321 1851 457 1884 praaterea
488 1849 578 1877 altare
617 1849 826 1885 thymiamatis,
853 1859 904 1879 seu
932 1852 1012 1879 sufﬁ-

190 1894 293 1927 menti,
311 1902 344 1922 ex
373 1894 462 1930 lignis
479 1894 656 1930 incorruptis
681 1895 892 1932 quadrangulis
922 1896 1010 1924 deau-

190 1941 298 1966 ratum:
317 1941 344 1966 et
358 1939 495 1966 cornibus
511 1939 607 1967 aureis
619 1939 834 1972 distinctum,et
843 1940 1011 1969 adolebittur

190 1983 219 2011 in
228 1983 418 2012 eoincensum
427 1984 732 2019 compositum,tenuc,
743 1983 1009 2012 ίῐιεθηευωένὸελε-

194 2027 333 2066 χισμένον,
346 2029 401 2057 hoc
429 2031 473 2057 est
498 2029 574 2065 quod
601 2029 720 2057 assidue
747 2029 924 2057 movebatur,
943 2031 1009 2058 Erat

188 2082 273 2110 porro
303 2074 456 2102 incensum
483 2074 678 2109 compositum
708 2082 742 2102 ex
770 2074 892 2110 myrrhae
915 2078 1007 2111 gutta,

186 2119 308 2155 onyclie,
326 2119 474 2154 fragrante
490 2118 624 2153 galbano,
637 2121 666 2146 et
676 2119 759 2146 thure
776 2118 929 2154 pellucido.

222 2163 307 2191 Dedit
319 2165 414 2190 autem
430 2166 507 2191 Deus
523 2163 608 2197 Mosi,
624 2165 815 2200 posteaquam
832 2164 915 2191 desiit
930 2164 1008 2200 loqui

187 2215 253 2235 cum
265 2206 325 2241 illo,
342 2207 370 2234 in
388 2210 486 2235 monte
503 2207 583 2242 Sina,
597 2207 711 2235 tabulas
740 2206 813 2235 duas
837 2209 1006 2245 testimonii,

185 2251 448 2288 tabulaslapideas,
467 2252 556 2288 digito
571 2252 622 2279 Dei
638 2252 772 2287 scriptas.

1069 1672 1164 1698 tamen
1195 1671 1367 1706 intersignio
1396 1671 1469 1698 citra
1497 1672 1727 1700 controversiam
1750 1672 1902 1708 praecipue

1069 1715 1285 1751 dignoscuntur
1301 1716 1354 1749 illi,
1378 1716 1547 1751 quicunque
1568 1717 1689 1745 nomine.
1707 1717 1824 1745 Christo
1852 1718 1905 1745 de-

1068 1760 1291 1788 derunt.Priscis
1302 1761 1379 1788 enim
1393 1761 1630 1796 generationibus
1647 1762 1721 1790 alias
1738 1762 1808 1790 aliis
1822 1761 1907 1798 leges

1070 1805 1231 1840 imposuit:

1104 1851 1216 1878 Adsmo
1237 1851 1356 1886 quidem
1390 1851 1518 1885 arboris,
1550 1851 1637 1880 Nosse
1655 1852 1790 1880 carnium
1831 1861 1907 1882 esus

1066 1894 1171 1930 legem,
1200 1895 1366 1922 Abrabsmo
1404 1895 1654 1924 circumcisionem
1690 1897 1782 1931 dedit,
1814 1906 1908 1933 gene-

1067 1939 1157 1967 ralem
1174 1940 1299 1975 denique
1324 1940 1415 1976 legem
1433 1941 1579 1977 prophetes
1594 1941 1683 1969 Mosis
1710 1950 1798 1978 opera
1828 1951 1906 1971 con-

1067 1984 1198 2020 scripsit.
1641 2000 1644 2003 -

1100 2030 1196 2064 Atque
1212 2029 1241 2056 in
1271 2030 1362 2057 sacris
1392 2030 1556 2066 Evangeliis
1581 2040 1637 2059 non
1650 2032 1714 2067 jam
1743 2032 1779 2060 de
1810 2033 1898 2068 parvi

1068 2074 1203 2101 momenti
1221 2075 1318 2104 rebus.
1337 2083 1461 2110 qumque
1489 2076 1548 2103 sint
1577 2076 1790 2105 elementorum
1822 2078 1901 2117 vice,

1065 2119 1127 2155 lege
1154 2120 1317 2155 proposuit,
1349 2122 1399 2148 sed
1425 2121 1599 2156 perfectiora
1627 2122 1799 2150 meditando.
1829 2131 1901 2151 esse

1065 2164 1172 2192 docuit.
1188 2165 1219 2192 Et
1235 2164 1487 2200 quemadmodum
1504 2172 1607 2194 recens
1628 2167 1704 2194 natis
1729 2167 1900 2196 infantibus

1064 2213 1171 2237 matres
1201 2217 1346 2237 mammas
1369 2209 1539 2243 admovent,
1563 2219 1615 2239 nec
1638 2212 1679 2239 ita
1707 2211 1800 2239 multo
1828 2215 1901 2248 post

1060 2253 1199 2281 intritum
1216 2254 1491 2290 comminutumque
1507 2256 1644 2284 dentibus
1665 2256 1775 2289 cibum,
1793 2258 1821 2284 et
1844 2258 1898 2285 ubi

222 2297 340 2325 Mandnt
354 2297 474 2333 insuper
487 2297 574 2330 Deus,
588 2299 619 2324 ut
646 2297 823 2326 sacriﬁcium
851 2299 909 2332 fiat,
923 2300 1009 2335 Juxta
1024 2295 1047 2328 D
1063 2298 1253 2332 adoleverint,
1265 2298 1433 2326 solidiorem
1458 2302 1619 2336 suggerunt
1631 2307 1638 2328 :
1651 2300 1693 2328 ita
1707 2301 1794 2328 etiam
1827 2308 1900 2329 cum

184 2342 354 2370 facultatum
370 2341 600 2378 proportionem,
617 2342 660 2369 vel
674 2342 775 2377 vitulo,
792 2344 835 2371 vel
848 2353 934 2380 agno,
964 2345 1007 2372 vel

184 2389 444 2421 capra;oasterum
461 2388 493 2414 ut
522 2394 538 2413 ι
566 2387 739 2423 pauperibus
770 2396 822 2423 per
850 2392 1006 2423 turturum,

185 2431 229 2459 vel
239 2432 298 2459 duo
314 2431 387 2467 pulli
412 2431 627 2465 columbarum,
644 2440 659 2459 ε(
672 2433 893 2468 pauperior-ibus
910 2437 1005 2463 autem

185 2475 284 2504 simila
309 2477 422 2504 modica
449 2476 511 2504 oleo
542 2477 627 2505 mista
657 2478 820 2506 offensior.
836 2479 1004 2508 Hostiarum

182 2523 325 2556 praeterea
340 2521 403 2549 aliis
427 2521 547 2558 integras
574 2521 746 2557 urebantur,
764 2523 888 2551 aliarum
912 2530 1004 2560 parvas

183 2564 317 2601 quaedam
325 2568 598 2601 partes,omentum,
606 2575 700 2601 renes,
708 2568 897 2604 superjacens
905 2569 1004 2606 adeps,

180 2613 208 2638 et
222 2618 287 2645 pars
302 2611 417 2648 hepatia
433 2613 562 2641 interior.
578 2614 606 2641 Is
622 2621 708 2649 porro
724 2613 774 2649 qui
791 2613 900 2642 animal
911 2615 1002 2650 offert,

178 2655 284 2683 homo:
303 2656 353 2692 qui
376 2665 441 2686 vero
466 2656 605 2691 similam,
629 2658 728 2686 anima
751 2658 780 2686 in
811 2660 903 2688 sacris
930 2661 1003 2688 Scri-

179 2698 276 2734 pturis
291 2701 464 2737 appellatur.
481 2701 621 2730 Prohibet
636 2705 733 2731 autem
750 2711 786 2731 ne
806 2704 862 2732 mel
880 2705 1003 2734 fet-men:

175 2740 290 2774 totique
300 2750 392 2780 panes
415 2745 501 2773 atteri
516 2747 711 2780 opponantur.
724 2747 806 2779 Quod
833 2748 856 2775 si
874 2747 1002 2784 pontifex

172 2789 354 2820 praeceptum
371 2789 490 2825 aliquod
515 2792 700 2825 lrangressus
723 2794 810 2826 esset,
837 2793 926 2822 vitulo
945 2794 1002 2821 im-

171 2827 324 2861 mﬂoulato
339 2841 348 2862 ε
363 2833 390 2862 si
405 2833 555 2871 princeps,
580 2834 718 2864 anniculo
734 2835 833 2865 haedo:
856 2838 882 2866 si
904 2838 999 2874 quivis

1064 2343 1158 2379 legem
1184 2343 1267 2371 nobis
1297 2344 1447 2379 paedagogi
1478 2344 1543 2373 loco
1571 2347 1646 2373 Deus
1686 2345 1899 2375 universorum

1065 2388 1286 2422 introduxisset,
1303 2389 1478 2423 perfectiora
1495 2390 1613 2417 tandem
1634 2388 1800 2426 proposuit.
1818 2390 1899 2420 Inte-

1063 2434 1117 2461 rim
1151 2435 1249 2461 tamen
1283 2433 1371 2461 Vetus
1401 2442 1519 2470 quoque
1557 2434 1782 2464 Testamentum
1814 2435 1898 2464 haud

1063 2486 1144 2508 secus
1172 2481 1259 2514 atque
1285 2479 1446 2507 maternam
1481 2487 1640 2508 mammam
1678 2480 1901 2517 amplectimur,

1062 2523 1177 2552 etiamsi
1191 2523 1226 2550 ab
1250 2523 1315 2557 ejus
1338 2523 1413 2551 lacte
1439 2524 1652 2559 abstineamus,
1669 2531 1722 2554 nec
1738 2525 1899 2554 circumci-

1062 2568 1186 2602 sionem,
1200 2567 1368 2603 sabbatum,
1384 2568 1573 2604 secrificia,et
1590 2570 1775 2605 aspersiones
1791 2570 1899 2599 obser-

1060 2620 1127 2641 vare
1143 2618 1290 2641 curemus.

1095 2658 1191 2685 Alium
1213 2659 1354 2693 praeterea
1377 2658 1505 2686 fructum
1521 2666 1557 2687 ex
1583 2659 1676 2688 Veteri
1705 2660 1901 2690 Testamento

1059 2704 1246 2738 decerpimus
1260 2710 1266 2735 ;
1279 2703 1416 2738 pietatem
1434 2704 1525 2738 enim,
1543 2704 1632 2733 fidem
1651 2705 1679 2732 in
1694 2707 1797 2736 Deum.
1820 2706 1900 2735 dile-

1058 2748 1181 2778 ctionem
1195 2749 1721 2786 proximi,temperautiam,justittam
1733 2754 1762 2779 et
1777 2752 1900 2780 fortitu-

1058 2796 1156 2824 dinem
1183 2796 1284 2822 exacte
1308 2794 1404 2828 docet,
1434 2798 1522 2832 atque
1551 2798 1682 2824 veterum
1720 2798 1898 2826 sanctorum

1056 2839 1183 2876 exempla
1197 2839 1283 2868 nobis
1299 2839 1444 2868 imitanda
1456 2840 1603 2877 proponit.
1627 2840 1893 2872 Verumenimvero
