4052 6384
305 387 456 450 1261

1646 364 2046 439 THESAUHI
2091 369 2245 433 LIB.
2295 365 2396 433 IV.

3572 367 3728 430 1262

294 521 952 597 aspcrsionumillarum
974 519 1089 575 vice
1107 516 1369 573 divinum
1397 510 1943 587 baptismasufﬁcit,
1980 511 2030 576 Α
2063 511 2222 578 sunt,
2261 506 2438 578 quiin
2495 504 2881 560 traditionum
2933 505 3060 575 ejus
3113 503 3359 559 lectione
3399 507 3728 559 versantur.

298 616 452 688 quod
488 633 597 670 non
634 613 825 668 solum
861 615 1053 666 vetera
1088 613 1318 680 peccata
1350 606 1530 677 gratis
1566 601 1943 668 remittit,sed

297 706 474 760 etiam
512 703 927 776 promissorum
959 701 1246 754 bonorum
1276 713 1435 768 spem
1489 693 1759 767 proponit
1791 707 1802 745 ε
1842 705 1948 744 nos

295 794 610 850 Dominicze
646 793 850 848 mortis
872 796 928 845 et
960 786 1406 844 resurrectionis
1423 789 1723 841 consortes
1748 779 1943 846 efﬁcit,

297 887 582 942 donorum
632 883 820 940 sancti
878 881 1136 953 Spiritus
1192 879 1504 951 participes
1561 873 1742 929 facit:
1792 871 1945 926 ﬁlios

295 975 396 1030 Dei
437 993 561 1046 gnos
610 991 735 1030 csse
788 973 1173 1037 demonstrat,
1210 985 1315 1023 nec
1369 966 1558 1022 solum
1614 962 1784 1030 ﬁlios,
1846 960 1940 1015 sed

289 1067 464 1122 etiam
504 1064 760 1120 hzeredes
813 1065 934 1131 Dei,
1019 1065 1074 1117 et
1122 1058 1459 1114 cohzeredes
1538 1054 1778 1109 Christi.
1844 1051 1946 1104 Est

293 1158 448 1211 enim
516 1157 844 1210 futurorum
929 1153 1216 1207 bonorum
1270 1146 1542 1213 arrhabo,
1620 1143 1943 1211 futuraeque

289 1247 735 1304 resurrectionis
767 1249 936 1318 typus
968 1248 1023 1299 et
1057 1243 1266 1313 ﬁgura,
1303 1235 1762 1295 communicatio
1822 1231 1941 1286 Do-

286 1339 633 1395 ministrum
666 1341 1028 1408 passionum,
1064 1328 1430 1404 participatio
1497 1320 1942 1382 resurrectionis

292 1427 944 1496 Christi,vestimentum
980 1425 1210 1489 salutis,
1245 1421 1440 1476 tunica
1471 1417 1760 1482 loetitia,et
1791 1411 1942 1469 stola

292 1519 621 1590 Splendida,
657 1517 774 1572 imo
808 1513 1252 1588 splendoripse.

360 1609 619 1679 Quotquot
677 1605 829 1662 enim
878 1607 937 1660 in
996 1604 1276 1659 Christum
1328 1598 1591 1670 baptizati
1637 1607 1846 1658 sumus,
1880 1593 1940 1646 in

286 1703 523 1755 mortem
567 1699 682 1769 ejus
746 1694 1017 1768 baptizati
1073 1708 1288 1757 sumus,
1349 1698 1408 1745 ut
1474 1683 1939 1760 quemadmodum

288 1789 536 1847 Christus
565 1803 661 1860 per
689 1787 924 1858 gloriam
955 1784 1143 1840 Patris
1173 1783 1449 1838 excitatus
1479 1786 1556 1834 est
1604 1795 1637 1832 a
1681 1774 1937 1837 mortuis,

2062 598 2167 652 Ubi
2200 599 2359 652 enim
2399 594 2636 665 paulum
2675 609 3019 666 progressus
3051 599 3160 660 est,
3211 593 3418 648 Filium
3473 592 3728 648 hominis

2056 691 2227 744 vocat
2263 686 2674 742 Universorum
2700 689 3172 756 Propagatorem,
3196 701 3368 755 quem
3399 700 3570 738 nemo
3616 701 3722 738 co-

2054 776 2336 849 gitatione
2367 777 2665 846 percipere
2698 779 2892 846 queat,
2953 790 3136 844 eaque
3198 774 3268 828 de
3318 789 3495 828 causa
3555 773 3719 828 Chri-

2054 869 2214 920 stum
2245 865 2505 936 seipsum
2543 863 2796 920 hominis
2831 861 3038 918 Filium
3067 863 3126 917 in
3168 863 3497 934 Evangeliis
3514 879 3718 918 vocare

2055 953 2284 1018 asserit,
2306 970 2408 1008 nec
2440 953 2676 1008 interim
2704 952 3031 1022 conjectare
3081 955 3292 1022 potest,
3347 951 3536 1006 Deum
3568 950 3712 1006 Ver-

2055 1043 2192 1098 bum
2228 1042 2556 1098 Creatorem
2593 1041 2988 1108 hominum,at
3017 1057 3130 1096 non
3163 1039 3462 1096 hominem
3498 1041 3704 1105 fuisse,

2053 1133 2148 1204 qui
2184 1134 2416 1189 tandem
2449 1132 2812 1187 humanitate
2846 1129 3136 1185 divinitati
3171 1130 3502 1197 commista,
3551 1148 3706 1186 unus

2051 1225 2325 1296 idemque
2353 1223 2533 1278 Filius
2567 1221 2871 1289 Altissimi,
2901 1226 2954 1276 et
2969 1221 3152 1275 Filius
3173 1220 3428 1275 hominis
3460 1221 3704 1287 dicitur,

2052 1313 2229 1369 unius
2261 1313 2641 1384 hypostaseos
2672 1311 2912 1376 ratione,
2950 1327 3077 1381 quae
3110 1309 3342 1364 duobus
3387 1326 3456 1364 ex
3477 1311 3705 1365 naturis

2051 1402 2129 1457 ita
2164 1403 2416 1475 perfecta
2446 1407 2555 1472 est,
2591 1405 2654 1456 ut
2687 1399 3011 1471 composita
3070 1399 3166 1464 sit,
3228 1397 3504 1470 quoniam
3569 1406 3707 1470 post

2051 1493 2523 1564 conjunctionem
2557 1490 2755 1546 unain
2814 1489 3114 1561 hypostasi
3173 1487 3526 1559 composita,
3589 1505 3709 1544 uno

2049 1584 2314 1654 inquam,
2345 1581 2594 1645 Christo,
2652 1584 2870 1635 natura)
2903 1578 3076 1634 salvae
3143 1578 3708 1648 supersunt,lnihilo

2049 1673 2241 1729 secius
2292 1675 2467 1742 atque
2527 1669 2820 1725 naturales
2898 1668 3238 1723 earumdem
3296 1667 3705 1738 preprietates,

2048 1763 2130 1818 ita
2161 1767 2224 1816 ut
2255 1761 2357 1833 qui
2386 1761 2689 1815 Christum
2717 1757 3000 1825 enuntiat,
3035 1758 3287 1813 duarum
3353 1760 3701 1811 naturarum

287 1883 371 1937 ila
393 1882 443 1935 et
472 1846 576 1935 nos
598 1881 655 1933 in
688 1846 982 1932 novitatate
1015 1874 1135 1929 vitae
1157 1867 1592 1927 ambulemus.Si
1621 1868 1767 1922 enim
1786 1861 1946 1919 insiti
1976 1870 2022 1935 Β
2054 1851 2524 1923 conjunctionem
2579 1848 2883 1921 perspicue
2924 1846 3234 1919 signiﬁcet.
3287 1848 3475 1937 Atque
3517 1850 3696 1901 Deum

283 1987 475 2026 sumus
524 1967 581 2022 in
636 1965 1079 2021 similitudinem
1130 1961 1288 2015 motis
1343 1958 1480 2030 ejus,
1551 1963 1701 2010 certe
1770 1955 1821 2008 et
1883 1950 1943 2005 in

289 2057 707 2115 resurrectionis
736 2057 940 2112 erimus
967 2053 1034 2110 4’.

360 2150 488 2204 Haec
521 2153 662 2203 sunt
693 2163 818 2218 quae
854 2161 956 2200 nos
989 2140 1304 2215 Apostolus
1337 2139 1406 2192 de
1439 2133 1633 2191 divino
1649 2131 1942 2202 baptismo

283 2239 498 2296 sentire
529 2235 737 2302 voluit,
774 2233 1027 2289 haeretici
1053 2235 1270 2298 autem,
1304 2231 1475 2284 tuum
1538 2220 1939 2291 Ascodrupitaa

279 2328 360 2394 hi,
394 2329 462 2385 de
512 2328 731 2400 quibus
777 2326 1029 2397 agimus,
1094 2328 1224 2377 tum
1294 2319 1636 2390 quicunque
1697 2311 1938 2366 illorum

279 2399 734 2489 vestigiarsecuti
768 2414 1031 2469 divinum
1050 2411 1341 2482 baptisma
1357 2406 1703 2470 detrectant,
1729 2399 1941 2456 abeant

285 2508 344 2563 in
379 2507 587 2563 malum
625 2503 916 2576 rem,quia
950 2501 1320 2574 potissimum
1346 2513 1471 2569 quis
1505 2493 1615 2550 sub
1635 2494 1938 2562 aspectum

287 2599 508 2653 cadunt
535 2597 759 2664 omnia,
810 2591 1152 2664 ignorantiae
1211 2592 1267 2644 et
1325 2583 1630 2641 affectibus
1689 2577 1940 2635 obnoxia

284 2705 414 2744 esse
447 2685 670 2742 dicunt.
729 2683 876 2741 Nam
927 2681 1060 2753 quis
1121 2675 1464 2751 ignorantia:
1515 2669 1938 2739 ati'ectibusque

286 2778 450 2832 locus
484 2777 638 2848 apud
654 2775 858 2842 Deum,
890 2772 990 2843 qui
1017 2768 1162 2825 nihil
1193 2765 1354 2822 aliud
1375 2767 1484 2833 est,
1519 2777 1694 2834 quam
1730 2761 1934 2815 natura

286 2865 556 2938 simplex,
579 2863 880 2934 nullisque
901 2859 1204 2916 aﬁ‘ectibus
1235 2853 1569 2924 obnoxia,et
1601 2863 1726 2922 quae
1749 2848 1936 2905 scien-

283 2956 428 3011 tiam
464 2952 690 3010 homini
722 2949 999 3025 patefacit
1027 2951 1054 3004 ‘I

927 3056 1083 3114 CAP.
1137 3054 1286 3110 VIII.
1369 3112 1374 3116 _

673 3168 871 3226 Octava
910 3163 1139 3222 haeresis
1231 3159 1544 3217 Colabrarsi

353 3277 690 3351 Ogdoadem
723 3275 1066 3347 quamdam,
1099 3285 1204 3328 seu
1230 3268 1592 3326 octonarium
1619 3277 1935 3321 numerum
1968 3250 2010 3316 C

282 3369 636 3426 Colobarsus
679 3366 773 3420 hic
824 3363 1239 3419 fabulabatur:
1302 3373 1552 3428 eamque
1593 3357 1930 3425 Propatore,

281 3462 523 3525 Ennma,
554 3475 654 3514 seu
685 3457 1068 3528 Cogitatioue,
1094 3453 1284 3518 Patre,
1324 3449 1603 3513 Veritate,
1656 3444 1928 3510 Homine,

278 3549 558 3612 Ecclesia,
593 3549 775 3604 Verbo
807 3550 863 3601 et
893 3549 1032 3613 vita,
1063 3546 1332 3598 constare
1362 3539 1612 3593 dicebat.

346 3643 505 3704 Quod
539 3640 715 3710 igitur
746 3656 777 3694 a
806 3641 1116 3706 Propatore
1171 3637 1307 3688 ante
1353 3629 1572 3696 omnia,
1635 3631 1926 3698 tanquam

278 3729 648 3787 conducibile
682 3729 859 3793 factu,
882 3724 1274 3794 excogitatum
1309 3721 1516 3788 fuerat,
1577 3717 1634 3772 id
1695 3721 1928 3772 Patrem

278 3819 475 3875 vocari
497 3818 868 3873 ‘Golobarsus
898 3810 1393 3871 asserebat.Aliud
1427 3825 1598 3880 porro
1631 3806 1928 3874 Veritatis,

280 3909 441 3965 aliud
473 3909 742 3964 Hominis
774 3904 1168 3978 appellatione
1191 3899 1558 3971 designabat.
1591 3896 1752 3953 Alios
1801 3912 1931 3953 cum

278 3999 341 4053 in
366 3999 623 4054 medium
677 3998 1045 4070 proponeret,
1105 3990 1422 4048 Ecclesium
1486 4003 1614 4044 esse
1661 3988 1935 4060 praecogi-

280 4093 453 4158 tarat,
474 4093 650 4162 atque
681 4105 748 4145 ex
777 4085 1041 4143 Ecclesia
1069 4083 1328 4138 Verbum
1391 4079 1771 4153 processisse,
1833 4078 1934 4151 qui

278 4179 526 4252 quidem
558 4183 648 4235 est
679 4177 863 4234 Filius
896 4175 992 4230 Dei
1053 4171 1502 4246 primogenitae,
1562 4185 1732 4240 quem
1783 4183 1934 4239 pone

279 4271 417 4325 Vita
440 4272 800 4340 sequeretur.
829 4269 1016 4336 Atque
1039 4263 1146 4318 hoc
1184 4261 1355 4317 modo
1386 4275 1556 4314 suam
1604 4257 1936 4329 complebat

281 4359 577 4432 Ogdoada.
601 4361 884 4413 Caeterum
915 4351 1211 4410 Colobarsi
1239 4349 1532 4406 auditores
1555 4351 1612 4402 et
1634 4345 1953 4418 discipuli,b

282 4449 545 4504 hominis
577 4462 814 4520 quoque
844 4459 1055 4500 nomen
1089 4440 1507 4497 Universorum
1549 4435 1848 4507 Propatori
1880 4440 1936 4490 et

281 4536 862 4602 Proanennoeto,boc
913 4536 1003 4588 est
1056 4531 1234 4600 ei,qui
1308 4532 1445 4584 ante
1498 4526 1698 4582 omnis.
1741 4529 1935 4581 mente

283 4628 702 4698 concipiendas
757 4628 866 4690 est,
901 4621 1218 4678 attribuere
1277 4617 1406 4674 ausi
1465 4623 1621 4672 sunt.
1687 4618 1814 4682 Qua
1865 4616 1937 4670 de
1971 4631 2020 4695 Ι)

284 4733 465 4775 causa
500 4718 708 4772 Filium
744 4713 1008 4771 hominis
1043 4709 1306 4782 seipsum
1334 4708 1394 4763 in
1423 4704 1754 4778 Evangeliis
1775 4704 1942 4760 Chri-

284 4814 446 4866 stum
469 4808 686 4864 dixisse
709 4803 1157 4862 contendebant.

611 4933 878 4989 Haereseos
906 4925 1269 5002 praecedentis
1291 4921 1618 4995 confatalia.

359 5043 712 5101 Colobarsus
726 5038 1015 5113 quasdam
1034 5031 1350 5098 Ptolemaei,
1367 5030 1635 5099 Marci,et
1652 5028 1938 5087 Valentini

289 5134 612 5192 sententias
647 5128 1090 5204 impurissimas
1121 5123 1437 5194 reﬁngens,
1470 5125 1642 5192 atque
1703 5120 1940 5176 illorum

290 5227 547 5281 Tetrada
568 5240 670 5279 seu
704 5217 1162 5287 Quaternitalem
1194 5213 1262 5269 ad
1300 5211 1690 5285 Ogdoadaseu
1706 5215 1943 5268 octona-

292 5316 447 5372 rium
481 5330 791 5370 numerum
828 5310 1178 5380 producens,
1202 5300 1545 5373 perditionis
1595 5301 1781 5357 scalas
1829 5301 1942 5357 sibi

293 5405 400 5460 iosi
434 5419 673 5475 suaeque
727 5398 994 5459 factionis
1043 5392 1382 5452 hominibus
1441 5391 1747 5462 compegit,
1808 5407 1943 5446 cum

293 5511 518 5565 eaquae
578 5491 828 5547 eﬁ'utivit
878 5488 1038 5544 nullo
1076 5499 1319 5559 prorsus
1365 5483 1566 5537 ordine
1625 5485 1804 5548 stent,
1829 5481 1945 5537 ime

291 5584 406 5642 sibi
437 5585 591 5641 inter
621 5598 684 5637 se
713 5581 1074 5652 repugnent:
1103 5580 1170 5632 ut
1237 5573 1276 5628 ii
1346 5570 1784 5643 deprehendere
1807 5588 1943 5644 pos-

365 5731 412 5765 "
436 5730 606 5786 Rom.
629 5738 707 5798 vt,
741 5727 774 5782 3
806 5741 969 5798 seqq.

2055 1957 2225 1998 carne
2247 1955 2508 2013 passum,
2545 1944 2601 1995 et
2633 1954 2866 1995 carnem
2905 1937 3068 1993 Verbi
3113 1933 3427 2009 propriain
3487 1941 3698 1993 natura

2055 2023 2572 2095 passam,denique
2604 2022 2921 2077 Dominum
2955 2019 3150 2092 gloriae
3183 2020 3526 2075 cruciﬁxum
3559 2035 3687 2075 esse

2055 2119 2286 2186 prepter
2308 2129 2601 2169 summam
2638 2115 2978 2166 naturarum
3021 2109 3492 2180 conjunctionem
3541 2110 3699 2179 :dici-

2054 2221 2207 2260 mus.
2243 2201 2310 2257 Et
2346 2203 2464 2258 haec
2496 2201 2596 2257 illa
2625 2205 2714 2256 est
2733 2200 3098 2257 Theandrica
3128 2199 3385 2271 energia,
3428 2198 3538 2256 hoc
3582 2201 3695 2262 est,

2052 2293 2228 2348 Deiet
2252 2291 2511 2348 hominis
2566 2291 2846 2362 operatio.
2906 2291 3290 2360 Posteaquam
3349 2288 3504 2344 enim
3547 2289 3703 2344 Deus

2051 2384 2225 2439 homo
2258 2383 2443 2438 factus
2471 2385 2578 2448 est,
2614 2384 2671 2435 et
2702 2378 2963 2436 humana
3016 2381 3142 2450 ejus
3189 2379 3446 2450 operatio
3499 2380 3702 2435 divina

2050 2480 2192 2541 erat,
2240 2488 2340 2527 seu
2394 2470 2685 2535 deiﬁcata,
2763 2487 2868 2526 nec
2911 2470 3120 2525 divinae
3163 2469 3519 2540 operationis
3575 2469 3705 2538 ejus

2050 2577 2250 2634 expers
2285 2578 2296 2615 :
2335 2564 2511 2631 atque
2538 2560 2740 2615 divina
2765 2559 3028 2614 vicissim
3048 2558 3306 2630 operatio
3329 2559 3402 2612 ab
3441 2558 3702 2612 humana

2049 2652 2384 2722 operatione
2417 2666 2530 2705 non
2553 2649 2897 2716 abhorrens,
2932 2649 3030 2704 sed
3055 2653 3304 2720 utraque
3335 2663 3468 2703 cum
3517 2646 3702 2703 altera

2048 2741 2192 2796 citra
2224 2740 2627 2796 confusionem
2660 2737 3048 2794 elucescebat.

2711 2888 2864 2944 CAP.
2930 2887 3024 2947 IX.

2151 3013 2305 3072 Nona
2363 3015 2619 3082 haeresis,
2698 3014 3047 3082 Ophitarum.
3109 3012 3178 3069 Hi
3213 3012 3589 3084 baptizaretur.

2115 3143 2338 3213 Ophites
2386 3147 2672 3198 vocantur
2716 3158 2748 3195 a
2822 3145 3111 3214 serpente,
3203 3156 3379 3212 quem
3465 3139 3690 3196 colunt.

2044 3232 2224 3287 Aiunt
2255 3240 2446 3288 autem
2482 3232 2554 3286 ab
2579 3237 2773 3294 iEone,
2808 3247 2911 3287 seu
2945 3230 3155 3288 saeculo
3215 3229 3532 3301 superiore,
3579 3229 3698 3285 alia

2040 3321 2255 3378 secula
2294 3322 2672 3394 processisse,
2723 3337 2972 3392 quorum
3025 3320 3327 3375 inﬁrmum
3369 3320 3448 3376 sit
3489 3317 3698 3374 Jalda—

2042 3412 2242 3481 baoth,
2277 3428 2346 3466 ex
2403 3411 2696 3482 superiore
2751 3414 2936 3465 matre
2975 3408 3236 3466 Pronice.
3292 3411 3453 3466 Hunc
3523 3425 3692 3480 porro

2043 3501 2488 3558 adinﬁmaloca
2551 3497 2950 3569 descendisse,
3005 3498 3203 3570 ibique
3263 3504 3488 3572 septem
3541 3498 3692 3554 ﬁlios

2041 3590 2336 3660 genuisse,
2370 3591 2465 3662 qui
2500 3599 2722 3662 septem
2753 3589 2867 3646 sibi
2898 3588 3070 3644 ccelos
3090 3590 3545 3645 construxerint.
3569 3588 3693 3642 Jal-

2041 3680 2294 3735 dabaoth
2327 3680 2559 3748 deinde,
2592 3695 2765 3751 quem
2792 3678 3163 3734 Hebraeorum
3210 3695 3447 3750 quoque
3504 3677 3686 3734 Deum

2041 3770 2263 3840 dicunt,
2294 3770 2550 3841 seipsum
2588 3785 2767 3840 supra
2797 3767 3180 3833 conclusisse,
3216 3785 3286 3824 ne
3314 3771 3538 3839 septem
3584 3765 3688 3820 ﬁlii

2041 3876 2110 3916 ea
2166 3863 2605 3931 cognoscerent,
2669 3875 2796 3930 quae
2854 3874 3034 3928 supra
3091 3873 3151 3913 se
3190 3860 3348 3913 sunt.
3394 3857 3504 3922 Qui
3555 3871 3690 3912 mox

2041 3950 2342 4006 hominem
2370 3949 2441 4005 ad
2477 3949 2656 4020 patris
2688 3946 3038 4004 Jaldabaoth
3071 3948 3222 4002 idem
3247 3947 3690 4014 conﬁnxerunt,

2043 4044 2167 4098 erat
2198 4045 2395 4096 autem
2427 4039 2600 4095 homo
2632 4037 2834 4109 reptile
2888 4037 3391 4108 quemadmodum
3449 4037 3687 4093 vermis.

2044 4131 2328 4189 Caeterum
2353 4147 2482 4186 cum
2516 4129 2762 4187 Pronice
2779 4132 2965 4184 mater
2983 4128 3334 4185 Jaldabaoth
3353 4128 3541 4184 ﬁlium
3558 4127 3692 4183 odio

2045 4225 2518 4295 prosequeretur,
2553 4221 2709 4292 quod
2759 4237 2874 4292 praa
2908 4220 3060 4275 fastu
3108 4220 3371 4287 seipsum
3420 4219 3694 4291 superius

2045 4311 2451 4376 conclusisset,
2505 4309 2808 4365 hominem
2859 4308 3116 4366 scintilla
3173 4308 3384 4363 divinm
3438 4307 3692 4374 virtutis,

2046 4402 2154 4457 hoc
2185 4405 2274 4456 est
2305 4399 2525 4465 anima,
2549 4398 2805 4455 donavit.
2868 4398 3107 4454 Erectus
3147 4397 3347 4470 itaque
3397 4398 3456 4452 in
3519 4397 3696 4470 pedes

2046 4492 2222 4549 homo
2254 4489 2605 4562 cogitatione
2659 4489 2831 4546 caelos
2901 4490 3248 4562 penetravit,
3301 4489 3698 4560 laudibusque

2046 4581 2340 4638 caelestem
2369 4580 2744 4637 Jaldabaotbi
2766 4583 2986 4650 patrem
3019 4579 3312 4636 celebrare
3335 4579 3528 4651 C(Bpit.
3555 4580 3698 4642 ZQua

2051 4671 2288 4743 quidem
2315 4688 2374 4726 re
2402 4669 2752 4726 Jaldabaoth
2785 4669 3066 4737 oti'ensus,
3098 4669 3252 4724 infra
3319 4667 3583 4738 despexit
3625 4667 3697 4720 ad

2052 4763 2306 4818 materias
2337 4761 2752 4829 sedimentum,
2794 4759 3098 4831 ﬁliumque
3158 4757 3499 4829 serpentina
3569 4755 3704 4811 Idea

2051 4853 2276 4925 genuit,
2310 4869 2342 4907 a
2373 4869 2488 4924 quo
2520 4851 2760 4921 decepta
2824 4849 2939 4903 Eva
2991 4851 3098 4903 est.
3160 4845 3406 4903 Proinde
3464 4861 3705 4918 serpen-

2050 4944 2171 4997 tem
2203 4941 2388 4997 Deum
2424 4955 2574 5009 esse,
2604 4937 3060 5008 hominibusque
3083 4935 3229 5008 ipsis
3261 4935 3514 4991 scientiae
3547 4935 3711 5008 prin-

2053 5031 2274 5103 cipium
2306 5031 2490 5088 fuisse
2519 5031 2748 5096 docent,
2780 5029 2950 5100 cujus
2979 5027 3061 5082 rei
3091 5027 3279 5099 gratia
3315 5027 3709 5098 prudentissi-

2054 5137 2189 5178 mus
2222 5119 2488 5176 omnium
2521 5133 2763 5190 serpens
2795 5115 2985 5173 dictus
3011 5115 3110 5184 sit,
3139 5119 3376 5188 propter
3414 5113 3704 5186 multipli-

2053 5228 2150 5268 ces
2200 5210 2331 5266 illas
2394 5207 2796 5279 volubilesque
2880 5206 3296 5262 intestinorum
3359 5208 3698 5261 nostrorum

2055 5303 2270 5374 spiras,
2303 5299 2519 5371 quibus
2543 5314 2790 5370 corpora
2844 5301 3044 5353 nostra
3105 5297 3503 5354 confarcinata
3543 5299 3706 5350 sunt.

2056 5393 2300 5462 Insuper
2329 5394 2384 5444 et
2439 5392 2770 5460 serpentem
2831 5388 3126 5457 nutriunt,
3185 5394 3237 5442 et
3291 5384 3707 5458 mysteriorum

2057 5496 2304 5539 suorum
2334 5484 2618 5549 tempore,
2654 5477 3141 5549 panibusmensae
3199 5474 3506 5547 appositis,
3533 5473 3707 5529 cista-

2056 5588 2169 5643 que
2211 5572 2434 5642 aperta,
2469 5567 2638 5623 illum
2672 5569 2740 5623 ad
2776 5573 3010 5642 pastum
3034 5567 3305 5622 invitant.
3331 5563 3432 5620 llle
3491 5563 3710 5621 circum
