4052 6378
385 366 542 426 1263

1701 347 2013 411 ΝΙΟΕΤΕ
2053 346 2488 410 ΟΗΟΝΙΑΤΔΕ

3644 350 3796 412 1264

386 512 566 567 panes
593 493 907 559 volutatur,
940 505 1089 562 quos
1107 503 1175 543 ex
1206 483 1525 543 continenti
1570 487 1852 553 tanquam
1884 494 2022 535 san-
2054 484 2111 551 Α
2139 495 2255 535 non
2289 480 2489 536 minus
2516 495 2696 552 quam
2725 494 3005 550 vermem,
3035 482 3193 536 terra
3216 484 3460 537 enatum
3507 481 3795 552 novimus,

385 586 670 642 etiflcatos
695 583 996 653 frangunt,
1027 585 1081 634 et
1116 575 1330 649 populo
1394 573 1798 629 distribuunt:
1855 573 2030 638 atque

386 677 495 732 hoc
519 675 837 746 perfectum
861 668 1215 725 sacrificium
1247 665 1622 721 arbitrantur.
1653 661 1817 716 Tum
1878 657 2034 746 dein-

389 767 462 821 de
505 745 700 819 nescio
752 761 967 833 quibus
1052 754 1551 812 incantationibus
1614 756 1671 807 et
1720 745 2033 822 praestigiis

2141 567 2419 639 qualitate
2471 569 2695 626 caeteris
2771 568 3096 625 assimilem
3161 568 3591 638 animantibus,
3674 588 3799 643 qua).

2139 656 2295 714 Deus
2316 673 2346 712 e
2376 663 2532 714 terra
2562 659 2758 714 enasci
2791 658 2995 729 voluit,
3029 659 3123 715 cui
3145 659 3267 714 vim
3288 660 3655 732 propagandi
3702 678 3798 716 sev

2144 747 2320 802 minis
2350 747 2662 804 iuseverat.
2697 748 3049 804 Prudentem
3082 764 3215 805 vero
3248 766 3362 805 non
3406 766 3473 805 eo
3530 756 3791 808 vocatum

390 855 715 911 cicuratum
774 851 1099 921 serpentem
1157 852 1209 901 et
1256 844 1564 899 delinitum
1620 837 2037 896 deosculantur
2146 834 2419 904 dicimus,
2452 837 2591 908 quia
2616 836 2875 894 humana
2904 838 3096 911 ﬁgura
3153 843 3469 910 menteque
3529 840 3799 909 praeditus

392 958 597 1000 omnes
618 942 678 995 in
708 956 827 1004 ore,
859 943 1034 1010 atque
1064 937 1372 991 adorantes
1395 933 1612 1005 hymno
1655 929 1883 984 Patrem
1914 941 2038 981 cos-
2148 925 2321 987 situt
2345 925 2748 993 homo,verum
2782 926 2919 997 quia
2969 944 3073 984 nos
3101 927 3481 1001 supplantare
3526 934 3792 999 conatur,

393 1032 596 1089 leslem
631 1026 1058 1087 concelebrant.
1094 1025 1306 1080 Eorum
1342 1039 1512 1095 porro
1546 1016 1814 1075 nonnulli
1870 1013 2038 1068 Chri-

390 1126 549 1177 stum
581 1120 763 1186 aiunt,
795 1133 929 1174 cum
964 1116 1226 1186 seipsum
1250 1114 1310 1168 in
1367 1113 1699 1183 serpentem
1758 1102 2039 1160 transfor-

394 1213 629 1275 masset,
689 1207 932 1278 virginis
992 1208 1227 1259 uterum
1287 1200 1795 1268 subiissezeoque
1860 1207 2041 1248 sensu

393 1298 592 1354 miseri
617 1298 721 1352 hoc
778 1293 1165 1367 apostolicum
1224 1289 1597 1361 intelligunt:
1655 1285 1768 1359 Qui
1822 1298 1948 1338 cum
1977 1281 2039 1335 in

392 1393 571 1459 forma
625 1387 730 1442 Dei
766 1392 922 1450 esset,
979 1398 1088 1438 non
1143 1384 1226 1437 est
1268 1380 1529 1450 rapinam
1604 1377 1930 1440 arbitratus,
1989 1383 2047 1424 se

391 1478 660 1550 aequalem
686 1492 833 1532 essee
867 1480 994 1544 Deo,
1026 1474 1126 1529 sed
1153 1473 1503 1543 semetipsum
1560 1466 1873 1525 cxinanivit
1928 1462 2049 1532 for-

394 1584 543 1624 mam
562 1568 705 1623 servi
728 1565 1007 1636 accipiens
1036 1563 1101 1619 ⁸³.

688 1697 965 1748 Hsereseos
1036 1686 1396 1762 praecedenti-sf
1447 1685 1766 1756 confutatio.

472 1822 845 1891 Serpentum,
880 1818 980 1889 qui
1011 1832 1144 1872 vera
1165 1818 1304 1871 sunt
1333 1813 1665 1885 viperarum
1720 1811 2048 1883 progenies,

404 1910 465 1965 in
497 1925 717 1964 morem
750 1908 975 1978 Ophites
1006 1903 1452 1977 hipullularunt
1485 1902 1755 1974 {quippe
1788 1900 1887 1972 qui
1918 1901 2043 1957 ani-

406 1998 696 2052 mantium
743 1995 1008 2052 omnium
1073 1993 1327 2049 maxime
1386 1991 1820 2058 detestandum,
1880 1994 2055 2061 atque

405 2104 613 2157 repens
645 2085 838 2140 divino
862 2085 1039 2155 jussu
1072 2099 1251 2154 super
1282 2086 1488 2154 pectus
1518 2086 1573 2137 et
1606 2085 1888 2148 ventrem,
1937 2077 2056 2135 vel-

408 2182 474 2230 ut
502 2174 694 2230 insani
726 2176 1058 2240 adorarent,
1092 2177 1149 2227 et
1214 2170 1588 2227 Hebraeorum
1644 2170 1828 2225 Deum
1856 2167 2058 2224 Jalda-

407 2266 626 2337 baoth(
662 2265 896 2322 nomine
925 2262 1110 2319 sacris
1166 2262 1463 2334 incognito
1495 2260 1729 2329 litteris)
1772 2260 2052 2327 dicerent,

404 2371 583 2426 quem
614 2356 685 2409 ab
699 2351 1377 2425 autiquioribussmculis
1391 2351 1628 2407 Pronice
1642 2354 1830 2406 matre
1852 2365 2055 2422 proge-

408 2444 597 2499 nitum
628 2442 809 2515 impie
832 2440 1870 2509 fabularentur.Tumdeindeseptem
1904 2437 2056 2494 ﬁlios

396 2533 475 2588 ub
490 2532 618 2603 ipsa
641 2531 1106 2604 progenitos,qui
1126 2529 1383 2585 todidem
1404 2527 1583 2584 caelos
1596 2527 2052 2597 construxerint,

388 2623 627 2679 tandem
661 2640 794 2680 vero
827 2623 1122 2677 hominem
1142 2622 1214 2677 ad
1234 2621 1416 2691 patris
1432 2620 1522 2675 sui
1539 2618 1887 2674 Jaldabaoth
1903 2618 2053 2675 ima-

395 2712 588 2782 ginem
624 2712 993 2782 protulerint.
1027 2715 1225 2781 Neque
1258 2710 1366 2764 hac
1417 2708 1653 2781 quidem
1710 2707 2053 2764 velitatione

404 2798 682 2866 contenti,
709 2797 1004 2854 hominem
1047 2814 1283 2869 quoque
1342 2796 1611 2867 reptilem
1672 2797 1875 2862 fuisse,
1926 2811 2053 2851 ver-

402 2886 513 2943 mis
544 2887 606 2943 in
656 2904 875 2944 morem
924 2891 1233 2943 asserunt:
1283 2890 1605 2958 caeteraque
1658 2886 1882 2951 omnia,
1921 2902 2051 2956 qua

403 2976 689 3049 superiori
722 2976 983 3032 oratione
1004 2975 1393 3031 exaravimus.
1424 2974 1718 3030 Adversus
1768 2990 1897 3045 quae
1931 2974 2049 3029 hac

403 3082 437 3120 a
496 3066 664 3121 nobis
715 3066 906 3121 afferri
958 3069 1249 3136 possunt:
1310 3064 1470 3129 Quod
1513 3064 1794 3117 nimirum
1885 3079 2053 3119 sacra

396 3155 694 3227 Scriptura
718 3169 905 3210 unum
935 3152 1140 3219 Deum,
1172 3152 1570 3208 universitatis
1617 3151 1796 3222 hujus
1848 3151 2050 3208 condi-

2150 1015 2439 1072 malorum
2476 1032 2722 1088 memor,
2755 1034 2885 1090 qua;
2909 1022 3037 1073 tum
3073 1033 3387 1091 perpessus
3420 1022 3673 1085 est,cum
3699 1037 3801 1076 su-

2151 1120 2255 1175 per
2292 1109 2495 1177 pectus
2524 1111 2583 1161 et
2603 1111 2866 1163 ventrem
2899 1123 3096 1179 repere
3118 1108 3332 1178 jussus
3372 1112 3483 1174 est,
3523 1109 3803 1165 versatili-

2154 1194 2383 1265 busque
2425 1195 2685 1267 corporis
2753 1196 2959 1269 spiris,
3008 1203 3293 1270 tanquam
3329 1215 3497 1255 muro
3543 1198 3802 1263 ahenea,

2154 1283 2403 1340 illaesum
2423 1290 2600 1357 caput
2628 1292 2939 1342 conservat
2964 1306 2986 1341 .·
3005 1290 3159 1359 quod
3189 1304 3305 1344 non
3338 1304 3466 1345 raro
3485 1289 3627 1344 inde
3656 1306 3804 1344 exse-

2155 1373 2252 1439 rit,
2274 1378 2331 1430 et
2362 1379 2649 1446 quantum
2706 1375 2912 1432 habitu
2963 1378 3323 1434 contendere
3390 1384 3604 1450 potest,
3639 1393 3804 1434 vene-

2159 1478 2298 1518 num
2348 1469 2553 1520 contra
2598 1464 2895 1521 hominem
2950 1466 3295 1537 ejaculatur.
3358 1468 3579 1524 Adhaec
3648 1469 3807 1525 facile

2159 1554 2337 1608 certis
2372 1570 2661 1611 annorum
2717 1555 2994 1628 periodis,
3056 1557 3415 1614 foraminum
3474 1558 3806 1627 attritu,le-

2160 1643 2416 1698 beridem
2450 1643 2744 1700 exuit.Per
2763 1644 3046 1702 saeculum
3062 1650 3121 1701 et
3148 1646 3361 1703 saecula
3388 1648 3438 1703 si
3494 1649 3637 1719 quis
3683 1666 3807 1704 con-

2159 1730 2391 1786 tinuum
2424 1748 2627 1789 eorum
2658 1750 2789 1805 quas
2818 1740 2960 1791 sunt
3002 1739 3232 1791 motum
3282 1736 3599 1809 intelligat,
3648 1754 3807 1810 quem

2165 1834 2355 1891 neque
2386 1839 2498 1877 nox
2529 1838 2715 1894 neque
2746 1824 2868 1879 dies
2899 1824 3263 1896 dimetiatur,
3298 1842 3537 1896 prorsus
3577 1827 3633 1882 ei
3678 1827 3806 1882 sub-

2168 1910 2515 1966 scribemus.
2569 1914 3077 1976 Quemadmodum
3146 1918 3205 1971 et
3287 1916 3415 1985 quis
3462 1933 3666 1983 zonas,
3718 1933 3807 1989 pro

2168 2014 2418 2069 quarum
2447 2000 2561 2055 situ
2615 2003 2871 2059 errantia
2901 2002 3094 2059 sidera
3136 2004 3408 2061 inferiore
3447 2007 3579 2061 fixis
3620 2006 3809 2062 ordine

2166 2089 2450 2161 disposita
2479 2096 2639 2163 sunt,
2662 2093 2897 2150 abusive
2929 2094 3208 2151 cmlorum
3227 2095 3496 2158 ,-‘nomine
3551 2099 3811 2170 designet

2166 2179 2255 2235 vel
2305 2181 2481 2237 etiam
2548 2184 2768 2239 zodiaci
2809 2184 3037 2255 circuli,
3110 2202 3288 2257 quem
3335 2202 3511 2244 curru
3574 2205 3685 2244 suo
3734 2188 3811 2245 sol

2167 2269 2638 2327 circumvehitur.
2669 2273 2834 2337 Quod
2865 2274 2914 2329 si
2946 2275 3085 2346 quid
3114 2280 3391 2347 praeterea
3420 2276 3815 2350 obloquuntur

2166 2356 2444 2429 haeretici,
2467 2364 2524 2415 et
2560 2361 2768 2417 saecula
2806 2361 2877 2419 iis
2923 2380 3052 2435 quae
3108 2369 3248 2420 sunt
3292 2366 3486 2437 priora
3534 2367 3816 2439 antiquio-

2166 2461 2347 2517 raque
2372 2446 2730 2517 existiment,
2764 2464 2861 2506 eos
2895 2467 3012 2507 una
3041 2467 3169 2508 cum
3198 2452 3325 2509 suis
3354 2453 3588 2509 saculis
3628 2453 3810 2525 explo-

2164 2536 2387 2593 dendos
2421 2554 2753 2595 censemus.
2784 2542 2996 2597 Omnia
3025 2544 3180 2598 enim
3217 2543 3478 2600 visibilia
3517 2548 3577 2600 et
3628 2543 3811 2599 invisi-

2164 2624 2303 2680 bilia
2333 2643 2366 2682 a
2414 2643 2611 2684 rerum
2659 2631 2927 2686 omnium
2974 2631 3277 2689 conditore
3362 2630 3478 2689 Deo
3527 2642 3701 2705 atque
3742 2633 3805 2688 ab

2167 2715 2466 2787 unigenito
2546 2718 2749 2787 Verbo,
2800 2720 3134 2792 Spirituque
3175 2723 3548 2779 sanctissimo
3628 2727 3806 2779 creata

2163 2820 2292 2860 esse
2323 2806 2642 2863 didicimus
2679 2823 2691 2863 :
2721 2809 2888 2865 Verbo
2929 2812 3084 2867 enim
3136 2811 3463 2881 Domini,ut
3494 2812 3801 2884 philopsal-

2163 2908 2296 2949 mus
2330 2894 2427 2951 ille
2457 2895 2707 2951 Davides
2738 2903 2944 2954 auctor
2973 2903 3083 2971 est,
3131 2903 3257 2955 coeti
3311 2901 3523 2969 ﬁrmati
3570 2908 3714 2968 sunt,
3754 2909 3801 2955 et

2160 2983 2367 3053 spiritu
2388 3000 2502 3041 om
2532 2985 2648 3054 eius
2677 2989 2858 3043 omnis
2886 2990 3060 3045 virtus
3109 3005 3299 3045 eorum
3350 2992 3417 3047 “.
3460 2995 3605 3046 Ante
3653 2991 3792 3045 hunc

2162 3077 2366 3129 autem
2399 3074 2590 3131 Moses
2623 3076 2748 3148 ipse
2808 3077 3229 3150 prophetarum
3287 3080 3793 3137 excellentissimus

2162 3179 2289 3232 nos,
2322 3163 2561 3234 coelum,
2590 3170 2832 3235 terram,
2882 3175 2936 3223 et
2984 3176 3192 3225 caetera
3250 3169 3540 3227 elementa
3581 3171 3653 3226 ab
3708 3167 3800 3224 illo

390 3252 576 3301 torem
632 3243 832 3310 tradit,
880 3258 1135 3313 eumque
1184 3241 1328 3297 adeo
1388 3246 1682 3297 carentem
1737 3243 2043 3314 principio,
2077 3244 2121 3312 C
2160 3250 2311 3306 facta
2367 3266 2496 3307 esse
2547 3253 2736 3322 docet,
2771 3256 2873 3326 qui
2928 3255 3120 3312 lucem
3179 3259 3238 3314 in
3279 3276 3476 3315 rerum
3534 3264 3788 3315 naturam

382 3333 545 3389 haud
576 3330 865 3405 genitum,
898 3336 964 3388 et
986 3331 1084 3403 qui
1116 3348 1235 3387 una
1309 3347 1443 3388 cum
1502 3331 1807 3404 unigenito
1878 3331 2042 3401 Filio,

381 3419 725 3492 Spirituque
779 3425 1003 3486 sancto,
1064 3421 1273 3477 saecula
1332 3421 1705 3493 produxerat,
1759 3438 1943 3494 eaque
1976 3421 2046 3478 de

381 3525 557 3567 causa
589 3526 725 3566 cum
758 3510 970 3567 iisdem
1002 3510 1377 3582 gloriﬁcetur.
1430 3512 1711 3567 Pronicen
1744 3528 1876 3567 vero
1929 3529 2046 3568 una

380 3616 515 3656 cum
540 3602 779 3672 septem
802 3599 962 3666 ﬁliis,
997 3604 1277 3672 tanquam
1306 3617 1495 3657 meras
1542 3619 1750 3674 nugas,
1809 3602 1879 3656 ad
1912 3618 2045 3658 cor-

375 3708 477 3747 vos
511 3691 889 3763 relegamus:
922 3692 1425 3762 quemadmodum
1486 3692 1685 3759 etiam,
1745 3692 1900 3763 quod
1937 3692 2048 3748 ho-

382 3779 603 3837 minem
630 3780 820 3853 primo
851 3798 1109 3837 vermem
1145 3783 1498 3853 productum
1552 3782 1736 3837 fuisse
1787 3780 1994 3837 dicunt
2025 3797 2039 3836 :

384 3868 591 3925 deinde
620 3869 882 3925 animam
916 3871 1211 3943 accepisse
1241 3887 1275 3926 a
1315 3871 1579 3935 Pronice,
1620 3886 1800 3941 quam
1842 3870 2045 3926 Jalda-

384 3958 587 4015 baotbi
616 3964 858 4015 matrem
901 3960 1267 4032 conﬁngunt.
1327 3959 1630 4028 Deienim,
1684 3959 1782 4030 qui
1838 3967 2043 4015 estsu-

383 4065 489 4121 psr
518 4048 738 4114 omnia,
772 4065 955 4105 manu
988 4053 1364 4105 constructus
1392 4055 1446 4104 et
1506 4050 1796 4115 firmatus,
1855 4049 2043 4106 haud-

391 4140 1001 4213 quaquamserpentis
1042 4140 1294 4196 formam
1354 4140 1598 4211 accepit,
1660 4140 1756 4195 sed
1808 4140 2043 4211 qualem

388 4229 911 4301 noshabemusqui
944 4246 1079 4285 cum
1100 4227 1201 4285 illo
1267 4229 1467 4285 formae
1516 4233 1573 4285 et
1619 4234 1844 4286 naturas
1881 4231 2043 4301 ejus-

387 4317 522 4373 dem
554 4318 872 4390 participes
890 4334 1100 4374 sumus
1126 4335 1140 4374 :
1165 4318 1706 4390 cumquespiritum
1732 4319 2043 4390 viventem,

384 4422 563 4479 quem
594 4424 702 4465 nos
730 4410 993 4466 animam
1025 4409 1327 4467 intellectu
1359 4410 1702 4482 rationeque
1734 4411 2039 4483 praeditam

383 4495 742 4566 dicimus,ab
794 4497 896 4556 illo
958 4498 1304 4571 accepisset,
1362 4498 1680 4571 imperium
1733 4499 1818 4556 illi
1856 4502 1916 4557 in
1949 4515 2043 4557 res

379 4592 645 4646 terrenas
676 4588 881 4647 datum
913 4592 1021 4645 est.
1054 4587 1242 4645 Simul
1299 4592 1476 4660 atque
1503 4604 1636 4645 vero
1673 4588 1888 4646 diaboli
1951 4589 2040 4646 in-

381 4679 563 4750 vidia,
624 4679 1009 4753 mulierisque
1060 4680 1266 4737 fraude
1340 4679 1702 4750 prohibitum
1782 4682 2040 4738 fructum

383 4771 654 4842 contigit,
686 4769 964 4843 paradiso
989 4769 1337 4826 exturbatus
1358 4777 1468 4826 est.

440 4860 636 4927 Porro
665 4857 935 4928 σκώληκα
995 4874 1101 4916 seu
1150 4874 1407 4916 vermem
1454 4859 1679 4917 scimus
1708 4861 2035 4918 animalcu-

388 4945 514 5004 lum
536 4948 696 5018 esse,
726 4948 883 5020 quod
917 4964 988 5006 ex
1014 4947 1195 5024 lignis
1226 4948 1663 5021 putrefactis,ut
1715 4946 2035 5022 plurimum

284 5056 287 5057 ν
385 5042 582 5093 autem
614 5051 685 5093 ex
713 5050 879 5095 cusuc
907 5039 1229 5096 enascitur.
1251 5038 1529 5104 Quamvis
1558 5039 1716 5096 enim
1748 5054 1852 5113 per
1903 5057 2035 5112 pro-

382 5114 623 5197 phetam
669 5122 954 5184 Dominus
982 5127 1187 5197 dicat,
1227 5127 1357 5184 Noli
1402 5130 1619 5199 timere,
1680 5130 1888 5185 vermis
1926 5131 2034 5187 Ja-

2157 3338 2523 3410 produxerit,
2556 3343 2656 3414 qui
2679 3343 2889 3399 coelum
2915 3345 3229 3416 sideribus,
3270 3352 3486 3405 terram
3537 3348 3793 3412 saltibus,

2156 3428 2363 3498 pratis,
2396 3436 2449 3485 et
2472 3431 2767 3503 segetibus
2825 3436 3137 3505 ornaverit,
3196 3438 3356 3494 varia
3413 3439 3792 3495 animantium

2154 3532 2362 3587 genera
2406 3520 2858 3595 deprompserit,
2925 3540 3118 3582 aerem
3159 3527 3516 3599 volucribus,
3571 3527 3794 3602 [aquam

2156 3606 2440 3677 piscibus,
2475 3614 2995 3683 terramjumentis
3012 3619 3071 3671 et
3101 3616 3243 3673 feris
3270 3617 3660 3675 habitandam
3708 3634 3799 3673 ex-

2154 3698 2420 3769 posuerit
2450 3714 2462 3752 :
2490 3701 2591 3771 qui
2614 3701 2867 3774 denique
2899 3709 3167 3762 naturam
3218 3706 3543 3765 humanam
3599 3710 3804 3766 forma-

2153 3786 2318 3843 verit.
2354 3788 2580 3852 Quibus
2612 3790 2969 3862 astipulatur
3021 3794 3204 3852 Isaias
3235 3795 3331 3853 his
3397 3797 3596 3854 verbis
3633 3814 3648 3853 :
3704 3797 3801 3866 Qui

2150 3878 2284 3947 fecit
2314 3879 2509 3935 caelum
2535 3884 2589 3936 et
2616 3882 2865 3950 ﬁrmavit
2895 3885 3058 3953 illud,
3109 3889 3204 3957 qui
3260 3887 3407 3944 dedit
3456 3888 3803 3957 spiraculum

2146 3969 2349 4038 populo
2379 3969 2734 4027 inhabitanti
2759 3978 3046 4043 terram,et
3074 3976 3338 4047 spiritum
3387 3980 3807 4037 ambulantibus

2153 4061 2215 4111 in
2245 4074 2311 4113 ea
2342 4057 2407 4115 ⁴⁶.
2442 4063 2587 4116 Item
2612 4078 2625 4115 :
2650 4062 2758 4131 Qui
2784 4067 2988 4121 statuit
3015 4067 3210 4123 cretum
3241 4068 3387 4125 sicut
3436 4070 3731 4141 fornicem,
3760 4073 3807 4128 et

2152 4147 2405 4203 extendit
2435 4149 2579 4205 illud
2605 4153 2751 4207 sicut
2780 4153 3202 4211 tabernaculum
3229 4156 3437 4229 “.Ipse
3462 4175 3642 4230 porro
3667 4163 3806 4217 Dens

2153 4250 2256 4305 per
2310 4239 2585 4294 eumdem
2631 4240 2977 4314 prophetam
3031 4244 3116 4300 sic
3146 4247 3279 4301 ait:
3328 4247 3561 4305 Extendi
3612 4258 3805 4305 catum

2151 4324 2301 4401 spius
2329 4324 2396 4381 ⁴⁷.
2428 4329 2715 4386 Jeremias
2746 4347 2981 4403 quoque
3011 4332 3169 4390 hunc
3201 4335 3261 4391 in
3321 4337 3562 4393 modum
3631 4338 3805 4396 excla-

2154 4422 2275 4469 mat
2309 4430 2323 4468 :
2353 4416 2462 4484 Qui
2478 4417 2653 4475 mittit
2684 4419 2865 4477 lucem
2892 4430 2943 4478 et
2968 4424 3366 4496 proﬁciscitur,
3409 4430 3631 4484 vocavit
3671 4445 3806 4496 eam,

2152 4506 2203 4559 et
2225 4504 2494 4574 paruitei
2523 4521 2649 4562 eum
2679 4509 2878 4567 timore
2902 4511 2967 4565 η.
3030 4512 3159 4584 Ipse
3213 4531 3451 4589 quoque
3509 4516 3809 4575 Melchise-

2069 4613 2119 4680 Β
2156 4592 2360 4665 decus,
2392 4594 2490 4664 qui
2524 4597 2670 4668 legis
2696 4601 2957 4671 tempora
3000 4603 3315 4672 precessit,
3374 4620 3509 4660 eum
3568 4605 3807 4662 benedi-

2152 4689 2305 4739 ceret
2350 4681 2703 4755 Abrahamo,
2762 4686 2859 4743 his
2912 4688 3105 4746 verbis
3163 4706 3310 4749 usus
3389 4709 3520 4750 esse
3578 4695 3807 4752 fertur:

2148 4773 2832 4833 BenedictusAbrahamus
2863 4780 2974 4836 Deo
3002 4782 3240 4849 excelso,
3299 4785 3404 4853 aui
3452 4786 3669 4841 creavit
3714 4801 3810 4840 ca:-

2148 4860 2262 4917 lum
2291 4865 2343 4918 et
2356 4871 2571 4919 terram
2597 4862 2666 4921 υ.

2215 4955 2407 5024 Atque
2436 4952 2805 5012 Abrahamus
2836 4955 2981 5028 ipse,
3015 4974 3151 5016 cum
3201 4959 3492 5018 famulum
3543 4964 3617 5020 ad
3694 4965 3800 5019 Re-

2149 5039 2338 5097 beccae
2388 5042 2624 5115 nuptias
2679 5044 2987 5103 emitteret.
3066 5048 3235 5119 Pone,
3294 5050 3503 5124 inquit,
3564 5068 3798 5110 manum

2147 5137 2303 5186 tuam
2328 5130 2519 5187 subter
2535 5133 2725 5203 femur
2752 5150 2958 5203 meum,
2987 5146 3049 5195 ut
3076 5137 3333 5205 adiurem
3360 5145 3412 5197 te
3457 5158 3558 5214 per
3607 5144 3801 5199 Domi-

380 5216 479 5271 eob
499 5210 568 5283 ⁴⁴,
596 5230 713 5273 non
740 5214 1028 5275 eotamen
1072 5216 1343 5275 vaticinia
1363 5217 1566 5276 videns
1623 5224 1771 5276 usus
1826 5222 1937 5287 est,
1971 5225 2036 5278 nt
2140 5234 2280 5276 num
2308 5222 2629 5279 Deumcteli
2651 5230 2703 5280 et
2741 5230 2911 5283 terrae
2937 5226 3006 5284 ⁵ο.
3052 5229 3298 5300 Insuper
3337 5210 3523 5287 Jobns
3583 5231 3686 5288 ille
3736 5236 3816 5288 tot

379 5303 673 5363 Adamum
698 5302 1051 5377 huiusmodi
1094 5304 1277 5363 forma
1335 5307 1408 5364 ab
1465 5307 1636 5364 initio
1673 5312 1778 5365 aut
1832 5313 2069 5381 postea
2140 5308 2454 5389 generibus
2497 5312 2883 5371 certaminum
2942 5318 3313 5386 exercitatus,
3373 5319 3478 5388 Qui
3526 5321 3801 5389 extendit,

294 5462 297 5465 η
380 5390 1108 5481 ρῂξρξῳωςῆῐξςεθνὶωο
1177 5408 1340 5466 vero,
1394 5400 1460 5455 ut
1520 5396 1915 5455 humilitatem
1946 5402 2034 5455 'et
2138 5387 2359 5469 inquit,
2389 5400 2751 5473 eatos‘solus,
2782 5406 2882 5477 qui
2933 5405 3191 5476 graditur
3235 5387 3402 5481 super
3438 5410 3640 5480 ﬂuctus
3678 5387 3794 5466 maé

379 5470 973 5575 W‘Vabi
1000 5482 1385 5554 signiﬁcaret.
1418 5484 1763 5558 Serpentem
1796 5490 2035 5559 quoque
2062 5516 2067 5519 ι
2138 5488 2220 5543 ris
2247 5486 2293 5523 ⁸¹
2325 5486 2504 5558 [sicut
2532 5506 2711 5563 super
2733 5470 3177 5567 pavimentum].

912 5608 964 5682 ξ’.
992 5600 995 5607 “
1028 5594 1230 5682 _lsa.
1262 5622 1376 5677 xu,
1410 5611 1496 5669 14.
1571 5608 1637 5682 ‘5'
1672 5608 1825 5682 Psal.
1852 5626 2030 5681 nm,

2189 5613 2234 5649 “
2264 5614 2373 5670 Isa.
2407 5629 2543 5682 xm,
2572 5615 2628 5674 5.
2709 5618 2754 5654 ‘7
2795 5622 2910 5677 Isa.
2964 5639 3052 5682 ιιι.
3100 5623 3193 5680 22.
3273 5625 3315 5660 ‘7
3365 5623 3476 5682 Isa.
3528 5642 3683 5682 xuv.
3732 5624 3800 5680 24

932 5658 963 5734 ,⁷
1000 5675 1072 5714 ω
1095 5658 1241 5736 (SBH.
1262 5658 1389 5753 EE,
1413 5658 1509 5740 '16.
1584 5680 1635 5719 ⁵ο
1670 5658 1825 5742 ὸῖιῖξ
1847 5658 2044 5754 iit-v.7:

2264 5658 2373 5670 -.η--
2408 5658 2522 5670 ε--η
2572 5658 2628 5674 ν.
2795 5658 2910 5677 ινα..
2964 5658 3052 5693 ου,
3100 5658 3193 5680 μω.
3284 5658 3311 5660 "
3365 5658 3476 5682 sacl-
3528 5658 3683 5693 sunt,

2165 5685 2213 5724 ⁵⁸
2235 5684 2372 5743 Job.
2404 5701 2485 5757 1x,
