  <div class='ocr_page' id='page_1' title='image "/cluster/home/n/w/nwhite01/storage/ocr_20150623/139:no.1/coo.31924054870443/642.png"; bbox 0 0 4052 6430; ppageno 0'>
   <div class='ocr_carea' id='block_1_1' title="bbox 365 441 515 500">
    <p class='ocr_par' dir='ltr' id='par_1_1' title="bbox 365 441 515 500">
     <span class='ocr_line' id='line_1_1' title="bbox 365 441 515 500; baseline 0.007 -1"><span class='ocrx_word' id='word_1_1' title='bbox 365 441 515 500; x_wconf 74' lang='lat' dir='ltr'><strong>i265</strong></span> 
     </span>
    </p>
   </div>
   <div class='ocr_carea' id='block_1_2' title="bbox 1696 437 2452 500">
    <p class='ocr_par' dir='ltr' id='par_1_2' title="bbox 1696 437 2452 500">
     <span class='ocr_line' id='line_1_2' title="bbox 1696 437 2452 500; baseline -0.005 0"><span class='ocrx_word' id='word_1_2' title='bbox 1696 437 2096 500; x_wconf 84' lang='lat' dir='ltr'><strong>THESAURI</strong></span> <span class='ocrx_word' id='word_1_3' title='bbox 2140 439 2291 498; x_wconf 88' lang='lat' dir='ltr'><strong>LIB.</strong></span> <span class='ocrx_word' id='word_1_4' title='bbox 2352 438 2452 498; x_wconf 88' lang='lat' dir='ltr'><strong>IV.</strong></span> 
     </span>
    </p>
   </div>
   <div class='ocr_carea' id='block_1_3' title="bbox 3631 451 3786 511">
    <p class='ocr_par' dir='ltr' id='par_1_3' title="bbox 3631 451 3786 511">
     <span class='ocr_line' id='line_1_3' title="bbox 3631 451 3786 511; baseline -0.013 0"><span class='ocrx_word' id='word_1_5' title='bbox 3631 451 3786 511; x_wconf 82' lang='lat'><strong>1266</strong></span> 
     </span>
    </p>
   </div>
   <div class='ocr_carea' id='block_1_4' title="bbox 434 570 3775 652">
    <p class='ocr_par' dir='ltr' id='par_1_4' title="bbox 434 570 3775 652">
     <span class='ocr_line' id='line_1_4' title="bbox 434 570 3775 652; baseline 0.001 -22"><span class='ocrx_word' id='word_1_6' title='bbox 434 576 501 630; x_wconf 94' lang='lat' dir='ltr'><strong>Ut</strong></span> <span class='ocrx_word' id='word_1_7' title='bbox 547 578 739 630; x_wconf 87' lang='lat' dir='ltr'><strong>autem</strong></span> <span class='ocrx_word' id='word_1_8' title='bbox 783 577 958 631; x_wconf 88' lang='lat' dir='ltr'><strong>Vetus</strong></span> <span class='ocrx_word' id='word_1_9' title='bbox 1008 576 1438 632; x_wconf 80' lang='lat' dir='ltr'><strong>Testamentum</strong></span> <span class='ocrx_word' id='word_1_10' title='bbox 1487 592 1616 632; x_wconf 90' lang='lat' dir='ltr'><strong>cum</strong></span> <span class='ocrx_word' id='word_1_11' title='bbox 1675 575 1830 631; x_wconf 93' lang='lat' dir='ltr'><strong>Novo</strong></span> <span class='ocrx_word' id='word_1_12' title='bbox 1861 588 2009 630; x_wconf 89' lang='lat' dir='ltr'><strong>con-</strong></span> <span class='ocrx_word' id='word_1_13' title='bbox 2043 574 2095 639; x_wconf 84' lang='grc' dir='ltr'><strong>Α</strong></span> <span class='ocrx_word' id='word_1_14' title='bbox 2125 579 2250 626; x_wconf 88' lang='lat' dir='ltr'><strong>est:</strong></span> <span class='ocrx_word' id='word_1_15' title='bbox 2279 570 2736 642; x_wconf 89' lang='lat' dir='ltr'><strong>prudentiorque</strong></span> <span class='ocrx_word' id='word_1_16' title='bbox 2776 576 2902 642; x_wconf 85' lang='lat' dir='ltr'><strong>post</strong></span> <span class='ocrx_word' id='word_1_17' title='bbox 2957 574 3291 642; x_wconf 83' lang='lat' dir='ltr'><strong>consilium,</strong></span> <span class='ocrx_word' id='word_1_18' title='bbox 3356 587 3416 632; x_wconf 91' lang='lat' dir='ltr'><strong>ut</strong></span> <span class='ocrx_word' id='word_1_19' title='bbox 3448 578 3527 633; x_wconf 90' lang='lat' dir='ltr'><strong>ita</strong></span> <span class='ocrx_word' id='word_1_20' title='bbox 3567 581 3775 652; x_wconf 87' lang='lat' dir='ltr'><strong>dicam,</strong></span> 
     </span>
    </p>
   </div>
   <div class='ocr_carea' id='block_1_5' title="bbox 361 664 2018 736">
    <p class='ocr_par' dir='ltr' id='par_1_5' title="bbox 361 664 2018 736">
     <span class='ocr_line' id='line_1_5' title="bbox 361 664 2018 736; baseline -0.002 -16"><span class='ocrx_word' id='word_1_21' title='bbox 361 666 594 734; x_wconf 87' lang='lat' dir='ltr'><strong>sentire,</strong></span> <span class='ocrx_word' id='word_1_22' title='bbox 654 666 960 720; x_wconf 89' lang='lat' dir='ltr'><strong>eteadem</strong></span> <span class='ocrx_word' id='word_1_23' title='bbox 1017 679 1151 720; x_wconf 91' lang='lat' dir='ltr'><strong>cum</strong></span> <span class='ocrx_word' id='word_1_24' title='bbox 1223 665 1320 720; x_wconf 93' lang='lat' dir='ltr'><strong>illo</strong></span> <span class='ocrx_word' id='word_1_25' title='bbox 1381 668 1565 732; x_wconf 77' lang='lat' dir='ltr'><strong>eﬂ‘ari,</strong></span> <span class='ocrx_word' id='word_1_26' title='bbox 1635 669 1811 736; x_wconf 88' lang='lat' dir='ltr'><strong>atque</strong></span> <span class='ocrx_word' id='word_1_27' title='bbox 1876 664 2018 718; x_wconf 88' lang='lat' dir='ltr'><strong>adeo</strong></span> 
     </span>
    </p>
   </div>
   <div class='ocr_carea' id='block_1_6' title="bbox 364 751 2015 826">
    <p class='ocr_par' dir='ltr' id='par_1_6' title="bbox 364 751 2015 826">
     <span class='ocr_line' id='line_1_6' title="bbox 364 751 2015 826; baseline -0.001 -18"><span class='ocrx_word' id='word_1_28' title='bbox 364 755 668 825; x_wconf 89' lang='lat' dir='ltr'><strong>utriusque</strong></span> <span class='ocrx_word' id='word_1_29' title='bbox 701 753 922 810; x_wconf 81' lang='lat' dir='ltr'><strong>rivulos</strong></span> <span class='ocrx_word' id='word_1_30' title='bbox 953 770 1021 810; x_wconf 81' lang='lat' dir='ltr'><strong>ex</strong></span> <span class='ocrx_word' id='word_1_31' title='bbox 1042 754 1248 810; x_wconf 89' lang='lat' dir='ltr'><strong>eodem</strong></span> <span class='ocrx_word' id='word_1_32' title='bbox 1282 756 1440 810; x_wconf 87' lang='lat' dir='ltr'><strong>fonte</strong></span> <span class='ocrx_word' id='word_1_33' title='bbox 1477 755 1759 812; x_wconf 86' lang='lat' dir='ltr'><strong>scaturire</strong></span> <span class='ocrx_word' id='word_1_34' title='bbox 1790 751 2015 826; x_wconf 89' lang='lat' dir='ltr'><strong>perspi-</strong></span> 
     </span>
    </p>
   </div>
   <div class='ocr_carea' id='block_1_7' title="bbox 361 842 2014 911">
    <p class='ocr_par' dir='ltr' id='par_1_7' title="bbox 361 842 2014 911">
     <span class='ocr_line' id='line_1_7' title="bbox 361 842 2014 911; baseline -0.001 -13"><span class='ocrx_word' id='word_1_35' title='bbox 361 860 537 899; x_wconf 90' lang='lat' dir='ltr'><strong>cuum</strong></span> <span class='ocrx_word' id='word_1_36' title='bbox 599 849 734 911; x_wconf 91' lang='lat' dir='ltr'><strong>stat,</strong></span> <span class='ocrx_word' id='word_1_37' title='bbox 794 844 1105 899; x_wconf 81' lang='lat' dir='ltr'><strong>audiamus</strong></span> <span class='ocrx_word' id='word_1_38' title='bbox 1163 844 1450 900; x_wconf 83' lang='lat' dir='ltr'><strong>Joannem</strong></span> <span class='ocrx_word' id='word_1_39' title='bbox 1509 845 1754 900; x_wconf 87' lang='lat' dir='ltr'><strong>tonitrus</strong></span> <span class='ocrx_word' id='word_1_40' title='bbox 1804 842 2014 909; x_wconf 84' lang='lat' dir='ltr'><strong>filium,</strong></span> 
     </span>
    </p>
   </div>
   <div class='ocr_carea' id='block_1_8' title="bbox 358 933 2012 1004">
    <p class='ocr_par' dir='ltr' id='par_1_8' title="bbox 358 933 2012 1004">
     <span class='ocr_line' id='line_1_8' title="bbox 358 933 2012 1004; baseline 0 -18"><span class='ocrx_word' id='word_1_41' title='bbox 358 935 454 1003; x_wconf 81' lang='lat' dir='ltr'><strong>qui</strong></span> <span class='ocrx_word' id='word_1_42' title='bbox 488 934 686 989; x_wconf 86' lang='lat' dir='ltr'><strong>omnia</strong></span> <span class='ocrx_word' id='word_1_43' title='bbox 717 933 900 989; x_wconf 91' lang='lat' dir='ltr'><strong>Verbo</strong></span> <span class='ocrx_word' id='word_1_44' title='bbox 934 933 1102 1002; x_wconf 86' lang='lat' dir='ltr'><strong>iacta,</strong></span> <span class='ocrx_word' id='word_1_45' title='bbox 1148 951 1252 990; x_wconf 89' lang='lat' dir='ltr'><strong>nec</strong></span> <span class='ocrx_word' id='word_1_46' title='bbox 1311 951 1512 990; x_wconf 90' lang='lat' dir='ltr'><strong>eorum</strong></span> <span class='ocrx_word' id='word_1_47' title='bbox 1571 951 1700 1004; x_wconf 64' lang='lat' dir='ltr'><strong>qua</strong></span> <span class='ocrx_word' id='word_1_48' title='bbox 1731 934 1842 989; x_wconf 90' lang='lat' dir='ltr'><strong>sub</strong></span> <span class='ocrx_word' id='word_1_49' title='bbox 1879 949 2012 987; x_wconf 86' lang='lat' dir='ltr'><strong>sen-</strong></span> 
     </span>
    </p>
   </div>
   <div class='ocr_carea' id='block_1_9' title="bbox 359 1022 2013 1096">
    <p class='ocr_par' dir='ltr' id='par_1_9' title="bbox 359 1022 2013 1096">
     <span class='ocr_line' id='line_1_9' title="bbox 359 1022 2013 1096; baseline -0.001 -18"><span class='ocrx_word' id='word_1_50' title='bbox 359 1041 493 1079; x_wconf 88' lang='lat' dir='ltr'><strong>sum</strong></span> <span class='ocrx_word' id='word_1_51' title='bbox 528 1026 765 1093; x_wconf 89' lang='lat' dir='ltr'><strong>cadunt,</strong></span> <span class='ocrx_word' id='word_1_52' title='bbox 807 1031 860 1078; x_wconf 90' lang='lat' dir='ltr'><strong>et</strong></span> <span class='ocrx_word' id='word_1_53' title='bbox 891 1040 1018 1094; x_wconf 64' lang='lat' dir='ltr'><strong>quae</strong></span> <span class='ocrx_word' id='word_1_54' title='bbox 1051 1023 1348 1080; x_wconf 91' lang='lat' dir='ltr'><strong>intellectu</strong></span> <span class='ocrx_word' id='word_1_55' title='bbox 1386 1023 1812 1096; x_wconf 83' lang='lat' dir='ltr'><strong>percipiuntur,</strong></span> <span class='ocrx_word' id='word_1_56' title='bbox 1845 1022 2013 1093; x_wconf 89' lang='lat' dir='ltr'><strong>quid-</strong></span> 
     </span>
    </p>
   </div>
   <div class='ocr_carea' id='block_1_10' title="bbox 361 1113 2010 1185">
    <p class='ocr_par' dir='ltr' id='par_1_10' title="bbox 361 1113 2010 1185">
     <span class='ocr_line' id='line_1_10' title="bbox 361 1113 2010 1185; baseline 0.001 -18"><span class='ocrx_word' id='word_1_57' title='bbox 361 1130 534 1185; x_wconf 78' lang='lat' dir='ltr'><strong>quam</strong></span> <span class='ocrx_word' id='word_1_58' title='bbox 571 1114 696 1168; x_wconf 85' lang='lat' dir='ltr'><strong>sine</strong></span> <span class='ocrx_word' id='word_1_59' title='bbox 727 1130 791 1168; x_wconf 90' lang='lat' dir='ltr'><strong>eo</strong></span> <span class='ocrx_word' id='word_1_60' title='bbox 834 1114 1183 1184; x_wconf 87' lang='lat' dir='ltr'><strong>productum</strong></span> <span class='ocrx_word' id='word_1_61' title='bbox 1220 1114 1452 1170; x_wconf 80' lang='lat' dir='ltr'><strong>asserit.</strong></span> <span class='ocrx_word' id='word_1_62' title='bbox 1509 1118 1674 1182; x_wconf 84' lang='lat' dir='ltr'><strong>Nam,</strong></span> <span class='ocrx_word' id='word_1_63' title='bbox 1703 1113 1839 1168; x_wconf 82' lang='lat' dir='ltr'><strong>Sine</strong></span> <span class='ocrx_word' id='word_1_64' title='bbox 1868 1115 2010 1184; x_wconf 81' lang='lat' dir='ltr'><strong>ipso,</strong></span> 
     </span>
    </p>
   </div>
   <div class='ocr_carea' id='block_1_11' title="bbox 355 1205 1731 1278">
    <p class='ocr_par' dir='ltr' id='par_1_11' title="bbox 355 1205 1731 1278">
     <span class='ocr_line' id='line_1_11' title="bbox 355 1205 1731 1278; baseline -0.001 -17"><span class='ocrx_word' id='word_1_65' title='bbox 355 1207 574 1277; x_wconf 85' lang='lat' dir='ltr'><strong>inquit,</strong></span> <span class='ocrx_word' id='word_1_66' title='bbox 609 1210 822 1277; x_wconf 81' lang='lat' dir='ltr'><strong>factum</strong></span> <span class='ocrx_word' id='word_1_67' title='bbox 850 1212 928 1261; x_wconf 82' lang='lat' dir='ltr'><strong>est</strong></span> <span class='ocrx_word' id='word_1_68' title='bbox 956 1205 1109 1261; x_wconf 84' lang='lat' dir='ltr'><strong>nihil</strong></span> <span class='ocrx_word' id='word_1_69' title='bbox 1141 1207 1281 1278; x_wconf 81' lang='lat' dir='ltr'><strong>quod</strong></span> <span class='ocrx_word' id='word_1_70' title='bbox 1311 1208 1523 1276; x_wconf 78' lang='lat' dir='ltr'><strong>factum</strong></span> <span class='ocrx_word' id='word_1_71' title='bbox 1555 1209 1630 1261; x_wconf 75' lang='lat' dir='ltr'><strong>est</strong></span> <span class='ocrx_word' id='word_1_72' title='bbox 1662 1205 1731 1261; x_wconf 66' lang='lat'><strong>52.</strong></span> 
     </span>
    </p>
   </div>
   <div class='ocr_carea' id='block_1_12' title="bbox 431 1294 2013 1360">
    <p class='ocr_par' dir='ltr' id='par_1_12' title="bbox 431 1294 2013 1360">
     <span class='ocr_line' id='line_1_12' title="bbox 431 1294 2013 1360; baseline -0.003 -10"><span class='ocrx_word' id='word_1_73' title='bbox 431 1297 757 1351; x_wconf 84' lang='lat' dir='ltr'><strong>Audiamus</strong></span> <span class='ocrx_word' id='word_1_74' title='bbox 788 1304 841 1352; x_wconf 85' lang='lat' dir='ltr'><strong>et</strong></span> <span class='ocrx_word' id='word_1_75' title='bbox 872 1294 1120 1350; x_wconf 89' lang='lat' dir='ltr'><strong>Paulum</strong></span> <span class='ocrx_word' id='word_1_76' title='bbox 1161 1296 1623 1352; x_wconf 83' lang='lat' dir='ltr'><strong>exclamantem:</strong></span> <span class='ocrx_word' id='word_1_77' title='bbox 1675 1295 1734 1348; x_wconf 86' lang='lat' dir='ltr'><strong>In</strong></span> <span class='ocrx_word' id='word_1_78' title='bbox 1764 1310 1822 1350; x_wconf 75' lang='lat' dir='ltr'><strong>eo</strong></span> <span class='ocrx_word' id='word_1_79' title='bbox 1863 1296 2013 1360; x_wconf 81' lang='lat' dir='ltr'><strong>facta</strong></span> 
     </span>
    </p>
   </div>
   <div class='ocr_carea' id='block_1_13' title="bbox 353 1383 2009 1452">
    <p class='ocr_par' dir='ltr' id='par_1_13' title="bbox 353 1383 2009 1452">
     <span class='ocr_line' id='line_1_13' title="bbox 353 1383 2009 1452; baseline -0.002 -12"><span class='ocrx_word' id='word_1_80' title='bbox 353 1401 463 1440; x_wconf 73' lang='lat' dir='ltr'><strong>esse</strong></span> <span class='ocrx_word' id='word_1_81' title='bbox 492 1385 702 1452; x_wconf 86' lang='lat' dir='ltr'><strong>omnia,</strong></span> <span class='ocrx_word' id='word_1_82' title='bbox 728 1402 824 1440; x_wconf 67' lang='lat' dir='ltr'><strong>seu</strong></span> <span class='ocrx_word' id='word_1_83' title='bbox 856 1386 1106 1439; x_wconf 79' lang='lat' dir='ltr'><strong>visibilia</strong></span> <span class='ocrx_word' id='word_1_84' title='bbox 1137 1387 1268 1440; x_wconf 76' lang='lat' dir='ltr'><strong>sint.</strong></span> <span class='ocrx_word' id='word_1_85' title='bbox 1295 1401 1389 1439; x_wconf 80' lang='lat' dir='ltr'><strong>seu</strong></span> <span class='ocrx_word' id='word_1_86' title='bbox 1412 1385 1722 1440; x_wconf 74' lang='lat' dir='ltr'><strong>invisibilia</strong></span> <span class='ocrx_word' id='word_1_87' title='bbox 1753 1383 1816 1437; x_wconf 80' lang='grc'><strong>⁵³.</strong></span> <span class='ocrx_word' id='word_1_88' title='bbox 1853 1383 2009 1437; x_wconf 84' lang='lat' dir='ltr'><strong>Idem</strong></span> 
     </span>
    </p>
   </div>
   <div class='ocr_carea' id='block_1_14' title="bbox 353 1473 2012 1544">
    <p class='ocr_par' dir='ltr' id='par_1_14' title="bbox 353 1473 2012 1544">
     <span class='ocr_line' id='line_1_14' title="bbox 353 1473 2012 1544; baseline -0.001 -16"><span class='ocrx_word' id='word_1_89' title='bbox 353 1475 510 1529; x_wconf 88' lang='lat' dir='ltr'><strong>alibi.</strong></span> <span class='ocrx_word' id='word_1_90' title='bbox 547 1482 651 1530; x_wconf 89' lang='lat' dir='ltr'><strong>Per</strong></span> <span class='ocrx_word' id='word_1_91' title='bbox 678 1491 803 1530; x_wconf 86' lang='lat' dir='ltr'><strong>eum</strong></span> <span class='ocrx_word' id='word_1_92' title='bbox 851 1477 1018 1530; x_wconf 79' lang='lat' dir='ltr'><strong>Pater</strong></span> <span class='ocrx_word' id='word_1_93' title='bbox 1068 1477 1201 1544; x_wconf 83' lang='lat' dir='ltr'><strong>fecit</strong></span> <span class='ocrx_word' id='word_1_94' title='bbox 1248 1475 1476 1530; x_wconf 69' lang='lat' dir='ltr'><strong>saecula.</strong></span> <span class='ocrx_word' id='word_1_95' title='bbox 1538 1475 1696 1528; x_wconf 87' lang='lat' dir='ltr'><strong>Idem</strong></span> <span class='ocrx_word' id='word_1_96' title='bbox 1761 1490 1894 1528; x_wconf 91' lang='lat' dir='ltr'><strong>cum</strong></span> <span class='ocrx_word' id='word_1_97' title='bbox 1956 1473 2012 1526; x_wconf 90' lang='lat' dir='ltr'><strong>in</strong></span> 
     </span>
    </p>
   </div>
   <div class='ocr_carea' id='block_1_15' title="bbox 351 1562 2011 1636">
    <p class='ocr_par' dir='ltr' id='par_1_15' title="bbox 351 1562 2011 1636">
     <span class='ocr_line' id='line_1_15' title="bbox 351 1562 2011 1636; baseline -0.002 -17"><span class='ocrx_word' id='word_1_98' title='bbox 351 1569 648 1636; x_wconf 84' lang='lat' dir='ltr'><strong>Areopago</strong></span> <span class='ocrx_word' id='word_1_99' title='bbox 699 1565 1041 1620; x_wconf 86' lang='lat' dir='ltr'><strong>concionem</strong></span> <span class='ocrx_word' id='word_1_100' title='bbox 1101 1564 1357 1629; x_wconf 91' lang='lat' dir='ltr'><strong>haberet,</strong></span> <span class='ocrx_word' id='word_1_101' title='bbox 1421 1563 1578 1618; x_wconf 89' lang='lat' dir='ltr'><strong>hunc</strong></span> <span class='ocrx_word' id='word_1_102' title='bbox 1645 1562 1706 1616; x_wconf 88' lang='lat' dir='ltr'><strong>in</strong></span> <span class='ocrx_word' id='word_1_103' title='bbox 1776 1563 2011 1618; x_wconf 91' lang='lat' dir='ltr'><strong>modum</strong></span> 
     </span>
    </p>
   </div>
   <div class='ocr_carea' id='block_1_16' title="bbox 349 1651 2014 1723">
    <p class='ocr_par' dir='ltr' id='par_1_16' title="bbox 349 1651 2014 1723">
     <span class='ocr_line' id='line_1_16' title="bbox 349 1651 2014 1723; baseline -0.001 -18"><span class='ocrx_word' id='word_1_104' title='bbox 349 1653 579 1706; x_wconf 79' lang='lat' dir='ltr'><strong>locutus</strong></span> <span class='ocrx_word' id='word_1_105' title='bbox 626 1661 749 1706; x_wconf 85' lang='lat' dir='ltr'><strong>est:</strong></span> <span class='ocrx_word' id='word_1_106' title='bbox 804 1656 972 1716; x_wconf 84' lang='lat' dir='ltr'><strong>Deus,</strong></span> <span class='ocrx_word' id='word_1_107' title='bbox 1031 1668 1126 1723; x_wconf 79' lang='lat' dir='ltr'><strong>qui</strong></span> <span class='ocrx_word' id='word_1_108' title='bbox 1169 1653 1300 1721; x_wconf 78' lang='lat' dir='ltr'><strong>fecit</strong></span> <span class='ocrx_word' id='word_1_109' title='bbox 1368 1651 1656 1720; x_wconf 83' lang='lat' dir='ltr'><strong>mundum,</strong></span> <span class='ocrx_word' id='word_1_110' title='bbox 1719 1655 1770 1705; x_wconf 80' lang='lat' dir='ltr'><strong>et</strong></span> <span class='ocrx_word' id='word_1_111' title='bbox 1827 1651 2014 1705; x_wconf 83' lang='lat' dir='ltr'><strong>omnia</strong></span> 
     </span>
    </p>
   </div>
   <div class='ocr_carea' id='block_1_17' title="bbox 345 1740 2008 1813">
    <p class='ocr_par' dir='ltr' id='par_1_17' title="bbox 345 1740 2008 1813">
     <span class='ocr_line' id='line_1_17' title="bbox 345 1740 2008 1813; baseline -0.001 -18"><span class='ocrx_word' id='word_1_112' title='bbox 345 1759 463 1812; x_wconf 70' lang='lat' dir='ltr'><strong>qua;</strong></span> <span class='ocrx_word' id='word_1_113' title='bbox 497 1744 552 1797; x_wconf 84' lang='lat' dir='ltr'><strong>in</strong></span> <span class='ocrx_word' id='word_1_114' title='bbox 581 1759 639 1796; x_wconf 82' lang='lat' dir='ltr'><strong>eo</strong></span> <span class='ocrx_word' id='word_1_115' title='bbox 672 1750 825 1808; x_wconf 82' lang='lat' dir='ltr'><strong>sunt,</strong></span> <span class='ocrx_word' id='word_1_116' title='bbox 852 1744 966 1813; x_wconf 82' lang='lat' dir='ltr'><strong>ipse</strong></span> <span class='ocrx_word' id='word_1_117' title='bbox 997 1743 1156 1795; x_wconf 85' lang='lat' dir='ltr'><strong>dedit</strong></span> <span class='ocrx_word' id='word_1_118' title='bbox 1197 1743 1450 1796; x_wconf 79' lang='lat' dir='ltr'><strong>omnibus</strong></span> <span class='ocrx_word' id='word_1_119' title='bbox 1485 1744 1651 1795; x_wconf 79' lang='lat' dir='ltr'><strong>vitam</strong></span> <span class='ocrx_word' id='word_1_120' title='bbox 1680 1743 1728 1794; x_wconf 80' lang='lat' dir='ltr'><strong>et</strong></span> <span class='ocrx_word' id='word_1_121' title='bbox 1761 1740 2008 1802; x_wconf 75' lang='lat' dir='ltr'><strong>inspira-</strong></span> 
     </span>
    </p>
   </div>
   <div class='ocr_carea' id='block_1_18' title="bbox 350 1831 2010 1900">
    <p class='ocr_par' dir='ltr' id='par_1_18' title="bbox 350 1831 2010 1900">
     <span class='ocr_line' id='line_1_18' title="bbox 350 1831 2010 1900; baseline -0.001 -15"><span class='ocrx_word' id='word_1_122' title='bbox 350 1832 576 1896; x_wconf 80' lang='lat' dir='ltr'><strong>tionem,</strong></span> <span class='ocrx_word' id='word_1_123' title='bbox 614 1835 664 1886; x_wconf 84' lang='lat' dir='ltr'><strong>et</strong></span> <span class='ocrx_word' id='word_1_124' title='bbox 695 1834 920 1886; x_wconf 84' lang='lat' dir='ltr'><strong>omnia:</strong></span> <span class='ocrx_word' id='word_1_125' title='bbox 951 1832 1191 1900; x_wconf 80' lang='lat' dir='ltr'><strong>fecitque</strong></span> <span class='ocrx_word' id='word_1_126' title='bbox 1237 1846 1309 1884; x_wconf 64' lang='lat' dir='ltr'><strong>ea:</strong></span> <span class='ocrx_word' id='word_1_127' title='bbox 1339 1846 1446 1884; x_wconf 83' lang='lat' dir='ltr'><strong>uno</strong></span> <span class='ocrx_word' id='word_1_128' title='bbox 1506 1831 1787 1899; x_wconf 77' lang='lat' dir='ltr'><strong>sanguine</strong></span> <span class='ocrx_word' id='word_1_129' title='bbox 1838 1846 2010 1899; x_wconf 80' lang='lat' dir='ltr'><strong>genus</strong></span> 
     </span>
    </p>
   </div>
   <div class='ocr_carea' id='block_1_19' title="bbox 2122 661 3776 735">
    <p class='ocr_par' dir='ltr' id='par_1_19' title="bbox 2122 661 3776 735">
     <span class='ocr_line' id='line_1_19' title="bbox 2122 661 3776 735; baseline 0.007 -20"><span class='ocrx_word' id='word_1_130' title='bbox 2122 661 2316 716; x_wconf 87' lang='lat' dir='ltr'><strong>evasit.</strong></span> <span class='ocrx_word' id='word_1_131' title='bbox 2348 662 2532 732; x_wconf 90' lang='lat' dir='ltr'><strong>Atque</strong></span> <span class='ocrx_word' id='word_1_132' title='bbox 2564 661 2749 732; x_wconf 87' lang='lat' dir='ltr'><strong>reipsa</strong></span> <span class='ocrx_word' id='word_1_133' title='bbox 2798 662 3020 733; x_wconf 79' lang='lat' dir='ltr'><strong>didicit,</strong></span> <span class='ocrx_word' id='word_1_134' title='bbox 3075 665 3420 735; x_wconf 84' lang='lat' dir='ltr'><strong>obsequium</strong></span> <span class='ocrx_word' id='word_1_135' title='bbox 3475 670 3776 727; x_wconf 83' lang='lat' dir='ltr'><strong>rebellioni</strong></span> 
     </span>
    </p>
   </div>
   <div class='ocr_carea' id='block_1_20' title="bbox 2121 752 3775 822">
    <p class='ocr_par' dir='ltr' id='par_1_20' title="bbox 2121 752 3775 822">
     <span class='ocr_line' id='line_1_20' title="bbox 2121 752 3775 822; baseline 0.008 -17"><span class='ocrx_word' id='word_1_136' title='bbox 2121 752 2259 821; x_wconf 88' lang='lat' dir='ltr'><strong>quid</strong></span> <span class='ocrx_word' id='word_1_137' title='bbox 2295 759 2543 820; x_wconf 69' lang='lat' dir='ltr'><strong>praestat.</strong></span> <span class='ocrx_word' id='word_1_138' title='bbox 2597 754 2786 818; x_wconf 81' lang='lat' dir='ltr'><strong>Quare</strong></span> <span class='ocrx_word' id='word_1_139' title='bbox 2846 770 3086 822; x_wconf 85' lang='lat' dir='ltr'><strong>serpens</strong></span> <span class='ocrx_word' id='word_1_140' title='bbox 3126 757 3375 813; x_wconf 66' lang='lat' dir='ltr'><strong>scientia:</strong></span> <span class='ocrx_word' id='word_1_141' title='bbox 3437 761 3605 816; x_wconf 86' lang='lat' dir='ltr'><strong>dator</strong></span> <span class='ocrx_word' id='word_1_142' title='bbox 3658 777 3775 817; x_wconf 89' lang='lat' dir='ltr'><strong>non</strong></span> 
     </span>
    </p>
   </div>
   <div class='ocr_carea' id='block_1_21' title="bbox 2121 843 3776 922">
    <p class='ocr_par' dir='ltr' id='par_1_21' title="bbox 2121 843 3776 922">
     <span class='ocr_line' id='line_1_21' title="bbox 2121 843 3776 922; baseline 0.006 -24"><span class='ocrx_word' id='word_1_143' title='bbox 2121 846 2266 910; x_wconf 90' lang='lat' dir='ltr'><strong>erat,</strong></span> <span class='ocrx_word' id='word_1_144' title='bbox 2299 843 2396 897; x_wconf 89' lang='lat' dir='ltr'><strong>sed</strong></span> <span class='ocrx_word' id='word_1_145' title='bbox 2432 843 2605 897; x_wconf 88' lang='lat' dir='ltr'><strong>arbor</strong></span> <span class='ocrx_word' id='word_1_146' title='bbox 2646 844 2904 899; x_wconf 81' lang='lat' dir='ltr'><strong>scientiae</strong></span> <span class='ocrx_word' id='word_1_147' title='bbox 2943 846 3079 900; x_wconf 89' lang='lat' dir='ltr'><strong>boni</strong></span> <span class='ocrx_word' id='word_1_148' title='bbox 3112 852 3168 902; x_wconf 89' lang='lat' dir='ltr'><strong>et</strong></span> <span class='ocrx_word' id='word_1_149' title='bbox 3219 848 3358 902; x_wconf 87' lang='lat' dir='ltr'><strong>mali</strong></span> <span class='ocrx_word' id='word_1_150' title='bbox 3394 852 3776 922; x_wconf 85' lang='lat' dir='ltr'><strong>nuncupaba-</strong></span> 
     </span>
    </p>
   </div>
   <div class='ocr_carea' id='block_1_22' title="bbox 2122 931 3772 1011">
    <p class='ocr_par' dir='ltr' id='par_1_22' title="bbox 2122 931 3772 1011">
     <span class='ocr_line' id='line_1_22' title="bbox 2122 931 3772 1011; baseline 0.007 -25"><span class='ocrx_word' id='word_1_151' title='bbox 2122 939 2235 986; x_wconf 92' lang='lat' dir='ltr'><strong>tur.</strong></span> <span class='ocrx_word' id='word_1_152' title='bbox 2267 931 2322 987; x_wconf 93' lang='lat' dir='ltr'><strong>Si</strong></span> <span class='ocrx_word' id='word_1_153' title='bbox 2357 933 2498 1001; x_wconf 91' lang='lat' dir='ltr'><strong>quid</strong></span> <span class='ocrx_word' id='word_1_154' title='bbox 2525 939 2711 987; x_wconf 90' lang='lat' dir='ltr'><strong>autem</strong></span> <span class='ocrx_word' id='word_1_155' title='bbox 2766 935 3186 995; x_wconf 78' lang='lat' dir='ltr'><strong>contrariorum</strong></span> <span class='ocrx_word' id='word_1_156' title='bbox 3241 939 3569 1008; x_wconf 83' lang='lat' dir='ltr'><strong>cognitione</strong></span> <span class='ocrx_word' id='word_1_157' title='bbox 3627 959 3772 1011; x_wconf 85' lang='lat' dir='ltr'><strong>prae-</strong></span> 
     </span>
    </p>
   </div>
   <div class='ocr_carea' id='block_1_23' title="bbox 2119 1021 3772 1098">
    <p class='ocr_par' dir='ltr' id='par_1_23' title="bbox 2119 1021 3772 1098">
     <span class='ocr_line' id='line_1_23' title="bbox 2119 1021 3772 1098; baseline 0.008 -23"><span class='ocrx_word' id='word_1_158' title='bbox 2119 1022 2305 1075; x_wconf 91' lang='lat' dir='ltr'><strong>ditum</strong></span> <span class='ocrx_word' id='word_1_159' title='bbox 2339 1021 2432 1087; x_wconf 91' lang='lat' dir='ltr'><strong>sit,</strong></span> <span class='ocrx_word' id='word_1_160' title='bbox 2468 1038 2583 1076; x_wconf 90' lang='lat' dir='ltr'><strong>non</strong></span> <span class='ocrx_word' id='word_1_161' title='bbox 2615 1023 2810 1078; x_wconf 85' lang='lat' dir='ltr'><strong>statim</strong></span> <span class='ocrx_word' id='word_1_162' title='bbox 2843 1024 3088 1094; x_wconf 88' lang='lat' dir='ltr'><strong>dignum</strong></span> <span class='ocrx_word' id='word_1_163' title='bbox 3137 1033 3242 1095; x_wconf 77' lang='lat' dir='ltr'><strong>est,</strong></span> <span class='ocrx_word' id='word_1_164' title='bbox 3278 1029 3432 1098; x_wconf 89' lang='lat' dir='ltr'><strong>quod</strong></span> <span class='ocrx_word' id='word_1_165' title='bbox 3466 1031 3772 1088; x_wconf 77' lang='lat' dir='ltr'><strong>contrariis</strong></span> 
     </span>
    </p>
   </div>
   <div class='ocr_carea' id='block_1_24' title="bbox 2119 1112 3774 1188">
    <p class='ocr_par' dir='ltr' id='par_1_24' title="bbox 2119 1112 3774 1188">
     <span class='ocr_line' id='line_1_24' title="bbox 2119 1112 3774 1188; baseline 0.007 -24"><span class='ocrx_word' id='word_1_166' title='bbox 2119 1113 2520 1167; x_wconf 86' lang='lat' dir='ltr'><strong>accenseatur.</strong></span> <span class='ocrx_word' id='word_1_167' title='bbox 2557 1112 2773 1166; x_wconf 84' lang='lat' dir='ltr'><strong>Eadem</strong></span> <span class='ocrx_word' id='word_1_168' title='bbox 2807 1113 2962 1167; x_wconf 87' lang='lat' dir='ltr'><strong>enim</strong></span> <span class='ocrx_word' id='word_1_169' title='bbox 3005 1115 3225 1169; x_wconf 83' lang='lat' dir='ltr'><strong>ratione</strong></span> <span class='ocrx_word' id='word_1_170' title='bbox 3284 1115 3469 1188; x_wconf 85' lang='lat' dir='ltr'><strong>legem</strong></span> <span class='ocrx_word' id='word_1_171' title='bbox 3519 1129 3774 1176; x_wconf 90' lang='lat' dir='ltr'><strong>contem-</strong></span> 
     </span>
    </p>
   </div>
   <div class='ocr_carea' id='block_1_25' title="bbox 2119 1200 3774 1275">
    <p class='ocr_par' dir='ltr' id='par_1_25' title="bbox 2119 1200 3774 1275">
     <span class='ocr_line' id='line_1_25' title="bbox 2119 1200 3774 1275; baseline 0.006 -20"><span class='ocrx_word' id='word_1_172' title='bbox 2119 1201 2370 1255; x_wconf 86' lang='lat' dir='ltr'><strong>nendam</strong></span> <span class='ocrx_word' id='word_1_173' title='bbox 2399 1200 2826 1270; x_wconf 87' lang='lat' dir='ltr'><strong>judicabimus,</strong></span> <span class='ocrx_word' id='word_1_174' title='bbox 2859 1219 2985 1272; x_wconf 77' lang='lat' dir='ltr'><strong>quae</strong></span> <span class='ocrx_word' id='word_1_175' title='bbox 3032 1205 3324 1260; x_wconf 83' lang='lat' dir='ltr'><strong>contraria</strong></span> <span class='ocrx_word' id='word_1_176' title='bbox 3371 1206 3681 1275; x_wconf 84' lang='lat' dir='ltr'><strong>discernat,</strong></span> <span class='ocrx_word' id='word_1_177' title='bbox 3715 1215 3774 1266; x_wconf 88' lang='lat' dir='ltr'><strong>et</strong></span> 
     </span>
    </p>
   </div>
   <div class='ocr_carea' id='block_1_26' title="bbox 2119 1289 3768 1360">
    <p class='ocr_par' dir='ltr' id='par_1_26' title="bbox 2119 1289 3768 1360">
     <span class='ocr_line' id='line_1_26' title="bbox 2119 1289 3768 1360; baseline 0.005 -16"><span class='ocrx_word' id='word_1_178' title='bbox 2119 1289 2359 1345; x_wconf 87' lang='lat' dir='ltr'><strong>alternis</strong></span> <span class='ocrx_word' id='word_1_179' title='bbox 2420 1298 2661 1360; x_wconf 86' lang='lat' dir='ltr'><strong>utraque</strong></span> <span class='ocrx_word' id='word_1_180' title='bbox 2719 1293 3025 1360; x_wconf 81' lang='lat' dir='ltr'><strong>expendat.</strong></span> <span class='ocrx_word' id='word_1_181' title='bbox 3092 1293 3211 1348; x_wconf 91' lang='lat' dir='ltr'><strong>Imo</strong></span> <span class='ocrx_word' id='word_1_182' title='bbox 3291 1311 3424 1350; x_wconf 91' lang='lat' dir='ltr'><strong>vero</strong></span> <span class='ocrx_word' id='word_1_183' title='bbox 3481 1298 3768 1353; x_wconf 85' lang='lat' dir='ltr'><strong>Adamum</strong></span> 
     </span>
    </p>
   </div>
   <div class='ocr_carea' id='block_1_27' title="bbox 2119 1379 3768 1456">
    <p class='ocr_par' dir='ltr' id='par_1_27' title="bbox 2119 1379 3768 1456">
     <span class='ocr_line' id='line_1_27' title="bbox 2119 1379 3768 1456; baseline 0.005 -22"><span class='ocrx_word' id='word_1_184' title='bbox 2119 1379 2367 1449; x_wconf 77' lang='lat' dir='ltr'><strong>oportuit</strong></span> <span class='ocrx_word' id='word_1_185' title='bbox 2404 1380 2700 1434; x_wconf 69' lang='lat' dir='ltr'><strong>observato</strong></span> <span class='ocrx_word' id='word_1_186' title='bbox 2736 1389 3015 1450; x_wconf 65' lang='lat' dir='ltr'><strong>praecepto</strong></span> <span class='ocrx_word' id='word_1_187' title='bbox 3068 1383 3135 1435; x_wconf 85' lang='lat' dir='ltr'><strong>ad</strong></span> <span class='ocrx_word' id='word_1_188' title='bbox 3173 1388 3355 1438; x_wconf 88' lang='lat' dir='ltr'><strong>Deum</strong></span> <span class='ocrx_word' id='word_1_189' title='bbox 3412 1385 3768 1456; x_wconf 89' lang='lat' dir='ltr'><strong>quibusdam</strong></span> 
     </span>
    </p>
   </div>
   <div class='ocr_carea' id='block_1_28' title="bbox 2119 1469 3769 1546">
    <p class='ocr_par' dir='ltr' id='par_1_28' title="bbox 2119 1469 3769 1546">
     <span class='ocr_line' id='line_1_28' title="bbox 2119 1469 3769 1546; baseline 0.005 -24"><span class='ocrx_word' id='word_1_190' title='bbox 2119 1470 2280 1538; x_wconf 89' lang='lat' dir='ltr'><strong>quasi</strong></span> <span class='ocrx_word' id='word_1_191' title='bbox 2317 1469 2596 1539; x_wconf 86' lang='lat' dir='ltr'><strong>gradibus</strong></span> <span class='ocrx_word' id='word_1_192' title='bbox 2629 1471 2964 1539; x_wconf 87' lang='lat' dir='ltr'><strong>ascendere,</strong></span> <span class='ocrx_word' id='word_1_193' title='bbox 2999 1478 3052 1526; x_wconf 85' lang='lat' dir='ltr'><strong>et</strong></span> <span class='ocrx_word' id='word_1_194' title='bbox 3083 1471 3256 1526; x_wconf 91' lang='lat' dir='ltr'><strong>veluti</strong></span> <span class='ocrx_word' id='word_1_195' title='bbox 3291 1475 3539 1544; x_wconf 88' lang='lat' dir='ltr'><strong>quadam</strong></span> <span class='ocrx_word' id='word_1_196' title='bbox 3583 1492 3612 1531; x_wconf 90' lang='lat' dir='ltr'><strong>e</strong></span> <span class='ocrx_word' id='word_1_197' title='bbox 3642 1493 3769 1546; x_wconf 85' lang='lat' dir='ltr'><strong>spe-</strong></span> 
     </span>
    </p>
   </div>
   <div class='ocr_carea' id='block_1_29' title="bbox 2117 1557 3768 1635">
    <p class='ocr_par' dir='ltr' id='par_1_29' title="bbox 2117 1557 3768 1635">
     <span class='ocr_line' id='line_1_29' title="bbox 2117 1557 3768 1635; baseline 0.004 -22"><span class='ocrx_word' id='word_1_198' title='bbox 2117 1557 2250 1613; x_wconf 90' lang='lat' dir='ltr'><strong>cula</strong></span> <span class='ocrx_word' id='word_1_199' title='bbox 2286 1559 2509 1613; x_wconf 90' lang='lat' dir='ltr'><strong>arboris</strong></span> <span class='ocrx_word' id='word_1_200' title='bbox 2563 1558 2818 1614; x_wconf 86' lang='lat' dir='ltr'><strong>scientiae</strong></span> <span class='ocrx_word' id='word_1_201' title='bbox 2877 1561 2992 1613; x_wconf 89' lang='lat' dir='ltr'><strong>vim</strong></span> <span class='ocrx_word' id='word_1_202' title='bbox 3046 1563 3466 1632; x_wconf 90' lang='lat' dir='ltr'><strong>comtemplari,</strong></span> <span class='ocrx_word' id='word_1_203' title='bbox 3530 1571 3768 1635; x_wconf 89' lang='lat' dir='ltr'><strong>tumque</strong></span> 
     </span>
    </p>
   </div>
   <div class='ocr_carea' id='block_1_30' title="bbox 2115 1649 3768 1722">
    <p class='ocr_par' dir='ltr' id='par_1_30' title="bbox 2115 1649 3768 1722">
     <span class='ocr_line' id='line_1_30' title="bbox 2115 1649 3768 1722; baseline 0.005 -20"><span class='ocrx_word' id='word_1_204' title='bbox 2115 1649 2344 1702; x_wconf 91' lang='lat' dir='ltr'><strong>demum</strong></span> <span class='ocrx_word' id='word_1_205' title='bbox 2390 1649 2512 1718; x_wconf 76' lang='lat' dir='ltr'><strong>ejus</strong></span> <span class='ocrx_word' id='word_1_206' title='bbox 2544 1651 2909 1716; x_wconf 87' lang='lat' dir='ltr'><strong>perceptione</strong></span> <span class='ocrx_word' id='word_1_207' title='bbox 2943 1666 2999 1704; x_wconf 91' lang='lat' dir='ltr'><strong>se</strong></span> <span class='ocrx_word' id='word_1_208' title='bbox 3022 1651 3243 1716; x_wconf 72' lang='lat' dir='ltr'><strong>efferre,</strong></span> <span class='ocrx_word' id='word_1_209' title='bbox 3278 1669 3412 1707; x_wconf 91' lang='lat' dir='ltr'><strong>cum</strong></span> <span class='ocrx_word' id='word_1_210' title='bbox 3446 1671 3546 1722; x_wconf 86' lang='lat' dir='ltr'><strong>per</strong></span> <span class='ocrx_word' id='word_1_211' title='bbox 3592 1660 3768 1711; x_wconf 85' lang='lat' dir='ltr'><strong>Deum</strong></span> 
     </span>
    </p>
   </div>
   <div class='ocr_carea' id='block_1_31' title="bbox 2111 1737 3766 1809">
    <p class='ocr_par' dir='ltr' id='par_1_31' title="bbox 2111 1737 3766 1809">
     <span class='ocr_line' id='line_1_31' title="bbox 2111 1737 3766 1809; baseline 0.004 -18"><span class='ocrx_word' id='word_1_212' title='bbox 2111 1737 2394 1803; x_wconf 86' lang='lat' dir='ltr'><strong>licuisset,</strong></span> <span class='ocrx_word' id='word_1_213' title='bbox 2447 1737 2854 1807; x_wconf 76' lang='lat' dir='ltr'><strong>perceptioque</strong></span> <span class='ocrx_word' id='word_1_214' title='bbox 2888 1738 3009 1808; x_wconf 84' lang='lat' dir='ltr'><strong>ipsa</strong></span> <span class='ocrx_word' id='word_1_215' title='bbox 3049 1742 3260 1794; x_wconf 86' lang='lat' dir='ltr'><strong>damno</strong></span> <span class='ocrx_word' id='word_1_216' title='bbox 3302 1742 3606 1809; x_wconf 78' lang='lat' dir='ltr'><strong>caruisset,</strong></span> <span class='ocrx_word' id='word_1_217' title='bbox 3663 1759 3766 1799; x_wconf 86' lang='lat' dir='ltr'><strong>nec</strong></span> 
     </span>
    </p>
   </div>
   <div class='ocr_carea' id='block_1_32' title="bbox 2114 1826 3761 1900">
    <p class='ocr_par' dir='ltr' id='par_1_32' title="bbox 2114 1826 3761 1900">
     <span class='ocr_line' id='line_1_32' title="bbox 2114 1826 3761 1900; baseline 0.004 -20"><span class='ocrx_word' id='word_1_218' title='bbox 2114 1827 2182 1880; x_wconf 88' lang='lat' dir='ltr'><strong>ad</strong></span> <span class='ocrx_word' id='word_1_219' title='bbox 2237 1826 2577 1880; x_wconf 78' lang='lat' dir='ltr'><strong>deteriorem</strong></span> <span class='ocrx_word' id='word_1_220' title='bbox 2629 1831 2853 1897; x_wconf 86' lang='lat' dir='ltr'><strong>partem</strong></span> <span class='ocrx_word' id='word_1_221' title='bbox 2899 1827 3259 1885; x_wconf 83' lang='lat' dir='ltr'><strong>inclinasset.</strong></span> <span class='ocrx_word' id='word_1_222' title='bbox 3296 1835 3512 1886; x_wconf 87' lang='lat' dir='ltr'><strong>Contra</strong></span> <span class='ocrx_word' id='word_1_223' title='bbox 3550 1842 3761 1900; x_wconf 87' lang='lat' dir='ltr'><strong>autem,</strong></span> 
     </span>
    </p>
   </div>
   <div class='ocr_carea' id='block_1_33' title="bbox 350 1916 3768 1998">
    <p class='ocr_par' dir='ltr' id='par_1_33' title="bbox 350 1916 3768 1998">
     <span class='ocr_line' id='line_1_33' title="bbox 350 1916 3768 1998; baseline 0 -22"><span class='ocrx_word' id='word_1_224' title='bbox 350 1938 504 1976; x_wconf 84' lang='lat' dir='ltr'><strong>omne</strong></span> <span class='ocrx_word' id='word_1_225' title='bbox 537 1921 821 1976; x_wconf 79' lang='lat' dir='ltr'><strong>hominum</strong></span> <span class='ocrx_word' id='word_1_226' title='bbox 854 1921 1174 1975; x_wconf 77' lang='lat' dir='ltr'><strong>inhabitare</strong></span> <span class='ocrx_word' id='word_1_227' title='bbox 1225 1936 1390 1989; x_wconf 78' lang='lat' dir='ltr'><strong>super</strong></span> <span class='ocrx_word' id='word_1_228' title='bbox 1446 1921 1757 1974; x_wconf 70' lang='lat' dir='ltr'><strong>universam</strong></span> <span class='ocrx_word' id='word_1_229' title='bbox 1804 1921 2007 1991; x_wconf 78' lang='lat' dir='ltr'><strong>faciem</strong></span> <span class='ocrx_word' id='word_1_230' title='bbox 2037 1933 2084 1998; x_wconf 85' lang='grc' dir='ltr'><strong>Β</strong></span> <span class='ocrx_word' id='word_1_231' title='bbox 2117 1933 2249 1970; x_wconf 85' lang='lat' dir='ltr'><strong>cum</strong></span> <span class='ocrx_word' id='word_1_232' title='bbox 2279 1924 2560 1985; x_wconf 62' lang='lat' dir='ltr'><strong>pracepta</strong></span> <span class='ocrx_word' id='word_1_233' title='bbox 2583 1916 2640 1970; x_wconf 90' lang='lat' dir='ltr'><strong>in</strong></span> <span class='ocrx_word' id='word_1_234' title='bbox 2669 1916 2934 1971; x_wconf 87' lang='lat' dir='ltr'><strong>omnium</strong></span> <span class='ocrx_word' id='word_1_235' title='bbox 2961 1918 3145 1973; x_wconf 91' lang='lat' dir='ltr'><strong>oculis</strong></span> <span class='ocrx_word' id='word_1_236' title='bbox 3170 1923 3568 1992; x_wconf 83' lang='lat' dir='ltr'><strong>transgressus</strong></span> <span class='ocrx_word' id='word_1_237' title='bbox 3593 1926 3768 1990; x_wconf 74' lang='lat' dir='ltr'><strong>esset,</strong></span> 
     </span>
    </p>
   </div>
   <div class='ocr_carea' id='block_1_34' title="bbox 350 2007 2002 2079">
    <p class='ocr_par' dir='ltr' id='par_1_34' title="bbox 350 2007 2002 2079">
     <span class='ocr_line' id='line_1_34' title="bbox 350 2007 2002 2079; baseline -0.002 -13"><span class='ocrx_word' id='word_1_238' title='bbox 350 2019 506 2066; x_wconf 66' lang='lat' dir='ltr'><strong>terrm</strong></span> <span class='ocrx_word' id='word_1_239' title='bbox 527 2010 593 2064; x_wconf 65' lang='grc'><strong>⁵⁵.</strong></span> <span class='ocrx_word' id='word_1_240' title='bbox 631 2014 792 2076; x_wconf 85' lang='lat' dir='ltr'><strong>Item,</strong></span> <span class='ocrx_word' id='word_1_241' title='bbox 825 2011 962 2066; x_wconf 80' lang='lat' dir='ltr'><strong>Firle</strong></span> <span class='ocrx_word' id='word_1_242' title='bbox 1006 2007 1373 2079; x_wconf 79' lang='lat' dir='ltr'><strong>intelligimus</strong></span> <span class='ocrx_word' id='word_1_243' title='bbox 1421 2012 1608 2078; x_wconf 81' lang='lat' dir='ltr'><strong>aptata</strong></span> <span class='ocrx_word' id='word_1_244' title='bbox 1639 2023 1753 2062; x_wconf 78' lang='lat' dir='ltr'><strong>esse</strong></span> <span class='ocrx_word' id='word_1_245' title='bbox 1798 2009 2002 2064; x_wconf 74' lang='lat' dir='ltr'><strong>sazcula</strong></span> 
     </span>
    </p>
   </div>
   <div class='ocr_carea' id='block_1_35' title="bbox 357 2100 743 2157">
    <p class='ocr_par' dir='ltr' id='par_1_35' title="bbox 357 2100 743 2157">
     <span class='ocr_line' id='line_1_35' title="bbox 357 2100 743 2157; baseline -0.005 -1"><span class='ocrx_word' id='word_1_246' title='bbox 357 2102 517 2157; x_wconf 75' lang='lat' dir='ltr'><strong>Verbo</strong></span> <span class='ocrx_word' id='word_1_247' title='bbox 547 2103 648 2156; x_wconf 80' lang='lat' dir='ltr'><strong>Dei</strong></span> 
     </span>
    </p>
   </div>
   <div class='ocr_carea' id='block_1_36' title="bbox 421 2186 1999 2260">
    <p class='ocr_par' dir='ltr' id='par_1_36' title="bbox 421 2186 1999 2260">
     <span class='ocr_line' id='line_1_36' title="bbox 421 2186 1999 2260; baseline -0.001 -17"><span class='ocrx_word' id='word_1_248' title='bbox 421 2193 607 2260; x_wconf 87' lang='lat' dir='ltr'><strong>Atque</strong></span> <span class='ocrx_word' id='word_1_249' title='bbox 640 2189 765 2244; x_wconf 73' lang='lat' dir='ltr'><strong>hmo</strong></span> <span class='ocrx_word' id='word_1_250' title='bbox 798 2189 1034 2260; x_wconf 88' lang='lat' dir='ltr'><strong>quidem</strong></span> <span class='ocrx_word' id='word_1_251' title='bbox 1067 2189 1137 2243; x_wconf 91' lang='lat' dir='ltr'><strong>de</strong></span> <span class='ocrx_word' id='word_1_252' title='bbox 1163 2188 1320 2243; x_wconf 79' lang='lat' dir='ltr'><strong>cmlis</strong></span> <span class='ocrx_word' id='word_1_253' title='bbox 1371 2194 1424 2243; x_wconf 90' lang='lat' dir='ltr'><strong>et</strong></span> <span class='ocrx_word' id='word_1_254' title='bbox 1465 2186 1717 2242; x_wconf 68' lang='lat' dir='ltr'><strong>saeculis.</strong></span> <span class='ocrx_word' id='word_1_255' title='bbox 1757 2188 1916 2252; x_wconf 89' lang='lat' dir='ltr'><strong>Quod</strong></span> <span class='ocrx_word' id='word_1_256' title='bbox 1949 2188 1999 2242; x_wconf 89' lang='lat' dir='ltr'><strong>si</strong></span> 
     </span>
    </p>
   </div>
   <div class='ocr_carea' id='block_1_37' title="bbox 344 2275 1996 2350">
    <p class='ocr_par' dir='ltr' id='par_1_37' title="bbox 344 2275 1996 2350">
     <span class='ocr_line' id='line_1_37' title="bbox 344 2275 1996 2350; baseline -0.001 -19"><span class='ocrx_word' id='word_1_257' title='bbox 344 2280 472 2350; x_wconf 88' lang='lat' dir='ltr'><strong>quis</strong></span> <span class='ocrx_word' id='word_1_258' title='bbox 503 2278 734 2333; x_wconf 89' lang='lat' dir='ltr'><strong>tertium</strong></span> <span class='ocrx_word' id='word_1_259' title='bbox 773 2277 931 2332; x_wconf 88' lang='lat' dir='ltr'><strong>Pauli</strong></span> <span class='ocrx_word' id='word_1_260' title='bbox 987 2277 1195 2333; x_wconf 86' lang='lat' dir='ltr'><strong>coelum</strong></span> <span class='ocrx_word' id='word_1_261' title='bbox 1251 2278 1308 2331; x_wconf 90' lang='lat' dir='ltr'><strong>in</strong></span> <span class='ocrx_word' id='word_1_262' title='bbox 1362 2277 1623 2331; x_wconf 89' lang='lat' dir='ltr'><strong>medium</strong></span> <span class='ocrx_word' id='word_1_263' title='bbox 1685 2276 1908 2341; x_wconf 74' lang='lat' dir='ltr'><strong>afferat,</strong></span> <span class='ocrx_word' id='word_1_264' title='bbox 1945 2275 1996 2330; x_wconf 89' lang='lat' dir='ltr'><strong>is</strong></span> 
     </span>
    </p>
   </div>
   <div class='ocr_carea' id='block_1_38' title="bbox 343 2366 1996 2438">
    <p class='ocr_par' dir='ltr' id='par_1_38' title="bbox 343 2366 1996 2438">
     <span class='ocr_line' id='line_1_38' title="bbox 343 2366 1996 2438; baseline -0.001 -17"><span class='ocrx_word' id='word_1_265' title='bbox 343 2385 474 2423; x_wconf 88' lang='lat' dir='ltr'><strong>vero</strong></span> <span class='ocrx_word' id='word_1_266' title='bbox 508 2369 646 2423; x_wconf 81' lang='lat' dir='ltr'><strong>sciat</strong></span> <span class='ocrx_word' id='word_1_267' title='bbox 681 2369 917 2422; x_wconf 88' lang='lat' dir='ltr'><strong>unicum</strong></span> <span class='ocrx_word' id='word_1_268' title='bbox 953 2367 1182 2438; x_wconf 87' lang='lat' dir='ltr'><strong>proprie</strong></span> <span class='ocrx_word' id='word_1_269' title='bbox 1231 2385 1263 2422; x_wconf 91' lang='lat' dir='ltr'><strong>a</strong></span> <span class='ocrx_word' id='word_1_270' title='bbox 1313 2383 1480 2422; x_wconf 88' lang='lat' dir='ltr'><strong>sacra</strong></span> <span class='ocrx_word' id='word_1_271' title='bbox 1533 2366 1834 2436; x_wconf 85' lang='lat' dir='ltr'><strong>Scriptura</strong></span> <span class='ocrx_word' id='word_1_272' title='bbox 1880 2381 1996 2419; x_wconf 78' lang='lat' dir='ltr'><strong>coe-</strong></span> 
     </span>
    </p>
   </div>
   <div class='ocr_carea' id='block_1_39' title="bbox 341 2454 1994 2528">
    <p class='ocr_par' dir='ltr' id='par_1_39' title="bbox 341 2454 1994 2528">
     <span class='ocr_line' id='line_1_39' title="bbox 341 2454 1994 2528; baseline -0.001 -16"><span class='ocrx_word' id='word_1_273' title='bbox 341 2458 464 2512; x_wconf 89' lang='lat' dir='ltr'><strong>lum</strong></span> <span class='ocrx_word' id='word_1_274' title='bbox 499 2459 757 2527; x_wconf 83' lang='lat' dir='ltr'><strong>agnosci,</strong></span> <span class='ocrx_word' id='word_1_275' title='bbox 792 2457 1042 2527; x_wconf 86' lang='lat' dir='ltr'><strong>reliquos</strong></span> <span class='ocrx_word' id='word_1_276' title='bbox 1070 2462 1265 2512; x_wconf 89' lang='lat' dir='ltr'><strong>autem</strong></span> <span class='ocrx_word' id='word_1_277' title='bbox 1305 2457 1452 2511; x_wconf 89' lang='lat' dir='ltr'><strong>duos</strong></span> <span class='ocrx_word' id='word_1_278' title='bbox 1504 2455 1817 2528; x_wconf 88' lang='lat' dir='ltr'><strong>improprie</strong></span> <span class='ocrx_word' id='word_1_279' title='bbox 1869 2454 1994 2510; x_wconf 61' lang='grc' dir='ltr'><strong>(δαδιὶ</strong></span> 
     </span>
    </p>
   </div>
   <div class='ocr_carea' id='block_1_40' title="bbox 344 2546 1994 2618">
    <p class='ocr_par' dir='ltr' id='par_1_40' title="bbox 344 2546 1994 2618">
     <span class='ocr_line' id='line_1_40' title="bbox 344 2546 1994 2618; baseline -0.001 -17"><span class='ocrx_word' id='word_1_280' title='bbox 344 2548 578 2602; x_wconf 87' lang='lat' dir='ltr'><strong>nomine</strong></span> <span class='ocrx_word' id='word_1_281' title='bbox 626 2546 942 2618; x_wconf 88' lang='lat' dir='ltr'><strong>designari.</strong></span> <span class='ocrx_word' id='word_1_282' title='bbox 988 2546 1178 2601; x_wconf 89' lang='lat' dir='ltr'><strong>Unum</strong></span> <span class='ocrx_word' id='word_1_283' title='bbox 1227 2547 1465 2617; x_wconf 89' lang='lat' dir='ltr'><strong>quidem</strong></span> <span class='ocrx_word' id='word_1_284' title='bbox 1531 2549 1680 2616; x_wconf 92' lang='lat' dir='ltr'><strong>quod</strong></span> <span class='ocrx_word' id='word_1_285' title='bbox 1737 2547 1994 2601; x_wconf 90' lang='lat' dir='ltr'><strong>secundo</strong></span> 
     </span>
    </p>
   </div>
   <div class='ocr_carea' id='block_1_41' title="bbox 342 2635 1993 2708">
    <p class='ocr_par' dir='ltr' id='par_1_41' title="bbox 342 2635 1993 2708">
     <span class='ocr_line' id='line_1_41' title="bbox 342 2635 1993 2708; baseline 0.001 -17"><span class='ocrx_word' id='word_1_286' title='bbox 342 2638 433 2691; x_wconf 90' lang='lat' dir='ltr'><strong>die</strong></span> <span class='ocrx_word' id='word_1_287' title='bbox 491 2637 727 2703; x_wconf 80' lang='lat' dir='ltr'><strong>factum,</strong></span> <span class='ocrx_word' id='word_1_288' title='bbox 790 2635 1020 2708; x_wconf 86' lang='lat' dir='ltr'><strong>proprie</strong></span> <span class='ocrx_word' id='word_1_289' title='bbox 1079 2636 1515 2690; x_wconf 85' lang='lat' dir='ltr'><strong>ﬁrmamentum</strong></span> <span class='ocrx_word' id='word_1_290' title='bbox 1571 2635 1792 2689; x_wconf 89' lang='lat' dir='ltr'><strong>dictum</strong></span> <span class='ocrx_word' id='word_1_291' title='bbox 1865 2639 1993 2692; x_wconf 87' lang='lat' dir='ltr'><strong>est:</strong></span> 
     </span>
    </p>
   </div>
   <div class='ocr_carea' id='block_1_42' title="bbox 361 2723 1993 2796">
    <p class='ocr_par' dir='ltr' id='par_1_42' title="bbox 361 2723 1993 2796">
     <span class='ocr_line' id='line_1_42' title="bbox 361 2723 1993 2796; baseline -0.001 -16"><span class='ocrx_word' id='word_1_292' title='bbox 361 2726 595 2781; x_wconf 89' lang='lat' dir='ltr'><strong>abusive</strong></span> <span class='ocrx_word' id='word_1_293' title='bbox 652 2730 845 2780; x_wconf 89' lang='lat' dir='ltr'><strong>autem</strong></span> <span class='ocrx_word' id='word_1_294' title='bbox 903 2723 1104 2780; x_wconf 74' lang='lat' dir='ltr'><strong>emtum</strong></span> <span class='ocrx_word' id='word_1_295' title='bbox 1138 2741 1150 2779; x_wconf 90' lang='lat'>:</span> <span class='ocrx_word' id='word_1_296' title='bbox 1181 2724 1397 2779; x_wconf 83' lang='lat' dir='ltr'><strong>Vocavit</strong></span> <span class='ocrx_word' id='word_1_297' title='bbox 1442 2724 1615 2790; x_wconf 83' lang='lat' dir='ltr'><strong>enim,</strong></span> <span class='ocrx_word' id='word_1_298' title='bbox 1663 2724 1852 2796; x_wconf 89' lang='lat' dir='ltr'><strong>inquit</strong></span> <span class='ocrx_word' id='word_1_299' title='bbox 1897 2726 1993 2796; x_wconf 80' lang='lat' dir='ltr'><strong>ﬁr-</strong></span> 
     </span>
    </p>
   </div>
   <div class='ocr_carea' id='block_1_43' title="bbox 354 2813 1994 2885">
    <p class='ocr_par' dir='ltr' id='par_1_43' title="bbox 354 2813 1994 2885">
     <span class='ocr_line' id='line_1_43' title="bbox 354 2813 1994 2885; baseline 0.001 -16"><span class='ocrx_word' id='word_1_300' title='bbox 354 2823 690 2870; x_wconf 84' lang='lat' dir='ltr'><strong>mamentum</strong></span> <span class='ocrx_word' id='word_1_301' title='bbox 717 2816 911 2869; x_wconf 74' lang='lat' dir='ltr'><strong>(celum</strong></span> <span class='ocrx_word' id='word_1_302' title='bbox 942 2814 1008 2869; x_wconf 82' lang='grc'><strong>⁵⁸.</strong></span> <span class='ocrx_word' id='word_1_303' title='bbox 1079 2814 1381 2885; x_wconf 89' lang='lat' dir='ltr'><strong>Siquidem</strong></span> <span class='ocrx_word' id='word_1_304' title='bbox 1435 2813 1540 2868; x_wconf 90' lang='lat' dir='ltr'><strong>hoc</strong></span> <span class='ocrx_word' id='word_1_305' title='bbox 1573 2813 1867 2868; x_wconf 88' lang='lat' dir='ltr'><strong>diversum</strong></span> <span class='ocrx_word' id='word_1_306' title='bbox 1908 2823 1994 2870; x_wconf 89' lang='lat' dir='ltr'><strong>est</strong></span> 
     </span>
    </p>
   </div>
   <div class='ocr_carea' id='block_1_44' title="bbox 352 2903 1992 2974">
    <p class='ocr_par' dir='ltr' id='par_1_44' title="bbox 352 2903 1992 2974">
     <span class='ocr_line' id='line_1_44' title="bbox 352 2903 1992 2974; baseline 0 -16"><span class='ocrx_word' id='word_1_307' title='bbox 352 2904 422 2959; x_wconf 85' lang='lat' dir='ltr'><strong>ab</strong></span> <span class='ocrx_word' id='word_1_308' title='bbox 456 2920 544 2970; x_wconf 90' lang='lat' dir='ltr'><strong>eo,</strong></span> <span class='ocrx_word' id='word_1_309' title='bbox 579 2906 728 2974; x_wconf 91' lang='lat' dir='ltr'><strong>quod</strong></span> <span class='ocrx_word' id='word_1_310' title='bbox 765 2904 952 2974; x_wconf 89' lang='lat' dir='ltr'><strong>primo</strong></span> <span class='ocrx_word' id='word_1_311' title='bbox 986 2904 1079 2958; x_wconf 90' lang='lat' dir='ltr'><strong>die</strong></span> <span class='ocrx_word' id='word_1_312' title='bbox 1103 2907 1363 2958; x_wconf 90' lang='lat' dir='ltr'><strong>creatum</strong></span> <span class='ocrx_word' id='word_1_313' title='bbox 1395 2906 1506 2968; x_wconf 91' lang='lat' dir='ltr'><strong>est,</strong></span> <span class='ocrx_word' id='word_1_314' title='bbox 1531 2903 1706 2973; x_wconf 91' lang='lat' dir='ltr'><strong>idque</strong></span> <span class='ocrx_word' id='word_1_315' title='bbox 1733 2903 1992 2959; x_wconf 90' lang='lat' dir='ltr'><strong>nominis</strong></span> 
     </span>
    </p>
   </div>
   <div class='ocr_carea' id='block_1_45' title="bbox 341 2993 1995 3064">
    <p class='ocr_par' dir='ltr' id='par_1_45' title="bbox 341 2993 1995 3064">
     <span class='ocr_line' id='line_1_45' title="bbox 341 2993 1995 3064; baseline -0.001 -18"><span class='ocrx_word' id='word_1_316' title='bbox 341 2993 634 3060; x_wconf 89' lang='lat' dir='ltr'><strong>sortitum,</strong></span> <span class='ocrx_word' id='word_1_317' title='bbox 664 2993 778 3048; x_wconf 87' lang='lat' dir='ltr'><strong>sive</strong></span> <span class='ocrx_word' id='word_1_318' title='bbox 811 2993 948 3063; x_wconf 84' lang='lat' dir='ltr'><strong>quia</strong></span> <span class='ocrx_word' id='word_1_319' title='bbox 997 2997 1085 3048; x_wconf 89' lang='lat' dir='ltr'><strong>est</strong></span> <span class='ocrx_word' id='word_1_320' title='bbox 1113 2993 1281 3064; x_wconf 88' lang='lat' dir='ltr'><strong>aquis</strong></span> <span class='ocrx_word' id='word_1_321' title='bbox 1315 3001 1706 3063; x_wconf 88' lang='lat' dir='ltr'><strong>compactum,</strong></span> <span class='ocrx_word' id='word_1_322' title='bbox 1741 3001 1794 3047; x_wconf 93' lang='lat' dir='ltr'><strong>et</strong></span> <span class='ocrx_word' id='word_1_323' title='bbox 1826 2993 1995 3048; x_wconf 89' lang='lat' dir='ltr'><strong>idcir-</strong></span> 
     </span>
    </p>
   </div>
   <div class='ocr_carea' id='block_1_46' title="bbox 337 3082 1989 3153">
    <p class='ocr_par' dir='ltr' id='par_1_46' title="bbox 337 3082 1989 3153">
     <span class='ocr_line' id='line_1_46' title="bbox 337 3082 1989 3153; baseline 0 -16"><span class='ocrx_word' id='word_1_324' title='bbox 337 3097 404 3137; x_wconf 87' lang='lat' dir='ltr'><strong>co</strong></span> <span class='ocrx_word' id='word_1_325' title='bbox 437 3082 868 3136; x_wconf 79' lang='lat' dir='ltr'><strong>ﬁrmamentum</strong></span> <span class='ocrx_word' id='word_1_326' title='bbox 894 3082 1136 3149; x_wconf 86' lang='lat' dir='ltr'><strong>dictum,</strong></span> <span class='ocrx_word' id='word_1_327' title='bbox 1184 3083 1298 3138; x_wconf 89' lang='lat' dir='ltr'><strong>sive</strong></span> <span class='ocrx_word' id='word_1_328' title='bbox 1323 3083 1394 3137; x_wconf 90' lang='lat' dir='ltr'><strong>ad</strong></span> <span class='ocrx_word' id='word_1_329' title='bbox 1431 3099 1740 3153; x_wconf 88' lang='lat' dir='ltr'><strong>corporum</strong></span> <span class='ocrx_word' id='word_1_330' title='bbox 1782 3082 1989 3138; x_wconf 87' lang='lat' dir='ltr'><strong>distin-</strong></span> 
     </span>
    </p>
   </div>
   <div class='ocr_carea' id='block_1_47' title="bbox 332 3171 1989 3242">
    <p class='ocr_par' dir='ltr' id='par_1_47' title="bbox 332 3171 1989 3242">
     <span class='ocr_line' id='line_1_47' title="bbox 332 3171 1989 3242; baseline -0.001 -16"><span class='ocrx_word' id='word_1_331' title='bbox 332 3171 611 3240; x_wconf 82' lang='lat' dir='ltr'><strong>ctionem,</strong></span> <span class='ocrx_word' id='word_1_332' title='bbox 644 3188 770 3242; x_wconf 81' lang='lat' dir='ltr'><strong>quae</strong></span> <span class='ocrx_word' id='word_1_333' title='bbox 803 3172 1068 3241; x_wconf 88' lang='lat' dir='ltr'><strong>superius</strong></span> <span class='ocrx_word' id='word_1_334' title='bbox 1118 3179 1170 3226; x_wconf 88' lang='lat' dir='ltr'><strong>et</strong></span> <span class='ocrx_word' id='word_1_335' title='bbox 1230 3172 1473 3227; x_wconf 88' lang='lat' dir='ltr'><strong>inferius</strong></span> <span class='ocrx_word' id='word_1_336' title='bbox 1515 3171 1787 3241; x_wconf 86' lang='lat' dir='ltr'><strong>contigua</strong></span> <span class='ocrx_word' id='word_1_337' title='bbox 1832 3179 1989 3239; x_wconf 90' lang='lat' dir='ltr'><strong>sunt,</strong></span> 
     </span>
    </p>
   </div>
   <div class='ocr_carea' id='block_1_48' title="bbox 2115 2008 3764 2077">
    <p class='ocr_par' dir='ltr' id='par_1_48' title="bbox 2115 2008 3764 2077">
     <span class='ocr_line' id='line_1_48' title="bbox 2115 2008 3764 2077; baseline 0.004 -15"><span class='ocrx_word' id='word_1_338' title='bbox 2115 2024 2220 2062; x_wconf 90' lang='lat' dir='ltr'><strong>nec</strong></span> <span class='ocrx_word' id='word_1_339' title='bbox 2239 2008 2538 2077; x_wconf 89' lang='lat' dir='ltr'><strong>auspicato</strong></span> <span class='ocrx_word' id='word_1_340' title='bbox 2568 2009 2822 2062; x_wconf 86' lang='lat' dir='ltr'><strong>fructum</strong></span> <span class='ocrx_word' id='word_1_341' title='bbox 2859 2010 3085 2065; x_wconf 88' lang='lat' dir='ltr'><strong>arboris</strong></span> <span class='ocrx_word' id='word_1_342' title='bbox 3118 2013 3370 2067; x_wconf 67' lang='lat' dir='ltr'><strong>scientiae</strong></span> <span class='ocrx_word' id='word_1_343' title='bbox 3403 2014 3536 2068; x_wconf 92' lang='lat' dir='ltr'><strong>boni</strong></span> <span class='ocrx_word' id='word_1_344' title='bbox 3570 2023 3623 2068; x_wconf 90' lang='lat' dir='ltr'><strong>et</strong></span> <span class='ocrx_word' id='word_1_345' title='bbox 3647 2031 3764 2069; x_wconf 87' lang='lat' dir='ltr'><strong>ma-</strong></span> 
     </span>
    </p>
   </div>
   <div class='ocr_carea' id='block_1_49' title="bbox 2112 2095 3768 2168">
    <p class='ocr_par' dir='ltr' id='par_1_49' title="bbox 2112 2095 3768 2168">
     <span class='ocr_line' id='line_1_49' title="bbox 2112 2095 3768 2168; baseline 0.004 -18"><span class='ocrx_word' id='word_1_346' title='bbox 2112 2095 2151 2150; x_wconf 91' lang='lat' dir='ltr'><strong>li</strong></span> <span class='ocrx_word' id='word_1_347' title='bbox 2184 2100 2497 2167; x_wconf 85' lang='lat' dir='ltr'><strong>gustasset,</strong></span> <span class='ocrx_word' id='word_1_348' title='bbox 2535 2103 2688 2151; x_wconf 89' lang='lat' dir='ltr'><strong>totus</strong></span> <span class='ocrx_word' id='word_1_349' title='bbox 2720 2097 2792 2150; x_wconf 84' lang='lat' dir='ltr'><strong>ad</strong></span> <span class='ocrx_word' id='word_1_350' title='bbox 2814 2101 3103 2154; x_wconf 86' lang='lat' dir='ltr'><strong>contraria</strong></span> <span class='ocrx_word' id='word_1_351' title='bbox 3135 2101 3405 2168; x_wconf 88' lang='lat' dir='ltr'><strong>proclivis</strong></span> <span class='ocrx_word' id='word_1_352' title='bbox 3443 2119 3505 2157; x_wconf 92' lang='lat' dir='ltr'><strong>se</strong></span> <span class='ocrx_word' id='word_1_353' title='bbox 3528 2119 3768 2160; x_wconf 89' lang='lat' dir='ltr'><strong>conver—</strong></span> 
     </span>
    </p>
   </div>
   <div class='ocr_carea' id='block_1_50' title="bbox 2111 2183 3760 2255">
    <p class='ocr_par' dir='ltr' id='par_1_50' title="bbox 2111 2183 3760 2255">
     <span class='ocr_line' id='line_1_50' title="bbox 2111 2183 3760 2255; baseline 0.005 -16"><span class='ocrx_word' id='word_1_354' title='bbox 2111 2185 2208 2240; x_wconf 89' lang='lat' dir='ltr'><strong>tit:</strong></span> <span class='ocrx_word' id='word_1_355' title='bbox 2265 2200 2369 2238; x_wconf 89' lang='lat' dir='ltr'><strong>nec</strong></span> <span class='ocrx_word' id='word_1_356' title='bbox 2413 2183 2596 2239; x_wconf 89' lang='lat' dir='ltr'><strong>solum</strong></span> <span class='ocrx_word' id='word_1_357' title='bbox 2639 2201 2671 2239; x_wconf 89' lang='lat' dir='ltr'><strong>a</strong></span> <span class='ocrx_word' id='word_1_358' title='bbox 2733 2186 2856 2240; x_wconf 71' lang='lat' dir='ltr'><strong>vitae</strong></span> <span class='ocrx_word' id='word_1_359' title='bbox 2907 2187 3111 2242; x_wconf 87' lang='lat' dir='ltr'><strong>arbore</strong></span> <span class='ocrx_word' id='word_1_360' title='bbox 3180 2187 3452 2244; x_wconf 89' lang='lat' dir='ltr'><strong>exclusus</strong></span> <span class='ocrx_word' id='word_1_361' title='bbox 3499 2195 3606 2255; x_wconf 89' lang='lat' dir='ltr'><strong>est,</strong></span> <span class='ocrx_word' id='word_1_362' title='bbox 3660 2193 3760 2247; x_wconf 90' lang='lat' dir='ltr'><strong>sed</strong></span> 
     </span>
    </p>
   </div>
   <div class='ocr_carea' id='block_1_51' title="bbox 2101 2273 3764 2346">
    <p class='ocr_par' dir='ltr' id='par_1_51' title="bbox 2101 2273 3764 2346">
     <span class='ocr_line' id='line_1_51' title="bbox 2101 2273 3764 2346; baseline 0.005 -20"><span class='ocrx_word' id='word_1_363' title='bbox 2101 2274 2240 2344; x_wconf 88' lang='lat' dir='ltr'><strong>jure</strong></span> <span class='ocrx_word' id='word_1_364' title='bbox 2281 2273 2452 2328; x_wconf 90' lang='lat' dir='ltr'><strong>etiam</strong></span> <span class='ocrx_word' id='word_1_365' title='bbox 2486 2291 2518 2326; x_wconf 88' lang='lat' dir='ltr'><strong>a</strong></span> <span class='ocrx_word' id='word_1_366' title='bbox 2557 2273 2994 2330; x_wconf 89' lang='lat' dir='ltr'><strong>conversatione</strong></span> <span class='ocrx_word' id='word_1_367' title='bbox 3054 2275 3150 2330; x_wconf 88' lang='lat' dir='ltr'><strong>illa</strong></span> <span class='ocrx_word' id='word_1_368' title='bbox 3211 2283 3268 2331; x_wconf 89' lang='lat' dir='ltr'><strong>et</strong></span> <span class='ocrx_word' id='word_1_369' title='bbox 3316 2283 3466 2333; x_wconf 87' lang='lat' dir='ltr'><strong>statu</strong></span> <span class='ocrx_word' id='word_1_370' title='bbox 3527 2281 3764 2346; x_wconf 86' lang='lat' dir='ltr'><strong>excidit,</strong></span> 
     </span>
    </p>
   </div>
   <div class='ocr_carea' id='block_1_52' title="bbox 2109 2362 3758 2434">
    <p class='ocr_par' dir='ltr' id='par_1_52' title="bbox 2109 2362 3758 2434">
     <span class='ocr_line' id='line_1_52' title="bbox 2109 2362 3758 2434; baseline 0.007 -18"><span class='ocrx_word' id='word_1_371' title='bbox 2109 2363 2326 2434; x_wconf 88' lang='lat' dir='ltr'><strong>quibus</strong></span> <span class='ocrx_word' id='word_1_372' title='bbox 2372 2367 2543 2417; x_wconf 87' lang='lat' dir='ltr'><strong>antea</strong></span> <span class='ocrx_word' id='word_1_373' title='bbox 2601 2362 2810 2432; x_wconf 87' lang='lat' dir='ltr'><strong>dignus</strong></span> <span class='ocrx_word' id='word_1_374' title='bbox 2864 2363 3097 2419; x_wconf 88' lang='lat' dir='ltr'><strong>habitus</strong></span> <span class='ocrx_word' id='word_1_375' title='bbox 3149 2365 3355 2422; x_wconf 80' lang='lat' dir='ltr'><strong>fuerat.</strong></span> <span class='ocrx_word' id='word_1_376' title='bbox 3428 2369 3585 2424; x_wconf 88' lang='lat' dir='ltr'><strong>Dicat</strong></span> <span class='ocrx_word' id='word_1_377' title='bbox 3628 2388 3758 2427; x_wconf 91' lang='lat' dir='ltr'><strong>vero</strong></span> 
     </span>
    </p>
   </div>
   <div class='ocr_carea' id='block_1_53' title="bbox 2107 2451 3757 2525">
    <p class='ocr_par' dir='ltr' id='par_1_53' title="bbox 2107 2451 3757 2525">
     <span class='ocr_line' id='line_1_53' title="bbox 2107 2451 3757 2525; baseline 0.007 -19"><span class='ocrx_word' id='word_1_378' title='bbox 2107 2452 2279 2507; x_wconf 89' lang='lat' dir='ltr'><strong>etiam</strong></span> <span class='ocrx_word' id='word_1_379' title='bbox 2309 2451 2603 2524; x_wconf 84' lang='lat' dir='ltr'><strong>quispiam</strong></span> <span class='ocrx_word' id='word_1_380' title='bbox 2634 2453 2926 2507; x_wconf 85' lang='lat' dir='ltr'><strong>Adamum</strong></span> <span class='ocrx_word' id='word_1_381' title='bbox 2979 2470 3106 2510; x_wconf 89' lang='lat' dir='ltr'><strong>sese</strong></span> <span class='ocrx_word' id='word_1_382' title='bbox 3138 2456 3632 2525; x_wconf 83' lang='lat' dir='ltr'><strong>speculationibus</strong></span> <span class='ocrx_word' id='word_1_383' title='bbox 3675 2462 3757 2516; x_wconf 85' lang='lat' dir='ltr'><strong>al-</strong></span> 
     </span>
    </p>
   </div>
   <div class='ocr_carea' id='block_1_54' title="bbox 2106 2541 3757 2619">
    <p class='ocr_par' dir='ltr' id='par_1_54' title="bbox 2106 2541 3757 2619">
     <span class='ocr_line' id='line_1_54' title="bbox 2106 2541 3757 2619; baseline 0.004 -24"><span class='ocrx_word' id='word_1_384' title='bbox 2106 2541 2354 2597; x_wconf 90' lang='lat' dir='ltr'><strong>tioribus</strong></span> <span class='ocrx_word' id='word_1_385' title='bbox 2375 2557 2554 2612; x_wconf 88' lang='lat' dir='ltr'><strong>quam</strong></span> <span class='ocrx_word' id='word_1_386' title='bbox 2601 2558 2703 2610; x_wconf 90' lang='lat' dir='ltr'><strong>par</strong></span> <span class='ocrx_word' id='word_1_387' title='bbox 2733 2545 2905 2608; x_wconf 86' lang='lat' dir='ltr'><strong>esset,</strong></span> <span class='ocrx_word' id='word_1_388' title='bbox 2937 2543 3251 2614; x_wconf 85' lang='lat' dir='ltr'><strong>addixisse,</strong></span> <span class='ocrx_word' id='word_1_389' title='bbox 3292 2562 3536 2618; x_wconf 82' lang='lat' dir='ltr'><strong>quaeque</strong></span> <span class='ocrx_word' id='word_1_390' title='bbox 3591 2545 3757 2619; x_wconf 87' lang='lat' dir='ltr'><strong>inge-</strong></span> 
     </span>
    </p>
   </div>
   <div class='ocr_carea' id='block_1_55' title="bbox 2106 2630 3755 2704">
    <p class='ocr_par' dir='ltr' id='par_1_55' title="bbox 2106 2630 3755 2704">
     <span class='ocr_line' id='line_1_55' title="bbox 2106 2630 3755 2704; baseline 0.004 -19"><span class='ocrx_word' id='word_1_391' title='bbox 2106 2631 2186 2686; x_wconf 90' lang='lat' dir='ltr'><strong>nii</strong></span> <span class='ocrx_word' id='word_1_392' title='bbox 2242 2631 2336 2685; x_wconf 90' lang='lat' dir='ltr'><strong>sui</strong></span> <span class='ocrx_word' id='word_1_393' title='bbox 2399 2630 2777 2700; x_wconf 87' lang='lat' dir='ltr'><strong>capacitatem</strong></span> <span class='ocrx_word' id='word_1_394' title='bbox 2844 2633 3219 2688; x_wconf 79' lang='lat' dir='ltr'><strong>excederent:</strong></span> <span class='ocrx_word' id='word_1_395' title='bbox 3283 2634 3415 2704; x_wconf 84' lang='lat' dir='ltr'><strong>quia</strong></span> <span class='ocrx_word' id='word_1_396' title='bbox 3476 2635 3755 2692; x_wconf 86' lang='lat' dir='ltr'><strong>nimirum</strong></span> 
     </span>
    </p>
   </div>
   <div class='ocr_carea' id='block_1_56' title="bbox 2107 2717 3754 2790">
    <p class='ocr_par' dir='ltr' id='par_1_56' title="bbox 2107 2717 3754 2790">
     <span class='ocr_line' id='line_1_56' title="bbox 2107 2717 3754 2790; baseline 0.005 -17"><span class='ocrx_word' id='word_1_397' title='bbox 2107 2719 2245 2775; x_wconf 92' lang='lat' dir='ltr'><strong>boni</strong></span> <span class='ocrx_word' id='word_1_398' title='bbox 2296 2717 2552 2790; x_wconf 87' lang='lat' dir='ltr'><strong>malique</strong></span> <span class='ocrx_word' id='word_1_399' title='bbox 2596 2719 2841 2776; x_wconf 89' lang='lat' dir='ltr'><strong>scientia</strong></span> <span class='ocrx_word' id='word_1_400' title='bbox 2891 2721 3142 2790; x_wconf 67' lang='lat' dir='ltr'><strong>praeditas</strong></span> <span class='ocrx_word' id='word_1_401' title='bbox 3204 2731 3414 2778; x_wconf 89' lang='lat' dir='ltr'><strong>essent.</strong></span> <span class='ocrx_word' id='word_1_402' title='bbox 3485 2724 3641 2787; x_wconf 88' lang='lat' dir='ltr'><strong>Quod</strong></span> <span class='ocrx_word' id='word_1_403' title='bbox 3695 2726 3754 2781; x_wconf 90' lang='lat' dir='ltr'><strong>in</strong></span> 
     </span>
    </p>
   </div>
   <div class='ocr_carea' id='block_1_57' title="bbox 2102 2808 3754 2883">
    <p class='ocr_par' dir='ltr' id='par_1_57' title="bbox 2102 2808 3754 2883">
     <span class='ocr_line' id='line_1_57' title="bbox 2102 2808 3754 2883; baseline 0.003 -18"><span class='ocrx_word' id='word_1_404' title='bbox 2102 2825 2275 2865; x_wconf 84' lang='lat' dir='ltr'><strong>causa</strong></span> <span class='ocrx_word' id='word_1_405' title='bbox 2303 2808 2493 2875; x_wconf 88' lang='lat' dir='ltr'><strong>fuerit,</strong></span> <span class='ocrx_word' id='word_1_406' title='bbox 2533 2816 2590 2863; x_wconf 93' lang='lat' dir='ltr'><strong>ut</strong></span> <span class='ocrx_word' id='word_1_407' title='bbox 2632 2827 2663 2864; x_wconf 89' lang='lat' dir='ltr'><strong>a</strong></span> <span class='ocrx_word' id='word_1_408' title='bbox 2704 2809 2820 2864; x_wconf 90' lang='lat' dir='ltr'><strong>Deo</strong></span> <span class='ocrx_word' id='word_1_409' title='bbox 2879 2810 3198 2880; x_wconf 88' lang='lat' dir='ltr'><strong>ejiceretur.</strong></span> <span class='ocrx_word' id='word_1_410' title='bbox 3256 2813 3551 2883; x_wconf 90' lang='lat' dir='ltr'><strong>Ejusmodi</strong></span> <span class='ocrx_word' id='word_1_411' title='bbox 3601 2816 3754 2870; x_wconf 90' lang='lat' dir='ltr'><strong>enim</strong></span> 
     </span>
    </p>
   </div>
   <div class='ocr_carea' id='block_1_58' title="bbox 2101 2897 3754 2974">
    <p class='ocr_par' dir='ltr' id='par_1_58' title="bbox 2101 2897 3754 2974">
     <span class='ocr_line' id='line_1_58' title="bbox 2101 2897 3754 2974; baseline 0.004 -21"><span class='ocrx_word' id='word_1_412' title='bbox 2101 2914 2296 2954; x_wconf 90' lang='lat' dir='ltr'><strong>eorum</strong></span> <span class='ocrx_word' id='word_1_413' title='bbox 2347 2897 2440 2968; x_wconf 91' lang='lat' dir='ltr'><strong>qui</strong></span> <span class='ocrx_word' id='word_1_414' title='bbox 2498 2902 2634 2953; x_wconf 89' lang='lat' dir='ltr'><strong>sunt</strong></span> <span class='ocrx_word' id='word_1_415' title='bbox 2689 2899 3204 2968; x_wconf 86' lang='lat' dir='ltr'><strong>contemplationes</strong></span> <span class='ocrx_word' id='word_1_416' title='bbox 3252 2902 3445 2956; x_wconf 87' lang='lat' dir='ltr'><strong>multis</strong></span> <span class='ocrx_word' id='word_1_417' title='bbox 3494 2905 3754 2974; x_wconf 64' lang='lat' dir='ltr'><strong>praecipi-</strong></span> 
     </span>
    </p>
   </div>
   <div class='ocr_carea' id='block_1_59' title="bbox 2102 2987 3751 3058">
    <p class='ocr_par' dir='ltr' id='par_1_59' title="bbox 2102 2987 3751 3058">
     <span class='ocr_line' id='line_1_59' title="bbox 2102 2987 3751 3058; baseline 0.004 -15"><span class='ocrx_word' id='word_1_418' title='bbox 2102 2989 2193 3043; x_wconf 89' lang='lat' dir='ltr'><strong>tiis</strong></span> <span class='ocrx_word' id='word_1_419' title='bbox 2240 2991 2481 3054; x_wconf 83' lang='lat' dir='ltr'><strong>scatent,</strong></span> <span class='ocrx_word' id='word_1_420' title='bbox 2534 2987 2853 3058; x_wconf 89' lang='lat' dir='ltr'><strong>multosque</strong></span> <span class='ocrx_word' id='word_1_421' title='bbox 2901 3006 2932 3043; x_wconf 85' lang='lat' dir='ltr'><strong>a</strong></span> <span class='ocrx_word' id='word_1_422' title='bbox 2989 3006 3122 3045; x_wconf 88' lang='lat' dir='ltr'><strong>vera</strong></span> <span class='ocrx_word' id='word_1_423' title='bbox 3162 2991 3230 3045; x_wconf 88' lang='lat' dir='ltr'><strong>de</strong></span> <span class='ocrx_word' id='word_1_424' title='bbox 3287 2991 3401 3046; x_wconf 90' lang='lat' dir='ltr'><strong>Deo</strong></span> <span class='ocrx_word' id='word_1_425' title='bbox 3451 2995 3751 3049; x_wconf 88' lang='lat' dir='ltr'><strong>sententia.</strong></span> 
     </span>
    </p>
   </div>
   <div class='ocr_carea' id='block_1_60' title="bbox 2099 3075 3750 3151">
    <p class='ocr_par' dir='ltr' id='par_1_60' title="bbox 2099 3075 3750 3151">
     <span class='ocr_line' id='line_1_60' title="bbox 2099 3075 3750 3151; baseline 0.003 -19"><span class='ocrx_word' id='word_1_426' title='bbox 2099 3077 2260 3148; x_wconf 89' lang='lat' dir='ltr'><strong>quasi</strong></span> <span class='ocrx_word' id='word_1_427' title='bbox 2289 3075 2510 3132; x_wconf 87' lang='lat' dir='ltr'><strong>obtorto</strong></span> <span class='ocrx_word' id='word_1_428' title='bbox 2545 3077 2715 3144; x_wconf 91' lang='lat' dir='ltr'><strong>collo,</strong></span> <span class='ocrx_word' id='word_1_429' title='bbox 2750 3084 3102 3134; x_wconf 78' lang='lat' dir='ltr'><strong>transversos</strong></span> <span class='ocrx_word' id='word_1_430' title='bbox 3157 3087 3351 3150; x_wconf 87' lang='lat' dir='ltr'><strong>agunt,</strong></span> <span class='ocrx_word' id='word_1_431' title='bbox 3385 3082 3750 3151; x_wconf 85' lang='lat' dir='ltr'><strong>quemadmo-</strong></span> 
     </span>
    </p>
   </div>
   <div class='ocr_carea' id='block_1_61' title="bbox 2101 3165 3752 3242">
    <p class='ocr_par' dir='ltr' id='par_1_61' title="bbox 2101 3165 3752 3242">
     <span class='ocr_line' id='line_1_61' title="bbox 2101 3165 3752 3242; baseline 0.002 -20"><span class='ocrx_word' id='word_1_432' title='bbox 2101 3167 2256 3233; x_wconf 90' lang='lat' dir='ltr'><strong>dum,</strong></span> <span class='ocrx_word' id='word_1_433' title='bbox 2292 3166 2442 3221; x_wconf 85' lang='lat' dir='ltr'><strong>verbi</strong></span> <span class='ocrx_word' id='word_1_434' title='bbox 2477 3165 2678 3235; x_wconf 86' lang='lat' dir='ltr'><strong>gratia,</strong></span> <span class='ocrx_word' id='word_1_435' title='bbox 2709 3166 2968 3236; x_wconf 89' lang='lat' dir='ltr'><strong>Ophitas,</strong></span> <span class='ocrx_word' id='word_1_436' title='bbox 2991 3169 3060 3222; x_wconf 92' lang='lat' dir='ltr'><strong>de</strong></span> <span class='ocrx_word' id='word_1_437' title='bbox 3091 3169 3299 3239; x_wconf 83' lang='lat' dir='ltr'><strong>quibus</strong></span> <span class='ocrx_word' id='word_1_438' title='bbox 3347 3185 3500 3225; x_wconf 91' lang='lat' dir='ltr'><strong>nunc</strong></span> <span class='ocrx_word' id='word_1_439' title='bbox 3529 3171 3752 3242; x_wconf 80' lang='lat' dir='ltr'><strong>agimus</strong></span> 
     </span>
    </p>
   </div>
   <div class='ocr_carea' id='block_1_62' title="bbox 336 3257 3753 3358">
    <p class='ocr_par' dir='ltr' id='par_1_62' title="bbox 336 3257 3753 3358">
     <span class='ocr_line' id='line_1_62' title="bbox 336 3257 3753 3358; baseline 0.001 -45"><span class='ocrx_word' id='word_1_440' title='bbox 336 3278 460 3330; x_wconf 64' lang='lat' dir='ltr'><strong>qtae</strong></span> <span class='ocrx_word' id='word_1_441' title='bbox 493 3260 728 3330; x_wconf 86' lang='lat' dir='ltr'><strong>quidem</strong></span> <span class='ocrx_word' id='word_1_442' title='bbox 750 3276 884 3315; x_wconf 90' lang='lat' dir='ltr'><strong>cum</strong></span> <span class='ocrx_word' id='word_1_443' title='bbox 917 3259 1115 3315; x_wconf 87' lang='lat' dir='ltr'><strong>tenuia</strong></span> <span class='ocrx_word' id='word_1_444' title='bbox 1145 3263 1201 3315; x_wconf 90' lang='lat' dir='ltr'><strong>et</strong></span> <span class='ocrx_word' id='word_1_445' title='bbox 1233 3259 1521 3332; x_wconf 89' lang='lat' dir='ltr'><strong>pellucida</strong></span> <span class='ocrx_word' id='word_1_446' title='bbox 1541 3260 1681 3327; x_wconf 89' lang='lat' dir='ltr'><strong>sint,</strong></span> <span class='ocrx_word' id='word_1_447' title='bbox 1706 3260 1815 3315; x_wconf 89' lang='lat' dir='ltr'><strong>hoc</strong></span> <span class='ocrx_word' id='word_1_448' title='bbox 1848 3262 1987 3332; x_wconf 87' lang='lat' dir='ltr'><strong>quia</strong></span> <span class='ocrx_word' id='word_1_449' title='bbox 2018 3292 2060 3358; x_wconf 64' lang='grc' dir='ltr'>Ο</span> <span class='ocrx_word' id='word_1_450' title='bbox 2101 3257 2687 3329; x_wconf 90' lang='lat' dir='ltr'><strong>philosophorumque</strong></span> <span class='ocrx_word' id='word_1_451' title='bbox 2733 3262 2991 3313; x_wconf 89' lang='lat' dir='ltr'><strong>veterum</strong></span> <span class='ocrx_word' id='word_1_452' title='bbox 3053 3257 3351 3328; x_wconf 90' lang='lat' dir='ltr'><strong>plurimos.</strong></span> <span class='ocrx_word' id='word_1_453' title='bbox 3396 3259 3753 3317; x_wconf 87' lang='lat' dir='ltr'><strong>Democritus</strong></span> 
     </span>
    </p>
   </div>
   <div class='ocr_carea' id='block_1_63' title="bbox 336 3348 1982 3421">
    <p class='ocr_par' dir='ltr' id='par_1_63' title="bbox 336 3348 1982 3421">
     <span class='ocr_line' id='line_1_63' title="bbox 336 3348 1982 3421; baseline 0.002 -20"><span class='ocrx_word' id='word_1_454' title='bbox 336 3364 601 3403; x_wconf 88' lang='lat' dir='ltr'><strong>crassum</strong></span> <span class='ocrx_word' id='word_1_455' title='bbox 635 3355 718 3402; x_wconf 90' lang='lat' dir='ltr'><strong>est</strong></span> <span class='ocrx_word' id='word_1_456' title='bbox 749 3365 1114 3418; x_wconf 89' lang='lat' dir='ltr'><strong>corporeum,</strong></span> <span class='ocrx_word' id='word_1_457' title='bbox 1159 3348 1444 3421; x_wconf 80' lang='grc' dir='ltr'><strong>στερέωμα</strong></span> <span class='ocrx_word' id='word_1_458' title='bbox 1493 3365 1595 3404; x_wconf 87' lang='lat' dir='ltr'><strong>seu</strong></span> <span class='ocrx_word' id='word_1_459' title='bbox 1641 3351 1982 3405; x_wconf 85' lang='lat' dir='ltr'><strong>ﬁrmamen-</strong></span> 
     </span>
    </p>
   </div>
   <div class='ocr_carea' id='block_1_64' title="bbox 338 3434 1986 3508">
    <p class='ocr_par' dir='ltr' id='par_1_64' title="bbox 338 3434 1986 3508">
     <span class='ocr_line' id='line_1_64' title="bbox 338 3434 1986 3508; baseline 0.002 -18"><span class='ocrx_word' id='word_1_460' title='bbox 338 3442 459 3490; x_wconf 89' lang='lat' dir='ltr'><strong>tum</strong></span> <span class='ocrx_word' id='word_1_461' title='bbox 494 3435 709 3489; x_wconf 88' lang='lat' dir='ltr'><strong>dictum</strong></span> <span class='ocrx_word' id='word_1_462' title='bbox 745 3440 865 3491; x_wconf 91' lang='lat' dir='ltr'><strong>est:</strong></span> <span class='ocrx_word' id='word_1_463' title='bbox 917 3434 1131 3507; x_wconf 83' lang='grc' dir='ltr'>στερεὸν</span> <span class='ocrx_word' id='word_1_464' title='bbox 1162 3437 1320 3491; x_wconf 90' lang='lat' dir='ltr'><strong>enim</strong></span> <span class='ocrx_word' id='word_1_465' title='bbox 1371 3453 1402 3490; x_wconf 88' lang='lat' dir='ltr'><strong>a</strong></span> <span class='ocrx_word' id='word_1_466' title='bbox 1432 3439 1738 3508; x_wconf 88' lang='lat' dir='ltr'><strong>geometris</strong></span> <span class='ocrx_word' id='word_1_467' title='bbox 1772 3455 1986 3508; x_wconf 90' lang='lat' dir='ltr'><strong>corpus</strong></span> 
     </span>
    </p>
   </div>
   <div class='ocr_carea' id='block_1_65' title="bbox 335 3524 1987 3596">
    <p class='ocr_par' dir='ltr' id='par_1_65' title="bbox 335 3524 1987 3596">
     <span class='ocr_line' id='line_1_65' title="bbox 335 3524 1987 3596; baseline 0.003 -18"><span class='ocrx_word' id='word_1_468' title='bbox 335 3525 444 3578; x_wconf 89' lang='lat' dir='ltr'><strong>dici</strong></span> <span class='ocrx_word' id='word_1_469' title='bbox 473 3524 638 3590; x_wconf 85' lang='lat' dir='ltr'><strong>solet,</strong></span> <span class='ocrx_word' id='word_1_470' title='bbox 695 3525 976 3596; x_wconf 86' lang='lat' dir='ltr'><strong>quoniam</strong></span> <span class='ocrx_word' id='word_1_471' title='bbox 1009 3530 1128 3580; x_wconf 88' lang='lat' dir='ltr'><strong>tres</strong></span> <span class='ocrx_word' id='word_1_472' title='bbox 1177 3525 1234 3578; x_wconf 89' lang='lat' dir='ltr'><strong>in</strong></span> <span class='ocrx_word' id='word_1_473' title='bbox 1283 3530 1476 3596; x_wconf 89' lang='lat' dir='ltr'><strong>partes</strong></span> <span class='ocrx_word' id='word_1_474' title='bbox 1524 3525 1835 3593; x_wconf 90' lang='lat' dir='ltr'><strong>diducitur,</strong></span> <span class='ocrx_word' id='word_1_475' title='bbox 1881 3542 1987 3583; x_wconf 82' lang='lat' dir='ltr'><strong>nec</strong></span> 
     </span>
    </p>
   </div>
   <div class='ocr_carea' id='block_1_66' title="bbox 336 3614 1984 3685">
    <p class='ocr_par' dir='ltr' id='par_1_66' title="bbox 336 3614 1984 3685">
     <span class='ocr_line' id='line_1_66' title="bbox 336 3614 1984 3685; baseline 0.001 -16"><span class='ocrx_word' id='word_1_476' title='bbox 336 3614 508 3670; x_wconf 88' lang='lat' dir='ltr'><strong>tactui</strong></span> <span class='ocrx_word' id='word_1_477' title='bbox 544 3615 720 3682; x_wconf 89' lang='lat' dir='ltr'><strong>cedit,</strong></span> <span class='ocrx_word' id='word_1_478' title='bbox 754 3622 848 3669; x_wconf 88' lang='lat' dir='ltr'><strong>aut</strong></span> <span class='ocrx_word' id='word_1_479' title='bbox 880 3615 1232 3685; x_wconf 89' lang='lat' dir='ltr'><strong>obsequitur.</strong></span> <span class='ocrx_word' id='word_1_480' title='bbox 1267 3614 1762 3680; x_wconf 85' lang='lat' dir='ltr'><strong>Quemadmodum</strong></span> <span class='ocrx_word' id='word_1_481' title='bbox 1792 3622 1984 3672; x_wconf 90' lang='lat' dir='ltr'><strong>autem</strong></span> 
     </span>
    </p>
   </div>
   <div class='ocr_carea' id='block_1_67' title="bbox 337 3703 1984 3775">
    <p class='ocr_par' dir='ltr' id='par_1_67' title="bbox 337 3703 1984 3775">
     <span class='ocr_line' id='line_1_67' title="bbox 337 3703 1984 3775; baseline 0.002 -19"><span class='ocrx_word' id='word_1_482' title='bbox 337 3704 773 3758; x_wconf 86' lang='lat' dir='ltr'><strong>ﬁrmamentum</strong></span> <span class='ocrx_word' id='word_1_483' title='bbox 821 3704 929 3760; x_wconf 92' lang='lat' dir='ltr'><strong>hoc</strong></span> <span class='ocrx_word' id='word_1_484' title='bbox 987 3706 1134 3774; x_wconf 82' lang='lat' dir='ltr'><strong>quod</strong></span> <span class='ocrx_word' id='word_1_485' title='bbox 1189 3704 1363 3775; x_wconf 89' lang='lat' dir='ltr'><strong>primi</strong></span> <span class='ocrx_word' id='word_1_486' title='bbox 1398 3703 1525 3759; x_wconf 88' lang='lat' dir='ltr'><strong>coeli</strong></span> <span class='ocrx_word' id='word_1_487' title='bbox 1569 3705 1752 3760; x_wconf 91' lang='lat' dir='ltr'><strong>vicem</strong></span> <span class='ocrx_word' id='word_1_488' title='bbox 1799 3705 1984 3759; x_wconf 87' lang='lat' dir='ltr'><strong>adim-</strong></span> 
     </span>
    </p>
   </div>
   <div class='ocr_carea' id='block_1_68' title="bbox 336 3793 1984 3866">
    <p class='ocr_par' dir='ltr' id='par_1_68' title="bbox 336 3793 1984 3866">
     <span class='ocr_line' id='line_1_68' title="bbox 336 3793 1984 3866; baseline 0.002 -20"><span class='ocrx_word' id='word_1_489' title='bbox 336 3793 471 3862; x_wconf 88' lang='lat' dir='ltr'><strong>plet,</strong></span> <span class='ocrx_word' id='word_1_490' title='bbox 508 3794 632 3848; x_wconf 77' lang='lat' dir='ltr'><strong>cmli</strong></span> <span class='ocrx_word' id='word_1_491' title='bbox 666 3809 878 3849; x_wconf 91' lang='lat' dir='ltr'><strong>nomen</strong></span> <span class='ocrx_word' id='word_1_492' title='bbox 898 3795 1170 3866; x_wconf 88' lang='lat' dir='ltr'><strong>adeptum</strong></span> <span class='ocrx_word' id='word_1_493' title='bbox 1194 3798 1303 3861; x_wconf 87' lang='lat' dir='ltr'><strong>est,</strong></span> <span class='ocrx_word' id='word_1_494' title='bbox 1335 3793 1418 3848; x_wconf 86' lang='lat' dir='ltr'><strong>ita</strong></span> <span class='ocrx_word' id='word_1_495' title='bbox 1448 3793 1622 3849; x_wconf 88' lang='lat' dir='ltr'><strong>etiam</strong></span> <span class='ocrx_word' id='word_1_496' title='bbox 1655 3794 1984 3864; x_wconf 88' lang='lat' dir='ltr'><strong>proximum</strong></span> 
     </span>
    </p>
   </div>
   <div class='ocr_carea' id='block_1_69' title="bbox 333 3880 1984 3954">
    <p class='ocr_par' dir='ltr' id='par_1_69' title="bbox 333 3880 1984 3954">
     <span class='ocr_line' id='line_1_69' title="bbox 333 3880 1984 3954; baseline 0.002 -20"><span class='ocrx_word' id='word_1_497' title='bbox 333 3880 418 3935; x_wconf 90' lang='lat' dir='ltr'><strong>illi</strong></span> <span class='ocrx_word' id='word_1_498' title='bbox 473 3882 853 3950; x_wconf 89' lang='lat' dir='ltr'><strong>elementum,</strong></span> <span class='ocrx_word' id='word_1_499' title='bbox 906 3899 1022 3952; x_wconf 86' lang='lat' dir='ltr'><strong>aer,</strong></span> <span class='ocrx_word' id='word_1_500' title='bbox 1094 3883 1234 3954; x_wconf 91' lang='lat' dir='ltr'><strong>quia</strong></span> <span class='ocrx_word' id='word_1_501' title='bbox 1301 3883 1610 3953; x_wconf 90' lang='lat' dir='ltr'><strong>contiguus</strong></span> <span class='ocrx_word' id='word_1_502' title='bbox 1677 3883 1846 3939; x_wconf 91' lang='lat' dir='ltr'><strong>nobis</strong></span> <span class='ocrx_word' id='word_1_503' title='bbox 1875 3887 1984 3952; x_wconf 90' lang='lat' dir='ltr'><strong>est,</strong></span> 
     </span>
    </p>
   </div>
   <div class='ocr_carea' id='block_1_70' title="bbox 332 3971 1986 4043">
    <p class='ocr_par' dir='ltr' id='par_1_70' title="bbox 332 3971 1986 4043">
     <span class='ocr_line' id='line_1_70' title="bbox 332 3971 1986 4043; baseline 0.003 -19"><span class='ocrx_word' id='word_1_504' title='bbox 332 3985 586 4042; x_wconf 88' lang='lat' dir='ltr'><strong>eumque</strong></span> <span class='ocrx_word' id='word_1_505' title='bbox 619 3971 806 4041; x_wconf 90' lang='lat' dir='ltr'><strong>primo</strong></span> <span class='ocrx_word' id='word_1_506' title='bbox 833 3971 1218 4043; x_wconf 87' lang='lat' dir='ltr'><strong>suspicientes</strong></span> <span class='ocrx_word' id='word_1_507' title='bbox 1251 3971 1570 4040; x_wconf 87' lang='lat' dir='ltr'><strong>intuemur,</strong></span> <span class='ocrx_word' id='word_1_508' title='bbox 1606 3973 1828 4043; x_wconf 85' lang='lat' dir='ltr'><strong>majore</strong></span> <span class='ocrx_word' id='word_1_509' title='bbox 1849 3989 1986 4029; x_wconf 86' lang='lat' dir='ltr'><strong>cum</strong></span> 
     </span>
    </p>
   </div>
   <div class='ocr_carea' id='block_1_71' title="bbox 331 4059 1985 4134">
    <p class='ocr_par' dir='ltr' id='par_1_71' title="bbox 331 4059 1985 4134">
     <span class='ocr_line' id='line_1_71' title="bbox 331 4059 1985 4134; baseline 0.003 -22"><span class='ocrx_word' id='word_1_510' title='bbox 331 4059 516 4114; x_wconf 89' lang='lat' dir='ltr'><strong>abusu</strong></span> <span class='ocrx_word' id='word_1_511' title='bbox 545 4060 756 4116; x_wconf 83' lang='lat' dir='ltr'><strong>coelum</strong></span> <span class='ocrx_word' id='word_1_512' title='bbox 783 4062 1018 4118; x_wconf 89' lang='lat' dir='ltr'><strong>dicitur.</strong></span> <span class='ocrx_word' id='word_1_513' title='bbox 1049 4062 1166 4118; x_wconf 82' lang='lat' dir='ltr'><strong>Erit</strong></span> <span class='ocrx_word' id='word_1_514' title='bbox 1199 4062 1372 4128; x_wconf 89' lang='lat' dir='ltr'><strong>enim,</strong></span> <span class='ocrx_word' id='word_1_515' title='bbox 1427 4062 1624 4134; x_wconf 90' lang='lat' dir='ltr'><strong>inquit</strong></span> <span class='ocrx_word' id='word_1_516' title='bbox 1668 4063 1985 4132; x_wconf 86' lang='lat' dir='ltr'><strong>Scriptura,</strong></span> 
     </span>
    </p>
   </div>
   <div class='ocr_carea' id='block_1_72' title="bbox 329 4147 1984 4222">
    <p class='ocr_par' dir='ltr' id='par_1_72' title="bbox 329 4147 1984 4222">
     <span class='ocr_line' id='line_1_72' title="bbox 329 4147 1984 4222; baseline 0.004 -23"><span class='ocrx_word' id='word_1_517' title='bbox 329 4147 522 4202; x_wconf 70' lang='lat' dir='ltr'><strong>caelum</strong></span> <span class='ocrx_word' id='word_1_518' title='bbox 573 4151 714 4220; x_wconf 84' lang='lat' dir='ltr'><strong>quod</strong></span> <span class='ocrx_word' id='word_1_519' title='bbox 764 4167 933 4222; x_wconf 79' lang='lat' dir='ltr'><strong>supra</strong></span> <span class='ocrx_word' id='word_1_520' title='bbox 972 4167 1061 4206; x_wconf 80' lang='lat' dir='ltr'><strong>vos</strong></span> <span class='ocrx_word' id='word_1_521' title='bbox 1122 4161 1220 4220; x_wconf 77' lang='lat' dir='ltr'><strong>est,</strong></span> <span class='ocrx_word' id='word_1_522' title='bbox 1261 4167 1487 4206; x_wconf 86' lang='lat' dir='ltr'><strong>aereum</strong></span> <span class='ocrx_word' id='word_1_523' title='bbox 1542 4150 1606 4206; x_wconf 75' lang='grc'><strong>⁵⁷.</strong></span> <span class='ocrx_word' id='word_1_524' title='bbox 1650 4151 1716 4206; x_wconf 87' lang='grc' dir='ltr'><strong>Ει</strong></span> <span class='ocrx_word' id='word_1_525' title='bbox 1780 4151 1984 4220; x_wconf 90' lang='lat' dir='ltr'><strong>David,</strong></span> 
     </span>
    </p>
   </div>
   <div class='ocr_carea' id='block_1_73' title="bbox 335 4237 1987 4311">
    <p class='ocr_par' dir='ltr' id='par_1_73' title="bbox 335 4237 1987 4311">
     <span class='ocr_line' id='line_1_73' title="bbox 335 4237 1987 4311; baseline 0.004 -21"><span class='ocrx_word' id='word_1_526' title='bbox 335 4237 596 4293; x_wconf 74' lang='lat' dir='ltr'><strong>Volucres</strong></span> <span class='ocrx_word' id='word_1_527' title='bbox 607 4239 1278 4311; x_wconf 69' lang='lat' dir='ltr'><strong>cwli53.Maximusigitur</strong></span> <span class='ocrx_word' id='word_1_528' title='bbox 1298 4239 1510 4296; x_wconf 88' lang='lat' dir='ltr'><strong>Paulus</strong></span> <span class='ocrx_word' id='word_1_529' title='bbox 1522 4257 1708 4296; x_wconf 88' lang='lat' dir='ltr'><strong>aerem</strong></span> <span class='ocrx_word' id='word_1_530' title='bbox 1726 4247 1777 4295; x_wconf 89' lang='lat' dir='ltr'><strong>et</strong></span> <span class='ocrx_word' id='word_1_531' title='bbox 1791 4241 1987 4296; x_wconf 86' lang='lat' dir='ltr'><strong>ﬁrma-</strong></span> 
     </span>
    </p>
   </div>
   <div class='ocr_carea' id='block_1_74' title="bbox 337 4329 1987 4401">
    <p class='ocr_par' dir='ltr' id='par_1_74' title="bbox 337 4329 1987 4401">
     <span class='ocr_line' id='line_1_74' title="bbox 337 4329 1987 4401; baseline 0.005 -23"><span class='ocrx_word' id='word_1_532' title='bbox 337 4331 595 4384; x_wconf 88' lang='lat' dir='ltr'><strong>mentum</strong></span> <span class='ocrx_word' id='word_1_533' title='bbox 618 4334 1029 4401; x_wconf 78' lang='lat' dir='ltr'><strong>praetervectus</strong></span> <span class='ocrx_word' id='word_1_534' title='bbox 1060 4332 1118 4384; x_wconf 91' lang='lat' dir='ltr'><strong>in</strong></span> <span class='ocrx_word' id='word_1_535' title='bbox 1159 4329 1288 4399; x_wconf 90' lang='lat' dir='ltr'><strong>ipso</strong></span> <span class='ocrx_word' id='word_1_536' title='bbox 1321 4330 1511 4400; x_wconf 90' lang='lat' dir='ltr'><strong>primo</strong></span> <span class='ocrx_word' id='word_1_537' title='bbox 1544 4334 1601 4384; x_wconf 92' lang='lat' dir='ltr'><strong>et</strong></span> <span class='ocrx_word' id='word_1_538' title='bbox 1632 4329 1798 4385; x_wconf 91' lang='lat' dir='ltr'><strong>tertio</strong></span> <span class='ocrx_word' id='word_1_539' title='bbox 1820 4331 1987 4398; x_wconf 77' lang='lat' dir='ltr'><strong>caelo,</strong></span> 
     </span>
    </p>
   </div>
   <div class='ocr_carea' id='block_1_75' title="bbox 332 4418 1984 4492">
    <p class='ocr_par' dir='ltr' id='par_1_75' title="bbox 332 4418 1984 4492">
     <span class='ocr_line' id='line_1_75' title="bbox 332 4418 1984 4492; baseline 0.005 -23"><span class='ocrx_word' id='word_1_540' title='bbox 332 4418 552 4474; x_wconf 88' lang='lat' dir='ltr'><strong>ratione</strong></span> <span class='ocrx_word' id='word_1_541' title='bbox 585 4420 806 4477; x_wconf 89' lang='lat' dir='ltr'><strong>ordinis</strong></span> <span class='ocrx_word' id='word_1_542' title='bbox 841 4421 1182 4476; x_wconf 80' lang='lat' dir='ltr'><strong>inferiorum</strong></span> <span class='ocrx_word' id='word_1_543' title='bbox 1217 4421 1286 4475; x_wconf 91' lang='lat' dir='ltr'><strong>ad</strong></span> <span class='ocrx_word' id='word_1_544' title='bbox 1323 4420 1647 4491; x_wconf 87' lang='lat' dir='ltr'><strong>superiora,</strong></span> <span class='ocrx_word' id='word_1_545' title='bbox 1678 4421 1984 4492; x_wconf 89' lang='lat' dir='ltr'><strong>requievit.</strong></span> 
     </span>
    </p>
   </div>
   <div class='ocr_carea' id='block_1_76' title="bbox 411 4511 1986 4584">
    <p class='ocr_par' dir='ltr' id='par_1_76' title="bbox 411 4511 1986 4584">
     <span class='ocr_line' id='line_1_76' title="bbox 411 4511 1986 4584; baseline -0.002 -13"><span class='ocrx_word' id='word_1_546' title='bbox 411 4519 488 4572; x_wconf 85' lang='lat' dir='ltr'><strong>Eo</strong></span> <span class='ocrx_word' id='word_1_547' title='bbox 520 4516 682 4578; x_wconf 89' lang='lat' dir='ltr'><strong>item,</strong></span> <span class='ocrx_word' id='word_1_548' title='bbox 722 4514 874 4584; x_wconf 92' lang='lat' dir='ltr'><strong>quod</strong></span> <span class='ocrx_word' id='word_1_549' title='bbox 929 4511 1155 4567; x_wconf 82' lang='lat' dir='ltr'><strong>homini</strong></span> <span class='ocrx_word' id='word_1_550' title='bbox 1219 4528 1252 4566; x_wconf 91' lang='lat' dir='ltr'><strong>a</strong></span> <span class='ocrx_word' id='word_1_551' title='bbox 1292 4515 1558 4583; x_wconf 89' lang='lat' dir='ltr'><strong>serpente</strong></span> <span class='ocrx_word' id='word_1_552' title='bbox 1597 4511 1986 4578; x_wconf 76' lang='lat' dir='ltr'><strong>cognitionem</strong></span> 
     </span>
    </p>
   </div>
   <div class='ocr_carea' id='block_1_77' title="bbox 331 4601 1986 4672">
    <p class='ocr_par' dir='ltr' id='par_1_77' title="bbox 331 4601 1986 4672">
     <span class='ocr_line' id='line_1_77' title="bbox 331 4601 1986 4672; baseline -0.001 -13"><span class='ocrx_word' id='word_1_553' title='bbox 331 4607 520 4660; x_wconf 83' lang='lat' dir='ltr'><strong>datam</strong></span> <span class='ocrx_word' id='word_1_554' title='bbox 581 4620 707 4659; x_wconf 84' lang='lat' dir='ltr'><strong>esse</strong></span> <span class='ocrx_word' id='word_1_555' title='bbox 755 4603 973 4668; x_wconf 88' lang='lat' dir='ltr'><strong>dicunt,</strong></span> <span class='ocrx_word' id='word_1_556' title='bbox 1035 4606 1350 4656; x_wconf 84' lang='lat' dir='ltr'><strong>extremam</strong></span> <span class='ocrx_word' id='word_1_557' title='bbox 1411 4601 1768 4672; x_wconf 88' lang='lat' dir='ltr'><strong>impietatem</strong></span> <span class='ocrx_word' id='word_1_558' title='bbox 1819 4603 1986 4658; x_wconf 88' lang='lat' dir='ltr'><strong>redo-</strong></span> 
     </span>
    </p>
   </div>
   <div class='ocr_carea' id='block_1_78' title="bbox 2099 3344 3750 3415">
    <p class='ocr_par' dir='ltr' id='par_1_78' title="bbox 2099 3344 3750 3415">
     <span class='ocr_line' id='line_1_78' title="bbox 2099 3344 3750 3415; baseline 0.003 -14"><span class='ocrx_word' id='word_1_559' title='bbox 2099 3346 2253 3402; x_wconf 90' lang='lat' dir='ltr'><strong>enim</strong></span> <span class='ocrx_word' id='word_1_560' title='bbox 2284 3360 2486 3415; x_wconf 90' lang='lat' dir='ltr'><strong>aquam</strong></span> <span class='ocrx_word' id='word_1_561' title='bbox 2539 3344 2717 3400; x_wconf 89' lang='lat' dir='ltr'><strong>Deum</strong></span> <span class='ocrx_word' id='word_1_562' title='bbox 2751 3361 2872 3400; x_wconf 87' lang='lat' dir='ltr'><strong>esse</strong></span> <span class='ocrx_word' id='word_1_563' title='bbox 2919 3346 3082 3400; x_wconf 90' lang='lat' dir='ltr'><strong>dixit.</strong></span> <span class='ocrx_word' id='word_1_564' title='bbox 3135 3347 3516 3404; x_wconf 75' lang='lat' dir='ltr'><strong>Anaximenes</strong></span> <span class='ocrx_word' id='word_1_565' title='bbox 3563 3367 3750 3406; x_wconf 87' lang='lat' dir='ltr'><strong>aerem</strong></span> 
     </span>
    </p>
   </div>
   <div class='ocr_carea' id='block_1_79' title="bbox 2097 3422 3748 3506">
    <p class='ocr_par' dir='ltr' id='par_1_79' title="bbox 2097 3422 3748 3506">
     <span class='ocr_line' id='line_1_79' title="bbox 2097 3422 3748 3506; baseline 0.005 -18"><span class='ocrx_word' id='word_1_566' title='bbox 2097 3434 2444 3505; x_wconf 89' lang='lat' dir='ltr'><strong>principium</strong></span> <span class='ocrx_word' id='word_1_567' title='bbox 2501 3435 2755 3506; x_wconf 89' lang='lat' dir='ltr'><strong>primum</strong></span> <span class='ocrx_word' id='word_1_568' title='bbox 2812 3444 2866 3490; x_wconf 93' lang='lat' dir='ltr'><strong>et</strong></span> <span class='ocrx_word' id='word_1_569' title='bbox 2923 3451 3213 3492; x_wconf 89' lang='lat' dir='ltr'><strong>summum</strong></span> <span class='ocrx_word' id='word_1_570' title='bbox 3295 3455 3422 3495; x_wconf 89' lang='lat' dir='ltr'><strong>esse</strong></span> <span class='ocrx_word' id='word_1_571' title='bbox 3484 3422 3748 3496; x_wconf 87' lang='lat' dir='ltr'><strong>asseruit.</strong></span> 
     </span>
    </p>
   </div>
   <div class='ocr_carea' id='block_1_80' title="bbox 2095 3525 3748 3600">
    <p class='ocr_par' dir='ltr' id='par_1_80' title="bbox 2095 3525 3748 3600">
     <span class='ocr_line' id='line_1_80' title="bbox 2095 3525 3748 3600; baseline 0.005 -22"><span class='ocrx_word' id='word_1_572' title='bbox 2095 3525 2458 3594; x_wconf 85' lang='lat' dir='ltr'><strong>Anaxagoras</strong></span> <span class='ocrx_word' id='word_1_573' title='bbox 2523 3525 2779 3580; x_wconf 88' lang='lat' dir='ltr'><strong>idearum</strong></span> <span class='ocrx_word' id='word_1_574' title='bbox 2842 3525 3271 3595; x_wconf 84' lang='lat' dir='ltr'><strong>particularium</strong></span> <span class='ocrx_word' id='word_1_575' title='bbox 3329 3530 3748 3600; x_wconf 70' lang='lat' dir='ltr'><strong>aaqualitatibus</strong></span> 
     </span>
    </p>
   </div>
   <div class='ocr_carea' id='block_1_81' title="bbox 2095 3611 3747 3685">
    <p class='ocr_par' dir='ltr' id='par_1_81' title="bbox 2095 3611 3747 3685">
     <span class='ocr_line' id='line_1_81' title="bbox 2095 3611 3747 3685; baseline 0.005 -18"><span class='ocrx_word' id='word_1_576' title='bbox 2095 3613 2370 3677; x_wconf 85' lang='lat' dir='ltr'><strong>attribuit,</strong></span> <span class='ocrx_word' id='word_1_577' title='bbox 2427 3629 2564 3683; x_wconf 87' lang='lat' dir='ltr'><strong>quas</strong></span> <span class='ocrx_word' id='word_1_578' title='bbox 2621 3611 3016 3685; x_wconf 74' lang='grc' dir='ltr'><strong>ὁμοιομερείας</strong></span> <span class='ocrx_word' id='word_1_579' title='bbox 3075 3617 3250 3672; x_wconf 65' lang='lat' dir='ltr'><strong>Graeci</strong></span> <span class='ocrx_word' id='word_1_580' title='bbox 3303 3623 3524 3673; x_wconf 86' lang='lat' dir='ltr'><strong>vocant.</strong></span> <span class='ocrx_word' id='word_1_581' title='bbox 3586 3621 3747 3676; x_wconf 83' lang='lat' dir='ltr'><strong>Alius</strong></span> 
     </span>
    </p>
   </div>
   <div class='ocr_carea' id='block_1_82' title="bbox 2097 3701 3746 3774">
    <p class='ocr_par' dir='ltr' id='par_1_82' title="bbox 2097 3701 3746 3774">
     <span class='ocr_line' id='line_1_82' title="bbox 2097 3701 3746 3774; baseline 0.004 -16"><span class='ocrx_word' id='word_1_582' title='bbox 2097 3701 2240 3758; x_wconf 88' lang='lat' dir='ltr'><strong>coelo</strong></span> <span class='ocrx_word' id='word_1_583' title='bbox 2274 3702 2657 3759; x_wconf 83' lang='lat' dir='ltr'><strong>universitatis</strong></span> <span class='ocrx_word' id='word_1_584' title='bbox 2716 3703 2891 3774; x_wconf 91' lang='lat' dir='ltr'><strong>hujus</strong></span> <span class='ocrx_word' id='word_1_585' title='bbox 2949 3706 3497 3763; x_wconf 86' lang='lat' dir='ltr'><strong>administrationem</strong></span> <span class='ocrx_word' id='word_1_586' title='bbox 3560 3711 3746 3765; x_wconf 88' lang='lat' dir='ltr'><strong>ascri-</strong></span> 
     </span>
    </p>
   </div>
   <div class='ocr_carea' id='block_1_83' title="bbox 2096 3793 3745 3865">
    <p class='ocr_par' dir='ltr' id='par_1_83' title="bbox 2096 3793 3745 3865">
     <span class='ocr_line' id='line_1_83' title="bbox 2096 3793 3745 3865; baseline 0.006 -17"><span class='ocrx_word' id='word_1_587' title='bbox 2096 3795 2225 3864; x_wconf 85' lang='lat' dir='ltr'><strong>psit.</strong></span> <span class='ocrx_word' id='word_1_588' title='bbox 2264 3793 2372 3848; x_wconf 89' lang='lat' dir='ltr'><strong>Alii</strong></span> <span class='ocrx_word' id='word_1_589' title='bbox 2406 3795 2651 3865; x_wconf 88' lang='lat' dir='ltr'><strong>denique</strong></span> <span class='ocrx_word' id='word_1_590' title='bbox 2680 3811 2812 3851; x_wconf 89' lang='lat' dir='ltr'><strong>cum</strong></span> <span class='ocrx_word' id='word_1_591' title='bbox 2842 3795 2952 3853; x_wconf 83' lang='lat' dir='ltr'><strong>alio</strong></span> <span class='ocrx_word' id='word_1_592' title='bbox 3004 3799 3173 3853; x_wconf 88' lang='lat' dir='ltr'><strong>modo</strong></span> <span class='ocrx_word' id='word_1_593' title='bbox 3205 3799 3273 3853; x_wconf 89' lang='lat' dir='ltr'><strong>ad</strong></span> <span class='ocrx_word' id='word_1_594' title='bbox 3316 3800 3520 3854; x_wconf 86' lang='lat' dir='ltr'><strong>variam</strong></span> <span class='ocrx_word' id='word_1_595' title='bbox 3555 3818 3745 3858; x_wconf 85' lang='lat' dir='ltr'><strong>rerum</strong></span> 
     </span>
    </p>
   </div>
   <div class='ocr_carea' id='block_1_84' title="bbox 2097 3883 3748 3959">
    <p class='ocr_par' dir='ltr' id='par_1_84' title="bbox 2097 3883 3748 3959">
     <span class='ocr_line' id='line_1_84' title="bbox 2097 3883 3748 3959; baseline 0.006 -21"><span class='ocrx_word' id='word_1_596' title='bbox 2097 3899 2234 3954; x_wconf 89' lang='lat' dir='ltr'><strong>quas</strong></span> <span class='ocrx_word' id='word_1_597' title='bbox 2265 3883 2414 3940; x_wconf 89' lang='lat' dir='ltr'><strong>Deus</strong></span> <span class='ocrx_word' id='word_1_598' title='bbox 2455 3886 2661 3940; x_wconf 88' lang='lat' dir='ltr'><strong>creavit</strong></span> <span class='ocrx_word' id='word_1_599' title='bbox 2721 3887 3127 3958; x_wconf 84' lang='lat' dir='ltr'><strong>cognitionem,</strong></span> <span class='ocrx_word' id='word_1_600' title='bbox 3163 3895 3429 3959; x_wconf 89' lang='lat' dir='ltr'><strong>tanquam</strong></span> <span class='ocrx_word' id='word_1_601' title='bbox 3475 3892 3543 3945; x_wconf 91' lang='lat' dir='ltr'><strong>ad</strong></span> <span class='ocrx_word' id='word_1_602' title='bbox 3575 3892 3748 3948; x_wconf 87' lang='lat' dir='ltr'><strong>arbo—</strong></span> 
     </span>
    </p>
   </div>
   <div class='ocr_carea' id='block_1_85' title="bbox 2099 3973 3744 4053">
    <p class='ocr_par' dir='ltr' id='par_1_85' title="bbox 2099 3973 3744 4053">
     <span class='ocr_line' id='line_1_85' title="bbox 2099 3973 3744 4053; baseline 0.005 -25"><span class='ocrx_word' id='word_1_603' title='bbox 2099 3989 2214 4029; x_wconf 91' lang='lat' dir='ltr'><strong>rem</strong></span> <span class='ocrx_word' id='word_1_604' title='bbox 2261 3973 2513 4029; x_wconf 62' lang='lat' dir='ltr'><strong>scientiae</strong></span> <span class='ocrx_word' id='word_1_605' title='bbox 2547 3973 2682 4030; x_wconf 93' lang='lat' dir='ltr'><strong>boni</strong></span> <span class='ocrx_word' id='word_1_606' title='bbox 2737 3983 2790 4030; x_wconf 91' lang='lat' dir='ltr'><strong>et</strong></span> <span class='ocrx_word' id='word_1_607' title='bbox 2841 3975 2997 4044; x_wconf 85' lang='lat' dir='ltr'><strong>mali,</strong></span> <span class='ocrx_word' id='word_1_608' title='bbox 3059 3979 3315 4032; x_wconf 90' lang='lat' dir='ltr'><strong>animum</strong></span> <span class='ocrx_word' id='word_1_609' title='bbox 3373 3980 3744 4053; x_wconf 76' lang='lat' dir='ltr'><strong>appellarent,</strong></span> 
     </span>
    </p>
   </div>
   <div class='ocr_carea' id='block_1_86' title="bbox 2097 4063 3746 4139">
    <p class='ocr_par' dir='ltr' id='par_1_86' title="bbox 2097 4063 3746 4139">
     <span class='ocr_line' id='line_1_86' title="bbox 2097 4063 3746 4139; baseline 0.006 -21"><span class='ocrx_word' id='word_1_610' title='bbox 2097 4063 2311 4118; x_wconf 88' lang='lat' dir='ltr'><strong>exitiali</strong></span> <span class='ocrx_word' id='word_1_611' title='bbox 2358 4080 2417 4118; x_wconf 90' lang='lat' dir='ltr'><strong>se</strong></span> <span class='ocrx_word' id='word_1_612' title='bbox 2475 4064 2642 4120; x_wconf 86' lang='lat' dir='ltr'><strong>morti</strong></span> <span class='ocrx_word' id='word_1_613' title='bbox 2696 4066 3122 4136; x_wconf 86' lang='lat' dir='ltr'><strong>manciparunt,</strong></span> <span class='ocrx_word' id='word_1_614' title='bbox 3188 4076 3406 4124; x_wconf 88' lang='lat' dir='ltr'><strong>tantum</strong></span> <span class='ocrx_word' id='word_1_615' title='bbox 3448 4069 3649 4139; x_wconf 82' lang='lat' dir='ltr'><strong>abfuit,</strong></span> <span class='ocrx_word' id='word_1_616' title='bbox 3684 4079 3746 4128; x_wconf 88' lang='lat' dir='ltr'><strong>ut</strong></span> 
     </span>
    </p>
   </div>
   <div class='ocr_carea' id='block_1_87' title="bbox 2096 4152 3743 4224">
    <p class='ocr_par' dir='ltr' id='par_1_87' title="bbox 2096 4152 3743 4224">
     <span class='ocr_line' id='line_1_87' title="bbox 2096 4152 3743 4224; baseline 0.004 -15"><span class='ocrx_word' id='word_1_617' title='bbox 2096 4152 2316 4209; x_wconf 85' lang='lat' dir='ltr'><strong>arboris</strong></span> <span class='ocrx_word' id='word_1_618' title='bbox 2341 4152 2467 4208; x_wconf 79' lang='lat' dir='ltr'><strong>vitae</strong></span> <span class='ocrx_word' id='word_1_619' title='bbox 2526 4154 2836 4224; x_wconf 86' lang='lat' dir='ltr'><strong>participes</strong></span> <span class='ocrx_word' id='word_1_620' title='bbox 2893 4163 3105 4212; x_wconf 88' lang='lat' dir='ltr'><strong>essent.</strong></span> <span class='ocrx_word' id='word_1_621' title='bbox 3156 4157 3328 4214; x_wconf 91' lang='lat' dir='ltr'><strong>Porro</strong></span> <span class='ocrx_word' id='word_1_622' title='bbox 3375 4163 3552 4214; x_wconf 90' lang='lat' dir='ltr'><strong>Deum</strong></span> <span class='ocrx_word' id='word_1_623' title='bbox 3600 4162 3743 4216; x_wconf 85' lang='lat' dir='ltr'><strong>Ada-</strong></span> 
     </span>
    </p>
   </div>
   <div class='ocr_carea' id='block_1_88' title="bbox 2099 4243 3743 4317">
    <p class='ocr_par' dir='ltr' id='par_1_88' title="bbox 2099 4243 3743 4317">
     <span class='ocr_line' id='line_1_88' title="bbox 2099 4243 3743 4317; baseline 0.006 -21"><span class='ocrx_word' id='word_1_624' title='bbox 2099 4258 2222 4297; x_wconf 90' lang='lat' dir='ltr'><strong>mus</strong></span> <span class='ocrx_word' id='word_1_625' title='bbox 2263 4243 2474 4312; x_wconf 87' lang='lat' dir='ltr'><strong>absque</strong></span> <span class='ocrx_word' id='word_1_626' title='bbox 2532 4243 2870 4300; x_wconf 90' lang='lat' dir='ltr'><strong>intermedio</strong></span> <span class='ocrx_word' id='word_1_627' title='bbox 2931 4262 3045 4300; x_wconf 90' lang='lat' dir='ltr'><strong>non</strong></span> <span class='ocrx_word' id='word_1_628' title='bbox 3101 4246 3280 4317; x_wconf 87' lang='lat' dir='ltr'><strong>videt,</strong></span> <span class='ocrx_word' id='word_1_629' title='bbox 3340 4254 3438 4303; x_wconf 91' lang='lat' dir='ltr'><strong>aut</strong></span> <span class='ocrx_word' id='word_1_630' title='bbox 3500 4255 3743 4306; x_wconf 85' lang='lat' dir='ltr'><strong>stantem</strong></span> 
     </span>
    </p>
   </div>
   <div class='ocr_carea' id='block_1_89' title="bbox 2097 4333 3742 4410">
    <p class='ocr_par' dir='ltr' id='par_1_89' title="bbox 2097 4333 3742 4410">
     <span class='ocr_line' id='line_1_89' title="bbox 2097 4333 3742 4410; baseline 0.006 -24"><span class='ocrx_word' id='word_1_631' title='bbox 2097 4348 2283 4387; x_wconf 87' lang='lat' dir='ltr'><strong>coram</strong></span> <span class='ocrx_word' id='word_1_632' title='bbox 2318 4333 2610 4402; x_wconf 87' lang='lat' dir='ltr'><strong>obtuetur,</strong></span> <span class='ocrx_word' id='word_1_633' title='bbox 2644 4334 2737 4387; x_wconf 90' lang='lat' dir='ltr'><strong>sed</strong></span> <span class='ocrx_word' id='word_1_634' title='bbox 2789 4334 2971 4389; x_wconf 93' lang='lat' dir='ltr'><strong>solum</strong></span> <span class='ocrx_word' id='word_1_635' title='bbox 3015 4335 3072 4390; x_wconf 92' lang='lat' dir='ltr'><strong>in</strong></span> <span class='ocrx_word' id='word_1_636' title='bbox 3123 4337 3389 4405; x_wconf 85' lang='lat' dir='ltr'><strong>paradiso</strong></span> <span class='ocrx_word' id='word_1_637' title='bbox 3450 4340 3742 4410; x_wconf 89' lang='lat' dir='ltr'><strong>prodeam-</strong></span> 
     </span>
    </p>
   </div>
   <div class='ocr_carea' id='block_1_90' title="bbox 2099 4420 3741 4501">
    <p class='ocr_par' dir='ltr' id='par_1_90' title="bbox 2099 4420 3741 4501">
     <span class='ocr_line' id='line_1_90' title="bbox 2099 4420 3741 4501; baseline 0.006 -25"><span class='ocrx_word' id='word_1_638' title='bbox 2099 4420 2388 4476; x_wconf 89' lang='lat' dir='ltr'><strong>hulantem</strong></span> <span class='ocrx_word' id='word_1_639' title='bbox 2441 4422 2622 4489; x_wconf 88' lang='lat' dir='ltr'><strong>audit,</strong></span> <span class='ocrx_word' id='word_1_640' title='bbox 2684 4429 2740 4477; x_wconf 90' lang='lat' dir='ltr'><strong>ut</strong></span> <span class='ocrx_word' id='word_1_641' title='bbox 2785 4422 2870 4476; x_wconf 82' lang='lat' dir='ltr'><strong>his</strong></span> <span class='ocrx_word' id='word_1_642' title='bbox 2939 4439 3162 4494; x_wconf 88' lang='lat' dir='ltr'><strong>quoque</strong></span> <span class='ocrx_word' id='word_1_643' title='bbox 3216 4426 3382 4480; x_wconf 88' lang='lat' dir='ltr'><strong>verba</strong></span> <span class='ocrx_word' id='word_1_644' title='bbox 3441 4428 3741 4501; x_wconf 85' lang='lat' dir='ltr'><strong>faciamus,</strong></span> 
     </span>
    </p>
   </div>
   <div class='ocr_carea' id='block_1_91' title="bbox 2098 4509 3743 4584">
    <p class='ocr_par' dir='ltr' id='par_1_91' title="bbox 2098 4509 3743 4584">
     <span class='ocr_line' id='line_1_91' title="bbox 2098 4509 3743 4584; baseline 0.007 -20"><span class='ocrx_word' id='word_1_645' title='bbox 2098 4509 2356 4581; x_wconf 89' lang='lat' dir='ltr'><strong>quamvis</strong></span> <span class='ocrx_word' id='word_1_646' title='bbox 2390 4510 2460 4565; x_wconf 89' lang='lat' dir='ltr'><strong>ab</strong></span> <span class='ocrx_word' id='word_1_647' title='bbox 2493 4511 2753 4567; x_wconf 90' lang='lat' dir='ltr'><strong>instituto</strong></span> <span class='ocrx_word' id='word_1_648' title='bbox 2779 4520 3114 4582; x_wconf 84' lang='lat' dir='ltr'><strong>argumento</strong></span> <span class='ocrx_word' id='word_1_649' title='bbox 3174 4513 3358 4570; x_wconf 88' lang='lat' dir='ltr'><strong>aliena</strong></span> <span class='ocrx_word' id='word_1_650' title='bbox 3407 4517 3538 4573; x_wconf 88' lang='lat' dir='ltr'><strong>sint.</strong></span> <span class='ocrx_word' id='word_1_651' title='bbox 3588 4519 3743 4584; x_wconf 88' lang='lat' dir='ltr'><strong>Quo-</strong></span> 
     </span>
    </p>
   </div>
   <div class='ocr_carea' id='block_1_92' title="bbox 2097 4603 3743 4678">
    <p class='ocr_par' dir='ltr' id='par_1_92' title="bbox 2097 4603 3743 4678">
     <span class='ocr_line' id='line_1_92' title="bbox 2097 4603 3743 4678; baseline 0.004 -20"><span class='ocrx_word' id='word_1_652' title='bbox 2097 4603 2248 4658; x_wconf 88' lang='lat' dir='ltr'><strong>niam</strong></span> <span class='ocrx_word' id='word_1_653' title='bbox 2313 4606 2428 4656; x_wconf 90' lang='lat' dir='ltr'><strong>stat</strong></span> <span class='ocrx_word' id='word_1_654' title='bbox 2457 4603 2682 4672; x_wconf 91' lang='lat' dir='ltr'><strong>quidem</strong></span> <span class='ocrx_word' id='word_1_655' title='bbox 2747 4607 2890 4659; x_wconf 89' lang='lat' dir='ltr'><strong>Deus</strong></span> <span class='ocrx_word' id='word_1_656' title='bbox 2929 4604 2997 4658; x_wconf 89' lang='lat' dir='ltr'><strong>iis</strong></span> <span class='ocrx_word' id='word_1_657' title='bbox 3057 4605 3152 4674; x_wconf 87' lang='lat' dir='ltr'><strong>qui</strong></span> <span class='ocrx_word' id='word_1_658' title='bbox 3209 4614 3376 4675; x_wconf 86' lang='lat' dir='ltr'><strong>stant,</strong></span> <span class='ocrx_word' id='word_1_659' title='bbox 3431 4613 3743 4678; x_wconf 88' lang='lat' dir='ltr'><strong>caventque</strong></span> 
     </span>
    </p>
   </div>
   <div class='ocr_carea' id='block_1_93' title="bbox 332 4669 3742 4752">
    <p class='ocr_par' dir='ltr' id='par_1_93' title="bbox 332 4669 3742 4752">
     <span class='ocr_line' id='line_1_93' title="bbox 332 4669 3742 4752; baseline 0.001 -2"><span class='ocrx_word' id='word_1_660' title='bbox 332 4695 473 4750; x_wconf 89' lang='lat' dir='ltr'><strong>lent.</strong></span> <span class='ocrx_word' id='word_1_661' title='bbox 527 4693 777 4749; x_wconf 87' lang='lat' dir='ltr'><strong>Mosaica</strong></span> <span class='ocrx_word' id='word_1_662' title='bbox 821 4694 976 4748; x_wconf 89' lang='lat' dir='ltr'><strong>enim</strong></span> <span class='ocrx_word' id='word_1_663' title='bbox 1044 4692 1292 4747; x_wconf 89' lang='lat' dir='ltr'><strong>historia</strong></span> <span class='ocrx_word' id='word_1_664' title='bbox 1341 4691 1627 4746; x_wconf 87' lang='lat' dir='ltr'><strong>Adamum</strong></span> <span class='ocrx_word' id='word_1_665' title='bbox 1687 4692 1992 4747; x_wconf 86' lang='lat' dir='ltr'><strong>animanti-</strong></span> <span class='ocrx_word' id='word_1_666' title='bbox 2019 4669 2064 4732; x_wconf 72' lang='grc' dir='ltr'><strong>Β</strong></span> <span class='ocrx_word' id='word_1_667' title='bbox 2099 4708 2171 4748; x_wconf 91' lang='lat' dir='ltr'><strong>ne</strong></span> <span class='ocrx_word' id='word_1_668' title='bbox 2200 4691 2271 4746; x_wconf 89' lang='lat' dir='ltr'><strong>ab</strong></span> <span class='ocrx_word' id='word_1_669' title='bbox 2305 4692 2528 4746; x_wconf 88' lang='lat' dir='ltr'><strong>honesti</strong></span> <span class='ocrx_word' id='word_1_670' title='bbox 2561 4693 2786 4747; x_wconf 87' lang='lat' dir='ltr'><strong>actione</strong></span> <span class='ocrx_word' id='word_1_671' title='bbox 2825 4693 3110 4748; x_wconf 86' lang='lat' dir='ltr'><strong>decidant.</strong></span> <span class='ocrx_word' id='word_1_672' title='bbox 3163 4695 3246 4749; x_wconf 90' lang='lat' dir='ltr'><strong>Ab</strong></span> <span class='ocrx_word' id='word_1_673' title='bbox 3283 4669 3742 4752; x_wconf 72' lang='lat' dir='ltr'><strong>inconstantibus</strong></span> 
     </span>
    </p>
   </div>
   <div class='ocr_carea' id='block_1_94' title="bbox 331 4780 1986 4853">
    <p class='ocr_par' dir='ltr' id='par_1_94' title="bbox 331 4780 1986 4853">
     <span class='ocr_line' id='line_1_94' title="bbox 331 4780 1986 4853; baseline -0.001 -14"><span class='ocrx_word' id='word_1_674' title='bbox 331 4784 440 4839; x_wconf 89' lang='lat' dir='ltr'><strong>bus</strong></span> <span class='ocrx_word' id='word_1_675' title='bbox 481 4784 718 4839; x_wconf 91' lang='lat' dir='ltr'><strong>nomina</strong></span> <span class='ocrx_word' id='word_1_676' title='bbox 772 4782 1198 4853; x_wconf 86' lang='lat' dir='ltr'><strong>imponentem.</strong></span> <span class='ocrx_word' id='word_1_677' title='bbox 1249 4781 1471 4851; x_wconf 86' lang='lat' dir='ltr'><strong>hocque</strong></span> <span class='ocrx_word' id='word_1_678' title='bbox 1521 4780 1692 4835; x_wconf 89' lang='lat' dir='ltr'><strong>modo</strong></span> <span class='ocrx_word' id='word_1_679' title='bbox 1735 4780 1804 4835; x_wconf 90' lang='lat' dir='ltr'><strong>de</strong></span> <span class='ocrx_word' id='word_1_680' title='bbox 1876 4782 1986 4837; x_wconf 88' lang='lat' dir='ltr'><strong>Eva</strong></span> 
     </span>
    </p>
   </div>
   <div class='ocr_carea' id='block_1_95' title="bbox 339 4870 1984 4941">
    <p class='ocr_par' dir='ltr' id='par_1_95' title="bbox 339 4870 1984 4941">
     <span class='ocr_line' id='line_1_95' title="bbox 339 4870 1984 4941; baseline -0.001 -13"><span class='ocrx_word' id='word_1_681' title='bbox 339 4873 722 4929; x_wconf 83' lang='lat' dir='ltr'><strong>disserentem</strong></span> <span class='ocrx_word' id='word_1_682' title='bbox 773 4870 1114 4926; x_wconf 87' lang='lat' dir='ltr'><strong>introducit:</strong></span> <span class='ocrx_word' id='word_1_683' title='bbox 1157 4871 1264 4924; x_wconf 85' lang='lat' dir='ltr'><strong>Hoc</strong></span> <span class='ocrx_word' id='word_1_684' title='bbox 1312 4870 1489 4941; x_wconf 89' lang='lat' dir='ltr'><strong>igitur</strong></span> <span class='ocrx_word' id='word_1_685' title='bbox 1535 4885 1592 4924; x_wconf 79' lang='lat' dir='ltr'><strong>os</strong></span> <span class='ocrx_word' id='word_1_686' title='bbox 1654 4885 1723 4925; x_wconf 79' lang='lat' dir='ltr'><strong>ex</strong></span> <span class='ocrx_word' id='word_1_687' title='bbox 1775 4871 1984 4926; x_wconf 79' lang='lat' dir='ltr'><strong>ossibus</strong></span> 
     </span>
    </p>
   </div>
   <div class='ocr_carea' id='block_1_96' title="bbox 327 4959 1984 5032">
    <p class='ocr_par' dir='ltr' id='par_1_96' title="bbox 327 4959 1984 5032">
     <span class='ocr_line' id='line_1_96' title="bbox 327 4959 1984 5032; baseline -0.001 -13"><span class='ocrx_word' id='word_1_688' title='bbox 327 4963 485 5032; x_wconf 77' lang='lat' dir='ltr'><strong>meis,</strong></span> <span class='ocrx_word' id='word_1_689' title='bbox 536 4966 587 5018; x_wconf 86' lang='lat' dir='ltr'><strong>et</strong></span> <span class='ocrx_word' id='word_1_690' title='bbox 622 4978 754 5017; x_wconf 76' lang='lat' dir='ltr'><strong>raro</strong></span> <span class='ocrx_word' id='word_1_691' title='bbox 799 4977 867 5016; x_wconf 75' lang='lat' dir='ltr'><strong>ex</strong></span> <span class='ocrx_word' id='word_1_692' title='bbox 910 4977 1074 5016; x_wconf 81' lang='lat' dir='ltr'><strong>car-ne</strong></span> <span class='ocrx_word' id='word_1_693' title='bbox 1131 4976 1253 5015; x_wconf 90' lang='lat' dir='ltr'><strong>mea</strong></span> <span class='ocrx_word' id='word_1_694' title='bbox 1303 4961 1365 5014; x_wconf 74' lang='lat'><strong>5°.</strong></span> <span class='ocrx_word' id='word_1_695' title='bbox 1398 4959 1502 5023; x_wconf 85' lang='lat' dir='ltr'><strong>Qui</strong></span> <span class='ocrx_word' id='word_1_696' title='bbox 1564 4975 1693 5016; x_wconf 90' lang='lat' dir='ltr'><strong>cum</strong></span> <span class='ocrx_word' id='word_1_697' title='bbox 1748 4961 1984 5018; x_wconf 86' lang='lat' dir='ltr'><strong>Domini</strong></span> 
     </span>
    </p>
   </div>
   <div class='ocr_carea' id='block_1_97' title="bbox 329 5048 1982 5123">
    <p class='ocr_par' dir='ltr' id='par_1_97' title="bbox 329 5048 1982 5123">
     <span class='ocr_line' id='line_1_97' title="bbox 329 5048 1982 5123; baseline -0.001 -17"><span class='ocrx_word' id='word_1_698' title='bbox 329 5061 680 5123; x_wconf 67' lang='lat' dir='ltr'><strong>praeceptum</strong></span> <span class='ocrx_word' id='word_1_699' title='bbox 708 5049 875 5105; x_wconf 91' lang='lat' dir='ltr'><strong>nihili</strong></span> <span class='ocrx_word' id='word_1_700' title='bbox 923 5049 1174 5113; x_wconf 88' lang='lat' dir='ltr'><strong>fecisset,</strong></span> <span class='ocrx_word' id='word_1_701' title='bbox 1202 5064 1314 5120; x_wconf 86' lang='lat' dir='ltr'><strong>quo</strong></span> <span class='ocrx_word' id='word_1_702' title='bbox 1354 5048 1670 5102; x_wconf 87' lang='lat' dir='ltr'><strong>cavebatur</strong></span> <span class='ocrx_word' id='word_1_703' title='bbox 1712 5054 1769 5102; x_wconf 92' lang='lat' dir='ltr'><strong>ut</strong></span> <span class='ocrx_word' id='word_1_704' title='bbox 1812 5049 1982 5104; x_wconf 85' lang='lat' dir='ltr'><strong>arbo—</strong></span> 
     </span>
    </p>
   </div>
   <div class='ocr_carea' id='block_1_98' title="bbox 329 5135 1983 5208">
    <p class='ocr_par' dir='ltr' id='par_1_98' title="bbox 329 5135 1983 5208">
     <span class='ocr_line' id='line_1_98' title="bbox 329 5135 1983 5208; baseline -0.002 -12"><span class='ocrx_word' id='word_1_705' title='bbox 329 5159 421 5196; x_wconf 84' lang='lat' dir='ltr'><strong>res</strong></span> <span class='ocrx_word' id='word_1_706' title='bbox 454 5157 681 5206; x_wconf 85' lang='lat' dir='ltr'><strong>omnes,</strong></span> <span class='ocrx_word' id='word_1_707' title='bbox 716 5140 926 5208; x_wconf 86' lang='lat' dir='ltr'><strong>quibus</strong></span> <span class='ocrx_word' id='word_1_708' title='bbox 962 5140 1137 5194; x_wconf 88' lang='lat' dir='ltr'><strong>Edem</strong></span> <span class='ocrx_word' id='word_1_709' title='bbox 1191 5138 1549 5193; x_wconf 88' lang='lat' dir='ltr'><strong>immensum</strong></span> <span class='ocrx_word' id='word_1_710' title='bbox 1626 5135 1983 5206; x_wconf 83' lang='lat' dir='ltr'><strong>luxuriabat,</strong></span> 
     </span>
    </p>
   </div>
   <div class='ocr_carea' id='block_1_99' title="bbox 325 5226 1983 5298">
    <p class='ocr_par' dir='ltr' id='par_1_99' title="bbox 325 5226 1983 5298">
     <span class='ocr_line' id='line_1_99' title="bbox 325 5226 1983 5298; baseline -0.002 -13"><span class='ocrx_word' id='word_1_711' title='bbox 325 5235 729 5296; x_wconf 88' lang='lat' dir='ltr'><strong>contrectaret,</strong></span> <span class='ocrx_word' id='word_1_712' title='bbox 803 5229 1057 5297; x_wconf 87' lang='lat' dir='ltr'><strong>indeque</strong></span> <span class='ocrx_word' id='word_1_713' title='bbox 1144 5227 1358 5282; x_wconf 88' lang='lat' dir='ltr'><strong>victum</strong></span> <span class='ocrx_word' id='word_1_714' title='bbox 1421 5226 1532 5282; x_wconf 91' lang='lat' dir='ltr'><strong>sibi</strong></span> <span class='ocrx_word' id='word_1_715' title='bbox 1605 5232 1855 5298; x_wconf 88' lang='lat' dir='ltr'><strong>pararet,</strong></span> <span class='ocrx_word' id='word_1_716' title='bbox 1911 5227 1983 5282; x_wconf 89' lang='lat' dir='ltr'><strong>ab</strong></span> 
     </span>
    </p>
   </div>
   <div class='ocr_carea' id='block_1_100' title="bbox 327 5315 1984 5387">
    <p class='ocr_par' dir='ltr' id='par_1_100' title="bbox 327 5315 1984 5387">
     <span class='ocr_line' id='line_1_100' title="bbox 327 5315 1984 5387; baseline -0.001 -13"><span class='ocrx_word' id='word_1_717' title='bbox 327 5320 500 5374; x_wconf 91' lang='lat' dir='ltr'><strong>unica</strong></span> <span class='ocrx_word' id='word_1_718' title='bbox 522 5337 654 5375; x_wconf 90' lang='lat' dir='ltr'><strong>vero</strong></span> <span class='ocrx_word' id='word_1_719' title='bbox 687 5319 938 5374; x_wconf 68' lang='lat' dir='ltr'><strong>scientiae</strong></span> <span class='ocrx_word' id='word_1_720' title='bbox 982 5317 1190 5372; x_wconf 87' lang='lat' dir='ltr'><strong>arbore</strong></span> <span class='ocrx_word' id='word_1_721' title='bbox 1247 5315 1591 5383; x_wconf 89' lang='lat' dir='ltr'><strong>abstineret,</strong></span> <span class='ocrx_word' id='word_1_722' title='bbox 1635 5333 1984 5387; x_wconf 79' lang='lat' dir='ltr'><strong>causamque</strong></span> 
     </span>
    </p>
   </div>
   <div class='ocr_carea' id='block_1_101' title="bbox 325 5406 1986 5483">
    <p class='ocr_par' dir='ltr' id='par_1_101' title="bbox 325 5406 1986 5483">
     <span class='ocr_line' id='line_1_101' title="bbox 325 5406 1986 5483; baseline 0.001 -20"><span class='ocrx_word' id='word_1_723' title='bbox 325 5410 468 5464; x_wconf 84' lang='lat' dir='ltr'><strong>adeo</strong></span> <span class='ocrx_word' id='word_1_724' title='bbox 492 5408 666 5480; x_wconf 89' lang='lat' dir='ltr'><strong>hujus</strong></span> <span class='ocrx_word' id='word_1_725' title='bbox 686 5409 765 5465; x_wconf 89' lang='lat' dir='ltr'><strong>rei</strong></span> <span class='ocrx_word' id='word_1_726' title='bbox 793 5412 1152 5483; x_wconf 89' lang='lat' dir='ltr'><strong>compertam</strong></span> <span class='ocrx_word' id='word_1_727' title='bbox 1203 5406 1528 5476; x_wconf 89' lang='lat' dir='ltr'><strong>habuisset,</strong></span> <span class='ocrx_word' id='word_1_728' title='bbox 1581 5406 1700 5461; x_wconf 91' lang='lat' dir='ltr'><strong>imo</strong></span> <span class='ocrx_word' id='word_1_729' title='bbox 1732 5424 1986 5479; x_wconf 68' lang='lat' dir='ltr'><strong>praesens</strong></span> 
     </span>
    </p>
   </div>
   <div class='ocr_carea' id='block_1_102' title="bbox 325 5496 1986 5578">
    <p class='ocr_par' dir='ltr' id='par_1_102' title="bbox 325 5496 1986 5578">
     <span class='ocr_line' id='line_1_102' title="bbox 325 5496 1986 5578; baseline -0.005 -16"><span class='ocrx_word' id='word_1_730' title='bbox 325 5519 358 5556; x_wconf 72' lang='grc' dir='ltr'>α</span> <span class='ocrx_word' id='word_1_731' title='bbox 389 5507 676 5578; x_wconf 59' lang='lat' dir='ltr'><strong>praesente</strong></span> <span class='ocrx_word' id='word_1_732' title='bbox 704 5502 951 5558; x_wconf 91' lang='lat' dir='ltr'><strong>Domino</strong></span> <span class='ocrx_word' id='word_1_733' title='bbox 975 5499 1216 5556; x_wconf 90' lang='lat' dir='ltr'><strong>auribus</strong></span> <span class='ocrx_word' id='word_1_734' title='bbox 1243 5496 1584 5568; x_wconf 84' lang='lat' dir='ltr'><strong>excepisset,</strong></span> <span class='ocrx_word' id='word_1_735' title='bbox 1620 5513 1735 5552; x_wconf 88' lang='lat' dir='ltr'><strong>non</strong></span> <span class='ocrx_word' id='word_1_736' title='bbox 1769 5497 1986 5568; x_wconf 87' lang='lat' dir='ltr'><strong>injuria</strong></span> 
     </span>
    </p>
   </div>
   <div class='ocr_carea' id='block_1_103' title="bbox 332 5587 1984 5669">
    <p class='ocr_par' dir='ltr' id='par_1_103' title="bbox 332 5587 1984 5669">
     <span class='ocr_line' id='line_1_103' title="bbox 332 5587 1984 5669; baseline -0.004 -19"><span class='ocrx_word' id='word_1_737' title='bbox 332 5597 619 5669; x_wconf 87' lang='lat' dir='ltr'><strong>Deijussu</strong></span> <span class='ocrx_word' id='word_1_738' title='bbox 644 5592 948 5657; x_wconf 86' lang='lat' dir='ltr'><strong>exsulavit,</strong></span> <span class='ocrx_word' id='word_1_739' title='bbox 983 5597 1033 5645; x_wconf 90' lang='lat' dir='ltr'><strong>et</strong></span> <span class='ocrx_word' id='word_1_740' title='bbox 1065 5589 1406 5644; x_wconf 82' lang='lat' dir='ltr'><strong>deliciarum</strong></span> <span class='ocrx_word' id='word_1_741' title='bbox 1440 5587 1605 5642; x_wconf 90' lang='lat' dir='ltr'><strong>horto</strong></span> <span class='ocrx_word' id='word_1_742' title='bbox 1646 5588 1984 5644; x_wconf 76' lang='lat' dir='ltr'><strong>exturbatus</strong></span> 
     </span>
    </p>
   </div>
   <div class='ocr_carea' id='block_1_104' title="bbox 403 5714 1379 5786">
    <p class='ocr_par' dir='ltr' id='par_1_104' title="bbox 403 5714 1379 5786">
     <span class='ocr_line' id='line_1_104' title="bbox 403 5714 1379 5786; baseline -0.018 -2"><span class='ocrx_word' id='word_1_743' title='bbox 403 5721 452 5755; x_wconf 65' lang='grc'><strong>⁵⁵</strong></span> <span class='ocrx_word' id='word_1_744' title='bbox 501 5726 668 5782; x_wconf 88' lang='lat' dir='ltr'><strong>Joan.</strong></span> <span class='ocrx_word' id='word_1_745' title='bbox 694 5740 734 5786; x_wconf 85' lang='grc' dir='ltr'><strong>ι,</strong></span> <span class='ocrx_word' id='word_1_746' title='bbox 763 5721 832 5773; x_wconf 89' lang='grc'><strong>3.</strong></span> <span class='ocrx_word' id='word_1_747' title='bbox 909 5716 955 5750; x_wconf 84' lang='grc'><strong>⁵³</strong></span> <span class='ocrx_word' id='word_1_748' title='bbox 977 5717 1257 5786; x_wconf 85' lang='lat' dir='ltr'><strong>Coloss.1,</strong></span> <span class='ocrx_word' id='word_1_749' title='bbox 1294 5714 1379 5767; x_wconf 85' lang='grc'><strong>16.</strong></span> 
     </span>
    </p>
   </div>
   <div class='ocr_carea' id='block_1_105' title="bbox 331 5785 1276 5864">
    <p class='ocr_par' dir='ltr' id='par_1_105' title="bbox 331 5785 1276 5864">
     <span class='ocr_line' id='line_1_105' title="bbox 331 5785 1276 5864; baseline -0.007 -15"><span class='ocrx_word' id='word_1_750' title='bbox 331 5795 377 5830; x_wconf 78' lang='grc'><strong>⁵⁸</strong></span> <span class='ocrx_word' id='word_1_751' title='bbox 409 5795 559 5854; x_wconf 88' lang='lat' dir='ltr'><strong>Psal.</strong></span> <span class='ocrx_word' id='word_1_752' title='bbox 595 5785 798 5864; x_wconf 85' lang='lat' dir='ltr'><strong>vut,6.</strong></span> <span class='ocrx_word' id='word_1_753' title='bbox 829 5789 874 5824; x_wconf 64' lang='lat'><strong>5°</strong></span> <span class='ocrx_word' id='word_1_754' title='bbox 903 5789 1046 5846; x_wconf 88' lang='lat' dir='ltr'><strong>Gen.</strong></span> <span class='ocrx_word' id='word_1_755' title='bbox 1083 5805 1147 5858; x_wconf 77' lang='grc' dir='ltr'><strong>ιι,</strong></span> <span class='ocrx_word' id='word_1_756' title='bbox 1187 5785 1276 5842; x_wconf 87' lang='lat'><strong>23.</strong></span> 
     </span>
    </p>
   </div>
   <div class='ocr_carea' id='block_1_106' title="bbox 1456 5711 2634 5787">
    <p class='ocr_par' dir='ltr' id='par_1_106' title="bbox 1456 5711 2634 5787">
     <span class='ocr_line' id='line_1_106' title="bbox 1456 5711 2634 5787; baseline -0.002 -19"><span class='ocrx_word' id='word_1_757' title='bbox 1456 5712 1500 5746; x_wconf 82' lang='grc'><strong>⁶⁴</strong></span> <span class='ocrx_word' id='word_1_758' title='bbox 1541 5715 1664 5769; x_wconf 84' lang='lat' dir='ltr'><strong>Act.</strong></span> <span class='ocrx_word' id='word_1_759' title='bbox 1707 5730 1846 5785; x_wconf 84' lang='lat' dir='ltr'><strong>xvu,</strong></span> <span class='ocrx_word' id='word_1_760' title='bbox 1879 5719 2139 5787; x_wconf 73' lang='lat' dir='ltr'><strong>24.5eqq.</strong></span> <span class='ocrx_word' id='word_1_761' title='bbox 2286 5711 2439 5767; x_wconf 85' lang='lat' dir='ltr'><strong>Hebr</strong></span> <span class='ocrx_word' id='word_1_762' title='bbox 2466 5728 2542 5779; x_wconf 86' lang='lat' dir='ltr'><strong>x1,</strong></span> <span class='ocrx_word' id='word_1_763' title='bbox 2581 5711 2634 5766; x_wconf 95' lang='lat'><strong>3.</strong></span> 
     </span>
    </p>
   </div>
   <div class='ocr_carea' id='block_1_107' title="bbox 2098 4781 3741 4853">
    <p class='ocr_par' dir='ltr' id='par_1_107' title="bbox 2098 4781 3741 4853">
     <span class='ocr_line' id='line_1_107' title="bbox 2098 4781 3741 4853; baseline 0.004 -17"><span class='ocrx_word' id='word_1_764' title='bbox 2098 4789 2309 4848; x_wconf 87' lang='lat' dir='ltr'><strong>autem,</strong></span> <span class='ocrx_word' id='word_1_765' title='bbox 2345 4789 2395 4835; x_wconf 90' lang='lat' dir='ltr'><strong>et</strong></span> <span class='ocrx_word' id='word_1_766' title='bbox 2419 4781 2716 4853; x_wconf 87' lang='lat' dir='ltr'><strong>obliquam</strong></span> <span class='ocrx_word' id='word_1_767' title='bbox 2746 4782 2817 4836; x_wconf 85' lang='lat' dir='ltr'><strong>ab</strong></span> <span class='ocrx_word' id='word_1_768' title='bbox 2851 4781 2920 4836; x_wconf 89' lang='lat' dir='ltr'><strong>iis</strong></span> <span class='ocrx_word' id='word_1_769' title='bbox 2953 4797 3076 4851; x_wconf 64' lang='lat' dir='ltr'><strong>qua:</strong></span> <span class='ocrx_word' id='word_1_770' title='bbox 3135 4781 3373 4838; x_wconf 91' lang='lat' dir='ltr'><strong>meliora</strong></span> <span class='ocrx_word' id='word_1_771' title='bbox 3417 4793 3546 4840; x_wconf 90' lang='lat' dir='ltr'><strong>sunt</strong></span> <span class='ocrx_word' id='word_1_772' title='bbox 3590 4787 3741 4842; x_wconf 90' lang='lat' dir='ltr'><strong>viam</strong></span> 
     </span>
    </p>
   </div>
   <div class='ocr_carea' id='block_1_108' title="bbox 2094 4869 3742 4942">
    <p class='ocr_par' dir='ltr' id='par_1_108' title="bbox 2094 4869 3742 4942">
     <span class='ocr_line' id='line_1_108' title="bbox 2094 4869 3742 4942; baseline 0.003 -16"><span class='ocrx_word' id='word_1_773' title='bbox 2094 4870 2472 4938; x_wconf 88' lang='lat' dir='ltr'><strong>sectantibus,</strong></span> <span class='ocrx_word' id='word_1_774' title='bbox 2525 4869 2843 4925; x_wconf 90' lang='lat' dir='ltr'><strong>dimovetur</strong></span> <span class='ocrx_word' id='word_1_775' title='bbox 2901 4885 3130 4940; x_wconf 89' lang='lat' dir='ltr'><strong>quoque</strong></span> <span class='ocrx_word' id='word_1_776' title='bbox 3189 4870 3362 4942; x_wconf 89' lang='lat' dir='ltr'><strong>Deus,</strong></span> <span class='ocrx_word' id='word_1_777' title='bbox 3421 4880 3475 4928; x_wconf 90' lang='lat' dir='ltr'><strong>et</strong></span> <span class='ocrx_word' id='word_1_778' title='bbox 3531 4875 3642 4930; x_wconf 87' lang='lat' dir='ltr'><strong>alio</strong></span> <span class='ocrx_word' id='word_1_779' title='bbox 3681 4892 3742 4932; x_wconf 92' lang='lat' dir='ltr'><strong>se</strong></span> 
     </span>
    </p>
   </div>
   <div class='ocr_carea' id='block_1_109' title="bbox 2093 4957 3741 5036">
    <p class='ocr_par' dir='ltr' id='par_1_109' title="bbox 2093 4957 3741 5036">
     <span class='ocr_line' id='line_1_109' title="bbox 2093 4957 3741 5036; baseline 0.002 -20"><span class='ocrx_word' id='word_1_780' title='bbox 2093 4961 2331 5025; x_wconf 82' lang='lat' dir='ltr'><strong>confert,</strong></span> <span class='ocrx_word' id='word_1_781' title='bbox 2365 4975 2545 5031; x_wconf 89' lang='lat' dir='ltr'><strong>eaque</strong></span> <span class='ocrx_word' id='word_1_782' title='bbox 2576 4959 2647 5013; x_wconf 90' lang='lat' dir='ltr'><strong>de</strong></span> <span class='ocrx_word' id='word_1_783' title='bbox 2679 4974 2848 5014; x_wconf 86' lang='lat' dir='ltr'><strong>causa</strong></span> <span class='ocrx_word' id='word_1_784' title='bbox 2880 4957 3035 5014; x_wconf 90' lang='lat' dir='ltr'><strong>Deus</strong></span> <span class='ocrx_word' id='word_1_785' title='bbox 3083 4975 3332 5032; x_wconf 80' lang='lat' dir='ltr'><strong>veSpere,</strong></span> <span class='ocrx_word' id='word_1_786' title='bbox 3367 4965 3428 5017; x_wconf 90' lang='lat' dir='ltr'><strong>ut</strong></span> <span class='ocrx_word' id='word_1_787' title='bbox 3475 4963 3741 5036; x_wconf 89' lang='lat' dir='ltr'><strong>arbitror,</strong></span> 
     </span>
    </p>
   </div>
   <div class='ocr_carea' id='block_1_110' title="bbox 2093 5047 3743 5117">
    <p class='ocr_par' dir='ltr' id='par_1_110' title="bbox 2093 5047 3743 5117">
     <span class='ocr_line' id='line_1_110' title="bbox 2093 5047 3743 5117; baseline 0.003 -13"><span class='ocrx_word' id='word_1_788' title='bbox 2093 5065 2210 5106; x_wconf 91' lang='lat' dir='ltr'><strong>non</strong></span> <span class='ocrx_word' id='word_1_789' title='bbox 2250 5056 2438 5106; x_wconf 88' lang='lat' dir='ltr'><strong>autem</strong></span> <span class='ocrx_word' id='word_1_790' title='bbox 2487 5063 2674 5113; x_wconf 88' lang='lat' dir='ltr'><strong>mane,</strong></span> <span class='ocrx_word' id='word_1_791' title='bbox 2726 5054 2784 5102; x_wconf 93' lang='lat' dir='ltr'><strong>ut</strong></span> <span class='ocrx_word' id='word_1_792' title='bbox 2837 5047 3017 5117; x_wconf 90' lang='lat' dir='ltr'><strong>prius,</strong></span> <span class='ocrx_word' id='word_1_793' title='bbox 3062 5049 3279 5104; x_wconf 89' lang='lat' dir='ltr'><strong>Adamo</strong></span> <span class='ocrx_word' id='word_1_794' title='bbox 3310 5050 3620 5108; x_wconf 89' lang='lat' dir='ltr'><strong>videndum</strong></span> <span class='ocrx_word' id='word_1_795' title='bbox 3680 5070 3743 5109; x_wconf 90' lang='lat' dir='ltr'><strong>se</strong></span> 
     </span>
    </p>
   </div>
   <div class='ocr_carea' id='block_1_111' title="bbox 2093 5137 3744 5211">
    <p class='ocr_par' dir='ltr' id='par_1_111' title="bbox 2093 5137 3744 5211">
     <span class='ocr_line' id='line_1_111' title="bbox 2093 5137 3744 5211; baseline 0.004 -18"><span class='ocrx_word' id='word_1_796' title='bbox 2093 5139 2309 5207; x_wconf 76' lang='lat' dir='ltr'><strong>praebet</strong></span> <span class='ocrx_word' id='word_1_797' title='bbox 2339 5139 2468 5208; x_wconf 90' lang='lat' dir='ltr'><strong>quia</strong></span> <span class='ocrx_word' id='word_1_798' title='bbox 2497 5137 2774 5192; x_wconf 85' lang='lat' dir='ltr'><strong>nimirum</strong></span> <span class='ocrx_word' id='word_1_799' title='bbox 2807 5153 2984 5207; x_wconf 83' lang='lat' dir='ltr'><strong>capax</strong></span> <span class='ocrx_word' id='word_1_800' title='bbox 3013 5138 3262 5207; x_wconf 87' lang='lat' dir='ltr'><strong>amplius</strong></span> <span class='ocrx_word' id='word_1_801' title='bbox 3305 5156 3418 5195; x_wconf 89' lang='lat' dir='ltr'><strong>non</strong></span> <span class='ocrx_word' id='word_1_802' title='bbox 3466 5146 3605 5211; x_wconf 87' lang='lat' dir='ltr'><strong>erat,</strong></span> <span class='ocrx_word' id='word_1_803' title='bbox 3649 5144 3744 5199; x_wconf 89' lang='lat' dir='ltr'><strong>cui</strong></span> 
     </span>
    </p>
   </div>
   <div class='ocr_carea' id='block_1_112' title="bbox 2093 5226 3743 5303">
    <p class='ocr_par' dir='ltr' id='par_1_112' title="bbox 2093 5226 3743 5303">
     <span class='ocr_line' id='line_1_112' title="bbox 2093 5226 3743 5303; baseline 0.003 -20"><span class='ocrx_word' id='word_1_804' title='bbox 2093 5227 2415 5298; x_wconf 90' lang='lat' dir='ltr'><strong>splendoris</strong></span> <span class='ocrx_word' id='word_1_805' title='bbox 2459 5226 2635 5281; x_wconf 91' lang='lat' dir='ltr'><strong>divini</strong></span> <span class='ocrx_word' id='word_1_806' title='bbox 2694 5227 2896 5281; x_wconf 91' lang='lat' dir='ltr'><strong>Oriens</strong></span> <span class='ocrx_word' id='word_1_807' title='bbox 2955 5226 3330 5291; x_wconf 86' lang='lat' dir='ltr'><strong>illucesceret.</strong></span> <span class='ocrx_word' id='word_1_808' title='bbox 3382 5231 3597 5303; x_wconf 89' lang='lat' dir='ltr'><strong>quippe</strong></span> <span class='ocrx_word' id='word_1_809' title='bbox 3650 5235 3743 5288; x_wconf 90' lang='lat' dir='ltr'><strong>cui</strong></span> 
     </span>
    </p>
   </div>
   <div class='ocr_carea' id='block_1_113' title="bbox 2095 5315 3742 5389">
    <p class='ocr_par' dir='ltr' id='par_1_113' title="bbox 2095 5315 3742 5389">
     <span class='ocr_line' id='line_1_113' title="bbox 2095 5315 3742 5389; baseline 0.002 -17"><span class='ocrx_word' id='word_1_810' title='bbox 2095 5323 2218 5388; x_wconf 90' lang='lat' dir='ltr'><strong>post</strong></span> <span class='ocrx_word' id='word_1_811' title='bbox 2258 5315 2768 5384; x_wconf 84' lang='lat' dir='ltr'><strong>transgressionem</strong></span> <span class='ocrx_word' id='word_1_812' title='bbox 2819 5315 3021 5370; x_wconf 89' lang='lat' dir='ltr'><strong>obtusa</strong></span> <span class='ocrx_word' id='word_1_813' title='bbox 3066 5333 3340 5373; x_wconf 85' lang='lat' dir='ltr'><strong>sensuum</strong></span> <span class='ocrx_word' id='word_1_814' title='bbox 3390 5336 3596 5389; x_wconf 86' lang='lat' dir='ltr'><strong>organa</strong></span> <span class='ocrx_word' id='word_1_815' title='bbox 3641 5321 3742 5376; x_wconf 77' lang='lat' dir='ltr'><strong>he-</strong></span> 
     </span>
    </p>
   </div>
   <div class='ocr_carea' id='block_1_114' title="bbox 2095 5405 3742 5466">
    <p class='ocr_par' dir='ltr' id='par_1_114' title="bbox 2095 5405 3742 5466">
     <span class='ocr_line' id='line_1_114' title="bbox 2095 5405 3742 5466; baseline 0.002 -5"><span class='ocrx_word' id='word_1_816' title='bbox 2095 5407 2412 5461; x_wconf 87' lang='lat' dir='ltr'><strong>bcscerent.</strong></span> <span class='ocrx_word' id='word_1_817' title='bbox 2443 5410 2626 5459; x_wconf 86' lang='lat' dir='ltr'><strong>Antea</strong></span> <span class='ocrx_word' id='word_1_818' title='bbox 2671 5405 2820 5460; x_wconf 89' lang='lat' dir='ltr'><strong>enim</strong></span> <span class='ocrx_word' id='word_1_819' title='bbox 2867 5421 2983 5460; x_wconf 89' lang='lat' dir='ltr'><strong>non</strong></span> <span class='ocrx_word' id='word_1_820' title='bbox 3035 5420 3102 5460; x_wconf 83' lang='lat' dir='ltr'><strong>ex</strong></span> <span class='ocrx_word' id='word_1_821' title='bbox 3131 5406 3429 5462; x_wconf 86' lang='lat' dir='ltr'><strong>intervallo</strong></span> <span class='ocrx_word' id='word_1_822' title='bbox 3463 5423 3592 5462; x_wconf 91' lang='lat' dir='ltr'><strong>cum</strong></span> <span class='ocrx_word' id='word_1_823' title='bbox 3626 5409 3742 5466; x_wconf 91' lang='lat' dir='ltr'><strong>Deo</strong></span> 
     </span>
    </p>
   </div>
   <div class='ocr_carea' id='block_1_115' title="bbox 2093 5495 3740 5567">
    <p class='ocr_par' dir='ltr' id='par_1_115' title="bbox 2093 5495 3740 5567">
     <span class='ocr_line' id='line_1_115' title="bbox 2093 5495 3740 5567; baseline 0.001 -13"><span class='ocrx_word' id='word_1_824' title='bbox 2093 5495 2548 5567; x_wconf 88' lang='lat' dir='ltr'><strong>colloquebatur,</strong></span> <span class='ocrx_word' id='word_1_825' title='bbox 2591 5511 2775 5566; x_wconf 87' lang='lat' dir='ltr'><strong>neque</strong></span> <span class='ocrx_word' id='word_1_826' title='bbox 2805 5495 2904 5563; x_wconf 87' lang='lat' dir='ltr'><strong>ita,</strong></span> <span class='ocrx_word' id='word_1_827' title='bbox 2940 5503 2997 5551; x_wconf 90' lang='lat' dir='ltr'><strong>ut</strong></span> <span class='ocrx_word' id='word_1_828' title='bbox 3027 5513 3183 5552; x_wconf 87' lang='lat' dir='ltr'><strong>nunc</strong></span> <span class='ocrx_word' id='word_1_829' title='bbox 3212 5497 3448 5567; x_wconf 83' lang='lat' dir='ltr'><strong>quidem</strong></span> <span class='ocrx_word' id='word_1_830' title='bbox 3497 5499 3740 5567; x_wconf 85' lang='lat' dir='ltr'><strong>adesset,</strong></span> 
     </span>
    </p>
   </div>
   <div class='ocr_carea' id='block_1_116' title="bbox 2097 5585 3742 5661">
    <p class='ocr_par' dir='ltr' id='par_1_116' title="bbox 2097 5585 3742 5661">
     <span class='ocr_line' id='line_1_116' title="bbox 2097 5585 3742 5661; baseline 0.002 -18"><span class='ocrx_word' id='word_1_831' title='bbox 2097 5603 2253 5643; x_wconf 89' lang='lat' dir='ltr'><strong>nunc</strong></span> <span class='ocrx_word' id='word_1_832' title='bbox 2283 5602 2414 5641; x_wconf 90' lang='lat' dir='ltr'><strong>vero</strong></span> <span class='ocrx_word' id='word_1_833' title='bbox 2441 5585 2704 5641; x_wconf 90' lang='lat' dir='ltr'><strong>abesset:</strong></span> <span class='ocrx_word' id='word_1_834' title='bbox 2740 5586 2856 5641; x_wconf 91' lang='lat' dir='ltr'><strong>imo</strong></span> <span class='ocrx_word' id='word_1_835' title='bbox 2889 5602 3055 5640; x_wconf 89' lang='lat' dir='ltr'><strong>mane</strong></span> <span class='ocrx_word' id='word_1_836' title='bbox 3100 5590 3156 5640; x_wconf 89' lang='lat' dir='ltr'><strong>et</strong></span> <span class='ocrx_word' id='word_1_837' title='bbox 3187 5588 3450 5656; x_wconf 85' lang='lat' dir='ltr'><strong>meridie,</strong></span> <span class='ocrx_word' id='word_1_838' title='bbox 3487 5588 3592 5644; x_wconf 89' lang='lat' dir='ltr'><strong>hoc</strong></span> <span class='ocrx_word' id='word_1_839' title='bbox 3633 5598 3742 5661; x_wconf 89' lang='lat' dir='ltr'><strong>est,</strong></span> 
     </span>
    </p>
   </div>
   <div class='ocr_carea' id='block_1_117' title="bbox 2720 5708 3736 5779">
    <p class='ocr_par' dir='ltr' id='par_1_117' title="bbox 2720 5708 3736 5779">
     <span class='ocr_line' id='line_1_117' title="bbox 2720 5708 3736 5779; baseline 0.008 -13"><span class='ocrx_word' id='word_1_840' title='bbox 2720 5710 2765 5745; x_wconf 74' lang='grc'><strong>⁵⁸</strong></span> <span class='ocrx_word' id='word_1_841' title='bbox 2797 5712 2938 5766; x_wconf 87' lang='lat' dir='ltr'><strong>Gen.</strong></span> <span class='ocrx_word' id='word_1_842' title='bbox 2972 5728 3012 5779; x_wconf 85' lang='lat'><strong>1,</strong></span> <span class='ocrx_word' id='word_1_843' title='bbox 3038 5710 3092 5766; x_wconf 91' lang='lat'><strong>8.</strong></span> <span class='ocrx_word' id='word_1_844' title='bbox 3176 5708 3224 5743; x_wconf 72' lang='grc'><strong>⁵⁷</strong></span> <span class='ocrx_word' id='word_1_845' title='bbox 3247 5716 3388 5768; x_wconf 90' lang='lat' dir='ltr'><strong>Deut</strong></span> <span class='ocrx_word' id='word_1_846' title='bbox 3422 5731 3618 5770; x_wconf 85' lang='lat' dir='ltr'><strong>xxvm.</strong></span> <span class='ocrx_word' id='word_1_847' title='bbox 3646 5719 3736 5774; x_wconf 86' lang='lat'><strong>28.</strong></span> 
     </span>
    </p>
   </div>
  </div>
