4052 6376
330 422 359 481 1
369 420 483 480 26⁵7

1650 413 1964 477 ΝῙΕΕΤΙΕ
2004 414 2426 477 GHONIA’I‘AE

3603 412 3776 474 1208

330 567 463 609 cum
496 548 789 606 intellectu
822 556 876 604 et
906 546 1268 617 cogitatione,
1302 547 1547 618 denique
1603 547 1974 619 spiritualiter
2005 551 2063 618 Α
2093 549 2230 604 tiem
2284 547 2565 604 nonnulla
2615 548 2902 618 praefatus,
2965 545 3087 602 hac
3117 545 3388 616 subjicit:
3448 544 3774 602 Miserrimi

329 658 462 699 cum
519 640 783 695 Creatore
820 654 921 693 suo
996 639 1443 694 conversabatur
1510 646 1563 694 et
1619 638 1983 710 colioqueba-

328 736 442 786 tur.
478 731 673 785 Postea
700 744 834 784 vero
866 743 1038 799 quam
1071 744 1102 781 a
1159 727 1346 798 seipso
1397 726 1575 782 divini
1600 727 1774 798 jubar
1812 728 1986 783 lumi-

336 820 430 875 nis
460 816 721 885 exclusit,
766 824 900 872 tunc
932 815 1177 883 audivit,
1233 822 1291 871 ut
1324 816 1623 887 Scriptura
1662 817 1853 886 refert,
1884 833 1991 873 vo-

334 924 461 965 cem
540 907 769 964 Domini
846 904 1375 976 prodeambulantis
1431 905 1492 960 in
1561 907 1826 976 paradiso
1883 906 1988 961 sub

331 1014 649 1070 vesperam,
681 1004 735 1052 ct
768 995 1018 1051 occuluit
1068 1011 1148 1060 se,
1196 995 1331 1066 quia
1382 994 1574 1050 nudus
1605 1002 1743 1050 erat.
1779 1000 1990 1051 Praeter

330 1103 398 1143 eo
429 1102 553 1159 qua
576 1086 701 1157 jam
733 1084 882 1140 dicta
914 1087 1068 1151 sunt,
1102 1083 1320 1154 Ophites
1362 1084 1468 1139 hoc
1508 1100 1741 1156 quoque
1788 1092 1990 1141 contra

327 1181 610 1246 receptam
660 1175 880 1244 piorum
932 1172 1275 1229 sententiam
1334 1181 1639 1229 astruunt:
1673 1175 1821 1245 quod
1875 1175 1990 1230 sci-

328 1265 461 1320 licet
519 1262 803 1319 Dominus
849 1261 1020 1317 Jesus
1068 1263 1307 1317 formam
1365 1262 1647 1333 serpentis
1714 1262 1985 1329 induerit,

330 1361 496 1424 atque
543 1353 621 1407 ita
666 1350 919 1421 Virginis
969 1357 1190 1406 uterum
1245 1351 1507 1417 subierit,
1541 1353 1685 1423 quod
1716 1352 1774 1407 in
1820 1369 1990 1409 causa

326 1442 457 1510 fuit,
492 1449 553 1496 at
602 1441 900 1511 Apostolus
948 1438 1322 1497 exclamarit:
1382 1442 1652 1508 Quicum
1702 1441 1760 1496 in
1809 1444 1990 1513 forma

330 1535 429 1589 Dei
455 1536 612 1602 esset,
644 1548 755 1587 non
784 1530 1043 1601 rapinam
1075 1530 1389 1587 arbitratus
1435 1536 1517 1586 est
1559 1547 1618 1587 sc
1663 1547 1779 1587 esse
1802 1548 1989 1603 mqua-

333 1626 439 1680 tem
468 1625 593 1690 Deo,
633 1620 723 1675 sed
776 1619 1097 1676 exinanivit
1146 1622 1496 1691 semetipsum
1549 1624 1789 1691 formam
1844 1624 1991 1677 servi

332 1712 607 1784 accipiens
638 1711 704 1765 ⁸ο.
767 1711 903 1774 Quae
934 1709 1091 1765 enim
1126 1714 1240 1765 Deo
1285 1725 1418 1765 cum
1442 1711 1824 1766 animantium
1870 1727 1989 1767 om-

336 1803 494 1857 nium
548 1801 796 1856 maxime
848 1798 1183 1854 detestando
1241 1803 1523 1869 serpente,
1561 1801 1653 1868 qui
1713 1800 1987 1856 Adammn

334 1891 808 1955 circumvenerat,
856 1887 1302 1943 communicatio
1349 1888 1479 1943 est?
1534 1890 1639 1945 Sed
1691 1889 1792 1945 Dei
1848 1890 1986 1946 Vor-

340 1978 504 2045 bum,
544 1992 678 2032 cum
736 1976 794 2030 in
855 1975 1059 2045 forma,
1123 1990 1225 2031 seu
1287 1976 1605 2032 substantia
1661 1977 1762 2034 Dei
1819 1986 1984 2048 esset,

340 2082 445 2123 nec
486 2066 609 2137 ejus
659 2065 904 2121 essentia
952 2081 1053 2134 per
1099 2065 1380 2136 rapinam,
1435 2068 1534 2123 sed
1584 2074 1840 2123 naturam
1894 2085 1987 2139 po-

336 2155 477 2220 tius,
499 2170 737 2225 eamque
764 2154 908 2210 adeo
939 2154 1237 2223 ejusmodi,
1290 2171 1414 2225 quas
1454 2156 1639 2212 amitti
1672 2158 1832 2213 nullo
1861 2175 1984 2212 mo-

336 2245 413 2300 do
444 2244 641 2315 possit,
680 2243 920 2314 aqualis
950 2243 1065 2299 Deo
1111 2251 1294 2311 esset;
1341 2246 1595 2316 selpsum
1650 2247 1983 2314 exinanlvit,

333 2334 580 2389 formam
612 2334 780 2402 servi,
806 2333 912 2389 hoc
932 2341 1015 2390 est
1036 2333 1350 2390 humanam
1374 2343 1636 2392 naturam
1669 2337 1981 2408 accipiens,

333 2423 813 2495 quemadmodum
876 2423 1034 2478 etin
1093 2424 1472 2494 sequentibus
1528 2428 1802 2495 ostendit,
1853 2441 1982 2482 cum

328 2512 429 2577 ait,
460 2512 541 2567 Ad
567 2511 997 2567 similitudinem
1016 2512 1301 2569 hominum
1329 2515 1513 2585 factus
1541 2515 1608 2570 ⁶¹.
1642 2518 1828 2583 Quare
1848 2532 1983 2573 cum

328 2601 570 2657 Paulum
606 2601 831 2672 Ophites
881 2600 942 2657 in
975 2602 1228 2659 medium
1279 2602 1539 2672 afferant,
1575 2608 1638 2660 ut
1667 2605 1979 2662 Dominum

327 2691 516 2746 forma
544 2691 827 2761 serpentis
857 2698 1154 2762 assumpta
1176 2691 1479 2762 Virginem
1509 2694 1755 2750 subiisse
1777 2696 1983 2751 conﬁr-

331 2786 508 2851 ment,
564 2797 597 2834 a
652 2779 829 2835 Paulo
880 2781 1002 2850 ipso
1062 2781 1413 2852 ventriloqui
1474 2784 1777 2854 perspicue
1810 2800 1982 2841 coar-

327 2875 608 2941 guuntur,
640 2870 759 2927 imo
790 2871 907 2927 illis
935 2887 1000 2928 os
1035 2875 1317 2945 tanquam
1364 2873 1693 2945 vaniloquis
1731 2876 1980 2932 obstrui-

324 2968 439 3015 tur.
468 2958 749 3016 Caeterum
780 2959 875 3030 qui
897 2961 1023 3016 ﬁeri
1068 2967 1271 3031 potest,
1313 2969 1372 3017 ut
1419 2963 1661 3019 formam
1701 2967 1979 3035 serpentis

327 3049 605 3106 Dominus
655 3048 961 3119 acceperit,
1020 3063 1190 3120 quem
1265 3051 1335 3106 de
1386 3052 1575 3108 medio
1636 3052 1977 3110 sublaturus

325 3142 573 3208 venerat,
605 3142 889 3210 tanquam
930 3138 1212 3194 daemonis
1267 3139 1656 3209 emissarium,
1687 3142 1788 3214 qui
1817 3144 1974 3200 Ada-

324 3241 510 3294 mum,
546 3226 656 3282 hoc
685 3233 771 3281 est
803 3239 1079 3281 manuum
1107 3240 1344 3281 suarum
1375 3242 1544 3298 opus,
1585 3229 1976 3287 circumvene-

2092 638 2247 693 enim
2301 637 2588 695 carnalem
2655 646 2708 695 et
2766 653 3081 693 venereum
3153 635 3526 697 concubitum
3587 635 3772 693 rebus

2093 727 2271 783 sacris
2301 731 2630 792 accensent,
2682 737 2733 782 et
2766 724 2837 781 ab
2867 742 2934 782 eo
2975 725 3089 781 sibi
3136 724 3197 780 in
3228 725 3330 780 Dei
3390 725 3602 795 regiam
3634 726 3769 780 adi-

2093 821 2212 871 tum
2247 816 2588 887 patefactum
2640 816 2707 872 iri
2748 822 2969 887 putant.
3025 816 3188 871 Certe
3243 816 3312 870 ad
3369 830 3552 885 ganea
3612 831 3773 872 con-

2094 908 2360 962 sectanda
2412 906 2718 962 fenestram
2773 905 2952 976 aperit
3015 904 3347 975 hujusmodi
3399 905 3772 973 communio,

2095 1010 2407 1067 eorumque
2463 995 2751 1055 societatis
2805 995 2936 1051 albo
2995 1010 3129 1050 suos
3188 1002 3243 1051 et
3300 993 3450 1050 hirci
3511 994 3776 1050 libenter

2094 1086 2469 1142 ascribantur.
2514 1086 2597 1141 Sit
2637 1101 2770 1142 vero
2817 1085 3021 1142 iisdem
3073 1084 3369 1156 praecipua
3426 1087 3484 1140 et
3513 1084 3775 1140 maxime

2097 1192 2224 1247 spes
2252 1176 2312 1232 in
2366 1176 2438 1232 iis
2489 1176 2884 1233 meretricibus
2937 1176 3208 1247 reposita,
3257 1191 3379 1247 quas
3432 1175 3491 1231 in
3541 1174 3775 1233 fornice

2097 1270 2372 1337 prostant,
2406 1273 2459 1322 et
2479 1267 2621 1323 citra
2652 1266 2938 1323 delectum
2968 1265 3203 1338 quosvis
3233 1264 3505 1322 accedere
3556 1265 3774 1322 volen-

2095 1360 2183 1413 tes
2215 1357 2572 1427 impudenter
2626 1357 2952 1412 admittunt.
3006 1355 3146 1413 Aliis
3175 1372 3342 1427 porro
3372 1356 3434 1412 in
3489 1357 3769 1413 eamdem

2096 1446 2437 1501 sententiam
2471 1446 2701 1514 additis,
2734 1446 2943 1501 infert:
2985 1449 3121 1505 Haec
3151 1453 3206 1501 et
3258 1446 3587 1515 hujusmodi
3628 1455 3775 1502 sunt

2098 1534 2531 1590 Pronicensium
2563 1536 2848 1605 dogmata,
2882 1535 2979 1605 qui
3030 1550 3090 1590 se
3119 1535 3419 1591 Gnusticos
3476 1533 3623 1591 falso
3657 1552 3774 1592 no—

2099 1625 2256 1680 mine
2275 1625 2562 1680 dixerunt.

2408 1752 2686 1808 Haereseos
2712 1750 3071 1824 praecedentis
3107 1752 3435 1821 confatalia.

2172 1877 2227 1932 Si
2257 1878 2419 1933 Plato
2460 1879 2753 1937 Platonico
2813 1894 2968 1937 more
3026 1878 3250 1937 locutus
3298 1886 3400 1946 est,
3459 1893 3567 1935 nec
3593 1880 3768 1950 ἰπε-

2098 1976 2252 2026 tento
2284 1970 2703 2040 legumlationis
2733 1971 2962 2037 cortice,
3015 1970 3475 2041 philosophicum
3511 1987 3757 2029 sensum

2095 2060 2368 2131 occuluit,
2404 2060 2552 2116 haud
2593 2060 2764 2116 dubie
2813 2060 2968 2116 Plato
3002 2060 3237 2131 indigna
3268 2076 3327 2117 se
3358 2068 3477 2116 tum
3511 2062 3763 2120 molitus

2094 2154 2203 2218 est,
2257 2164 2387 2207 cum
2447 2149 2673 2220 nuptias
2727 2166 3063 2209 communes
3132 2166 3253 2207 esse
3311 2151 3431 2207 suis
3503 2152 3763 2209 sancivit

2096 2239 2329 2310 legibus.
2371 2239 2511 2295 Nam
2558 2240 2852 2296 Prodicum
2882 2240 3030 2309 sino,
3085 2247 3139 2297 et
3168 2241 3262 2311 qui
3297 2242 3555 2298 Platonis
3584 2243 3764 2298 audi-

2093 2334 2245 2386 tores
2273 2328 2651 2385 disscntaneis
2681 2328 2903 2401 sibique
2932 2329 3315 2389 dissimilibus
3362 2330 3626 2402 magistri
3671 2331 3764 2387 sui

2093 2418 2480 2490 opinionibus,
2542 2426 2811 2490 tanquam
2894 2434 3104 2475 muscis
3178 2418 3495 2490 ulceribus,
3567 2420 3771 2477 inflati

2093 2514 2247 2567 sunt.
2300 2510 2407 2577 Qui
2466 2510 2619 2567 enim
2680 2509 3114 2567 communitatis
3191 2510 3495 2566 mulierum
3555 2515 3772 2569 auctor

2091 2606 2200 2667 est,
2232 2597 2457 2664 is_nihil
2506 2598 2686 2667 aliud,
2739 2614 2907 2670 quam
2940 2598 3241 2655 nationum
3298 2600 3581 2669 omnium,
3618 2603 3764 2657 toti-

2090 2705 2272 2761 usque
2299 2687 2527 2759 generis
2559 2688 2795 2745 humani
2827 2689 3229 2749 confusionem
3261 2689 3596 2747 introducit.
3646 2692 3759 2758 Qui

2088 2778 2243 2834 enim
2277 2778 2400 2834 ﬁeri
2460 2782 2667 2851 potest,
2730 2785 2790 2835 ut
2837 2793 2905 2835 ex
2965 2778 3296 2849 hujusmodi
3348 2779 3763 2850 complexibus

2087 2877 2245 2940 pater
2300 2868 2452 2924 ullus
2504 2874 2903 2939 cegnosostur,
2965 2875 3021 2924 et
3077 2869 3269 2926 caeteri
3329 2870 3756 2942 consanguinei

2086 2957 2587 3015 demonstrantur?
2613 2959 2686 3013 At
2713 2966 2864 3015 certe
2907 2962 3060 3014 Deus
3120 2957 3265 3015 nihil
3308 2959 3545 3016 confuse
3582 2974 3750 3016 ores.

2085 3048 2185 3114 vit,
2218 3049 2313 3103 sed
2346 3047 2440 3103 ubi
2471 3046 2720 3118 primum
2749 3047 3044 3107 materiam
3076 3056 3322 3120 quatuor
3363 3048 3424 3105 in
3454 3049 3745 3106 elementa

2085 3137 2432 3208 digessisset,
2455 3152 2524 3193 ex
2566 3136 2681 3194 illis
2712 3137 2866 3194 hunc
2915 3153 3086 3208 quem
3145 3138 3428 3207 videmus,
3459 3140 3749 3197 mundum

2085 3226 2400 3283 fabricavit.
2437 3226 2538 3283 Hic
2568 3243 2701 3284 vero
2761 3227 2893 3283 dum
2927 3243 3294 3285 communem
3340 3227 3507 3285 nobis
3553 3233 3754 3287 Vene-

321 3315 453 3370 rat?
482 3315 641 3380 Quod
673 3314 830 3369 enim
846 3314 978 3384 quis
1004 3316 1389 3385 expetendum
1406 3295 1652 3388 judicat,
1685 3319 1741 3375 id
1764 3334 1974 3392 magna
2003 3295 2053 3360 υ
2086 3332 2205 3372 rem
2234 3315 2358 3386 lege
2385 3317 2684 3386 permittit,
2719 3331 2825 3373 nec
2847 3332 2977 3378 cum
3025 3317 3247 3373 delectu
3305 3318 3532 3375 mulieri
3563 3318 3761 3375 adhae-

323 3418 559 3476 quoque
605 3403 907 3475 diligentia
953 3404 1341 3476 prosequitur,
1413 3407 1569 3478 quod
1611 3424 1745 3465 vero
1794 3426 1969 3467 nocu-

323 3495 607 3563 mentum,
656 3496 935 3564 tanquam
986 3492 1101 3549 sibi
1143 3496 1519 3566 contrarium,
1559 3499 1765 3555 afferre
1814 3501 1972 3556 novit

317 3581 377 3636 id
402 3589 713 3647 aversatur,
750 3598 857 3640 nec
893 3582 1011 3641 ulla
1065 3598 1300 3654 prorsus
1346 3586 1631 3645 affinitate
1676 3589 1786 3644 sibi
1829 3606 1966 3647 con-

313 3670 525 3742 jungu.

1014 3785 1167 3842 CAP.
1200 3784 1270 3843 X.

499 3899 725 3958 Decima
755 3900 1001 3975 haeresis,
1035 3901 1260 3959 Prodici
1293 3910 1348 3963 ct
1376 3903 1784 3969 Adamitarum.

392 4028 746 4086 Platonicam
777 4029 1058 4086 Prodicus
1112 4029 1483 4101 disciplinam
1545 4048 1682 4091 cum
1730 4050 1962 4106 percur-

318 4117 511 4186 risset,
571 4133 771 4175 eorum
823 4119 925 4190 qui
987 4119 1269 4176 Adamitas
1340 4121 1620 4179 dicuntur
1687 4124 1966 4184 haereseos

318 4216 517 4265 auctor
574 4206 704 4275 fuit,
766 4206 1182 4280 publicamque
1252 4209 1578 4267 libidinosae
1647 4216 1967 4288 pruriginis

314 4297 608 4354 licentiam
667 4296 1084 4366 Carpocraticis
1129 4300 1499 4371 dogmatibus
1547 4304 1789 4359 addidit.
1840 4310 1964 4362 Mu-

314 4386 487 4441 lieres
535 4383 691 4440 enim
750 4400 1090 4441 communes
1145 4403 1271 4444 esse
1328 4389 1596 4459 saucivit,
1653 4393 1822 4463 cujus
1881 4395 1963 4451 rei

313 4474 502 4548 gratia
530 4491 645 4531 non
692 4479 920 4531 tantum
970 4476 1219 4547 publicis
1250 4478 1308 4533 in
1357 4480 1655 4551 conviviis,
1711 4483 1965 4542 lucernis

312 4564 615 4621 confestim
648 4565 973 4635 exstinctis,
1005 4565 1066 4621 in
1124 4581 1540 4639 quamcunque
1584 4573 1769 4641 quivis
1816 4574 1988 4631 inci-'

2086 3407 2325 3461 rendum
2358 3406 2545 3472 tradit,
2583 3412 2641 3462 et
2669 3414 2859 3477 patres
2905 3406 3070 3462 nobis
3118 3414 3343 3463 nostros
3393 3408 3635 3478 invidet,
3700 3415 3764 3467 et

2082 3511 2265 3567 genus
2322 3496 2657 3567 ambiguum
2724 3496 3227 3570 promiscuumque
3282 3498 3514 3559 statuit:
3551 3499 3630 3555 ita
3693 3505 3760 3556 ut

2081 3587 2177 3640 vix
2207 3586 2476 3657 cuiquam
2511 3587 2873 3645 innotescere
2903 3594 3092 3658 queat,
3117 3604 3189 3643 an
3224 3588 3317 3644 hic
3347 3593 3510 3661 parte
3541 3588 3753 3647 Graeco

2082 3682 2255 3731 natus
2300 3674 2488 3745 fuerit,
2519 3691 2595 3731 an
2654 3691 2783 3732 vero
2832 3676 2930 3732 ille
2986 3693 3055 3733 ex
3110 3677 3365 3734 barbaris
3408 3680 3757 3738 Amaxobiis

2081 3771 2136 3821 et
2162 3764 2562 3836 Hippomulgis
2610 3772 2795 3821 ortum
2829 3765 3115 3823 habuerit.
3148 3771 3256 3824 Per
3307 3775 3361 3824 te
3406 3783 3540 3825 vero
3573 3770 3753 3841 mihi,

2080 3867 2290 3925 quasso,
2324 3852 2501 3923 patris
2546 3853 2783 3910 nomine
2843 3854 2955 3911 frui
3001 3855 3191 3922 liceat,
3252 3858 3753 3926 quemadmodum

2080 3950 2138 3998 tu
2169 3945 2230 3999 in
2262 3942 2601 4003 hodiernum
2637 3958 2819 4015 usque
2863 3944 3013 4002 diem
3079 3946 3232 4002 ﬁlius
3260 3948 3539 4004 Aristonis
3585 3950 3756 4007 dice-

2080 4034 2181 4101 ris,
2214 4048 2320 4090 nec
2351 4032 2424 4088 ab
2454 4049 2518 4089 re
2545 4033 2953 4091 denominaris.
2974 4036 3093 4093 Nec
3120 4052 3189 4092 ea
3217 4044 3369 4093 certe
3396 4038 3753 4111 animantia,

2080 4122 2285 4194 quibus
2309 4121 2482 4178 insita
2511 4124 2652 4179 ratio
2685 4131 2788 4192 est,
2819 4124 3116 4195 quibusvis
3166 4126 3505 4183 mulieribus
3540 4145 3753 4187 semen

2078 4211 2438 4268 committere
2465 4213 2670 4282 solent,
2691 4213 2788 4269 sed
2838 4213 2930 4270 his
2961 4204 3187 4286 quoque
3217 4217 3301 4273 vis
3331 4219 3595 4288 quaedam
3653 4221 3753 4276 in.

2078 4308 2183 4368 est,
2226 4317 2338 4374 qua
2391 4317 2646 4360 amorem
2707 4312 2977 4372 respuant
3026 4310 3083 4360 et
3138 4306 3416 4362 devitant.
3478 4311 3609 4365 Non
3672 4310 3755 4367 ita

2082 4395 2276 4459 Draco,
2310 4407 2427 4448 non
2472 4393 2555 4447 ita
2600 4392 2772 4448 Solon
2835 4394 2986 4449 cives
3045 4394 3123 4450 tui
3182 4410 3314 4450 suas
3362 4396 3753 4455 sanciverunt

2076 4479 2250 4551 leges,
2306 4482 2403 4537 sed
2462 4479 2643 4537 lectos
2703 4481 3112 4552 distinxerunt,
3155 4499 3353 4554 pmnas
3412 4487 3751 4556 raptoribus

2077 4571 2359 4640 virginum
2391 4570 2734 4640 irrogarunt,
2768 4570 3051 4642 supplicio
3110 4571 3241 4630 illos
3292 4578 3548 4632 extremo
3583 4577 3748 4632 mul-

313 4654 512 4723 dlsset,
544 4668 673 4710 eam
704 4653 1144 4725 comprimebat,
1207 4656 1306 4710 sed
1355 4657 1684 4727 hujusmodi
1728 4678 1965 4733 quoque
1994 4652 2040 4719 D
2074 4663 2284 4727 tarunt,
2317 4660 2650 4732 quicunque
2678 4661 2795 4717 vim
2827 4661 3105 4719 thalamis
3154 4662 3443 4721 inferrent
3495 4665 3744 4735 alienis,

311 4744 739 4817 turpitudinem
762 4743 992 4816 mystici
1021 4744 1292 4801 sacrificii
1319 4744 1445 4803 loco
1468 4746 1737 4806 habebat.
1773 4756 1960 4824 Atque

314 4833 492 4904 hujus
520 4833 604 4889 rei
646 4838 857 4892 testem
909 4832 1287 4905 Clementem,
1347 4837 1445 4907 qui
1504 4837 1794 4896 Stromata
1822 4857 1960 4899 con-

313 4922 547 4993 scripsit
573 4922 711 4995 (4‘3),
742 4929 1035 4981 auctorem
1067 4923 1282 4994 citabo,
1314 4941 1543 4983 sacrum
1574 4928 1785 4998 virum,
1827 4931 1963 5003 qui-

312 5025 423 5083 que
451 5028 650 5068 rerum
687 5013 1007 5070 multarum
1034 5014 1236 5085 peritia
1287 5025 1521 5074 caeteros
1558 5034 1759 5076 omnes
1787 5035 1962 5079 exsu-

307 5105 491 5179 peret,
523 5102 694 5174 cujus
741 5105 802 5159 in
853 5104 1187 5161 Stromaton
1248 5106 1416 5163 tertio
1475 5106 1597 5164 haec
1640 5108 1955 5183 leguntur:

308 5191 462 5249 Sunt
492 5206 663 5263 porro
701 5190 803 5264 qui
844 5192 1165 5263 publicam,
1216 5197 1276 5251 et
1324 5196 1599 5254 omnibus
1638 5201 1955 5271 expositam

304 5280 588 5340 Venerem
616 5280 869 5352 mystice
888 5284 1325 5341 communionis
1359 5287 1597 5344 nomine
1625 5289 1954 5362 dignentur,

303 5369 397 5428 rei-
439 5384 618 5429 sacra
657 5368 749 5426 vel
812 5369 1052 5427 nomine
1109 5370 1229 5429 solo
1288 5374 1442 5431 haud
1503 5372 1684 5436 dubie
1731 5380 1954 5453 lnjurii.

2071 4754 2264 4809 omnia
2292 4753 2540 4824 denique
2571 4754 2718 4811 bene
2767 4761 2823 4810 et
2866 4763 3017 4812 recte
3048 4756 3481 4827 disposuerunt.
3510 4758 3595 4816 Tu
3630 4778 3746 4817 au-

2072 4850 2204 4910 tem,
2236 4845 2331 4915 qui
2364 4859 2493 4901 vere
2538 4845 3020 4916 sapientissimus,
3055 4850 3113 4902 et
3160 4847 3371 4919 ubique
3418 4849 3738 4907 celeberri-

2069 4949 2199 4990 mus
2259 4933 2488 4990 habitus
2541 4950 2622 5004 es,
2673 4935 2809 5006 quid
2868 4935 2991 5002 tibi,
3050 4952 3263 5007 quaeso,
3322 4936 3556 4995 voluisti
3599 4956 3742 4999 cum

2069 5023 2202 5079 talia
2246 5022 2610 5095 promulgare
2655 5039 2831 5081 ausus
2874 5024 2981 5083 es?
3036 5032 3135 5082 aut
3191 5027 3364 5096 unde,
3428 5044 3497 5084 ex
3550 5045 3747 5101 quove

2069 5114 2311 5186 tripode,
2369 5129 2438 5170 ex
2491 5129 2736 5185 quorum
2798 5114 3045 5186 denique
3101 5115 3604 5190 philosophorum,
3673 5130 3742 5179 ut

2067 5204 2146 5259 ita
2193 5203 2407 5272 dicam,
2461 5203 2784 5261 corollariis
2842 5212 2940 5261 aut
2998 5204 3368 5277 syllogisticis
3417 5207 3747 5268 rationibus

2068 5294 2141 5349 ad
2170 5293 2294 5348 haec
2323 5293 2537 5349 tabulis
2584 5293 2951 5351 inscribenda
3006 5296 3292 5353 adductus
3352 5313 3439 5364 es,
3484 5316 3609 5369 quas
3666 5319 3746 5360 nc

2067 5382 2147 5439 dii
2196 5383 2423 5453 quidem
2480 5383 2560 5440 tui
2604 5383 3042 5454 probaverunt?
3083 5384 3190 5454 Qui
3252 5392 3566 5444 metatores
3624 5392 3745 5448 sibi

303 5454 748 5563 Deiﬁd‘ccontra
786 5457 1058 5516 subidam
1098 5457 1282 5532 ﬂiam,
1333 5465 1707 5536 porcinamve
1726 5471 1956 5542 spuroi-
2064 5470 2202 5542 ipsis
2244 5471 2649 5543 praefecerunt,
2698 5472 3041 5546 nobilesque
3088 5475 3228 5532 adeo
3291 5492 3495 5546 poenas
3553 5478 3624 5534 sb
3662 5481 3740 5539 iis

340 5600 423 5647 ,ω
448 5558 663 5689 omnip.
698 5620 765 5683 ιι,
793 5606 851 5667 6.
880 5606 928 5642 σί
962 5602 1111 5663 Ibid.
1141 5604 1196 5658 7.

318 5694 331 5708 .
370 5746 489 5821 (45)
515 5748 786 5807 Clemens
812 5749 872 5807 in
902 5748 1208 5805 Stromatis
1235 5748 1336 5809 lib.
1370 5768 1457 5809 ιιι.
