4052 6432
338 454 495 514 19.69

1674 448 2074 515 THESAURI
2120 448 2267 511 LIB.
2317 450 2420 512 ιν.

3602 444 3759 507 1270

336 591 814 660 repoposcerunt,
866 586 961 659 qni
1024 584 1214 641 aliena
1255 584 1499 656 cupidas
1567 598 1778 639 manus
1842 583 1989 653 inji-
2022 583 2075 650 Α
2109 583 2397 642 vixerunt.
2432 588 2562 639 Hrcc
2593 588 2648 639 et
2676 583 3017 654 hujusmodi
3070 581 3335 651 professi,
3389 596 3518 650 quae
3551 579 3746 649 pudo—

333 695 461 735 cere
503 679 805 749 auderent,
841 683 905 733 ut
935 695 1000 733 ex
1033 677 1230 733 Ixione
1261 674 1530 747 conjicio,
1584 674 1852 746 quamvis
1883 666 1981 729 ille

328 769 585 824 Junonis
615 767 740 823 loco
790 768 1066 823 nebulam
1126 765 1495 838 amplexatus
1555 768 1744 820 esset:
1801 768 1854 818 et
1911 776 1981 818 ex

330 859 533 927 Marte,
569 874 746 931 quam
780 857 1075 916 Vulcanus
1105 857 1176 913 iis
1219 855 1472 913 vinculis
1530 854 1979 923 constrinxerat,

328 966 455 1020 qum
508 965 695 1020 neque
746 949 956 1021 frangi,
1037 963 1227 1019 neque
1276 945 1421 1002 solvi
1471 948 1751 1019 possent:
1804 947 1981 1014 atque

330 1040 629 1094 communi
658 1037 978 1093 multorum
1007 1034 1265 1091 ludibrio
1294 1034 1582 1090 elevatum
1612 1037 1978 1104 exposuerat,

326 1129 597 1199 quamvis
631 1127 719 1182 vel
742 1128 1022 1198 jugerum
1053 1124 1460 1195 magnitudine
1489 1129 1810 1193 superaret.

399 1216 507 1270 Sed
558 1214 697 1286 quia
759 1213 1085 1268 beneﬁcum
1150 1221 1379 1282 tempus
1433 1209 1726 1265 civitatem
1763 1207 1978 1279 ipsam,

323 1305 588 1379 quamvis
646 1306 790 1359 bene
842 1310 1133 1359 muralem
1179 1301 1462 1370 deseruit,
1518 1300 1980 1371 hujusmodique

324 1395 484 1467 leges
526 1395 665 1451 solis
698 1393 969 1450 mandari
1011 1393 1220 1449 litteris
1277 1392 1567 1463 permisit,
1607 1406 1714 1446 nos
1746 1404 1978 1462 quoque

327 1486 505 1540 finem
539 1485 769 1541 dicendi
800 1484 1104 1550 faciemus,
1131 1498 1202 1538 ne
1231 1482 1378 1537 forte
1406 1481 1482 1537 iis
1532 1481 1679 1536 vires
1710 1478 1978 1535 restitua-

325 1591 483 1642 mus,
532 1578 587 1630 et
647 1576 918 1629 secundae
977 1573 1232 1643 quodam
1303 1572 1471 1627 modo
1519 1571 1649 1625 vitis
1707 1572 1977 1626 auctores

318 1665 529 1731 simus,
560 1680 685 1735 quae
713 1668 943 1736 tempus
973 1662 1140 1718 irrita
1169 1667 1227 1719 et
1283 1665 1547 1719 emortua
1600 1677 1729 1717 esse
1768 1659 1974 1717 voluit.

999 1773 1160 1829 CAP.
1198 1772 1294 1828 Χῐ.

680 1878 980 1936 Undecima
1024 1877 1252 1936 haeresis
1297 1876 1616 1934 Cainorum.

384 1987 549 2043 Caini
588 1988 659 2043 ad
694 1985 1055 2057 inculpatam
1106 1985 1282 2041 ﬁdem
1332 1988 1596 2041 nostram
1630 1985 1974 2042 accedentes

316 2077 712 2149 baptizantur,
784 2075 963 2148 impie
1037 2090 1172 2131 vero
1234 2072 1677 2133 universitatem
1736 2074 1887 2133 hanc
1939 2091 1974 2131 a

318 2167 549 2224 duabus
622 2166 1010 2238 potestatibus
1078 2163 1363 2223 contineri
1418 2162 1662 2221 dicunt:
1718 2181 1972 2238 quarum

318 2258 502 2314 altera
550 2256 860 2323 inﬁrmior,
907 2254 1089 2312 altera
1138 2253 1430 2326 potentior
1475 2252 1739 2311 exsistat.
1788 2255 1858 2313 Et
1906 2273 1976 2313 ex

316 2346 390 2403 iis
420 2347 712 2405 Adamum
744 2346 1038 2416 Evamque
1090 2348 1428 2415 prognatos.
1462 2346 1749 2401 Caeterum
1810 2350 1971 2417 pote-

316 2443 503 2493 states
534 2436 771 2492 easdem
816 2439 1016 2507 postea
1044 2436 1174 2491 Evas
1230 2434 1570 2493 adhaesisse.
1634 2439 1819 2507 Atque
1847 2434 1976 2493 Cai-

316 2543 463 2582 num
488 2525 752 2598 quidem,
786 2529 1030 2592 Esaum,
1062 2528 1122 2580 et
1154 2524 1376 2583 Coritas
1408 2540 1476 2581 ex
1507 2524 1848 2596 potentioris
1881 2542 1978 2599 po-

322 2616 552 2675 testatis
582 2616 827 2684 semine,
862 2615 1101 2671 Abelem
1133 2620 1329 2675 autem
1376 2631 1447 2671 ex
1492 2614 1792 2672 debilioris
1844 2633 1974 2687 pro-

320 2708 593 2765 cessisse.
641 2707 950 2778 Magniﬁce
988 2721 1220 2777 quoque
1273 2720 1335 2762 ss
1397 2705 1667 2773 efferunt,
1738 2706 1895 2777 quod
1943 2722 1978 2767 a

316 2797 559 2868 proavis?
590 2796 790 2865 Caino,
840 2795 1179 2860 Sodomitis,
1235 2795 1408 2861 Esau,
1453 2794 1572 2849 imo
1632 2810 1765 2851 vero
1797 2796 1973 2853 etiam

315 2901 345 2939 a
379 2884 673 2954 proditore
701 2883 851 2938 Juda
881 2881 1305 2939 descenderint.
1343 2880 1591 2937 Proinde
1619 2880 1970 2952 opusculum

319 2973 614 3044 quoddam
666 2972 992 3044 proferunt,
1053 2973 1207 3042 quod
1282 2971 1507 3029 auctori
1562 2971 1721 3027 Ιυὼθ
1792 2973 1970 3029 ascri-

318 3063 486 3117 bunt.
535 3060 891 3132 Angelorum
963 3076 1133 3131 porro
1196 3064 1253 3117 et
1311 3063 1662 3132 potestatum
1724 3060 1971 3121 nomini.

318 3152 431 3207 bus
463 3150 749 3218 conﬁctis,
785 3148 1037 3222 ephoros
1067 3165 1189 3220 eos,
1240 3149 1349 3205 hoc
1400 3153 1491 3206 est
1542 3150 1817 3222 praesides
1867 3166 1970 3213 seu

316 3240 620 3313 praefectos
671 3239 1101 3312 appetitionum
1148 3238 1392 3299 rationis
1467 3239 1792 3312 expertium
1842 3256 1970 3301 esse

316 3331 538 3437 dicunt.
571 3331 653 3431 Dx
681 3346 799 3431 quo
829 3332 914 3437 ﬁt,
941 3336 1156 3437 utpum
1177 3329 1236 3386 in
1261 3331 1618 3437 exsecrapda
1648 3334 1705 3386 et
1725 3330 1971 3437 infanda
2008 3336 2051 3404 α
2082 3329 2343 3437 ῐθωρδη

314 3425 551 3492 peccata
582 3420 935 3492 impingant,
969 3419 1038 3475 ad
1059 3435 1262 3479 eorum
1295 3419 1599 3489 quodlibet
1619 3418 1962 3493 exclamant,

316 3511 359 3567 Ο
392 3514 477 3579 tu,
511 3507 734 3581 angelo,
794 3509 1003 3565 abutor
1049 3524 1222 3579 opere
1267 3512 1390 3579 tuo,
1442 3523 1684 3565 munere
1732 3511 1836 3565 tuo
1866 3510 1965 3565 de-

318 3600 552 3671 fungor.
601 3599 753 3665 Quin
803 3601 861 3653 et
898 3613 966 3655 ex
1020 3597 1185 3653 Pauli
1235 3596 1482 3668 apostoli
1532 3597 1769 3654 nomine
1817 3615 1964 3671 opu-

316 3689 543 3746 sculum
575 3687 733 3747 aliud
767 3687 921 3744 nulla
946 3704 1064 3743 non
1123 3686 1503 3744 obscoenitate
1550 3691 1781 3744 scatens
1828 3705 1964 3745 con-

319 3779 587 3850 ﬁgcntes,
667 3770 1049 3847 Ἀναϐατικὸν,
1127 3776 1235 3832 hoc
1312 3780 1420 3846 est,
1490 3776 1571 3832 De
1628 3777 1968 3834 ascensione

312 3868 474 3925 Pauli
505 3870 732 3925 vocant.
772 3866 919 3925 Hinc
971 3870 1203 3938 arrepta
1240 3867 1566 3934 occasione,
1607 3868 1761 3938 quod
1821 3868 1968 3940 Apo-

315 3958 537 4015 stolum
588 3958 660 4013 ad
710 3957 944 4013 tertium
996 3973 1184 4028 usque
1233 3956 1443 4013 coelum
1493 3956 1830 4018 ascendisse
1886 3958 1968 4013 di-

313 4055 471 4118 cant,
523 4054 700 4123 atque
757 4049 838 4107 ibi
884 4050 1058 4109 verba
1118 4067 1232 4107 non
1286 4050 1589 4109 referenda
1649 4050 1967 4121 audivisse,

316 4157 444 4213 quae
476 4157 590 4196 non
624 4141 712 4197 fas
745 4144 833 4197 est
861 4139 1088 4196 homini
1120 4139 1531 4210 loqui:quibus
1565 4156 1679 4197 non
1713 4141 1968 4197 referen-

312 4232 403 4293 dis
436 4231 627 4287 verbis
660 4230 842 4302 impia
865 4228 967 4285 illa
995 4246 1101 4286 sua
1134 4228 1357 4300 ﬂagitia
1395 4228 1750 4301 intelligunt.

614 4340 892 4395 Haereseos
936 4336 1294 4408 praecedentis
1321 4338 1654 4407 confutatio.

380 4445 545 4501 Dicat
588 4462 721 4501 vero
802 4443 1094 4517 quispiam
1154 4445 1435 4500 adversus
1477 4444 1629 4500 hanc
1697 4444 1967 4501 haeresim

312 4534 693 4591 contendens:
738 4534 1008 4589 Inaudita
1052 4533 1268 4604 audivi,
1320 4549 1504 4606 eaque
1543 4537 1685 4590 adeo
1732 4550 1966 4608 percur-

318 4641 441 4681 rere
483 4624 627 4680 mihi
661 4624 925 4696 contigit,
958 4640 1084 4695 quae
1119 4624 1409 4680 oblivione
1467 4625 1744 4696 profecto,
1805 4628 1966 4681 tene-

2101 690 2225 730 rem
2275 675 2613 730 hominibus
2673 672 2838 728 facile
2893 672 3203 741 incutiant,
3262 670 3377 727 sibi
3434 677 3629 725 tamen
3691 670 3750 727 in

2095 764 2181 819 eis
2223 763 2474 836 placent,
2525 763 2908 833 animumque
2953 762 3024 816 ad
3075 777 3248 816 omne
3297 775 3483 831 genus
3542 758 3746 830 ﬂagitii

2095 854 2417 926 appellunt.
2452 859 2669 910 Revera
2703 851 2938 907 illorum
2986 849 3171 921 gloria
3216 851 3276 905 in
3309 848 3543 905 illorum
3574 849 3755 907 dede-

2094 960 2224 1000 core
2256 944 2564 1001 consistit:
2600 942 2717 1014 _qui
2749 958 2864 997 non
2896 941 3090 997 solum
3123 955 3430 1012 corporeos
3464 939 3747 997 concubi—

2092 1038 2188 1090 tus
2220 1035 2527 1091 ordinibus
2557 1032 2803 1089 materia
2822 1030 3160 1086 carentibus
3191 1029 3537 1097 attribnunt,
3572 1034 3747 1102 atque

2090 1126 2205 1180 duo
2231 1125 2522 1198 principia
2551 1125 2706 1182 inter
2736 1140 2797 1178 se
2840 1121 3133 1178 contraria
3164 1120 3426 1188 tradunt,
3458 1136 3586 1191 quae
3611 1121 3739 1190 qui.

2091 1216 2223 1270 dem
2248 1232 2310 1271 se
2342 1221 2549 1271 mutuo
2581 1230 2827 1288 prorsus
2859 1212 3225 1276 interimunt,
3261 1214 3326 1265 ut
3355 1227 3484 1282 quis
3516 1226 3578 1266 se
3608 1227 3741 1267 mu-

2090 1310 2191 1361 tuo
2217 1307 2333 1377 pati
2369 1314 2679 1377 nequeant,
2713 1303 2943 1373 sibique
2977 1319 3045 1357 ex
3076 1302 3357 1356 diametro
3390 1304 3737 1370 repugnent:

2091 1396 2192 1450 sed
2222 1395 2396 1450 etiam
2421 1394 2805 1466 aequioribus
2829 1391 3170 1447 hominibus
3194 1389 3436 1457 addicti,
3463 1404 3533 1443 ne
3551 1390 3749 1445 futura

2092 1483 2330 1554 quidem
2361 1482 2480 1538 illis
2514 1481 2807 1554 supplicia
2837 1480 3033 1536 miseri
3081 1496 3282 1535 secum
3331 1478 3745 1549 quoquomodo

2089 1576 2387 1644 reputant,
2419 1572 2507 1627 vel
2540 1571 2836 1627 tantillum
2894 1570 3132 1641 quidem
3190 1568 3600 1624 subverentur.
3659 1567 3747 1622 Si-

2091 1662 2330 1734 quidem
2360 1660 2572 1721 Cainus
2605 1660 2850 1717 meritas
2883 1659 3058 1716 caedis
3078 1659 3344 1717 fraternis
3374 1673 3575 1729 poenas
3603 1656 3735 1723 luit,

2090 1756 2229 1807 dum
2261 1752 2439 1824 gemit
2484 1756 2542 1810 et
2586 1751 2859 1823 trepidat,
2909 1753 3086 1821 atque
3134 1764 3237 1820 per
3283 1752 3466 1807 totum
3519 1748 3740 1807 miserm

2089 1843 2223 1900 vitm
2252 1843 2611 1900 curriculum
2642 1840 2924 1900 comitiali
2959 1840 3160 1896 morbo
3202 1839 3447 1897 laborat.
3507 1839 3737 1895 Coranus

2089 1949 2223 1991 vero
2254 1938 2311 1989 et
2342 1934 2561 1991 Abiron
2612 1938 2784 1989 terrae
2824 1931 3092 2000 abcessu,
3153 1933 3332 2000 atque
3391 1929 3462 1987 ad
3522 1928 3740 1987 inferos

2084 2038 2217 2080 cum
2253 2024 2528 2080 universa
2559 2021 2784 2078 familia
2830 2021 3139 2086 descensu,
3172 2018 3547 2077 condemnati
3578 2022 3740 2079 sunt.

2156 2114 2332 2168 Porro
2365 2113 2678 2168 Sodomitas
2712 2111 2846 2181 igne
2899 2110 3127 2165 coalitus
3176 2108 3236 2163 in
3268 2106 3609 2178 Pentapolin
3642 2107 3742 2162 de-

2089 2201 2266 2257 misso
2298 2203 2614 2273 perierunt,
2645 2202 2796 2273 quod
2831 2200 3073 2271 quidem
3100 2199 3139 2254 ii
3173 2198 3274 2270 qui
3309 2195 3570 2253 mascula
3600 2195 3740 2251 libi-

2086 2292 2225 2346 dine
2283 2296 2579 2364 pruriunt,
2640 2290 2964 2346 etiamnum
3015 2290 3310 2345 fructuum
3374 2285 3740 2343 cinereorum

2087 2382 2479 2453 perceptione,
2518 2385 2803 2452 terraeque
2829 2378 3115 2448 siccitate,
3141 2382 3197 2434 et
3227 2375 3595 2435 inhabitabili
3614 2375 3737 2433 sole

2086 2469 2461 2526 erudiuntur.

2154 2559 2338 2615 Judas
2371 2560 2626 2632 denique
2655 2559 2806 2615 ultro
2843 2559 3130 2630 seipsum,
3154 2557 3318 2614 nulla
3339 2574 3575 2629 prorsus
3609 2574 3741 2628 per-

2085 2652 2251 2719 cepta
2284 2649 2549 2703 mercede
2579 2648 2978 2721 strangulans,
3008 2648 3187 2703 vitam
3236 2647 3443 2719 laqueo
3469 2647 3735 2718 abrupit.

2086 2740 2270 2804 Quam
2302 2755 2433 2795 vero
2478 2738 2737 2811 apposite
2779 2739 3076 2797 daemonas
3135 2754 3364 2810 quoque
3401 2754 3517 2795 suae
3579 2737 3738 2809 ipso-

2084 2842 2217 2880 rum
2251 2826 2514 2882 libidinis
2545 2832 2602 2882 et
2646 2828 3106 2899 intemperantiae
3157 2828 3454 2898 praefectos
3508 2828 3739 2882 confin-

2082 2916 2257 2987 gunt?
2285 2918 2353 2973 At
2384 2926 2515 2974 vero
2547 2932 2672 2989 qum
2699 2919 2926 2974 societas
2959 2918 3068 2973 luci
3098 2916 3167 2972 ad
3197 2918 3443 2972 tenebras
3471 2917 3518 2951 ⁶²
3543 2920 3565 2972 P
3596 2915 3735 2988 quid

2080 3004 2247 3061 Judae
2278 3010 2334 3061 et
2362 3004 2537 3061 Paulo
2571 3023 2878 3063 commune
2899 3005 2927 3061 Ῥ
2982 3011 3044 3062 ut
3075 3006 3233 3061 illius
3267 3005 3501 3079 quidem
3540 3005 3728 3062 Evan-

2082 3094 2302 3168 gelium
2336 3097 2683 3169 proferatur,
2721 3097 2818 3170 qui
2855 3113 2924 3154 ne
2959 3095 3201 3151 auribus
3249 3095 3484 3171 quidem
3534 3095 3732 3151 Domi-

2083 3201 2224 3239 num
2267 3202 2299 3241 a
2331 3185 2578 3242 mortuis
2611 3184 2956 3252 surrexisse,
2993 3189 3310 3259 gentesque
3356 3182 3535 3240 ﬁdem
3566 3183 3733 3239 Chri-

2083 3274 2336 3331 stianam
2371 3275 2609 3335 edoctae
2643 3292 2770 3335 esse
2792 3276 3072 3348 percepit,
3106 3275 3209 3347 qui
3241 3273 3502 3346 seipsum
3533 3275 3733 3331 eodem

2383 3364 2778 3436 suspenderit,
2822 3381 2937 3436 quo
2967 3362 3280 3421 Dominum
3315 3363 3610 3437 prodidit:
3653 3364 3733 3420 ita

2078 3457 2142 3509 ut
2173 3453 2382 3525 perire,
2410 3470 2585 3527 quam
2636 3453 2874 3511 sceleris
2933 3454 3211 3528 poenitere
3266 3454 3581 3512 maluerit:
3617 3454 3727 3509 hu-

2068 3543 2172 3614 jus
2202 3559 2335 3600 vero
2368 3542 2601 3601 libellus
2655 3543 3089 3601 commentitius
3122 3544 3281 3601 omni
3326 3544 3729 3602 obscaenitatis

2077 3632 2269 3704 specie
2300 3632 2550 3693 refertus
2580 3634 2924 3706 conﬁgatur,
2986 3650 3118 3690 cum
3151 3637 3347 3690 tamen
3378 3634 3571 3691 dicat:
3632 3636 3728 3691 Se-

2071 3726 2311 3797 quimini
2330 3725 2908 3792 sanctimoniamgine
2930 3741 3038 3798 qua
3054 3740 3213 3783 nemo
3240 3725 3443 3782 videbit
3470 3725 3722 3781 Deum”.

2075 3814 2242 3884 Item,
2269 3815 2491 3884 Castigo
2516 3830 2712 3886 corpus
2744 3831 2944 3884 meum,
2970 3823 3021 3871 et
3052 3816 3113 3870 in.
3146 3817 3464 3873 servitutem
3516 3814 3727 3885 redigo,

2076 3919 2146 3959 ne
2162 3906 2304 3974 forte
2333 3921 2459 3961 cum
2489 3904 2619 3960 aliis
2666 3904 3113 3977 praedicaverim,
3148 3907 3262 3979 ipse
3308 3906 3578 3974 reprobus
3603 3905 3729 3981 efﬁ-

2076 3996 2198 4051 ciar
2221 3994 2288 4048 64.
2322 3995 2466 4051 Item
2501 3995 2561 4053 in
2592 3995 2853 4071 Epistola
2894 3997 2965 4053 ad
3020 3995 3369 4065 Corinthios,
3403 3996 3475 4054 de
3532 4013 3599 4053 eo
3630 3996 3731 4071 qui

2077 4102 2210 4143 cum
2244 4102 2488 4143 noverca
2519 4103 2581 4141 se
2612 4085 2923 4161 polluerat,
2954 4086 3111 4143 hunc
3141 4086 3200 4145 in
3233 4087 3474 4143 modum
3507 4085 3730 4147 scribit:

2076 4177 2185 4248 Ego
2228 4178 2453 4249 quidem
2502 4176 2695 4235 absens
2746 4192 2992 4248 corpore,
3045 4179 3169 4253 jam
3234 4193 3472 4249 presens
3547 4183 3731 4237 autem

2076 4265 2277 4335 spiritu
2298 4263 2571 4338 judicavi,
2605 4274 2665 4320 ut
2701 4279 2949 4339 praesens
3003 4281 3148 4337 eum,
3189 4267 3289 4337 qui
3347 4268 3426 4322 sic
3477 4270 3732 4343 operatus

2077 4360 2157 4411 est
2217 4356 2279 4411 in
2308 4354 2531 4413 nomine
2562 4356 2790 4412 Domini
2818 4357 3001 4413 nostri
3040 4357 3164 4412 Jesu
3225 4351 3458 4426 Christi,
3512 4359 3731 4415 tradere

2078 4444 2392 4513 huiusmodi
2422 4444 2670 4513 Satanae,
2702 4447 2761 4500 in
2791 4445 3086 4501 interitum
3138 4446 3349 4517 carnis,
3400 4451 3459 4503 ut
3505 4449 3733 4520 spiritus

2076 4537 2258 4591 Salvus
2305 4536 2379 4591 sit
2423 4535 2485 4591 in
2525 4536 2615 4593 die
2656 4537 2877 4593 Domini
2917 4538 3046 4592 Iesu
3109 4536 3176 4592 ⁵⁵.
3224 4541 3292 4593 Et
3342 4539 3519 4612 paulo
3560 4545 3733 4611 post:

2079 4628 2255 4696 Quare
2285 4641 2398 4681 non
2425 4628 2605 4696 magis
2637 4626 2913 4699 iniuriam
2950 4626 3243 4698 accipitis?
3272 4644 3444 4699 quare
3471 4645 3578 4684 non
3610 4647 3732 4685 ma-

312 4714 550 4787 brisque
582 4715 757 4784 digna
780 4718 939 4769 sunt.
975 4716 1120 4769 Cum
1150 4713 1305 4769 enim
1366 4712 1566 4769 Caiani
1599 4714 1713 4769 duo
1746 4713 1961 4785 princi-
1997 4710 2039 4777 D
2079 4716 2167 4787 gis
2209 4716 2467 4787 fraudem
2494 4716 2809 4789 patimini?
2852 4717 2944 4772 sed
2993 4733 3085 4773 vos
3143 4719 3414 4790 mjuriam
3441 4719 3639 4789 facitis
3681 4725 3734 4776 et

306 4805 406 4878 pia
434 4804 773 4876 pradicant,
806 4803 1021 4876 quibus
1078 4819 1273 4860 rerum
1307 4802 1667 4859 universitas
1700 4808 1926 4860 constet
1955 4818 1968 4859 :

314 4911 562 4967 quorum
599 4894 849 4950 alterum
897 4892 1166 4962 debilius,
1219 4893 1468 4949 alterum
1522 4893 1729 4949 fortius
1776 4892 1870 4965 sit,
1904 4908 1974 4948 ex

311 4985 542 5041 duabus
574 4984 691 5040 illis
724 4983 1113 5056 potestatibus
1145 4983 1365 5054 primos
1423 4986 1695 5054 parentes
1740 4998 1969 5057 proces-

311 5075 457 5131 sisse
519 5076 703 5131 aiunt.
760 5074 975 5129 Deinde
1022 5088 1155 5129 vero
1232 5073 1402 5128 ambo
1453 5073 1580 5128 Evae
1631 5071 1970 5141 adhaesisse,

310 5173 484 5237 atque
517 5182 585 5221 ex
630 5164 912 5221 debiliore
960 5166 1243 5235 potestate
1302 5162 1539 5219 Abelem
1594 5167 1971 5236 prognatum,

309 5258 666 5327 crateresque
718 5270 944 5318 omnes,
999 5252 1097 5323 qui
1141 5251 1302 5307 illum
1350 5252 1536 5308 secuti
1591 5253 1817 5308 cultum
1868 5250 1969 5307 Dei

310 5344 627 5415 amplexati
661 5349 841 5400 sunt:
879 5359 947 5399 ex
994 5341 1170 5398 altera
1214 5358 1372 5411 vero,
1405 5358 1533 5414 quae
1578 5340 1868 5415 potentior
1899 5340 1970 5398 ab

306 5434 431 5491 illis
465 5435 700 5506 dicitur,
734 5434 1000 5500 Cainum,
1046 5435 1330 5501 Consum,
1384 5437 1440 5489 et
1487 5434 1801 5490 Abironem
1835 5448 1969 5506 pro-

310 5527 582 5594 cessisse,
617 5528 790 5597 atque
817 5526 960 5581 adeo
1001 5522 1352 5579 Sodomitas:
1384 5529 1439 5578 et
1470 5522 1806 5599 quicunque
1835 5525 1970 5580 illos

308 5616 519 5685 secuti,
579 5615 836 5686 luxuque
884 5614 1240 5683 diiiluentes,
1313 5613 1569 5669 molliter
1605 5618 1664 5670 et
1721 5613 1971 5670 delicate

2080 4805 2386 4877 fraudatis,
2421 4812 2473 4861 et
2504 4802 2604 4861 hoc
2657 4802 2947 4876 fratribus.
2988 4806 3071 4860 An
3114 4804 3338 4862 nescitis
3392 4808 3521 4878 quia
3552 4806 3734 4880 iniqui

2083 4910 2317 4965 regnum
2351 4897 2445 4951 Dei
2490 4911 2603 4950 non
2646 4895 3056 4965 possidebunt?
3103 4896 3282 4952 Nolite
3309 4912 3528 4954 errare:
3558 4914 3734 4971 neque

2081 4978 2404 5057 fornicarii,
2449 5000 2621 5057 nequc
2669 4983 2834 5040 idolis
2878 4986 3191 5057 servientes,
3237 5002 3409 5060 neque
3466 4988 3730 5055 adulteri,

2082 5088 2256 5145 neque
2286 5074 2496 5141 molles,
2553 5089 2732 5145 neque
2776 5075 3153 5130 masculorum
3206 5078 3605 5148 concubitores,
3635 5096 3734 5136 nc-

2081 5181 2187 5236 que
2214 5171 2640 5235 [ures,ncneque
2662 5163 2841 5231 avari,
2866 5180 3045 5235 neque
3084 5164 3311 5236 ebriosi,
3339 5184 3515 5240 neque
3560 5170 3731 5225 male-

2081 5254 2210 5318 dici,
2244 5268 2416 5324 neque
2445 5268 2690 5324 rapaces,
2723 5268 2958 5323 regnum
2987 5254 3084 5309 Dei
3112 5258 3463 5327 possidebunt
3492 5256 3561 5314 ⁸⁸.

2151 5342 2342 5398 Verba
2372 5346 2565 5397 autem
2628 5340 2729 5397 illa
2785 5359 2898 5398 non
2954 5344 3276 5417 referenda,
3334 5363 3465 5418 quae
3514 5346 3733 5404 Paulus

2082 5432 2326 5488 auribus
2358 5432 2575 5500 hausit,
2627 5448 2757 5503 qua:
2816 5434 2976 5489 nefas
3008 5440 3094 5490 est
3150 5436 3375 5491 nomini
3432 5435 3617 5509 loqui,
3648 5438 3734 5493 vel

2081 5538 2205 5595 quae
2239 5523 2309 5577 ad
2339 5522 2515 5577 fidem
2552 5538 2664 5575 non
2696 5522 3006 5595 aediﬁcant,
3044 5528 3281 5596 propter
3328 5525 3594 5596 ipsorum
3628 5544 3732 5584 no-

2078 5614 2338 5681 vitatem,
2372 5617 2430 5669 et
2462 5616 2683 5669 naturae
2719 5612 2983 5670 humanae
3025 5615 3451 5684 inﬁrmitatem,
3500 5635 3620 5689 qua
3643 5621 3729 5688 ﬁt,

374 5797 421 5832 ⁸³
454 5797 502 5852 ΙΙ
535 5798 664 5854 Cor.
699 5814 774 5865 vr,
810 5798 892 5852 14.
970 5796 1018 5831 ⁸³
1046 5798 1223 5853 Hebr.
1257 5814 1359 5869 xu,
1394 5798 1480 5852 14.
1558 5796 1605 5832 ⁶⁴
1636 5798 1657 5852 Ι
1688 5801 1816 5852 Cor.
1853 5815 1929 5868 IX,
1960 5797 1972 5850 ε

2130 5796 2179 5831 ⁸⁵
2208 5798 2234 5851 Ι
2264 5796 2393 5853 Cor.
2429 5814 2482 5867 v,
2516 5798 2550 5851 3
2584 5813 2746 5869 seqq.
2821 5800 2917 5871 “,1
2946 5801 3073 5857 Cor.
3107 5815 3187 5870 v1,
3218 5801 3253 5853 7
3282 5818 3448 5874 seqq.
