2026 3193
160 208 234 237 1271

160 277 193 302 ut
209 282 265 301 non
284 274 368 302 facile
383 274 548 302 auditiones
565 274 733 309 hujusmodi
754 272 904 309 percipiat,
923 280 985 306 qua:
1001 274 1024 305 Α

162 319 311 346 divinitate
327 321 446 347 casteras
459 320 643 347 antecedunt.

197 365 258 397 Quo
273 363 361 391 etiam
379 364 477 391 referri
488 363 684 399 evangelicum
702 363 777 390 hanc
793 362 985 390 assertionem

162 407 296 435 existimo
311 416 317 435 :
335 407 428 434 Adhuc
443 408 530 435 multa
552 408 635 435 habeo
657 407 730 435 vobis
745 407 844 441 dicere,
859 406 907 434 sed
929 413 984 432 non

161 454 274 489 potestis
297 457 407 488 portare
426 453 505 480 modo
515 452 549 479 ⁸⁷.
570 453 657 480 Item:
683 452 751 480 Sunt
766 454 856 480 autem
877 454 902 478 et
927 451 986 478 alia

163 498 262 531 multa,
279 505 341 533 quae
367 497 433 533 fecit
458 499 534 525 Jesus
562 497 591 525 in
616 500 762 533 conspectu
785 497 986 531 discipulorum

163 551 298 571 suorum:
315 551 373 577 qum
388 542 413 570 si
431 543 591 570 scribantur
609 551 659 579 per
681 542 805 577 singula,
833 549 883 569 nec
896 543 987 576 ipsum

164 588 286 616 arbitror
301 588 433 615 mundum
447 596 544 624 capere
558 596 632 624 posse
646 596 690 616 eos
709 588 758 623 qui
772 587 915 615 scribendi
923 588 987 613 sunt

165 633 248 661 libros
263 632 295 659 ⁸⁸.
311 632 363 660 Vel
390 633 460 669 quia
486 634 555 667 vita,
581 641 644 669 quis
659 633 821 660 secundum
837 631 986 659 Christum

163 680 217 712 est,
234 682 321 713 atque
336 678 407 705 adeo
437 686 560 714 regnum
589 678 740 711 caelorum,
771 676 986 713 quodammodo

162 723 244 756 latet,
260 731 312 750 nec
327 723 447 750 omnino
463 723 518 750 sub
534 725 686 759 aspectum
703 722 789 750 cadit.
807 722 866 749 Hoc
887 729 986 755 sensu,

163 778 220 797 non
237 769 333 797 solum
345 770 421 796 bona
436 768 530 805 ipsius
546 769 685 797 humanis
712 768 873 796 rationibus
890 767 988 803 pervia

163 822 221 842 non
237 816 318 847 sunt,
335 814 387 841 sed
403 822 437 841 ne
449 814 587 848 mysteria
607 813 726 849 quidem
741 812 873 848 ejusdem
890 812 986 839 doceri

164 861 192 886 et
207 858 316 894 percipi
332 860 464 894 possunt.
491 858 565 886 Illud
594 866 719 893 quoque,
744 857 856 885 Audivi:
883 864 987 884 arcana

163 904 257 935 verba,
275 910 339 939 qum
362 911 418 930 non
444 903 509 930 licet
536 902 644 930 homini
674 902 797 938 loqui",
828 902 866 929 ita
895 901 987 937 accipi

166 950 280 984 potest:
298 949 407 983 Raptus
424 947 528 975 Paulus
553 946 604 975 illa
627 947 749 974 minime
773 946 876 981 linguas
893 947 990 981 cujus-
1004 946 1028 978 B

167 1000 256 1027 quam
272 992 464 1028 explicatione
487 992 626 1028 percepit,
650 992 699 1020 sed
730 991 773 1018 illi
802 991 894 1019 animi
917 991 993 1027 parti

168 1045 229 1073 qua:
246 1037 367 1065 rationis
384 1039 428 1064 est
443 1037 599 1073 particeps,
615 1036 723 1064 tacitus
739 1036 899 1072 impressit.
916 1036 993 1064 Deus

168 1083 246 1110 enim
262 1090 448 1118 nequaquam
466 1090 533 1109 voce
545 1081 731 1117 colloquitur,
749 1089 913 1116 arcanaque
928 1089 995 1117 sug-

171 1127 256 1163 gerit,
276 1127 327 1154 sed
343 1126 394 1154 illa
422 1135 523 1154 eorum
544 1126 652 1154 animis
668 1126 782 1160 inserit,
808 1134 880 1161 quos
905 1125 995 1154 collo-

171 1172 240 1208 quio
252 1171 400 1207 dignatur.
418 1172 530 1203 Quibus
545 1171 634 1206 igitur
649 1171 764 1199 arcanis
790 1170 870 1198 nullo
886 1170 993 1206 linguae

172 1216 334 1244 ministerio
351 1216 485 1243 initiatus
500 1218 554 1249 est,
572 1224 606 1244 ea
618 1216 706 1243 etiam
737 1223 773 1242 ne
799 1214 901 1251 lingua
929 1214 993 1249 qui-

172 1262 236 1288 dem
250 1260 392 1296 explicare
407 1260 506 1289 voluit.

504 1314 579 1342 CAP.
599 1313 657 1342 XII.

244 1368 412 1398 Duodecima
431 1368 555 1401 haeresis,
573 1368 778 1397 Sethianorum.
801 1368 835 1395 Ili
850 1367 941 1403 bapti-

526 1410 635 1431 saritur.

203 1458 334 1487 Sethiani
350 1459 385 1486 ab
411 1458 522 1494 angelis
538 1460 644 1486 cuncta
673 1460 769 1485 ortum
800 1457 906 1485 ducere
934 1459 995 1484 tra-

168 1503 242 1530 dunt
259 1511 265 1530 :
283 1505 371 1538 atque
387 1503 461 1530 duos
477 1503 506 1530 in
524 1502 626 1537 primis
657 1502 801 1536 homines,
827 1502 951 1529 Cainum
968 1503 996 1529 et

168 1547 298 1575 Abelem.
316 1549 354 1575 De
370 1547 479 1583 quibus
495 1555 560 1574 cum
577 1546 735 1581 aliquando
751 1546 829 1574 inter
849 1554 879 1574 se
900 1545 996 1581 angeli

167 1592 383 1620 contentiosius
399 1591 644 1627 digladiarentur,
671 1590 788 1619 Abelem
805 1590 913 1619 Cainus
941 1599 994 1618 an-

167 1636 299 1673 gelorum
316 1637 467 1663 fortiorum
485 1635 593 1663 auxilio
609 1635 764 1663 interiecit.
787 1635 847 1667 Quo
874 1636 991 1671 cognito
1012 1636 1033 1669 C

169 1682 303 1717 superior
318 1680 367 1708 illa
381 1681 482 1714 virtus,
497 1689 585 1716 quam
613 1683 736 1708 matrem
763 1681 850 1708 etiam
875 1683 991 1715 vocant,

168 1734 242 1762 puro
254 1725 365 1753 semine
380 1728 528 1760 suscepto,
545 1725 666 1753 Sethum
683 1726 718 1752 ad
739 1726 861 1760 justitiss
878 1725 991 1754 stabili-

170 1772 312 1804 mentum,
324 1769 503 1805 seminisque
519 1769 661 1797 delectum
678 1771 799 1798 afﬁnxit.
816 1773 991 1806 Temporum

169 1824 255 1851 porro
272 1823 409 1842 successu
425 1822 532 1850 genera
542 1813 592 1842 illa
607 1814 674 1849 duo,
693 1815 802 1848 Abelis,
814 1815 947 1851 inquam,
964 1817 993 1843 et

167 1860 259 1895 Caini,
275 1859 428 1888 commista
445 1862 522 1886 sunt.
536 1859 701 1891 Quinetiam
727 1860 834 1895 angeli,
857 1861 906 1895 qui
931 1860 993 1887 Cai-

168 1913 239 1932 num
257 1907 284 1931 et
300 1904 416 1931 Alielem
430 1904 636 1937 formaverunt,
652 1912 717 1931 cum
732 1905 990 1932 viderentillorum

168 1949 252 1981 tilias,
275 1949 350 1983 quod
369 1948 494 1983 pulchra
512 1952 619 1981 essent,
637 1957 697 1975 rem
714 1957 780 1975 cum
806 1948 864 1975 illis
880 1949 990 1976 habue—

167 1996 244 2020 runt.
258 1994 337 2025 Quod
355 2001 422 2019 cum
438 1993 572 2028 superior
588 1995 682 2020 mater
698 1993 745 2020 illa
764 1993 894 2027 vidisset,
912 1994 989 2020 dilu-

166 2038 244 2065 vium
260 2037 394 2070 immisit,
415 2039 443 2064 et
471 2041 629 2073 utrumque
659 2046 751 2072 genus
779 2039 989 2073 pessumdedit,

165 2091 198 2110 eo
210 2082 270 2110 solo
287 2090 390 2117 genere
415 2082 582 2116 superstite,
609 2083 683 2117 quod
712 2092 728 2110 a
757 2083 843 2110 Setho
870 2083 989 2110 descen-

166 2128 256 2154 derat.
274 2129 413 2153 Czeterum
431 2126 459 2153 hi
477 2126 616 2159 Sethiani,
629 2127 662 2154 ad
676 2135 768 2162 nugas
784 2128 860 2162 quod
875 2128 988 2163 attinet,

166 2180 239 2206 quas
255 2172 290 2198 de
306 2171 417 2206 angelis
428 2173 455 2197 et
472 2171 663 2205 potestatibus
681 2171 899 2206 circumferunt,
917 2173 989 2199 mire

166 2224 232 2243 cum
249 2215 364 2243 Caianis
381 2216 566 2243 conveniunt.

321 2269 458 2296 Horresco:
477 2269 652 2304 priuredcntz's
667 2271 831 2304 con/utalia.

200 2322 330 2350 Sethiani
354 2331 386 2349 eo
402 2323 470 2350 dicti
502 2325 582 2356 sunt,
605 2323 680 2357 quod
707 2323 793 2350 Setho
811 2324 987 2360 adhaereant,
1005 2325 1027 2356 D

164 2369 287 2403 ejusque
303 2367 368 2394 vitae
385 2367 552 2394 institutum
573 2368 727 2402 magniﬁce
739 2368 868 2396 eﬂ'erant.
882 2370 987 2401 Quem-

165 2413 321 2440 admodum
339 2414 366 2439 et
388 2412 495 2446 Caiani,
521 2413 597 2447 quod
624 2413 703 2439 Caini
730 2414 836 2448 placita
860 2423 915 2450 prce
932 2424 986 2443 cae-

166 2457 234 2484 teris
250 2457 306 2483 sibi
322 2462 526 2492 proponerent,
551 2466 640 2492 caque
669 2462 872 2493 sequerentur.
900 2463 986 2488 Porro

163 2501 411 2537 quemadmodum
428 2502 584 2530 Cainorum
602 2503 740 2538 dogmata
763 2507 879 2539 propter
903 2505 988 2531 foedi—

163 2548 251 2573 tatem
278 2547 450 2574 detestanda
470 2549 550 2580 sunt,
572 2547 611 2574 ita
640 2548 786 2576 Sethianis
811 2548 985 2577 orthodoxe-

162 2599 227 2618 rum
244 2593 335 2619 ccetus
352 2591 470 2618 omnino
487 2592 705 2620 intcrdicendus
722 2596 776 2625 est,
802 2595 985 2630 quandoqui-

162 2637 227 2663 dem
242 2635 357 2664 illorum
372 2636 543 2663 traditiones
557 2637 669 2664 veritati
694 2646 749 2665 non
772 2641 842 2665 sunt
867 2647 985 2666 consen-

161 2683 264 2714 taneas,
282 2682 340 2708 imo
357 2689 373 2707 a
388 2680 516 2707 Mosaica
541 2681 695 2717 disciplina
721 2692 842 2718 prorsus
872 2684 982 2712 alienae.

162 2724 234 2751 Cum
249 2725 325 2752 enim
343 2725 437 2752 Moses
458 2726 492 2752 de
509 2725 597 2758 hujus
623 2727 748 2755 universi
775 2729 984 2757 constitutione

163 2767 258 2794 dicere
283 2770 494 2805 proposuisset,
519 2771 552 2797 1η
575 2772 712 2806 principio
741 2772 846 2808 inquit,
872 2775 982 2809 creavit,

199 2825 320 2873 6[3:10am
336 2841 392 2873 xﬁw.
412 2834 453 2859 12.
506 2833 530 2849 ⁸⁸
545 2833 629 2861 Joan.
647 2843 704 2868 xx1,
720 2836 764 2863 23.
817 2838 840 2853 δι’
855 2838 880 2864 ll
895 2839 960 2865 Cor.
976 2847 1026 2873 xu,

161 2860 187 2877 7³
199 2833 320 2877 :AJhoan.
336 2841 392 2877 ξνι.
412 2834 453 2859 12.
506 2833 530 2849 ⁸⁸
545 2833 629 2861 Joan.
647 2843 704 2868 xx1,
720 2836 764 2863 23.

202 2860 273 2890 Gen.
289 2874 327 2901 γι,
342 2868 369 2896 2,

820 205 974 237 NICET/E
995 202 1209 235 CHONIATE

1796 201 1884 233 1272

1043 271 1113 297 Deus
1128 270 1225 297 cretum
1239 270 1264 296 et
1275 272 1381 296 terram
1391 267 1425 295 7°.
1451 267 1561 296 Deinde
1582 267 1760 303 quibusdam
1785 277 1882 305 expo-

1043 315 1120 349 sitis,
1135 313 1238 342 Adami
1255 314 1283 340 et
1309 312 1372 342 Evaa
1403 313 1621 348 generationem
1646 312 1801 341 edisserit:
1820 321 1880 341 eo-

1044 360 1179 389 rumdem
1196 359 1310 395 lapsum
1326 360 1414 394 atque
1429 367 1444 386 e
1459 359 1595 394 paradiso
1611 358 1746 386 exsilium
1774 359 1880 394 subji—

1044 406 1133 434 ciens.
1164 406 1266 433 Postea
1294 412 1362 432 vero
1391 405 1433 433 sic
1462 404 1521 432 ait:
1551 404 1636 432 Adam
1656 412 1718 432 vero
1745 407 1881 440 cognovit

1043 459 1159 479 uxorem
1172 458 1252 477 suam
1268 449 1361 483 Evam,
1378 456 1441 485 qua:
1454 450 1577 485 concepit
1591 453 1617 477 et
1630 450 1734 485 peperit
1751 450 1821 477 Cain
1838 450 1878 477 τί.

1044 496 1132 524 Paulo
1150 496 1215 531 post
1238 494 1337 522 Abelis
1362 502 1479 530 quoque
1508 494 1690 522 nativitatem
1719 495 1879 528 describit,

1045 549 1103 569 non
1120 540 1183 568 sine
1198 540 1305 568 artium
1321 538 1554 574 enumeratione,
1570 539 1600 566 in
1616 539 1726 575 quibus
1747 547 1778 567 se
1794 542 1881 567 uter-

1046 594 1104 622 que
1119 585 1278 613 exercebat.

1080 632 1230 660 Virtutum
1246 639 1343 667 porro,
1360 639 1424 667 quas
1440 630 1572 659 materiei
1598 639 1719 666 prorsus
1743 637 1883 660 exsortes

1046 681 1137 706 Deum
1153 677 1357 710 circumstant,
1371 675 1483 704 nullam
1498 678 1592 704 Moses
1609 685 1702 712 neque
1719 677 1747 704 in
1770 678 1885 706 Genesi

1047 730 1144 757 neque
1161 722 1190 749 in
1218 722 1314 749 Exodo
1341 721 1520 749 mentionem
1547 721 1624 755 fecit,
1649 721 1706 749 nisi
1737 722 1832 750 semel
1851 724 1882 751 in

1047 767 1178 800 Cantico,
1195 767 1242 794 his
1257 766 1354 794 verbis
1368 775 1375 793 :

1084 812 1230 840 Constituit
1259 812 1390 839 terminos
1415 811 1581 846 populorum
1607 812 1692 847 juxta
1727 821 1883 841 numerum

1047 855 1213 892 angelorum
1227 856 1286 891 ejus
1302 855 1333 882 72.
1350 856 1437 883 Jesus
1454 864 1539 890 porro
1554 855 1631 882 Nave
1647 858 1730 884 nocte
1747 857 1775 884 in
1793 865 1881 885 exer-

1047 902 1105 928 citu
1123 899 1294 928 Michaelem
1312 900 1465 928 Dominicis
1483 899 1593 929 militiae
1617 901 1789 937 principem,
1808 910 1882 930 cum

1048 945 1180 973 districto
1196 945 1293 981 gladio
1308 945 1390 972 vidit.
1413 945 1556 973 Caeterum
1580 946 1609 973 in
1627 946 1663 974 iis
1677 947 1884 982 generationi—

1049 991 1115 1023 bus,
1133 998 1196 1025 quae
1212 991 1343 1025 tempora
1359 990 1407 1017 illa
1419 990 1580 1018 subsecuta!
1593 993 1672 1026 sunt,
1684 1000 1701 1019 a
1713 992 1883 1026 judicibus,

1049 1034 1212 1071 prophetis,
1229 1034 1353 1070 aliisque
1366 1034 1483 1069 justitia
1498 1035 1662 1063 celebribus
1686 1036 1756 1064 viris
1779 1045 1884 1065 coram

1049 1080 1104 1107 visi
1121 1081 1191 1107 sunt
1207 1079 1313 1115 angeli,
1330 1079 1381 1114 qui
1393 1079 1466 1106 nihil
1478 1079 1558 1107 aliud
1568 1087 1632 1108 esse
1640 1081 1883 1117 videntur,quam

1050 1127 1161 1152 naturas
1179 1124 1314 1159 quaedam
1330 1123 1488 1158 simplices,
1499 1133 1562 1160 quis
1580 1125 1661 1153 nullo
1672 1126 1758 1153 modo
1774 1129 1827 1154 aut
1840 1128 1887 1156 vis

1049 1169 1078 1196 in
1101 1168 1215 1204 pejores
1243 1164 1342 1203 partes
1371 1169 1543 1195 transversae
1571 1169 1745 1204 rapiuntur:
1777 1171 1887 1199 divinas

1051 1213 1167 1249 quidem
1183 1212 1324 1239 claritatis
1340 1221 1471 1248 capaces,
1489 1221 1506 1240 a
1521 1215 1651 1241 nostrate
1672 1223 1737 1242 vero
1761 1224 1886 1245 concrc-

1050 1258 1130 1285 tione
1146 1256 1289 1285 materiali
1307 1264 1427 1292 prorsus
1443 1257 1602 1286 immunes.

1086 1301 1229 1329 Caeterum
1246 1301 1276 1328 hi
1298 1301 1440 1335 Sethiani,
1457 1302 1539 1330 nulla
1564 1303 1730 1332 divinorum
1760 1313 1883 1334 eorum-

1051 1347 1177 1381 demque
1206 1345 1400 1373 Mosaicorum
1424 1345 1603 1381 scriptorum
1628 1346 1729 1376 habita
1754 1350 1882 1384 ratione,

1051 1391 1106 1418 hoc
1121 1390 1249 1418 universi
1265 1398 1371 1425 corpus
1388 1390 1423 1417 ab
1445 1391 1558 1426 angelis
1585 1392 1780 1421 constitutum
1797 1404 1883 1424 asse-

1052 1437 1121 1463 runt
1132 1444 1147 1462 a
1165 1435 1274 1471 quibus
1290 1435 1398 1463 Cainus
1413 1436 1442 1463 et
1459 1435 1530 1463 Abel
1550 1436 1639 1472 primi
1655 1438 1744 1466 creati
1759 1439 1882 1474 fuerint,

1051 1480 1220 1516 suppressis
1239 1481 1405 1515 parentum,
1428 1480 1533 1508 Adami
1549 1481 1662 1509 scilicet
1692 1483 1812 1520 Evteque
1825 1494 1882 1513 no-

1051 1525 1193 1553 minibus.
1210 1525 1317 1552 Deinde
1330 1525 1449 1552 Abelem
1466 1534 1483 1552 a
1511 1526 1600 1554 Caino
1623 1528 1790 1563 angelorum
1816 1530 1880 1558 fora

1051 1570 1159 1598 tiorum
1176 1578 1229 1605 ope
1245 1570 1432 1598 interfectum
1448 1571 1578 1598 tradunt.
1595 1572 1630 1599 Et
1646 1573 1723 1608 quod
1751 1575 1882 1604 maxime

1051 1615 1213 1643 absurdum
1229 1616 1284 1649 est,
1301 1623 1335 1642 ex
1349 1615 1447 1642 divina
1463 1615 1590 1651 quadam
1607 1617 1725 1651 virtute,
1743 1619 1786 1647 sic
1802 1621 1884 1649 enim

1048 1663 1163 1694 vocant,
1179 1668 1242 1695 qum
1255 1668 1271 1687 a
1287 1661 1370 1687 Patre
1386 1660 1496 1687 caelesti
1511 1668 1610 1689 semen
1627 1667 1812 1699 conceperat,
1829 1666 1884 1694 Se-

1048 1705 1132 1732 tbum
1150 1707 1251 1732 natum
1269 1704 1449 1733 fabulantur.
1475 1705 1569 1741 impia
1594 1715 1679 1742 porro
1704 1709 1792 1737 verba
1817 1710 1883 1739 haec

1049 1750 1205 1786 praestigiis
1223 1750 1317 1786 magis
1338 1750 1438 1785 impiis
1453 1750 1650 1786 cumulantes,
1671 1754 1791 1789 angelos
1807 1763 1880 1784 cum

1049 1795 1221 1823 mulieribus
1247 1803 1419 1830 congressos
1435 1795 1581 1831 intrepide
1606 1802 1753 1832 asserunt,
1783 1808 1880 1836 quaen

1047 1840 1136 1867 Caino
1152 1842 1181 1868 et
1203 1839 1291 1867 Abele
1311 1840 1539 1875 descenderant;
1566 1844 1594 1869 et
1618 1846 1761 1878 quantum
1783 1847 1884 1881 conje-

1048 1885 1136 1912 cturis
1150 1892 1301 1919 assequor,
1331 1884 1438 1911 auditis
1456 1885 1500 1912 his
1516 1886 1630 1914 Moseos
1644 1887 1760 1915 verbis:
1782 1890 1884 1918 Viden-

1047 1933 1085 1955 tes
1097 1929 1150 1963 ﬁlii
1168 1929 1215 1955 Dei
1229 1929 1302 1962 ﬁlias
1319 1929 1472 1962 hominum,
1490 1930 1564 1965 quod
1577 1931 1705 1965 pulchra
1718 1937 1817 1968 essent,
1829 1944 1883 1962 ac-

1046 1978 1175 2009 ceperunt
1194 1974 1248 2000 sibi
1264 1973 1405 2005 uxores”,
1425 1974 1500 2001 filios
1525 1975 1572 2002 Dei
1590 1976 1671 2004 nullo
1694 1978 1809 2012 judicio
1827 1989 1884 2008 au-

1047 2018 1126 2053 gelos
1144 2018 1343 2051 nominarunt,
1373 2019 1475 2052 quain
1505 2027 1535 2047 re
1556 2028 1587 2047 se
1610 2029 1761 2056 perversos
1787 2032 1885 2053 sacrm

1047 2063 1201 2097 Scriptores
1225 2063 1407 2097 interpretes,
1434 2065 1533 2098 atque,
1563 2066 1594 2091 ut
1614 2065 1655 2092 ita
1679 2066 1786 2102 dicam,
1814 2070 1884 2098 suis

1046 2108 1174 2143 ipsorum
1192 2108 1345 2134 sententiis
1356 2110 1453 2142 aperte
1464 2113 1661 2145 repugnantes
1671 2113 1881 2143 ostenderunt.

1046 2151 1171 2186 Angelos
1187 2151 1276 2184 enim,
1295 2161 1309 2178 ξι
1321 2152 1429 2186 quibus
1445 2160 1543 2180 rerum
1560 2153 1778 2183 universitatem
1808 2166 1881 2193 pro-

1046 2197 1163 2223 ductam
1182 2197 1272 2223 fuisse
1289 2197 1398 2228 volunt,
1413 2205 1445 2223 ac
1457 2197 1661 2233 sicorporibus
1673 2201 1882 2238 membrisque

1044 2240 1177 2268 virilibus
1195 2250 1251 2268 non
1269 2245 1395 2275 careant,
1414 2241 1488 2269 male
1509 2244 1537 2270 et
1552 2242 1642 2278 impie
1659 2245 1796 2273 muliebri
1813 2249 1882 2283 pul-

1045 2285 1213 2313 chritudine
1237 2289 1338 2321 captos
1369 2290 1518 2320 asserunt,
1554 2296 1676 2324 eamque
1702 2299 1759 2318 non
1788 2300 1880 2322 secus

1044 2330 1141 2357 venari
1159 2338 1212 2357 suo
1230 2331 1379 2365 ﬁgmento,
1395 2333 1482 2366 atque
1500 2339 1553 2359 nos
1574 2332 1662 2361 hamo
1675 2335 1811 2364 natatilia
1827 2346 1882 2365 so—

1045 2375 1151 2401 lemus.
1176 2375 1210 2401 At
1236 2383 1290 2401 non
1318 2375 1356 2401 ita
1379 2384 1410 2402 se
1434 2384 1480 2403 res
1500 2375 1607 2404 habet:
1634 2379 1681 2406 sed
1707 2380 1777 2408 deos
1801 2382 1882 2411 Scri-

1044 2421 1130 2455 ptura
1146 2419 1220 2446 solet
1236 2427 1283 2446 eos
1310 2419 1470 2455 appellare,
1498 2421 1547 2456 qui
1575 2421 1680 2450 virtute
1700 2423 1812 2460 Deique
1830 2435 1879 2455 co-

1043 2464 1174 2499 gnitione
1191 2465 1302 2491 caeteris
1320 2465 1401 2491 facile
1412 2468 1568 2499 praestant:
1585 2467 1681 2502 qualis
1697 2478 1713 2496 δι
1728 2471 1807 2499 Mose
1823 2473 1878 2500 Se-

1042 2509 1110 2536 thus
1141 2509 1327 2543 describitus,
1356 2509 1496 2537 nimirum
1526 2511 1576 2538 Dei
1607 2505 1707 2540 amore
1736 2514 1876 2552 celebris,

1043 2554 1219 2590 piorumque
1235 2554 1332 2581 Abelis
1349 2562 1464 2582 morum
1490 2555 1621 2584 imitator
1641 2559 1849 2589 exactissimus
1867 2571 1876 2590 :

1042 2599 1291 2633 quemadmodum
1305 2601 1332 2626 ct
1347 2599 1475 2626 vaticinii
1502 2600 1566 2635 ejus
1591 2602 1743 2631 character
1760 2605 1800 2632 ita
1814 2607 1877 2635 sibi

1041 2645 1167 2677 constat,
1186 2643 1349 2671 utevariari
1368 2653 1424 2671 non
1456 2645 1559 2680 possit.
1578 2646 1688 2675 Idcirco
1700 2650 1778 2676 enim
1796 2651 1878 2681 inter

1042 2687 1179 2715 homines
1207 2690 1240 2715 (le
1257 2690 1427 2724 rorporibtis
1455 2690 1622 2719 ccclestibus
1648 2693 1879 2730 philosophatus

1040 2736 1095 2765 est,
1114 2734 1300 2768 futuramque
1318 2735 1472 2761 mundanae
1493 2735 1584 2763 totius
1602 2738 1744 2766 machina:
1769 2749 1875 2770 corru~

1041 2778 1168 2812 ptionern
1189 2787 1238 2813 per
1255 2778 1377 2806 alterum
1395 2787 1428 2806 ex
1440 2780 1554 2807 duobus
1567 2781 1720 2810 elementis
1733 2789 1877 2819 praestem

1043 2841 1068 2867 4.
1121 2842 1142 2857 7°
1154 2842 1224 2868 Gen.
1242 2850 1261 2875 ι,
1280 2842 1303 2868 1.
1357 2843 1376 2859 τι
1395 2842 1465 2869 Gen.
1482 2851 1520 2877 IV,
1538 2844 1562 2870 1.
1613 2845 1635 2862 ⁷⁵
1649 2849 1732 2874 Deut.
1753 2856 1822 2883 xxx,
1843 2851 1874 2878 3.
