4052 6440
351 407 507 467 1273

351 633 493 686 adeo
527 630 818 686 columnis
848 631 1078 685 duabus
1139 627 1467 698 inscripsit,
1521 642 1881 699 quacunque
1943 627 2000 680 in

355 720 482 776 cmli
513 720 726 775 tabulis
761 728 930 775 antea
963 720 1198 790 legerat.
1231 717 1654 772 Columnarum
1726 716 1904 772 altera
1936 732 2006 772 ex

352 810 533 866 latere
565 810 753 867 coctili
812 814 1152 881 praeparata,
1218 807 1399 864 altera
1455 807 1642 877 lapide
1699 805 2005 878 exsculpta

355 906 498 972 erat,
530 907 593 956 ut
641 901 690 956 si
739 901 971 972 quando
1026 901 1157 970 igne
1217 900 1671 954 absumerentur
1711 897 2002 963 homines,

354 990 606 1046 lateritia
668 991 1088 1061 inconsumpta
1139 992 1495 1060 superesset,
1554 987 1603 1043 si
1663 1003 1794 1042 vero
1853 1002 2004 1056 aqua

353 1081 595 1153 perituri
651 1087 866 1149 essent,
919 1079 1151 1151 lapidea
1195 1084 1662 1134 conservaretur.
1717 1077 2000 1132 Ceterum

353 1169 486 1225 tilize
519 1169 824 1226 hominum
860 1169 968 1224 illae
999 1173 1157 1234 sunt,
1193 1185 1318 1238 qua:
1343 1186 1376 1222 a
1406 1167 1565 1222 Caici
1591 1183 1800 1234 genere
1863 1181 2000 1237 pro-

350 1264 657 1315 venerunt.
693 1261 816 1313 llaec
874 1259 1028 1314 enim
1084 1275 1210 1325 vox,
1283 1259 1476 1324 homo,
1539 1257 1665 1311 sine
1718 1255 2000 1325 adjuncto

348 1351 691 1420 proferatur,
729 1365 830 1404 nec
880 1349 1300 1421 synecdochice
1346 1347 1718 1414 subauditur,
1779 1343 1995 1399 malam

344 1441 404 1493 in
429 1443 675 1509 partem,
711 1446 767 1492 ut
809 1437 1128 1509 plurimum
1167 1439 1350 1492 sacris
1383 1437 1439 1490 in
1475 1436 1882 1505 Scripturis,et
1915 1433 1999 1488 in-

346 1528 596 1599 telligiet
653 1527 837 1597 accipi
898 1528 1080 1582 solet:
1117 1543 1231 1597 quo
1293 1527 1350 1580 in
1435 1523 1770 1595 signiﬁcatu
1825 1522 1996 1576 etiam

351 1619 500 1687 apud
537 1617 811 1671 Davidem
873 1616 1125 1670 dicitur:
1186 1615 1319 1670 Filii
1364 1614 1672 1680 hominum,
1725 1627 1997 1683 usquequo

349 1706 508 1776 gravi
536 1706 693 1761 corde
733 1706 808 1760 7"?
842 1706 980 1760 Item
1008 1721 1020 1758 :
1052 1705 1189 1761 Filii
1218 1704 1524 1772 hominum,
1569 1703 1755 1758 dentes
1805 1717 1998 1757 eorum

349 1814 507 1853 arma
539 1805 591 1852 et
618 1796 836 1865 sagitta
884 1793 951 1848 ⁷⁵.
985 1797 1168 1850 Item:
1229 1796 1344 1849 Non
1400 1793 1601 1848 timebo
1643 1792 1774 1862 quid
1823 1793 1998 1862 faciat

344 1888 484 1942 mihi
511 1887 670 1942 homo
687 1885 754 1942 7".

413 1977 760 2032 Filiiautem
787 1975 910 2045 Dei,
945 1974 1045 2045 qui
1078 1973 1306 2028 aSetho
1336 1973 1429 2043 pio
1481 1972 1604 2026 viro
1655 1989 1840 2042 genus
1888 1973 1990 2026 du-

341 2068 550 2123 cebant
571 2067 725 2136 apud
762 2063 1126 2135 tempestatis
1200 2061 1358 2117 illius
1409 2060 1676 2116 homines
1738 2061 1990 2116 oblecta-

343 2158 579 2223 bantur,
608 2153 1100 2227 quemadmodum
1138 2153 1327 2208 Moses
1361 2153 1449 2207 his
1492 2151 1684 2208 verbis
1743 2152 1992 2207 obscure

344 2247 767 2304 subindicavit:
815 2247 876 2300 El
909 2244 1168 2300 viderunt
1196 2244 1309 2308 ﬁlii
1341 2244 1432 2298 dei
1489 2244 1637 2313 ﬁlias
1679 2242 1992 2310 hominum,

343 2339 484 2411 quod
499 2337 751 2408 pulchrae
781 2339 982 2400 essent,
1013 2343 1068 2389 et
1098 2337 1536 2405 acceperunteas
1553 2335 1612 2386 in
1643 2332 1903 2400 coniuges
1926 2332 1989 2384 ⁷⁷.

343 2427 589 2484 Davides
619 2431 812 2481 autem
845 2423 1106 2496 apertius
1140 2423 1196 2478 id
1223 2423 1552 2495 prolatavit,
1586 2424 1726 2477 dum
1770 2421 1994 2477 chordi-

349 2517 470 2573 toni
504 2515 1017 2588 psalteriichordis
1049 2530 1374 2586 personans
1432 2513 1590 2568 hunc
1650 2513 1709 2567 in
1752 2512 1992 2566 modum

341 2606 616 2679 psalleret
649 2621 662 2660 :
697 2607 803 2675 Ego
835 2603 1090 2671 dixi,Dii
1111 2603 1322 2667 estis,et
1342 2603 1452 2672 ﬁlii
1480 2601 1752 2657 Altissimi
1782 2617 1989 2656 omnes.

353 2698 448 2753 Vos
478 2699 662 2751 autem
691 2705 751 2750 ut
775 2694 1020 2749 homines
1067 2693 1402 2759 moriemini,
1463 2700 1514 2746 et
1571 2697 1632 2746 ut
1709 2689 1989 2764 ἀρχόντων

335 2801 433 2840 seu
451 2786 878 2856 principatuum
899 2799 1042 2840 unus
1072 2780 1284 2837 cadetis
1317 2779 1388 2834 ⁷⁸.

989 2890 1142 2945 CAP.
1199 2888 1347 2944 XIII.

350 3001 522 3056 Tertia
564 2999 779 3055 decima
820 2999 1064 3069 heresis,
1127 2998 1587 3053 Archonticorum
1628 3012 1723 3053 seu
1773 2996 1992 3053 Princi-

731 3076 990 3142 patuum.
1075 3073 1143 3126 Hi
1220 3070 1599 3142 baptizanlur.

415 3182 636 3236 Nomen
671 3180 763 3235 his
797 3197 828 3234 ει
855 3178 1227 3252 dogmatibus
1278 3178 1618 3247 impositum
1680 3183 1788 3234 est.
1844 3178 1990 3233 Cum

1689 400 2082 465 THESAURI
2129 405 2280 464 LIB.
2330 403 2431 466 IV.

353 541 620 604 tioribus,
654 556 830 611 aqua,
863 539 1126 608 inquam,
1189 544 1241 592 et
1273 538 1428 608 igne,
1481 537 1746 608 pradixit
1779 553 1790 589 :
1828 541 2002 607 atque
2035 538 2086 604 Α

3615 409 3771 468 1274

2398 544 2679 596 Haereseos
2717 541 3083 611 praecedentis
3164 543 3488 614 con/utalia.

2188 665 2586 721 Tenebrarum
2622 667 2908 739 principis
2941 685 3137 723 revera
3179 667 3448 738 discipuli
3500 674 3638 724 sunt
3669 687 3761 724 ar—

2116 754 2368 810 chontici
2401 773 2503 811 seu
2547 758 2987 830 principatuum
3067 759 3319 824 ﬁctores,
3395 758 3482 814 vel
3538 759 3760 830 princi-

2117 843 2300 916 pales.
2328 845 2508 901 Vanis
2540 845 2694 901 enim
2726 863 2920 902 rerum
2952 847 3254 904 vocabulis
3277 847 3334 904 in
3369 849 3630 904 animum
3672 849 3762 903 in-

2117 937 2306 991 ductis
2325 953 2522 1003 suum,
2557 937 2953 993 hebdomadas
2983 943 3041 993 et
3089 939 3406 1010 ogdoadas,
3441 956 3542 994 seu
3577 947 3765 1009 septe-

2113 1026 2312 1082 narios
2337 1031 2394 1082 et
2421 1029 2746 1083 octonarios
2764 1045 3041 1083 numeros
3070 1030 3350 1083 caelorum
3369 1029 3758 1084 conﬁxerunt.

2113 1116 2302 1186 iisque
2324 1117 2620 1189 principes
2646 1118 3051 1188 praefecerunt,
3088 1134 3200 1173 non
3237 1117 3404 1188 quale
3449 1117 3639 1172 Moses
3684 1118 3766 1172 ait

2115 1207 2386 1261 Constitui
2414 1209 2678 1263 terminos
2696 1208 3047 1278 populorum,
3099 1209 3264 1274 iuxta,
3303 1223 3603 1262 numerum
3653 1226 3753 1263 an-

2111 1306 2363 1368 getopum
2384 1297 2498 1367 ejus
2527 1298 2698 1362 ",sed
2732 1297 3046 1366 unicuique
3077 1297 3204 1351 ραδὶί
3238 1297 3758 1367 subpraefecturam

2111 1403 2226 1440 non
2258 1401 2424 1442 secus
2447 1387 2869 1456 adjudicarcnt,
2907 1391 3080 1456 atque
3111 1386 3158 1441 si
3198 1385 3339 1440 nulli
3400 1385 3755 1458 principatui

2105 1476 2377 1532 subditus
2408 1482 2580 1531 esset.
2609 1477 2724 1532 Hoc
2767 1493 2899 1532 vero
2954 1477 3096 1547 quid
3147 1475 3327 1543 aliud,
3381 1492 3596 1546 quasso,
3661 1480 3759 1530 est

2110 1582 2282 1637 quam
2321 1566 2666 1638 multiplicis
2697 1566 3118 1621 dominationis
3153 1565 3759 1636 introductio,Deique

2109 1660 2502 1726 contemptus,
2537 1655 2813 1726 quihanc
2872 1672 3065 1710 rerum
3126 1655 3566 1710 universitatem
3617 1673 3751 1727 pro-

2108 1745 2278 1801 tulit?
2307 1747 2467 1812 Quod
2502 1747 2676 1800 etiam
2733 1747 3155 1816 propemodum
3201 1748 3570 1816 profitentur,
3606 1747 3744 1800 dum

2106 1835 2377 1913 φωτεινὴν
2399 1851 2497 1890 seu
2521 1835 2774 1890 lucidam
2809 1837 3116 1906 quamdam
3143 1835 3749 1901 introducunt,diabo-

2019 1915 2066 1978 B
2097 1928 2338 1998 lumque
2372 1925 2628 1996 septimas
2671 1925 2991 1996 potestatis,
3035 1924 3221 1978 ﬁlium
3255 1941 3383 1979 esse
3417 1929 3757 1989 autumant,

2099 2023 2276 2088 atque
2307 2033 2435 2071 eum
2468 2032 2596 2070 esse
2628 2014 2881 2069 Sabaoth
2911 2019 3090 2069 Deum
3127 2015 3500 2069 Hebraeorum
3551 2015 3747 2085 impu-

2098 2106 2302 2159 denter
2362 2103 2813 2174 proloquuntur,
2864 2108 2929 2156 ut
2986 2103 3083 2173 qui
3149 2101 3262 2158 Deo
3297 2103 3568 2158 contrarii
3609 2104 3747 2157 sint.

2098 2195 2349 2264 Quaeque
2372 2189 2724 2262 supradictis
2759 2192 2946 2261 magis
2980 2190 3157 2259 impia
3182 2194 3235 2245 et
3275 2189 3513 2245 ridicula
3563 2191 3750 2258 dicas,

2098 2286 2219 2336 Eva:
2253 2298 2383 2336 cum
2418 2282 2680 2336 daemone
2713 2279 3116 2346 concubitum,
3150 2283 3206 2334 et
3237 2294 3304 2333 ex
3349 2296 3546 2334 eorum
3607 2296 3749 2334 con-

2097 2389 2306 2445 gressu
2333 2370 2578 2426 Cainum
2616 2374 2672 2424 et
2704 2368 2932 2424 Abelem
2969 2372 3278 2439 conceptos
3329 2386 3458 2424 esse
3523 2370 3747 2425 conﬁn-

2095 2462 2342 2535 gunt.O
2409 2460 2606 2532 qualia
2647 2458 2943 2530 malignus
3031 2459 3128 2514 ille
3205 2459 3609 2530 mendaciique
3675 2461 3746 2515 ab

2097 2552 2264 2608 initio
2297 2557 2462 2623 pater
2489 2549 2761 2606 efﬁnxit?
2784 2565 2914 2620 quas
2945 2549 3223 2603 nimirum
3266 2549 3557 2620 spurcitiae
3631 2567 3749 2605 sua

2099 2642 2335 2714 capacia
2380 2641 2520 2707 sint,
2584 2639 2786 2710 quales
2845 2639 3076 2710 linguas
3119 2637 3234 2692 illis
3293 2638 3445 2693 intra
3485 2639 3749 2694 dentium

2099 2737 2264 2802 septa
2295 2729 2803 2800 conclusit,usque
2843 2730 2983 2784 adeo
3005 2728 3328 2784 mendaciis
3363 2744 3536 2784 omne
3567 2745 3753 2800 genus

2097 2821 2485 2886 exercitas,ut
2518 2819 2611 2876 vel
2644 2819 2834 2890 ipsum
2873 2818 3062 2874 verbis
3096 2821 3373 2890 tanquam
3403 2818 3616 2889 jaculis
3646 2821 3756 2876 im-

2098 2916 2318 2983 petant,
2350 2911 2490 2966 dum
2524 2926 2656 2965 eum
2683 2909 2783 2980 qui
2816 2908 3074 2964 materiae
3134 2913 3344 2964 natura
3399 2925 3605 2981 expers
3665 2915 3753 2965 est

2101 3017 2232 3057 cum
2268 3000 2613 3071 corporibus
2630 2999 2906 3053 humanis
2939 3014 3324 3070 congressum
3343 3015 3470 3054 esse
3491 3000 3742 3054 tradunt.

2096 3092 2166 3146 Hi
2189 3094 2341 3146 certe
2372 3090 2641 3149 animum
2675 3106 2790 3144 non
2824 3105 2996 3146 secus
3053 3093 3229 3160 atque
3289 3089 3642 3157 daemonem,
3686 3094 3752 3144 ut

2099 3199 2206 3254 par
2235 3185 2344 3250 est,
2381 3181 2619 3234 materia
2643 3186 2910 3235 constare
2943 3179 3074 3244 rati,
3099 3195 3165 3234 ea
3217 3177 3383 3233 illum
3443 3180 3514 3233 de
3571 3195 3751 3233 causa

344 3273 498 3327 enim
531 3270 810 3326 coelorum
843 3268 1269 3324 hebdomadam
1303 3273 1479 3340 atque
1510 3269 1856 3340 ogdoadem,
1884 3269 1993 3325 hoc
2023 3283 2067 3349 ρ
2107 3271 2219 3326 cibi
2250 3269 2375 3325 loco
2407 3269 2619 3340 apponi
2654 3268 2778 3324 suis
2813 3267 3013 3339 quales
3047 3268 3184 3333 sint,
3237 3267 3753 3340 principatibus,et

340 3367 430 3417 est
460 3361 822 3432 sptenarium
856 3363 910 3414 et
941 3358 1302 3413 octonarium
1362 3375 1672 3413 numerum
1722 3375 1849 3413 esse
1911 3358 1992 3411 di-

341 3457 498 3522 cant,
560 3451 766 3504 horum
825 3448 1144 3518 unicuique
1239 3447 1532 3518 proprium
1605 3445 1845 3519 ἄρχοντα
1893 3465 1995 3503 seu

344 3541 667 3612 principem
698 3538 1085 3609 prmstituunt.
1114 3537 1174 3590 In
1237 3540 1436 3590 octavo
1489 3541 1684 3591 autem
1747 3542 1994 3592 matrem

348 3629 642 3708 φωτεινῆν,
677 3629 784 3684 hoc
816 3630 904 3682 est
928 3627 1204 3696 lucidam,
1233 3641 1359 3680 esse
1402 3625 1588 3680 aiunt.
1652 3630 1841 3696 Atque
1881 3627 1997 3682 dia-

351 3721 548 3776 bolum
581 3719 840 3788 septimaa
859 3716 1158 3786 potestatis
1181 3715 1362 3770 lilium
1391 3716 1989 3780 afﬁrmant,nimirum

346 3809 640 3870 Sabaoth;
677 3809 870 3880 quisit
919 3811 1293 3862 Hebraeorum
1358 3811 1525 3875 Deus,
1571 3824 1702 3862 cum
1757 3813 1991 3879 Evaque

345 3918 689 3972 congressus
759 3899 953 3965 fuerit,
999 3907 1058 3953 ut
1129 3899 1371 3954 maritus
1429 3914 1564 3955 cum
1609 3915 1783 3955 uxore
1823 3899 1988 3966 solet,

344 3996 514 4063 atque
541 4007 606 4046 eo
638 4006 704 4044 ex
738 4005 1053 4061 congressu
1088 3989 1334 4044 Cainum
1389 3992 1446 4043 et
1504 3988 1740 4044 Abelem
1796 4006 1995 4045 susce-

348 4081 514 4152 perit.
545 4081 651 4147 Qui
684 4096 817 4134 cum
878 4095 1214 4149 germanam
1257 4095 1508 4133 sororem
1563 4079 1737 4134 ambo
1788 4079 1993 4135 rivales

348 4172 698 4242 deperirent,
733 4169 946 4223 invidia
978 4184 1218 4237 crepans
1260 4169 1472 4223 Cainus
1521 4168 1758 4224 Abelem
1811 4170 1994 4224 inter-

347 4262 564 4319 fecerit.
600 4261 937 4329 Improbant
965 4274 1098 4313 vero
1131 4260 1496 4313 mortuorum
1529 4275 1763 4329 quoque
1796 4275 1990 4316 resur-

345 4351 685 4415 rectionem,
719 4352 889 4418 atque
920 4347 1104 4402 solam
1155 4348 1411 4402 animam
1474 4363 1798 4419 resurgere,
1834 4367 1898 4405 ac
1933 4351 1987 4405 in

344 4439 540 4495 cibum
569 4439 998 4512 principatibus
1017 4441 1072 4492 et
1096 4437 1366 4507 potentiis
1399 4437 1599 4494 cedere
1632 4440 1992 4495 contendunt

346 4532 528 4587 Iidem
553 4529 915 4599 baptismum
949 4535 1338 4594 exsecrantur,
1371 4528 1818 4600 divinorumque
1854 4547 1989 4603 my-

2106 3360 2383 3432 potentiis
2415 3358 2845 3414 dementissimi
2877 3358 3140 3412 omnium
3202 3358 3603 3429 pronuntiant.

2177 3450 2376 3520 Neque
2408 3465 2540 3504 vero
2572 3448 2703 3503 novi
2736 3448 3054 3518 quidquam
3089 3445 3642 3517 est,quoddivinum
3668 3447 3752 3502 la-

2101 3556 2335 3595 vacrum
2399 3539 2752 3609 improbant,
2795 3537 3154 3607 Sethumque
3204 3542 3438 3608 raptum
3495 3554 3619 3592 esse
3652 3555 3754 3592 nu-

2103 3634 2337 3702 gantur,
2361 3633 2536 3700 atque
2567 3628 2710 3682 adeo
2745 3636 3108 3682 mortuorum
3172 3628 3657 3684 resurrectionem
3691 3631 3753 3682 li-

2103 3723 2314 3778 liorum
2349 3721 2744 3792 procreatione
2789 3720 2912 3776 fieri
2972 3725 3232 3785 censent,
3293 3721 3352 3776 in
3411 3721 3686 3775 omnibus
3719 3739 3753 3776 a

2105 3811 2296 3866 Veteri
2354 3810 2628 3880 Novoque
2677 3809 3054 3864 Testamento
3130 3809 3568 3875 dissentientes,
3630 3809 3748 3865 imo

2103 3901 2214 3972 ipsi
2237 3901 2352 3956 Deo
2387 3899 2733 3969 obstreperi,
2786 3915 3010 3954 necnon
3069 3915 3197 3954 sors
3256 3898 3556 3970 portioque
3614 3899 3749 3954 mali

2099 3989 2385 4046 daemonis
2418 3990 2685 4044 omnium
2721 3988 3074 4057 gratissima.

2739 4124 2899 4179 CAP.
2959 4123 3102 4178 XIV.

2101 4253 2310 4319 Quarta
2341 4250 2554 4306 decima
2584 4250 2826 4312 heresis,
2875 4249 3142 4303 Cerdonis
3191 4257 3242 4303 et
3306 4248 3629 4304 Marcionis.
3681 4251 3748 4304 Ili

2205 4323 2274 4378 ad
2303 4323 2465 4394 ﬁdem
2513 4320 2870 4377 orthodoxam
2932 4322 3251 4375 accedentes
3301 4321 3632 4391 baptimtur.

2170 4446 2559 4517 Blasphemias
2589 4446 2848 4501 Simonis
2870 4445 2962 4500 his
2992 4463 3223 4517 quoque
3283 4447 3512 4502 initium
3573 4449 3746 4503 dede-

2098 4542 2254 4592 runt.
2283 4537 2416 4591 Fuit
2446 4540 2638 4591 autem
2670 4536 2854 4590 Cerdo
2875 4536 3193 4607 antiquior,
3228 4538 3330 4608 qui
3374 4539 3521 4593 duos
3574 4540 3746 4594 etiam

344 4620 653 4714 steriorum
691 4619 1119 4714 perceptionem
1143 4617 1732 4714 explod_unt,_quippe
1753 4639 1884 4692 qua:
1927 4622 1984 4677 in
2028 4649 2073 4714 Β
2105 4629 2244 4682 deos
2272 4642 2403 4682 esse
2433 4627 2748 4695 asserebat,
2782 4643 2966 4680 unum
3001 4626 3101 4697 qui
3123 4626 3326 4698 inlege
3358 4635 3410 4681 et
3451 4627 3749 4698 prophetis

341 4709 615 4764 Sabaothi
646 4707 882 4762 nomine
916 4705 1261 4764 celebretur.
1301 4707 1384 4761 Ab
1427 4709 1649 4764 Adamo
1709 4717 1986 4781 praeterea

340 4800 569 4871 cognita
602 4797 836 4852 tandem
860 4796 980 4850 Eva
997 4796 1232 4851 Sethum
1267 4798 1617 4868 processisse
1645 4801 1982 4870 {nugantum

337 4905 507 4960 quem
541 4902 792 4957 superna
815 4890 1096 4956 potestate
1147 4902 1215 4941 ex
1279 4889 1597 4943 continenti
1655 4898 1983 4959 correptum

335 4981 489 5052 apud
521 4994 584 5034 se
612 4976 979 5039 enutriverit,
1016 4979 1141 5044 post
1174 4976 1476 5047 multaque
1519 4986 1846 5050 temporum
1901 4981 1986 5035 in-

337 5068 577 5125 tervalla
609 5067 666 5120 in
703 5071 918 5120 terram
975 5065 1265 5132 detulerit,
1327 5070 1390 5122 ut
1448 5069 1884 5140 principatuum
1926 5077 1984 5127 et

335 5159 730 5232 potentiarum
804 5155 1079 5226 mysteria
1139 5155 1374 5212 diceret.
1438 5157 1541 5214 His
1627 5176 1799 5232 porro
1845 5165 1983 5216 sunt

335 5245 846 5323 pseudoprophetis
879 5243 1120 5316 quidam
1164 5247 1479 5302 Marsiades
1531 5252 1588 5304 et
1631 5249 1978 5320 Marsianus,

331 5353 582 5409 quorum
615 5336 988 5406 posteriorem
1020 5333 1079 5389 in
1106 5333 1318 5390 caelum
1376 5353 1610 5408 quoque
1666 5339 1977 5412 abreptum

331 5429 526 5493 fuisse,
561 5432 616 5481 et
649 5443 746 5496 per
777 5431 892 5481 tres
925 5425 1184 5480 indidem
1219 5427 1339 5481 dies
1367 5429 1739 5486 descendisse
1790 5433 1976 5487 aiunt.

327 5519 627 5573 Postremo
659 5517 1142 5572 resurrectionem
1178 5522 1545 5573 mortuorum
1614 5522 1891 5578 continua
1915 5524 1978 5577 fi-

325 5607 535 5661 liorum
565 5621 634 5659 ex
665 5605 936 5674 patribus
988 5607 1365 5677 generatione
1416 5609 1542 5678 jam
1574 5609 1696 5664 fieri
1749 5612 1974 5669 dicunt.

2102 4718 2334 4772 locutus
2363 4721 2536 4783 esset,
2565 4731 2738 4788 quem
2772 4715 2949 4770 etiam
2973 4716 3240 4786 impurus
3272 4716 3365 4770 hic
3394 4721 3451 4771 et
3468 4716 3746 4773 scelestas

2092 4808 2267 4863 homo
2291 4812 2614 4863 creatorem
2653 4805 2866 4861 malem
2929 4814 3248 4877 notumque
3298 4809 3564 4875 vocabat,
3595 4808 3740 4864 alte-

2091 4914 2221 4952 rum
2249 4913 2380 4952 vero
2413 4899 2585 4951 deum
2609 4896 2830 4951 bonum
2861 4901 2918 4950 et
2947 4896 3210 4966 ignotum
3262 4897 3536 4952 omnibus
3584 4899 3747 4952 afﬁr-

2091 4987 2517 5057 mabatzquem
2550 4985 2762 5040 Christi
2789 5000 3021 5056 quoque
3053 4983 3569 5055 patremidicebat,
3617 4988 3742 5059 Equi

2089 5077 2314 5131 venisse
2339 5076 2577 5148 quidem
2611 5090 2678 5129 ex
2709 5073 2892 5129 Maria
2923 5073 3373 5144 existimaretur,
3410 5077 3482 5130 ad
3541 5094 3609 5132 ea
3640 5094 3743 5133 an-

2086 5167 2390 5238 tiquanda,
2448 5183 2480 5220 a
2539 5164 2745 5220 mundi
2804 5163 3010 5235 opiﬁce
3063 5165 3191 5232 deo,
3279 5165 3433 5221 malo
3474 5167 3742 5239 inquam,

2086 5257 2188 5311 illo
2211 5264 2267 5312 et
2300 5262 2456 5322 noto,
2493 5254 2948 5322 sancitaessent,
2983 5272 3043 5310 re
3066 5263 3258 5312 autem
3311 5273 3448 5312 vera
3490 5273 3604 5314 non
3652 5275 3745 5313 vev

2087 5348 2292 5401 nisset.
2327 5347 2637 5417 Propterea
2667 5346 2843 5400 etiam
2885 5349 3140 5401 veterem
3176 5363 3208 5400 a
3266 5346 3496 5403 Christo
3547 5347 3734 5416 legem

2087 5436 2145 5490 in
2172 5436 2498 5506 Evangeliis
2535 5435 2957 5506 antiquari,qui
2985 5436 3147 5491 dicat
3177 5437 3401 5491 Dentem
3426 5453 3532 5507 pro
3554 5439 3736 5506 dente,

2086 5531 2135 5580 et
2160 5526 2380 5580 oculum
2408 5541 2506 5594 pro
2536 5525 2690 5580 oculo
2722 5524 2800 5593 ⁸ο,
2844 5529 3121 5596 tanquam
3176 5526 3266 5580 dei
3316 5525 3456 5580 mali
3504 5526 3738 5583 institu-

2083 5616 2327 5670 tionem.

392 5703 456 5789 7;
492 5703 648 5789 geel:
693 5719 768 5758 ιν.
800 5705 883 5789 “EE.
932 5704 978 5737 ⁷⁵
1020 5705 1147 5765 Psal
1201 5724 1312 5775 LVI,
1372 5709 1426 5762 5.
1483 5707 1530 5744 ⁷⁸
1589 5708 1721 5765 Psal
1771 5713 2008 5781 cxvu,l
2067 5715 2110 5749 ⁷⁷
2171 5715 2315 5776 Gen.
2368 5731 2444 5786 vr,
2476 5719 2530 5771 2.
2589 5713 2637 5750 ⁷⁸
2691 5715 2842 5772 Psal.
2880 5714 3148 5785 Lxxx1,6,
3179 5715 3234 5768 7.
3288 5715 3332 5749 7°
3391 5720 3555 5772 Deut.
3588 5734 3740 5789 xxxx,

323 5778 380 5833 8.
411 5775 458 5810 ⁸⁰
488 5775 686 5832 Matth.
715 5790 764 5830 v.
798 5776 886 5829 36.
