4054 6430
331 411 490 478 1278
520 425 524 429 ’
1646 401 1932 470 ΝΜΕΤᾸ

2181 399 2430 464 ΙῘΑΤιΕ
3212 449 3216 452 -
3598 403 3782 466 12⁸16

400 553 679 606 Caeterum
725 545 980 603 Marcion
1014 545 1382 618 Sinopensis,
1439 545 1568 616 ejus
1609 541 1710 616 qui
1769 559 1870 614 per
1911 556 1980 596 ea
2007 540 2063 606 Α
2095 537 2285 594 medio
2317 543 2487 610 atque
2517 536 2632 593 ﬁne
2661 535 2843 608 hujus
2875 535 3170 609 Evangelii
3202 535 3782 595 detraxerunt:aiia-

330 649 590 711 tempora
639 637 901 694 Ecclesiae
977 635 1274 692 catholicae
1332 635 1641 707 episcopus
1685 637 1829 700 erat,
1879 629 1985 694 viri
2095 644 2208 701 que
2238 628 2459 700 scripta
2484 625 3321 683 adulterinainterseruerunt.
3364 627 3444 682 Ex
3491 629 3774 700 apostoli

335 731 572 803 quidem
591 727 868 801 religione
899 727 1227 798 pietateque
1268 724 1582 788 clarissimi
1611 723 1772 782 ﬁlius
1805 720 1989 780 fuisse
2094 717 2345 789 denique
2375 716 2534 772 Pauli
2569 715 2842 786 Epistolis
2892 716 3207 772 nonnullas
3261 717 3607 774 admittunt.

334 820 642 891 fertur,qui
662 834 795 874 cum
818 815 1104 889 virginem
1131 816 1456 888 quamdam
1481 812 1984 884 circumvenisset,

336 916 394 967 et
452 911 909 981 constuprasset,
968 907 1192 978 ejectus
1234 923 1268 967 a
1327 909 1510 978 patre,
1557 908 1736 977 atque
1781 903 1986 967 eodem

336 1003 721 1082 persequente
753 998 988 1069 fugatus
1017 1001 1126 1054 est.
1161 997 1302 1053 Cum
1335 1013 1471 1068 ergo
1503 995 1745 1058 Romam
1785 1008 1937 1067 perv:

2170 1009 2386 1065 Cerdon
2419 1009 2662 1080 ejusque
2685 1010 3004 1078 praeceptor
3031 1006 3284 1064 Marcion
3333 1025 3398 1064 os
3422 1007 3480 1064 in
3533 1009 3771 1066 omium

335 1091 542 1157 nissot,
610 1087 806 1158 ibique
854 1085 1047 1158 qualis
1077 1090 1204 1148 erat
1235 1087 1611 1154 innotuisset,
1645 1101 1750 1146 nec
1781 1101 1814 1142 a
1842 1099 1936 1155 qut

2170 1103 2370 1154 nentes
2401 1098 2548 1153 duos
2581 1097 2718 1153 deos
2755 1095 3123 1168 proﬁtentur,
3171 1112 3353 1153 unum
3413 1098 3658 1170 quidem
3699 1099 3771 1154 in

339 1197 514 1254 quam
549 1179 619 1236 ad
642 1177 904 1251 synaxim
929 1177 1364 1246 admitteretur.
1388 1175 1668 1235 cerdoni“
1702 1177 1988 1247 imPOBiO‘
2093 1189 2219 1262 lege
2249 1193 2305 1244 et
2326 1186 2627 1260 pr0phetis
2656 1187 2944 1255 locutum,
2998 1203 3174 1260 quem
3223 1191 3282 1244 et
3329 1187 3549 1244 malum
3613 1205 3760 1246 esse

336 1273 416 1327 ris
451 1268 696 1325 haeresin
751 1267 837 1324 vel
897 1283 1030 1326 cum
1062 1267 1468 1326 additamento
1511 1264 1813 1338 amplexus
1871 1267 1986 1326 est.
2092 1279 2318 1342 dicunt,
2353 1276 2690 1349 quicunque
2721 1277 2987 1333 omnium
3017 1277 3474 1348 impurissimum
3509 1283 3566 1334 et
3617 1294 3772 1350 pes-

339 1362 443 1417 Illo
476 1359 628 1416 enirn
691 1359 840 1414 duos
871 1357 1010 1414 deos
1041 1360 1364 1424 asserente,
1427 1355 1522 1412 hic
1563 1359 1680 1416 tres
1721 1355 1988 1415 introdu-
2092 1361 2306 1418 simam
2337 1360 2561 1416 vivendi
2595 1361 2878 1416 rationem
2923 1365 3257 1417 sectantur:
3297 1360 3550 1418 alterum
3615 1379 3771 1420 vero

337 1454 523 1518 cebat,
588 1467 764 1514 unum
813 1451 1049 1522 quidem
1082 1465 1431 1521 supernum,
1472 1449 1867 1520 eamdemque
1897 1447 1991 1508 in—
2091 1452 2314 1508 bonum
2348 1455 2405 1506 et
2435 1449 2722 1523 ignotum,
2756 1465 2932 1522 quem
2967 1455 3024 1506 et
3067 1450 3296 1507 Domini
3346 1453 3528 1508 nostri
3559 1451 3763 1510 Jesu-

337 1542 780 1610 nominabilem,
837 1539 1191 1598 invisibilem
1223 1543 1280 1594 et
1309 1539 1550 1604 bonum,
1587 1538 1809 1610 quique
1841 1535 1988 1596 nihil
2093 1539 2306 1596 Christi
2339 1539 2566 1596 Patrem
2617 1544 2845 1596 vocant.
2909 1539 3007 1596 Dei
3065 1539 3305 1609 Filium,
3360 1542 3635 1614 quamvis
3696 1545 3768 1601 in

337 1635 395 1688 in
421 1633 645 1690 mundo
677 1633 929 1688 creasset
963 1646 976 1686 :
1024 1628 1274 1690 alterum
1309 1644 1441 1688 vero
1470 1627 1788 1694 visibilem,
1822 1643 1984 1687 crea-
2092 1638 2275 1690 terras
2303 1631 2536 1687 venisse
2565 1635 2918 1696 censeretur,
2983 1647 3045 1686 re
3087 1635 3286 1687 tamen
3329 1647 3465 1689 vera
3510 1649 3631 1690 non
3659 1651 3767 1692 vo-

333 1729 480 1790 tum,
532 1725 590 1779 et
649 1719 852 1777 mundi
900 1718 1164 1788 Opiﬁcem
1235 1737 1250 1787 ;
1293 1717 1525 1777 tertium
1578 1716 1833 1788 denique
1887 1715 1990 1788 qui
2095 1722 2249 1780 niese
2283 1721 2558 1777 tradunt:
2603 1720 2778 1792 idque
2807 1725 2874 1776 ut
2920 1720 3239 1779 Mosaicam
3290 1720 3479 1796 legem
3510 1740 3544 1778 a
3595 1724 3768 1782 malo

333 1812 486 1867 inter
519 1810 625 1867 hos
657 1810 822 1878 duos,
855 1805 1234 1873 invisibilem,
1265 1805 1534 1878 inquam,
1585 1810 1643 1861 et
1669 1803 1988 1880 visibilem,
2095 1811 2200 1869 deo
2223 1812 2423 1868 datam
2455 1809 2808 1883 antiquaret.
2850 1809 3108 1868 Ulterius
3155 1813 3443 1884 progressi
3503 1813 3764 1871 tertium

335 1899 566 1958 medius
629 1902 802 1963 esset,
865 1912 1075 1969 nempe
1132 1895 1456 1955 diabolum.
1527 1896 1685 1956 Idem
1745 1896 2272 1980 insuperBdeum
2305 1900 2625 1971 diabolum,
2655 1906 2715 1956 et
2745 1917 2879 1957 cum
2919 1918 2985 1958 eo
3043 1906 3320 1975 quartum
3383 1901 3598 1977 Hylen,
3651 1919 3764 1960 seu

335 1991 621 2047 Christum
641 1989 712 2044 ab
737 1986 1036 2057 invisibili,
1073 1985 1510 2056 innominabili,
1540 1991 1598 2042 et
1639 1986 1790 2042 bono
1823 1991 1983 2054 patre
2097 1991 2402 2049 materiam
2428 1989 2747 2048 commenti
2779 1993 2937 2047 sunt.

334 2081 714 2154 processisse,
763 2085 939 2150 atque
962 2077 1234 2140 eumdem
1269 2078 1339 2134 ad
1363 2077 1582 2136 inferos
1604 2076 1982 2134 descendisse
2166 2087 2342 2139 Porro
2373 2081 2489 2137 illis
2517 2080 2754 2153 quidem
2787 2085 2943 2137 certe
2977 2096 3079 2154 per
3126 2095 3221 2136 me
3274 2081 3486 2154 nugari
3545 2081 3768 2152 liceat,

333 2171 583 2240 dicebat,
645 2185 759 2226 non
817 2169 1076 2240 quidem,
1139 2171 1204 2224 ut
1243 2167 1479 2226 Judaaos
1551 2170 1824 2236 servaret,
1881 2165 1981 2238 qui
2099 2172 2214 2232 Nos
2244 2177 2439 2229 autem
2472 2185 2649 2226 unum
2670 2169 2854 2226 Deum
2889 2169 3156 2227 nocimus
3187 2174 3244 2227 et.
3274 2171 3592 2240 credimus,
3648 2173 3760 2248 qui

335 2267 515 2318 Deum
577 2264 876 2328 noverant,
922 2261 987 2315 ut
1036 2255 1296 2326 Abelem,
1353 2257 1672 2325 Enochum,
1717 2255 1980 2324 Noenum.
2096 2263 2396 2320 materiam
2419 2278 2487 2317 ex
2510 2260 2694 2316 nihilo
2727 2261 3088 2332 produxerit,
3124 2277 3192 2316 ex
3233 2277 3417 2334 eaque
3447 2260 3670 2318 coelum
3707 2273 3768 2320 et

333 2350 756 2414 Abrahamum,
817 2349 1109 2414 Isaaoum,
1172 2347 1412 2416 Mosam,
1453 2347 1757 2413 Davidem,
1791 2345 1934 2417 iisqu

2171 2369 2310 2408 rram
2345 2351 2699 2416 formaverit,
2733 2355 2910 2422 atque
2931 2350 3132 2407 omnia
3176 2365 3301 2424 quae
3351 2351 3410 2406 in
3471 2349 3556 2408 eis
3615 2357 3772 2410 sunt:

337 2439 674 2498 consimiles
707 2455 720 2496 :
777 2439 876 2496 sed
909 2437 1153 2494 Cainum
1189 2438 1406 2510 potius,
1437 2439 1720 2504 Cornum,
1753 2437 1982 2496 Datha-
2092 2440 2540 2512 condiderit,qui
2575 2439 2832 2512 primum
2866 2439 3105 2510 quidem
3160 2457 3264 2513 per
3297 2441 3522 2498 Mosam
3557 2442 3756 2499 Israe-

330 2531 830 2600 nem,Abironem,
858 2533 1090 2595 Esuum,
1117 2531 1174 2586 et
1199 2526 1408 2599 siquis
1441 2527 1732 2597 ejusmodi
1767 2542 1980 2597 super-
2094 2532 2211 2590 litis
2240 2531 2526 2604 optimam
2552 2530 2724 2606 juxta
2754 2534 2812 2586 et
2854 2529 3218 2587 salutiferam
3269 2529 3455 2603 legem
3500 2532 3765 2603 dederit,

333 2625 508 2692 esset,
541 2624 858 2693 gentesque
909 2619 1070 2686 adeo,
1109 2633 1239 2690 quae
1295 2617 1479 2676 Deum
1531 2635 1647 2674 non
1681 2620 1981 2676 noverant.
2095 2637 2340 2696 quaeque
2370 2619 2530 2675 omni
2557 2620 2912 2675 detestandae
2930 2618 3768 2679 actionisdvermturbeinde

331 2713 475 2767 Inde
497 2711 676 2766 etiam
735 2708 940 2766 diebus
981 2707 1370 2768 Sabhatorum
1417 2707 1806 2778 jejunandum
1855 2722 1984 2764 esse
2095 2727 2223 2768 vero
2253 2726 2355 2782 per
2385 2707 2668 2780 unigeniti
2701 2707 2832 2763 Filii
2865 2707 3095 2764 Domini
3128 2709 3260 2764 Jesu
3315 2709 3534 2766 Christi
3597 2711 3766 2783 lega-

334 2799 710 2874 praedicabat,
765 2799 1052 2870 ungisque
1093 2798 1216 2854 suis
1259 2797 1514 2869 quietem
1545 2797 1781 2857 Sabbati
1815 2813 1848 2854 a
1877 2797 1982 2860 Ju~
2094 2803 2314 2856 tionem
2341 2807 2542 2872 gentes
2574 2802 2637 2854 ut
2669 2801 3143 2853 converterentur
3164 2801 3472 2871 Deumque
3529 2815 3762 2872 cogno-

339 2892 595 2948 dseorum
616 2889 732 2946 Deo
756 2888 1086 2946 institutam
1117 2905 1247 2946 esse
1270 2887 1685 2954 mentiebatur,
1710 2886 1987 2958 quocirca
2095 2895 2341 2954 soerent,
2377 2888 2658 2944 invitavit.
2685 2885 3154 2944 Christusautem
3180 2904 3297 2944 non
3329 2905 3396 2944 eo
3453 2891 3637 2956 venit,
3699 2898 3768 2948 ut

325 2981 717 3052 jejunandum
749 2979 919 3036 nobis
949 2993 1209 3048 esse,quo
1235 2976 1396 3035 illius
1422 2975 1633 3048 placita
1659 2991 1980 3034 servemus.
2092 2979 2284 3051 legem
2307 2977 2576 3048 solveret,
2609 2977 2768 3048 quod
2799 2975 2886 3032 illi
2915 2976 3252 3045 volunt.sed
3287 2983 3351 3035 ut
3381 2979 3756 3051 adimpleret,

335 3069 545 3125 Adhasc
576 3069 732 3127 idem
789 3084 906 3127 non
930 3065 1135 3136 semel,
1175 3066 1276 3124 sed
1300 3067 1532 3136 iterato,
1555 3069 1612 3122 et
1631 3065 1848 3137 saepius
1881 3065 1986 3122 ba-
2093 3070 2390 3140 Siquidem
2425 3067 2485 3123 in
2516 3066 2638 3137 lege
2679 3066 2965 3138 scriptum
3011 3075 3119 3137 est,
3181 3067 3347 3134 Audi,
3405 3069 3601 3138 Israel,
3639 3074 3762 3129 Do—

335 3159 614 3232 ptizabat.
649 3158 948 3216 Interdum
993 3171 1127 3214 vero
1176 3159 1452 3226 quartum
1505 3170 1742 3226 quoque
1777 3155 1982 3223 Deum,
2092 3158 2280 3218 minus
2314 3164 2457 3216 Deus
2485 3161 2636 3224 tuus,
2695 3156 2961 3224 Dominus
3009 3172 3154 3216 unus
3199 3157 3372 3214 οδιδε.
3406 3159 3552 3217 Item
3591 3163 3766 3218 :Nan

333 3267 540 3322 nempe
597 3248 803 3322 Hylen,
833 3263 936 3306 seu
972 3247 1290 3360 materiam,
1335 3244 1767 3312 introducebat,
1817 3261 1978 3303 sam-
2018 3291 2061 3360 C
2103 3258 2265 3308 erunt
2293 3247 2399 3305 tibi
2436 3247 2518 3307 dii
2538 3246 2873 3318 alii,praeter
2898 3247 3042 3304 me“
3071 3247 3408 3306 Item:Nou
3433 3249 3623 3320 facies
3656 3251 3775 3311 tibi

344 3357 439 3360 ,u-
476 3340 537 3360 ,ι
568 3342 692 3360 2..--
727 3336 928 3360 ...η-ΔΞ
968 3335 1057 3360 ...ιε
1087 3352 1170 3360 -..-
1209 3336 1316 3360 ﬁ..-
1354 3340 1715 3360 -_-........e-...
1740 3351 1863 3360 Α---
1895 3336 1946 3360 .‘l:
2094 3333 2295 3360 _'.s-r___i_
2356 3355 2384 3360 -_
2403 3354 2459 3360 μ-
2502 3338 2737 3360 _-_:-..'-_
2766 3352 2961 3360 _-..----
3008 3337 3234 3360 n--.‘:...'
3272 3339 3360 3360 ﬂ-..
3399 3341 3487 3360 Α--)
3548 3343 3600 3360 ,σή

333 3357 446 3414 que
472 3340 545 3395 ab
568 3342 696 3411 ipso
727 3336 931 3394 mundi
966 3335 1174 3407 opifice
1209 3336 1320 3391 Deo
1353 3351 1549 3392 assum
1561 3340 1719 3406 ptam
1737 3351 1866 3394 esse
1891 3336 1977 3394 di-
2019 3333 2061 3360 υ
2090 3333 2320 3409 idolum,
2352 3354 2462 3398 non
2493 3338 2738 3408 accipies
2764 3352 2967 3398 nomen
2999 3337 3234 3396 Domini
3268 3339 3360 3396 Dei
3397 3341 3487 3398 tui
3543 3343 3607 3398 in
3664 3360 3768 3400 va-

333 3429 520 3493 cebat,
571 3444 644 3484 ex
675 3443 792 3498 qua
821 3425 919 3482 ille
958 3441 1152 3482 rerum
1193 3423 1635 3482 universitatem
1671 3425 1980 3497 produxis-
2087 3428 2314 3487 num“.
2375 3434 2561 3500 Atque
2618 3426 2742 3484 haec
2789 3427 3027 3498 quidem
3084 3427 3259 3488 verba
3327 3429 3618 3502 efﬁciunt,
3678 3451 3755 3492 ne

335 3522 460 3575 eet:
494 3535 564 3574 ex
595 3515 915 3589 purissima
947 3514 1222 3572 nimirum
1253 3515 1382 3586 ejus
1432 3518 1594 3588 parte
1645 3513 1881 3583 coelum,
1912 3531 1982 3576 ex
2088 3520 2288 3594 plures
2319 3534 2448 3575 esse
2509 3519 2646 3575 deos
2697 3515 3144 3576 existimemus:
3206 3517 3525 3591 ipsumque
3557 3538 3756 3580 unum

335 3607 580 3680 reliquis
630 3608 918 3663 elementa
977 3607 1253 3676 quatuor,
1313 3622 1384 3660 ex
1415 3604 1536 3662 ima
1593 3622 1726 3662 vero
1778 3606 1896 3664 fece
1925 3609 1983 3666 et
2089 3616 2145 3666 et.
2165 3609 2360 3666 solum
2392 3605 2922 3680 agnoscamus,qui
2956 3615 3165 3664 natura
3194 3607 3350 3665 Deus
3395 3614 3504 3666 est.
3564 3610 3756 3673 Porro

333 3699 658 3757 sedimento
699 3696 1000 3754 Infernum
1025 3700 1200 3767 atque
1223 3697 1557 3754 Tartarum.
1583 3699 1747 3766 Item,
1782 3696 1982 3752 Puris-
2094 3702 2272 3758 Deum
2294 3715 2429 3758 cum
2463 3697 2825 3765 hominibus,
2853 3695 2963 3756 hoc
2992 3700 3077 3754 est
3108 3697 3620 3772 nobiscum,quasi
3641 3719 3758 3774 per

331 3786 836 3860 sima,inquitille,
867 3790 1032 3842 terra;
1063 3789 1224 3857 parte
1261 3785 1618 3843 transcelata
1642 3785 1980 3858 paradisum
2088 3796 2286 3849 velum
2319 3787 2534 3854 carnis,
2566 3787 3380 3860 conversatus,perfectiorem
3421 3789 3524 3846 Dei
3547 3795 3762 3864 cogni-

332 3879 595 3936 condidit
623 3878 800 3947 Deus,
849 3895 917 3934 ex
967 3895 1084 3948 quo
1113 3877 1283 3950 gleba
1343 3879 1517 3934 unica
1542 3881 1811 3948 correpta
1842 3877 1988 3934 Ade.
2089 3881 2310 3936 tionem
2347 3878 2406 3934 in
2443 3877 2732 3934 mundum
2755 3876 2996 3943 invexit,
3029 3877 3126 3948 qui
3161 3878 3391 3936 Patrem
3422 3881 3502 3936 ita
3519 3896 3758 3954 cogno-

335 3987 495 4027 mum
531 3969 803 4026 formavit
829 3987 841 4025 :
869 3973 1042 4041 atque
1073 3967 1158 4024 illi
1189 3969 1448 4026 animam
1484 3969 1720 4042 propria
1741 3984 1810 4024 ex
1849 3968 1982 4026 sub-
2091 3969 2398 4036 scendum,
2423 3970 2488 4022 ut
2517 3965 2618 4038 qui
2649 3965 2937 4036 principio
2970 3982 3272 4039 causaque
3302 3969 3760 4039 careat,Filium

334 4059 551 4117 s'antia
580 4059 831 4132 largitus
864 4063 955 4114 est
986 4076 1000 4114 :
1038 4057 1368 4132 exindeque
1419 4059 1564 4114 adeo
1623 4057 1884 4130 corporis
1928 4060 1984 4112 et
2091 4057 2305 4116 veroin
2338 4055 2628 4128 principio
2659 4055 2901 4128 quidem
2938 4074 2970 4114 a
3000 4057 3170 4113 Patre
3199 4057 3491 4132 genitum,
3525 4060 3763 4133 princi-

335 4149 543 4208 animte
607 4165 867 4221 pugnam
919 4148 1058 4204 oriri
1103 4153 1321 4218 censet,
1379 4165 1512 4204 cum
1557 4148 1695 4204 hinc
1745 4148 1981 4218 quidem
2093 4149 2186 4220 pio
2235 4155 2426 4204 tamen
2487 4150 2805 4212 carentem,
2867 4153 2933 4204 ut
2972 4151 3294 4208 coaeternus
3354 4148 3544 4208 illisit
3577 4153 3763 4226 gSpi.

335 4241 534 4297 anima
553 4255 766 4312 corpus
781 4239 851 4293 ad
879 4237 1368 4310 mundiopiﬁcem
1393 4237 1687 4294 attrahere
1709 4243 1981 4298 conetur:
2093 4241 2274 4300 ritum
2306 4237 2560 4309 denique
2616 4238 2690 4298 ab
2719 4236 2822 4294 illo
2881 4239 3209 4310 procedere,
3275 4240 3536 4298 docuerit
3567 4256 3583 4298 :
3647 4245 3765 4316 qui

334 4330 498 4386 illinc
518 4346 652 4386 vero
677 4344 890 4398 corpus
911 4329 1172 4384 eamdem
1194 4328 1350 4384 lucta
1373 4327 1658 4383 devictam
1691 4327 1860 4400 hylas,
1881 4343 1983 4382 seu
2093 4328 2209 4386 duo
2237 4329 2442 4387 eodem
2473 4343 2588 4399 quo
2617 4327 2780 4382 Pater
2835 4327 3172 4398 imperario,
3231 4330 3426 4386 eadem
3466 4333 3760 4405 potentia,

337 4418 614 4484 materias,
647 4435 716 4476 ex
755 4433 870 4490 qua
903 4417 1184 4478 nimirum
1238 4417 1486 4478 formata
1544 4417 1641 4487 sit,
1695 4417 1988 4476 ascribere
2093 4420 2296 4478 eodem
2330 4417 2795 4485 honore,eadem
2826 4417 3082 4476 essentia
3104 4419 3402 4490 gaudeant
3435 4435 3448 4478 ε
3476 4424 3542 4476 ut
3567 4437 3639 4480 ex
3657 4421 3761 4484 his

338 4509 675 4568 contendat.
697 4509 852 4570 Idem
878 4508 1431 4582 serpentemopiﬁce
1455 4508 1661 4568 mundi
1684 4508 1986 4569 meliorem
2094 4509 2358 4581 ejusdem
2421 4509 2494 4564 ad
2543 4507 2962 4566 Sameritidem
3026 4508 3220 4566 verbis
3316 4509 3589 4583 colligere
3636 4517 3758 4583 est,

2380 856 2652 926 Hierone;
2689 863 3055 937 praecedentis
3079 864 3407 938 con/utalia.

339 4619 466 4660 esse
499 4601 850 4672 uagabatur,
884 4598 1022 4670 quia
1078 4597 1301 4658 scilicet
1329 4597 1422 4655 hic
1477 4598 1713 4669 quidem
1761 4598 1989 4658 arboris
2019 4666 2053 4672 _
2097 4601 2276 4655 Crede
2305 4596 2466 4664 mihi,
2497 4597 2724 4668 mulier,
2757 4597 3022 4670 quoniam
3050 4599 3200 4654 venit
3227 4599 3365 4656 hora
3404 4600 3630 4672 quando
3650 4619 3764 4660 ns-

339 4666 609 4754 scientia;
630 4666 1059 4764 perceptionem
1093 4666 1508 4760 prohibuerat,
1529 4687 1626 4750 ille
1657 4703 1793 4746 vero
1822 4705 1980 4747 eam-
2018 4666 2064 4733 D
2095 4704 2199 4760 quo
2237 4691 2296 4748 in
2349 4690 2532 4744 monte
2578 4666 2717 4753 hoc,
2749 4666 2928 4758 neque
2981 4666 3764 4760 Hierosolymis-adorabit“

335 4783 468 4842 dem
495 4780 846 4854 permiserat
883 4781 940 4838 et
970 4777 1285 4838 invexerat.
1320 4778 1510 4843 Quare
1541 4778 1640 4849 qui
1670 4777 1988 4838 Marcionis
2096 4781 2338 4838 Patrem.
2374 4775 2475 4832 Vos
2495 4776 2742 4834 adoratis
2799 4776 2942 4850 quod
2998 4777 3244 4844 nescitis,
3299 4793 3398 4836 nos
3452 4779 3767 4840 adoramus

335 4869 586 4928 han-asin
660 4869 1028 4942 proﬁtentur,
1091 4883 1318 4928 tensum
1378 4871 1712 4938 serpentem
1764 4866 1988 4936 colunt,
2097 4869 2249 4940 quod
2278 4868 2510 4936 scimus,
2567 4865 2698 4937 quia
2729 4865 2881 4924 salus
2932 4882 3002 4922 ea:
3023 4867 3236 4925 Judaei:
3303 4877 3398 4924 est.
3467 4869 3570 4926 Sed
3601 4875 3766 4932 uerri:

335 4975 590 5032 eumque
609 4959 668 5016 in
691 4957 950 5031 capsulis
980 4960 1310 5018 asservant.
1341 4957 1723 5015 Marcionistm
1743 4957 1990 5030 insuper
2097 4959 2257 5028 hora,
2284 4962 2337 5016 et
2365 4972 2513 5019 nunc
2543 4961 2622 5014 est
2650 4956 2869 5028 quando
2891 4959 3013 5012 veri
3067 4957 3384 5018 adoratores
3441 4959 3767 5020 adorabunt

311 5047 728 5122 virginitatem
753 5047 1024 5120 professi,
1056 5047 1404 5109 mulieribus
1444 5063 1678 5120 quoque
1706 5047 1778 5104 ad
1807 5047 1990 5120 bapti-
2095 5051 2316 5107 Patrem
2339 5049 2396 5104 in
2426 5047 2631 5117 spiritu
2659 5051 2713 5102 et
2745 5048 2978 5108 veritate
3027 5046 3092 5106 ⁸³.
3128 5047 3364 5106 Etenim
3401 5049 3543 5107 tales
3575 5049 3759 5110 Pater

339 5139 598 5198 cundum
645 5139 914 5198 accedere
969 5139 1330 5208 permittunt,
1379 5143 1556 5210 atque
1602 5137 1661 5196 in
1694 5137 1988 5210 mysteriis
2097 5137 2304 5210 quaerit
2334 5136 2688 5201 adoratorss,
2727 5136 2866 5192 Item
2897 5135 3000 5190 illa
3028 5133 3207 5196 etiam
3231 5153 3358 5207 quae
3393 5145 3518 5206 post
3551 5155 3762 5197 resur-

335 5243 488 5302 aqua
519 5226 643 5286 sola
700 5230 969 5297 utuntur,
1003 5233 1060 5288 et
1107 5228 1344 5288 unicum
1417 5229 1586 5286 Lucae
1617 5226 1987 5298 evangelium
2097 5227 2414 5286 rectionem
2466 5225 2772 5296 discipulis
2841 5223 3016 5284 dixit:
3078 5227 3280 5282 Euam
3317 5227 3524 5286 docete
3563 5245 3769 5288 omnes

335 5319 662 5392 approbant
719 5317 982 5376 abscisso
1061 5316 1374 5389 principio,
1429 5316 1622 5389 iisque
1690 5315 1986 5386 omnibus,
2097 5320 2300 5388 gentes,
2333 5315 2668 5388 baptizaretur
2697 5331 2787 5372 eos
2817 5317 2876 5371 in
2904 5314 3132 5374 nurnine
3183 5318 3466 5386 Patris,et
3507 5319 3669 5390 Filii,
3709 5326 3770 5379 et

337 5407 552 5482 quibus
595 5407 726 5480 ejus
773 5405 1218 5477 conceptionem
1251 5409 1310 5464 et
1342 5406 1808 5468 incarnationem
1854 5424 1988 5478 per—
2096 5405 2532 5478 Spiritussancti
2561 5404 2629 5464 ⁸⁸.
2663 5405 2843 5464 Item:
2903 5405 3012 5464 Lex
3072 5405 3310 5476 quidem
3371 5407 3472 5474 ait,
3534 5411 3770 5472 Dantem

331 5495 548 5552 currit:
571 5493 1203 5568 atqueindeinchoata
1219 5496 1574 5564 narratione,
1602 5497 1756 5557 Anno
1780 5497 1988 5554 decimo
2095 5511 2194 5567 pro
2222 5495 2638 5563 dente,oculum
2671 5511 2772 5564 pro
2824 5495 2980 5552 oculo
3035 5495 3099 5552 ³⁷.
3149 5498 3291 5552 Item
3319 5512 3334 5554 :
3367 5495 3488 5552 Non
3513 5500 3767 5568 occides-

335 5581 533 5657 quint'o
579 5583 816 5653 imperii
847 5584 1054 5640 Tiberii
1084 5584 1320 5642 Caesaris
1342 5583 1410 5652 δι,
1445 5583 1718 5658 pleraque
1745 5584 1922 5642 etiam
1957 5602 1988 5642 θ
2096 5585 2214 5648 Non
2235 5583 2589 5644 mcechaberis
2623 5583 2688 5640 δε.
2715 5583 2980 5644 Christus
3009 5587 3207 5642 autem
3237 5601 3252 5642 :
3300 5587 3629 5658 Quicunque
3678 5589 3773 5650 in.

403 5703 470 5781 ει-
485 5707 622 5781 προ,
652 5711 826 5781 md.
901 5705 950 5781 ξιξ
980 5706 1148 5781 Deut.
1165 5723 1256 5781 7v1,
1289 5706 1344 5781 4.
1422 5707 1470 5743 ⁸³
1499 5707 1674 5768 Exod.
1709 5727 1804 5780 xx,
1833 5711 1888 5769 3.
1963 5707 2004 5745 ⁸⁴

2167 5753 2182 5769 .
2208 5711 2267 5766 7.
2359 5709 2408 5748 ⁸⁵
2435 5708 2603 5768 Joan.
2637 5725 2716 5780 1v,
2745 5711 2811 5764 21
2843 5725 3010 5781 seqq.
3105 5705 3154 5745 ⁸⁸
3203 5707 3414 5768 Matth.
3449 5725 3651 5769 xxvm.
3687 5715 3765 5772 49

323 5775 382 5850 μετ
411 5773 616 5832 Matth.
645 5795 702 5850 v,
729 5773 824 5836 38.
898 5779 944 5815 ⁸⁸
973 5779 1119 5835 Ibid.
1153 5773 1253 5848 21,
1273 5780 1364 5834 27.
