4054 6448
312 411 470 475 1277

1666 404 2073 475 ΤΗΕΒΛΗΗΙ
2117 405 2261 475 LIB,
2307 405 2409 473 Ιν.

3578 406 3734 477 1978

311 548 501 617 fensu:
548 544 725 614 fuerit
780 542 949 614 fratri
1001 546 1242 613 temere,
1301 557 1425 599 reus
1472 541 1580 599 erit
1637 540 1851 614 judicio
1894 539 1959 595 ⁸³.
1994 540 2047 607 Α
2074 538 2407 606 exinanivit,
2440 543 2679 613 formam
2700 542 2842 597 servi
2872 540 3145 613 accipiens
3166 542 3230 596 9‘.
3271 540 3725 611 Proinde,venit,

316 636 459 691 Item
496 652 508 691 :
544 635 651 702 Qui
678 634 887 688 viderit
908 633 1195 687 mulierem
1226 631 1297 687 ad
1323 631 1814 703 concupiscendum
1830 647 1970 701 eam,

301 726 433 798 jam
457 723 758 779 mwchatus
789 731 865 779 est
884 739 1005 777 cum
1036 721 1145 777 illa
1175 724 1235 777 in
1260 722 1416 778 corde
1436 739 1535 777 suo
1563 721 1629 778 9°.

386 816 520 871 Jam
554 831 687 870 vero
719 814 779 869 in
815 813 1154 884 bujusmodi
1198 811 1707 869 exhortationibus
1753 810 1971 867 consti-

315 905 467 963 tutio
521 904 669 976 legis
718 904 1177 974 haudquaquam
1244 902 1536 970 consistit,
1589 903 1689 959 sed
1738 898 1970 961 honesti

315 995 582 1052 custodia
612 997 670 1051 et
698 991 1060 1051 conservatio
1092 992 1418 1064 perfectior.
1468 990 1651 1051 Vetus
1690 990 1849 1051 enim
1879 989 1971 1049 lex

315 1084 605 1142 scelerum
666 1083 780 1140 ﬁne
829 1086 1148 1152 aversatur,
1195 1097 1413 1153 eosque
1462 1081 1652 1154 punit,
1686 1097 1721 1137 a
1750 1081 1967 1153 quibus

315 1175 416 1232 illa
461 1176 777 1232 commissa
830 1174 1064 1245 iuerint,
1124 1189 1256 1247 qua:
1278 1172 1474 1233 minus
1504 1172 1749 1233 honesta
1778 1176 1966 1233 sunt:

313 1270 585 1325 Christus
608 1285 741 1325 vero
764 1267 851 1327 vel
876 1269 1062 1340 prima
1083 1267 1349 1340 germina
1374 1267 1657 1323 radicitus
1687 1265 1967 1337 exstirpat

313 1375 632 1430 eorumque
663 1358 899 1414 nomine
922 1374 1124 1430 poenas
1154 1356 1430 1428 exposcit.
1467 1356 1773 1413 Mulierem
1805 1356 1964 1413 enim

312 1452 382 1506 ad
408 1450 940 1522 concupiscendum
958 1448 1195 1515 vidisse,
1222 1457 1321 1505 aut
1342 1449 1626 1504 iracunda
1647 1447 1963 1503 commina-

311 1540 468 1595 tione
526 1538 1133 1610 contumeliosiusque
1191 1537 1247 1593 in
1301 1538 1541 1592 fratrem
1574 1536 1962 1593 insurrexisse

307 1634 477 1704 (quot
505 1648 578 1687 ne
611 1631 734 1698 ﬂat,
764 1645 1001 1686 summa
1033 1646 1172 1686 cura
1197 1629 1517 1686 cavendum
1549 1644 1677 1685 esse
1699 1628 1963 1693 Christus

312 1722 636 1793 admonet),
662 1720 1120 1792 haudquaquam
1138 1720 1436 1775 actionum
1458 1719 1593 1774 linis
1612 1722 1668 1774 et
1687 1734 1960 1775 consum-

312 1812 489 1866 matio
507 1816 798 1882 est,quam
823 1810 1074 1866 Mosaica
1094 1809 1186 1864 lex
1209 1808 1639 1874 aversatur,sed
1665 1809 1960 1879 appetitus

307 1901 547 1972 quidam
581 1906 637 1957 et
668 1905 885 1970 motus,
920 1899 1057 1971 quia
1108 1916 1177 1955 ea
1207 1897 1515 1970 parturiat,
1539 1915 1684 1995 qua
1718 1898 1958 1957 minime
1990 1928 2037 1995 Β

306 1991 682 2059 conveniunt,
716 1996 889 2061 atque
925 1991 996 2045 ad
1030 1990 1202 2044 ﬁnem
1233 1988 1411 2045 etiam
1447 1987 1716 2044 deducat.

380 2082 444 2136 In
479 2085 727 2153 utroque
784 2081 960 2153 igitur
1012 2080 1071 2135 bi
1113 2078 1392 2136 Cerdonis
1423 2081 1481 2133 et
1510 2077 1824 2135 Marcionis
1856 2095 1958 2134 as-

308 2173 475 2227 seclas
506 2186 578 2225 ex
600 2171 886 2226 diametro
937 2171 1008 2226 ab
1054 2170 1372 2226 orthodoxa
1405 2167 1518 2222 tida
1549 2168 1906 2225 dissentiunt
1941 2185 1955 2223 :

306 2264 363 2315 et
388 2261 527 2332 quia
552 2260 738 2333 legem
769 2262 1081 2317 Mosaicam
1112 2259 1326 2315 malam
1372 2276 1502 2316 esse
1552 2258 1955 2331 pronuntiant,

305 2354 361 2405 et
391 2351 531 2423 quia
562 2350 858 2406 Christum
888 2350 1019 2407 ideo
1052 2349 1282 2406 venisse
1310 2350 1761 2420 oontendunt,ut
1793 2346 1954 2404 illam

304 2440 569 2496 solveret.

373 2531 537 2595 Quod
570 2546 704 2586 vero
732 2530 1060 2601 phantasia,
1086 2546 1187 2585 seu
1223 2529 1740 2599 simulatione,non
1758 2536 1952 2586 autem

303 2636 501 2675 revera
533 2620 828 2675 Christum
875 2620 933 2675 in
972 2620 1144 2675 terris
1193 2623 1539 2691 apparuisse
1587 2619 1812 2688 dicunt,
1849 2636 1954 2675 nec

301 2726 445 2780 pure
469 2714 738 2765 naturam
771 2709 1094 2771 humanam
1130 2709 1543 2781 assumpsisse,
1573 2709 1782 2780 dignos
1802 2708 1951 2765 ultro

302 2815 429 2854 sese
452 2800 727 2870 produnt,
760 2799 861 2869 qui
912 2799 968 2852 in
1024 2796 1213 2853 Chaos
1246 2801 1302 2853 et
1335 2799 1580 2853 Erebum
1616 2815 1815 2868 poenas
1846 2799 1950 2853 da-

299 2887 417 2941 turi
450 2889 888 2959 protrudantur.
918 2888 1026 2952 Qui
1076 2886 1230 2944 enim
1273 2887 1397 2942 ﬂeri
1432 2891 1641 2960 potest,
1672 2895 1729 2941 ut
1761 2888 1947 2959 phan-

298 2977 444 3032 tasia
468 2977 718 3046 dicatur,
755 2978 913 3049 quod
962 2993 1029 3032 ex
1078 2976 1298 3050 virgine
1336 2982 1509 3033 natus
1539 2976 1633 3047 sit,
1666 2978 1820 3049 quod
1854 2994 1949 3033 sa-

299 3066 535 3138 pientia,
565 3071 751 3134 aetate,
788 3071 845 3125 et
874 3067 1061 3139 gratia
1109 3068 1432 3140 profecerit,
1469 3068 1623 3139 quod
1674 3066 1946 3127 crucifixo

296 3154 448 3211 latus
483 3154 687 3212 lancea
736 3157 1059 3229 perfossum
1115 3157 1308 3228 fuerit,
1357 3158 1507 3229 quod
1559 3156 1762 3213 statim
1807 3173 1950 3213 are-

300 3246 665 3307 surrectioue
705 3245 1006 3305 cicatrices
1048 3246 1366 3314 clavorum,
1422 3247 1735 3318 laterisque
1784 3247 1948 3304 didu-

2084 635 2147 686 ut
2181 648 2369 704 genus
2416 631 2746 693 humanum
2794 637 3069 697 servaret,
3121 633 3292 704 cujus
3346 632 3593 689 formam
3629 649 3727 688 as-

2080 724 2435 793 sumpserat,
2468 726 2642 793 atque
2680 721 2822 783 adeo
2854 722 3127 785 subdolae
3152 722 3434 785 daemonis
3458 725 3614 784 artes
3647 721 3727 777 ir-

2078 809 2220 869 ritas
2251 810 2484 879 faceret,
2519 827 2694 884 quem
2731 811 2957 883 profani
2989 811 3255 869 homines
3280 811 3464 873 Deum
3496 815 3726 885 vocant,

2078 899 2346 972 quamvis
2394 899 2656 975 angelica
2694 898 3045 957 claritudine
3078 916 3193 959 una
3225 917 3357 963 cum
3388 899 3724 958 rebelliOuis

2078 990 2312 1063 agmine
2369 989 2667 1057 deciderit,
2742 988 3128 1060 tenebrasque
3190 1005 3321 1046 cum
3380 990 3562 1062 gloria
3623 989 3722 1047 illa

2076 1079 2540 1148 commutaverit,
2595 1096 2714 1152 qua
2758 1083 2916 1136 totus
2964 1077 3093 1136 luce
3119 1077 3353 1135 lucebat
3384 1080 3669 1139 matutina
3705 1096 3718 1135 :

2075 1168 2285 1240 cuique
2318 1186 2502 1241 pauca
2533 1169 2825 1241 quaedam,
2851 1183 2956 1231 nec
2980 1167 3176 1241 magni
3211 1168 3512 1235 momenti,
3551 1185 3719 1241 posse

2075 1260 2277 1317 datum
2311 1264 2418 1325 est,
2452 1259 2510 1315 in
2562 1258 2655 1314 sui
2701 1256 3025 1317 ludibrium
3060 1255 3277 1331 potius,
3306 1256 3719 1331 justorumque

2073 1355 2366 1409 certamen
2409 1354 2466 1407 et
2508 1348 2868 1417 exercitium,
2922 1364 3100 1420 quam
3135 1348 3205 1403 ad
3239 1347 3451 1405 virium
3487 1348 3730 1405 demon-

2071 1441 2440 1498 strationem.
2498 1439 2610 1499 Nec
2660 1438 2817 1494 enim
2841 1437 2954 1494 alia
2986 1436 3110 1510 lege
3136 1441 3451 1494 coronatur
3477 1436 3721 1507 athleta,

2068 1531 2443 1602 victoriaeque
2498 1528 2803 1601 prmconiis
2862 1528 3116 1598 effertur,
3185 1543 3365 1599 quam
3425 1525 3472 1583 si
3521 1543 3719 1600 pugno

2071 1620 2466 1681 adversarium
2503 1617 2874 1691 percusserit,
2905 1621 3008 1675 aut
3033 1617 3161 1687 ejus
3182 1616 3406 1673 viscera
3422 1615 3720 1687 catapulta

2068 1708 2599 1771 traneverberarit:
2643 1711 2744 1765 aut
2784 1708 2844 1767 in
2884 1710 3084 1778 guttur
3133 1706 3426 1763 acinacem
3472 1706 3717 1764 distrin-

2067 1801 2233 1871 xerit,
2257 1805 2432 1872 atque
2462 1799 2543 1861 ita
2573 1798 2782 1855 virium
2806 1813 3044 1857 suarum
3068 1795 3550 1868 dexteritatisque
3584 1813 3713 1868 spe-

2067 1892 2257 1951 cimen
2281 1906 2476 1947 coram
2501 1887 2871 1961 agonotheta,
2904 1904 3006 1945 seu
3046 1884 3384 1941 certaminis
3411 1887 3710 1958 praefecto,

2070 1981 2335 2043 ediderit.
2372 1979 2692 2050 Quomodo,
2717 1994 2929 2051 quaeso,
2965 1977 3132 2033 nobis
3165 1976 3475 2051 pietas,aut
3505 1982 3717 2050 marty-

2070 2088 2200 2127 rum
2228 2087 2330 2142 pro
2361 2068 2581 2131 Christi
2630 2068 2864 2130 nomine
2911 2066 3262 2139 constantia,
3307 2064 3715 2138 opt-imumque

2069 2168 2404 2223 caaterorum
2434 2164 2768 2219 sanctorum
2795 2158 3164 2232 propositum
3204 2156 3579 2226 iunotuisset,
3602 2157 3715 2215 nisi

2069 2255 2288 2313 daemon
2319 2252 2535 2309 Johum
2562 2251 2879 2324 petivisset,
2912 2254 2969 2305 et
2998 2247 3373 2315 obtinuisset,
3407 2247 3519 2305 nisi
3552 2265 3707 2320 pras-

2066 2348 2223 2405 terea
2256 2347 2530 2414 tyrannos
2565 2342 2844 2401 adversus
2885 2342 3174 2411 martyras
3204 2338 3583 2395 subornasset
3615 2336 3642 2392 ?

2137 2444 2422 2499 Caeterum
2456 2440 2658 2513 Hylen,
2694 2455 2795 2497 seu
2832 2438 3155 2504 materiam,
3187 2454 3376 2508 neque
3397 2437 3522 2495 sine
3546 2436 3706 2510 prin-

2065 2532 2216 2604 cipio
2238 2545 2389 2600 esse,
2421 2546 2611 2602 neque
2669 2528 2954 2601 principio
3013 2544 3147 2587 cum
3180 2528 3297 2585 Deo
3326 2543 3522 2583 carere
3552 2527 3707 2585 dici—-

2062 2639 2216 2690 mus,
2271 2637 2460 2694 neque
2508 2621 2683 2678 etiam
2733 2618 3214 2691 imaginationem
3266 2633 3414 2685 esse,
3467 2632 3591 2687 quas
3632 2616 3709 2674 sit

2062 2713 2383 2767 formarum
2445 2710 2875 2782 receptaculum
2940 2726 2954 2767 :
3016 2708 3287 2780 quamvis
3334 2712 3706 2764 externorum

2059 2800 2359 2858 nonnullis
2408 2801 2466 2858 id
2519 2801 2710 2859 visum
2762 2798 2935 2857 fuerit
2962 2805 3017 2855 et
3048 2798 3351 2870 placuerit.
3388 2797 3531 2856 Nam
3569 2814 3701 2854 cum

2058 2892 2209 2948 Deus
2240 2893 2527 2948 mundum
2571 2891 2889 2962 producere
2918 2888 2978 2946 in
3012 2890 3210 2946 animo
3240 2893 3516 2958 versaret,
3550 2888 3703 2961 cogi-

2054 2982 2196 3038 tatio
2247 2981 2348 3037 illa
2405 2998 2552 3051 Opus
2603 2984 2661 3036 et
2707 2979 2854 3037 actio
2886 2982 3029 3039 erat.
3067 2978 3361 3051 Hylenque
3392 2995 3493 3037 seu
3529 2982 3708 3039 mate-

2055 3070 2201 3129 riam
2255 3070 2439 3127 forma
2496 3068 2993 3142 subsequebatur,
3050 3073 3108 3125 et
3146 3066 3320 3129 simul
3351 3066 3703 3139 emergebat.

2053 3161 2162 3228 Qui
2191 3177 2325 3217 vero
2375 3161 2595 3216 Mosem
2643 3159 2727 3216 ita
2773 3159 3063 3217 dicentem
3106 3158 3377 3226 audiunt,
3407 3158 3570 3221 Terra
3599 3174 3705 3213 au-

2060 3259 2167 3307 tem
2197 3257 2315 3307 erat
2350 3250 2542 3306 inanis
2568 3254 2621 3305 et
2637 3265 2832 3317 vacua,
2865 3254 2917 3304 et
2948 3248 3192 3305 tenebrae
3223 3252 3381 3303 erant
3411 3263 3579 3318 super
3605 3249 3706 3317 la-

297 3303 552 3394 ctionem
614 3303 959 3404 ostenderit,
1020 3303 1175 3408 quod
1221 3303 1564 3409 discipulus
1596 3303 1667 3393 de
1698 3303 1771 3397 iis
1802 3337 1948 3410 ipsis
1979 3303 2029 3375 C
2465 3303 2535 3409 illi,
2574 3303 2927 3412 atquehinc
2966 3303 3200 3410 arrepta
3230 3303 3534 3399 occasione
3566 3303 3712 3394 divi-

297 3424 587 3481 curiosius
610 3424 969 3481 addubitans
991 3440 1059 3481 ea
1091 3424 1292 3495 procul
1325 3424 1498 3485 dubio
1530 3424 1614 3482 sic
1644 3440 1707 3483 se
1737 3425 1953 3487 habere

296 3513 745 3585 deprehenderit
774 3513 802 3569 ‘l
826 3514 961 3578 Quae
994 3513 1233 3589 quidem
1255 3513 1455 3570 omnia
1480 3514 1687 3571 divinas
1714 3516 1948 3588 dispen-

296 3604 544 3660 sationis
593 3603 931 3676 praescripto
975 3604 1105 3661 ideo
1154 3606 1497 3663 conservata
1527 3609 1686 3672 sunt,
1719 3610 1785 3662 ut
1814 3622 1948 3662 eum

294 3695 488 3766 ipsum
515 3711 645 3752 esse
678 3696 1069 3762 crederemus,
1102 3695 1203 3766 qui
1241 3699 1615 3768 apparuerat,
1648 3696 1749 3768 qui
1780 3697 1949 3753 tertio

296 3794 427 3843 ante
458 3785 551 3843 die
583 3802 794 3858 passus
820 3787 1025 3843 eratin
1054 3803 1246 3856 carne,
1280 3803 1396 3843 non
1429 3794 1622 3847 autem
1648 3792 1946 3860 spectrum

294 3875 663 3948 spiritumve,
694 3877 798 3948 qui
830 3876 1016 3934 oculis
1045 3877 1205 3935 cerni
1236 3882 1451 3950 posset.

365 3967 528 4031 Quod
560 3970 758 4024 autem
790 3973 947 4023 Deus
978 3985 1135 4025 unus
1166 3972 1257 4025 est
1284 3972 1479 4039 Pater,
1513 3986 1786 4042 unusque
1837 3971 1946 4029 Do-

296 4058 492 4114 minus
552 4058 823 4114 Servator
870 4062 1070 4115 noster
1105 4058 1426 4120 Christus:
1487 4061 1645 4132 quod
1695 4060 1948 4133 denique

292 4148 545 4207 Verbum
581 4166 714 4204 caro
750 4149 967 4205 factum
1002 4150 1100 4220 sit,
1136 4149 1192 4205 id
1226 4149 1384 4209 filius
1412 4150 1511 4207 ille
1570 4151 1821 4209 tonitrus
1855 4152 1947 4211 his

292 4239 481 4294 verbis
503 4242 818 4294 attestatur
851 4256 863 4295 :
898 4242 961 4294 Et
1010 4238 1247 4295 Verbum
1286 4255 1415 4297 caro
1434 4243 1643 4311 factum
1660 4247 1744 4298 est
1774 4242 1840 4297 9‘.
1875 4245 1947 4303 At

291 4331 542 4384 testatur
582 4331 639 4383 et
689 4328 953 4399 gentium
1003 4328 1203 4384 doctor
1244 4328 1483 4397 Paulus,
1516 4331 1615 4401 qui
1647 4331 1947 4404 plerisque

292 4418 624 4474 divinarum
658 4417 1052 4487 Epistolarum
1112 4418 1168 4473 in
1223 4418 1365 4476 locis
1392 4436 1460 4476 ea
1490 4420 1668 4477 latius
1696 4423 1945 4493 explicat

290 4524 416 4579 quis
449 4509 519 4563 de
550 4507 780 4564 Christo
821 4508 1042 4580 scripta
1087 4512 1252 4569 sunt.
1287 4510 1683 4581 lnquitenim,
1718 4511 1943 4573 Gratia:

287 4599 503 4669 agimus
532 4598 688 4653 Patri
709 4598 809 4668 qui
836 4613 936 4652 nos
965 4596 1189 4655 idoneos
1214 4598 1456 4657 reddidit
1488 4602 1548 4656 in
1568 4606 1783 4672 partem
1821 4604 1940 4662 hae-

2065 3446 2203 3487 nam
2261 3429 2738 3500 sempernitatem
2799 3426 3053 3485 materia:
3096 3426 3470 3498 tenebrisque
3510 3430 3712 3482 contra

2058 3517 2242 3577 imum
2278 3518 2376 3574 sed
2419 3526 2683 3575 mentum
2732 3517 3021 3585 tribuunt,
3050 3518 3171 3573 tota
3202 3522 3395 3575 errant
3428 3513 3539 3582 via,
3571 3517 3704 3571 tan-

2059 3623 2235 3679 quam
2292 3606 2541 3679 exleges.
2602 3607 2981 3677 Posteaquam
3040 3604 3195 3665 enim
3259 3604 3463 3676 paucis
3510 3602 3704 3663 verbis

2057 3697 2417 3767 edisserit,ln
2437 3698 2721 3769 principio
2732 3696 2943 3754 creavit
2972 3697 3109 3751 Deus
3123 3695 3321 3751 caelum
3343 3702 3395 3751 et
3410 3703 3623 3749 terram
3638 3694 3705 3765 ’7,

2054 3790 2181 3847 tum
2214 3787 2425 3847 deinde
2456 3803 2583 3858 quas
2618 3786 2769 3845 facta
2806 3784 3042 3855 fuerint,
3093 3792 3147 3843 et
3188 3800 3302 3854 qua
3349 3783 3535 3841 forma
3564 3799 3701 3854 pro-

2056 3877 2231 3937 ducta
2260 3876 2383 3934 sint
2409 3876 2692 3947 exposuit,
2725 3880 2781 3933 et
2801 3875 2957 3933 hunc
2989 3876 3048 3931 in
3094 3874 3333 3933 modum
3381 3873 3704 3944 subjunxit.

2057 3967 2219 4023 Terra
2252 3972 2437 4023 autem
2473 3972 2594 4024 erat
2632 3967 2822 4024 inanis
2865 3974 2917 4022 et
2946 3981 3145 4034 vacua,
3175 3969 3229 4020 et
3263 3962 3507 4023 tenebrae
3535 3968 3705 4021 erant

2053 4072 2220 4128 super
2260 4058 2461 4127 [aciem
2515 4056 2722 4127 abyssi.
2781 4056 2930 4115 Cum
2970 4055 3129 4115 enim
3161 4052 3368 4115 caelum
3403 4052 3461 4111 in
3498 4054 3697 4111 orbem

2055 4157 2560 4226 circumageretur,
2605 4160 2662 4211 et
2711 4154 2957 4213 necdum
3001 4153 3315 4213 luminaria
3355 4150 3453 4208 illa
3486 4167 3703 4222 magna

2054 4245 2364 4318 sideraque
2420 4246 2683 4302 ordinem
2738 4261 2911 4301 suum
2969 4244 3030 4301 in
3090 4244 3460 4303 ﬁrmamento
3492 4241 3701 4299 sortita

2053 4336 2484 4403 essent,merito
2507 4337 2757 4393 tenebras
2774 4335 3257 4391 diiiundebantur
3281 4350 3294 4402 ;
3315 4332 3414 4393 ubi
3440 4332 3697 4405 primum

2052 4443 2182 4483 vero
2214 4426 2313 4482 lux
2347 4427 2608 4495 emersit,
2642 4425 2939 4496 stellaeque
3000 4424 3293 4497 producta
3342 4433 3499 4490 sunt,
3534 4428 3695 4478 tene-

2051 4515 2165 4570 brat
2198 4515 2434 4586 quidem
2469 4516 2673 4571 eadem
2704 4532 2882 4587 opera
2907 4514 3209 4582 discussa),
3244 4515 3300 4571 et
3343 4512 3415 4571 ad
3443 4510 3692 4567 nihilum

2052 4606 2294 4660 redactas
2351 4611 2532 4662 sunt:
2586 4605 2730 4677 quia
2787 4604 3070 4662 nimirum
3104 4619 3203 4675 per
3256 4618 3341 4672 se,
3384 4616 3608 4671 suaque
3640 4600 3693 4657 vi

286 4689 540 4751 reditati:
597 4697 915 4744 sanctorum
979 4689 1038 4743 in
1087 4690 1316 4759 lumine,
1378 4692 1477 4761 qui
1529 4691 1784 4751 liberavit
1834 4710 1933 4751 nos
1966 4685 2014 4750 D
2044 4695 2365 4751 subsistere
2397 4713 2511 4751 non
2548 4698 2834 4771 poterant,
2865 4694 3063 4750 lumen
3096 4700 3289 4749 autem
3329 4690 3444 4745 diei
3476 4690 3692 4760 ubique

286 4797 322 4836 a
350 4783 612 4850 potestate
650 4779 1027 4846 tenebrarum,
1080 4783 1133 4833 et.
1184 4781 1484 4835 transtulit
1526 4781 1584 4835 in
1613 4787 1939 4852 potestatem

285 4871 425 4926 Filii
487 4869 799 4924 dilectionis
851 4884 990 4935 sum,
1039 4870 1138 4939 qui
1175 4875 1249 4925 est
1294 4872 1475 4940 imago
1506 4872 1607 4928 Dei
1634 4874 1942 4933 invisibilis

282 4961 683 5031 primogenitae
717 4975 899 5014 omnis
921 4964 1189 5015 creaturae
1222 4960 1284 5014 οε.
1321 4965 1391 5015 Et
1420 4966 1620 5032 postea
1653 4979 1665 5017 :
1705 4963 1846 5031 Quia
1876 4966 1935 5020 in

282 5048 401 5118 ipso
448 5049 779 5120 complacuit
835 5062 1049 5102 omnem
1098 5045 1415 5105 inhabitare
1430 5049 1858 5124 plenitudinem,
1887 5060 1940 5110 et

280 5154 380 5211 per
435 5141 624 5210 ipsum
678 5137 1036 5195 reconciliare
1069 5141 1258 5195 omnia
1306 5140 1366 5193 in
1414 5140 1596 5210 ipsum
1636 5143 1936 5213 paciﬁcans

277 5244 377 5301 per
420 5230 747 5300 sanguinem
791 5225 966 5284 crucis
1009 5226 1147 5293 eius,
1195 5227 1312 5285 sive
1351 5242 1477 5299 qua
1519 5228 1758 5293 interm
1783 5236 1932 5304 sunt,

276 5320 392 5375 sive
411 5334 531 5389 quae
562 5320 622 5373 in
650 5315 815 5373 caelis
839 5318 967 5373 sunt
1014 5312 1083 5371 9³.
1132 5314 1276 5375 Item
1310 5333 1325 5373 :
1359 5318 1515 5375 Nunc
1536 5327 1716 5378 autem
1740 5336 1930 5377 recon-

277 5406 461 5464 ciliati
504 5423 693 5463 sumus
742 5408 870 5471 Deo,
920 5419 1018 5475 per
1058 5410 1293 5465 mortem
1343 5405 1477 5463 Filii
1518 5409 1641 5477 eius,
1677 5407 1929 5478 9‘._Item

278 5496 416 5556 alibi
450 5513 464 5553 :
517 5495 625 5565 Qui
664 5512 792 5553 cum
830 5495 891 5553 in
927 5496 1109 5565 forma
1159 5493 1259 5552 Dei
1312 5504 1471 5564 esset,
1514 5513 1623 5555 non
1671 5502 1933 5570 rapinam

273 5587 575 5644 arbitratus
631 5588 731 5655 est,
770 5601 828 5643 se
869 5600 984 5642 esse
1018 5584 1292 5657 aequalem
1330 5586 1434 5642 Dea
1468 5603 1482 5647 :
1546 5591 1644 5649 sed
1688 5591 1929 5661 seipsum

2050 4786 2413 4856 resplenduit
2449 4803 2460 4840 :
2498 4785 2597 4840 ubi
2629 4784 2788 4839 verbi
2820 4785 3007 4856 gratia
3037 4783 3098 4837 in
3139 4782 3413 4837 arborum
3464 4778 3691 4834 umbris

2048 4874 2241 4931 videre
2297 4879 2406 4931 est.
2464 4874 2595 4931 Sole
2656 4873 2811 4930 enim
2869 4874 3232 4940 transeunte,
3281 4868 3422 4940 ipsas
3455 4884 3688 4940 quoque

2049 4963 2302 5020 collectm
2354 4965 2617 5020 adducta
2678 4962 3172 5017 circumferuntur
3237 4963 3295 5013 et
3368 4957 3688 5013 dissiliunt.

2045 5054 2298 5117 Extenso
2329 5054 2529 5113 itidem
2591 5050 2958 5113 tabernaculo
3014 5048 3100 5107 vel
3156 5046 3447 5122 papilione
3494 5046 3691 5105 lumen

2045 5142 2159 5203 diei
2190 5143 2446 5215 quodam
2479 5142 2642 5213 quasi
2685 5144 2851 5211 septo
2897 5138 3275 5210 disjungitur,
3322 5139 3692 5211 tenebrisque

2042 5231 2284 5291 libarius
2316 5232 2745 5303 diffunduntur,
2777 5231 2982 5291 eodem
3038 5245 3236 5289 everso
3284 5233 3340 5287 et
3370 5229 3688 5295 destructo,

2045 5320 2162 5379 haec
2193 5338 2427 5393 quoque
2448 5321 2520 5377 ad
2544 5318 2798 5381 nihilum
2830 5319 3062 5379 redacta
3090 5317 3687 5379 evanescunt.Verum

2041 5411 2333 5473 enimvero
2399 5427 2617 5480 rerum,
2679 5426 2827 5481 quas
2883 5410 3040 5473 Deus
3092 5410 3331 5481 creavit,
3382 5407 3545 5469 nulla
3577 5410 3688 5475 est,

2040 5518 2170 5573 quas
2191 5517 2259 5558 ex
2285 5500 2486 5562 divina
2514 5501 2644 5572 eius
2691 5500 3241 5573 essentiajconstet,
3274 5504 3333 5555 at
3358 5498 3686 5555 humanum

2038 5591 2273 5663 quidem
2328 5607 2539 5662 corpus
2594 5589 2718 5655 luto
2775 5596 3145 5662 compactum
3175 5593 3286 5661 est,
3320 5588 3520 5649 anima
3549 5604 3686 5649 vero

342 5710 399 5793 2.-
427 5712 634 5793 .M-attb'
677 5726 735 5793 Ϊτ
777 5712 909 5793 2.213.
944 5710 991 5747 ⁹⁰
1038 5711 1199 5793 Ibid;
1231 5712 1343 5793 28__
1374 5711 1420 5793 ‘1‘
1464 5712 1632 5769 Joan.
1683 5730 1725 5793 ξ,
1779 5717 1845 5770 14
1918 5714 1950 5752 s:

2061 5718 2132 5775 ot.
2182 5717 2315 5790 1,42
2343 5733 2508 5791 seqq.
2584 5716 2632 5754 ⁸³
2659 5717 2778 5776 Col.
2815 5735 2855 5793 ι,
2888 5717 2956 5773 t9
2986 5732 3150 5790 seqq.
3226 5713 3275 5752 9‘
3304 5714 3475 5778 Rom.
3506 5732 3562 5790 ν,
3591 5721 3678 5775 10.

270 5785 321 5829 9⁸
339 5783 552 5857 Philip.
577 5800 641 5851 ιι,
672 5784 727 5839 6.
804 5782 850 5823 ³⁸
871 5782 1073 5841 Cenes.
1104 5800 1145 5853 1,
1168 5785 1222 5839 2.
1300 5785 1343 5825 ’τ
1373 5785 1580 5842 Genos.
1615 5801 1655 5856 ι,
1691 5788 1728 5842 Ι.
