4054 6416
346 374 503 467 42τέ
1668 399 1988 460 Nicena
2029 397 2465 459 CHONIATIE
3624 401 3793 462 1280

347 537 709 594 extrinsecus
770 535 1089 602 insulﬂata,
1150 534 1542 589 substantiam
1596 550 1663 587 ex
1700 532 1992 605 spiracula
2024 533 2077 599 Α
2111 532 2291 587 monii
2324 531 2606 587 beneﬁcio
2639 530 2895 586 mundus
2928 531 3000 586 ab
3030 530 3132 586 illo
3173 534 3328 588 recte
3378 533 3780 591 administra-

342 629 442 684 illo
465 625 750 698 concepit,
789 642 902 697 quo
937 631 1086 680 Deus
1117 623 1274 679 illam
1311 625 1367 677 in
1406 623 1661 695 primum
1695 622 1991 677 hominem
2108 626 2291 678 retur.

341 718 689 820 inspiravit:
719 721 785 817 ut
800 712 1990 820 quaerationisintellecti:qusparticeps,‘
2434 744 2706 803 Ηκνεεθοδ
2724 746 3086 819 praecedentis
3117 747 3444 820 confatalia.

343 808 492 866 nulli
543 806 798 863 materia
861 810 960 860 aut
1000 805 1199 875 ﬁguras
1260 803 1530 873 obnoxia,
1556 803 1656 858 Dei
1714 806 1892 874 typus
1942 808 1996 857 et

341 901 535 968 imago
567 897 644 953 sit
680 914 694 952 :
729 913 796 951 ea
828 899 1023 950 tamen
1055 894 1199 966 lege,
1235 899 1301 948 ut
1329 894 1457 963 ejus
1489 891 1995 963 substantiae,quae
2176 892 2547 960 Quaecunque
2603 890 2675 945 ad
2729 890 3012 947 Cerdonis
3063 896 3121 946 et
3167 890 3483 947 Marcionis
3515 892 3781 949 hacresin

344 1005 517 1045 causa
548 989 725 1051 caret,
760 983 946 1057 portio
981 1000 1095 1039 non
1129 984 1207 1038 sit
1238 1000 1306 1038 ex
1336 999 1453 1054 qua
1484 987 1824 1038 casterorum
1855 997 1996 1053 quo-
2106 979 2516 1035 inﬁrmandam
2572 979 2948 1048 adduximus,
3001 996 3071 1036 ea
3112 980 3600 1038 Lucianistarum
3628 999 3786 1054 quo-

343 1095 455 1152 que
503 1076 790 1144 omnium,
859 1090 987 1145 quas
1048 1073 1105 1129 in
1151 1087 1343 1128 rerum
1386 1076 1594 1128 natura
1628 1076 1789 1138 sunt,
1823 1076 1995 1144 atque
2104 1085 2217 1141 que
2248 1068 2631 1140 blasphemiis
2675 1070 3006 1125 evertendis
3057 1070 3380 1136 sufﬁciunt,
3415 1087 3611 1144 usque
3632 1074 3789 1130 adeo

342 1167 549 1223 animas
581 1165 756 1220 etiam
787 1164 976 1235 ipsius
1003 1162 1332 1218 substantia
1374 1163 1684 1233 dependet.
2104 1159 2261 1214 inter
2281 1157 2413 1214 illos
2444 1157 2794 1213 omnibusin
2818 1158 3162 1231 dogmatum
3187 1159 3458 1215 articulis
3480 1161 3793 1229 convenit,

409 1254 551 1309 Novi
585 1270 755 1325 porro
787 1251 936 1307 nihil
991 1256 1100 1315 est,
1162 1252 1313 1322 quod
1353 1251 1449 1322 qui
1480 1252 1757 1322 dogmata
1792 1251 1993 1320 hujus-
2104 1254 2158 1302 et
2186 1246 2453 1301 eamdem
2487 1260 2706 1313 revera,
2754 1249 2821 1301 ut
2867 1247 2949 1302 ita
2994 1246 3209 1315 dicam,
3243 1247 3515 1319 ﬁglinam
3540 1266 3793 1307 summe

341 1345 497 1401 modi
553 1342 921 1415 proﬁtentur,
984 1340 1281 1395 diabolum
1334 1356 1566 1411 quoque
1638 1340 1988 1395 beneﬁcium
2106 1334 2271 1406 impii
2294 1333 2567 1390 homines
2605 1338 2895 1391 exercent.
2926 1336 3059 1391 Jam
3085 1352 3219 1391 vero
3243 1354 3377 1392 cum
3402 1340 3657 1410 nuptias
3691 1339 3795 1396 hic

337 1433 668 1500 nominant,
729 1430 960 1503 ipsique
1019 1446 1212 1484 rerum
1244 1429 1439 1502 opifici
1474 1430 1587 1484 Deo
1623 1430 1940 1498 praeferunt
1973 1444 1985 1483 :
2105 1424 2165 1478 in
2205 1423 2537 1479 universum
2587 1423 2849 1496 abroget,
2881 1424 2942 1479 in
2968 1441 3035 1479 eo
3067 1424 3477 1483 fornicationis
3510 1428 3785 1499 patroci-

337 1526 511 1593 atque
544 1522 702 1576 hunc
727 1521 966 1590 quidem
989 1536 1104 1592 prae
1133 1518 1350 1574 invidia
1396 1519 1736 1589 parentibus
1768 1519 1986 1574 nostris
2104 1515 2271 1569 nium
2303 1513 2551 1585 suscipit
2581 1531 2596 1570 :
2633 1518 2805 1586 atque
2836 1514 2920 1571 ita
2949 1515 3064 1571 Deo
3090 1516 3789 1586 adversatur,bominum

338 1612 563 1667 arboris
587 1610 747 1667 illius
778 1610 969 1663 fructu
1020 1608 1414 1676 interdixisse,
1456 1608 1549 1663 cui
1587 1607 1725 1662 boni
1768 1612 1824 1663 et
1858 1608 1993 1664 mali
2104 1608 2397 1675 quotquot
2454 1608 2593 1660 sunt
2641 1603 2816 1659 homo
2875 1596 3344 1676 impurissimus,
3386 1607 3796 1681 exlegemque

338 1700 582 1757 scicntia
613 1700 822 1768 inerat,
856 1697 1158 1753 diabolum
1190 1711 1321 1753 vero
1359 1701 1422 1752 ut
1475 1697 1730 1753 fructum
1791 1699 1990 1753 decer.
2103 1692 2520 1749 ecortationem
2542 1691 2923 1749 immaculato
2966 1697 3024 1749 et
3053 1692 3316 1766 legitimo
3338 1700 3497 1752 torro
3515 1699 3785 1768 praefert.

339 1794 543 1857 perent
571 1788 723 1844 ultro
744 1786 1085 1859 permisisse
1101 1786 1341 1841 dicunt:
1377 1788 1575 1842 minus
1600 1788 1991 1854 advertentes,
2105 1783 2269 1847 000d
2304 1782 2352 1839 Si
2385 1799 2504 1838 una
2523 1786 2582 1838 ει
2623 1783 2830 1838 eadem
2875 1800 3049 1855 Opera
3092 1785 3509 1842 scortationem
3532 1803 3600 1843 se
3624 1789 3790 1844 anti-

340 1894 530 1950 usque
562 1878 706 1932 adeo
731 1875 1055 1946 desipiunt,
1088 1874 1177 1931 vel
1222 1876 1357 1931 data
1405 1892 1580 1949 opera
1639 1877 1992 1959 exorbitant,
2030 1915 2073 1959 η
2106 1877 2342 1944 quatam
2376 1871 2521 1929 velle
2553 1874 2888 1939 contendat,
2924 1873 3085 1930 nullo
3118 1875 3303 1947 igitur
3336 1877 3510 1932 modo
3552 1878 3668 1934 viri
3729 1886 3791 1936 et

341 1972 588 2023 mortem
621 1966 905 2036 auspiciis
939 1964 1155 2019 diaboli
1198 1966 1591 2021 introductam
1621 1966 1902 2039 irrupisse
1930 1966 1991 2023 in
2029 1962 2074 1981 υ
2105 1962 2331 2017 feminas
2356 1978 2739 2034 congressum
2772 1964 3074 2035 approbat,
3113 1968 3177 2020 ut
3205 1964 3450 2021 hacarte
3482 1984 3787 2039 magnum

340 2058 650 2124 mundum,
684 2060 861 2127 atque
920 2055 1144 2127 primos
1198 2055 1383 2111 nostri
1438 2058 1667 2128 generis
1700 2061 1988 2123 auctores,
2105 2051 2249 2107 illud
2284 2050 2385 2106 Dei
2417 2052 2712 2123 opiﬁcium
2747 2052 2921 2108 homo
2952 2052 3285 2121 intercidat,
3345 2059 3403 2110 et
3457 2065 3791 2115 evanescat

336 2150 475 2204 dum
501 2146 585 2201 illi
608 2145 1288 2217 obsequuntur,cxitium
1316 2144 1428 2201 sibi
1462 2162 1701 2216 parasse
1750 2148 1987 2218 paradi-
2103 2141 2364 2213 (dignm,
2396 2141 2499 2213 qui
2532 2144 2651 2197 tam
2674 2140 2904 2198 tristem
2928 2142 3120 2199 aleam
3145 2144 3374 2215 primus
3405 2146 3786 2221 experiatur)

336 2254 519 2309 eoque
552 2236 739 2291 nudos
761 2236 974 2305 ejectos
1006 2251 1153 2290 esse.
1191 2239 1437 2306 Insuper
1465 2251 1532 2290 ex
1571 2236 1992 2308 consequentia
2101 2237 2276 2305 atque
2304 2232 2389 2288 ita
2419 2232 2559 2288 solis
2619 2233 3028 2290 animantibus
3088 2235 3276 2290 brutis
3318 2236 3502 2293 brutas
3533 2237 3784 2296 telluris

335 2342 574 2399 prorsus
634 2325 847 2390 evenit,
908 2328 973 2379 ut
1030 2337 1391 2395 quiscunque
1423 2324 1494 2380 ab
1537 2324 1609 2379 iis
1651 2325 1751 2396 qui
1783 2331 1991 2381 contra
2100 2322 2382 2378 habitatio
2430 2322 2616 2378 cedat.
2652 2321 2815 2379 Unde
2866 2323 3010 2379 satis
3043 2329 3309 2395 apparet,
3341 2342 3521 2396 quam
3554 2326 3784 2399 ignavo

338 2417 522 2472 Deum
553 2414 695 2470 talia
730 2414 1117 2480 deblaterant,
1173 2429 1242 2470 ex
1270 2413 1736 2470 Christianorum
1768 2414 1987 2471 rituum
2100 2411 2278 2467 miser
2329 2411 2428 2466 ille
2476 2428 2776 2483 quamque
2836 2412 3163 2469 inhumano
3221 2419 3453 2485 pectore
3510 2416 3615 2487 sit,
3650 2418 3780 2475 imo

339 2504 675 2579 praescripto
708 2505 876 2573 ﬁunt,
901 2520 968 2560 ea
1000 2520 1115 2560 non
1148 2504 1273 2559 sine
1303 2504 1549 2560 crimine
1572 2504 1738 2572 ﬁant,
1759 2509 1824 2561 ut
1853 2521 1987 2561 cum
2097 2516 2233 2558 vero
2264 2500 2509 2556 rationis
2531 2503 2752 2570 minus,
2774 2502 3096 2573 quamipsa
3117 2503 3313 2572 bruta,
3344 2509 3414 2559 ut
3447 2504 3534 2561 ita
3557 2505 3789 2576 dicam,

338 2611 486 2667 saepe
518 2610 617 2650 eos
650 2594 964 2666 baptizent,
997 2593 1085 2648 vel
1116 2593 1459 2666 demergant
1488 2595 1706 2666 potius,
1739 2594 1841 2666 qui
1871 2595 1987 2650 has-
2100 2589 2411 2662 particeps.
3258 2586 3269 2593 ’

339 2685 493 2742 resin
522 2701 723 2741 eorum
757 2683 1212 2757 amplectuntur.
2761 2715 2916 2771 CAP,
2949 2716 3087 2772 XVI.

407 2774 546 2831 Item
581 2791 714 2830 cum
747 2774 872 2830 suis
923 2774 983 2828 in
1043 2772 1336 2847 mysteriis
1380 2787 1532 2845 aqua
1563 2773 1688 2830 sola
1719 2777 1987 2843 utuntur,

335 2864 453 2920 imo
484 2866 661 2920 etiam
721 2863 1117 2919 ministerium
1176 2864 1456 2936 baptismi
1489 2863 1724 2919 feminis
1755 2864 1936 2935 permi‘

2175 2845 2264 2896 arta
2294 2841 2507 2899 decima
2525 2842 2776 2913 haeresis,
2798 2842 2839 2898 A
2881 2842 3109 2900 cllisﬂi
3128 2860 3341 2916 quoque
3358 2846 3438 2902 ad
3457 2847 3776 2904 Ecclesium

2401 2913 2730 2971 catholicam
2761 2861 3048 2971 uagantes
3081 2916 3457 2971 baviizanlur.

334 2913 1141 3026 agt.'xig;.e';;a;a;‘;x
1176 2913 1722 3024 senatus;
1754 2913 1935 3010 Egit...

2401 2913 2730 2971 catholicam
2761 2913 3048 2972 redeuntes
3081 2913 3456 2989 ὺᾱριίκαηιαν,

335 3043 661 3115 approbant
719 3042 879 3115 quod
936 3060 970 3098 ει
1024 3043 1179 3099 Luca
1213 3043 1636 3130 γοοοεοτίριυω
1709 3045 1820 3112 θεῖ,
1882 3058 1987 3099 nec
2170 3056 2406 3113 Luciani
2438 3057 2681 3128 quidem
2704 3058 3164 3130 condiscipulus,
3204 3059 3524 3118 Marcionis
3552 3066 3757 3118 autem

332 3131 391 3187 id
450 3136 645 3187 tamen
700 3130 996 3201 integrum
1058 3133 1116 3185 et
1174 3129 1320 3184 citra
1395 3134 1704 3185 contextus
1786 3146 1933 3185 corr:

2179 3144 2427 3217 icipulus
2477 3146 2705 3218 Apelles
2755 3164 2790 3203 a
2827 3129 3186 3220 praeceptore
3207 3150 3267 3205 in
3301 3149 3606 3222 plerisque
3638 3152 3780 3208 dis-

336 3221 617 3293 ptiunem.
726 3310 779 3313 ᾧ
898 3311 910 3313 _
991 3310 1003 3313 Α
1338 3310 1352 3313 _
1490 3309 1503 3313 _
1581 3310 1591 3313 _
1700 3309 1712 3313 _
2018 3282 2060 3313 η
2099 3236 2840 3308 sentienshaudquaquam
2870 3221 3569 3311 tria,utille,quatuorve
3600 3243 3781 3313 prin-

2099 3282 2359 3293 --..-.-_-
2381 3282 2840 3308 ..πη-..νηη-
2874 3282 3077 3305 -....,...
3106 3282 3224 3308 .....,
3287 3282 3486 3297 -..ηιμ
3508 3282 3569 3297 ,ν
3649 3282 3780 3298 ...π

405 3312 683 3368 Caeterum
715 3310 1107 3366 Τδεοάοτίιυε
1141 3310 1457 3380 quemdam
1490 3309 1669 3380 huius
1699 3309 1987 3368 haereseos
2018 3282 2061 3349 θ
2103 3326 2386 3398 cipia,sed
2405 3342 2589 3381 unum
2610 3326 3172 3399 principium,unam
3197 3282 3521 3399 pgtentiam
3550 3282 3787 3389 unum-

337 3402 695 3471 decrepitum
752 3416 814 3456 se
872 3400 1091 3456 vidisse
1139 3404 1409 3465 testatur,
1471 3400 1570 3472 qui
1638 3419 1771 3459 cum
1824 3419 1938 3459 mai

2182 3432 2213 3472 e
2265 3415 2450 3472 Deum
2503 3416 2996 3472 innominabilem
3048 3418 3325 3489 asseruit,
3386 3436 3421 3475 a
3469 3436 3591 3492 quo
3616 3425 3782 3480 Deus

337 3490 713 3557 surrexisset,
795 3488 989 3545 salivas
1079 3495 1449 3547 excremento
1529 3491 1737 3547 faciem
1825 3509 1938 3548 sua

2185 3522 2247 3561 er
2276 3505 2462 3561 factus
2512 3505 2709 3576 fuerit,
2761 3507 2933 3577 cujus
2983 3522 3161 3578 opera
3192 3488 3421 3577 coelum,
3454 3488 3685 3566 terram
3718 3517 3780 3569 et

337 3580 619 3647 ablueret,
680 3595 1033 3652 causamque
1086 3584 1326 3652 rogatus
1383 3597 1448 3636 se
1504 3597 1705 3637 cavere
1752 3599 1938 3653 respon

2183 3595 2301 3650 mia
2331 3610 2457 3666 quas
2488 3594 2549 3649 in
2580 3595 2667 3651 eis
2697 3603 2857 3663 sunt,
2892 3596 3191 3665 creaverit,
3241 3596 3399 3652 hunc
3430 3602 3638 3654 tamen
3675 3618 3784 3672 po-

335 3671 519 3760 deret,
566 3685 643 3760 ne
694 3685 891 3726 rerum
941 3687 972 3726 a
1014 3669 1221 3760 mundi
1270 3670 1479 3742 opiﬁce
1513 3670 1991 3739 Deocreatarum
2101 3684 2410 3741 ater-iorem
2460 3699 2830 3756 nequaquam
2885 3685 3102 3741 bonum
3149 3687 3429 3753 evasisse,
3472 3669 3781 3760 neque—ea

335 3759 457 3814 ulla
481 3759 791 3830 indigeret,
845 3763 1020 3831 atque
1082 3758 1300 3815 idcirco
1329 3776 1402 3815 ne
1426 3776 1579 3830 aqua
1609 3761 1849 3832 quidem
1884 3766 1936 3816 ut

2184 3790 2227 3828 se
2260 3772 2398 3830 fecit
2453 3773 2603 3829 bene
2647 3773 2876 3840 fecisse,
2929 3774 3030 3831 sed
3064 3791 3167 3846 pro
3198 3776 3362 3847 pravi
3392 3776 3483 3832 sui
3515 3758 3779 3836 affectus

335 3866 462 3921 quae
492 3849 774 3904 nimirum
805 3849 878 3905 ab
910 3848 1010 3904 i110
1041 3852 1238 3905 creata
1276 3854 1451 3905 ϐδεθί·
1498 3849 1600 3905 Clli
1651 3866 1787 3907 cum
1838 3850 1995 3921 Obje'
2099 3861 2366 3930 libidine,
2400 3862 2843 3932 subjecit.Quod
2877 3862 2938 3918 in
2970 3879 3148 3920 causa
3177 3863 3311 3933 fuit,
3334 3868 3399 3921 ut
3419 3866 3779 3925 novissimis

337 3938 517 3994 cisset
546 3937 690 4008 ipse.
728 3938 837 4003 QUi
867 3937 932 3993 ﬁt
977 3954 1135 4010 ergo,
1176 3941 1243 3993 ut
1274 3953 1485 4010 panem
1518 3937 1748 4007 offeras,
1781 3939 1983 3994 vinum
2099 3951 2158 4006 in
2191 3951 2400 4008 diebus
2429 3950 2699 4007 Christus
2732 3951 2831 4008 Dei
2880 3954 3144 4024 superni,
3190 3954 3582 4027 ejusdemque
3623 3957 3778 4015 boni

339 4032 397 4084 et
426 4043 643 4099 αρυαω
695 4027 886 4095 bibi“,
946 4028 1230 4096 dormias:
1290 4028 1569 4101 ωγειθτία
1600 4028 1856 4100 denique
1886 4027 1993 4083 tibi
2099 4041 2284 4097 Filius
2314 4042 2374 4097 in
2413 4049 2623 4097 terram
2655 4043 2897 4114 venerit,
2931 4059 3284 4116 carnemque
3313 4061 3468 4116 vere,
3520 4062 3645 4102 non
3702 4064 3779 4105 ex

338 4121 680 4192 praescripta
708 4118 967 4176 celebres
996 4119 1025 4175 ‘2
1057 4118 1311 4191 subjecit
1339 4118 1465 4187 ille,
1496 4119 1616 4175 haec
1648 4136 1682 4175 a
1710 4134 1773 4175 se
1796 4135 1939 4175 nece.

2176 4133 2285 4189 tria
2323 4132 2570 4204 virgine,
2593 4134 2696 4189 sed
2722 4149 2791 4189 ex
2808 4133 3014 4189 mundi
3042 4134 3396 4203 substantia,
3416 4152 3777 4210 assumpse-

336 4211 489 4267 Bal'iO
536 4209 706 4266 ίῖθτίε
756 4208 898 4280 Cluia
938 4209 1219 4266 nimirum
1260 4210 1310 4265 εί
1354 4225 1531 4266 aecus
1583 4209 1746 4280 fuit,
1781 4210 1992 4273 Vivere.
2100 4220 2197 4291 rit,
2230 4222 2331 4294 qui
2359 4222 2569 4278 deinde
2616 4223 2935 4279 cruciﬁxus
2982 4226 3041 4278 et
3070 4222 3346 4294 sepultus
3376 4208 3779 4285 resurreierit

340 4300 732 4389 mysteriaque
781 4299 1073 4389 celebrare
1134 4303 1406 4389 nequeat.
1467 4303 1661 4371 Atque
1706 4300 1788 4355 ita
1816 4299 1998 4355 miser
2098 4311 2527 4384 discipulisque
2547 4328 2718 4368 suam
2739 4312 2930 4384 ipsius
2961 4327 3199 4368 carnem
3231 4314 3775 4389 ostenderit,atque

335 4388 433 4443 ille
457 4386 658 4444 volens
709 4387 912 4443 nolens
954 4404 1016 4444 se
1054 4405 1246 4444 rerum
1284 4406 1317 4443 a
1364 4387 1479 4444 Deo
1514 4395 1840 4445 creatarum
1872 4392 1998 4445 tan-
2097 4400 2337 4456 tandem
2370 4400 2427 4455 in
2461 4418 2529 4457 ea
2552 4401 2747 4456 denuo
2766 4400 3167 4469 resolutus,ex
3191 4403 3405 4474 quibus
3427 4386 3776 4475 constabat,

333 4493 512 4548 quam
535 4477 819 4534 bonarum
856 4478 1205 4550 participem
1245 4492 1373 4533 esse
1420 4478 1729 4547 fatebatur,
1774 4478 1994 4550 quibus
2100 4505 2268 4546 suum
2330 4491 2541 4562 cuique
2594 4490 2903 4557 elemento,
2967 4490 3223 4547 calidum
3282 4491 3507 4549 scilicet
3549 4495 3774 4553 calido.

332 4571 504 4624 antea
534 4568 863 4639 refragatus
889 4576 945 4623 et
974 4567 1286 4623 oblocutus
1322 4571 1466 4623 emt-
2024 4657 2035 4658 ί
2100 4579 2378 4652 frigidum
2412 4579 2649 4651 frigido,
2682 4580 2905 4637 siccum
2938 4580 3116 4649 sicco,
3168 4580 3476 4639 humidum
3509 4584 3778 4658 denique

1005 4709 1159 4765 CAP.
1200 4708 1317 4766 xv.
2019 4657 2346 4724 Dhumido
2423 4668 2763 4766 reddiderit,
2840 4673 3012 4740 atque
3085 4669 3166 4725 ita
3239 4685 3308 4726 ea
3355 4688 3527 4729 carne
3586 4657 3778 4745 quam

1147 4751 1159 4765 '
1200 4751 1317 4766 ⁴“”
2106 4761 2530 4830 assumpserat,
2592 4757 2892 4825 liberatus,
2953 4758 3149 4814 carnis
3206 4774 3414 4832 expers
3458 4761 3520 4816 in
3553 4764 3776 4822 ccelum

476 4836 683 4905 Quinta
701 4834 911 4892 decima
935 4834 1179 4907 haeresis,
1204 4835 1456 4907 Luciani.
1479 4834 1850 4907 Baptizantur
2106 4848 2455 4905 ascenderit,

849 4915 900 4962 et
928 4906 1010 4977 hi,
1040 4905 1093 4961 si
1119 4904 1473 4979 resipiscam.

408 5031 701 5089 Lucianus
730 5032 1006 5104 dogmata
1034 5033 1342 5089 Marcionis
1374 5036 1616 5089 secutus
1661 5036 1771 5100 est,
1819 5035 1997 5105 atque
2416 4997 2693 5052 Harenas
2722 4995 3086 5068 praecedam”
3115 4998 3444 5068 confatalia

337 5128 399 5175 ut
430 5122 653 5178 caeteris
707 5122 766 5177 in
826 5122 1002 5178 rebus
1054 5123 1393 5194 praeceptori
1425 5123 1804 5191 consentiret,
1838 5128 1995 5181 certe
2176 5124 2435 5198 Apellem
2487 5123 2653 5180 illum
2704 5125 2990 5197 optimum
3020 5126 3413 5181 humanarum
3445 5126 3782 5186 formarum

336 5208 634 5280 legitimas
668 5209 908 5282 nuptias
941 5211 1333 5283 improbabat,
1365 5216 1422 5267 et
1472 5211 1545 5266 ad
1594 5211 1996 5281 virginitatem
2104 5214 2611 5288 depingendarum
2644 5214 2926 5270 artificem
2951 5213 3181 5286 Apelles
3216 5215 3308 5270 hic
3357 5214 3419 5270 in
3474 5217 3794 5288 opinioni-

336 5300 700 5370 hortabatur,
758 5315 873 5354 non
931 5314 998 5354 eo
1060 5316 1198 5356 sane
1256 5303 1412 5372 quod
1472 5301 1752 5374 optimam
1806 5302 1997 5371 illam,
2103 5306 2215 5361 bus
2245 5303 2368 5361 suis
2398 5303 2472 5359 de
2506 5304 2619 5359 Deo
2650 5303 3120 5359 commentandis
3144 5319 3785 5379 nequaquamsepraa-

332 5386 565 5457 Deoque
622 5392 867 5460 gratam,
914 5386 1230 5458 judicaret,
1278 5392 1381 5446 sed
1431 5395 1496 5446 ut
1545 5390 1647 5446 Dei
1691 5408 1868 5463 opera
1897 5409 1995 5449 ca—
2102 5395 2273 5459 stitit,
2307 5395 2426 5449 imo
2450 5392 2643 5466 potius
2675 5392 3047 5465 obliquorum
3083 5395 3427 5464 dogmatum
3459 5397 3781 5469 conﬁctor,

332 5473 742 5546 lumniaretur,
773 5475 1074 5548 legemque
1116 5476 1401 5535 scelestus
1437 5478 1537 5536 ille
1588 5481 1783 5548 terret,
1826 5497 1995 5537 cave-
2103 5489 2161 5540 et
2190 5484 2371 5540 veluti
2404 5484 2640 5555 quidam
2673 5482 2871 5555 ﬁgulis
2902 5483 3209 5556 imperitus
3228 5485 3633 5556 deprehensus
3653 5494 3778 5549 est.

330 5559 541 5624 retque
573 5579 643 5619 ne
672 5565 811 5635 quis
864 5565 1093 5621 feminas
1145 5568 1627 5640 eoujungeretur,
1689 5570 1867 5642 idque
1927 5586 1993 5628 eo
2102 5574 2236 5639 Quae
2269 5574 2505 5646 quidem
2540 5575 2811 5643 dogmata
2863 5573 3025 5644 virga
3078 5573 3288 5640 ferrea,
3337 5572 3449 5630 hoc
3486 5583 3577 5631 est
3608 5584 3778 5638 recta

327 5650 579 5736 tanll‘lmi
618 5654 884 5725 consilio,
945 5659 1012 5709 ut
1066 5670 1259 5710 rerum
1319 5661 1587 5717 omnium
1666 5661 1859 5734 opiﬁci
1937 5666 1996 5717 et
2101 5663 2239 5721 ﬁdei
2270 5663 2474 5736 regula
2504 5663 2741 5719 tandem
2794 5661 3097 5719 confracta
3148 5666 3206 5718 et
3235 5663 3542 5736 antiquata
3570 5673 3774 5725 sunt:

321 5731 589 5790 creatori
620 5738 735 5798 Deo
800 5745 1212 5815 refragaretur,
1267 5745 1637 5822 efﬁceretque
1685 5731 1756 5807 ne
1787 5750 1987 5806 matri-
2101 5757 2273 5827 atque
2322 5731 2575 5813 validius
2632 5749 2831 5819 etiam,
2892 5768 3073 5823 quam
3119 5750 3315 5810 fusilis
3376 5731 3478 5811 illa
3534 5759 3777 5833 statua,
