4054 6410
266 387 422 449 1281

1604 385 2010 446 THESAURI
2051 385 2206 446 BIB.
2255 386 2363 448 IV.

3537 385 3694 444 1282

265 537 444 594 quam
476 520 708 576 taurino
739 520 928 592 capite
957 520 1217 576 efﬁxerat
1266 520 1536 588 ebrietas,
1571 521 1629 576 in
1693 521 1920 576 minuta
1951 526 2004 588 Α
2036 521 2415 576 deliramenta
2447 519 2792 576 Severianus
2819 518 3150 589 expiscatus
3183 523 3289 584 est,
3323 517 3532 574 deinde
3567 520 3694 591 ipse

265 613 594 683 fragmenta
627 609 919 665 confracta
953 614 1009 665 et
1037 610 1249 681 potrita
1281 609 1472 665 fuerit.

339 699 870 755 Introducitaulem
888 698 1239 770 principium
1261 715 1444 754 unum
1462 699 1923 770 innominatum,

267 806 300 843 a
332 805 446 859 quo
476 788 657 842 Deum
693 787 875 842 alium
913 788 1268 858 processisse
1318 789 1539 856 subdit,
1594 790 1697 860 qui
1727 790 1927 844 omnia

272 882 556 931 creaverit
619 893 632 929 :
693 877 864 946 idque
897 893 1012 932 non
1047 883 1222 943 recte,
1283 877 1385 932 sed
1445 877 1596 932 male
1654 884 1710 932 et
1754 883 1927 949 prout

271 971 556 1034 corrupta
589 967 808 1022 mentis
839 972 963 1022 erat
1011 966 1213 1022 lumen
1266 967 1410 1023 illud
1445 968 1597 1038 quod
1630 969 1746 1024 diei
1778 986 1922 1040 prae-

271 1058 448 1122 lucet,
481 1060 581 1110 aut
641 1073 831 1110 aerem
892 1073 1063 1127 quem
1127 1057 1422 1128 spiramus
1467 1057 1924 1130 haudquaquam

270 1146 512 1212 veritus,
547 1161 662 1199 non
695 1145 863 1215 panis
895 1163 1009 1217 quo
1041 1146 1281 1215 alimur,
1318 1164 1432 1202 non
1491 1165 1651 1218 aquae
1709 1165 1825 1218 qua
1867 1149 1925 1202 in

273 1241 412 1308 potu
444 1233 687 1300 utimur,
738 1252 851 1290 non
916 1241 1255 1293 caeterorum
1301 1239 1677 1309 cujusquam,
1713 1238 1928 1309 quibus

277 1327 563 1391 homines,
599 1330 661 1379 ut
690 1330 898 1379 caetera
929 1325 1214 1396 spirantia
1247 1329 1625 1398 perfruimur,
1644 1328 1925 1382 rationem

275 1415 458 1470 ullam
495 1415 736 1468 habens.
774 1415 835 1468 In
868 1416 1082 1484 quibus
1132 1417 1456 1487 praesertim
1514 1419 1708 1472 minus
1754 1423 1926 1483 recte,

276 1521 379 1560 nec
411 1509 476 1558 ut
506 1509 806 1559 creaturas
837 1505 1002 1558 decet
1040 1505 1216 1559 verba
1248 1505 1318 1560 de
1349 1522 1414 1561 eo
1474 1505 1676 1561 fecisse
1735 1508 1931 1576 depre-

275 1594 577 1661 henditur,
606 1608 772 1662 aquo
805 1591 918 1647 illa:
953 1595 1010 1647 in
1059 1610 1253 1648 rerum
1311 1599 1584 1649 naturam
1635 1596 1932 1665 productae

276 1687 434 1737 sunt.
470 1681 543 1736 Ut
572 1687 726 1736 certe
762 1681 1060 1737 Christum
1094 1681 1332 1752 superni
1381 1683 1764 1753 ejusdemque
1798 1681 1932 1738 boni

274 1772 376 1826 Dei
408 1770 616 1824 Filium
653 1771 921 1838 fateatur,
955 1771 1050 1840 qui
1095 1786 1290 1826 revera
1340 1786 1577 1826 carnem
1614 1771 1930 1826 humanam

2039 627 2272 681 quoque
2321 611 2570 666 aliarum
2606 613 2812 665 auctor
2861 609 3185 678 haereseon,
3232 619 3510 681 tanquam
3565 610 3695 664 bla-

2039 699 2325 768 sphemiis
2359 699 2735 769 blasphemos
2799 714 3077 769 superare
3130 698 3463 765 contendat,
3495 715 3524 751 a
3579 698 3700 752 vini

2044 806 2150 843 usu
2207 805 2442 860 prorsus
2471 788 2892 843 abstinendum
2915 804 3042 842 esse
3066 787 3252 841 docet.
3278 787 3702 857 Diabolumque

2038 893 2170 932 cum
2197 884 2350 932 terra
2377 895 2782 951 congressum,
2807 882 2863 931 et
2885 877 3094 931 exinde
3111 877 3286 930 vitem
3313 893 3445 931 mox
3465 881 3692 930 enatam

2037 982 2267 1022 aserere
2330 984 2446 1022 non
2481 972 2752 1022 veretur:
2789 966 2870 1021 ita
2905 971 2972 1021 ut
2999 966 3177 1020 vitem
3228 965 3365 1020 mali
3415 966 3700 1020 daemonis

2041 1054 2256 1108 malum
2293 1071 2441 1126 opus
2491 1055 2780 1109 afﬁrmet:
2816 1054 3095 1125 igndrans
3131 1055 3333 1108 omnia
3386 1071 3512 1124 qua:
3546 1053 3699 1108 Deus

2040 1143 2255 1196 creavit
2284 1159 2413 1198 esse
2445 1145 2616 1210 bona,
2653 1148 2826 1214 prout
2856 1145 3116 1214 ejusdem
3173 1142 3368 1197 divina
3399 1159 3507 1196 vox
3552 1148 3697 1196 alte-

2039 1235 2246 1286 statur.
2283 1231 2496 1287 Malum
2531 1233 2768 1303 quidem
2801 1239 2886 1287 est
2917 1233 3188 1299 ebrietas,
3224 1235 3280 1287 et
3306 1248 3501 1286 rerum
3535 1248 3700 1287 crea-

2041 1322 2234 1373 tarum
2264 1322 2528 1391 abusus;
2563 1338 2696 1376 nam
2758 1321 2843 1377 sol
2888 1339 3118 1392 quoque
3176 1321 3448 1393 caliginis
3499 1324 3704 1376 auctor

2040 1414 2128 1463 est
2161 1409 2252 1476 iis,
2285 1412 2387 1480 qui
2421 1412 2480 1465 in
2514 1413 2642 1482 ejus
2690 1412 2888 1466 orbem
2944 1415 3099 1466 recta
3155 1411 3455 1466 oculorum
3519 1412 3701 1466 aciem

2041 1497 2345 1568 dirigunt:
2384 1517 2499 1554 non
2532 1505 2724 1555 tamen
2751 1517 2816 1554 ea
2841 1501 2910 1555 de
2933 1516 3111 1555 causa
3133 1500 3562 1555 lucidissimum
3588 1499 3699 1554 hoc

2042 1586 2158 1641 dici
2191 1587 2390 1643 lumen
2425 1590 2860 1659 aspernandum
2920 1594 3027 1645 est.
3090 1593 3254 1660 Aqua
3307 1589 3486 1644 vitam
3523 1589 3695 1644 rebus

2044 1677 2297 1732 admotis
2334 1676 2620 1750 largitur:
2685 1679 2884 1734 eadem
2919 1679 3203 1734 suffocare
3261 1695 3494 1750 quoque
3528 1678 3696 1733 solet.

2046 1765 2206 1836 Ignis
2239 1765 2438 1821 itidem
2473 1767 2736 1822 calefacit
2769 1773 2942 1838 atque
2977 1767 3112 1823 urit.
3138 1768 3380 1824 Gladius
3414 1768 3614 1823 multis
3642 1769 3699 1822 in

273 1859 554 1925 induerit,
589 1874 800 1929 passus
832 1859 990 1923 sit,et
1023 1859 1710 1926 resurrexerit,eumdem
1734 1865 1930 1914 tamen
1964 1885 2012 1948 B
2045 1855 2220 1910 rebus
2251 1856 2657 1912 conducibiles
2688 1863 2815 1912 est:
2873 1861 2932 1912 at
2965 1858 3116 1912 idem
3152 1857 3468 1913 homicidia
3501 1874 3705 1928 perpe-

278 1965 411 2004 cum
446 1951 504 2003 in
535 1947 710 2003 caelos
737 1947 1022 2016 ascendit,
1058 1963 1294 2002 carnem
1337 1948 1706 2018 deposuisse,
1743 1948 1931 2019 priva-

278 2042 522 2107 tumque
554 2052 796 2108 corpore
855 2035 1194 2092 ascendisse
1251 2036 1571 2092 contendit.
1633 2038 1759 2101 Qua
1791 2037 1849 2091 in
1881 2053 1940 2091 re

279 2129 497 2199 partim
527 2127 798 2192 Cerdoni,
830 2127 1044 2197 partim
1105 2125 1388 2181 Marcioni
1418 2124 1690 2190 colludit,
1724 2126 1935 2196 partim

281 2216 509 2272 caeteris
551 2216 838 2272 haereticis
887 2217 1264 2288 astipulatur,
1314 2232 1670 2287 erroneaque
1720 2221 1774 2270 et
1823 2215 1936 2270 im-

278 2307 583 2378 probanda
615 2323 748 2362 cum
783 2306 900 2362 illis
933 2307 1210 2378 dogmata
1231 2305 1387 2363 velut
1417 2305 1934 2377 haereditariojure

282 2397 548 2452 sortitur.
886 2445 890 2452 .

349 2485 506 2540 Idem
539 2483 712 2540 aliam
749 2501 980 2556 quoque
1013 2485 1281 2541 haeresim
1302 2486 1560 2554 innovat,
1594 2487 1734 2542 dum
1766 2485 1933 2542 Chri-

282 2578 442 2629 stum
475 2574 584 2629 sibi
619 2580 870 2645 quatuor
898 2591 966 2630 ex
999 2574 1450 2642 elementis,non
1483 2582 1677 2632 autem
1713 2594 1779 2630 ex
1807 2577 1932 2631 Vir-

277 2665 434 2735 ginis
493 2663 878 2733 sanguinibus
938 2680 1172 2720 carnem
1232 2666 1594 2736 compegisse
1654 2664 1862 2721 asserit
1916 2681 1930 2720 :

280 2755 605 2825 eademque
638 2755 829 2810 denuo
890 2754 949 2808 in
1009 2754 1112 2808 illa
1167 2755 1526 2823 dissolvisse,
1589 2772 1657 2810 ex
1715 2756 1932 2828 quibus

280 2843 605 2912 composita
643 2844 848 2908 fuerat,
901 2843 1055 2912 quod
1103 2843 1342 2913 quidem
1375 2843 1592 2898 Christi
1625 2846 1802 2914 gestis
1831 2845 1932 2900 ad-

278 2935 565 2985 versatur.
609 2935 751 2984 Nam
805 2931 849 2985 si
883 2947 1120 2987 carnem
1176 2932 1407 2988 ccelitus
1459 2932 1778 3008 attulisset,
1813 2951 1931 3004 quo

277 3027 544 3092 tompore
575 3021 861 3092 Angelum
893 3022 1326 3095 Evangelistam
1349 3024 1408 3078 in
1436 3025 1725 3082 civitatem
1757 3026 1932 3083 Naza-

278 3111 504 3165 retham
541 3104 783 3166 miserat
817 3129 829 3166 :
865 3113 934 3165 ad
969 3112 1132 3182 quid,
1166 3129 1381 3180 quaeso,
1435 3131 1581 3184 opus
1624 3115 1674 3169 ei
1723 3115 1926 3184 fuerat,

282 3204 347 3253 ut
405 3199 475 3254 ad
532 3203 768 3271 tempus
831 3202 890 3254 in
946 3205 1106 3257 utero
1166 3203 1424 3273 Virginis
1467 3205 1836 3272 formaretur,
1865 3221 1932 3260 ex

281 3289 737 3360 eodemdemque
769 3306 902 3345 cum
959 3293 1352 3349 crassitudine
1414 3295 1671 3366 corporis
1705 3296 1936 3351 exiret?

927 3401 1078 3454 CAP.
1114 3401 1291 3456 XVII.

281 3487 526 3559 Septima
550 3487 762 3565 decima
790 3488 1066 3565 ﬁmresis,
1123 3489 1572 3565 Seuerianorum.
1609 3495 1678 3548 Hi
1730 3510 1938 3565 quoque

681 3560 752 3614 ad
783 3560 1111 3631 baptismum
1138 3561 1528 3618 admittuntur.

347 3649 778 3720 Principatibus
812 3650 904 3706 hic
936 3666 1168 3723 quoque
1219 3652 1735 3726 Potestatibusque
1772 3654 1934 3710 illam

275 3752 470 3794 rerum
529 3739 880 3794 creationem
934 3757 1108 3810 quam
1158 3741 1453 3798 credimus
1504 3745 1932 3801 accommodat.

273 3827 484 3898 Aitque
515 3844 699 3882 unum
732 3844 860 3883 esse
895 3830 1074 3884 Deum
1109 3829 1334 3886 bonum
1369 3832 1427 3886 in
1484 3849 1760 3905 supremo
1793 3834 1935 3890 coelo

281 3919 337 3970 et
379 3916 612 3972 saeculo.
667 3917 968 3974 Diabolum
1011 3924 1207 3976 autem
1259 3937 1327 3976 ex
1379 3921 1507 3992 ejus
1556 3923 1774 3980 femore
1803 3941 1936 3995 pro—

280 4006 550 4072 cessisse,
607 4009 710 4078 qui
769 4013 1127 4080 potestatum
1187 4010 1378 4066 ordini
1437 4018 1646 4084 preest
1691 4031 1704 4069 :
1758 4031 1931 4085 quem

277 4094 454 4150 etiam
485 4094 935 4152 Jaldabaothum
984 4103 1173 4158 vocat.
1208 4100 1515 4157 Diabolum
1541 4101 1719 4168 hunc,
1753 4103 1934 4160 simul

278 4188 451 4256 atque
476 4185 535 4238 in
556 4183 745 4240 lucem
773 4187 966 4243 editus
988 4191 1096 4256 est,
1121 4195 1451 4260 serpentem
1475 4192 1930 4263 deprehensum,

276 4277 334 4327 et
364 4273 579 4329 idcirco
611 4274 670 4329 in
698 4277 914 4332 terram
975 4277 1289 4348 dejectum.
1346 4283 1610 4350 Cumque
1672 4284 1932 4339 venereis

277 4360 534 4418 stimulis
559 4369 938 4436 pungeretur,
974 4382 1108 4420 cum
1167 4370 1323 4422 terra
1357 4385 1469 4423 non
1529 4385 1698 4425 secus
1758 4375 1933 4442 atque

276 4466 409 4506 cum
443 4452 689 4509 muliere
723 4471 844 4510 rem
873 4455 1172 4524 habuisse,
1205 4457 1503 4529 vitemque
1542 4459 1670 4530 ejus
1703 4477 1733 4514 e
1764 4477 1930 4531 sper-

273 4545 427 4596 mate
458 4546 1083 4614 prognatam.Proinde
1115 4563 1150 4601 a
1181 4547 1316 4603 vino
1349 4548 1770 4605 abstinendum
1801 4567 1930 4608 esse

2053 1948 2183 1997 trat.
2218 1945 2310 2000 Sic
2355 1961 2416 2000 se
2443 1945 2662 2001 habent
2695 1950 2900 2002 caitera
2932 1962 3163 2018 quoque
3214 1948 3431 2015 omnia,
3489 1947 3707 2018 quibus

2051 2030 2312 2088 humana
2344 2033 2489 2088 vitat
2521 2038 2768 2090 constat.
2804 2035 2954 2099 Quin
2988 2053 3187 2090 earum
3211 2036 3387 2090 etiam
3422 2036 3706 2090 virtutum

2048 2137 2176 2190 qua:
2205 2121 2416 2192 reginae
2449 2122 2748 2188 dicuntur,
2804 2140 2947 2178 usus
2979 2123 3104 2194 ipse
3137 2123 3328 2178 medio
3360 2124 3701 2194 neutiquam

2046 2214 2226 2266 caret.
2269 2211 2327 2265 Si
2362 2211 2496 2282 quis
2555 2229 2690 2284 ergo
2722 2229 2814 2268 res
2871 2212 3211 2283 hujusmodi
3263 2229 3330 2267 ex
3388 2213 3700 2270 hominum

2049 2315 2155 2354 usu
2190 2300 2562 2368 auferal,solo
2585 2302 3012 2357 contrarietatis
3045 2319 3340 2358 concursu
3376 2308 3698 2375 permotus,

2044 2388 2096 2443 is
2127 2388 2360 2456 efﬁciet,
2394 2394 2460 2444 ut
2491 2406 2693 2446 earum
2727 2408 2918 2446 rerum
2954 2392 3080 2447 sine
3114 2393 3331 2464 quibus
3361 2394 3481 2450 vita
3505 2398 3704 2449 nostra

2047 2477 2278 2548 ingrata
2337 2483 2394 2534 et
2455 2480 2662 2536 acerba
2719 2481 2916 2536 futura
2971 2482 3072 2552 sit,
3132 2482 3303 2538 nulla:
3379 2484 3698 2555 supersint.

2047 2567 2250 2624 Multis
2283 2584 2415 2624 vero
2456 2570 2632 2626 etiam
2693 2571 2780 2626 vel
2814 2587 2965 2627 mica
2996 2572 3162 2643 panis
3205 2577 3448 2629 mortem
3481 2573 3702 2628 attulit.

2045 2663 2118 2716 At
2147 2661 2269 2716 ﬁeri
2303 2666 2496 2718 tamen
2549 2663 2712 2718 nullo
2747 2664 2920 2719 modo
2971 2667 3179 2736 potest,
3217 2668 3279 2718 ut
3327 2655 3475 2736 pane
3507 2681 3702 2720 carea-

2047 2768 2201 2819 mus,
2242 2751 2342 2824 qui
2399 2756 2680 2822 tanquam
2717 2769 2808 2808 res
2867 2753 3130 2809 omnium
3191 2753 3575 2822 solidissima,
3607 2771 3705 2809 cor

2044 2841 2306 2897 hominis
2355 2845 2684 2914 conﬁrmat,
2742 2845 3244 2916 quemadmodum
3295 2849 3352 2900 et
3393 2846 3612 2912 vinum,
3650 2844 3701 2900 si

2043 2936 2372 3004 Opportune
2407 2935 2820 3004 moderateque
2842 2933 3098 3000 bibatur,
3133 2951 3238 2990 nec
3271 2934 3438 2989 illum
3474 2953 3698 3010 σωφρο-

2043 3019 2206 3090 σύνης
2242 3039 2344 3077 seu
2377 3023 2770 3092 temperantiae
2806 3032 3087 3079 craterem
3121 3023 3433 3095 transiliat,
3470 3029 3569 3079 aut
3599 3041 3690 3079 sc—

2044 3111 2302 3166 cundum
2337 3111 2545 3166 saltem
2581 3128 2695 3166 non
2727 3114 2987 3181 excedat,
3021 3111 3362 3186 αὐταρκειας,
3406 3129 3506 3168 seu
3541 3113 3707 3168 sulti-

2048 3201 2274 3256 cieutiaa
2307 3201 2477 3270 vulgo
2527 3202 2732 3266 fertur,
2792 3217 2904 3272 quo
2967 3201 3205 3272 quidem
3269 3203 3422 3257 bona
3479 3202 3708 3273 corpori

2048 3289 2319 3345 valetudo
2377 3289 2601 3344 accedit
2655 3290 2953 3360 animique
3005 3308 3142 3362 pars
3193 3291 3497 3347 rationalis
3555 3296 3710 3346 sarta

2047 3385 2201 3436 tecta
2259 3380 2504 3436 fovetur.
2559 3379 2841 3450 Quodque
2900 3395 2967 3434 eo
3027 3381 3218 3450 majus
3274 3385 3383 3448 est,
3443 3381 3703 3454 seipsum

2047 3471 2316 3526 Christus
2339 3469 2439 3526 viti
2474 3470 2912 3542 discipulosque
2944 3470 3281 3543 palmitibus
3305 3472 3701 3544 comparavit:

2047 3562 2199 3617 Patri
2233 3561 2486 3631 denique
2519 3577 2730 3616 nomen
2765 3561 3030 3634 agricolae
3084 3561 3316 3618 indidit.
3355 3564 3503 3628 Quin
3552 3569 3610 3620 et
3640 3565 3698 3620 in

2047 3655 2213 3706 nocte
2238 3650 2358 3715 illa,
2384 3667 2502 3722 qua
2532 3651 2893 3717 tradebatur,
2928 3651 3218 3722 accipiens
3277 3669 3486 3723 panem
3523 3655 3700 3708 refer-

2044 3746 2292 3812 tumque
2340 3741 2474 3796 vino
2527 3741 2791 3809 calicem,
2838 3750 2890 3797 et
2961 3747 3274 3816 utrumque
3325 3744 3698 3812 benedicens,

2045 3830 2272 3888 Novum
2309 3831 2479 3886 nobis
2511 3832 2952 3886 Testamentum
2986 3832 3248 3902 tradidit;
3283 3851 3428 3904 pane
3461 3835 3699 3905 quidem

2043 3922 2102 3976 in
2139 3938 2315 3976 suum
2357 3937 2594 3991 corpus,
2625 3922 2758 3976 vino
2789 3927 2981 3977 autem
3027 3923 3086 3977 in
3133 3923 3480 3994 sanguinem
3541 3942 3699 3981 com-

2046 4015 2294 4067 mutato.
2341 4011 2554 4081 Hisque
2611 4011 2756 4066 adeo
2803 4012 3093 4067 ambobus
3125 4013 3294 4068 nobis
3324 4015 3698 4085 conjunctus,

2045 4101 2142 4173 qui
2176 4102 2247 4156 ab
2281 4100 2380 4156 illo
2412 4116 2618 4156 sumus
2642 4099 3090 4172 appellationem
3116 4103 3326 4171 sortiti,
3350 4105 3474 4160 dies
3498 4121 3701 4160 omnes

2045 4191 2355 4246 nobiscum
2405 4194 2692 4257 versatur,
2763 4193 3262 4259 quemadmodum
3321 4195 3494 4249 etiam
3564 4213 3700 4266 pro-

2044 4279 2227 4334 misit.
2263 4279 2448 4348 Atque
2475 4278 2554 4333 ita
2583 4277 2802 4333 nostris
2856 4280 3097 4349 quidem
3127 4281 3212 4336 vel
3267 4281 3326 4336 in
3359 4281 3702 4353 hujusmodi

2045 4368 2335 4440 mysteriis
2362 4367 2593 4422 arcanis
2624 4366 2739 4422 vini
2775 4385 2920 4424 usus
2971 4368 3132 4426 utilis
3178 4375 3234 4428 et
3283 4371 3548 4428 salutifer
3598 4374 3698 4429 de-

2042 4457 2448 4529 prehenditur.

2110 4546 2457 4603 Severianus
2508 4553 2704 4603 autem
2756 4549 2856 4620 qui
2907 4549 3109 4606 vinum
3161 4555 3216 4606 et
3270 4553 3504 4623 nuptias
3538 4570 3700 4609 exse-

275 4629 520 4697 dicebat,
557 4634 711 4702 quod
777 4634 1016 4705 quidem
1069 4653 1226 4691 nunc
1281 4637 1338 4692 in
1374 4637 1650 4708 furorem,
1685 4657 1840 4695 nunc
1877 4641 1934 4696 in
1969 4634 2016 4696 D
2047 4641 2267 4705 oratur,
2296 4637 2606 4708 indignum
2631 4654 2692 4693 se
2716 4639 2930 4708 prodit,
2955 4641 3123 4710 etqui
3149 4658 3403 4712 unquam
3429 4641 3484 4696 in
3511 4641 3698 4698 lucem

273 4717 422 4774 iram
456 4727 780 4779 exacueret.
815 4724 1114 4781 Feminam
1140 4734 1418 4798 praeterea
1452 4726 1752 4784 miserille
1783 4747 1815 4784 a
1838 4731 1935 4787 Sa-

273 4813 413 4866 tsna
444 4811 681 4882 factam,
725 4830 944 4886 eosque
975 4816 1073 4886 qui
1133 4833 1268 4872 cum
1332 4823 1548 4874 femina
1579 4821 1936 4876 concumbe-

274 4904 426 4969 rent,
459 4905 686 4956 Satanae
732 4919 882 4974 opus
914 4905 1240 4976 adimplere
1298 4907 1692 4964 fabulabatur.
1747 4913 1934 4981 Atque

273 5005 338 5044 ea
384 4989 456 5045 de
511 5007 691 5047 causa
746 4995 981 5064 nuptias
1039 4994 1440 5051 dissuadebat.
1505 4998 1749 5070 Insuper
1803 5016 1932 5055 eam

276 5095 511 5152 quoque
545 5080 802 5138 hominis
830 5089 1080 5154 partem,
1116 5101 1242 5155 quae
1274 5086 1544 5158 superior
1594 5091 1768 5154 esset,
1803 5107 1930 5145 um-

275 5168 568 5241 bilicoque
597 5177 771 5226 tenus
825 5173 1296 5243 protenderetur,
1358 5177 1671 5246 potestatis
1719 5178 1933 5234 Christi

277 5262 626 5315 creaturam:
653 5278 778 5333 quae
802 5266 995 5316 autem
1029 5270 1527 5335 consequerentur
1566 5266 1933 5336 umbilicum,

274 5363 342 5402 ea
373 5349 526 5403 idem
563 5351 725 5405 malas
785 5353 1088 5422 potestatis
1130 5369 1278 5423 Opus
1333 5372 1462 5409 esse
1522 5357 1931 5412 contendebat.

274 5435 452 5492 Vetus
496 5439 748 5511 denique
797 5441 1251 5513 Testamentum,
1306 5461 1421 5498 una
1479 5461 1610 5499 cum
1677 5463 1932 5502 resurre-

276 5527 468 5582 ctione
501 5534 865 5585 mortuorum
903 5532 958 5586 in
972 5532 1294 5588 ﬁciabatur.

592 5621 868 5676 Haereseos
895 5622 1258 5692 praecedentis
1287 5627 1616 5696 con/“utalia.

351 5709 430 5762 Ex
488 5707 783 5780 plerisque
842 5711 1248 5770 haeresiarchis
1306 5731 1370 5770 ea
1422 5731 1550 5785 quae
1609 5717 1933 5774 arriserunt

2046 4727 2366 4798 productus
2392 4727 2553 4794 sit,et
2572 4727 2671 4798 qui
2697 4726 2934 4783 calicem
2959 4727 3189 4783 Domini
3214 4735 3426 4785 sumat.
3444 4734 3701 4803 Utraque

2047 4817 2202 4873 enim
2234 4815 2505 4871 Christus
2535 4816 2853 4882 benedixit,
2882 4818 3120 4889 nuptias
3172 4818 3409 4890 quidem
3445 4837 3702 4891 prcesen-

2049 4907 2148 4975 tia,
2175 4907 2376 4964 vinum
2413 4911 2609 4962 autem
2641 4923 2710 4962 ex
2760 4923 2912 4979 aqua
2944 4925 3088 4963 novo
3139 4913 3195 4964 et
3224 4909 3486 4966 inaudito
3529 4911 3698 4967 mira-

2047 4998 2178 5053 culo
2215 4997 2456 5061 factum,
2481 4995 2609 5051 Jam
2643 5011 2775 5051 vero
2804 4997 2943 5067 quid
2977 5013 3286 5056 commune
3309 5001 3424 5056 luci
3457 5005 3514 5056 et
3544 5005 3701 5058 tene-

2046 5085 2198 5141 bris?
2232 5087 2494 5156 Itemque
2551 5085 2666 5140 Deo
2697 5087 2754 5140 et
2792 5085 3038 5142 daemoni
3084 5094 3149 5142 ut
3195 5105 3331 5144 eum
3387 5091 3700 5148 creationis

2045 5183 2373 5248 compotem
2407 5173 2627 5230 faciat?
2657 5174 2760 5230 Hic
2791 5175 2945 5230 enim
3002 5177 3257 5233 universi
3320 5185 3568 5247 creator,
3604 5181 3698 5236 ille

2045 5281 2180 5322 vero
2213 5269 2478 5318 creatura
2521 5267 2816 5328 censetur,
2871 5280 3054 5336 eaque
3087 5267 3250 5337 adeo,
3313 5285 3442 5339 quae
3473 5271 3611 5341 quia
3641 5271 3700 5326 in

2045 5350 2116 5406 iis
2156 5368 2282 5420 quae
2317 5354 2637 5418 acceperat,
2672 5350 2913 5406 minime
2976 5361 3423 5424 perseverasset,
3468 5357 3584 5412 imo
3617 5362 3704 5412 te-

2049 5440 2316 5494 merariis
2348 5439 2402 5492 in
2439 5443 2757 5494 creatorem
2795 5441 2956 5496 ausis
3001 5442 3442 5515 insurrexisset,
3490 5447 3704 5504 idcirco

2047 5530 2220 5586 etiam
2255 5545 2320 5583 ex
2353 5529 2470 5584 alto
2494 5546 2748 5602 praeceps
2773 5533 3080 5590 deturbata
3107 5540 3215 5606 est,
3235 5538 3428 5592 omnis
3451 5537 3706 5610 denique

2047 5622 2322 5693 nequitiae
2356 5627 2532 5694 caput
2562 5626 2619 5678 et
2650 5627 2948 5681 auctorem
2982 5643 3044 5682 se
3075 5628 3367 5698 praestitit.

2120 5712 2300 5770 Filius
2331 5726 2468 5785 ergo
2504 5713 2854 5784 perditionis
2886 5720 2942 5773 et
2984 5717 3270 5775 malorum
3317 5723 3575 5778 auctoris
3606 5719 3703 5776 illo
