4054 6382
255 366 411 427 1288

1590 363 1988 429 THESAURI
2034 367 2181 428 LIB.
2228 366 2333 432 iV.

3532 382 3684 447 1286

249 500 439 557 facilis
470 501 543 555 ad
603 500 963 604 cred-endam
996 499 1160 604 (Ξιῖιῠί.
1186 501 1387 604 νθΐὶξο,
1439 506 1503 604 lli:-
1532 500 1744 604 Oﬂnﬁjbi
1772 518 1910 602 uva"
1939 509 1994 574 Α
2024 518 2218 575 locum
2251 524 2579 594 proierunt,
2605 527 2701 581 ubi
2735 528 2819 584 sic
2850 530 3136 586 habetur:
3175 537 3380 589 Omnes
3401 534 3552 589 enim
3570 534 3685 604 ﬁlii

251 604 378 644 esse
412 591 778 660 persuadeat,
797 606 923 660 qua:
958 606 990 643 a
1008 589 1282 644 Montano
1301 591 1583 646 docentur
1598 590 1626 647 ‘l
1644 590 1906 663 Denique

250 694 384 734 cum
411 677 677 734 Christus
722 678 978 733 Hebraeis
1027 678 1258 746 dixerit,
1316 680 1700 736 Testimonium
1723 696 1905 735 meum

249 782 360 824 non
388 776 469 823 est
520 785 720 835 meum,
777 769 876 823 sed
935 769 1102 824 Pater
1131 775 1232 835 est,
1254 769 1350 841 qui
1390 772 1765 827 testimonium
1788 773 1904 841 fert

249 857 314 913 de
347 875 434 913 me
462 859 506 929 ³,
541 876 611 914 ne
670 858 800 929 quis
834 857 1099 914 omnium
1159 859 1499 916 Montanum
1549 877 1685 917 vera
1713 861 1907 916 dicere

251 953 535 1020 autumet,
570 949 668 1020 qui
699 950 771 1005 de
822 950 1016 1021 seipso
1064 949 1468 1006 testimonium
1507 951 1690 1007 ferat:
1726 951 1905 1022 idque

247 1039 562 1108 ejusmodi,
600 1043 662 1094 ut
693 1056 808 1096 non
863 1039 933 1095 dc
964 1040 1137 1095 rebus
1180 1041 1537 1111 quibusdam
1594 1039 1908 1096 mediocri-

244 1129 356 1184 bus
390 1131 784 1185 narrationem
806 1129 1100 1199 instituat,
1128 1131 1229 1185 sed
1256 1129 1425 1185 illum
1449 1133 1679 1186 Patrem
1713 1128 1906 1184 omni-

244 1222 543 1290 potentem
575 1220 1060 1291 Servatoremque
1089 1219 1453 1291 pronuntiet.

319 1308 423 1363 Hic
455 1309 632 1363 dubio
668 1309 865 1381 procul
928 1309 1166 1365 interest
1219 1308 1474 1379 maligno
1520 1308 1726 1378 spiritu
1762 1325 1907 1379 praed-

246 1398 538 1463 tumidus,
592 1399 692 1470 qui
761 1400 935 1471 paulo
996 1404 1124 1470 post
1182 1416 1404 1456 vacuus
1461 1398 1737 1453 inventus
1797 1402 1907 1474 est,

250 1489 753 1559 quemadmodum
787 1488 959 1544 etiam
1019 1489 1146 1542 dure
1200 1488 1467 1556 ejusdem
1501 1486 1907 1558 prophetissae-

249 1577 397 1633 Cum
431 1578 587 1633 enim
619 1578 845 1634 nullum
902 1584 1035 1650 post
1076 1594 1139 1633 se
1190 1576 1533 1648 prophetam
1576 1580 1908 1643 venturum,

254 1669 359 1724 sed
392 1668 454 1723 in
512 1668 737 1725 foribus
777 1685 905 1725 esse
948 1667 1517 1724 consummationem
1568 1667 1909 1740 praedicant,

246 1758 400 1814 falsa
430 1767 484 1813 et
514 1774 614 1830 per
673 1775 736 1815 se
793 1758 1237 1830 reprehensioni
1267 1758 1520 1814 obnoxia
1576 1773 1726 1825 sese,
1767 1757 1909 1812 dum

244 1848 523 1904 Montano
580 1848 896 1914 adhaerent,
953 1864 1051 1904 ore
1102 1848 1334 1919 proprio
1383 1846 1731 1903 vaticinatus
1776 1860 1904 1902 esse

244 1936 659 2008 prodiderunt.
692 1936 809 1990 Illas
842 1935 1379 2005 enimjampridem
1410 1935 1702 2002 obierunt,
1727 1938 1903 2004 atque

243 2025 572 2082 inferorum
606 2025 916 2082 tormentis
967 2025 1242 2098 expositae
1275 2029 1451 2094 sunt;
1502 2023 1759 2079 mundus
1801 2040 1907 2078 au-

245 2121 369 2171 tem
409 2118 582 2172 durat
609 2120 666 2173 et
691 2117 1017 2172 etiamnum
1047 2115 1292 2188 proprias
1324 2115 1448 2185 Dei,
1484 2114 1584 2186 qui
1617 2117 1708 2169 est
1738 2128 1912 2184 super

250 2210 474 2275 omnia,
507 2207 781 2278 potestati
813 2208 1097 2277 subjacet.

922 2333 1073 2391 CAP.
1106 2330 1256 2389 XXI.

266 2460 533 2518 Vn'esima
588 2464 770 2532 prima
828 2463 1072 2530 haeresis,
1133 2460 1633 2530 Quintiliunorum,
1677 2457 1909 2532 Priscil-

335 2534 636 2659 lz'tqnort‘im,
701 2537 1095 2607 Pepusitarum
1146 2542 1197 2589 et
1234 2534 1641 2605 Artotylarum.
1690 2531 1769 2586 Hi
1824 2531 1913 2585 ba-

327 2621 360 2674 p
394 2622 520 2660 zzan
555 2624 639 2661 ur.

326 2727 669 2794 Quintiliani
736 2728 796 2784 hi
858 2727 1537 2801 pseudoprophetissam,
1601 2743 1719 2783 una
1775 2742 1909 2782 cum

242 2817 516 2874 Priscilla
543 2818 831 2876 hareseos
883 2836 1003 2876 sum
1045 2819 1252 2874 ducem
1302 2817 1549 2888 jactant.
1593 2816 1773 2873 Aiunt
1803 2832 1911 2872 au—

243 2914 364 2962 tem
397 2906 658 2978 ipsarum
717 2925 897 2965 unam
938 2908 998 2964 in
1046 2907 1195 2978 loco,
1256 2908 1355 2979 qui
1388 2908 1618 2979 Pepusa
1670 2906 1907 2977 dicitur,

244 2997 561 3066 dormisse,
622 2997 1043 3071 Christumque
1100 2998 1159 3054 in
1216 2997 1443 3054 somnis
1493 2995 1735 3068 vidisse,
1784 3012 1907 3052 mu-

241 3086 417 3142 liebri
441 3086 662 3157 habitu,
694 3088 845 3144 stola
875 3087 1185 3159 splendida
1218 3088 1511 3157 indutum,
1559 3104 1678 3143 uns
1708 3102 1906 3142 secum

241 3181 548 3232 versatum
590 3193 740 3244 esse,
772 3182 829 3233 et
849 3194 1126 3235 somnum
1160 3177 1406 3251 cepisse,
1434 3176 1783 3249 sapientiam
1807 3177 1907 3232 de-

242 3265 426 3336 nique
440 3266 551 3322 sibi
575 3266 893 3338 inspirasse
919 3284 932 3334 ;
966 3274 1140 3340 atque
1159 3264 1445 3325 reveiasse
1467 3283 1643 3340 quam
1662 3270 1903 3325 sanctus
1935 3257 1979 3325 0

240 3356 349 3412 ille
380 3354 543 3412 locus
556 3363 727 3412 esset.
752 3360 1032 3415 Caeterum
1054 3357 1244 3413 Veteri
1262 3361 1317 3412 et
1342 3357 1501 3413 Novo
1524 3360 1905 3415 Testamento

239 3450 517 3517 utuntur,
536 3452 1018 3518 mortuorumque
1045 3446 1541 3503 resurrectionem
1561 3445 1902 3505 admittunt.

235 3534 523 3591 Mulieres
580 3540 775 3593 autem
830 3536 889 3592 in
951 3536 1258 3607 episcopos
1309 3538 1367 3593 et
1419 3535 1787 3606 presbyteros
1832 3534 1904 3590 ab

231 3623 367 3680 illis
409 3623 727 3696 eliguntur.
761 3624 942 3680 Aiunt
988 3625 1169 3693 enim,
1223 3624 1281 3679 in
1331 3622 1567 3681 Christo
1612 3623 1754 3681 Jesu
1802 3638 1906 3678 nec

232 3714 597 3782 masculum,
643 3730 748 3773 nec
798 3715 1076 3773 feminam
1135 3730 1286 3772 esse.
1341 3714 1672 3786 Artotyritie
1730 3729 1903 3787 porro

225 3808 546 3873 vocentur,
607 3805 748 3876 quia
800 3821 1010 3877 panem
1060 3809 1118 3860 et
1167 3822 1404 3863 caseum
1466 3805 1587 3860 suis
1639 3804 1902 3877 ipsorum

228 3895 632 3952 sacramentis
672 3894 986 3952 adhibent:
1049 3891 1214 3971 ἄρτος
1242 3896 1398 3951 enim
1457 3895 1675 3953 Gracia
1734 3894 1905 3968 panis

228 3990 356 4054 est,
385 3990 437 4040 et
457 3982 619 4056 τυρός
650 4000 880 4042 caseus.
914 3986 1123 4042 Fertur
1155 3986 1399 4057 insuper
1442 3984 1723 4058 quiddam
1746 3983 1902 4040 aliud

229 4072 439 4145 magis
468 4072 716 4145 impium
770 4076 923 4147 apud
958 4074 1091 4132 illos
1121 4075 1270 4132 ﬁeri.
1335 4075 1585 4132 Puerum
1616 4074 1768 4130 enim
1803 4090 1902 4145 ap-

226 4163 432 4239 prime
453 4163 732 4234 juvenem
782 4164 1035 4236 quodam
1094 4163 1188 4219 die
1219 4164 1365 4220 festo
1414 4179 1517 4236 per
1542 4179 1748 4220 omnes
1778 4178 1903 4219 cor-

225 4254 407 4331 poris
439 4257 633 4325 partes
664 4253 892 4310 subulis
940 4257 1241 4327 pungunt,
1279 4260 1404 4309 tum
1454 4254 1583 4324 eius
1614 4252 1903 4326 sanguine

225 4342 496 4401 farinam
529 4344 771 4415 pinsunt
789 4346 846 4400 et
866 4342 1177 4416 subigunt,
1209 4341 1573 4417 tandemque
1608 4342 1904 4400 oblatione

223 4434 383 4491 inde
412 4432 560 4489 facta
581 4434 1043 4491 communicant.

566 4576 845 4634 Haereseos
871 4576 1237 4650 praecedentis
1264 4577 1588 4647 con/utalia.

302 4720 593 4792 Figulinre
629 4722 893 4793 ejusdem
929 4739 1063 4779 cum
1094 4722 1555 4795 praecedentibus
1577 4720 1638 4776 hi
1667 4736 1901 4792 quoque

224 4814 407 4876 sunt,
439 4810 556 4867 imo
584 4827 721 4867 vero
753 4828 1036 4884 perversae
1068 4811 1228 4868 illius
1260 4812 1648 4881 sataniceque
1680 4810 1899 4865 doctri-

224 4919 329 4960 nae
365 4915 429 4955 ac
479 4901 833 4958 traditionis.
862 4902 1006 4966 Quia
1050 4912 1183 4957 vero
1233 4917 1431 4957 rerum
1478 4898 1814 4955 immutatio
1846 4901 1903 4954 et

223 4991 543 5051 innovatic
577 5006 881 5063 nunquam
914 5008 1029 5048 non
1061 4990 1352 5048 haereticis
1373 4989 1612 5058 arridet,
1654 5002 1898 5045 eorum-o

229 5096 360 5155 que
390 5078 554 5144 adeo,
591 5094 718 5150 quas
751 5079 1039 5135 deteriora
1079 5083 1240 5150 sunt,
1282 5078 1514 5151 coptam
1546 5075 1899 5133 insoientius

228 5169 356 5228 sibi
404 5167 738 5239 vindicant,
797 5167 890 5224 his
939 5184 1173 5240 quoque
1230 5167 1490 5240 vestigiis
1550 5166 1900 5222 inhaerentes

222 5258 574 5328 Artotyritas
608 5259 858 5315 feminas
889 5259 1067 5315 etiam
1104 5259 1174 5314 ad
1212 5256 1623 5330 episcoporum
1660 5255 1898 5328 presby-

219 5356 626 5419 terorumque
683 5350 994 5407 cathedras
1053 5348 1327 5417 evehunt,
1375 5354 1549 5419 atque
1597 5346 1716 5402 illis
1766 5362 1900 5418 per-

222 5440 510 5504 mittunt,
546 5450 609 5493 ut
663 5456 790 5511 quas
827 5440 981 5512 apud
1024 5456 1124 5496 eos
1173 5437 1545 5495 celebrantur
1597 5435 1900 5508 mysteria,

220 5527 514 5588 manibus
541 5532 869 5587 sttrectent.
902 5530 966 5585 In
1000 5531 1174 5600 cujus
1196 5528 1277 5585 rei
1304 5527 1689 5585 assertionem
1735 5524 1901 5583 Pauli

298 5626 325 5661 ³
369 5629 545 5683 Joan.
574 5644 626 5697 v,
657 5628 745 5695 3i,
769 5629 856 5683 32.
934 5640 955 5673 ι
985 5627 1113 5685 Gal.
1149 5644 1234 5697 ιιι,
1264 5628 1336 5683 26
1373 5642 1537 5698 seqq.

305 5721 437 5803 (46)
468 5724 682 5783 Euseb.
716 5724 875 5785 hist.
909 5725 1012 5783 lib.
1046 5743 1099 5797 v,
1133 5744 1183 5784 c.
1214 5727 1305 5784 22.
1342 5724 1521 5782 Exod.
1552 5727 1652 5780 xu.

1614 5625 1639 5658 ⁵
1676 5624 1698 5680 Ι
1728 5624 1856 5681 Cor.
1891 5640 2009 5696 xrv,
2040 5624 2131 5679 35.

2014 610 2110 664 Dei
2139 613 2275 668 estis
2292 630 2396 685 per
2423 616 2589 686 ﬁdem
2612 619 2670 672 in
2719 618 2934 675 Christo
2962 624 3112 679 Jesu.
3175 624 3500 697 Quicunque
3528 627 3677 681 enim

2014 706 2078 759 in
2108 702 2332 759 Christo
2388 704 2663 776 baptismi
2717 711 2871 775 estis,
2907 709 3185 766 Christum
3242 712 3521 770 induisiis.
3554 720 3676 772 Non

2014 802 2097 852 est
2124 793 2365 859 Iudaeus,
2427 810 2602 866 neque
2652 796 2913 855 Graecus:
2980 816 3090 855 non
3136 810 3219 857 est
3263 818 3471 870 servus,
3504 820 3681 875 neque

2014 884 2176 954 iiber,
2207 899 2318 938 non
2354 889 2435 938 est
2465 886 2765 953 masculus,
2808 904 2985 960 neque
3014 889 3245 958 fmina.
3301 892 3497 949 Omnes
3527 894 3677 949 enim

2010 990 2102 1031 vos
2129 990 2307 1029 unum
2344 976 2475 1030 estis
2504 977 2564 1030 in
2588 975 2801 1033 Christo
2825 980 2971 1034 Iesu.
3006 980 3069 1034 Si
3099 985 3290 1038 autem
3318 999 3410 1040 vos
3445 983 3675 1053 Christi,

2014 1076 2144 1134 ergo
2193 1080 2377 1121 semen
2434 1067 2672 1123 Abrahae
2700 1074 2852 1139 estis,
2904 1071 3205 1127 secundum
3253 1074 3675 1144 promz‘s~ionem

2015 1155 2263 1212 haeredes
2294 1156 2336 1209 ⁴.
2372 1161 2446 1210 At
2478 1156 2622 1211 falso
2647 1157 2889 1215 Paulum
2913 1161 3095 1216 citare
3120 1169 3544 1233 cosrguuntur,
3569 1164 3672 1234 qui

2015 1244 2109 1299 his
2137 1244 2325 1299 verbis
2384 1260 2756 1315 nequaquam
2806 1248 3155 1305 mulieribus
3204 1266 3272 1306 ea
3314 1256 3666 1321 pertrectare

2015 1333 2319 1405 permittit,
2354 1350 2480 1404 quas
2530 1335 2671 1390 viris
2717 1337 3110 1394 conveniunt:
3142 1344 3198 1395 et
3248 1356 3316 1395 ea
3348 1340 3665 1410 imprimis,

2017 1438 2138 1494 quas
2174 1424 2461 1494 mysteriis
2529 1429 2754 1481 scatent
2803 1427 3113 1499 vivamque
3172 1430 3436 1486 docentis
3470 1446 3668 1486 vocem

2018 1512 2364 1585 requirunt:
2453 1513 2571 1568 imo
2650 1530 2781 1571 vero
2835 1534 2941 1574 nos
3044 1534 3159 1574 non
3230 1517 3479 1590 amplius
3562 1520 3673 1575 sub

2017 1602 2165 1673 lege,
2198 1610 2482 1673 tanquam
2530 1604 2847 1677 paedagogo
2893 1621 3044 1677 esse,
3074 1608 3175 1663 sed
3210 1624 3278 1663 ex
3309 1609 3423 1665 fide
3449 1609 3672 1679 justiﬁ-

2019 1692 2162 1760 cari,
2202 1690 2413 1761 Deique
2445 1691 2597 1747 filios
2650 1698 2771 1749 tam
2804 1711 2998 1751 mares
3031 1712 3215 1767 quum
3269 1696 3516 1753 feminas
3549 1714 3678 1754 esse

2022 1782 2189 1836 docet
2214 1784 2389 1853 atque
2450 1782 2746 1852 praedicat,
2808 1784 3266 1856 universumque
3313 1787 3457 1843 adeo
3489 1803 3676 1859 genus

1936 1887 1981 1951 Β
2022 1872 2375 1938 humanum,
2412 1871 2736 1929 dummodo
2768 1873 3070 1931 Christum
3104 1876 3331 1933 lavacro
3353 1876 3678 1948 baptisma-

2018 1962 2095 2016 tis
2123 1960 2403 2025 induerit,
2441 1960 2738 2032 imprimis
2769 1968 2968 2021 autem
2991 1980 3121 2021 cum
3155 1966 3239 2023 sic
3276 1967 3391 2022 alio
3423 1967 3681 2037 quodam

2014 2049 2142 2106 loco
2197 2048 2573 2107 exhortatur:
2637 2051 2961 2109 Mulieribus
3012 2055 3208 2111 docere
3239 2070 3352 2120 non
3379 2054 3676 2124 permitto;

2014 2140 2108 2195 sed
2131 2139 2281 2193 domi
2300 2138 2446 2193 viros
2491 2154 2614 2195 suos
2644 2142 3005 2210 interrogent,
3053 2144 3106 2197 si
3133 2159 3242 2214 qua
3271 2158 3330 2200 re
3367 2144 3441 2201 sit
3470 2159 3602 2215 opus
3628 2144 3669 2201 ⁵.

2015 2232 2182 2296 Item,
2218 2227 2313 2282 Vos
2350 2226 2463 2297 ipsi
2484 2227 2758 2299 judicate.
2815 2231 2976 2287 Decet
3024 2233 3316 2287 mulierem
3373 2248 3485 2289 non
3525 2234 3669 2289 ueta-

2015 2326 2135 2375 tam
2169 2331 2330 2375 orare
2358 2314 2533 2372 Deum
2563 2317 2633 2373 δῖ
2688 2318 2820 2375 Jam
2853 2319 2904 2375 si
2962 2319 3121 2377 nullo
3161 2322 3335 2378 modo
3381 2323 3676 2394 convenit,

2018 2414 2363 2483 naturaeque
2408 2409 2637 2482 legibus
2688 2410 3051 2479 adversatur,
3103 2419 3162 2466 ul
3196 2411 3413 2471 femina
3451 2416 3668 2475 retecto

2017 2502 2204 2572 capite
2236 2502 2495 2574 oret(vir
2542 2499 2697 2556 enim
2724 2500 2771 2556 si
2824 2517 3051 2556 comam
3077 2501 3317 2571 nutriat,
3351 2501 3675 2573 ignominia

2016 2601 2103 2647 est
2127 2591 2232 2659 illi,
2259 2590 2471 2647 mulier
2504 2595 2699 2646 autem
2732 2588 2782 2645 si
2814 2607 3043 2646 comam
3093 2590 3336 2658 nutriat,
3369 2590 3556 2662 gloria
3587 2594 3677 2647 est

2015 2679 2121 2751 illi)
2144 2682 2415 2752 quoniam
2457 2696 2626 2736 coma
2676 2680 2763 2735 illi
2811 2679 3127 2737 velamenti
3160 2680 3283 2738 loco
3316 2680 3455 2737 data
3484 2685 3593 2750 est,
3627 2680 3677 2736 si

2017 2772 2297 2843 mysteria
2346 2774 2574 2837 tractet,
2610 2770 2869 2842 denique
2928 2773 3000 2826 ad
3059 2769 3242 2828 altare
3285 2770 3385 2827 Dei
3432 2770 3677 2845 propius

2016 2862 2272 2932 accedat,
2305 2864 2593 2933 quantum
2622 2861 2814 2916 scelus
2847 2859 3087 2917 molitur
3110 2862 3138 2918 ?

2088 2951 2419 3023 Artotyrite
2478 2954 2674 3007 autem
2706 2955 2763 3006 et
2812 2955 3014 3019 Deum,
3074 2955 3130 3006 et
3186 2950 3491 3007 salutifera
3539 2952 3669 3022 ejus

2018 3046 2305 3112 precepts
2334 3040 2695 3113 ignorantes,
2728 3040 3024 3097 Christum
3049 3044 3106 3096 et
3153 3039 3393 3096 Paulum
3447 3039 3669 3097 calum-

2019 3130 2294 3187 niantur:
2329 3130 2493 3185 illum
2553 3130 2816 3201 quidem,
2850 3130 2990 3203 quia
3039 3129 3313 3186 muliebri
3362 3130 3563 3187 habitu
3598 3132 3669 3187 ad

2017 3234 2260 3276 suarum
2294 3218 2797 3293 prophetissarum
2858 3236 3034 3276 unam
3069 3220 3413 3289 accessisse,
3447 3237 3581 3278 cum
3606 3238 3675 3278 ea

2016 3310 2385 3380 dormivisse,
2418 3311 2768 3383 sapientiam
2797 3311 3052 3383 denique
3083 3315 3139 3367 et
3170 3311 3493 3367 futurorum
3526 3328 3675 3384 prte-

2014 3401 2314 3459 notionem
2350 3401 2400 3458 ei
2431 3400 2732 3457 instilasse
2781 3401 3009 3457 dicunt.
3039 3401 3204 3457 Hunc
3234 3416 3391 3472 vero,
3416 3402 3517 3474 qui
3550 3418 3672 3458 me.

2011 3502 2162 3560 gnus
2193 3488 2353 3545 orbis
2396 3505 2586 3561 praeco
2623 3491 2753 3561 jure
2793 3494 3088 3558 censetur,
3135 3490 3274 3562 quia
3304 3489 3557 3561 perversi
3583 3492 3673 3546 di-

2010 3579 2282 3635 vinorum
2315 3580 2444 3651 ejus
2483 3580 2825 3652 dogmstum
2876 3581 3243 3652 interpretes,
3291 3580 3525 3636 feminis
3556 3598 3673 3638 non

2012 3684 2183 3724 secus
2243 3672 2419 3740 atque
2449 3669 2591 3725 viris
2651 3684 2816 3726 sacra
2874 3670 3289 3726 contrectanda
3330 3670 3671 3742 permisisse

2014 3757 2381 3813 mentiuntur
2410 3758 2805 3830 impudenter.

2085 3848 2243 3914 Quod
2273 3848 2346 3904 ad
2394 3846 2733 3926 προσφοραν,
2767 3849 2875 3905 hoc
2906 3853 2995 3905 est
3055 3849 3361 3922 mysticam
3401 3850 3672 3907 sacriﬁcii

2014 3937 2372 3994 oblationem
2432 3940 2702 4010 pertinet,
2774 3954 2950 4011 quam
3006 3939 3090 3995 illi
3171 3940 3486 4009 celebrant,
3544 3957 3674 3996 eam

2011 4027 2203 4100 ipsam
2254 4042 2385 4086 esse
2415 4033 2773 4100 puto,quam
2823 4030 2909 4085 vel
2963 4030 3091 4101 ejus
3122 4033 3344 4099 auctor,
3403 4034 3461 4085 et
3507 4029 3674 4101 impii

2015 4118 2167 4174 sacri
2197 4117 2416 4190 praesul
2453 4116 2743 4185 diabolus,
2776 4122 3062 4191 tanquam
3094 4117 3343 4176 maxime
3366 4118 3671 4191 nefariam,

2015 4209 2366 4265 detestetur.

2663 4327 2815 4383 CAP.
2850 4322 3024 4383 XXII.

2024 4436 2312 4492 Vicesz‘ma
2341 4434 2589 4490 secunda
2621 4434 2866 4505 haeresis,
2904 4420 3546 4493 Tessaresdecatislnrum
3575 4453 3675 4493 seu

2134 4506 2870 4578 Quartodecimanorumﬂi
2889 4515 3172 4578 unguento
3195 4510 3564 4580 intinguntur.

1934 4636 1981 4704 ι)
2085 4622 2351 4699 Reliquis
2382 4623 2439 4679 in
2476 4625 2653 4680 rebus
2698 4624 3210 4691 Quartodecimam
3244 4641 3421 4709 prope
3446 4624 3673 4692 ﬁdeles,

2011 4712 2069 4769 in
2096 4712 2331 4769 Paschre
2366 4713 2511 4769 festo
2535 4710 2845 4783 judaizant
2892 4714 3026 4788 (46).
3060 4714 3174 4771 Nec
3204 4713 3358 4770 enim
3392 4711 3534 4767 illud
3578 4711 3673 4767 die

2011 4801 2318 4860 Dominico
2343 4802 2662 4871 celebrant,
2693 4804 2794 4860 sed
2845 4820 3199 4878 quocunque
3229 4803 3673 4876 decimaquarta

2015 4893 2169 4950 lunas
2202 4892 2327 4949 dies
2381 4892 2675 4959 inciderit,
2712 4894 2817 4950 hoc
2846 4893 2992 4967 legis
3042 4892 3277 4951 oraculo
3310 4893 3462 4965 freti,
3496 4892 3669 4961 Male-

2011 4983 2204 5041 dictue
2235 4984 2451 5053 omnis,
2505 4984 2606 5054 qui
2647 4998 2762 5039 non
2810 4978 2982 5041 faciet
3027 4983 3255 5041 Pascha
3304 4984 3397 5040 die
3449 4982 3675 5039 decima

2011 5079 2218 5146 quarta
2253 5074 2494 5139 mensis,
2530 5072 2907 5146 dicentesque
2934 5075 3218 5135 Joannem
3252 5073 3581 5146 apostolum
3616 5075 3672 5128 et

2008 5163 2430 5236 evangelistam
2465 5166 2765 5219 auctorem
2798 5162 3005 5232 fuisse,
3050 5168 3115 5220 ut
3136 5163 3360 5222 Pascha
3391 5162 3485 5221 die
3515 5162 3667 5218 lunae

2011 5253 2238 5311 decima
2294 5255 2500 5326 quarta
2557 5251 2897 5311 celebretur.
2960 5254 3210 5329 Insuper
3267 5251 3665 5326 apostolorum

2011 5344 2255 5404 Actibus
2305 5345 2577 5412 utuntur,
2641 5344 2741 5413 qui
2808 5345 3037 5401 erronei
3094 5343 3270 5415 vulgo
3329 5344 3663 5398 censentur.

2011 5431 2260 5503 aliisque
2290 5433 2565 5503 presteres
2615 5429 2781 5488 libris
2822 5431 3174 5507 illegitimis,
3226 5447 3374 5505 quos
3423 5443 3667 5503 apocry-

2012 5522 2162 5597 phos
2194 5520 2404 5595 vulgus
2434 5530 2619 5579 vocat.

2210 5621 2233 5655 ⁶
2265 5621 2281 5676 i
2312 5621 2442 5678 Cor.
2476 5637 2557 5688 ιι,
2583 5623 2670 5676 13.
