4054 6396
389 375 546 438 1287

731 504 1020 564 Theodori
1049 501 1385 560 Scutariotzs
1407 498 1693 556 scholion.

462 621 756 676 Honestum
784 631 995 687 quoque
1049 617 1199 684 puto,
1235 612 1285 667 si
1341 606 1828 678 Quartodecimani
1858 605 2041 675 bapti-

388 718 603 766 zentur.
634 703 1090 778 Quandoquidem
1118 718 1187 757 ne
1239 701 1627 771 presbyterum
1675 694 1892 768 quidem
1938 693 2041 749 ha-

395 801 541 870 bent,
599 800 696 870 qui
743 797 1001 867 baptismi
1047 797 1472 847 sacramentum
1521 787 1896 852 administret,
1945 784 2044 838 ubi

390 892 540 945 enim
568 888 650 943 vel
688 886 909 942 nomine
935 884 1048 938 solo
1068 879 1395 951 episcopus?
1452 875 1771 950 Quinetiam
1816 874 2042 929 illorum

391 978 709 1048 sacerdotes,
743 975 839 1047 qui
867 974 1085 1043 generis
1132 969 1355 1028 Iudaici
1383 977 1532 1036 sunt,
1564 982 1662 1022 nec
1704 964 2043 1033 sacriﬁcium

390 1086 490 1126 nec
517 1083 730 1125 omnem
757 1066 1124 1137 Scripturam,
1156 1078 1255 1117 nec
1283 1059 1472 1116 omnia
1526 1058 1901 1127 hagiograpaa
1941 1052 2041 1108 ad-

390 1164 642 1215 mittunt.
700 1155 929 1212 Joannis
986 1152 1225 1224 apostoli
1289 1148 1653 1220 Ecangelium
1707 1151 1764 1201 et
1827 1142 2039 1199 intelli-

388 1251 598 1319 gentes‘
628 1250 689 1301 ut
713 1261 900 1301 omnes
922 1258 1084 1316 porro
1106 1249 1426 1297 sanctorum
1453 1238 1679 1294 nomine
1709 1234 2036 1305 dignantur.

392 1342 575 1409 Opera
626 1335 907 1405 reficiunt.
966 1334 1300 1388 Sanctorum
1354 1324 1800 1385 communionem
1822 1322 2039 1377 nullam

390 1430 673 1483 noverunt.
722 1424 1129 1492 Bogomilorum
1186 1417 1589 1493 improbitatem
1643 1415 2039 1485 exsequuntur,

385 1522 438 1573 et
457 1518 514 1572 iu
548 1514 846 1585 eiusdem.)
874 1513 935 1569 Si
996 1510 1525 1567 Tessaresdecatistae
1570 1505 1740 1560 iidem
1771 1502 1887 1558 sint
1913 1517 2040 1557 cum

384 1605 534 1672 illis,
569 1606 667 1676 qui
702 1602 1002 1659 Tetraditw
1018 1617 1115 1657 seu
1138 1599 1496 1668 Quaternarii
1518 1596 1801 1660 dicuntur,
1822 1599 1883 1646 ut
1904 1591 2039 1645 aliis

387 1696 587 1767 placet,
618 1695 817 1761 multa,
871 1708 900 1748 ο
932 1693 1140 1755 Nz'ceta,
1212 1692 1261 1744 te
1293 1687 1527 1743 illorum
1557 1685 1824 1740 haereseos
1855 1679 2039 1751 capita

389 1787 598 1841 latent:
624 1783 1101 1855 quemadmodum
1126 1795 1242 1851 ipse
1261 1782 1380 1834 tum
1399 1775 1681 1846 perspexi,
1701 1790 1826 1829 cum
1855 1773 1919 1827 in
1943 1771 2037 1825 ho-

386 1891 513 1930 rum
560 1872 838 1929 librorum
894 1872 1180 1926 lectionem
1230 1872 1486 1940 frequens
1541 1863 1875 1928 incidissem,
1936 1874 2039 1931 quo
2068 1880 2116 1942 Β

389 1979 631 2035 tempore
679 1961 825 2034 apud
876 1958 1366 2031 Hellespontiacam
1397 1961 1762 2026 Lampsacum
1814 1950 2037 2007 exsula-

389 2051 671 2123 bam,quia
729 2050 941 2107 scilicet
988 2048 1366 2121 apostolorum
1397 2047 1733 2114 Patrumque
1778 2039 2041 2094 traditio-

387 2142 552 2199 nibus
573 2142 786 2210 primas
814 2140 1115 2211 deferrem,
1146 2146 1197 2193 et
1227 2153 1299 2192 ea:
1328 2136 1560 2191 illarum
1607 2128 1931 2203 praescripto
1957 2143 2042 2183 res

387 2230 777 2287 ecclesiasticas
814 2227 1215 2299 componendas
1251 2234 1306 2281 et
1333 2220 1702 2280 restituendas
1748 2234 1868 2274 esse
1897 2217 2042 2273 dice-

389 2336 525 2389 rem,
560 2319 747 2392 potius
797 2334 959 2390 quam
989 2332 1086 2388 pro
1135 2316 1416 2372 haeretica
1464 2310 1678 2368 ataxiw
1704 2326 1799 2365 seu
1846 2308 2043 2377 confu-

387 2414 556 2469 sionis
580 2411 830 2469 libidine.

724 2539 996 2594 Hmreseos
1023 2534 1380 2607 praecedentis
1399 2531 1724 2602 con/utatio.

459 2666 714 2725 Mosaica
726 2664 967 2737 quidem
982 2663 1107 2735 lege
1123 2668 1355 2718 cavetur
1368 2666 1429 2717 ut
1443 2660 1552 2717 sub
1571 2657 1849 2715 decimam
1869 2671 2047 2727 quar-

391 2762 511 2812 tam
544 2754 695 2811 lunae
727 2756 881 2809 diem
928 2755 1150 2810 Pascha
1196 2753 1492 2810 celebrent
1521 2750 1585 2816 ii,
1631 2748 1732 2820 qui
1763 2748 1834 2803 ab
1863 2745 2045 2801 Abra-

393 2848 571 2903 bamo
602 2862 790 2917 genus
820 2846 1063 2901 ducunt.
1097 2844 1244 2900 Illud
1287 2851 1481 2899 autem
1502 2840 1640 2913 agni
1660 2838 1875 2895 occisio
1900 2839 2044 2902 erat,

394 2935 773 3009 pontiumque
804 2952 871 2992 ex
903 2935 1165 3007 ejusdem
1198 2932 1482 3005 sanguine
1514 2927 1839 3003 perunctio,
1871 2934 2048 2996 atque

389 3042 591 3097 azyma
621 3042 748 3096 quae
783 3041 955 3081 mane
975 3040 1109 3080 cum
1140 3022 1387 3079 lactucis
1422 3019 1764 3075 edebantur.
1797 3016 1868 3070 Et
1892 3018 2049 3070 stan-

388 3120 480 3171 tes
525 3115 766 3185 quidem
821 3114 961 3170 recti
1002 3129 1132 3168 cum
1167 3110 1394 3166 baculis
1453 3124 1683 3177 omnes,
1715 3109 1772 3161 et
1816 3103 2042 3160 calceos

382 3207 526 3264 adeo
549 3208 841 3262 coriaceos
872 3203 1083 3271 induti,
1115 3202 1209 3258 his
1238 3201 1416 3257 rebus
1458 3197 1633 3255 simul
1668 3213 1875 3267 magna
1901 3211 2035 3251 cum

376 3297 686 3369 diligentia
731 3296 1072 3352 utebantur.
1106 3292 1179 3348 Ut
1213 3291 1417 3348 merito
1476 3289 1823 3345 maledictus
1868 3291 2036 3348 habe-

378 3390 541 3441 retur
562 3390 619 3440 et
646 3384 902 3455 impius;
932 3384 1031 3455 qui
1065 3383 1212 3438 hanc
1234 3381 1665 3438 institutionem
1686 3384 2035 3456 antiquaret.

380 3477 501 3530 Nos
531 3478 727 3530 autem
767 3489 883 3529 non
934 3489 1153 3545 agnum
1195 3471 1540 3543 occidimus,
1591 3472 1692 3528 sed
1724 3472 1781 3529 in
1822 3472 2036 3530 Christi

387 3565 1007 3621 commemorationem
1064 3562 1367 3634 nostrique
1416 3562 1939 3620 sanctiﬁcationem
1982 3570 2038 3618 et

382 3655 818 3727 purgationem,
851 3669 1064 3725 corpus
1093 3656 1150 3708 et
1194 3651 1542 3724 sanguinem
1594 3651 1809 3708 Christi
1841 3653 2037 3709 offeri-

375 3761 529 3815 mus,
576 3744 934 3801 sacriﬁcium
983 3744 1357 3799 incruentum
1395 3746 1738 3799 tractantes.
1783 3742 2034 3799 Pascha-

378 3851 491 3905 que
524 3839 793 3890 nostrum
827 3851 893 3890 eo
921 3833 1049 3906 ipso
1099 3832 1191 3888 die
1226 3848 1553 3905 praeparare
1584 3833 1890 3900 debemus,
1922 3848 2036 3901 quo

374 3922 642 3980 Christus
691 3939 720 3979 e
780 3921 1176 3979 subterraneis
1232 3921 1552 3977 inferorum
1621 3920 1858 3977 latebris
1911 3927 2035 3978 tan-

376 4028 553 4083 quam
597 4028 852 4083 sponsus
883 4011 954 4066 de
976 4010 1236 4066 thalamo
1266 4027 1373 4066 suo
1428 4008 1645 4066 exsiliit
1674 4025 1686 4064 :
1718 4026 1832 4081 quo
1856 4010 2032 4066 etiam

370 4103 635 4172 tempore
664 4117 729 4157 ex
762 4101 1003 4172 ngypto
1036 4114 1234 4155 revera
1256 4099 2032 4170 profugimus,armatosqus

369 4187 655 4246 satellites
686 4194 862 4262 atque
886 4188 1131 4244 infestos
1155 4189 1453 4244 daemonas
1485 4188 1673 4258 capite
1693 4187 2035 4259 minutos,et

363 4278 591 4334 viribus
616 4278 953 4334 debilitatos
975 4276 1285 4336 evanuisse
1307 4277 1581 4332 vidimus.
1607 4280 1754 4333 Nam
1773 4276 1823 4333 si
1854 4294 2030 4349 appe-

367 4372 537 4424 tente
554 4384 792 4440 vespera
814 4368 1037 4440 quintae
1055 4368 1210 4424 feriae
1235 4366 1421 4439 pridie
1445 4383 1622 4438 quam
1637 4366 1907 4423 Christus
1923 4368 2033 4423 ini-

369 4472 482 4530 que
514 4459 572 4513 in
600 4458 761 4531 ligno
783 4461 1267 4532 suspenderetur,
1294 4463 1663 4514 sacramenta
1695 4458 1961 4516 instituta
1976 4465 2034 4516 et

365 4555 640 4622 percepta
655 4554 975 4620 sunt,certe
991 4544 1507 4622 προληπτικόν,εθι1
1524 4567 1709 4621 pressu
1721 4551 1938 4623 mptivu
1951 4568 2030 4606 mi

366 4655 485 4697 non
518 4645 713 4697 autem
746 4636 1261 4714 πραγματικόν,ερυ
1293 4639 1373 4695 rei
1400 4643 1577 4711 gestae
1609 4656 2028 4697 commemora-

362 4731 549 4787 tivum
595 4730 940 4802 bujusmodi
972 4729 1325 4785 sacriﬁcium
1369 4729 1500 4785 fuit.
1532 4730 2023 4803 Prtesumptivum

364 4822 628 4892 quidem,
680 4822 1082 4893 mysterioque
1129 4825 1384 4890 scatens,
1416 4819 1471 4876 id
1531 4836 1693 4892 voco,
1725 4821 1883 4893 quod
1913 4822 2024 4878 sub

362 4910 588 4982 quinta:
634 4911 790 4967 feriae
849 4928 1152 4984 vesperam
1211 4915 1512 4984 peractum
1571 4915 1696 4968 est:
1759 4912 2021 4967 nondum

362 4998 521 5055 enim
582 5015 778 5056 revera
838 5006 1104 5058 mortuus
1135 5005 1281 5069 erat,
1341 5004 1806 5059 resurrexeratve
1851 4999 2019 5056 Chri-

361 5092 509 5144 stus.
540 5092 971 5163 Pragmaticum
1030 5107 1166 5147 vero
1199 5107 1298 5147 seu
1358 5090 1439 5147 rei
1471 5095 1604 5147 ante
1651 5093 1829 5161 gestas
1856 5105 2019 5145 com-

366 5180 839 5247 memorativum,
888 5182 1041 5252 quod
1077 5185 1209 5252 post
1257 5179 1612 5253 passionem,
1656 5178 2017 5251 sepulturam

368 5271 426 5322 et
484 5271 967 5326 resurrectionem
1020 5269 1375 5326 celebratum
1434 5274 1544 5326 est.
1598 5270 1739 5324 Vere
1778 5269 1931 5324 enim
1966 5274 2021 5325 et

361 5369 424 5413 re
453 5358 579 5427 ipsa
636 5363 759 5415 tum
792 5361 1088 5425 mortuus,
1147 5375 1281 5415 vere
1332 5364 1389 5417 et
1418 5377 1479 5417 re
1534 5359 1664 5432 ipsa
1706 5361 1962 5416 surrexit
1989 5377 2023 5415 a

364 5448 612 5505 mortuis
651 5449 939 5507 Christus.
991 5450 1262 5517 Quamvis
1334 5467 1470 5524 ergo
1529 5456 1775 5523 utraque
1831 5467 2022 5523 parces

367 5533 514 5604 ptio,
570 5536 850 5595 nimirum
930 5538 1272 5611 proleptica,
1320 5556 1422 5596 seu
1484 5540 1916 5613 presumptiva,
1967 5548 2022 5596 et

442 5681 465 5716 ⁷
492 5683 609 5744 Col.
645 5707 707 5759 ιι,
736 5692 792 5762 9,
828 5695 917 5765 11,
947 5694 1035 5749 12.

1716 359 2028 421 NICET1E
2069 357 2489 419 CHONIATE

2074 501 2129 567 Α
2159 494 2527 566 pragmatica
2584 512 2686 551 seu
2712 495 2795 550 rei
2846 497 3023 566 gesta
3073 493 3614 563 commemerativa,
3659 510 3837 567 usque

3665 359 3840 420 1288

2154 584 2411 656 polleant
2433 583 2576 657 (illic
2616 586 2769 641 enim
2802 592 2858 641 et
2901 584 2997 640 hic
3028 601 3241 656 corpus
3273 589 3329 639 et
3361 585 3611 654 sanguis
3646 584 3827 640 Chri-

2152 674 2228 729 sti
2259 689 2389 730 vere
2419 675 2614 747 inest),
2676 675 2907 746 proprie
2941 682 3130 730 tamen
3186 673 3412 729 Paschae
3444 675 3665 729 festum
3705 673 3831 728 diei

2151 763 2463 820 Dominicis
2519 764 2968 820 resurrectionis
3023 764 3425 835 adjudicatur:
3491 763 3667 834 eique
3716 782 3831 834 po-

2151 853 2289 924 tius,
2324 871 2500 926 quam
2531 871 2785 927 vesperae
2804 855 3027 927 quintae
3059 853 3212 909 feriis
3238 870 3449 908 nomen
3468 853 3836 923 hujusmodi

2151 942 2440 1012 convenit,
2470 948 2528 999 et
2566 948 2849 1015 tanquam
2893 949 3098 1001 mutuo
3156 943 3440 999 succedit.
3504 943 3830 1012 Caeterum,

2152 1039 2209 1088 ut
2245 1033 2507 1104 apertius
2538 1035 2845 1105 explicem,
2881 1050 3062 1090 unum
3098 1039 3153 1089 et
3202 1035 3474 1090 eumdem
3509 1034 3828 1091 Christum

2150 1125 2558 1193 praesumptive
2579 1128 2635 1178 et
2690 1125 3205 1181 commemorative
3263 1128 3566 1179 mortuum
3606 1139 3749 1179 esse
3777 1130 3835 1181 et

2149 1212 2558 1278 resurrexisse,
2645 1215 3060 1285 prmsumptive
3131 1214 3369 1284 quidem
3426 1214 3539 1268 sub
3594 1214 3831 1284 quinta:

2148 1302 2304 1357 ferias
2365 1320 2687 1374 vesperam,
2761 1321 2898 1360 cum
2953 1303 3149 1360 divina
3209 1304 3487 1377 mysteria
3540 1305 3833 1361 instituta

2151 1395 2310 1460 sunt,
2362 1394 2879 1450 commemorative
2960 1398 3156 1450 autem
3199 1394 3294 1450 die
3361 1395 3835 1451 resurrectionis

2147 1481 2413 1552 ejusdem
2475 1500 2600 1554 quas
2634 1483 2802 1540 tertio
2882 1490 3011 1556 post
3061 1486 3154 1540 die
3204 1484 3351 1540 facta
3401 1489 3512 1551 est,
3566 1487 3834 1555 exempli

2148 1571 2340 1641 gratia
2370 1570 2429 1625 in
2462 1573 2722 1628 medium
2759 1573 3043 1643 proferam
3076 1573 3197 1641 illa,
3224 1592 3352 1645 qua:
3386 1574 3442 1628 in
3491 1574 3831 1645 baptisma-

2146 1659 2222 1714 tis
2252 1662 2686 1731 regeneratione
2739 1663 2908 1718 fiunt.
2940 1663 3025 1719 Ibi
3056 1664 3213 1720 enim
3255 1664 3355 1736 qui
3388 1663 3829 1736 redemptionis

2146 1765 2299 1821 aqua
2333 1750 2686 1823 lustrantur,
2744 1769 2877 1808 vere
2907 1751 3279 1825 sepeliuntur
3332 1770 3584 1825 vereque
3618 1771 3828 1810 resur-

2145 1843 2311 1910 gunt.
2345 1840 2422 1895 Eo
2453 1840 2609 1896 enim
2645 1842 2803 1913 quod
2838 1847 2926 1897 ter
2956 1860 3110 1914 aqua
3139 1842 3484 1909 lustramur,
3521 1861 3647 1899 una
3678 1861 3833 1901 cum

2148 1929 2376 1985 Christo
2409 1929 2744 2001 sepelimur,
2804 1931 3117 2004 denuoque
3165 1949 3298 1988 cum
3329 1933 3560 1989 Christo
3596 1934 3827 1991 iisdem

2147 2018 2600 2076 lustrationibus
2631 2020 3016 2092 resurgimus,
3070 2022 3142 2077 ab
3189 2022 3291 2078 illa
3332 2023 3511 2078 veteri
3555 2023 3831 2080 mortali-

2148 2112 2268 2163 tate
2297 2106 2550 2176 liberati,
2586 2127 2766 2181 quam
2797 2127 2866 2166 ex
2884 2111 3091 2167 Adami
3115 2110 3281 2183 lapsu
3300 2117 3711 2169 contraxeram
3724 2131 3821 2170 us.

2149 2200 2503 2270 Hujusmodi
2535 2218 2705 2273 porro
2738 2202 3115 2258 mortificatio
3145 2207 3201 2258 et
3227 2205 3579 2261 resurrectio
3615 2204 3819 2261 haud-

2150 2304 2447 2360 quaquam
2483 2290 2856 2362 pragmatias,
2883 2291 2987 2348 sed
3020 2292 3266 2365 mystica
3296 2297 3402 2349 est.
3438 2293 3824 2366 Pragmatica

2151 2380 2305 2436 enim
2345 2382 2714 2440 mortiﬁcatio
2737 2386 2877 2437 tunc
2921 2383 2979 2438 in
3013 2383 3181 2440 nobis
3212 2388 3323 2453 est,
3358 2401 3492 2440 cum
3529 2385 3759 2442 animae
3789 2404 3823 2441 a

2151 2485 2391 2540 corpore
2422 2472 2716 2543 separatio
2749 2472 2833 2528 tit.
2867 2472 3229 2545 Pragmatica
3278 2474 3416 2530 item
3456 2476 3824 2531 resurrectio

2153 2567 2290 2615 tunc
2320 2559 2416 2616 ﬁet
2448 2577 2583 2617 cum
2614 2562 2759 2618 tuba
2795 2579 3011 2619 canens
3062 2563 3309 2636 angelus
3344 2568 3614 2620 mortuos
3640 2581 3673 2620 e
3700 2582 3833 2621 mo-

2151 2651 2449 2707 numentis
2479 2652 2772 2709 excitabit.
2794 2653 2983 2709 Nihilo
3017 2653 3215 2710 minus
3252 2655 3492 2727 mystica
3545 2654 3653 2711 illa
3685 2673 3823 2727 qua:

2152 2739 2363 2811 triplici
2396 2740 2745 2798 lustratione
2794 2742 2879 2808 ﬁt,
2923 2744 3314 2815 mortiﬁcatio,
3370 2761 3617 2816 quisque
3649 2744 3825 2802 illam

2151 2829 2556 2902 subsequitur,
2589 2833 2956 2901 resurrectio,
2982 2850 3015 2889 a
3046 2834 3217 2890 nobis
3246 2849 3383 2890 vera
3412 2835 3824 2904 existimatur,

2151 2924 2211 2976 et
2237 2919 2528 2990 creditur;
2589 2920 2756 2993 vique
2803 2922 3048 2996 praedita
3076 2927 3186 2993 est,
3220 2924 3292 2980 ab
3343 2924 3416 2980 iis
3466 2941 3597 2996 quat
3626 2925 3825 2983 oculis

2150 3010 2511 3083 objiciuntur
2538 3013 2788 3084 diversa,
2820 3014 3326 3086 quemadmodum
3358 3015 3581 3072 Paulus
3599 3016 3660 3071 in
3684 3017 3826 3087 Epi-

2147 3102 2303 3157 stola
2331 3102 2403 3157 ad
2452 3106 2868 3161 conterraneos
2918 3119 3079 3161 meos
3140 3104 3437 3162 Collenses
3494 3105 3592 3162 his
3624 3106 3828 3163 verbis

2148 3190 2476 3264 theologica
2509 3192 2995 3266 philosophatur:
3030 3196 3091 3251 In
3110 3212 3218 3268 quo
3249 3204 3304 3252 et
3321 3197 3643 3252 circumcisi
3663 3196 3826 3268 estis,

2148 3279 2572 3339 circumcisione
2598 3299 2710 3340 non
2764 3285 3108 3355 manufacta,
3139 3286 3201 3340 in
3251 3284 3665 3358 exspoliatione
3691 3302 3821 3343 cor-

2144 3370 2294 3442 poris
2337 3371 2546 3441 carnis,
2606 3372 2667 3428 in
2720 3375 3141 3432 circumcisione
3204 3375 3434 3447 Christi,
3501 3378 3835 3450 consepulti

2145 3461 2200 3517 ei
2229 3462 2291 3517 in
2349 3461 2656 3533 baptismo:
2693 3465 2753 3519 in
2810 3480 2914 3537 quo
2961 3474 3012 3521 et
3068 3465 3459 3522 resurrexislis
3510 3483 3612 3536 per
3645 3468 3824 3539 ﬁdem

2146 3551 2483 3622 operationis
2512 3552 2613 3610 Dei
2640 3554 2742 3624 qui
2768 3557 3064 3611 suscitavit
3092 3556 3256 3611 illum
3279 3572 3312 3612 a
3343 3558 3577 3612 mortuis
3608 3556 3659 3612 ⁷.

2218 3640 2463 3699 Proinde
2489 3658 2680 3714 neque
2708 3643 2920 3700 festum
2946 3661 3079 3701 cum
3104 3645 3324 3703 Judasis
3354 3646 3824 3719 celebrandum,

2145 3747 2250 3788 nec
2281 3732 2353 3787 ad
2385 3731 2588 3788 lunam
2619 3732 2906 3791 decimam
2937 3738 3212 3806 quartam
3259 3735 3591 3794 studiosius
3616 3742 3830 3795 atten-

2143 3825 2401 3881 dendum
2434 3829 2540 3895 est,
2573 3825 2675 3882 sed
2696 3831 2821 3882 tum
2843 3827 3085 3884 demum
3120 3829 3344 3886 Pascha
3379 3828 3819 3890 celebrandum

2142 3918 2250 3979 est,
2284 3929 2418 3969 cum
2451 3914 2774 3971 Servatoris
2806 3917 2986 3975 nostri
3018 3917 3142 3974 dies
3170 3917 3373 3976 instat.

2217 4004 2282 4059 At
2312 4018 2442 4060 vero
2470 4003 3029 4077 Tessaresdecatitis,
3073 4024 3172 4064 seu
3217 4010 3813 4083 Quartodecimanni,

2142 4108 2323 4149 ctecos
2372 4093 2554 4150 duces
2585 4095 2795 4162 secuti,
2843 4099 3141 4169 Actusque
3190 4099 3563 4170 apostolicos,
3598 4103 3712 4173 qui
3738 4104 3815 4160 ab

2140 4182 2284 4255 ipsis
2343 4182 2685 4255 probantur,
2733 4202 2849 4241 non
2882 4186 3101 4257 injuria
3159 4187 3217 4243 in
3250 4188 3604 4259 perditionis
3642 4193 3820 4249 barao

2141 4273 2336 4329 tbrum
2356 4273 2711 4343 ceciderunt,
2772 4275 2989 4348 quippe
3021 4277 3123 4349 qui
3155 4278 3426 4335 tenebras
3471 4296 3611 4335 cum
3650 4280 3814 4351 luce,

2140 4364 2250 4422 hoc
2280 4371 2369 4423 est
2397 4382 2533 4423 cum
2548 4366 2885 4439 apostolicis
2914 4369 3667 4445 dogmatis,catholicisque
3683 4380 3816 4432 tra-

2141 4456 2465 4513 ditionibus
2496 4460 2672 4528 atque
2703 4458 2846 4513 adeo
2877 4458 3062 4530 ipsius
3082 4459 3295 4517 Christi
3331 4463 3814 4538 praeceptis,qua

2138 4555 2350 4603 terram
2383 4563 2642 4617 omnem,
2676 4565 2857 4621 quam
2882 4547 3101 4607 lumine
3133 4568 3239 4609 suo
3270 4551 3357 4609 sol
3386 4552 3651 4611 illustrat
3685 4574 3820 4628 per-

2137 4641 2345 4711 vagata
2375 4641 2514 4694 sunt
2543 4639 2962 4696 erroneasillas
2978 4642 3323 4700 traditiones
3346 4648 3815 4721 commutarint,

2137 4744 2286 4799 quas
2317 4728 2427 4800 ipsi
2452 4729 2786 4801 apocrypha
2813 4734 3042 4788 vocant.

2767 4869 2921 4927 CAP.
2954 4868 3149 4927 XXIII.

2140 4994 2405 5050 Vicesima
2447 4996 2616 5050 tertia
2637 4995 2884 5070 heresis,
2934 4998 3246 5070 Alogorum,
3277 5016 3377 5055 seu
3410 5002 3516 5057 Dei
3555 5004 3815 5063 Verbum

2566 5068 2902 5139 negantium.
2940 5070 3007 5125 Hi
3035 5068 3347 5141 unguntur.

2202 5181 2449 5236 Joannis
2500 5181 2877 5255 Evangelium
2939 5201 3056 5241 non
3104 5186 3422 5243 admittunt
3453 5188 3644 5261 Alogi,
3683 5193 3813 5250 imo

2133 5287 2238 5327 nec
2269 5270 2659 5343 Apocalypsin
2700 5272 2964 5343 quidem,
3006 5273 3108 5329 sed
3139 5290 3208 5330 ea
3242 5275 3506 5332 Cerinthi
3538 5278 3809 5338 haeretici

2131 5365 2467 5416 com-menta
2513 5377 2642 5417 esse
2666 5364 2851 5429 aiunt,
2878 5361 3215 5419 dubitantes
3258 5372 3313 5419 et
3344 5364 3609 5424 dicentes
3641 5370 3816 5425 Chri-

2130 5454 2286 5506 stum
2348 5452 2409 5505 in
2468 5451 2784 5523 Egyptum
2850 5450 3085 5522 quidem
3137 5452 3494 5525 profugisse,
3539 5461 3724 5525 atque
3774 5478 3814 5516 a

2132 5541 2269 5613 fuga
2319 5540 2684 5612 postliminio
2738 5556 3037 5597 reversum
3096 5541 3432 5600 Nazarethaa
3475 5543 3817 5622 habitasse,
