4054 6392
220 444 242 501 1
258 439 375 500 289

1550 424 1945 490 TlIESAURI
1991 425 2136 486 LIB.
2184 423 2286 486 IV.

3477 422 3635 483 {290

220 575 429 632 deinde
459 573 844 644 baptizatum,
872 574 928 625 et
957 569 1016 625 in
1046 567 1419 625 solitudinem
1442 585 1472 621 a
1505 565 1715 637 spiritu
1749 564 1858 620 ab-
1892 563 1946 628 Α
1979 562 2071 617 sui
2103 559 2465 616 sublimitate
2498 559 2784 616 sermonis
2818 557 2875 613 in
2931 557 3191 613 medium
3226 557 3441 614 idcirco
3491 576 3627 630 pro-

221 668 468 722 ductum
503 663 719 718 fuisse:
761 661 1014 733 indeque
1063 675 1360 717 reversum
1412 656 1724 727 prmdicare
1755 670 1873 710 cm-

227 757 407 827 pisse,
432 758 497 810 ut
517 771 585 809 ex
599 752 846 809 aliorum
867 748 1352 822 evangelistarum
1372 745 1604 816 scriptis
1624 748 1874 800 constat.

221 845 570 917 Hojusmodi
595 847 789 900 autem
806 841 951 898 nihil
975 841 1221 898 Joannis
1244 839 1552 910 Evangelia
1567 835 1874 893 contineri.

545 990 824 1046 Hazreseas
851 985 1210 1059 praecedenti:
1230 981 1553 1056 confutatia.

297 1141 546 1191 Demens
571 1149 789 1201 revera,
827 1139 884 1187 et
905 1147 1112 1202 expers
1143 1127 1389 1185 rationis
1421 1137 1509 1184 est
1539 1124 1874 1196 Alogorum,

225 1225 297 1280 de
327 1223 543 1296 quibus
567 1221 662 1278 hic
683 1221 899 1293 agitur,
923 1217 1191 1285 haeresis,
1215 1233 1320 1274 nec
1353 1215 1552 1272 minus
1582 1230 1731 1270 vana
1744 1228 1879 1268 cum

225 1315 359 1388 ipsa
391 1313 756 1370 dubitatione
791 1309 1173 1368 dubitationis
1198 1309 1462 1377 occasio;
1497 1323 1600 1363 nec
1632 1305 1788 1362 enim
1821 1303 1878 1359 in

223 1405 504 1461 omnibus
555 1407 811 1474 quatuor
867 1400 1238 1473 evangelista
1288 1414 1548 1454 consona
1614 1395 1769 1450 inter
1819 1408 1881 1449 se

227 1495 554 1569 proferunt,
615 1493 716 1548 sed
752 1508 820 1547 ea
851 1491 1091 1563 quidem
1116 1505 1243 1561 quae
1271 1505 1374 1560 pro
1409 1493 1669 1556 tempore
1717 1485 1883 1555 gesta

229 1589 373 1643 sunt
403 1599 654 1655 qumque
683 1581 899 1638 Christi
925 1581 997 1637 ad
1027 1597 1134 1635 nos
1165 1577 1438 1634 adventui
1469 1575 1778 1640 cohaerent,
1811 1573 1881 1630 ab

227 1674 507 1733 omnibus
538 1673 680 1727 citra
702 1670 888 1726 ullum
917 1668 1046 1725 falsi
1071 1667 1383 1740 vestigium
1405 1665 1880 1731 conscribuntur,

226 1763 388 1836 quod
423 1762 703 1818 nimirum
727 1761 826 1816 Dei
860 1759 1065 1825 Filius,
1089 1758 1173 1814 ita
1198 1757 1426 1813 valente
1453 1755 1550 1826 qui
1582 1759 1673 1811 est
1704 1770 1884 1826 super

227 1852 432 1911 omnia
463 1853 650 1918 Patre,
673 1854 990 1920 sanctoque
1018 1847 1240 1920 Spiritu
1273 1849 1642 1918 cooperante,
1674 1845 1735 1900 in
1766 1849 1882 1901 ter-

229 1959 362 2000 ram
417 1939 788 1998 descenderit
819 1956 832 1994 :
872 1939 969 1994 ubi
1003 1954 1176 1993 carne
1207 1934 1467 2006 Virginis
1497 1951 1528 1990 e
1573 1935 1880 2006 sanguini-
1907 1959 1955 2022 B

230 2034 350 2090 bus
385 2037 589 2087 mutua
641 2033 902 2102 accepta,
937 2043 1150 2102 passus
1181 2026 1240 2081 in
1273 2040 1466 2095 cruce,
1503 2023 1892 2096 sepultusque

229 2125 398 2191 sit,et
427 2120 1030 2188 resurrexerit,denuo
1062 2116 1314 2188 denique
1335 2115 1394 2170 in
1413 2113 1588 2171 cmlos
1611 2114 1888 2170 ascende-

232 2214 336 2271 rit.

305 2304 393 2359 Ad
427 2301 845 2359 miraculorum
883 2315 1056 2372 porro
1087 2296 1536 2370 explicationem
1595 2294 1750 2367 quod
1801 2296 1890 2349 at-

234 2394 410 2461 tinet,
467 2391 733 2466 quamvis
796 2391 997 2446 eodem
1058 2387 1221 2444 illam
1291 2402 1493 2443 omnes
1543 2385 1718 2441 modo
1772 2398 1890 2439 non

233 2483 640 2550 tractaverint,
700 2481 856 2552 quod
907 2483 1106 2536 tamen
1156 2478 1228 2534 ab
1269 2476 1382 2533 alia
1429 2474 1891 2548 praetermissum

233 2577 350 2640 est,
384 2571 444 2627 id
503 2571 716 2628 litteris
748 2570 901 2626 alius
958 2568 1234 2637 exaravit,
1268 2567 1541 2639 quodque
1591 2565 1746 2621 idem
1801 2563 1894 2618 hic

233 2661 474 2720 silentio
506 2658 854 2732 suppressit,
886 2657 946 2713 id
1004 2658 1076 2714 ab
1125 2672 1191 2714 eo
1241 2656 1342 2728 qui
1404 2655 1756 2712 subsecutus
1806 2655 1897 2708 est

229 2753 700 2824 haudquaquam
725 2749 1035 2819 omissum,
1056 2749 1157 2805 sed
1179 2762 1519 2819 expressum
1551 2749 1608 2800 et
1641 2741 1896 2799 historias

235 2843 528 2897 inscrtum
562 2845 670 2898 est.
723 2841 888 2904 Quod
917 2838 1156 2911 quidem
1188 2837 1397 2893 divinae
1427 2834 1800 2907 providentia:
1841 2835 1900 2888 et

232 2929 770 2988 administrationis
791 2945 939 3000 opus
964 2927 1120 2984 haud
1141 2926 1316 2982 dubie
1337 2921 1897 2998 praestantissimum

235 3025 352 3077 est.
389 3020 448 3074 Si
483 3019 638 3075 enim
669 3022 928 3090 quatuor
958 3016 1328 3090 evangelista:
1383 3016 1443 3071 in
1487 3014 1764 3072 omnibus
1806 3013 1900 3068 in-

225 3116 324 3167 ter
356 3125 419 3165 se
450 3108 905 3176 consensissent,
939 3107 980 3162 ii
1011 3107 1112 3179 qui
1143 3108 1214 3164 ad
1263 3105 1520 3163 veritatis
1559 3105 1758 3161 lumen
1790 3119 1898 3161 ca:-

228 3199 474 3258 outiunt
523 3197 654 3255 illos
704 3198 1071 3270 convenisse,
1118 3197 1536 3268 communique
1593 3195 1898 3266 conspira-

227 3291 400 3348 tione
431 3294 607 3360 atque
639 3288 962 3361 sophistica
1002 3305 1291 3345 consensu
1340 3303 1409 3344 ea
1457 3286 1812 3343 conﬁnxisse
1840 3288 1900 3341 et

234 3379 670 3452 conscripsisse
727 3379 1104 3450 objecissent,
1137 3396 1264 3452 quae
1295 3379 1457 3434 nullo
1515 3379 1687 3434 modo
1741 3377 1901 3434 acci-

229 3473 496 3540 dissent,
539 3487 696 3526 nunc
726 3485 858 3526 vere
891 3469 950 3524 in
1000 3469 1115 3525 illis
1149 3469 1462 3526 concordia
1517 3468 1743 3524 discors
1775 3467 1897 3523 elu-

228 3559 442 3627 cescit,
476 3558 803 3629 similisque
852 3557 996 3614 adeo
1026 3561 1136 3623 est,
1172 3563 1237 3614 ut
1268 3558 1346 3613 ita
1377 3557 1592 3623 dicam,
1643 3560 1901 3628 Evange-

225 3653 456 3709 liorum
488 3649 797 3720 quaternio
822 3647 1047 3704 musico
1070 3663 1286 3720 organo
1326 3646 1722 3714 tetrachorda,
1745 3646 1901 3717 quod

227 3739 500 3814 Spiritus
550 3743 790 3795 sanctus
844 3742 1135 3810 personat,
1171 3738 1465 3809 modoque
1490 3736 1610 3792 hac
1657 3733 1904 3792 salutari

227 3829 490 3897 cantico,
554 3829 727 3884 modo
779 3827 882 3884 illa
913 3844 1057 3885 sono
1099 3827 1259 3884 vocis
1293 3827 1668 3884 ornatissimo
1712 3824 1904 3881 homi-

225 3921 443 3989 nibus,
485 3922 779 3989 quotquot
837 3919 1099 3974 nondum
1143 3934 1384 3989 prorsus
1448 3917 1903 3984 obsurduerunt,

226 4007 642 4086 percurrenda
685 4008 955 4078 assumit,
993 4009 1070 4064 ita
1122 4011 1188 4063 ut
1244 4007 1472 4080 quoties
1530 4005 1907 4078 Evangelium

221 4097 488 4158 Joannis
539 4096 771 4153 cmleste
802 4114 963 4165 voca,
1002 4113 1157 4170 saepe
1189 4103 1383 4153 autem
1421 4096 1568 4153 facio
1625 4094 1907 4170 ἀπήχημα

225 4187 565 4266 quoddam,
599 4203 703 4243 seu
735 4191 1060 4244 extremum
1093 4185 1435 4244 reultantis
1457 4187 1617 4242 vocis
1647 4187 1906 4244 sonitum

225 4277 526 4355 percipio,
559 4293 676 4347 quo
707 4275 808 4332 Dei
840 4276 1028 4348 gloria
1077 4280 1134 4332 et
1174 4276 1516 4332 harmonica
1549 4275 1909 4331 firmamenti

223 4387 347 4428 vox
382 4365 737 4438 explicatur,
768 4383 896 4438 qua:
928 4366 1168 4438 quidem
1205 4365 1489 4422 miracula
1528 4365 1630 4421 illa
1674 4381 1908 4422 annun-

225 4459 371 4526 tiat,
409 4471 539 4525 quaa
581 4470 714 4509 cum
773 4471 946 4511 carne
987 4471 1021 4510 a
1077 4456 1274 4522 verbo,
1335 4459 1392 4511 et
1448 4455 1716 4526 ejusdem
1773 4471 1906 4511 cum

225 4545 341 4604 illo
400 4545 626 4600 naturae
665 4541 887 4614 Spiritu
946 4543 1100 4600 facta
1131 4547 1316 4599 sunt:
1360 4559 1607 4615 qumque
1659 4549 1909 4615 paternae

230 4648 467 4693 manus
499 4631 888 4704 appellatione
920 4633 1324 4706 designantur.
1373 4631 1706 4704 Discipulos
1750 4633 1908 4689 enim

231 4729 360 4785 Deo
385 4721 611 4780 charus
631 4721 788 4778 viam
812 4723 1003 4780 tribus
1021 4722 1410 4796 Evangelistis
1441 4721 1659 4778 inviam
1678 4728 1733 4778 et
1762 4723 1915 4780 inac-
1945 4715 1990 4779 D

227 4827 488 4875 cessam
535 4810 863 4884 ingressus,
925 4830 995 4870 ea
1024 4813 1241 4870 Christi
1293 4811 1573 4868 miracula
1624 4813 1913 4884 exposuit,

227 4918 624 4982 quaecunque
683 4903 1050 4974 prastermitti
1082 4919 1197 4959 non
1243 4906 1533 4974 poterant,
1584 4904 1726 4974 quin
1779 4919 1918 4976 quo-

229 4994 552 5073 quomodo
582 4998 1001 5051 tractarentur.
1033 4993 1450 5052 Miracularum
1483 4994 1638 5050 enim
1673 5011 1914 5051 suarum

229 5087 530 5149 Christus
557 5083 881 5156 discipulos
921 5101 1156 5157 quoque
1199 5085 1511 5157 participes
1569 5083 1750 5156 gratis
1781 5083 1918 5141 eil‘e-

231 5181 344 5250 cit,
382 5175 641 5247 illosque
701 5175 843 5232 adeo
901 5175 976 5231 iis
1016 5193 1144 5247 quae
1196 5176 1429 5232 fecisset
1485 5175 1635 5246 ipse,
1695 5175 1919 5245 majora

228 5272 518 5329 facturos
549 5280 680 5321 esse
711 5263 1007 5336 pollicitus
1040 5269 1150 5321 est.
1182 5267 1372 5336 Atque
1394 5283 1425 5320 a
1456 5265 1647 5321 tribus
1677 5265 1917 5335 quidem

232 5353 633 5428 evangelistis
663 5354 806 5411 satis
841 5371 1136 5428 superque
1170 5356 1386 5411 tradita
1410 5358 1466 5410 et
1495 5355 1757 5426 exposita
1777 5359 1920 5411 sunt

231 5449 371 5515 illa,
449 5443 658 5515 paucis
707 5444 934 5518 aliquot
982 5445 1260 5518 exceptis.
1319 5444 1628 5500 Ccelestem
1678 5461 1810 5501 vero
1865 5448 1922 5502 et

236 5533 562 5614 propriam
634 5534 852 5592 Christi
913 5535 1348 5608 generationem
1416 5534 1588 5591 verba
1645 5533 1712 5602 ἦν
1773 5539 1917 5607 erat,

233 5639 603 5698 eXpressam
647 5625 847 5680 statim
886 5626 959 5682 ab
989 5625 1156 5683 initio
1188 5625 1440 5681 tonitrus
1473 5623 1630 5680 ﬁlius
1663 5623 1758 5681 hic
1782 5629 1920 5682 tan-

233 5729 437 5793 quam
489 5711 743 5786 fulguris
774 5715 1054 5786 impetus,
1085 5717 1146 5771 in
1177 5730 1381 5772 omnes
1415 5713 1571 5770 orbis
1602 5713 1750 5771 fines
1807 5716 1923 5788 eja-

228 5808 498 5869 culatus
546 5807 656 5875 est,
688 5809 754 5862 ut
800 5809 1010 5865 caetera
1038 5821 1273 5880 quoque
1301 5805 1360 5862 id
1411 5821 1620 5878 genus,
1651 5821 1776 5878 quas
1822 5805 1922 5865 ille

585 5925 849 5991 PATROL.
899 5927 1008 5988 Ga.
1045 5927 1359 5988 CXXXIX.

1989 651 2201 723 posuit,
2258 652 2395 723 quia
2450 650 2685 706 verbum
2739 649 2878 706 illud
2939 649 3000 723 ᾖν
3059 661 3200 719 erat,
3266 654 3420 723 quod
3471 653 3632 708 nullo

1989 741 2162 796 modo
2197 740 2450 796 recusari
2484 741 2796 796 refutarive
2829 744 3038 811 potest,
3062 741 3189 811 jam
3214 741 3520 798 hominum
3541 759 3640 797 au-

1988 829 2150 885 ribus
2221 830 2574 896 intonuerat,
2624 834 2680 885 et
2721 831 2932 886 animis
2981 831 3334 887 innotuerat.
3369 832 3646 896 Quamvis

1989 919 2145 974 enim
2179 919 2266 973 vel
2299 919 2390 974 his
2419 925 2616 975 exacte
2648 920 2901 988 traditis,
2958 920 3385 993 perspicuaque
3423 919 3651 975 theolo-

1989 1008 2085 1079 gia
2117 1009 2417 1080 expositis,
2487 1008 2708 1066 indocti
2755 1009 3115 1080 pessimique
3173 1010 3434 1066 veritatis
3492 1009 3650 1065 aesti-

1996 1103 2246 1154 matores
2272 1099 2391 1154 haec
2419 1099 2732 1154 verborum
2785 1104 3052 1171 portenta
3080 1095 3317 1168 εούκῆν,
3344 1116 3460 1154 non
3478 1103 3638 1166 erat;

1990 1187 2057 1255 ἦν
2092 1186 2181 1240 ὅτε
2213 1187 2316 1240 οὐκ
2370 1187 2462 1254 ἦν,
2497 1188 2602 1242 fuit
2635 1193 2888 1259 tempus,
2922 1205 3037 1260 quo
3069 1205 3184 1244 non
3216 1194 3340 1244 erat
3374 1207 3389 1258 ;
3421 1186 3640 1260 ὅμοιον,

1987 1278 2178 1335 simila
2211 1295 2224 1347 ;
2258 1275 2599 1349 ὁμοιούσιον,
2634 1277 2844 1334 similis
2867 1278 3128 1334 essentise
3163 1303 3178 1347 ;
3208 1277 3395 1346 ἧττον,
3422 1278 3642 1347 minus,

1990 1374 2046 1424 et
2083 1364 2299 1421 κτιστὸν
2339 1372 2624 1438 creatum,
2677 1369 3103 1441 excogitarunt,
3165 1373 3222 1424 et
3274 1376 3478 1424 caetera
3524 1366 3640 1424 alia

1992 1475 2117 1531 quae
2149 1460 2220 1514 ad
2270 1460 2731 1517 confutationem
2795 1460 3289 1532 manifestamque
3334 1463 3642 1516 auctorum

1993 1567 2233 1606 suorum
2295 1549 2647 1606 derisionem
2699 1549 2869 1606 libris
2914 1550 3082 1606 cdilis
3133 1551 3643 1606 circumferuntur.

1992 1642 2159 1710 Papa:
2195 1639 2206 1693 l
2243 1655 2418 1709 quam
2453 1639 2768 1695 dissimilia
2800 1639 2869 1695 de
2909 1639 3138 1696 Christo
3174 1639 3502 1696 dicerentur
3533 1639 3646 1695 nisi

1993 1727 2280 1784 Dominus
2322 1745 2426 1800 per
2456 1745 2592 1784 eum
2625 1729 2726 1801 qui
2765 1730 2895 1785 haec
2926 1747 3142 1786 arcana
3172 1730 3466 1796 revelavit,
3515 1733 3646 1785 tan-

1997 1834 2173 1890 quam
2211 1818 2281 1874 de
2311 1817 2457 1874 ccela
2491 1818 2868 1890 intonuisset,
2900 1836 3097 1876 vocem
3122 1836 3289 1876 suam
3323 1819 3652 1876 Altissimus

1996 1907 2318 1976 emisisset,
2371 1909 2712 1980 dagmatum
2749 1908 2988 1964 maxime
3050 1908 3382 1965 divinorum
3417 1907 3654 1981 fulgura

1997 1997 2471 2069 multiplicasset,
2505 2005 2679 2068 atque
2733 1997 3036 2054 haereticos
3089 1999 3470 2054 confudisset.
3516 1998 3651 2061 Sed,

1998 2089 2063 2140 ut
2094 2085 2290 2141 videre
2311 2089 2421 2154 est,
2453 2103 2570 2142 non
2603 2087 2718 2142 alia
2749 2088 2818 2142 de
2849 2104 3029 2142 causa
3059 2086 3437 2158 Evangelium
3469 2086 3649 2142 Joan-

1997 2176 2086 2230 nis
2117 2175 2188 2231 ab
2223 2175 2312 2232 his
2342 2173 2542 2246 Alogis
2576 2175 2962 2248 improbatur,
2995 2191 3167 2248 quam
3205 2177 3344 2248 quia
3374 2175 3476 2231 Dei
3507 2179 3649 2231 Ver-

1997 2264 2140 2320 bum
2178 2280 2292 2320 non
2334 2263 2670 2333 admittant,
2717 2281 2821 2320 nec
2859 2264 3066 2332 Deum,
3113 2280 3218 2320 nec
3263 2266 3416 2337 apud
3463 2264 3649 2320 Deum

2000 2373 2150 2425 esse,
2176 2374 2278 2414 nec
2310 2357 2509 2414 omnia
2540 2373 2640 2430 per
2663 2358 2858 2430 ipsum
2883 2358 3034 2414 facta
3063 2373 3214 2427 esse,
3238 2359 3654 2426 confiteantur,

1998 2457 2052 2505 et
2085 2448 2422 2520 praedicent.

2631 2537 2785 2594 CAP.
2826 2538 3018 2595 XXIV.

2004 2631 2269 2705 l’z'cesima
2316 2637 2512 2705 quarta
2544 2630 2787 2698 haeresis,
2820 2631 3276 2705 Adamianornm.
3313 2631 3392 2688 Hi
3421 2649 3653 2705 ungun-

2076 2705 2191 2758 tur.
2229 2703 2294 2757 Αι
2325 2703 2609 2758 honestum
2636 2718 2844 2774 quoque
2873 2704 3073 2774 fuerit,
3104 2703 3155 2759 .ςί
3186 2703 3553 2777 baptizentur.

2078 2810 2379 2867 Adamiaoi
2411 2811 2631 2866 Adamo
2663 2812 2917 2882 quodam
2971 2813 3205 2870 doctore
3236 2814 3329 2870 usi
3377 2813 3654 2872 ecclesias

2004 2916 2144 2956 suos
2169 2899 2224 2955 in
2251 2900 2513 2972 partibus
2542 2899 2915 2958 inferioribus
2947 2901 3098 2958 leves
3131 2906 3187 2958 et
3217 2911 3497 2974 angustas
3525 2903 3654 2960 efﬁ-

2005 2989 2235 3046 ciebant
2266 2991 2482 3062 quibus
2531 2990 2981 3047 excalfaciendis
3023 2991 3186 3064 ligna
3231 2993 3648 3064 accendebant,

2003 3080 2316 3152 januisque
2366 3080 2599 3136 adstare
2623 3080 2930 3152 jubebant,
2983 3081 3084 3153 qui
3130 3082 3386 3138 virorum
3417 3083 3656 3140 femina-

2007 3187 2256 3242 rumque
2304 3169 2593 3238 omnium,
2645 3187 2792 3241 quos
2841 3170 3043 3227 statim
3103 3171 3174 3227 ab
3204 3171 3475 3245 ingressu
3527 3169 3663 3228 exui

2007 3260 2188 3315 moris
2254 3264 2403 3330 erat,
2476 3260 2827 3316 vestimenta
2886 3261 3268 3330 custodirent,
3347 3266 3523 3334 atque
3580 3261 3664 3318 ita

1927 3335 1970 3402 C
2012 3349 2286 3421 precibus
2361 3352 2419 3405 et
2464 3349 2899 3421 Scripturarum
2967 3351 3202 3408 lectioni
3260 3352 3665 3424 intendebant,

2012 3437 2363 3510 virginitatis
2433 3438 2627 3495 studia
2711 3456 2840 3495 sese
2901 3440 3246 3497 insolentius
3337 3443 3666 3498 efferentes.

2013 3527 2178 3593 Quod
2210 3528 2257 3583 si
2310 3527 2443 3600 quis
2490 3529 2550 3584 in
2608 3528 2830 3601 flagitio
2911 3531 3464 3602 deprehenderetur,
3535 3548 3670 3588 eum

2015 3634 2151 3672 mox
2205 3617 2357 3673 foras
2390 3619 2640 3690 ejectum
2683 3620 2976 3676 Adamnm
3027 3620 3392 3690 dictitabant,
3450 3621 3552 3693 qui
3603 3621 3674 3677 de

2013 3705 2174 3779 ligno
2233 3708 2602 3764 comedisset.
2639 3707 2955 3764 Ecclesiam
3000 3710 3155 3766 enim
3188 3728 3351 3767 suam
3413 3710 3668 3783 paradisi

2016 3796 2254 3852 nomine
2302 3796 2714 3869 dignabanlur.
2747 3797 2925 3855 Iidem
2961 3804 3240 3872 praeterea
3288 3801 3524 3873 nuptias
3557 3801 3670 3858 im-

2018 3885 2359 3959 probabant.

2338 3997 2603 4054 Havreseos
2630 3997 2988 4069 praecedentis
3018 4001 3344 4072 con/utalia.

2088 4104 2207 4162 Nec
2233 4107 2407 4170 recte,
2455 4121 2559 4160 nec
2587 4105 2679 4176 pie
2723 4122 2824 4176 pro
2856 4106 3064 4162 Adami
3121 4122 3256 4164 cum
3287 4108 3406 4163 Eva
3448 4124 3666 4165 concu-

2018 4194 2145 4250 bitu
2195 4195 2266 4250 ab
2298 4195 2641 4250 Adamianis
2674 4195 2819 4267 ligni
2865 4195 3196 4268 degustatia
3256 4199 3518 4270 exposita
3565 4200 3674 4256 est.

2020 4293 2214 4344 Moses
2245 4287 2403 4343 enim
2444 4287 2617 4342 aliam
2668 4287 2850 4344 fuisse
2881 4288 3107 4345 arboris
3149 4289 3403 4345 scientia:
3463 4307 3533 4346 ex
3564 4307 3680 4346 ser-

2019 4376 2214 4448 pentis
2269 4375 2646 4448 suggestione
2707 4379 3164 4450 perceptionem,
3225 4377 3406 4436 alium
3466 4373 3679 4436 Adami

2018 4470 2262 4538 Evasque
2307 4467 2682 4522 concubitum
2719 4472 2968 4524 testatus
3000 4473 3108 4525 est.
3136 4471 3324 4541 Atque
3348 4469 3511 4527 illam
3543 4471 3678 4542 qui-

2021 4556 2152 4611 dem
2200 4555 2260 4610 in
2295 4555 2568 4628 paradiso
2626 4557 2846 4613 nefarie
2902 4562 3298 4631 perpetratam
3360 4560 3464 4628 ait,
3521 4559 3680 4615 hunc

2020 4659 2154 4700 vero
2186 4647 2387 4716 postea
2417 4662 2596 4717 quam
2631 4645 2766 4702 inde
2795 4647 2963 4717 ejecti
2991 4655 3151 4717 sunt,
3177 4647 3569 4719 pelliceasque
3589 4651 3679 4702 tu-

2027 4734 2188 4790 nicas
2222 4734 2562 4791 induerunt.
2595 4735 2758 4801 Quod
2797 4739 2991 4792 autem
3021 4735 3260 4809 nuptias
3296 4735 3674 4804 interdicunt,

2025 4824 2378 4895 virginitatis
2428 4823 2727 4880 simulatio
2785 4841 3062 4897 meraque
3115 4825 3242 4881 sine
3273 4825 3447 4881 rebus
3503 4827 3680 4882 verba

2028 4917 2187 4969 sunt.
2209 4914 2355 4970 Cum
2379 4913 2533 4969 enim
2560 4931 2674 4968 non
2697 4912 2826 4969 sine
2859 4930 3074 4985 magna
3103 4912 3487 4986 turpitudinis
3519 4919 3677 4984 nota,

2027 5002 2188 5057 omni
2211 5003 2424 5058 amictu
2449 5001 2737 5074 deposito,
2763 5001 2858 5057 alii
2893 5001 3140 5060 aliorum
3174 5007 3378 5060 mutuo
3411 5005 3684 5061 fruantur

2029 5095 2286 5164 aspectu,
2335 5091 2433 5163 qui
2495 5091 2620 5146 fieri
2654 5095 2864 5164 potest,
2900 5097 2965 5148 ut
3011 5093 3165 5165 apud
3219 5110 3418 5166 aequos
3484 5111 3683 5151 rerum

2029 5182 2414 5238 aestimatores
2447 5181 2802 5254 virginitatis
2847 5187 3112 5238 amantes
3143 5187 3200 5240 et
3243 5183 3493 5241 studiosi
3529 5185 3686 5256 judi-

2030 5271 2289 5329 centur‘?
2347 5274 2624 5328 Caeterum
2687 5279 2971 5344 quantum
3031 5272 3115 5328 illi
3170 5273 3360 5330 scelus
3407 5275 3687 5346 nefasque

2029 5361 2422 5426 committant,
2456 5360 2555 5432 qui
2611 5361 2682 5416 de
2709 5360 3003 5417 industria
3035 5361 3413 5435 volentesque
3453 5365 3684 5420 nudan-

2029 5455 2146 5517 tur,
2179 5455 2236 5506 et
2275 5468 2340 5507 ea
2371 5452 2668 5523 detegunt,
2729 5468 2855 5524 quas
2887 5452 3165 5508 occultari
3218 5459 3422 5509 natura
3477 5453 3680 5520 voluit,

2029 5539 2117 5597 vel
2149 5540 2261 5612 ipsi
2301 5540 2526 5612 generis
2558 5540 2803 5597 humani
2835 5543 3234 5615 progenitores
3273 5544 3683 5612 ostenderunt,

2029 5646 2167 5688 cum
2199 5630 2309 5686 sibi
2344 5629 2594 5686 ﬁculnea
2652 5630 2790 5686 folia
2823 5637 3205 5703 consuerunt,
3261 5649 3461 5690 eorum
3511 5651 3680 5707 aspe-

2032 5723 2189 5774 ctum
2215 5717 2485 5788 aversati,
2511 5735 2637 5790 quaa
2665 5719 2888 5791 pudore
2909 5720 3088 5792 digna
3119 5725 3275 5778 sunt.
3315 5723 3687 5780 Absurdissi-

2033 5824 2194 5867 mum
2228 5825 2401 5881 parra
2441 5813 2499 5866 et
2529 5809 2602 5866 ab
2633 5810 2792 5866 omni
2823 5810 3112 5868 modestia
3141 5828 3382 5884 prorsus
3427 5813 3688 5870 alienum

3370 5933 3447 5994 41
