2027 3191
194 179 268 211 1291

190 247 326 283 quodque
337 246 466 274 calidum
479 244 561 272 illum
571 247 597 271 el
614 244 768 271 ferventem
785 242 879 270 zelum
895 242 923 269 in
940 242 1012 269 Ada-
1028 242 1054 276 Α

191 292 298 319 mianis
310 294 425 327 augeat,
442 290 496 317 hoc
512 288 613 316 merito
629 290 792 322 censeatur,
810 287 888 323 quod
906 295 973 314 cum
987 286 1015 314 in

187 336 346 364 Ecclesiam
366 335 497 363 vestibus
522 333 627 366 induti,
658 335 685 360 et
699 341 765 360 cum
790 333 900 368 pudore
917 339 1016 367 preces

188 384 247 409 Deo
274 381 395 408 fundere
421 380 567 412 deberent,
584 379 614 405 in
630 377 819 414 hypocaustis
835 379 863 405 et
891 376 1017 404 caminis

188 427 287 462 ignem
299 426 468 459 accendant,
494 424 592 459 ibique
619 431 685 450 cum
702 422 819 450 feminis
842 430 1017 449 conversan-

191 474 244 504 tes,
262 473 348 506 atque
378 477 436 497 una
452 477 518 496 cum
535 468 595 495 illis
610 467 781 503 psallentes,
812 466 921 494 amoris
946 474 1016 501 pru-

191 516 250 544 ritu
267 516 464 549 inardescunt,
481 516 509 541 et
534 513 627 541 calide
644 513 805 541 admodum
822 515 924 539 mutuo
949 519 1017 539 con-

193 560 292 590 cubitu
309 561 452 587 fruantur.

512 604 590 632 CAP.
607 603 692 631 XXV.

195 655 332 684 Vicesima
347 654 443 689 quinta
459 653 584 685 haeresis,
610 652 823 687 Sampsaaorum,
838 650 886 687 qui
902 652 928 678 et
955 649 1019 678 Hel-

431 689 522 717 cesxi.
540 689 573 715 Hi
588 689 775 724 baptizuntur.

227 743 370 780 Sampstei
387 744 536 775 vocantur,
554 741 639 777 quasi
657 741 721 777 puri
739 741 878 769 Hebraica
895 740 995 776 lingua
1011 749 1018 774 ;

192 789 328 817 Helceseei
343 796 422 822 vero,
452 796 467 815 a
484 787 607 823 quodam
625 794 726 814 eorum
742 786 859 814 doctore
874 785 938 821 (47).
961 785 1022 812 Hae-

193 842 293 862 reseos
321 841 406 870 porro
431 833 490 860 dux
513 834 541 859 et
558 834 659 859 auctor
682 831 741 858 illis
764 831 819 858 fuit
843 830 1021 866 pseudopro-

195 879 282 915 pheta
297 877 415 914 quidam
430 877 561 910 Judaeus,
584 876 702 903 nomine
718 875 807 909 Elxai,
838 874 887 910 qui
904 873 1021 909 Trujani

195 923 379 958 temporibus
407 922 487 948 vixit.
512 922 538 948 Is
569 921 732 956 persalem,
759 928 875 954 aquam,
902 921 1022 952 terram,
1039 933 1063 966 Β

198 976 315 1003 panem,
338 967 453 998 caelum,
472 966 621 997 :rtherem,
640 968 667 992 et
683 967 797 992 \cntum
815 965 925 999 jurure,
950 963 1025 990 divi-

198 1020 328 1047 numque
352 1012 408 1038 illis
431 1011 565 1038 exhibere
597 1010 706 1037 cultum
733 1010 865 1044 jubebat.
883 1009 1024 1036 Caeterum

199 1056 384 1085 continentiae
399 1057 621 1088 adversabatur,
635 1055 892 1090 virginitatemque
908 1061 1025 1087 exosus,

199 1103 309 1130 nubere
330 1102 461 1136 cogebat.
479 1100 533 1127 Sed
552 1102 580 1127 et
608 1099 779 1135 hypocrysin
796 1098 1025 1137 commendabat,

198 1148 228 1173 in
245 1154 336 1180 eaque
361 1145 433 1171 nihil
451 1145 547 1172 inesse
571 1144 680 1180 peccati
699 1152 845 1175 asserens,
863 1152 912 1170 eos
929 1152 944 1170 a
960 1150 1027 1178 pec-

200 1194 262 1219 cato
287 1191 432 1217 immunes
459 1197 522 1216 esse
554 1189 690 1222 addebat,
715 1189 762 1224 qui
794 1196 827 1215 ex
843 1188 1026 1221 necessitate,

201 1244 257 1262 non
288 1243 321 1261 ex
346 1234 525 1261 conscientia
552 1235 682 1268 tempore
712 1232 922 1267 persecutionis
951 1231 1028 1258 idola

200 1279 326 1307 venerati
344 1281 450 1307 essent.
479 1278 638 1314 Prophetas
655 1286 711 1304 non
736 1277 919 1304 admittebat.
937 1279 1027 1303 Amu-

202 1324 328 1351 letorum
358 1323 401 1350 vel
431 1323 583 1350 monilium
610 1330 696 1349 usum
728 1322 899 1357 imperabat.
930 1321 1028 1348 Chris-

206 1371 269 1396 tum
287 1372 448 1397 creaturam
474 1377 548 1402 esse,
570 1368 701 1403 atquein
731 1368 841 1394 Adamo
872 1367 1028 1393 formatum

205 1415 296 1442 fuisse
313 1414 508 1446 fabulabatur,
529 1415 613 1448 cujus
630 1421 733 1449 corpus
750 1421 800 1447 pro
818 1420 869 1439 suo
887 1412 1027 1439 arbitratu

204 1460 348 1493 indueret,
381 1462 538 1495 posteaun
564 1463 687 1485 exueret.
723 1458 863 1493 Spiritum
895 1458 1028 1485 sanctum

204 1505 323 1532 fratrem
344 1505 407 1540 ejus
423 1513 496 1537 esse,
513 1508 598 1539 atque
614 1511 712 1530 eorum
731 1505 887 1537 utrumque
904 1502 1028 1537 longitu-

204 1551 270 1579 dine
288 1552 322 1578 ad
358 1551 518 1586 nonaginta
548 1558 597 1576 sex
613 1549 758 1580 milliaria,
794 1549 946 1575 latitudine
962 1556 1029 1575 vero

204 1597 238 1624 ad
252 1595 355 1632 viginti
375 1596 506 1630 quinque
519 1594 652 1630 protendi
673 1594 832 1621 asserebat.
854 1594 923 1620 Huic
944 1601 1028 1628 porro

205 1641 295 1668 frater
315 1642 385 1672 erat,
427 1640 534 1666 lexmus
559 1639 687 1666 nomine.
716 1639 840 1665 Tandem
868 1647 900 1665 ex
928 1646 1027 1665 eorum

204 1684 345 1719 sanguine
357 1683 494 1710 mulieres
511 1684 574 1709 duae
592 1683 700 1710 Maltho
718 1685 745 1709 et
763 1682 911 1709 Malthana
927 1684 1030 1710 exortae

203 1732 283 1761 sunt,
314 1736 385 1762 quas
402 1736 457 1754 non
476 1736 560 1755 secus
582 1730 668 1762 atquc
696 1728 763 1755 (iras
782 1730 875 1754 mente
892 1728 966 1762 capti
984 1736 1029 1755 ve'

204 1774 394 1806 uerebantur,
422 1773 488 1800 etsi
514 1782 571 1808 quo
588 1772 849 1808 proﬁciscerentur,
882 1773 1029 1807 pulverem

204 1819 310 1851 pedum
337 1826 449 1850 eorum,
466 1818 586 1853 insuper
602 1821 629 1845 et
646 1819 778 1852 salivam,
792 1822 815 1845 et
832 1820 929 1853 sputu,
947 1818 1031 1845 bene-

204 1864 341 1892 dictionis
357 1863 418 1891 loco
435 1864 490 1890 sibi
506 1864 671 1890 sumebant.

1045 1621 1065 1655 C

360 1928 496 1955 erescos
513 1926 692 1963 prmeedenlis
709 1927 871 1961 can/utalia.

242 1990 412 2018 Adamianis
434 1990 471 2023 hi,
500 1989 536 2016 ad
553 1989 669 2024 nuptias
692 1990 719 2016 et
732 1988 927 2023 virginitatem
950 1988 1027 2023 quod

205 2037 318 2068 attinet,
342 2044 375 2063 ex
397 2035 538 2062 diametro
564 2036 737 2069 repugnant,
765 2033 886 2068 Utrique
909 2033 986 2060 enim
1011 2042 1028 2061 θ,

204 2081 401 2109 mediocritate
421 2082 449 2106 et
465 2081 542 2106 recta
558 2079 671 2105 ratione
697 2079 885 2105 dellexerunt.
904 2078 1027 2113 Nuptias

203 2126 321 2162 quidem
337 2124 477 2159 Sampsazi
494 2124 620 2151 maximo
637 2124 667 2150 in
684 2123 792 2150 honoro
809 2123 925 2155 habent,
941 2131 1027 2151 cunc-

201 2173 307 2205 tosque
332 2168 435 2203 jubent
465 2169 583 2195 nubere.
601 2169 637 2194 At
664 2167 861 2203 virginitatem
893 2168 1027 2195 Adamiu-

201 2215 230 2242 ni
261 2222 376 2241 summo
407 2213 504 2240 studio
531 2213 762 2247 prosequendum
790 2220 853 2239 esse
881 2213 946 2246 rati,
977 2221 1027 2240 eos

201 2260 267 2286 odio
285 2261 513 2293 prosequuntur,
539 2257 586 2291 qui
604 2257 719 2291 nuptias
745 2257 932 2292 contrahunt,
958 2265 1025 2284 cum

200 2306 297 2332 tamen
325 2303 502 2330 honoranda:
528 2301 646 2336 nupti-"i3,
674 2301 844 2336 nuptiisque
872 2302 1025 2337 virginitas
1044 2308 1064 2340 ι)

200 2348 387 2377 anteferendo
413 2348 460 2374 sit.
492 2346 615 2382 Utraque
647 2346 724 2374 enim
757 2347 812 2374 Deo
839 2350 920 2381 grata
945 2349 1023 2374 sunt.

200 2394 333 2422 Christus
349 2393 427 2420 enim
446 2401 462 2419 a
478 2392 644 2427 virginitate
667 2400 724 2418 non
741 2392 865 2425 alienus,
888 2392 1026 2427 idemque

202 2438 371 2473 nuptiarum
398 2439 508 2470 auctor,
536 2437 686 2471 Quipurest
715 2444 820 2471 capere,
850 2436 956 2471 inquit,
979 2445 1026 2464 ca-

200 2484 258 2519 piat
272 2481 293 2509 ⁸.
312 2483 382 2508 Item
401 2490 506 2516 magna
522 2481 571 2508 illa
587 2481 801 2516 prmdicationis
815 2482 884 2507 tuba
906 2481 1023 2515 Paulus,

199 2527 358 2564 virginitati
388 2526 570 2565 primogenia
595 2527 679 2558 dans,
704 2528 801 2561 aperto.
817 2525 934 2553 clamat.
961 2525 1024 2554 Dico

200 2576 295 2602 autem
315 2583 370 2602 non
385 2574 479 2609 nuptis
494 2575 519 2600 et
535 2572 636 2604 viduis,
663 2571 762 2598 bonum
777 2574 818 2598 est
846 2570 917 2603 illis,
933 2572 958 2598 si
984 2571 1025 2599 sic

196 2621 382 2654 permaneant
401 2619 472 2646 sicut
486 2620 511 2645 cl
534 2624 582 2650 ego
600 2624 605 2644 :
623 2616 667 2643 sccl
682 2617 706 2643 si
720 2624 773 2642 non
790 2616 954 2649 contineant,
970 2624 1023 2643 nu-

196 2665 260 2693 bant
275 2664 296 2693 9.
315 2665 352 2692 Eo
375 2666 472 2690 autem
486 2660 564 2696 quod
580 2669 629 2696 pcr
641 2660 786 2688 elementa
798 2660 912 2694 jurant,
932 2660 1022 2688 mani-

193 2710 281 2738 festos
296 2717 327 2737 se
343 2708 476 2745 gentium
499 2706 662 2733 imitatores
675 2706 843 2733 ostendunt.
863 2704 921 2732 [the
943 2706 1021 2733 enim

226 2771 237 2789 '
253 2771 356 2799 Matth.
369 2777 427 2805 xu,
442 2769 485 2797 12.
524 2768 535 2785 ⁹
550 2767 560 2794 I
575 2768 640 2795 Cor.
652 2775 700 2801 vu,
714 2767 742 2802 8,
753 2769 779 2795 9.
821 2767 843 2784 ¹⁰
856 2767 955 2796 Matth.
972 2776 1000 2804 v,
1016 2768 1063 2797 37.

228 2834 285 2871 (t7)
301 2833 407 2863 Euseb.
421 2833 472 2863 lib.
487 2839 527 2868 vr,
543 2839 605 2867 cap.
618 2831 662 2860 27.

850 174 1010 206 ΝΙΓΣΕΤΛΕ
1031 173 1242 205 ΟΗΟΝῙΑΤᾹΞ

1826 171 1915 202 i292

1071 250 1120 277 per
1134 249 1248 275 canem,
1279 249 1330 278 per
1345 249 1490 275 anserem,
1508 241 1536 268 at
1551 248 1602 276 per
1626 239 1729 276 pinum
1742 239 1893 275 jurabant
1905 259 1912 271 ,

1071 287 1341 324 elementorumque
1353 286 1576 323 quaternionem
1590 286 1626 314 ad
1644 285 1731 313 fidem
1744 284 1834 312 dictis
1847 284 1919 312 suis

1071 333 1259 361 astruendam
1277 332 1472 368 proferebant.

1106 377 1180 408 Quin
1198 381 1226 405 et
1251 377 1328 412 apud
1345 376 1475 412 gentium
1492 376 1562 404 deos
1578 383 1592 403 e
1613 375 1701 411 Styge
1715 375 1817 410 (quem
1832 373 1914 401 inte-

1071 428 1170 449 rorum
1205 422 1313 449 fontem
1346 428 1410 449 esse
1440 419 1575 448 fabulosa.
1608 419 1698 447 tradit
1728 418 1912 454 antiquitas)

1072 474 1178 502 aquam
1202 466 1430 502 frigidissimam
1458 465 1613 500 scaturire,
1638 463 1787 492 verissimi
1811 462 1916 498 quoti-

1072 512 1169 540 dianis
1184 511 1213 538 in
1230 511 1384 547 colloquiis
1407 510 1567 547 juramenti
1598 510 1661 538 loco
1691 508 1830 536 habebat.
1849 508 1915 536 Nos

1073 559 1170 585 autem
1186 556 1300 584 Christo
1323 557 1455 591 docente,
1472 563 1567 592 neque
1595 562 1646 590 per
1661 556 1781 587 terram,
1809 561 1915 588 neque

1073 610 1124 637 per
1138 601 1243 629 malum
1261 601 1425 637 jurandum
1440 608 1505 629 esse
1528 599 1686 627 didicimus
1703 607 1711 633 ς
1727 598 1811 626 illam
1828 597 1915 625 enim

1074 647 1181 682 pedum
1207 647 1260 674 Dei
1276 646 1449 680 scabellum,
1471 646 1526 674 hoc
1542 653 1609 673 vero
1626 644 1724 672 sedem
1742 651 1808 672 esse
1828 643 1916 670 idem

1073 694 1198 720 testatus
1213 694 1267 719 est.
1283 692 1499 727 Jusjurandum
1516 693 1615 719 autem
1633 692 1768 718 nostrum
1783 697 1852 716 esse
1863 697 1917 716 vo-

1074 737 1140 771 ]uit,
1163 737 1218 770 Est,
1249 740 1298 770 est,
1313 744 1379 770 non,
1395 745 1450 764 non
1466 736 1498 763 ‘0.
1521 736 1678 771 Nugonum
1694 734 1824 770 denique
1840 733 1917 761 deli-

1076 783 1119 809 ria
1135 783 1214 815 sunt,
1232 783 1258 809 et
1282 790 1383 809 eorum
1399 781 1451 817 qui
1474 781 1502 809 in
1517 782 1630 815 seipsos
1653 780 1784 807 divinam
1812 777 1916 806 conci-

1077 829 1138 854 tant
1154 826 1238 861 iram,
1254 834 1322 854 cum
1338 828 1433 854 totum
1452 826 1603 854 Christum
1621 824 1803 860 corruptioni
1822 824 1917 851 obno-

1075 871 1156 898 xium
1167 878 1230 899 esse
1245 871 1340 905 aiunt,
1356 871 1407 907 qui
1423 871 1458 899 ab
1473 871 1584 898 Adamo
1594 870 1633 897 sit
1648 872 1742 904 ortus,
1758 876 1814 896 nec
1829 876 1915 902 eum,

1079 918 1225 951 quatenus
1240 916 1317 944 Deus
1333 915 1586 951 est,prtecesserit,
1599 923 1665 943 cum
1682 922 1790 950 corpus
1807 914 1845 942 ab
1863 921 1916 941 eo-

1080 961 1146 988 dem
1162 960 1239 993 exui,
1266 961 1422 996 denuoque
1447 960 1529 987 indui
1559 961 1706 990 asserunt,
1737 967 1798 986 non
1827 966 1919 986 secus

1079 1008 1168 1041 atque
1193 1014 1210 1033 ει
1224 1005 1309 1033 nobis
1328 1005 1513 1039 vestimenta,
1541 1007 1570 1033 et
1594 1013 1609 1032 a
1625 1003 1816 1040 serpentibus
1839 1002 1920 1031 lebe-

1079 1050 1159 1078 rides
1185 1051 1308 1078 decurso
1337 1050 1479 1086 temporis
1494 1050 1589 1085 spatio
1612 1049 1717 1077 solent.
1735 1048 1920 1083 Unigenitus

1081 1094 1160 1123 enim
1175 1095 1224 1122 Dei
1242 1095 1344 1130 Filius,
1361 1103 1426 1122 cum
1440 1095 1562 1122 sitPntri
1575 1096 1748 1128 cozeternus,
1764 1093 1920 1127 uniusque

1081 1143 1110 1168 et
1120 1140 1252 1175 ejusdem
1263 1148 1330 1168 cum
1346 1139 1395 1167 illo
1411 1142 1533 1173 naturai,
1545 1140 1575 1166 in
1588 1138 1700 1167 ultimis
1715 1137 1920 1174 temporibus,

1081 1187 1179 1213 creata
1204 1188 1304 1212 nostra
1319 1187 1424 1212 natura
1438 1184 1544 1212 divinae
1562 1184 1698 1211 increataa
1714 1187 1718 1216 ζ
1726 1185 1756 1210 et
1770 1191 1856 1218 purae
1869 1191 1923 1219 per

1082 1229 1253 1265 hypostasin
1270 1229 1360 1265 unita,
1375 1237 1481 1265 corpus
1492 1228 1572 1264 quod
1591 1229 1796 1264 assumpserat
1813 1227 1921 1255 divini-

1082 1274 1151 1302 tatis
1167 1275 1355 1310 dignitatum,
1372 1274 1436 1310 ipsa
1446 1273 1662 1309 conjunctione,
1680 1272 1830 1308 particeps
1846 1272 1921 1299 etre-

1083 1320 1131 1351 eit,
1158 1327 1210 1347 nec
1226 1319 1306 1346 illam
1324 1318 1383 1346 ullo
1413 1327 1544 1354 unquam
1571 1320 1701 1353 tempore
1717 1317 1871 1353 deposuit,
1890 1319 1923 1344 ut

1083 1371 1147 1400 quae
1162 1364 1262 1392 eadem
1279 1367 1356 1392 esset
1371 1371 1438 1390 cum
1454 1371 1487 1390 eo
1503 1363 1580 1399 quod
1598 1362 1743 1396 unixerat,
1761 1361 1826 1389 imo
1840 1369 1921 1395 vero,

1083 1411 1117 1436 ut
1131 1409 1172 1436 ita
1186 1408 1294 1441 dicam,
1318 1407 1447 1443 ὁμόθεος,
1463 1407 1517 1435 hoc
1538 1409 1584 1435 est
1612 1407 1670 1434 Deo
1686 1414 1805 1441 semper
1825 1411 1853 1433 et
1881 1407 1922 1433 in-

1084 1452 1376 1481 dissolubilivinculo
1392 1453 1559 1487 conjuncta,
1586 1451 1841 1487 quemadmodum
1861 1459 1923 1477 ma-

1084 1506 1161 1534 gnus
1176 1496 1225 1525 ille
1240 1497 1411 1532 theologicis
1427 1497 1456 1523 in
1472 1496 1560 1524 rebus
1576 1495 1735 1532 Gregorius
1751 1498 1854 1523 auctor
1865 1498 1919 1522 est.

1085 1544 1124 1571 Ex
1139 1551 1197 1578 quo
1213 1543 1252 1576 tit,
1283 1545 1316 1569 ut
1331 1541 1503 1578 hypostasin
1521 1541 1601 1568 illum
1618 1549 1682 1576 quae
1698 1547 1733 1567 ex
1761 1540 1923 1567 divinitate

1085 1591 1113 1616 et
1124 1588 1306 1615 humanitate
1319 1586 1444 1614 conﬂata
1459 1588 1514 1618 est,
1530 1593 1607 1613 nunc
1619 1585 1738 1621 quidem
1753 1585 1923 1619 Christum,

1086 1633 1156 1660 item
1182 1635 1272 1660 Deum
1290 1636 1317 1659 et
1339 1630 1581 1665 hominem,item
1597 1633 1689 1658 Deum
1712 1630 1921 1658 incarnatum:

1088 1685 1166 1705 nunc
1206 1685 1273 1704 vero
1301 1676 1393 1704 Deum
1423 1677 1575 1709 duntaxat,
1606 1677 1633 1703 et
1657 1674 1762 1702 Filium
1790 1674 1924 1702 hominis

1087 1722 1217 1757 itemque
1228 1721 1377 1749 hominem
1390 1723 1503 1748 tantum
1516 1720 1714 1747 nominemus.
1732 1719 1791 1748 Nec
1809 1722 1924 1754 tamen,

1088 1775 1155 1795 cum
1171 1770 1262 1795 Deum
1276 1767 1418 1794 duntaxat
1432 1765 1566 1799 dicimus,
1583 1765 1618 1792 ab
1635 1764 1756 1792 homine
1779 1764 1925 1792 illumse-

1087 1820 1236 1848 paramus,
1253 1819 1305 1839 nec
1321 1819 1387 1839 cum
1404 1810 1554 1838 hominem
1571 1811 1687 1837 tantum
1714 1809 1924 1844 nominamus,

1086 1857 1170 1884 illum
1194 1866 1211 1884 a
1229 1856 1380 1884 divinitate
1404 1855 1591 1891 sejungimus
1619 1854 1709 1889 (idem
1732 1855 1813 1882 enim
1842 1857 1927 1884 totus

1086 1902 1174 1937 Deus,
1201 1904 1324 1929 ettotus
1353 1902 1439 1929 homo
1468 1901 1534 1936 est),
1559 1908 1611 1927 nec
1640 1899 1829 1928 divinitatem
1856 1901 1924 1937 qui-

1086 1947 1153 1974 dem
1174 1954 1239 1973 cum
1265 1945 1401 1979 dicimus,
1425 1945 1469 1972 illi
1496 1953 1561 1980 qua
1587 1943 1765 1971 humanitati
1799 1945 1925 1981 propria

1085 1993 1166 2025 sunt,
1190 1990 1309 2018 nomina
1333 1990 1492 2017 tribuimus
1529 1990 1593 2026 (nec
1622 1989 1700 2017 enim
1727 1988 1922 2018 divinitatem

1086 2035 1215 2071 passioni
1240 2035 1408 2069 obnoxiam,
1425 2036 1477 2062 aut
1500 2037 1625 2062 creatam
1647 2032 1794 2069 dicimus),
1824 2041 1925 2070 neque

1086 2082 1187 2108 contra
1216 2080 1329 2115 quoties
1353 2088 1370 2107 θ.
1400 2078 1485 2107 nubi
1511 2077 1703 2105 humanitatis
1733 2078 1850 2106 mentio
1878 2079 1926 2113 ﬁt,

1084 2133 1149 2153 earn
1192 2124 1353 2152 divinitatis
1383 2123 1611 2159 proprietatibus
1641 2124 1820 2150 decoramus
1855 2124 1923 2160 (nec

1084 2171 1163 2198 enim
1178 2169 1393 2198 humanitatem
1406 2169 1565 2196 increatam
1577 2168 1729 2202 dicimus),
1740 2172 1768 2195 at
1784 2168 1810 2195 si
1829 2168 1923 2196 unius

1084 2216 1275 2252 hypostaseos
1304 2214 1412 2243 mentio
1430 2215 1490 2248 tiat,
1517 2221 1574 2241 non
1588 2213 1637 2248 ita,
1669 2213 1720 2240 sed
1738 2212 1873 2247 ingenue
1895 2217 1925 2241 et

1083 2264 1173 2289 Deum
1201 2261 1352 2293 duntaxat,
1371 2261 1400 2287 et
1415 2259 1566 2286 hominem
1582 2259 1737 2291 duntaxat,
1755 2260 1784 2285 et
1799 2260 1920 2286 utram-

1081 2314 1138 2341 que
1153 2305 1332 2340 conjunctim
1348 2304 1496 2331 Christum
1513 2303 1698 2331 conﬁtemur.
1715 2303 1827 2337 Atque,
1845 2311 1920 2338 que-

1081 2351 1271 2378 madmodum
1288 2352 1364 2377 Deus
1379 2349 1516 2381 Verbum,
1533 2350 1690 2382 antequam
1707 2347 1736 2374 in
1759 2355 1851 2375 cruce
1864 2356 1925 2383 pa-

1079 2397 1199 2428 teretur,
1230 2403 1347 2423 caruem
1370 2402 1456 2430 quam
1473 2393 1529 2421 sibi
1554 2392 1762 2428 conjunctione
1777 2394 1807 2419 et
1831 2400 1918 2420 com~

1080 2440 1218 2468 mistione
1243 2439 1384 2467 ineffabili
1401 2440 1602 2474 conjunxerat,
1618 2436 1794 2465 diti'erentiaa
1810 2445 1920 2472 exper-

1078 2487 1137 2513 tem
1154 2484 1342 2512 reddiderat:
1366 2484 1408 2511 ita
1431 2482 1663 2511 immortalitatis
1680 2489 1800 2518 quoque
1825 2483 1921 2518 parti-

1079 2530 1173 2565 cipem
1198 2529 1409 2557 resurrectione
1425 2537 1479 2556 sua
1503 2527 1640 2560 reddidit,
1673 2534 1769 2562 neque
1793 2527 1834 2554 ab
1867 2527 1922 2555 illa

1079 2583 1196 2610 quoque
1225 2574 1310 2602 modo
1326 2574 1479 2609 sejunctas
1507 2577 1559 2607 est,
1575 2580 1671 2608 neque
1697 2579 1834 2606 unquam
1871 2580 1921 2600 se-

1075 2619 1215 2655 jungetur
1230 2621 1347 2654 propter
1372 2626 1519 2646 summam
1543 2616 1624 2644 illam
1655 2616 1920 2651 conjunctioncm,

1079 2663 1262 2698 duplicisque
1309 2665 1419 2691 natura;
1463 2669 1647 2694 concursum,
1695 2660 1746 2696 qui
1791 2661 1920 2689 confudi

1078 2707 1159 2736 nullo
1197 2708 1283 2737 modo
1314 2708 1418 2745 possit.
1449 2708 1492 2736 Ita
1520 2707 1550 2734 in
1579 2713 1664 2735 cruce
1699 2705 1855 2742 pependit,
1890 2706 1925 2735 et
