4054 6388
215 387 364 447 1293

1549 389 1957 450 ΤΗΕΞΑΠΗῙ
2004 391 2147 450 LIB.
2198 392 2296 453 IV.

3469 401 3626 463 1294

207 537 380 576 carne
435 535 642 592 passus
675 524 797 576 est:
851 520 932 576 ita
985 537 1015 577 e
1048 527 1427 578 monumento
1479 523 1730 596 prodiit:
1782 522 1858 577 ita
1887 526 1942 592 Α
1973 523 2072 589 sit,
2107 529 2311 581 contra
2340 529 2496 582 certe
2529 543 2705 598 quam
2737 527 2954 586 Christi
3003 531 3177 586 verba
3209 531 3630 604 demonstrent,

202 611 403 682 januis
453 611 670 666 clausis
720 629 752 666 a
811 611 1118 684 discipulis
1167 613 1352 683 visus,
1405 616 1866 685 eorumdemque

209 701 406 771 digitis
439 704 831 756 contrectatus
876 706 1002 757 est:
1037 702 1118 758 ita
1175 703 1233 758 in
1265 702 1442 758 caelos
1477 702 1760 768 ascendit,
1811 706 1868 758 et

205 805 520 845 consessus
569 790 794 862 paterni
850 790 1069 847 honore
1100 797 1376 863 exceptus
1407 797 1534 849 est:
1589 793 1665 848 ita
1699 792 1864 848 deni-

205 896 318 952 que
375 897 608 936 rursum
667 885 1077 950 venturus,et
1134 883 1289 940 vivos
1349 900 1486 940 cum
1545 881 1866 939 incredulis

198 969 573 1040 judicaturus
603 975 710 1025 est.
764 972 1070 1038 Caeterum,
1102 988 1236 1028 cum
1280 973 1565 1028 Dominus
1616 975 1742 1044 ipse
1773 973 1866 1026 di-

205 1063 329 1114 cat:
365 1059 556 1114 Omnis
575 1075 702 1129 ergo
725 1060 821 1132 qui
839 1061 1188 1130 conﬁtebitur
1208 1079 1294 1117 me
1317 1078 1500 1118 coram
1522 1061 1865 1129 hominibus,

201 1149 499 1218 conﬁtebor
540 1157 592 1204 et
641 1165 737 1218 ego
786 1167 910 1206 eum
962 1167 1147 1206 coram
1196 1153 1362 1206 Patre
1407 1167 1561 1208 meo:
1615 1155 1714 1222 qui
1761 1169 1862 1206 au-

203 1242 312 1293 tem
363 1241 583 1306 negarit
638 1255 726 1294 me
780 1256 968 1295 coram
1015 1240 1352 1309 hominibus,
1412 1241 1622 1312 negabo
1669 1248 1724 1296 et
1771 1256 1863 1310 ego

199 1329 361 1384 illum
389 1344 578 1384 coram
608 1331 824 1398 angelis
855 1331 1039 1385 Patris
1071 1333 1199 1395 mei,
1236 1333 1332 1401 qui
1378 1332 1440 1386 in
1475 1332 1618 1387 caelis
1647 1338 1725 1386 est
1777 1331 1816 1364 “
1847 1345 1861 1397 ;

199 1418 340 1473 item
369 1433 383 1482 ;
417 1417 524 1484 Qui
550 1422 980 1490 perseveraverit
1027 1435 1205 1491 usque
1233 1422 1292 1475 in
1326 1421 1510 1490 ﬁnem,
1543 1422 1632 1475 hic
1680 1421 1864 1474 salvus

197 1509 305 1564 erit
337 1509 382 1544 ¹²
413 1525 426 1563 :
461 1509 559 1580 qui
602 1510 724 1565 fieri
764 1504 994 1582 potest,
1044 1516 1108 1565 ut
1141 1511 1420 1582 Sampsaai
1473 1526 1710 1583 peccare
1764 1526 1864 1565 ne-

200 1603 454 1672 gentur,
514 1617 648 1654 cum
724 1600 1152 1672 persecutionis
1233 1605 1495 1672 tempore
1573 1599 1864 1655 idolorum

200 1689 424 1745 cultum
481 1689 868 1759 permittunt?
922 1691 1187 1746 Mutuum
1221 1690 1377 1746 enim
1429 1689 1622 1745 cordis
1653 1693 1710 1744 et
1755 1688 1866 1744 lin-

199 1795 330 1851 gues
379 1794 730 1834 consensum
765 1794 893 1835 esse
944 1784 1192 1849 oportet,
1228 1783 1400 1849 atque
1445 1778 1591 1834 illud
1625 1778 1865 1850 quidem

198 1869 448 1925 interius
509 1869 784 1939 pietatem
835 1869 1148 1939 parturire,
1204 1868 1354 1923 hanc
1409 1884 1542 1923 vero

199 1975 399 2015 coram
431 1959 503 2014 iis
553 1958 829 2031 proliteri,
885 1958 985 2030 qui
1041 1958 1331 2013 diversam
1380 1974 1412 2011 a
1464 1957 1632 2012 nobis
1686 1958 1862 2012 {idem

197 2049 656 2120 amplectuntur,
694 2049 844 2119 quod
879 2052 1071 2102 autem
1109 2049 1203 2119 pio
1233 2047 1354 2102 viro
1388 2047 1472 2102 ita
1527 2045 1861 2101 faciendum

196 2139 299 2206 sit,
333 2140 506 2194 verba
557 2137 656 2193 illa
688 2155 815 2210 quis
850 2154 950 2209 per
1003 2137 1348 2209 prephetam
1405 2138 1555 2192 Deus
1601 2151 1862 2207 pronun-

192 2227 311 2283 tiat
363 2232 737 2283 attestantur.
797 2227 1042 2298 Populus
1096 2226 1187 2282 hic
1247 2225 1416 2281 labiis
1465 2241 1550 2281 me
1609 2226 1859 2292 honorat,

195 2333 294 2373 cor
350 2323 534 2374 autem
579 2335 768 2374 eorum
821 2319 981 2387 longe
1029 2323 1170 2372 esta
1229 2333 1314 2372 me
1372 2316 1438 2372 1³.
1496 2318 1566 2373 Et
1624 2317 1859 2386 Paulus,

195 2409 377 2463 corde
408 2408 640 2479 quidem
686 2407 860 2477 credi,
895 2424 992 2463 ore
1024 2417 1215 2464 autem
1270 2407 1699 2464 confessionem
1735 2405 1858 2461 ﬁeri

205 2502 417 2553 auctor
446 2503 552 2553 est.

276 2589 528 2659 Insuper
557 2604 688 2642 cum
739 2587 1026 2660 Spiritum
1060 2595 1326 2643 sanctum
1372 2586 1587 2642 Christi
1623 2587 1859 2642 fratrem

203 2677 537 2744 nominant,
598 2677 753 2732 haud
819 2677 994 2732 dubie
1043 2681 1364 2748 nugantur,
1415 2677 1864 2747 satanicumque

197 2767 575 2822 mendacium
635 2767 952 2838 proferunt.
989 2767 1220 2822 Fratres
1262 2767 1417 2821 enim
1471 2765 1649 2822 simili
1696 2783 1861 2837 pror-

195 2871 332 2911 sum
369 2856 542 2909 modo
595 2873 625 2910 a
679 2855 1021 2926 parentibus
1063 2855 1122 2910 in
1172 2871 1365 2910 rerum
1414 2859 1682 2911 naturam
1718 2872 1862 2928 pro-

195 2944 443 3000 cedunt.
479 2945 552 2998 At
599 2943 659 2998 in
693 2943 922 3000 Christo
973 2948 1030 2999 et
1054 2944 1273 3014 Spiritu
1319 2945 1757 3017 generationem
1807 2949 1865 3000 et.

192 3052 544 3108 processum
572 3053 604 3090 a
629 3035 794 3090 Patro
817 3035 1137 3093 didicimus
1159 3040 1217 3093 et
1241 3037 1652 3108 praedicamus.
1677 3039 1864 3108 Atque

185 3126 450 3199 Spiritus
501 3125 742 3196 quidem
794 3126 1133 3181 substantia
1179 3125 1341 3181 nullo
1403 3127 1573 3182 modo
1623 3142 1862 3182 mensu-

184 3217 402 3275 rabilis
435 3223 543 3284 est,
580 3220 643 3271 ut
674 3233 800 3288 quae
846 3217 1245 3274 dimensiones
1277 3235 1483 3274 omnes
1527 3223 1860 3292 exsuperet,

181 3313 474 3378 tanquam
493 3307 732 3361 materia
753 3307 1022 3377 quaedam
1039 3323 1167 3379 qure
1185 3309 1427 3363 materia
1446 3309 1751 3380 formaque
1773 3325 1862 3366 ca-

181 3405 336 3455 reat.
357 3397 626 3451 Christus
641 3399 832 3450 autem
847 3396 1008 3466 ,quia
1025 3412 1259 3452 carnem
1277 3398 1624 3468 assumpsit,
1651 3404 1866 3456 morta-

184 3491 437 3558 lemque
497 3487 742 3541 formam
803 3486 1004 3556 subiit,
1037 3485 1256 3542 idcirco
1308 3487 1432 3542 loco
1491 3487 1864 3544 circumscri-

188 3585 361 3652 ptus,
439 3592 662 3631 necnon
720 3576 869 3630 visui
921 3576 1218 3646 tactuique
1267 3576 1566 3648 expositus
1624 3581 1743 3647 est,
1790 3580 1860 3633 ad

185 3670 431 3740 justum
467 3665 718 3737 denique
749 3664 934 3720 atatis
977 3665 1293 3720 terminum
1333 3665 1632 3736 pervenit:
1665 3669 1744 3722 ita
1776 3671 1862 3722 ta-

191 3773 342 3815 men
377 3763 438 3811 ut
467 3771 580 3811 non
615 3755 887 3811 omnibus
921 3754 1155 3826 punctis
1189 3755 1614 3812 extenderetur.

265 3845 578 3914 Quomodo
611 3845 767 3901 enim
800 3845 858 3900 in
901 3861 1071 3900 cruce
1105 3849 1374 3900 mortuus
1431 3849 1532 3900 aut
1563 3845 1622 3900 in
1656 3862 1868 3902 monu-

178 3941 420 4005 mento,
477 3934 630 4004 quod
684 3933 794 3990 sibi
845 3934 958 4005 ipsi
1007 3934 1301 4006 Josephus
1354 3933 1548 4006 lapide
1600 3943 1865 3991 constru-

174 4034 379 4096 xerat,
416 4023 686 4095 sepultus
719 4024 948 4093 fuisset,
982 4024 1032 4080 si
1057 4025 1125 4079 ad
1155 4023 1383 4095 jugeris
1415 4028 1470 4080 et
1501 4024 1674 4080 stadii
1701 4040 1862 4080 men-

179 4131 401 4174 suram
448 4113 810 4180 accrevisset,
863 4119 1033 4183 atque
1064 4114 1133 4168 ad
1182 4113 1528 4169 immensam
1566 4114 1682 4170 fere
1732 4114 1862 4170 lon-

175 4206 557 4280 gitudinem,
590 4210 644 4259 et
685 4203 1115 4274 longitudinem
1150 4201 1446 4258 latitudini
1502 4205 1863 4276 responden-

179 4306 313 4356 tem
354 4298 673 4366 protensus
707 4292 932 4348 fuisset.

265 4385 428 4451 Quia
469 4399 604 4439 vero
652 4382 809 4453 ipsas
859 4399 1089 4454 quoque
1138 4382 1412 4438 mulieres
1453 4383 1656 4455 gentili
1707 4399 1868 4441 more

187 4479 458 4534 deorum
484 4487 728 4527 numero
753 4472 1188 4542 adscribebant,
1219 4471 1632 4544 pulveremque
1656 4474 1868 4545 pedum

182 4581 410 4626 earum
447 4570 502 4617 et
545 4559 787 4618 salivam
821 4566 1108 4633 tanquam
1141 4562 1464 4618 salutarem
1492 4563 1865 4634 expetebant,

1976 614 2191 685 quibus
2219 615 2295 670 ita
2313 616 2630 673 exclamat:
2663 620 2742 674 Vae
2761 622 2929 689 vobis,
2955 622 3232 680 Pharisaei
3257 623 3559 694 hypocritae
3581 624 3632 679 ις

1977 704 2193 774 quibus
2243 707 2434 762 verbis
2495 708 2783 778 ingratam
2831 725 2959 767 esse
2995 713 3109 768 Deo
3159 712 3494 785 hypocrisin
3546 715 3639 772 in-

1977 794 2153 850 dicat.

2603 910 2757 962 CAP.
2791 907 2991 964 XXVI.

2157 1009 2417 1067 Vicesima
2452 1017 2608 1068 sexta
2638 1013 2884 1080 haeresis,
2921 1017 3440 1073 Theodotz‘anorum.

2562 1087 2629 1139 Ili
2660 1087 3035 1157 buptizantur.

2045 1189 2358 1261 Byzantius
2390 1191 2645 1262 quidam,
2682 1195 2916 1250 nomine
2948 1195 3304 1263 Theodotus,
3346 1201 3468 1253 arte
3501 1199 3634 1270 qui-

1975 1276 2106 1332 dem
2152 1279 2454 1349 coriarius,
2515 1285 2572 1336 at
2617 1282 2948 1338 Graecorum
2999 1283 3344 1356 disciplinas
3396 1288 3468 1342 ad
3520 1304 3634 1344 un»

1973 1381 2145 1437 gucm
2188 1368 2409 1423 callens
2443 1369 2535 1425 his
2569 1388 2780 1427 nomen
2832 1372 3134 1444 imposuit,
3171 1375 3268 1446 qui
3318 1375 3631 1446 cujusdam

1975 1457 2398 1526 persecutionis
2457 1461 2718 1530 tempore
2769 1462 3102 1518 carceribus
3147 1464 3415 1519 detentus
3467 1465 3634 1521 Chri-

1975 1552 2130 1598 stum
2162 1545 2490 1616 abnegavit.
2521 1549 2646 1613 Qua
2678 1549 2748 1604 de
2773 1566 2944 1604 causa
2975 1567 3107 1606 cum
3140 1553 3462 1608 multorum
3496 1570 3634 1610 con-

1974 1632 2138 1687 viciis
2190 1642 2244 1689 et
2300 1637 2630 1707 opprobriis
2679 1637 3085 1706 lacesseretur,
3137 1640 3272 1696 inde
3321 1642 3636 1713 aufugiens

1975 1725 2220 1778 Romam
2258 1725 2550 1794 proiectus
2583 1729 2690 1793 est,
2725 1727 2826 1782 ubi
2868 1744 2998 1783 cum
3046 1729 3224 1784 etiam
3271 1729 3633 1800 innotuisset,

1978 1829 2083 1867 nec
2143 1812 2470 1870 minoribus
2533 1817 2864 1887 opprobriis
2912 1822 3306 1890 appeteretur,
3337 1818 3636 1876 Christum

2379 1868 2464 1870 γη
2543 1868 2588 1887 η
2691 1868 2706 1870 _
2733 1868 2860 1872 μη
2913 1868 3306 1890 ,Ἥρω---η
3343 1868 3635 1876 _--_---_._

1596 1868 1861 1981 {ait}???
1894 1902 1941 1964 Β
1975 1903 2200 1957 nudum
2235 1911 2285 1958 et
2321 1902 2650 1974 simplicem
2673 1905 2975 1961 hominem
2999 1923 3128 1963 esse
3157 1909 3415 1979 proﬁteri
3438 1910 3635 1981 erepit,

1975 1991 2178 2061 utique
2210 1997 2273 2046 ut
2327 2009 2601 2049 excusare
2633 1995 2848 2050 factum
2895 2013 3067 2052 suum
3100 2002 3317 2066 posset,
3371 1999 3469 2068 qui
3528 1998 3634 2053 ho-

1974 2079 2218 2148 minem,
2257 2098 2371 2137 non
2406 2083 2610 2152 Deum,
2641 2085 3032 2156 abnegasset:
3068 2087 3294 2157 hacque
3326 2089 3470 2142 adeo
3501 2105 3636 2160 apo-

1970 2166 2126 2239 logia
2183 2171 2481 2225 utebatur.
2517 2171 2662 2225 Nam
2719 2173 2809 2227 vel
2866 2172 2992 2244 ipse
3045 2173 3311 2230 Christus
3361 2176 3632 2242 dicebat,

1971 2258 2124 2312 Nunc
2171 2266 2357 2313 autem
2409 2276 2493 2314 me
2545 2262 2801 2332 qumritis
2851 2262 3158 2332 interﬁcere
3216 2264 3492 2319 hominen:
3541 2268 3637 2336 qui

1971 2348 2255 2402 veritatem
2300 2348 2512 2403 loculus
2558 2366 2681 2404 sum
2729 2350 2879 2404 vobis
2940 2352 3002 2405 ³⁸.
3037 2352 3202 2420 Item,
3251 2353 3314 2409 Si
3341 2355 3465 2425 qui:
3509 2370 3634 2410 ver-

1971 2434 2099 2490 bum
2130 2440 2320 2492 contra
2351 2439 2554 2494 Filium
2581 2439 2824 2494 hominis
2854 2438 3088 2509 dixerit,
3121 2441 3440 2498 remittetur
3483 2444 3537 2499 ei
3569 2443 3640 2519 ιδ,

1969 2530 2216 2598 Insuper
2261 2527 2512 2599 apostoli
2558 2546 2791 2600 quoque
2839 2529 3130 2599 dicebant,
3181 2532 3368 2588 Virum
3401 2532 3496 2604 qui
3546 2533 3640 2588 in-

1972 2623 2056 2671 ter
2087 2632 2176 2672 vos
2205 2616 2386 2686 signis
2416 2622 2469 2673 et
2496 2618 2778 2690 prodigiis
2810 2621 3075 2676 inclaruit
3101 2620 3168 2678 ‘7.

2295 2736 2572 2792 Hmrescos
2599 2737 2956 2808 praecedentis
2986 2740 3308 2810 confatalia.

2043 2854 2104 2910 Si
2151 2853 2415 2909 Christus
2461 2853 2635 2910 homo
2687 2855 2884 2911 nudus
2928 2854 3292 2930 simplexque
3340 2856 3438 2926 sit,
3490 2859 3632 2917 ado-

1970 2948 2193 3000 ratorcs
2225 2943 2482 3000 hominis
2516 2943 2673 3000 haud
2707 2945 2882 3001 dubie
2912 2962 3162 3014 sumus;
3213 2947 3367 3017 quod
3419 2947 3470 3002 si
3517 2947 3631 3003 ho-

1972 3033 2192 3089 minem
2249 3034 2579 3099 adoremus,
2617 3035 2785 3106 pejus
2838 3051 3016 3106 quam
3055 3038 3228 3092 antea
3279 3036 3625 3108 deliramus,

1973 3123 2022 3178 si
2079 3122 2286 3179 saltem
2345 3123 2488 3180 olim
2551 3123 2787 3194 quidem
2847 3141 2962 3196 prae
3025 3125 3356 3198 ignorantia
3407 3127 3631 3184 cultum

1975 3212 2240 3269 divinum
2301 3211 2610 3270 elementis
2669 3214 3112 3286 exhibebamus,
3172 3233 3298 3288 quas
3348 3217 3634 3275 hactenus

1980 3305 2182 3360 eodem
2219 3320 2280 3360 se
2314 3305 2486 3360 modo
2519 3303 2874 3376 habuerunt,
2911 3322 3064 3362 nunc
3117 3323 3250 3363 vero
3281 3307 3417 3363 data
3464 3324 3640 3380 opera

1981 3397 2038 3450 et
2069 3393 2239 3449 nobis
2271 3394 2492 3450 conscii
2529 3394 2586 3450 in
2637 3394 2896 3462 homine,
2947 3396 3047 3468 qui
3079 3413 3311 3453 servare
3342 3415 3456 3453 non
3506 3414 3641 3470 pos-

1981 3482 2105 3548 sit,
2166 3500 2301 3554 spes
2359 3488 2592 3540 nostras
2659 3484 3002 3557 reponimus
3039 3529 3053 3544 .
3114 3488 3302 3559 Atque
3360 3487 3641 3545 Christia-

1981 3572 2214 3628 nismus
2248 3573 2303 3627 in
2340 3579 2639 3645 posterum
2666 3574 2977 3630 manifesto
3010 3580 3354 3632 cunctorum
3386 3577 3642 3634 ludibrio

1981 3666 2304 3734 exponetur
2361 3679 2478 3717 una
2537 3679 2670 3718 cum
2721 3663 3154 3720 narrationibus
3213 3664 3332 3720 illis
3387 3665 3590 3722 multis
3623 3709 3638 3738 ,

1980 3751 2186 3814 miris,‘
2248 3749 2489 3806 omnino
2551 3751 2764 3808 divinis
2820 3769 2944 3823 qua:
3004 3754 3074 3810 de
3130 3753 3254 3824 ipso
3327 3753 3636 3811 circumfe-

1979 3845 2210 3896 runtur.

2049 3934 2166 3986 Nec
2222 3933 2417 3986 tamen
2477 3929 2715 3987 interim
2771 3933 2964 3988 nudus
3025 3933 3200 3990 homo
3259 3937 3316 3988 et
3386 3934 3636 4009 simplex

1979 4020 2248 4076 Christus
2292 4025 2401 4087 est,
2457 4022 2559 4077 sed
2614 4021 2716 4076 Dei
2775 4021 2981 4093 Filius,
3040 4030 3095 4078 et
3149 4024 3352 4080 Sermo
3411 4042 3512 4096 per
3570 4042 3634 4084 se

1980 4111 2354 4179 subsistens,
2409 4110 2510 4181 qui
2562 4127 2818 4167 massam
2867 4116 3130 4168 nostram
3181 4114 3528 4186 assumpsit,
3579 4119 3637 4172 et

1980 4215 2111 4257 cum
2169 4200 2512 4255 hominibus
2553 4199 2611 4254 in
2658 4217 2891 4270 corpore
2939 4206 3318 4258 conversatus
3347 4211 3455 4259 est.
3515 4207 3636 4261 Ca-

1981 4295 2169 4346 terqu
2222 4289 2512 4357 Christus,
2547 4290 2647 4360 qui
2699 4295 2983 4361 tanquam
3014 4307 3076 4347 ex
3135 4292 3355 4364 duplici
3402 4299 3634 4363 natura,

1981 4395 2096 4434 non
2145 4381 2338 4433 autem
2389 4379 2690 4450 hypostasi
2740 4379 3122 4451 compositus,
3174 4381 3297 4436 hinc
3340 4383 3402 4437 in
3447 4383 3637 4439 Evan-

1980 4467 2148 4540 geliis
2182 4467 2302 4521 ait:
2354 4468 2510 4522 Nunc
2538 4473 2730 4522 autem
2781 4470 3035 4539 quaeritis
3063 4486 3152 4526 me
3179 4469 3506 4541 interﬁcere,
3539 4472 3639 4529 ho-

1980 4557 2190 4612 minem
2239 4559 2335 4627 qui
2392 4559 2688 4612 veritatcm
2722 4557 2935 4614 locutus
2973 4575 3097 4615 sum
3147 4561 3301 4616 vobis
3336 4561 3398 4615 ί⁸.
3445 4563 3634 4618 Item:

181 4655 366 4730 digni
403 4655 565 4718 sunt,
601 4652 703 4723 qui
735 4654 1111 4724 reapuantur,
1154 4655 1329 4723 atque
1357 4651 1536 4722 hujus
1571 4651 1788 4708 erroris
1809 4655 1866 4708 et
1900 4639 1942 4702 D
1977 4648 2150 4703 Filius
2190 4646 2408 4718 quidem
2466 4648 2730 4718 hominis,
2791 4648 3088 4704 secundum
3145 4650 3287 4720 quod
3343 4649 3635 4720 deﬁnitum

179 4745 556 4819 impostura
591 4742 826 4797 nomine
868 4741 1132 4796 omnium
1169 4741 1422 4796 maxime
1467 4741 1695 4796 ridiculi
1731 4758 1869 4798 cen-

183 4835 771 4903 seantur,tanquam
804 4831 1104 4887 cerebrum
1138 4831 1196 4885 in
1233 4829 1520 4886 calcaneis
1552 4837 1869 4902 gestantes,

186 4934 250 4986 et
284 4925 456 4984 circa
485 4921 585 4976 illa
635 4921 927 4992 occupati,
960 4937 1326 4992 quaecunque
1369 4937 1609 4992 serpens
1641 4921 1737 4976 ille
1770 4922 1870 4976 de-

183 5023 440 5091 sputor,
473 5016 530 5066 et
561 5010 659 5080 qui
708 5009 999 5066 virulenta
1039 5026 1178 5064 voce
1209 5011 1381 5064 Evam
1444 5011 1709 5082 appetiit,
1742 5015 1872 5065 tan-

185 5111 469 5174 demque
496 5101 917 5157 condcmnatus
950 5103 1054 5168 est,
1090 5104 1155 5154 ut
1201 5114 1381 5171 super
1411 5104 1614 5170 pectus
1649 5105 1706 5154 et
1735 5117 1872 5156 ven-

182 5206 353 5256 trem
392 5195 643 5264 reperet,
697 5195 983 5262 terrasque
1029 5190 1266 5263 pulvere
1315 5195 1668 5260 vescere-tur,
1719 5191 1871 5247 anti-

187 5307 322 5364 qua
376 5282 672 5355 hypocrisi
724 5299 832 5337 sua
880 5281 1033 5336 inter
1081 5281 1188 5337 hos
1234 5297 1466 5354 quoque
1511 5280 1872 5336 introduxit:

189 5393 390 5453 quam
456 5372 689 5443 quidem
750 5373 1084 5445 hypocrisin
1132 5372 1353 5428 honore
1407 5373 1583 5428 etiam
1637 5373 1875 5443 dignam

192 5464 368 5542 apud
409 5475 473 5516 se
522 5465 815 5532 reputant,
851 5465 916 5517 ut
946 5479 1072 5532 quae
1106 5459 1266 5516 nulla
1294 5477 1535 5533 prorsus
1566 5461 1624 5516 in
1658 5460 1879 5516 ollensa

1983 4743 2080 4801 est,
2131 4735 2322 4798 vadit;
2369 4741 2742 4792 verumtamen
2791 4751 2878 4793 v3
2928 4737 3142 4792 homini
3195 4737 3288 4792 illi
3333 4753 3432 4805 per
3477 4754 3640 4810 quem

1985 4827 2235 4882 tradetur
2282 4825 2348 4883 ιθ.
2407 4827 2701 4895 Christus,
2759 4827 3026 4897 inquam,
3059 4827 3141 4882 ita
3190 4827 3252 4883 in
3309 4829 3641 4900 Evangeliis

1986 4919 2176 4973 dicere
2209 4916 2701 4988 deprehenditur:
2738 4922 2914 4972 Pater
2937 4917 3186 4988 clari/ica
3217 4918 3426 4974 Filium
3455 4923 3638 4988 tuum,

1981 5011 2047 5064 ut
2083 5018 2138 5062 et
2167 5007 2342 5063 Filius
2385 5013 2509 5062 tuus
2535 5006 2808 5075 clariﬁcet
2849 5010 2900 5060 te
2939 5007 3004 5062 ³ο.
3043 5009 3180 5062 Item
3205 5024 3224 5062 :
3253 5007 3511 5079 Clariﬁca
3555 5025 3644 5065 mc

1984 5097 2286 5161 claritate,
2347 5112 2513 5166 quam
2572 5094 2750 5150 habui
2796 5094 2956 5165 prius
3009 5113 3173 5166 quam
3221 5098 3464 5153 mundus
3506 5101 3643 5154 esset

1985 5187 2139 5258 apud
2168 5190 2221 5242 te
2252 5186 2322 5238 ²¹.
2372 5187 2555 5240 Item:
2611 5186 2720 5253 Qui
2757 5185 2898 5240 videt
2940 5201 3049 5255 me,
3097 5186 3247 5242 videt
3294 5195 3346 5242 et
3392 5190 3638 5244 Patrem.

1986 5277 2128 5333 Item
2159 5292 2172 5330 :
2224 5279 2333 5343 Ego
2364 5273 2424 5328 in
2459 5276 2642 5343 Patre,
2675 5280 2725 5329 et
2757 5275 2947 5339 Pater,
2975 5276 3033 5329 in
3081 5292 3167 5332 me
3192 5275 3254 5331 ε’.
3291 5276 3396 5332 Illa
3427 5279 3498 5332 ad
3533 5276 3644 5332 hu-

1988 5365 2354 5433 manitatem,
2418 5361 2539 5416 haec
2608 5362 2680 5417 sd
2737 5363 3104 5418 divinitatem
3160 5365 3464 5420 referenda
3507 5369 3647 5420 sunt

1991 5452 2466 5528 quandoquidem
2517 5451 2733 5524 duplex
2785 5459 2946 5524 erat,
2997 5454 3220 5509 ratione
3251 5469 3488 5525 quoque
3535 5453 3646 5509 du-

277 5593 325 5631 “
365 5588 582 5647 Matth.
615 5605 672 5658 x,
703 5591 794 5656 32,
848 5589 938 5646 33.
1017 5589 1060 5624 ¹²
1100 5588 1334 5658 Matth.,
1373 5605 1524 5658 xxiv,
1589 5590 1676 5646 13.
1758 5587 1803 5625 ¹³
1861 5589 1863 5594 “

1986 5627 2003 5658 ε
2043 5599 2216 5658 _xxtx,
2251 5579 2339 5636 13.
2400 5579 2735 5658 Matth1xv.
2796 5580 2883 5635 l3.
2965 5581 3271 5658 'f‘Matth.
3329 5597 3493 5652 xxm,
3557 5582 3644 5658 14.

192 5668 244 5708 1⁸
298 5651 791 5736 Joansvint'ht),
835 5662 888 5736 1°
918 5665 1056 5736 Luc.
1088 5678 1188 5736 ιιι,
1226 5651 1331 5718 1οξ
1397 5662 1437 5698 ¹⁷
1467 5651 1660 5720 Actor.
1695 5677 1758 5732 ιι,
1793 5659 1862 5717 99

1984 5656 2009 5691 ⁸
2034 5656 2203 5715 Joan.
2246 5668 2369 5722 vm,
2403 5652 2494 5709 40.
2573 5652 2618 5691 ¹⁰
2647 5652 2786 5711 Luc.
2818 5669 2960 5727 XXII,
2982 5653 3054 5708 22
3127 5651 3174 5690 ²⁰
3219 5653 3386 5712 Joan.
3418 5651 3556 5725 XVII,
3593 5655 3646 5712 1.

182 5742 232 5780 ιι
273 5733 442 5794 Ibid.
477 5734 531 5791 5.
564 5732 614 5767 η
645 5732 798 5789 Ibid.
829 5731 887 5807 9,
923 5733 1009 5790 to.
