4054 6388
406 364 435 423 1
446 364 563 425 295

1724 351 2044 416 ΝΙΟΕΤΕ
2085 349 2508 417 ΟΗΟΝΙΑΤΔΕ

3680 346 3838 410 1296

405 498 575 571 plicis
607 499 830 552 natura
859 495 1036 552 homo
1068 493 1261 551 solum
1311 491 1543 559 dicitur,
1576 493 1634 546 et
1683 488 1865 545 Filius
1915 488 2057 556 Dei;
2090 488 2144 555 Α
2174 490 2757 548 tiunt.Noetusenim
2773 486 3263 561 patriaEphesius
3283 483 3838 543 unumeteumdem

408 589 575 657 item,
608 587 866 643 Verbum
897 585 1022 651 Dei,
1054 588 1110 639 et
1141 582 1428 640 Dominus
1459 581 1675 653 gloriae.

480 680 757 734 Caeterum
814 675 933 730 hac
964 674 1159 742 verba,
1207 674 1318 741 Qui
1345 671 1554 727 dixerit
1599 670 1826 726 verbum
1871 671 2061 723 contra

406 768 617 825 Filium
647 767 910 836 hominis,
929 764 1239 820 remittetur
1259 763 1315 818 ei
1338 780 1351 830 ;
1378 760 1780 832 blasphemanti
1800 763 1982 815 autem
1999 757 2061 812 in

411 857 683 930 Spiritum
720 858 975 912 sanctum
995 870 1102 910 non
1127 854 1443 909 remittetur
1461 866 1638 922 neque
1659 851 1716 906 in
1740 855 1837 905 liae
1860 847 2063 905 saeculo

408 963 584 1020 neque
609 948 669 1002 in
696 951 888 1018 futuro
921 945 987 1014 ³³,
1021 944 1105 1000 sic
1138 941 1484 1014 accipienda
1514 943 1673 997 sunt.
1707 937 1983 994 Pharisaei
2005 939 2063 992 et

407 1038 623 1096 Scribae
653 1052 786 1092 cum
820 1034 1113 1107 stupenda
1155 1031 1365 1089 Christi
1412 1028 1697 1086 miracula
1730 1043 1927 1084 coram
1971 1026 2061 1082 in-

406 1131 737 1194 tuerentur,
763 1141 897 1181 cum
920 1124 1021 1180 illa
1042 1123 1143 1179 Dei
1167 1122 1445 1195 operibus
1472 1134 1799 1187 accensere,
1828 1118 1885 1172 in
1907 1132 2065 1173 eum-

412 1233 526 1289 que
557 1216 787 1272 credere
822 1213 1190 1284 debuissent,
1224 1229 1258 1266 a
1298 1228 1411 1283 quo
1442 1210 1678 1278 ﬂebant,
1712 1207 1930 1264 invidia
1960 1222 2060 1279 po-

405 1307 525 1362 tius
558 1305 704 1362 moti
727 1320 861 1360 eum
895 1304 956 1360 in
987 1301 1328 1358 Beelzebule
1350 1299 1615 1373 principe
1644 1296 2062 1354 daemoniorum

407 1394 595 1451 malos
627 1394 874 1466 spiritus
915 1392 1124 1464 ejicere
1156 1389 1446 1446 dicebant.
1502 1389 1630 1461 Ipse
1662 1402 1797 1444 vero
1826 1385 2063 1441 illorum

408 1484 762 1541 dementiam
825 1482 915 1539 his
948 1482 1123 1539 dictis
1182 1478 1532 1553 parabolicis
1564 1477 1730 1549 prius
1784 1491 2061 1548 arguens,

406 1579 577 1631 Nemo
593 1580 772 1647 potest
802 1589 931 1629 vasa
962 1572 1128 1644 fortis
1156 1570 1438 1639 ingressus
1465 1570 1521 1623 in
1544 1567 1769 1624 domum
1799 1566 2064 1636 diripere,

406 1665 520 1720 nisi
545 1666 705 1736 prius
732 1666 941 1735 fortem
971 1661 1168 1732 alliget
1196 1659 1264 1731 εδ,
1293 1660 1509 1732 quibus
1540 1674 1613 1713 ne
1644 1657 1908 1729 seipsum
1943 1655 2067 1726 qui-

408 1758 542 1812 dem
562 1756 857 1811 daemones
876 1754 1401 1825 increpaturum,et
1424 1749 1765 1822 corporibus
1783 1745 2063 1804 humanis

407 1846 731 1917 ejecturum
762 1843 946 1900 fuisse
994 1841 1306 1914 signiﬁcat,
1340 1840 1454 1897 nisi
1487 1844 1696 1897 tortem
1742 1838 1905 1912 prius
1929 1839 2065 1893 vin-

406 1935 609 2003 xisset,
631 1933 916 1989 nimirum
947 1931 1371 1988 daemoniorum
1401 1930 1729 2004 principem
1754 1927 2066 1985 Beelzebu-

408 2024 525 2080 lem
554 2039 567 2080 :
597 2023 656 2078 in
690 2039 866 2096 quem
900 2021 1188 2079 daemonia
1211 2020 1420 2094 ejicere
1450 2038 1485 2077 a
1513 2019 1890 2094 sycophantis
1922 2018 2071 2074 diee-

414 2113 627 2178 batur;
655 2115 853 2184 postea
899 2109 1245 2183 subjungit:
1280 2111 1347 2166 Ei
1375 2109 1470 2182 qui
1509 2110 1569 2165 in
1619 2108 1897 2181 Spiritum
1936 2121 2069 2162 san-

416 2208 568 2260 ctum
598 2203 1077 2276 blasphemaverit,
1106 2218 1220 2257 non
1253 2202 1543 2258 remissum
1573 2198 1690 2263 iri;
1720 2199 1771 2256 ei
1817 2213 1943 2255 vero
1971 2195 2072 2269 qui

422 2292 484 2347 in
515 2293 720 2349 Filium
753 2290 1235 2363 blaSphemaverit,
1255 2288 1553 2346 remissum
1583 2289 1660 2344 iri
1687 2287 1752 2342 ’3.
1774 2287 1919 2343 Nam
1940 2301 2071 2344 cum

422 2390 573 2439 esset
603 2382 827 2438 ratione
857 2380 1047 2437 carnis
1079 2385 1394 2451 assumpta:
1427 2378 1809 2451 compositus,
1843 2379 2068 2435 carnis-

411 2482 532 2545 ‘que
563 2477 844 2545 tanquam
874 2471 1005 2540 veli,
1038 2473 1103 2526 ut
1132 2470 1214 2527 ita
1244 2470 1457 2541 dicam,
1488 2468 1838 2525 intermedio
1869 2467 2069 2525 nobis-

415 2581 547 2620 cum
579 2568 935 2633 versaretur,
958 2579 1023 2618 eo
1048 2561 1223 2617 fiebat
1253 2564 1317 2617 ut
1350 2576 1507 2618 nunc
1532 2559 1768 2633 quidem
1791 2559 2069 2632 lacryma-

415 2657 524 2722 ret,
587 2653 864 2709 Lazarum
900 2669 932 2707 a
989 2652 1242 2708 mortuis
1272 2652 1653 2718 excitaturus,
1716 2666 1873 2706 nunc
1929 2666 2067 2707 vero

411 2759 587 2814 super
616 2758 774 2799 mare
796 2740 1145 2809 ambularet,
1169 2739 1478 2797 mulierem
1512 2739 1797 2813 proﬂuvio
1820 2739 2067 2813 sangui-

408 2832 505 2888 nis
554 2831 914 2889 laborantem
966 2834 1238 2888 sanaret:
1290 2831 1545 2902 denique
1591 2829 1827 2887 vitalem
1879 2830 2068 2887 arefa-

409 2926 516 2979 ctee
546 2922 750 2979 manui
782 2930 1007 2979 motum
1056 2921 1410 2979 restitueret.
1445 2921 1693 2978 Proinde
1722 2936 1829 2993 par
1857 2924 1968 2989 est,
2002 2924 2068 2978 ut

408 3012 510 3087 qui
539 3018 788 3086 utraque
817 3017 1088 3082 cernunt,
1118 3018 1178 3070 et
1208 3029 1333 3085 que
1364 3012 1435 3067 ad
1480 3015 1755 3069 naturam
1806 3010 2063 3068 divinam

405 3102 612 3161 aﬂeeta
640 3106 892 3173 erant,et
911 3119 1043 3175 quae
1071 3101 1260 3159 abillo
1285 3102 1505 3158 fiebant
1534 3099 2066 3170 humanitus,nuno

407 3193 648 3263 quidem
680 3192 755 3250 ad
782 3209 851 3249 ea
881 3210 1009 3263 quae
1032 3191 1272 3249 meliora
1303 3196 1445 3247 sunt
1475 3190 1824 3262 excitentur,
1856 3190 2066 3247 Deum-

2172 598 2300 637 esse
2321 598 2437 638 non
2469 581 2598 637 sine
2622 579 2989 653 blasphemia
3009 577 3425 645 contendebat,
3454 574 3554 647 qui
3583 575 3841 641 Pater,et

2170 671 2373 740 Filius,
2398 676 2456 727 et
2485 671 2739 744 Spiritus
2770 673 3013 727 sanctus
3044 667 3281 733 dicitur,
3314 669 3673 736 Patremque
3707 680 3840 736 pas-

2171 776 2305 817 sum
2338 776 2600 819 asserere
2631 760 2905 817 audebat.
2931 758 3113 829 Cujus
3133 754 3516 828 blasphemiae
3540 770 3681 827 ergo
3702 770 3842 825 quo-

2169 851 2280 908 ties
2312 852 2404 923 obj
2416 851 2758 925 urgabatur,
2774 847 2925 906 nihil
2957 864 3023 906 se
3043 847 3179 904 mali
3201 847 3574 903 committere
3595 860 3841 915 respon-

2169 944 2361 1014 debat,
2395 942 2535 1014 quia
2555 957 2738 998 unum
2764 941 2951 998 Deum
2973 941 3237 1007 noverat,
3264 938 3368 1011 qui
3390 941 3841 1011 natus,passus,

2170 1037 2229 1090 et
2258 1036 2526 1090 mortuus
2569 1034 2747 1088 esset.
2782 1029 2984 1103 Inquit
3012 1028 3193 1101 enim,
3228 1028 3464 1085 dicebat
3494 1027 3619 1097 ille,
3684 1027 3841 1083 Deus

2171 1122 2246 1180 ad
2275 1122 2539 1179 Mosam:
2581 1126 2695 1191 Ego
2745 1122 2886 1179 Deus
2939 1120 3180 1192 primus,
3237 1120 3361 1188 Ego
3411 1122 3464 1175 et
3519 1125 3713 1190 postea
3771 1115 3840 1174 ³⁷.

2173 1212 2338 1283 Item,
2369 1213 2488 1268 Non
2529 1210 2758 1267 habebis
2796 1210 2922 1267 deos
2950 1210 3164 1267 alieno:
3194 1207 3264 1265 9'.
3300 1207 3557 1264 Proinde
3588 1207 3642 1263 si
3668 1206 3841 1264 Chri-

2172 1306 2302 1358 stus
2320 1300 2378 1356 in
2401 1302 2687 1358 mundum
2702 1299 2944 1356 veniens
2967 1302 3144 1356 natus
3164 1301 3277 1365 est,
3300 1296 3455 1354 idem
3476 1314 3732 1370 prorsus
3759 1300 3849 1354 est

2170 1397 2361 1459 Pater,
2374 1392 2530 1449 idem
2549 1391 2755 1460 Filius,
2769 1391 2921 1447 idem
2945 1390 3200 1461 denique
3217 1393 3369 1445 Deus
3384 1388 3679 1461 unus,qui
3700 1405 3847 1445 sem-

2173 1498 2275 1552 per
2305 1487 2413 1551 est,
2445 1485 2503 1538 et
2534 1497 2692 1538 nunc
2720 1480 2895 1538 venit.
2919 1482 2982 1536 In
3018 1481 3300 1536 haereseos
3329 1482 3528 1535 autem
3560 1495 3688 1535 suae
3711 1496 3847 1535 con-

2173 1571 2566 1629 ﬁrmationem
2600 1571 2785 1628 sacris
2807 1587 2838 1626 e
2866 1570 3100 1627 Litteris
3117 1571 3551 1642 depromptum,
3570 1568 3701 1626 haec
3720 1586 3848 1642 pro-

2172 1661 2405 1733 phetica
2451 1663 2791 1733 detorquere
2821 1661 3146 1718 conabatur
3170 1676 3183 1714 :
3224 1661 3323 1715 Hic
3351 1663 3431 1716 est
3460 1661 3608 1715 Deus
3632 1663 3847 1731 noster,

2173 1758 2225 1810 et
2257 1769 2370 1810 non
2397 1754 2775 1811 wstimabitur
2801 1753 2974 1822 alius,
3004 1751 3266 1808 adversus
3292 1766 3439 1808 eum.
3475 1751 3580 1807 Hie
3613 1752 3848 1809 adiuue-

2094 1882 2145 1949 Β
2172 1843 2257 1899 nit
2303 1859 2519 1900 omnem
2565 1844 2718 1899 viam
2759 1841 3096 1915 disciplinae,
3125 1842 3349 1914 posthac
3389 1841 3449 1897 in
3480 1844 3651 1898 terris
3697 1845 3849 1899 visus

2175 1936 2272 2003 est,
2331 1941 2386 1989 et
2433 1948 2559 1989 cum
2608 1932 2919 1990 hominibus
2970 1934 3321 1988 conversatus
3355 1936 3457 1988 est.
3492 1933 3668 2000 Item,
3730 1934 3851 1990 Non

2173 2030 2251 2080 est
2280 2024 2420 2080 Deus
2469 2031 2682 2095 praeter
2709 2025 2763 2077 te
2793 2020 2859 2078 2°.
2891 2021 3037 2078 Cum
3095 2036 3233 2092 ergo
3290 2018 3527 2089 ἀνόητος
3554 2020 3680 2091 hic,
3737 2022 3851 2079 hoc

2174 2117 2266 2170 est
2279 2108 2476 2170 mente
2497 2116 2729 2184 captus,
2747 2110 2967 2168 Noetus
2984 2110 3400 2181 hujuscemodi
3417 2110 3705 2184 dogmata
3730 2112 3852 2169 dis-

2175 2204 2517 2275 seminaret,
2540 2204 2601 2260 in
2624 2206 2945 2260 extremam
2967 2201 3205 2258 tandem
3232 2201 3673 2258 absurditatem
3704 2201 3851 2259 inci-

2175 2294 2283 2366 dit,
2335 2294 2478 2351 adeo
2529 2297 2592 2351 ut
2628 2292 2894 2366 seipsum
2949 2291 3197 2359 Mosam,
3249 2290 3617 2365 fratremque
3668 2308 3847 2350 suum

2173 2388 2463 2441 Aaronem
2495 2383 2735 2440 diceret.

2245 2472 2503 2532 Novatus
2561 2475 2780 2544 autem,
2838 2470 3109 2530 Ecclesia
3165 2471 3446 2528 Romanas
3502 2472 3848 2546 presbyter,

2174 2561 2520 2636 arrogantiae
2551 2561 2763 2634 spiritu
2795 2560 3011 2630 elatus,
3042 2559 3103 2616 in
3133 2576 3390 2618 errorem
3418 2560 3697 2634 impegit.
3733 2563 3850 2620 Nec

2173 2655 2333 2712 enim
2365 2654 2494 2711 illos
2545 2653 2646 2725 qui
2695 2652 3101 2726 persecutione
3148 2656 3455 2725 grassante
3505 2652 3666 2725 lapsi
3723 2655 3851 2712 tue-

2176 2748 2311 2801 rant
2336 2747 2541 2817 postea
2568 2743 2912 2814 poenitentes
2931 2741 3282 2799 admittebat
3306 2760 3320 2798 :
3341 2741 3490 2797 nihil
3520 2741 3600 2798 iis
3627 2743 3851 2800 salutis

2173 2833 2444 2891 relictum
2476 2849 2607 2889 esse
2638 2833 2864 2902 dicens,
2896 2833 2998 2904 qui
3030 2835 3165 2903 post
3193 2831 3559 2903 baptismum
3598 2850 3850 2905 peccas-

2173 2927 2321 2980 sent.
2359 2923 2616 2995 Denique
2660 2922 2932 2995 quamvis
2974 2937 3110 2979 eum
3142 2920 3470 2987 Cornelius,
3503 2922 3606 2992 qui
3639 2922 3850 2979 Eccle-

2173 3013 2272 3070 sies
2294 3012 2569 3070 Romanis
2599 3017 2741 3069 tunc
2770 3010 3053 3083 temporis
3074 3014 3341 3083 praeerat,
3375 3027 3532 3083 saepe
3559 3011 3839 3068 cohorta-

2170 3106 2332 3160 retur
2362 3107 2428 3159 ut
2457 3103 2686 3159 concito
2706 3103 2894 3176 gradu
2926 3102 2998 3157 ad
3029 3100 3393 3158 Christianos
3414 3102 3845 3171 Tyrannorum

2170 3192 2398 3249 saevitia
2427 3192 2729 3265 perculsos
2759 3198 2814 3248 et
2854 3190 3222 3248 labascentes
3254 3206 3315 3246 se
3361 3190 3682 3263 conferret,
3715 3208 3852 3250 eos-

408 3297 524 3353 que
550 3297 747 3338 rerum
779 3280 1119 3351 huiusmodi
1144 3281 1475 3337 effectorem
1506 3284 1878 3351 cognoscant,
1904 3297 2060 3337 nunc
2090 3264 2133 3333 C
2173 3299 2287 3355 que
2333 3264 2608 3355 tanquam
2660 3281 2938 3338 sacerdos
2985 3281 3166 3337 sacris
3195 3278 3583 3337 concionibus
3630 3282 3850 3340 conﬁr-

406 3384 544 3428 vero
573 3371 872 3427 hominem
896 3370 1077 3427 fuisse
1106 3370 1463 3436 existiment,
1481 3371 1582 3442 qui
1601 3374 1871 3426 naturam
1896 3370 2062 3427 factis

409 3457 824 3530 obsignaverit.
872 3458 978 3522 Qui
1012 3474 1149 3530 ergo
1181 3458 1253 3514 ad
1286 3457 1538 3514 Verbum
1585 3457 1848 3514 humana
1877 3459 2063 3515 forma

407 3553 653 3605 exutum
684 3549 1014 3619 accesserit,
1047 3548 1398 3621 legibusque
1441 3549 1637 3605 carnis
1686 3547 2057 3620 acquieverit,

404 3638 459 3694 ei
496 3638 866 3712 blasphemia
908 3639 1256 3706 remittetur,
1293 3640 1462 3711 eique
1505 3642 1702 3711 parcet
1750 3638 2057 3707 Dominus,

402 3728 541 3800 quia
569 3728 629 3785 in
655 3745 721 3786 eo
751 3728 955 3801 lapsus
985 3731 1085 3798 sit,
1119 3730 1274 3802 quod
1309 3728 1662 3801 aspectabile
1691 3733 1802 3798 est,
1835 3732 1892 3784 ct
1924 3744 2061 3800 pro-

400 3822 532 3890 pter
561 3833 798 3875 carnem
832 3819 891 3875 in
923 3835 991 3874 ea
1017 3835 1079 3875 se
1109 3820 1248 3875 vitia
1276 3818 1643 3889 demerserit,
1677 3817 1891 3889 quibus
1922 3834 2056 3874 caro

399 3907 650 3964 obnoxia
693 3912 803 3965 est.
839 3908 898 3964 Si
929 3908 1062 3980 quis
1095 3924 1227 3965 vero
1286 3908 1357 3964 ad
1411 3908 1611 3964 divina
1662 3907 1965 3976 miracula,
1999 3910 2058 3964 et

398 4015 527 4069 ques
559 4002 767 4071 praeter
792 3996 954 4070 vulgi
1015 3997 1354 4070 opinionem
1413 4001 1688 4071 operatus
1737 4002 1827 4053 est
1855 3997 2054 4054 Domi-

399 4104 535 4155 nus,
571 4087 790 4144 clausis
823 4086 1008 4143 oculis
1059 4086 1385 4154 conniveat,
1414 4103 1601 4160 eaque
1629 4086 1910 4143 satanicis
1938 4088 2053 4143 vir-

398 4176 626 4231 tutibus
658 4173 1035 4241 adseribat,ei
1069 4175 1397 4232 absurdum
1421 4174 1532 4233 hoc
1561 4174 1753 4232 scelus
1784 4192 1898 4232 non
1922 4190 2056 4231 con-

396 4265 732 4336 donabitur,
774 4263 1156 4337 judicemque
1211 4281 1475 4323 severum
1526 4268 1583 4322 et
1639 4264 2054 4321 immisericor-

396 4352 529 4409 dem
560 4353 910 4424 experietur,
965 4352 1164 4425 ipsum
1190 4352 1415 4409 scilicet
1446 4351 1752 4424 Spiritum,
1784 4352 1844 4409 in
1874 4368 2050 4425 quem

392 4457 509 4512 prie
554 4441 805 4514 ignavia,
838 4441 925 4499 vel
969 4442 1339 4514 improbitate
1383 4443 1721 4514 peccaverit.
1767 4443 2052 4514 Loquitur

390 4537 584 4587 autem
616 4532 687 4587 de
717 4530 813 4602 iis,
837 4531 938 4604 qui
968 4531 1381 4602 blasphemare
1409 4531 1690 4603 Spiritum
1726 4548 2052 4604 persevera-

2170 3376 2377 3441 maret,
2438 3370 2600 3429 nullo
2658 3375 2856 3428 tamen
2889 3371 3064 3427 modo
3118 3369 3177 3425 id
3213 3374 3279 3425 ut
3327 3369 3564 3438 faceret,
3623 3373 3848 3430 adduci

2166 3462 2380 3536 potuit,
2409 3462 2510 3519 sed
2541 3476 2671 3518 sese
2701 3461 3039 3517 subducens
3065 3459 3525 3532 delitescereque
3555 3468 3843 3531 conatus,

2163 3554 2403 3610 tandem
2426 3551 2538 3609 hac
2568 3551 2755 3623 impia
2775 3547 3120 3607 crudelitate
3137 3548 3432 3619 laborans,
3455 3550 3527 3605 ab
3557 3551 3848 3610 Ecclesia

2163 3657 2393 3716 quoque
2424 3658 2665 3714 corpore
2694 3640 2953 3698 secessit.
3000 3641 3284 3695 Caeterum
3314 3639 3491 3710 hujus
3539 3639 3848 3700 hareseos

2161 3738 2480 3789 sectatores
2527 3747 2644 3788 non
2683 3734 2916 3787 tantum
2968 3728 3292 3795 Novatiani,
3344 3729 3449 3784 sed
3511 3730 3697 3787 etiam
3736 3732 3849 3789 Ca-

2161 3822 2337 3889 thari,
2368 3822 2478 3879 hoc
2510 3825 2600 3879 est
2648 3820 2800 3894 puri,
2857 3823 3295 3891 nuncupantur.
3328 3820 3492 3877 Idem
3526 3836 3634 3879 eos
3686 3841 3847 3896 quo-

2161 3929 2272 3987 que
2297 3911 2694 3978 aversabatur,
2727 3911 2827 3982 qui
2859 3914 2994 3982 post
3023 3908 3385 3982 baptismum
3417 3908 3496 3964 ad
3526 3914 3845 3971 secundas

2159 4003 2394 4075 nuptias
2440 4001 2848 4068 convolabant,
2883 4016 2989 4057 nec
3038 3998 3172 4056 illos
3220 3999 3294 4056 ad
3341 4001 3845 4060 communionem

2157 4093 2530 4150 admittebat.

2477 4230 2751 4288 Haereseo:
2784 4226 3139 4300 praecedentis
3167 4223 3496 4288 con/utalia.

2221 4373 2429 4430 [Elatia
2473 4373 2718 4445 puerilis
2750 4370 3176 4429 informatrices
3209 4368 3319 4425 illae
3352 4367 3703 4428 Salomonis
3737 4388 3846 4428 vo-

2151 4479 2247 4520 ces
2278 4464 2496 4536 quibus
2525 4465 2625 4534 ait,
2692 4463 2813 4520 Vidi
2859 4463 3068 4532 iustum
3116 4459 3395 4533 perditum
3424 4458 3488 4515 iu
3516 4476 3627 4517 sua
3667 4463 3849 4532 iusti-

2147 4556 2233 4611 tia
2252 4554 2335 4624 3°;
2360 4554 2524 4620 item,
2552 4554 2692 4610 Sunt
2716 4552 2977 4625 vimque?
3002 4551 3264 4608 videntur
3288 4548 3512 4605 homini
3534 4559 3851 4621 rectae,e:r-

384 4620 597 4688 verint,
649 4623 917 4693 atquein
978 4620 1085 4677 hac
1137 4620 1432 4693 opinionis
1479 4622 1852 4693 perversitate
1900 4621 2047 4678 vivis
2076 4632 2124 4698 ι)
2152 4620 2331 4700 (ram,
2379 4648 2561 4700 tamen
2593 4659 2787 4700 earum
2815 4620 3054 4700 έέηααηε
3105 4641 3178 4697 ad
3204 4643 3439 4698 mortem
3486 4638 3560 4710 δι’
3597 4620 3843 4700 mirum

384 4711 764 4767 excesserint.
799 4711 959 4776 Quod
994 4709 1045 4768 si
1077 4710 1211 4781 quis
1259 4710 1488 4767 Domini
1521 4711 1915 4784 cognitionem
1966 4710 2045 4768 sit

385 4801 648 4871 adeptus,
710 4817 913 4858 eorum
972 4816 1101 4873 quae
1170 4800 1231 4857 in
1287 4800 1397 4857 hoc
1456 4802 1675 4857 mundo
1734 4801 2040 4873 ignoravit,

382 4890 790 4949 remissionem
857 4897 1272 4965 consequetur.
1332 4893 1491 4950 Idem
1542 4908 1774 4966 quoque
1825 4908 2038 4950 sensus

382 4981 474 5034 est
504 4978 684 5049 hujus
711 4984 964 5039 Actuum
1007 4981 1459 5055 apostolicorum
1510 4982 1660 5040 loci:
1707 4985 1902 5041 Virum
1939 4986 2039 5057 qui

379 5067 532 5124 inter
556 5084 653 5125 nos
680 5072 851 5144 signis
881 5077 936 5129 et
970 5074 1262 5130 miraculi:
1290 5073 1555 5129 inclaruit
1579 5074 1646 5130 ³⁸.

996 5180 1145 5237 CAP.
1187 5180 1409 5238 XXVII.

372 5279 394 5299 '
456 5281 716 5340 Vieesima
762 5284 997 5358 septima
1045 5286 1296 5354 haeresis,
1352 5288 1528 5358 Nocti,
1585 5292 1635 5345 et
1682 5291 1896 5346 Novati.
1956 5290 2029 5346 Ili

440 5362 731 5435 unguntur
762 5382 778 5425 ;
806 5358 1137 5435 praestiterit
1164 5369 1370 5435 autem,
1396 5364 1457 5416 ut
1512 5362 1777 5418 Noetiani
1803 5362 2024 5435 quidem

442 5428 817 5497 baptiaentur,
842 5429 1139 5485 Novatiani
1169 5448 1294 5488 vero
1325 5434 1697 5503 inunguatur.

432 5533 653 5591 Partim
677 5537 1051 5593 consentiunt
1069 5535 1129 5593 hi
1147 5537 1262 5594 duo
1284 5538 1436 5597 inter
1454 5557 1539 5612 se,
1554 5541 1770 5615 partim
1791 5542 2017 5601 dissen-

2151 4732 2208 4789 in
2242 4735 2474 4791 modum
2503 4733 2707 4790 Novati
2739 4731 2972 4788 saevitiae
3012 4735 3071 4787 et
3113 4729 3395 4802 epinioni,
3429 4745 3549 4801 qua
3578 4732 3841 4789 veniam

2151 4825 2376 4883 nullam
2400 4824 2677 4893 admittit,
2701 4829 3113 4881 consentaneae
3135 4825 3292 4878 sunt.
3315 4822 3461 4877 Nam
3486 4822 3640 4878 dum
3665 4824 3841 4895 puri-

2146 4917 2282 4974 tatis
2314 4934 2376 4974 se
2406 4933 2584 4989 quam
2608 4932 2714 4989 par
2741 4919 2832 4973 est
2862 4913 3248 4971 amantiorem
3283 4915 3525 4984 praestat
3556 4928 3836 4987 eamque

2146 5008 2475 5064 accuratius
2500 5022 2666 5078 aequo
2689 5008 2964 5075 sectatur,
2987 5004 3186 5060 minus
3210 5001 3481 5073 advertit,
3510 5007 3836 5075 quantum

2143 5096 2202 5153 in
2234 5095 2601 5153 crudelitatis
2643 5093 2994 5151 barathrum
3023 5109 3086 5150 se
3116 5091 3474 5166 praecipitet:
3528 5091 3835 5152 exitium-

2138 5203 2250 5258 que
2275 5186 2388 5243 sibi
2420 5186 2571 5241 ultro
2598 5188 2855 5241 accersat
2883 5199 2897 5239 :
2931 5198 3039 5240 nec
3086 5198 3289 5239 secum
3321 5184 3577 5253 reputat,
3615 5184 3837 5242 nemi-

2137 5292 2273 5332 nem
2303 5291 2456 5344 esse,
2488 5273 2593 5347 qui
2642 5275 2797 5346 quod
2829 5273 3052 5330 bonum
3084 5277 3211 5328 est:
3270 5271 3356 5327 ita
3406 5273 3694 5337 sectetur,
3754 5276 3836 5329 ut

2134 5365 2270 5422 inde
2323 5365 2586 5422 excidere
2644 5379 2946 5436 nunquam
2980 5361 3191 5436 possit,
3236 5365 3413 5432 atque
3456 5360 3514 5416 id
3549 5377 3627 5417 ne
3660 5362 3834 5420 sim-

2131 5454 2269 5528 plici
2325 5454 2565 5528 quidem
2627 5453 2902 5527 angelicas
2946 5457 3169 5510 naturae
3223 5468 3348 5523 qua:
3379 5450 3499 5507 Deo
3545 5451 3829 5534 assistit,

2128 5549 2407 5618 perpetuo
2441 5545 2671 5602 datum.
2705 5543 2798 5600 Ad
2829 5543 2950 5600 haec
2969 5543 3020 5600 si
3046 5542 3122 5599 ab
3156 5558 3222 5598 eo
3250 5541 3409 5613 quod
3444 5540 3675 5598 bonum
3708 5548 3827 5601 est

427 5643 669 5737 iitum,
698 5670 824 5737 πωι
838 5654 973 5737 10.“
1002 5654 1050 5737 ff
1078 5657 1254 5737 M_arc.
1286 5672 1389 5737 nr,
1430 5657 1529 5737 27:.
1570 5658 1645 5737 LA“
1700 5658 2051 5737 Matth.__xn

2180 5704 2195 5719 .
2275 5661 2323 5699 ³⁸
2351 5666 2480 5737 Act,
2511 5679 2574 5735 ιι,
2607 5660 2699 5720 22.
2775 5661 2818 5699 ³⁷
2850 5660 3028 5719 Exod.
3089 5675 3176 5735 III,
3205 5660 3264 5716 6.
3341 5658 3392 5695 ³⁸
3421 5657 3581 5716 Exod
3613 5674 3720 5734 xx,
3754 5662 3824 5718 3.

358 5712 534 5780 Eccli.
567 5712 761 5796 xxim,
790 5712 849 5780 Β.
926 5725 974 5762 ³ο
1004 5726 1158 5784 Eccl.
1191 5744 1291 5801 vn,
1325 5712 1414 5785 iii.
1452 5712 1531 5766 H3"
1567 5712 2003 5792 Prov—:inTIZ:
