4054 6452
280 431 440 497 1297

1622 428 2022 497 THESAURI
2066 428 2220 491 LIB.
2268 428 2372 490 IV.

3544 438 3703 500 1298

274 588 392 628 non
426 569 900 641 deﬂexissemus,
955 585 1104 643 Opus
1134 570 1597 645 haudquaquam
1636 571 1841 638 fuisse,
1876 571 1941 624 ut
1968 571 2024 638 Α
2055 571 2183 622 tum
2215 569 2504 629 sanctum.
2539 568 2810 621 naturam
2836 565 3074 638 quidem
3107 585 3305 638 unam,
3327 571 3698 633 divinitatem

276 667 424 718 Deus
441 661 692 718 Verbum
715 663 780 717 ad
807 679 910 717 nos
927 666 1234 734 assumpta
1250 680 1422 719 carne
1437 664 1834 720 descenderet.
1863 662 1936 716 At
2044 673 2177 713 vero
2203 656 2396 712 tribus
2428 655 2765 711 distinctam
2797 657 3063 729 personis
3095 659 3154 714 in
3186 677 3364 717 unam
3389 680 3697 734 personam

273 769 428 823 vero,
456 755 594 825 quia
618 753 792 808 vitam
828 753 1464 811 mutationiobnoxiam
1499 755 1932 812 sortitushomo

269 852 377 912 est,
405 847 461 898 et
493 860 609 898 non
642 859 811 898 secus
844 848 1018 914 atque
1045 845 1276 898 trutinae
1307 844 1502 900 lances
1528 844 1587 899 in
1615 849 1932 914 utrumque

265 934 422 989 latus
466 933 648 1004 vergit
684 940 736 988 et
797 937 1080 1001 movetur,
1141 933 1358 990 idcirco
1415 950 1604 1005 neque
1663 932 1927 1005 angelus,

271 1042 460 1098 neque
499 1025 672 1081 homo
697 1027 848 1095 (cum
876 1027 1131 1098 Spiritus
1159 1026 1276 1082 sint
1308 1028 1632 1083 ministerio
1663 1023 1926 1096 addicti),

265 1118 366 1173 sed
423 1115 706 1172 Dominus
740 1116 864 1187 ipse
923 1115 1101 1186 venit,
1166 1121 1225 1172 ut
1277 1117 1466 1172 salvos
1528 1134 1636 1172 nos
1691 1117 1924 1171 faceret.

266 1206 415 1274 Quid
449 1222 585 1276 ergo
644 1205 930 1261 Novatum
982 1206 1268 1273 movebat,
1323 1211 1386 1262 ut
1444 1223 1541 1263 eos
1575 1224 1688 1262 non
1714 1205 1926 1262 admit-

261 1299 428 1361 teret,
467 1296 568 1366 qui
600 1299 733 1365 post
765 1295 1129 1366 baptismum
1179 1296 1570 1367 peccassent?
1605 1303 1922 1367 autperse-

266 1384 520 1441 cutionis
590 1388 853 1455 tempore
912 1383 1110 1456 lapsos
1170 1389 1540 1441 aversaretur
1590 1385 1617 1440 ?
1672 1391 1921 1441 Prorsus

272 1473 470 1546 ignoro
509 1491 521 1530 :
556 1472 670 1528 nisi
701 1474 835 1545 quis
865 1473 1202 1545 hujusmodi
1239 1475 1692 1546 contentionem,
1726 1475 1920 1530 homi-

269 1563 362 1620 nis
395 1563 842 1635 persuasionem
877 1563 1122 1619 rationis
1169 1568 1465 1636 expertem
1507 1565 1698 1619 dicere
1731 1563 1918 1630 malit,

258 1669 511 1726 quaaque
543 1653 612 1708 ad
635 1653 951 1724 puritatem
977 1651 1139 1709 nullo
1159 1653 1330 1708 modo
1355 1669 1711 1724 quemquam
1745 1653 1922 1708 dedu-

259 1759 391 1800 cere
420 1745 620 1814 queat.
682 1741 762 1796 Ex
793 1742 1010 1813 quibus
1051 1742 1232 1810 enim,
1265 1759 1485 1815 quaeso,
1518 1743 1689 1798 dictis
1744 1758 1918 1797 evan-

261 1831 463 1905 gelicis
495 1847 592 1887 ore
617 1833 720 1886 Dei
753 1830 1018 1902 prolatis,
1080 1830 1168 1886 vel
1202 1831 1374 1886 etiam
1408 1831 1750 1903 apostolicis
1782 1847 1919 1887 con-

261 1921 672 1978 stitutionibus
703 1919 960 1976 Novatus
990 1920 1086 1975 hic
1113 1924 1339 1975 tantam
1373 1919 1740 1976 severitatem
1773 1921 1915 1976 bau-

258 2009 394 2067 sit?
416 2013 618 2066 Nonne
651 2009 925 2064 Dominus
949 2009 1150 2064 ﬂetum
1167 2009 1340 2078 Petri,
1369 2009 1440 2063 ab
1471 2025 1536 2064 eo
1570 2009 1915 2081 abnegatus,

260 2099 500 2157 admisit
528 2099 556 2154 ‘t
587 2116 778 2155 nonne
808 2101 1078 2155 eumdem
1109 2098 1505 2172 apostolorum
1540 2097 1912 2170 coryphaeum

255 2189 420 2245 fratri
469 2189 805 2260 septuagies
836 2193 1075 2260 peccata
1116 2205 1245 2244 esse
1276 2188 1627 2244 remittenda
1659 2187 1856 2243 docuit
1885 2187 1914 2244 ?

249 2279 453 2335 Nonne
513 2277 738 2334 Paulus
798 2277 1171 2334 Corinthium
1231 2277 1402 2333 illum
1454 2277 1551 2350 qui
1603 2293 1908 2333 novercam

249 2372 739 2440 constupraverat
784 2367 953 2424 venia
984 2375 1115 2440 post
1163 2367 1454 2440 lacrymas
1485 2367 1730 2439 dignum
1781 2382 1910 2424 esse

254 2462 534 2518 censuit?
579 2460 970 2532 eumdemque
1015 2460 1240 2534 reliquo
1291 2461 1566 2518 Ecclesiae
1599 2460 1771 2517 coetui
1818 2477 1908 2517 re-

249 2551 443 2608 stituit
476 2553 499 2608 Ρ

321 2643 547 2707 Quanta
579 2659 712 2698 vero
743 2641 1011 2698 socordia
1044 2641 1306 2713 falsaque
1327 2642 1599 2714 puritatis
1633 2640 1906 2714 opinione

246 2731 476 2790 laboret
497 2734 758 2792 Novatus
790 2733 906 2804 hic,
954 2733 1043 2790 vel
1085 2749 1154 2790 ex
1184 2750 1249 2789 eo
1301 2733 1589 2805 arguitur,
1623 2734 1780 2804 quod
1811 2733 1902 2801 iis,

249 2823 352 2894 qui
384 2824 456 2879 ad
487 2824 780 2879 secondas
822 2823 1132 2879 convolant
1162 2823 1424 2895 nuptias,
1471 2823 1904 2878 communicare

246 2910 419 2980 nolit,
478 2912 746 2984 quamvis
797 2912 1008 2969 Paulus
1062 2917 1260 2985 aperte
1306 2913 1512 2968 dicat:
1552 2912 1690 2969 Volo
1723 2913 1900 2967 etiam

245 3001 584 3072 utjuvenes
643 3002 834 3057 viduae
890 3001 1161 3056 nubant!
1228 3002 1386 3057 Idem
1420 3000 1563 3073 quid
1621 3002 1691 3057 de
1719 3001 1900 3058 Noeto

240 3089 610 3147 sentiendum
641 3095 750 3157 est,
805 3090 908 3162 qui
956 3090 1314 3162 injustitiam
1359 3090 1420 3146 in
1448 3090 1633 3147 altum
1666 3091 1898 3148 locutus

243 3183 352 3248 est,
383 3184 438 3236 et
460 3181 658 3252 posuit
686 3197 750 3236 os
785 3180 845 3236 in
878 3179 1111 3250 ccelum,
1139 3198 1270 3237 cum
1297 3181 1620 3254 praesertim
1645 3180 1896 3251 Patrem,

240 3269 449 3380 filium
477 3274 534 3325 et
582 3270 897 3380 Spiritum,
925 3270 1312 3370 blasphemus
1344 3270 1442 3327 ille
1495 3287 1681 3328 unum
1731 3288 1896 3328 eum-
1929 3311 1972 3380 Ο

238 3359 488 3431 demque
509 3359 695 3415 vocet!
725 3359 998 3424 Quamvis
1022 3361 1179 3415 enim
1203 3360 1658 3434 dispensationis
1684 3367 1894 3434 myste-

238 3451 392 3507 rium
426 3452 721 3522 admittat,
751 3451 1214 3507 incarnationcm
1246 3453 1346 3508 Dei
1382 3454 1676 3523 praedicet,
1705 3455 1889 3510 Evan-

238 3541 455 3613 gelium
506 3541 748 3608 evolvat,
782 3557 1020 3612 quaeque
1069 3541 1127 3596 in
1163 3557 1228 3597 eo
1261 3541 1637 3597 continentur
1695 3545 1890 3599 omnia

235 3634 556 3704 percurrat,
600 3631 773 3686 corde
797 3635 991 3686 tamen
1024 3635 1079 3686 et
1108 3629 1280 3687 labiis
1305 3647 1372 3686 ea
1397 3648 1459 3687 se
1494 3631 1888 3704 fugere,atque

235 3721 294 3775 in
328 3720 678 3776 contrariam
735 3721 1088 3777 sententiam
1149 3721 1398 3793 pedibus
1450 3721 1533 3776 ire
1576 3721 1888 3778 manifeste

237 3813 454 3884 prodit.
489 3816 695 3868 Euntes
735 3812 915 3878 enim,
948 3811 1141 3883 inquit
1169 3810 1457 3884 Christus,
1493 3813 1673 3868 iocete
1703 3829 1889 3868 omnes

235 3908 438 3972 gentes,
470 3901 806 3972 baptizantes
860 3917 946 3956 eos
982 3903 1040 3956 in
1070 3900 1293 3957 nomine
1327 3903 1528 3970 Patris,
1563 3905 1612 3958 et
1645 3903 1802 3971 Filii,
1837 3907 1887 3959 et

233 3992 481 4064 Spiritus
510 3994 691 4048 sancti
713 3991 778 4049 33.
807 3992 1028 4049 Videns
1051 3992 1548 4064 quemadmodum
1570 3998 1686 4051 tres
1711 3994 1888 4051 unius

233 4082 556 4140 divinitatis
616 4082 963 4154 hypostascs
1013 4081 1379 4155 explicantur
1426 4083 1454 4136 ?
1505 4087 1650 4139 Item
1709 4101 1778 4139 ex
1822 4102 1886 4140 eo

233 4173 391 4244 quod
421 4172 536 4228 alio
569 4171 724 4228 idem
758 4172 814 4226 in
851 4171 974 4227 loco
1019 4172 1099 4227 ait
1129 4189 1142 4226 ε
1176 4179 1367 4241 Pater,
1399 4173 1651 4245 ctariﬁca
1681 4175 1889 4230 Filium

229 4270 406 4329 tuum,
440 4269 502 4317 ut
549 4262 728 4320 Filius
783 4264 950 4317 etiam
977 4266 1104 4317 tuus
1153 4261 1434 4333 ctariﬁcct
1485 4267 1536 4319 te
1589 4263 1657 4318 ³⁸.
1691 4265 1881 4320 Item:

228 4355 390 4408 Nunc
412 4357 605 4408 autem
635 4351 704 4408 ad
764 4359 812 4407 te
843 4354 1019 4408 venio.
1052 4357 1196 4407 Item
1231 4368 1244 4407 :
1308 4351 1576 4423 Ctariﬁca
1606 4370 1694 4409 me
1722 4354 1888 4410 clari-

229 4446 358 4509 tate,
418 4459 584 4514 quam
642 4442 815 4497 habui
864 4440 1194 4513 priusquam
1243 4442 1484 4498 mundus
1544 4447 1680 4499 esset
1736 4444 1888 4515 apud

228 4537 284 4588 te
322 4531 389 4590 34.
443 4537 632 4606 Atque
690 4533 976 4588 Dominus
1029 4533 1266 4603 quidem
1328 4534 1451 4606 ipse
1502 4540 1884 4608 posteaquam

229 4627 570 4696 assumptus
620 4629 706 4679 est
757 4623 814 4678 in
848 4622 1082 4688 coelum,
1144 4623 1414 4695 seditque
1464 4626 1536 4680 ad
1590 4626 1883 4681 dexteram

2043 747 2385 802 contrahere
2417 750 2473 800 ct
2506 749 2818 817 coarctare,
2854 764 3074 819 proque
3105 767 3488 821 personarum
3528 755 3700 812 diII'e-

2043 836 2228 892 rentia
2247 835 2640 891 substantiam
2660 853 2945 907 usurpare
2961 839 3692 916 deprehenditurlnsuper

2042 942 2106 981 eo
2141 928 2294 998 quod
2325 942 2560 980 carnem
2612 943 2644 981 a
2676 930 2836 982 Patre
2890 936 3278 1001 assumptam,
3313 936 3691 1004 quemadmo-

2040 1017 2182 1072 dum
2217 1035 2248 1072 a
2274 1017 2630 1087 Filio,eaque
2663 1017 2881 1088 omnia,
2913 1036 3039 1090 quae
3074 1020 3481 1093 dispositionis
3502 1031 3688 1099 erant,

2037 1106 2325 1178 completa
2372 1123 2500 1162 esse
2533 1106 2809 1174 afﬁrmat,
2873 1109 3222 1181 evangelicis
3274 1113 3694 1173 traditionibus

2037 1196 2341 1268 perspicuo
2387 1200 2692 1268 repugnat.
2752 1196 3008 1252 Joannes
3039 1199 3193 1254 enim
3245 1203 3605 1274 evangelista
3637 1211 3695 1262 et

2035 1284 2368 1356 theologus,
2397 1287 2456 1340 In
2480 1285 2758 1356 principio
2779 1291 2893 1341 erat
2922 1287 3169 1356 l'erbum,
3202 1298 3255 1345 et
3293 1292 3542 1348 Verbum
3570 1300 3695 1350 erat

2032 1375 2188 1446 apud
2218 1376 2389 1431 Deum
2419 1373 2485 1444 ³7,
2520 1373 2856 1431 fulminanti
2893 1392 3028 1431 vace
3057 1377 3364 1436 exclamat.
3417 1382 3486 1436 Et
3517 1383 3690 1454 paulo

2033 1467 2169 1535 post
2202 1478 2215 1520 :
2250 1465 2314 1519 Et
2349 1464 2578 1521 Verbum
2606 1479 2734 1519 caro
2771 1465 2979 1528 factum
3009 1475 3104 1535 est,
3129 1476 3179 1522 et
3208 1467 3479 1526 habitavit
3509 1473 3568 1526 in
3599 1489 3691 1530 no-

2033 1555 2114 1608 bis
2147 1554 2211 1609 ³⁸.
2246 1555 2632 1624 Incorporeus
2663 1570 2897 1625 quoque
2923 1556 3167 1628 angelus
3203 1557 3494 1630 Virginem
3517 1560 3594 1617 ila
3623 1561 3683 1617 in

2031 1641 2258 1698 civitate
2315 1643 2600 1699 Nazareth
2661 1642 2952 1699 allocutus
2997 1649 3086 1700 est
3118 1663 3130 1701 :
3164 1646 3405 1717 Spiritus
3461 1657 3682 1707 sanctus

2027 1732 2374 1803 superveniet
2405 1734 2462 1787 in
2495 1740 2628 1802 te,et
2651 1734 2836 1788 virtus
2863 1733 3144 1790 Altissimi
3173 1737 3525 1794 obumbrabit
3555 1740 3675 1796 tibi.

2026 1821 2258 1894 Ideoque
2291 1821 2430 1892 quod
2459 1837 2534 1877 ex
2561 1826 2613 1877 te
2641 1830 2898 1878 nascetur
2914 1827 3171 1879 sanctum
3203 1827 3479 1883 vocabitur
3506 1831 3680 1886 Filius

2025 1911 2129 1967 Dei
2158 1912 2222 1966 3°.
2256 1912 2359 1967 His
2416 1911 2756 1967 Davidicum
2791 1928 3026 1984 quoque
3083 1913 3420 1972 vaticinium
3456 1919 3682 1990 astipu-

2023 1999 2182 2056 latur
2243 2017 2257 2058 :
2339 2003 2651 2072 Propterea
2725 2002 2894 2058 unxit
2958 2008 3014 2059 te
3085 2005 3249 2070 Deus,
3313 2007 3451 2062 Deus
3533 2011 3677 2076 tuus,

2019 2090 2136 2146 oleo
2168 2089 2390 2147 laetitiae
2415 2092 2901 2162 praecomortibus
2926 2094 3038 2147 tuis
3063 2091 3111 2126 ⁴⁰
3136 2112 3148 2161 ;
3175 2096 3679 2164 quemadmodum

2015 2177 2118 2233 illa
2149 2194 2382 2250 quoque
2417 2179 2817 2250 Theantbropi
2849 2196 2950 2235 seu
2981 2179 3082 2235 Dei
3114 2185 3171 2236 et
3202 2183 3458 2239 hominis
3481 2187 3674 2254 verba,

2019 2268 2153 2323 Cum
2184 2271 2365 2340 ipsum
2397 2270 2580 2324 bibent
2610 2285 2808 2324 novum
2843 2268 2904 2324 in
2928 2285 3094 2340 regno
3124 2271 3310 2326 Patris
3330 2275 3454 2328 mei.
3492 2273 3633 2329 Item
3658 2291 3672 2329 :

2015 2357 2256 2414 Asecndo
2288 2357 2357 2412 ad
2400 2359 2620 2413 Patrem
2666 2374 2850 2414 meum
2879 2367 2929 2414 et
2959 2360 3176 2415 Patrem
3212 2363 3467 2430 vestrum,
3500 2363 3672 2419 Deum

2013 2464 2197 2504 meum
2225 2453 2278 2504 et
2306 2450 2480 2504 Deum
2511 2456 2754 2504 vestrum
2784 2450 2851 2508 ⁴¹.
2901 2452 3048 2506 Item
3086 2466 3098 2505 :
3131 2451 3258 2507 Noli
3301 2468 3388 2508 me
3418 2456 3663 2524 tangere,

2010 2538 2259 2593 nondum
2315 2538 2464 2594 enim
2519 2538 2744 2594 escendi
2801 2537 2872 2594 ad
2928 2543 3154 2595 Patrem
3209 2556 3390 2595 meum
3421 2540 3487 2598 ⁴².
3523 2543 3664 2609 Qui-

2011 2627 2122 2684 bus
2156 2627 2389 2700 quidem
2409 2627 2685 2684 omnibus
2701 2627 2939 2701 pietatis
2958 2627 3179 2684 alumni
3195 2629 3280 2685 sic
3294 2631 3664 2688 sentiendum

2009 2735 2138 2775 esse
2171 2719 2430 2787 discunt,
2479 2723 2542 2774 ut
2573 2722 2690 2775 tres
2709 2735 2990 2790 personas
3027 2720 3086 2775 in
3106 2720 3277 2777 beata
3305 2725 3363 2777 et
3416 2721 3663 2778 immor-

2010 2808 2110 2866 tali
2143 2808 2448 2865 divinitate
2506 2808 2856 2881 intelligant,
2907 2827 3033 2880 quai
3066 2810 3125 2865 in
3183 2815 3375 2881 Patre,
3406 2816 3464 2868 et
3493 2811 3658 2885 Filio,

2007 2908 2062 2955 et
2090 2897 2463 2954 sanctissimo
2494 2898 2710 2970 Spiritu
2745 2899 3021 2965 cernitur,
3050 2903 3108 2954 et
3136 2899 3368 2957 colitur.

2605 3033 2762 3090 CAP.
2805 3033 3066 3092 XXVIII.

2007 3152 2286 3209 Vicesima
2315 3159 2513 3226 octava
2539 3152 2760 3226 hmresis
2784 3152 3115 3226 Sabettiiﬂi
3145 3152 3523 3224 baptizantur,
3544 3156 3652 3226 vel,

2306 3232 2364 3280 ut
2396 3223 2723 3296 quibusdam
2751 3224 2952 3295 placet,
2984 3223 3354 3296 inunguatur.

2075 3361 2367 3418 Sabellius
2401 3361 2615 3434 Libyca
2672 3361 2977 3434 Pentapoli
3035 3363 3324 3420 oriundus
3378 3381 3559 3422 unam
3591 3366 3652 3422 in

1998 3453 2186 3521 Patre,
2220 3451 2384 3521 Filio,
2429 3455 2486 3507 et
2509 3451 2730 3522 Spiritu
2767 3456 2971 3508 sancto
3005 3469 3317 3524 personam
3377 3456 3654 3527 praedica-

1997 3543 2117 3610 bat,
2150 3542 2419 3598 eumdem
2477 3558 2605 3597 esse
2635 3545 2862 3598 Patrem
2889 3558 3176 3613 asserens,
3213 3546 3314 3614 qui
3349 3548 3406 3600 et
3434 3544 3644 3614 Filius,

1996 3636 2052 3689 et
2077 3631 2334 3703 Spiritus
2374 3635 2615 3686 sanctus
2647 3635 2803 3686 esset
2858 3646 2871 3685 :
2906 3631 2988 3687 ita
3019 3637 3083 3686 ut
3113 3633 3172 3686 in
3223 3649 3340 3688 una
3398 3650 3647 3703 persona

1994 3725 2112 3778 tres
2145 3721 3142 3792 signiﬁcationes,quemadmodum
3175 3721 3234 3776 in
3267 3723 3471 3778 eodem
3504 3741 3642 3794 quo-

1996 3831 2108 3886 que
2141 3813 2376 3868 homine
2408 3813 2867 3885 corpus,anima,
2899 3816 2956 3869 et
2985 3812 3228 3885 spiritus
3251 3813 3644 3884 deprehende-

1996 3906 2218 3959 rentur.
2251 3905 2442 3974 Atque
2474 3903 2532 3958 in
2589 3901 2782 3957 Veteri
2829 3902 3069 3973 quidem
3107 3905 3480 3960 Testamento
3511 3908 3642 3961 tan-

1994 4009 2169 4064 quam
2201 3992 2432 4048 Patrem
2455 3991 2613 4064 leges
2637 3991 2929 4059 tulisse,in
2955 3991 3108 4049 Novo
3132 3999 3407 4064 tanquam
3434 3994 3644 4052 Filium

1995 4099 2230 4139 carnem
2255 4082 2966 4154 assumpsisse,apostolis
2989 4086 3185 4139 autem
3203 4087 3486 4156 tanquam
3511 4086 3644 4157 Spi-

1995 4173 2169 4230 ritum
2200 4173 2608 4245 supervenisse
2627 4191 2640 4228 :
2659 4172 2738 4227 ita
2765 4173 3100 4244 utcorporis
3129 4173 3368 4244 quidem
3389 4175 3647 4243 Pater,ut

1989 4262 2072 4318 ita
2102 4262 2316 4332 dicam,
2363 4262 2575 4317 anima:
2596 4278 2731 4318 vero
2775 4261 2983 4332 Filius,
3014 4263 3258 4334 spiritus
3290 4264 3544 4335 denique
3567 4265 3646 4319 vi-

1993 4356 2389 4418 cem,sanctus
2422 4350 2518 4406 ille
2550 4351 2847 4423 suppleret
2892 4352 3183 4424 Spiritus:
3217 4353 3306 4408 vel
3365 4357 3645 4424 tanquam

1992 4444 2053 4498 in
2085 4441 2228 4512 sole,
2257 4445 2429 4512 cujus
2464 4459 2593 4496 una
2624 4458 2877 4512 persona
2905 4446 3014 4511 est,
3076 4446 3194 4499 tres
3227 4444 3485 4500 actiones
3514 4444 3640 4500 elu-

1992 4537 2308 4601 cescerent,
2344 4532 2624 4588 nimirum
2657 4531 3069 4601 illuminativa,
3106 4533 3460 4604 calefactiva,
3486 4535 3647 4608 ipsa-

1995 4640 2108 4694 que
2140 4623 2476 4693 ﬁgura,qua
2506 4620 2568 4675 in
2599 4623 2797 4677 orbem
2831 4621 3292 4678 circumducitur
3323 4629 3535 4696 ;atque
3557 4642 3649 4682 ca-

227 4686 454 4784 Patris;
505 4716 703 4785 aperte
757 4711 1034 4768 indicavit
1064 4686 1239 4768 aliam
1292 4686 1482 4768 Patris
1524 4731 1673 4784 esse,
1707 4714 1881 4770 aliam
1916 4686 1961 4750 Β
1994 4686 2258 4768 lefactiva
2311 4686 2548 4783 quidem
2583 4711 2729 4767 actio
2769 4710 3025 4783 Spiritus
3060 4729 3073 4767 :
3106 4686 3518 4779 illuminativa,
3554 4713 3644 4767 Fi-

228 4801 359 4858 Filii
420 4801 786 4874 hypostasin.
822 4804 946 4857 Imo
988 4801 1113 4873 ipsa
1171 4818 1404 4874 quoque
1454 4803 1638 4859 Patris
1669 4808 1724 4860 et
1753 4804 1881 4859 Filii

226 4888 574 4958 signiﬁcatio
608 4903 992 4959 personarum
1027 4886 1278 4943 dualitas
1320 4892 1430 4957 est,
1465 4906 1591 4960 qua)
1625 4889 1882 4946 schetica

227 4977 679 5047 signiﬁcatione,
712 4992 816 5031 seu
854 4975 1132 5031 habituali
1162 4979 1219 5031 et
1245 4975 1485 5032 relativa
1515 4977 1771 5034 effertur.

298 5072 374 5121 Eo
405 5075 682 5139 praeterea
710 5066 866 5136 quod
899 5065 1077 5120 Filius
1117 5066 1187 5121 de
1218 5065 1439 5137 Spiritu
1472 5067 1618 5122 dixit
1651 5085 1663 5121 :
1693 5070 1877 5124 Petam

222 5159 474 5226 aPatre,
497 5162 546 5214 et
605 5157 784 5212 alium
831 5155 1192 5211 Paracletum
1243 5155 1420 5210 mittet
1471 5158 1643 5224 vobis,
1693 5158 1876 5230 Spiri-

219 5256 339 5304 tum
369 5245 646 5314 veritatis,
688 5245 785 5317 qui
830 5261 861 5298 a
891 5245 1056 5299 Patre
1084 5241 1326 5314 procedit
1353 5243 1419 5299 33.
1465 5245 1632 5312 Item,
1665 5245 1765 5302 Ille
1793 5264 1877 5304 me

218 5336 551 5408 clariﬁcabit
581 5336 645 5406 ³⁸,
673 5337 904 5392 tertiam
929 5349 1161 5405 quoque
1185 5333 1368 5389 sancti
1395 5333 1643 5406 Spiritus
1665 5336 1874 5410 hypos-

217 5426 374 5483 tasin
435 5426 672 5483 indicat.
731 5425 876 5481 Male
953 5422 1155 5496 igitur,
1215 5439 1321 5480 nec
1376 5428 1662 5496 tanquam
1719 5427 1876 5484 bona

220 5521 418 5575 mente
449 5517 728 5588 praeditus
757 5514 982 5585 ille,qui
1021 5511 1194 5585 vulgo
1225 5517 1422 5570 tamen
1453 5513 1672 5585 Νόητος
1705 5517 1874 5590 quasi

220 5612 418 5664 mente
448 5609 731 5680 praeditus
762 5606 994 5676 dicitur,
1047 5604 1288 5671 Patrem,
1321 5603 1560 5676 Filium,
1600 5611 1657 5663 et
1688 5607 1874 5682 Spiri-

1994 4801 2108 4859 lius
2141 4802 2360 4858 :totius
2405 4801 2658 4873 denique
2715 4817 2974 4871 personas
3028 4801 3238 4872 ﬁgura,
3269 4805 3444 4857 Pater
3467 4807 3641 4859 esset.

1995 4891 2203 4947 Filium
2233 4892 2505 4959 addebat,
2553 4897 2830 4961 tanquam
2864 4890 3117 4962 radium,
3151 4889 3466 4962 aliquando
3498 4893 3645 4950 mis-

1991 4997 2120 5038 sum
2155 4998 2308 5049 csse,
2342 4983 2460 5037 imo
2516 4980 2710 5053 potius
2758 4982 2989 5036 Patrem
3023 4980 3080 5034 in
3133 4980 3322 5052 Specie
3381 4981 3509 5037 Filii
3542 4985 3644 5040 de-

1991 5072 2308 5142 scendisse,
2361 5071 2460 5143 qui
2489 5088 2556 5128 ea
2586 5073 2919 5140 exsecutus,
2959 5087 3089 5142 quae
3120 5071 3192 5126 ad
3245 5073 3642 5146 evangelicum

1991 5161 2490 5234 dispensationem
2524 5160 2894 5232 pertinebant
2939 5177 2951 5215 :
2983 5163 3264 5232 tanquam
3298 5162 3481 5220 Filius
3513 5181 3641 5221 rur-

1988 5266 2090 5306 sus
2119 5250 2177 5305 in
2210 5250 2422 5306 coelum
2456 5254 2723 5322 receptus
2752 5253 2929 5315 esset,
2989 5266 3103 5306 non
3136 5267 3306 5307 secus
3337 5257 3514 5326 atque
3544 5273 3642 5313 ra-

1987 5339 2122 5395 dius
2151 5357 2185 5395 a
2216 5339 2336 5396 sole
2371 5338 2590 5394 missus
2612 5339 2682 5394 ad
2717 5341 2915 5411 ipsum
2947 5339 3140 5395 denuo
3175 5339 3642 5414 se'recipit.Sau-

1985 5433 2142 5485 ctum
2177 5428 2427 5500 denique
2444 5429 2724 5501 Spiritum
2746 5430 2802 5484 in
2822 5429 2983 5484 hunc
3007 5431 3317 5501 mundum,
3352 5435 3640 5505 tanquam

1985 5518 2305 5590 energiam,
2339 5534 2442 5574 seu
2472 5517 2588 5574 vim
2619 5518 2942 5574 et'fectivam
2977 5517 3165 5576 Patris
3216 5521 3466 5578 missum
3493 5540 3638 5596 esse;

1984 5609 2056 5664 ad
2098 5624 2196 5664 eos
2227 5611 2283 5664 et
2315 5607 2548 5680 publice
2567 5613 2623 5663 et
2653 5607 2949 5681 privatim,
2985 5608 3172 5680 quiab
3207 5609 3305 5666 illo
3336 5612 3639 5687 vivificari,

293 5723 970 5798 33M_attb._xxvm,u19.
1048 5721 1095 5757 ³³
1150 5723 1524 5798 Joan._‘x_vn._
1562 5723 1615 5780 i.
1692 5725 1738 5760 ³³
1796 5725 1943 5798 Ibid.
1982 5725 2054 5798 ,5.
2134 5724 2180 5757 ³⁵
2232 5727 2396 5780 Joan.
2455 5742 2547 5790 xv,
2600 5727 2689 5798 26.
2765 5725 3012 5782 33Joan.
3071 5727 3313 5798 xvr,1ii.
3391 5729 3437 5769 ³⁷
3464 5731 3635 5790 Joan.

214 5814 256 5869 1,
289 5799 339 5854 1.
415 5795 460 5832 ³⁸
493 5795 638 5855 Ibid.
672 5795 757 5851 14.
835 5793 880 5830 ³9
910 5795 1041 5852 Luc.
1079 5811 1119 5866 ι,
1150 5796 1240 5850 35.

1323 5792 1368 5829 ⁴⁰
1397 5795 1550 5854 Psal.
1584 5813 1732 5866 XLIV,
1765 5799 1821 5854 8.
1897 5797 1940 5834 ‘1
1971 5796 2142 5857 Joan.
2176 5814 2267 5869 xx,
2303 5797 2390 5856 17.
2467 5798 2511 5832 ⁴²
2539 5796 2686 5854 Ibid.
