4054 6386
398 358 554 423 1299
1721 354 2033 420 NlCE’l‘IE

2164 354 2495 421 [ONIAT/E
3674 371 3706 432 1
3719 372 3848 434 300

406 492 609 563 foveri,
660 496 719 550 et
755 492 1030 562 caleﬁeri,
1089 494 1237 550 votis
1294 493 1637 551 ardentibus
1693 492 2048 565 expeterent.
2082 489 2140 555 A
2170 494 2419 548 Prorsus
2446 491 2602 549 enim
2636 493 2948 565 conjuncta
2978 498 3054 567 (et
3106 503 3500 571 consequetur
3529 502 3853 578 deinceps"

2159 584 2223 634 ut
2257 581 2407 636 Deus
2468 582 2639 638 Pater
2685 600 2923 640 carnem
2956 588 3357 659 assumpsisse
3407 589 3670 660 dicatur,
3708 611 3848 667 pro-

2160 676 2289 741 pter
2343 669 2500 726 illam
2560 672 2893 729 divinitatis
2950 667 3186 746 ἔκτασιν,
3234 695 3338 734 seu
3398 682 3843 755 extensionem,

2160 773 2333 829 quam
2378 760 2687 816 Marcellus
2745 763 3091 835 introduxit,
3126 783 3240 822 una
3297 783 3431 823 cum
3467 786 3845 845 concorpore

2159 846 2331 903 Verbi
2364 848 2461 904 Dei
2497 850 2687 906 denuo
2719 850 2776 906 in
2810 854 3075 909 eamdem
3109 858 3528 927 contractione,
3561 878 3699 933 quae
3731 881 3842 920 ne-

2162 937 2417 993 cessario
2448 943 2931 1011 consequeretur.
2960 941 3087 999 Una
3132 944 3287 999 enim
3323 946 3487 1003 Verbi
3510 948 3616 1005 Dei
3648 953 3834 1009 etiam

2162 1032 2293 1095 post
2327 1032 2689 1099 assumptum
2706 1045 2943 1085 carnem
2977 1048 3226 1104 persona
3250 1035 3398 1107 erat)
3434 1041 3577 1093 :aut
3601 1040 3841 1113 absque

2163 1131 2404 1186 corpore
2433 1117 2500 1171 ad
2536 1116 2721 1173 Deum
2774 1119 3005 1176 Patrem
3036 1121 3138 1178 illa
3188 1125 3512 1182 divinitatis
3544 1133 3842 1203 extensio,

2163 1221 2291 1276 quae
2324 1204 2382 1259 in
2432 1204 2662 1262 Christo
2695 1213 2839 1275 erat,
2871 1211 2943 1264 ad
2995 1210 3306 1283 pristinam
3358 1218 3843 1277 contractionem

2162 1294 2338 1349 rediit
2385 1311 2539 1351 :nec
2588 1296 2846 1369 amplius
2892 1300 2999 1358 erit
3032 1302 3321 1371 Christus,
3354 1306 3455 1361 sed
3507 1309 3719 1365 nudus
3786 1314 3846 1367 et

2164 1381 2415 1455 simplex
2444 1384 2617 1440 homo
2649 1386 3029 1459 duntaxat,ut
3060 1392 3160 1463 qui
3188 1392 3440 1449 duarum
3475 1399 3844 1456 naturarum

2165 1474 2626 1545 praestantiorem
2661 1478 3067 1537 exuerit.Patri
3091 1481 3343 1555 denique
3382 1483 3560 1541 Jesus
3589 1487 3843 1559 quidam

2164 1564 2489 1620 divinitatis
2517 1582 2721 1639 expers
2744 1569 3021 1628 assidebit
3045 1588 3059 1630 :
3083 1579 3185 1630 aut
3208 1574 3410 1633 saltem
3438 1577 3838 1652 implumium

2164 1654 2455 1727 pullorum
2492 1655 2679 1715 instar
2709 1660 3135 1732 dcturbabitur,
3176 1664 3476 1722 divinitate
3535 1669 3834 1730 nimirum

2166 1750 2451 1819 privatus,
2516 1763 2633 1818 qua
2661 1750 3009 1821 gravitatem
3071 1753 3340 1812 sublevet
3372 1772 3385 1811 :
3415 1773 3648 1831 nosque
3683 1762 3837 1819 adeo

411 1818 693 1919 Ρθίξυῖῖεξνί
714 1820 977 1932 ξίυοάεξῗ
1011 1820 1245 1932 Ποῐξίοθ
1270 1821 1433 1876 Pater
1463 1820 1728 1932 (if-Filius
1757 1828 2057 1932 Vocfimur:
2091 1865 2138 1932 Β
2170 1818 2395 1909 egregie
2425 1818 3385 1911 desipicmus,quobominem,non
3417 1818 3614 1903 autem
3638 1818 3836 1908 Deum

411 1908 553 2007 (ΙΡῘΕ
584 1906 862 2007 Πίωίνξληλ
893 1908 950 1963 id
984 1909 1137 2007 (19οά
1172 1909 1621 2007 ξθιξθτειῐλεῖίυᾷ
1652 1926 1777 2007 est“?
1813 1910 2057 1980 Viden":
2091 1906 2138 1932 υ
2167 1906 2573 1989 incarnatum—
2596 1906 2975 1989 adorabimus
3025 1951 3039 1990 :
3074 1937 3231 2007 quod
3288 1937 3526 2006 quidem
3576 1945 3840 2000 cunctas

410 1996 484 2051 ab
517 2013 583 2052 eo
626 1996 779 2068 quod
814 2001 1146 2066 generatur.
1178 1998 1328 2062 Quin
1372 1998 1547 2053 etiam
1594 1999 1798 2054 beatus
1831 2015 2049 2071 quoque

2164 2019 2415 2079 baireses
2467 2023 2768 2094 impietate
2808 2022 2975 2080 facile
3014 2025 3259 2082 excedit.
3293 2025 3602 2086 Nestorius
3644 2032 3841 2104 enim,

411 2082 630 2176 Paulus
663 2085 734 2140 ad
777 2084 1049 2141 Ηθδτωοε
1078 2085 1342 2142 scribens
1389 2086 1471 2142 ίίᾶ
1515 2086 1585 2142 de
1629 2085 1775 2144 Filio
1818 2087 2056 2159 inqu“:
2165 2111 2400 2167 tametsi
2435 2082 2759 2167 naturalem
2812 2110 3136 2168 divinitatis
3167 2117 3225 2168 et
3253 2082 3842 2176 meminisse;

416 2175 524 2243 Qui
550 2189 676 2230 σωη
710 2176 771 2230 in
796 2178 984 2245 Ιονηπι
1014 2176 1113 2274 Ῑξθί
1141 2185 1299 2274 85f“:
1345 2194 1461 2274 nfm
1510 2178 1771 2249 rapinam
1808 2178 2062 2274 ξινῦτζνα-
2159 2199 2526 2270 junctionem
2575 2205 2836 2272 negaret,
2869 2217 3175 2274 unumque
3224 2203 3522 2261 Christum
3584 2208 3746 2266 duas
3780 2175 3843 2267 in

413 2268 503 2319 tus
532 2273 613 2320 est
642 2279 701 2319 se
728 2280 844 2321 esse
871 2265 1148 2337 aqualem
1178 2266 1403 2338 Deo,sed
1441 2269 1686 2339 seipsum
1722 2269 2049 2325 exinanivit.

2164 2304 2448 2359 personas
2480 2288 3110 2356 divideret,scbeticam
3143 2296 3361 2364 tamen,
3397 2294 3506 2351 hoc
3539 2301 3636 2353 est
3666 2297 3844 2356 habi-

410 2357 650 2426 formam
674 2357 821 2410 servi
834 2354 1111 2426 accipiens
1141 2354 1209 2411 43.

2164 2375 2386 2434 tualem
2420 2394 2521 2434 seu
2556 2377 2854 2436 relativum
2888 2380 3631 2451 copulam,etindivulsum
3653 2387 3841 2445 Verbi

486 2441 734 2535 Proinde
766 2459 1005 2535 necesse
1035 2448 1147 2512 est.
1190 2448 1256 2535 ut
1286 2444 1336 2500 is
1362 2444 1513 2501 alius
1574 2446 1759 2503 fuisse
1806 2447 2056 2517 dicatur.
2164 2470 2221 2522 et
2248 2468 2386 2523 Jesu
2438 2483 2790 2524 concursum
2827 2441 3138 2525 fatebatur.
3165 2441 3295 2526 'Alii
3327 2441 3549 2530 autem,
3582 2441 3841 2535 David;

412 2530 594 2603 Ψλίίη
620 2531 919 2588 formal)“
951 2531 1311 2635 essetnam.“
1341 2539 1566 2638 φξητθθ
1598 2535 1650 2591 ίε
1682 2537 1853 2607 cuius
1878 2537 2060 2593 forma
2166 2572 2294 2612 cam
2354 2572 2555 2612 vocem
2608 2555 2759 2612 male
2816 2557 3231 2631 intelligentes,
3305 2579 3423 2635 qua
3502 2564 3729 2638 inquit,
3776 2568 3836 2623 In

410 2637 476 2678 ea
501 2628 619 2676 erat
652 2638 665 2675 :
708 2639 811 2677 nec
838 2638 1016 2678 unum
1053 2623 1356 2695 quippiam
1380 2623 1653 2696 idemque
1685 2641 1929 2683 numero
1952 2632 2049 2684 Pa-

2164 2645 2275 2701 δοιά
2306 2648 2490 2717 posuit
2540 2646 2958 2703 tabernaculum
2987 2664 3148 2704 suum
3178 2649 3243 2719 ιδ,
3280 2623 3474 2709 carnis
3504 2623 3837 2725 depositio-

411 2714 513 2765 ter
563 2715 621 2766 et
677 2711 882 2783 Filius,
936 2713 1035 2769 sed
1088 2712 1323 2785 propria
1366 2713 1761 2786 peculiarique
1810 2733 2049 2788 persons

2165 2753 2297 2792 nem
2332 2737 2696 2800 invexcrunt,
2733 2738 3063 2810 Filiumque
3107 2740 3365 2797 Verbum
3399 2744 3471 2799 ad
3502 2744 3695 2802 Deum
3734 2750 3840 2805 Pa-

2164 2834 2310 2882 trem
2370 2842 2504 2882 cum
2536 2827 2661 2883 sola
2716 2827 3019 2884 divinitate
3077 2832 3417 2888 ascendisse
3470 2835 3836 2896 docuerunt.

2165 2915 2275 2979 Qui
2306 2919 2500 2971 autem
2537 2933 2569 2972 a
2611 2915 2883 2973 Marcello
2916 2919 3169 2988 stabant,
3202 2921 3261 2977 in
3295 2923 3652 2981 contrariam
3687 2944 3836 2983 sen-

2164 3003 2432 3075 tentiain,
2513 3021 2756 3078 eamque
2830 3008 3176 3065 deteriorem
3254 3010 3636 3084 divertentes,
3691 3016 3835 3072 Filii

2165 3110 2470 3166 personam
2501 3095 2558 3150 in
2584 3094 2768 3151 Deum
2793 3095 3017 3154 Patrem
3039 3099 3651 3159 resolvebant.Verum
3670 3106 3841 3163 enim

2166 3199 2299 3240 vero
2326 3199 2457 3238 cum
2491 3183 2823 3257 blasphemi
2858 3184 2943 3240 illi
3001 3187 3279 3260 Spiritum
3323 3186 3591 3255 ἐκτάσεως
3624 3195 3841 3265 παρὲκ-

2163 3293 2338 3340 τασιν,
2399 3273 2509 3329 hoc
2566 3279 2654 3330 est
2712 3277 3101 3332 exstensionis
3178 3281 3626 3351 productionem
3699 3303 3839 3344 esse

2166 3362 2348 3432 aiunt,
2384 3379 2561 3419 unam
2610 3364 2668 3419 in
2704 3371 2911 3421 sancta
2952 3366 3237 3424 Trinitate
3282 3386 3594 3442 personam
3634 3379 3838 3435 mani-

717 618 987 674 Haereseos
1020 617 1383 689 praecedentis
1414 619 1738 689 con/utatio.

477 748 611 812 Quae
642 749 846 800 contra
867 745 1113 801 Noetum
1143 745 1300 801 dicta
1330 750 1469 802 sunt
1500 743 1735 815 (48),ουί
1766 741 2056 800 Sabellius

407 833 496 906 (ut
525 850 595 889 ex
625 832 907 889 haereseos
929 833 1314 889 similitudine
1340 832 1713 904 perspicuum
1743 831 1852 905 est)
1884 848 2053 886 suam

407 922 747 995 proditurus
779 922 1133 995 imperitiam
1167 922 1435 990 adhaesit,
1466 923 1538 978 ad
1570 921 1892 977 Sabellium
1917 937 2056 992 quo-

408 1028 522 1085 que
553 1012 980 1068 confutandam
1014 1012 1338 1068 sufﬁciunt.
1373 1013 1454 1067 Ad
1489 1010 1835 1082 ampliorem
1885 1027 2056 1082 porro

407 1099 874 1158 Sabellianorum
920 1100 1213 1157 haereseos
1254 1101 1711 1156 contutationem
1754 1100 1877 1156 haec
1913 1116 2055 1172 quo-

406 1209 521 1266 que
570 1193 920 1265 superadjici
978 1198 1230 1267 possunt
1279 1209 1293 1250 :
1339 1194 1401 1250 Si
1453 1210 1609 1250 unus
1657 1194 1932 1265 idemque
1981 1194 2059 1249 sit

405 1286 574 1339 Pater
603 1287 660 1339 et
688 1283 891 1352 Filius,
925 1299 1217 1355 quaenam,
1251 1299 1471 1355 quaeso,
1499 1283 1813 1339 nominum
1847 1282 2056 1339 distin-

406 1372 617 1429 ctionis
652 1370 797 1428 ratio
827 1372 1050 1428 fuerit?
1080 1372 1227 1428 Nam
1272 1373 1377 1445 qui
1418 1371 1543 1428 fieri
1587 1376 1796 1444 potest,
1847 1376 1912 1427 ut
1961 1371 2055 1443 qui

407 1460 586 1517 alium
630 1477 746 1518 non
766 1461 991 1533 genuit,
1019 1461 1208 1530 Pater,
1232 1466 1289 1518 et
1310 1460 1411 1533 qui
1428 1461 1590 1518 nullo
1620 1477 1861 1533 prorsus
1884 1463 2057 1517 modo

407 1552 643 1625 genitus
674 1559 788 1625 est,
822 1553 1003 1609 Filius
1033 1553 1357 1626 appelletur
1377 1556 1402 1608 .9
1425 1554 1572 1618 Quia
1592 1571 1726 1610 vero
1746 1553 1914 1610 illum
1939 1554 2061 1626 qui-

411 1644 542 1698 dem
574 1643 873 1715 genuisse,
897 1641 1055 1698 hunc
1092 1651 1286 1698 autem
1318 1643 1580 1715 genitum
1614 1659 1740 1699 esse
1772 1660 1950 1699 sacra:
1982 1647 2061 1699 at-

410 1735 699 1788 testantur
738 1732 989 1800 Litterae,
1030 1748 1096 1787 eo
1144 1732 1228 1802 tit,
1262 1736 1326 1787 ut
1364 1748 1466 1804 per
1509 1750 1571 1788 se
1611 1733 1958 1799 subsistunt,
2005 1738 2061 1788 et

413 2799 640 2870 praediti
662 2816 791 2855 esse
822 2801 1108 2867 dicantur,
1141 2803 1241 2873 qui
1272 2803 1424 2858 inter
1452 2820 1515 2859 se
1557 2803 1816 2860 vicissim
1853 2807 2057 2863 eadem

408 2889 468 2944 in
501 2888 831 2945 substantia
866 2891 1273 2947 considerandi
1309 2892 1447 2947 sint.
1708 2878 1717 2881 ”

477 2976 607 3034 Alio
630 2978 754 3034 loco
774 2978 957 3035 Filius
979 2995 1046 3034 ex
1073 2979 1404 3035 substantia
1436 2984 1752 3052 paternase
1772 2983 2059 3053 prodiisse

406 3067 743 3137 ostendens,
786 3070 920 3137 Ego,
966 3069 1181 3139 inquit,
1226 3086 1262 3124 ιι
1302 3071 1466 3125 Patre
1485 3071 1637 3127 exivi
1682 3070 1748 3125 4‘.
1782 3072 1889 3136 Qui
1922 3089 2056 3145 ergo

405 3156 530 3212 ﬁeri
587 3158 818 3228 poterit,
851 3173 968 3229 quo
1018 3158 1215 3213 minus
1273 3158 1425 3213 alius
1455 3159 1531 3214 sit
1586 3177 1621 3216 a
1650 3160 1818 3216 Patre
1851 3161 2053 3230 Filius,

406 3244 461 3300 si
483 3261 747 3316 personae
779 3244 1129 3316 numerique
1161 3246 1310 3301 ratio
1345 3246 1628 3304 habeatur
1656 3248 1683 3303 ‘t
1704 3248 1849 3305 Nam
1881 3251 2049 3321 quid-
2091 3238 2134 3306 C

407 3332 545 3406 quid
578 3328 650 3388 ab
680 3333 879 3406 aliquo
932 3335 1238 3406 processit,
1277 3335 1350 3390 ab
1382 3352 1447 3392 eo
1497 3353 1698 3394 revera
1756 3340 2053 3397 diversum

408 3424 521 3493 est,
552 3436 585 3475 a
611 3438 726 3493 quo
759 3422 1064 3494 processit.

1039 3529 1195 3588 CAP.
1225 3531 1427 3588 XXIX.

411 3635 685 3694 Vicesima
750 3653 896 3695 nona
948 3639 1193 3766 Ιιεςιονθςςίεςί
1246 3639 1497 3697 Marcelli
1547 3657 1561 3696 :

1196 3727 1285 3766 ur.

1196 3727 1285 3769 ur.

2164 3452 2309 3507 feste
2339 3457 2692 3522 autumant;
2727 3454 2951 3527 hocque
3009 3459 3177 3528 pacto
3228 3458 3442 3515 divinis
3498 3461 3837 3535 Scripturis

2163 3545 2219 3597 et
2275 3541 2627 3615 evangelicis
2684 3543 2857 3599 dictis
2916 3545 3323 3604 adversantur.
3375 3549 3523 3607 Nam
3556 3555 3663 3624 qui
3698 3555 3831 3612 ﬁeri

2162 3632 2369 3703 possit,
2405 3636 2467 3687 ut
2517 3633 2567 3686 is
2618 3632 2798 3688 Filius
2853 3636 2909 3688 et
2954 3633 3208 3691 Verbum
3267 3638 3366 3694 Dei
3418 3646 3685 3711 vocetur,
3720 3648 3831 3717 qui

2161 3719 2319 3775 nullo
2350 3722 2524 3776 modo
2555 3721 2708 3793 apud
2755 3720 2887 3778 illos
2939 3721 3300 3786 ὲνυπόστατος
3339 3732 3450 3797 est,
3482 3746 3588 3786 seu
3623 3749 3735 3804 per
3768 3753 3832 3792 se

465 3834 671 3891 Galata
724 3836 1030 3892 Marcellus
1084 3838 1286 3893 eodem
1339 3839 1535 3910 modo,
1594 3855 1711 3910 quo
1737 3840 2047 3911 Sabellius,
2158 3808 2420 3918 sabitim
2500 3809 2587 3865 vel
2647 3809 2801 3918 an}?
2856 3811 3107 3918 Βρίξίωδ
3141 3812 3558 3918 Pande???
3596 3823 3832 3894 Hujus'

391 3923 738 3981 Trinitatem
755 3927 1130 3998 negavitzsed
1165 3929 1480 3998 quamdam
1496 3932 1752 4001 paterna:
1779 3902 2047 3988 divinita:
2158 3902 2312 4022 moei
2349 3907 2504 3958 certe
2531 3902 2907 4022 .asiemronﬁs
2946 3906 3324 4022 digmf‘tibus
3384 3909 3601 3968 Chrisu
3632 3917 3833 3975 refra-

344 4010 354 4021 ’
388 4013 461 4069 tis
493 4009 732 4086 ἔκτασιν,
765 4015 874 4070 hoc
906 4023 993 4071 est
1015 4017 1409 4073 extensionem
1454 4016 1512 4071 in
1547 4017 1759 4074 Filium
1793 4020 2046 4078 subiisse

386 4103 636 4155 dicebat.
694 4121 873 4155 auum
925 4105 1107 4155 Deum
1170 4106 1424 4155 Verhum
1491 4109 1831 4155 nnminnhnt
1869 4129 1880 4141 -
1914 4131 2042 4155 mm

2164 3994 2390 4064 gantur,
2444 3993 2544 4063 qui
2577 3993 2658 4049 ait
2692 4010 2705 4047 :
2739 3993 2940 4050 Euntes
2996 3996 3176 4052 docete
3231 4013 3417 4055 omnes
3473 4008 3691 4076 gentes,
3727 4008 3830 4064 ba-

2164 4085 2425 4145 ptizantes
2452 4099 2540 4141 eos
2571 4087 2630 4141 in
2676 4086 2903 4142 nomine
2930 4089 3116 4145 Patris
3170 4094 3223 4145 et
3265 4092 3419 4155 Filii,
3470 4101 3525 4150 et
3565 4097 3830 4155 Spiritu:

386 4104 636 4172 dicebat,
694 4121 873 4178 quam
925 4105 1110 4162 Deum
1170 4106 1426 4163 Verbum
1491 4109 1833 4167 nominabat
1867 4129 1880 4167 :
1914 4131 2042 4184 quae

384 4192 622 4264 quidem
678 4196 809 4266 post
840 4193 1122 4250 universae
1173 4194 1638 4267 dispensationis
1669 4215 2040 4259 consumma-

2164 4104 2425 4145 svzames
2452 4104 2540 4141 eos
2571 4104 2630 4141 in
2676 4104 2903 4142 nomine
2930 4104 3116 4145 ram:
3170 4104 3223 4145 et
3265 4104 3419 4159 nm,
3470 4104 3525 4150 et
3565 4104 3830 4169 Spiritus

2164 4173 2418 4230 iuncti“.
2451 4174 2688 4243 Triplici
2747 4176 2905 4231 enim
2959 4178 3266 4234 nominum
3329 4180 3727 4258 invocatione,
3765 4196 3829 4246 et

383 4283 600 4338 tionem
635 4264 849 4354 rejects
904 4264 1289 4356 retractaque—
1309 4285 1380 4340 ad
1425 4290 1604 4343 Deum
1636 4288 1825 4345 denuo
1858 4292 2036 4348 redis-
2149 4264 2242 4371 bnis
2275 4264 2488 4371 vertis,
2526 4265 2681 4320 Am“
2713 4266 3600 4371 Paracle’f‘siiré-f’Et’sﬁgnéniur
3634 4277 3828 4351 hYPO’

381 4377 491 4441 set,
542 4389 574 4427 a
604 4388 720 4443 quo
749 4375 886 4428 ante
917 4378 1155 4429 extensa
1191 4355 1412 4431 fuerat.
1447 4375 1899 4434 Sanctissimum
1930 4397 2033 4436 au-
2148 4357 2356 4409 εΐδδθδ·
2391 4358 2553 4408 Hanc
2586 4372 2759 4426 Porro
2790 4355 3036 4413 δδδΐθείυ
3088 4358 3235 4414 nihil
3266 4360 3424 4416 “Had
3461 4380 3649 4436 quam
3678 4385 3822 4426 δείλ’

378 4465 496 4515 tem
532 4459 815 4530 spiritum
849 4461 1176 4530 παρέκτασιν
1227 4464 1327 4527 τῆς
1357 4459 1646 4530 ἐκτάσεως,
1682 4467 1787 4523 hoc
1820 4474 1907 4524 est
1936 4486 2031 4525 ρΧ,
2142 4459 2247 4499 sus
2280 4442 2527 4499 humani
2560 4461 2799 4500 sensum
2833 4462 2983 4515 esse,
3028 4447 3117 4503 vel
3159 4463 3228 4503 ex
3259 4466 3326 4505 eo
3357 4459 3611 4523 constat,
3650 4462 3819 4530 quod

965 4482 1176 4516 ἔκτασιν
1227 4482 1327 4525 της
1357 4482 1646 4525 εκτασεως’
1682 4482 1787 4523 Hoc
1820 4482 1907 4524 Bst
1936 4486 2031 4525 ΘΧ-
2142 4482 2247 4499 uua
2281 4482 2527 4499 uuuiuua
2560 4482 2799 4500 animus”
2833 4482 2983 4515 uoco,
3037 4482 3117 4503 νει
3159 4482 3228 4503 CA
3259 4482 3326 4505 ῡυ
3357 4482 3611 4523 υυυδιιιι,

378 4478 496 4515 lem
532 4478 815 4532 bplrttum
849 4480 1176 4535 παρεκτασιν
1227 4481 1327 4527 της
1357 4478 1646 4532 εκτασεως,
1682 4478 1787 4523 hoc
1820 4478 1907 4524 est
1936 4486 2031 4525 ex-

374 4549 661 4607 teusionis
718 4552 1143 4619 extensionem,
1190 4569 1317 4624 quas
1359 4554 1641 4624 apostolis
1701 4556 2025 4629 obtigisset.

376 4642 441 4672 Ῐῖι
475 4658 588 4672 Iahn
622 4642 796 4672 «θῆαι-ιιι
831 4642 1125 4672 nknn‘uvnm
1188 4642 1281 4672 Ηιι.
1309 4644 1655 4672 ῨΪἾ-ἶηῖι-ιΙΑυυι
1694 4650 1921 4672 -..1.-..η13
1976 4648 2049 4672 -ι’

2164 4478 2247 4499 iua
2281 4478 2527 4499 μυιιιαυι
2560 4478 2799 4500 acuaqu
2833 4478 2983 4515 ῠδδῠ,
3034 4478 3117 4503 νει
3159 4478 3228 4503 ελ
3259 4478 3326 4505 συ
3357 4478 3611 4523 υυυδιξιι,
3650 4478 3819 4530 quoa

2164 4548 2264 4587 nec
2296 4548 2528 4603 quoque
2555 4532 2839 4602 desolata,
2898 4536 3209 4605 exstincta,
3243 4542 3301 4593 et
3343 4539 3455 4596 sub
3486 4542 3824 4605 oblivionis

2168 4622 2416 4672 enebras
2449 4622 2717 4672 demersa
2763 4623 2859 4672 sit-
2892 4625 2949 4672 Is
2980 4625 3134 4672 enim
3165 4629 3264 4672 nni
3317 4630 3684 4672 nmt'nnrtnm
3723 4639 3821 4672 inn

376 4642 444 4700 Ut
475 4658 589 4698 uno
622 4642 796 4698 verbo
829 4642 1152 4711 absolvam,
1188 4622 1283 4699 ille
1309 4622 1657 4702 Trinitatem
1691 4622 1924 4705 extendi
1972 4622 2108 4707 et’u
2142 4622 2416 4676 tenebras
2449 4622 2717 4678 demersa
2763 4623 2859 4678 εἰτ’
2892 4625 2949 4679 IS
2980 4625 3134 4679 enim
3165 4629 3266 4698 qni
3317 4630 3686 4698 Ρτοῗυηάυῐῐι
3723 4639 3823 4693 ill-

371 4730 658 4802 contrabi,
693 4748 797 4802 pro
827 4730 1286 4804 dispensationis
1348 4733 1686 4792 diversitate
1719 4738 2023 4797 fabulaba-
2137 4714 2356 4804 crept?“
2406 4711 2574 4782 Eique
2605 4713 2769 4804 digit
2798 4714 3050 4804 0659mm
3082 4712 3135 4804 47,
3165 4734 3177 4771 ⁵
3236 4722 3294 4772 et
3323 4718 3471 4775 hanc
3529 4727 3589 4778 et
3622 4732 3819 4783 πεῖθ’

370 4823 487 4875 tur.
645 4800 711 4802 ν-
924 4800 943 4804 -
2135 4817 2230 4855 ras
2283 4800 2539 4856 ᾕερῐρερε
2596 4800 2968 4870 oblitteravit,
3040 4803 3259 4877 quippe
3319 4824 3446 4879 quis
3506 4812 3813 4882 plantatio

2134 4895 2331 4946 essent
2361 4906 2533 4961 quam
2570 4890 2738 4947 Pater
2767 4890 3021 4948 caelestis
3054 4892 3214 4950 nullo
3247 4913 3506 4969 unquam
3532 4906 3816 4977 tempore

2134 4978 2506 5051 plantaverit.

1640 3642 1702 3699 Ιιὶ
1757 3644 2051 3716 baptizan-

689 4915 942 4969 eresos
981 4911 1343 4985 prmeedentis
1377 4916 1700 4985 confatalia.

440 5017 726 5085 Dogmata
784 5015 876 5073 hic
925 5033 1160 5088 quoque
1209 5017 1373 5075 nullo
1434 5021 1606 5076 modo
1656 5021 2025 5080 admittenda

368 5102 741 5172 probandave
793 5107 1177 5177 proponebat.
1210 5106 1318 5170 Qui
1368 5108 1526 5164 enim
1558 5109 1684 5165 fieri
1718 5116 1929 5183 potest,
1955 5119 2020 5170 ut
2765 5096 2924 5153 οΑΡ·
2960 5098 3136 5157 XXX-

365 5186 693 5258 ὗπόστατον,
737 5193 846 5272 hoc
876 5200 966 5250 est
996 5212 1099 5266 per
1129 5213 1192 5251 se
1247 5197 1579 5254 subsistens
1639 5199 1738 5255 Dei
1768 5199 2016 5258 Verbum

364 5296 482 5336 una
509 5298 645 5339 cum
677 5287 986 5364 assumpta
1005 5300 1179 5340 carne
1203 5295 1598 5358 assumptum,
1635 5289 2020 5364 assiduusque

366 5366 483 5424 Deo
512 5375 570 5426 et
602 5371 776 5439 Patri,
799 5362 1072 5438 ἔκστασις,
1104 5389 1207 5429 seu
1238 5377 1501 5432 extensio
1532 5381 1786 5448 paterna:
1807 5362 2017 5438 divini-

2450 5238 2745 5296 Tricesima
2774 5238 3019 5312 hmresis,
3069 5241 3460 5302 Valentiorum.

2199 5383 2414 5440 Valens
2445 5384 2685 5457 quidam
2739 5384 2925 5441 Arabs
2976 5386 3211 5444 natione
3265 5390 3451 5448 fuisse
3481 5394 3696 5470 fertur,
3729 5420 3805 5459 ex

367 5456 895 5532 tatis,rnrsumque
909 5461 978 5515 ad
1008 5463 1186 5517 Deum
1201 5462 1431 5520 Patrem
1460 5466 1967 5527 contrahidicatur
1990 5472 2020 5528 ‘2
2126 5491 2243 5548 quo
2274 5456 2483 5541 evenit,
2518 5479 2581 5530 ut
2611 5474 2739 5546 ejus
2774 5475 3011 5534 haeresis
3042 5476 3102 5534 in
3134 5477 3411 5539 Bacathis
3444 5456 3797 5557 pullularet:

431 5571 477 5607 ⁸³
505 5574 756 5649 Philipp.
788 5591 851 5641 ιι,
880 5575 935 5644 6,
965 5577 1021 5631 7.
1098 5577 1144 5611 “
1175 5576 1343 5634 Joan.
1375 5597 1489 5651 xvi,
1517 5584 1608 5638 28.
1685 5583 1732 5619 ιδ
1761 5584 1912 5641 Psal.
1940 5606 2098 5664 xvm,
2131 5590 2186 5648 6.
2264 5591 2310 5627 ⁴⁶
2340 5591 2546 5649 Matth.
2578 5595 2774 5663 xxvni,
2813 5593 2898 5652 19.
2978 5592 3023 5630 ⁸⁷
3063 5595 3175 5652 Isa.
3213 5612 3366 5671 xmv,
3395 5602 3486 5659 27.

430 5697 537 5775 (48)
566 5707 620 5762 S.
654 5700 847 5775 Cyrilli
880 5701 939 5757 in
963 5702 1340 5774 Evangelium
1371 5707 1631 5767 Joannis.
1660 5710 1935 5784 Euthym.
1970 5715 2057 5774 tit.
2091 5736 2146 5777 ι.
