4054 6456
293 411 455 472 1301

1640 412 2040 478 THESAURI
2083 420 2233 480 LIB.
2282 421 2386 483 1V.

3566 427 3724 490 1302

287 547 450 604 Sunt
507 547 704 601 autem
763 545 1018 603 Bacatha
1079 546 1472 617 Metrocomia,
1521 549 1629 605 hoc
1684 553 1772 606 est
1837 552 1956 622 pri-
1987 555 2042 622 Α
2073 554 2253 610 edidit
2286 558 2750 629 multitudinem,
2784 559 3088 633 IEgyptius
3131 575 3360 632 genere,
3409 562 3715 618 sanctissi-

290 637 554 693 marium
589 637 892 707 oppidum,
926 639 1051 709 ejus
1082 637 1449 710 Philalphias,
1498 656 1622 710 quae
1655 639 1714 695 in
1750 639 1953 696 Arabia

285 733 457 783 trans
488 726 803 782 Jordanem
866 729 978 782 sita
1009 732 1118 784 est.
1177 728 1388 784 Eadem
1450 729 1648 800 itaque
1696 729 1952 785 Valentii

287 833 527 889 quoque
560 817 628 871 de
663 816 964 888 principiis
997 821 1052 872 et
1105 819 1495 889 potestatibus
1529 835 1663 874 cum
1696 821 1952 874 Archon-

284 907 447 974 tiris,
481 906 796 976 Sethianis,
829 910 885 961 et
935 906 1159 962 caeteris
1189 906 1366 977 hujus
1429 907 1633 964 farinae.
1665 909 1946 979 sentiunt,

286 996 441 1049 Sunt
471 1000 665 1049 autem
725 1011 927 1050 omnes
987 997 1199 1052 exsecti
1234 1014 1247 1051 :
1282 998 1637 1069 praecipuam
1697 998 1852 1052 enim
1887 998 1945 1053 in

281 1099 355 1139 eo
389 1084 678 1139 collocant
707 1101 956 1155 operam,
981 1090 1042 1141 ut
1075 1103 1254 1157 quam
1288 1085 1579 1157 plurimos
1641 1087 1947 1143 eunuchos

281 1174 565 1230 habeant.
601 1173 910 1230 Hominem
964 1180 1158 1232 autem
1213 1193 1622 1249 quemcunque
1664 1182 1788 1233 suis
1822 1178 1946 1233 riti-

281 1265 403 1321 bus
436 1269 491 1321 et
523 1265 857 1321 cerimoniis
917 1265 1272 1322 initiandum
1331 1267 1721 1340 susceperint,
1770 1268 1948 1325 nullis

280 1356 570 1411 animatis
602 1355 754 1411 vesci
786 1357 1158 1428 permittunt,
1194 1357 1477 1429 quamdiu
1539 1359 1812 1428 pudenda
1844 1358 1946 1415 ha-

279 1445 497 1501 buerit.
535 1445 757 1510 Quibus
798 1447 1006 1502 ablatis
1065 1463 1343 1517 persuaso
1367 1448 1494 1518 jam
1525 1447 1613 1503 vel
1640 1449 1812 1503 etiam
1848 1465 1944 1504 co-

274 1539 412 1594 acto
448 1535 760 1607 discipulo,
795 1536 977 1592 libere
1023 1544 1168 1603 tum,
1203 1541 1259 1592 et
1291 1554 1357 1592 ex
1415 1537 1600 1592 animi
1661 1539 1946 1594 sententia

271 1627 564 1702 quidquid
629 1627 892 1682 arriserit
953 1628 1122 1683 edere
1180 1628 1579 1699 permittunt:
1617 1629 1755 1700 quia
1797 1631 1942 1700 jam,

276 1724 345 1776 ut
381 1718 494 1790 ipsi
549 1717 734 1787 aiunt,
769 1734 801 1771 a
833 1719 1156 1774 certamine
1187 1717 1333 1774 liber
1393 1722 1451 1774 et
1509 1718 1816 1791 expeditus
1842 1727 1944 1774 est.

268 1809 396 1865 Nec
432 1805 685 1878 amplius
715 1823 849 1862 eum
885 1807 945 1861 in
1006 1808 1303 1878 pathicam
1369 1807 1652 1864 ibidinem
1683 1809 1946 1865 ciborum

2066 648 2264 718 mique
2295 649 2568 720 martyris
2629 651 2896 706 Leonidae
2953 649 3110 706 filius
3169 651 3297 708 fuit.
3359 650 3713 707 Alexandriae

2065 745 2462 794 commoratus
2495 745 2604 808 est,
2639 741 2738 794 ubi
2769 757 2902 796 cum
2961 745 3017 795 et
3075 741 3355 797 educatus
3385 750 3436 797 et
3469 743 3710 798 edoctus

2065 827 2294 894 fuisset,
2337 829 2593 884 Athenas
2623 846 2854 901 quoque
2886 829 3313 901 commigravit,
3347 830 3548 902 ibique
3570 832 3713 887 assi-

2065 918 2246 971 duum
2281 935 2342 972 se
2375 919 2430 973 in
2455 919 2771 989 gymnasiis
2793 919 3121 975 auditorem
3148 920 3714 989 praestitit.Tandem

2065 1024 2197 1062 cum
2231 1007 2564 1064 Graecorum
2598 1007 2941 1080 disciplinas
2977 1009 3402 1079 perdidicisset,
3436 1010 3715 1066 ecclesia—

2063 1097 2226 1153 sticis
2259 1115 2491 1170 quoque
2522 1098 2812 1170 dogmatis
2845 1100 3107 1153 animum
3140 1098 3410 1154 excoluit.

2133 1206 2416 1262 Caeterum
2449 1206 2710 1262 Deciana}
2756 1205 3178 1277 persecutionis
3227 1209 3488 1277 tempore
3522 1207 3714 1264 multa

2061 1296 2154 1351 hic
2187 1301 2420 1368 propter
2480 1296 2614 1351 ﬁdei
2667 1296 3112 1352 confessionem
3168 1311 3381 1366 passus
3412 1300 3539 1352 est:
3577 1313 3713 1353 cum

2061 1386 2340 1442 convictis
2372 1387 2680 1442 lacessitus
2729 1386 2981 1441 mediam
3016 1400 3118 1456 per
3176 1384 3377 1441 urbem
3437 1386 3713 1455 trahitur,

2061 1478 2364 1534 tormentis
2442 1478 2743 1547 objicitur,
2805 1475 3175 1548 ludibrioque
3253 1475 3523 1532 habetur.
3583 1475 3712 1531 Ali-

2060 1567 2295 1638 quando
2327 1567 2504 1634 enim,
2540 1571 2604 1622 ut
2633 1566 2926 1623 memorias
2958 1567 3254 1639 proditum
3300 1570 3411 1637 est,
3444 1582 3575 1623 eum
3608 1581 3710 1622 ca-

2061 1657 2177 1728 pite
2207 1658 2518 1713 detonsum
2551 1657 2729 1712 Graeci
2761 1657 2820 1712 in
2881 1658 3133 1728 Serapaei
3191 1656 3396 1729 templi
3424 1656 3708 1713 vestibulo

2060 1749 2508 1818 constituerunt,
2543 1747 2598 1802 id
2631 1747 2895 1803 muneris
2936 1746 3325 1818 imponentes,
3388 1750 3451 1802 ut
3480 1746 3709 1818 palma-

2061 1855 2190 1894 rum
2225 1837 2483 1894 ramulos
2516 1838 2588 1893 iis
2618 1837 2962 1910 porrigeret,
2997 1837 3097 1908 qui
3126 1836 3368 1908 Serapin
3402 1837 3704 1892 adoraturi

271 1896 518 1998 deum?
541 1897 1044 1998 ίίθδηξξυῖτωξωυαξ,
1071 1897 1472 1998 suspicanti]?
1508 1900 1622 1997 N90
1658 1898 1762 1954 hos
1794 1899 1942 1954 dun'
1974 1913 2021 1977 B
2052 1944 2118 1985 eo
2151 1929 2528 1984 ascenderem
2562 1944 2574 1982 :
2611 1896 3054 1998 quoduquidem
3100 1896 3317 1980 munus
3375 1926 3704 1980 socerdotes

266 1990 431 2042 tavat
462 1985 554 2040 his
587 1985 854 2040 afficiunt
889 1985 1102 2051 modis,
1136 1986 1238 2040 sed
1295 1990 1350 2040 et
1382 1987 1434 2041 si
1468 1986 1599 2058 quis
1628 1991 1940 2044 transeun-

277 2077 433 2133 tium
466 2077 538 2131 ad
570 2092 668 2131 eos
703 2075 972 2145 divertat,
1005 2075 1168 2132 illum
1220 2075 1372 2132 intro
1408 2076 1678 2131 revinctis
1711 2095 1742 2132 a
1774 2081 1936 2150 tergo

267 2166 556 2224 manibus
600 2167 919 2240 abripiunt,
973 2173 1217 2242 tumque
1275 2169 1326 2224 vi
1388 2168 1690 2240 pudendas
1745 2177 1936 2241 partes

263 2267 562 2315 exsecant.

587 2378 865 2435 Haereseos
895 2377 1257 2448 praecedentis
1286 2379 1618 2449 confutatio.

347 2493 737 2549 Exsecrandis
797 2493 1115 2550 hreresibus
1175 2494 1539 2550 accensenda
1592 2493 1818 2551 videtur
1877 2499 1933 2551 et

264 2584 400 2652 illa,
433 2599 563 2654 qua)
594 2583 996 2638 Valentiorum
1030 2587 1138 2653 est,
1175 2585 1393 2655 quippe
1423 2602 1551 2655 quas
1586 2601 1700 2640 non
1734 2584 1928 2640 solum

266 2672 580 2744 principiis
611 2677 667 2726 et
698 2672 1086 2744 potestatibus
1110 2689 1142 2727 a
1174 2673 1289 2728 Deo
1317 2674 1527 2728 creatis
1551 2673 1730 2728 totius
1751 2675 1931 2745 hujus

265 2761 680 2815 universitatis
713 2760 1282 2816 administrationem
1323 2762 1636 2816 concredat
1668 2779 1680 2815 :
1716 2764 1811 2817 sed
1849 2763 1932 2817 di-

265 2848 426 2906 vinis
459 2849 632 2904 etiam
669 2849 965 2920 dogmatis
996 2851 1337 2922 refragetur.
1372 2850 1479 2906 Illa
1504 2851 1660 2906 enim
1693 2853 1763 2907 ad
1797 2851 1931 2922 legi-

257 2939 442 2993 timas
476 2937 716 3007 nuptias
745 2938 1116 2994 exhortantia
1145 2940 1229 2995 sic
1260 2940 1534 2996 sanciunt
1565 2956 1578 2997 :
1615 2940 1853 2997 Crescite
1879 2946 1931 2998 et

257 3026 757 3097 multiplicamini,
789 3035 839 3082 et
870 3029 1071 3099 replete
1100 3033 1309 3084 terram
1341 3028 1407 3084 ⁴⁸.

336 3118 582 3174 Valenlii
611 3133 744 3172 vero
785 3119 975 3174 modis
1008 3119 1284 3176 omnibus
1315 3121 1652 3177 exsecrandi
1703 3122 1931 3194 puden-

263 3208 481 3263 dorum
515 3207 928 3274 exsectionem,
983 3209 1091 3264 hoc
1145 3215 1236 3265 est
1289 3227 1603 3266 commune
1660 3213 1927 3268 omnium

2045 2017 2337 2074 idolorum
2369 2018 2529 2073 obire
2589 2017 2878 2072 solebant.
2937 2015 3038 2070 Ille
3096 2031 3232 2070 vero
3268 2014 3550 2086 correptis
3609 2030 3699 2070 ra-

2045 2107 2180 2174 mis,
2214 2107 2458 2162 elatiore
2488 2121 2628 2161 voce
2664 2104 2806 2160 nihil
2835 2113 2933 2160 aut
2963 2103 3180 2159 veritus
3212 2107 3314 2158 aut
3345 2103 3704 2159 addubitans

2042 2196 2475 2252 vociferabatur
2507 2211 2519 2249 :
2553 2193 2761 2249 Venite
2801 2197 2857 2248 et
2913 2193 3182 2264 accipite,
3228 2209 3343 2248 non
3405 2191 3571 2262 idoli,
3606 2194 3712 2248 sed

2041 2285 2280 2354 Christi,
2343 2299 2598 2339 ramum.
2660 2282 2883 2347 Quibus
2947 2282 3141 2337 verbis
3197 2298 3329 2336 mox
3381 2280 3707 2352 iniquitatis

2041 2374 2290 2446 operarii
2317 2373 2593 2429 commoti
2629 2374 2929 2445 optionem
2964 2375 3320 2445 proponunt,
3354 2377 3550 2428 utrum
3588 2373 3710 2428 dm-

2041 2466 2317 2522 monibus
2364 2481 2530 2520 sacra
2585 2465 2798 2531 facere,
2868 2480 2940 2519 an
2991 2479 3125 2519 vero
3185 2479 3400 2534 corpus
3466 2461 3682 2517 Iibidin

2039 2555 2325 2627 {Ethiopis
2357 2554 2561 2610 cinzedi
2593 2555 2946 2627 prostituere
3005 2552 3190 2608 malit.
3251 2551 3355 2608 Ille
3387 2568 3522 2606 cum
3573 2557 3694 2606 tam

2038 2645 2389 2702 sceleratum
2442 2649 2715 2716 stuprum
2777 2643 2892 2714 pati
2951 2659 3066 2698 non
3132 2645 3346 2714 posset,
3381 2640 3704 2697 miserabili

2039 2736 2394 2808 querelaque
2435 2751 2572 2791 voce
2628 2734 2958 2790 sacrificare
3017 2750 3079 2788 se
3138 2732 3313 2788 malle
3345 2731 3704 2803 respondit:

2037 2826 2188 2896 quod
2223 2842 2354 2880 cum
2390 2823 2563 2896 paulo
2597 2829 2730 2895 post
2760 2824 3075 2878 immutata
3129 2821 3423 2877 sententia
3455 2821 3642 2876 facere
3679 2834 3694 2876 :

2037 2916 2442 2983 detractasset,
2496 2913 2582 2968 illi
2643 2912 2936 2985 prioribus
3013 2911 3322 2983 promissis
3379 2911 3703 2978 instantes,

2037 3003 2312 3076 imposito
2347 3002 2623 3059 manibus
2656 3001 2785 3072 ejus
2816 3001 3010 3070 thure,
3043 2998 3228 3055 sacris
3258 2998 3316 3053 id
3351 2997 3575 3069 imponi
3609 2997 3694 3053 fo-

2035 3094 2120 3150 cis
2153 3095 2464 3166 imperant.

2105 3203 2270 3271 Quod
2309 3219 2444 3259 cum
2479 3202 2742 3268 fecisset,
2777 3201 2848 3257 ob
2882 3198 3160 3258 omnibus
3210 3196 3529 3253 Christiani
3565 3197 3712 3269 dog-

258 3296 571 3363 exsitium,
609 3312 964 3368 magnopere
1007 3298 1314 3355 extollunt.
1368 3301 1616 3358 Proinde
1648 3302 1698 3357 si
1729 3317 1932 3358 eorum
1967 3289 2009 3357 C
2045 3294 2222 3350 matis
2282 3290 2716 3348 CODfeSSOPibUS
2773 3294 2830 3346 et
2889 3289 3246 3362 martyribus
3303 3286 3597 3358 explosus.
3643 3291 3699 3342 θῑ

262 3386 671 3442 deliramentis
705 3402 910 3442 omnes
969 3388 1113 3442 forte
1171 3389 1403 3444 fortuna
1461 3391 1923 3463 subscriberent,

261 3476 614 3532 hominibus
647 3475 802 3531 haud
838 3475 1012 3531 dubie
1043 3481 1199 3534 terra
1247 3479 1576 3550 orbaretur,
1639 3481 1925 3539 ferarum-

264 3582 381 3636 que
415 3565 698 3621 duntaxat
727 3566 1079 3622 habitationi
1128 3572 1371 3640 pateret.
1421 3573 1710 3627 Caaterum
1745 3588 1924 3644 quam

265 3654 528 3712 exsectio
590 3655 710 3722 illa,
745 3672 862 3726 qua
918 3673 986 3711 ex
1039 3656 1379 3714 hominibus
1437 3660 1694 3715 eunuchi
1756 3661 1926 3731 ﬁunt,

266 3745 452 3800 laude
483 3743 560 3798 sit
589 3743 1146 3816 indigna,Dominus
1171 3745 1231 3802 in
1255 3747 1585 3819 Evangeliis
1617 3753 1931 3806 attestatus

271 3839 388 3902 est,
417 3832 582 3888 illam
612 3833 793 3888 solam
827 3835 1081 3905 probans
1122 3852 1249 3907 qua
1282 3842 1516 3908 propter
1545 3855 1786 3912 regnum
1820 3859 1932 3896 caa-

268 3922 468 3979 lorum
501 3923 665 3978 ﬁeret
694 3939 706 3978 :
741 3939 864 3993 quae
887 3925 1122 3995 quidem
1146 3926 1389 3983 frenatis
1419 3928 1723 3985 affectibus
1742 3930 1934 4002 potius

271 4027 460 4084 quam
495 4012 785 4081 pudendis
819 4014 1153 4071 resecandis
1184 4016 1337 4072 efﬁci
1369 4017 1535 4074 solet.

340 4099 581 4170 Alioqui
613 4116 746 4156 vero
779 4117 910 4156 cum
942 4103 1119 4158 variae
1148 4114 1282 4160 sunt
1309 4105 1624 4162 affectuum
1688 4110 1933 4181 species,

253 4188 574 4260 corporeis
619 4189 835 4246 idcirco
886 4193 1426 4250 combinationibus
1476 4196 1934 4269 haudquaquam

269 4279 853 4336 circumscribuntur
884 4282 1149 4350 (quorum
1209 4283 1454 4339 invitam
1516 4287 1936 4344 abstinentiam

268 4367 631 4424 insolentius
663 4368 774 4422 sibi
818 4369 1118 4425 vindicant
1170 4372 1470 4445 Valentii),
1531 4375 1632 4430 sed
1695 4378 1938 4435 avaritia

273 4473 537 4530 quoque,
572 4456 811 4524 invidia,
845 4459 1187 4515 ambitione.
1224 4461 1451 4532 luxu,et
1481 4465 1701 4520 caeteris
1724 4466 1933 4538 hujus-

273 4544 443 4600 modi
469 4550 764 4611 constant,
798 4545 1015 4617 quibus
1047 4549 1121 4604 ad
1154 4551 1479 4620 nequitiam
1514 4555 1767 4611 fenestra
1799 4573 1936 4627 pan-

2039 3384 2302 3441 Ecclesia
2335 3383 2555 3454 ejectus
2587 3385 2694 3438 est.
2731 3380 2993 3437 Tandem
3023 3395 3157 3434 cum
3184 3382 3416 3433 tantum
3449 3376 3699 3432 dedecus

2043 3476 2190 3530 ferre
2222 3490 2335 3530 non
2370 3469 2945 3547 posset,Alexandria
2975 3484 3037 3525 se
3067 3469 3124 3523 in
3154 3468 3524 3525 Palaestinam
3555 3483 3694 3523 con-

2043 3565 2200 3634 tulit,
2231 3564 2332 3620 ubi
2366 3567 2604 3635 rogatus
2637 3562 2709 3617 ab
2741 3558 3264 3632 Hierosolymitano
3297 3558 3545 3627 clero,ut
3565 3573 3709 3614 con-

2047 3658 2272 3714 cionem
2303 3657 2561 3728 aliquam
2597 3656 2836 3711 haberet
2865 3653 3178 3727 (siquidem
3225 3653 3300 3709 ad
3324 3653 3699 3724 presbytera-

2046 3751 2143 3803 tus
2174 3747 2439 3801 ordinsm
2472 3750 2783 3816 antequam
2815 3743 3165 3800 sacriﬁcaret
3195 3742 3437 3797 allectus
3491 3741 3699 3813 fuerat)

2049 3835 2316 3906 surrexit,
2346 3839 2402 3891 et
2428 3851 2458 3891 e
2487 3834 2784 3890 tricesimo
2817 3848 2969 3890 nono
3013 3832 3248 3888 Psalmo
3280 3839 3436 3887 hunc
3468 3845 3704 3886 versum

2051 3927 2314 3982 recitavit
2349 3943 2361 3980 :
2395 3926 2679 3981 Peccatori
2733 3928 2926 3980 autem
2976 3921 3122 3978 dixit
3181 3924 3338 3984 Deus,
3391 3921 3454 3978 Ut
3484 3919 3618 3993 quid
3647 3927 3706 3976 tu

2050 4015 2281 4089 exponis
2308 4018 2552 4087 iustitia:
2583 4032 2750 4086 meas,
2783 4020 2832 4070 et
2890 4014 3136 4069 assumis
3173 4015 3558 4069 testamentum
3586 4027 3701 4067 me-

2052 4123 2145 4161 um
2174 4106 2236 4160 in
2267 4122 2360 4161 ore
2388 4109 2480 4162 tuo
2509 4107 2553 4140 ‘9
2579 4105 2606 4159 ?
2645 4105 3074 4176 confestimque
3131 4102 3347 4158 librum
3409 4100 3623 4156 clausit
3653 4106 3708 4155 et

2054 4195 2308 4251 reddidit
2343 4211 2356 4249 :
2391 4198 2564 4266 atque
2595 4194 2650 4248 in
2688 4194 2940 4265 gemitus
2994 4197 3050 4248 et
3106 4191 3392 4261 lacrymas
3426 4206 3689 4261 prorum-

2054 4299 2220 4354 pens,
2254 4284 2528 4339 omnibus
2555 4281 3388 4354 eicollacrymantibus,311am
3424 4295 3486 4335 se
3515 4279 3576 4333 in
3609 4294 3697 4334 se-

2054 4372 2186 4428 dem
2221 4373 2666 4443 recepit.Postea
2707 4388 2837 4426 cum
2876 4372 2932 4425 in
2967 4370 3423 4426 familiaritatem
3455 4368 3706 4424 venisset

2057 4463 2320 4518 Aabrosii
2353 4463 2467 4535 (59)
2515 4461 2825 4531 cujusdam
2889 4458 3294 4527 Marcionistze,
3354 4459 3446 4514 vel
3501 4456 3705 4512 Sabel-

2055 4552 2219 4620 liani,
2253 4557 2317 4607 ut
2348 4551 2702 4623 quibusdam
2735 4550 2941 4620 placet,
2973 4548 3059 4604 illi
3090 4549 3326 4604 tandem
3385 4548 3702 4620 persuasit,

271 4634 458 4690 ditur.
493 4633 567 4690 Ut
594 4615 1199 4694 taceam‘miserorum
1231 4615 1594 4698 exsectorum
1630 4615 1940 4718 plerosque
1972 4615 2016 4678 Β
2051 4647 2134 4706 ut,
2196 4615 2400 4697 interest
2465 4641 2684 4708 relicta,
2731 4615 3001 4696 Ecclesiae
3064 4615 3402 4694 catholicas
3441 4637 3702 4691 adhaere-

265 4724 456 4794 longa
486 4723 581 4778 die
613 4723 670 4778 in
701 4724 902 4792 ganeis
953 4727 1376 4798 deprehensos,
1437 4732 1534 4787 ubi
1597 4735 1946 4794 mulieribus
2051 4735 2259 4788 sceret.
2296 4731 2398 4786 Ille
2429 4747 2600 4803 porro
2633 4729 2938 4787 studiosus
2995 4743 3297 4784 sacrarum
3353 4726 3705 4782 Litterarum

279 4817 503 4885 praeter
531 4818 803 4868 naturam
835 4815 989 4872 viros
1016 4834 1077 4873 se
1117 4824 1504 4889 praestarent:
1538 4824 1655 4879 imo
1689 4841 1842 4895 vero,
1879 4832 1944 4883 ut

285 4902 374 4957 ita
406 4901 626 4968 dicam,
660 4901 973 4959 muliebria
1001 4911 1376 4978 paterentur;
1405 4911 1656 4983 aliisque
1685 4917 1804 4970 tam
1839 4933 1939 4988 pa-

278 4991 442 5048 thice
486 4992 969 5050 obscoenitatibus
1029 4996 1248 5052 addicti
1308 5005 1524 5069 essent,
1584 5007 1650 5060 ut
1678 5003 1783 5060 viri
1812 5007 1938 5077 jam

272 5098 391 5152 prae
427 5080 715 5138 semiviris
746 5081 890 5137 nulli
923 5101 1102 5156 prope
1131 5087 1488 5147 viderentur.

912 5203 1068 5258 CAP.
1099 5204 1300 5262 XXXI.

338 5314 642 5372 Tricesima
669 5319 856 5390 prima
884 5318 1131 5389 haeresis,
1164 5322 1434 5395 Origenis.
1465 5327 1536 5382 Ili
1563 5334 1869 5401 unguntur.

275 5428 577 5500 Origenes,
605 5433 704 5504 qui
737 5438 794 5490 et
850 5436 1240 5494 Adamantius
1291 5450 1680 5513 cognomento
1739 5447 1933 5506 dictus

276 5523 389 5589 est,
423 5524 480 5575 et
518 5521 971 5597 Commentator,
1031 5527 1104 5583 ob
1164 5533 1723 5592 commentariorum
1783 5552 1931 5609 quos

350 5643 398 5680 ⁸⁸
428 5646 572 5704 Gen.
599 5665 642 5718 ι,
672 5652 759 5722 22,
790 5651 882 5708 28.
959 5652 1008 5688 ⁴⁹
1035 5656 1190 5712 Psal.
1222 5673 1369 5716 xux.
1407 5659 1489 5715 16.

352 5772 464 5848 (49)
497 5776 606 5834 Pro
638 5794 750 5851 quo
779 5780 991 5854 vulgus
1022 5785 1368 5846 Ambrosius
1401 5787 1590 5848 habet.

2051 4820 2247 4891 lector,
2277 4821 2592 4892 Origenem
2626 4819 2872 4891 rogavit,
2909 4821 2972 4872 ut
3001 4817 3132 4872 illas
3194 4817 3702 4886 interpretaretur.

2047 4911 2150 4967 Hic
2180 4911 2330 4966 votis
2357 4910 2519 4965 illius
2552 4910 2812 4965 facturus
2839 4908 2980 4962 satis
3013 4907 3166 4978 apud
3212 4907 3428 4977 Tyrum
3463 4904 3700 4961 Phoeni-

2046 5002 2167 5068 cim,
2203 5007 2264 5056 ut
2295 5003 2478 5068 aiunt,
2512 5018 2614 5072 per
2644 5004 2769 5056 octo
2803 5007 2856 5054 et
2907 4997 3112 5070 viginti
3164 5014 3350 5053 annos
3379 4995 3699 5068 Scripturis

2045 5091 2496 5162 interpretandis
2523 5105 2760 5162 operam
2792 5089 3040 5144 navavit.
3075 5086 3363 5142 Habrosio
3393 5087 3588 5157 itaque
3614 5085 3696 5140 ci-

2043 5181 2228 5250 baria,
2266 5181 2544 5246 notarios,
2578 5184 2632 5235 et
2683 5193 3097 5248 amanuenses,
3135 5193 3235 5233 nco
3295 5193 3412 5231 non
3471 5175 3703 5231 chartas

2043 5286 2176 5325 eum
2200 5269 2442 5342 reliquis
2478 5267 2814 5341 sumptibus
2851 5270 3218 5338 suggerente,
3250 5265 3531 5338 Origenes
3564 5281 3700 5320 con-

2041 5358 2308 5416 tinentia.
2337 5357 2532 5429 vigilia
2562 5361 2618 5413 et
2647 5357 2844 5413 labore
2887 5355 3141 5412 assiduis
3184 5356 3423 5411 tandem
3456 5353 3710 5410 confecit

2041 5465 2210 5521 opus,
2242 5453 2300 5505 et
2329 5448 2401 5504 ad
2432 5447 2781 5504 umbilicum
2815 5446 3468 5518 perduxit,praecipuam
3500 5445 3699 5498 autem

2038 5554 2275 5613 operam
2308 5536 2489 5609 dedit,
2513 5536 2587 5594 iis
2619 5553 2746 5608 quae
2771 5537 3023 5610 Hexapla
3042 5536 3338 5592 dicuntur.
3371 5534 3515 5591 Cum
3541 5533 3699 5589 enim
