4054 6426
328 341 484 404 1302

1645 338 1951 400 NICE'I‘JE
1992 339 2193 401 GHON
2205 340 2419 403 IA'I‘JE

3598 344 3777 408 1304

326 475 612 532 dictiones
645 474 956 531 Hebraicas
989 472 1201 530 litteris
1230 473 1445 531 Graecis
1491 489 1606 529 una
1638 473 1852 545 pagina
1882 489 1981 529 ex-
2008 475 2063 543 Α
2097 474 2376 543 Adamus,
2409 477 2724 548 antequam
2772 478 3060 548 peccaret,
3108 475 3363 549 efﬁgiem
3417 475 3587 535 illam
3617 465 3775 535 divi-

325 564 837 638 pressisset,unius
871 565 1026 619 enim
1059 563 1183 619 loco
1216 564 1383 629 duas,
1418 568 1479 618 ut
1511 580 1637 635 qum
1672 564 1825 618 idem
1842 580 1978 619 con-

325 654 606 721 venirent,
640 652 1233 725 habebat,moxjtertia
1247 671 1299 708 n1
1321 652 1409 709 vel
1434 653 1629 725 potius
1659 653 1974 708 secundam

328 746 628 817 paginam,
665 743 942 800 nimirum
978 744 1227 798 duorum
1278 747 1335 799 et
1389 742 1763 814 septuaginta
1796 743 1978 798 Inter-

328 839 585 907 pretum,
619 832 1109 904 subjunxit.Duos
1136 836 1193 887 et
1225 832 1599 903 septuaginta
1629 832 1980 904 Interpretes

329 922 591 996 Aquites,
625 921 894 993 Aquilam
928 921 1336 994 Symmachus,
1361 921 1777 991 Symmachum
1795 921 1976 978 Theo-

329 1017 553 1084 dotion,
588 1020 762 1088 atque
784 1015 863 1070 ita
884 1015 1119 1070 demum
1144 1015 1353 1085 quinta
1379 1013 1740 1085 sequebatur
1769 1011 1975 1069 versio.

330 1107 447 1162 Hoc
478 1106 649 1162 modo
677 1105 861 1160 Vetus
892 1120 1061 1161 omne
1080 1104 1524 1159 Testamentum
1549 1103 1674 1159 suis
1706 1102 1981 1175 Hexaplis

330 1195 666 1267 complexus
697 1200 806 1252 est.

398 1288 468 1341 At
496 1302 629 1343 vero
664 1290 746 1342 tot
797 1286 1058 1357 talesque
1107 1284 1336 1341 labores
1384 1283 1444 1338 in
1500 1282 1860 1356 explicandis
1893 1283 1980 1339 Bi-

326 1375 462 1431 bliis
518 1379 840 1432 exanttatos
899 1374 1044 1430 illud
1113 1373 1578 1447 perniciosorum
1639 1372 1977 1445 dogmatum

326 1465 731 1522 corrollarium
766 1464 1122 1522 obscuravit.

394 1557 583 1627 Atque
633 1554 803 1610 illum
862 1555 1111 1612 fortasse
1162 1553 1320 1610 Deus
1378 1552 1790 1625 dereliquerat,
1822 1554 1979 1625 quod

327 1661 463 1703 eum
494 1662 656 1700 venre
713 1643 908 1715 glorias
968 1660 1239 1715 aurasque
1298 1642 1565 1715 populari
1619 1643 1982 1715 aucupandis

331 1737 461 1807 plus
491 1752 655 1808 aequo
688 1735 991 1791 addictum
1012 1734 1234 1789 videret
1260 1751 1273 1790 :
1295 1750 1415 1806 pra)
1448 1733 1620 1803 cujus
1641 1734 1838 1789 studio
1862 1735 1979 1806 pri-

330 1826 494 1881 stinas
526 1841 668 1892 suis,
701 1823 973 1895 quamvis
1022 1823 1263 1894 privatae
1311 1822 1439 1877 vitae
1489 1821 1805 1878 insidiatus
1835 1827 1978 1878 crat.
2012 1859 2061 1925 B

329 1914 478 1969 Nam
509 1929 640 1969 cum
673 1912 851 1969 nollet
880 1913 1174 1985 corporeis
1218 1912 1494 1970 sensibus
1534 1910 1782 1981 titillari,
1814 1913 1981 1985 geni-

323 2003 464 2059 talia
490 2003 604 2061 sibi
636 2003 898 2059 membra
947 2008 1280 2061 resecuerat
1329 2020 1342 2060 :
1395 2006 1570 2075 atque
1621 2003 1893 2075 propriis,
1918 2009 1983 2060 ut

325 2093 564 2165 quidam
595 2092 817 2161 volunt,
849 2093 1123 2149 manibus
1150 2111 1163 2150 :
1199 2097 1264 2149 ut
1293 2093 1414 2165 alii,
1474 2113 1651 2170 Opera
1708 2096 1843 2152 Etiae
1873 2110 1979 2152 cu-

314 2184 556 2256 jusdam
589 2184 799 2242 medici
831 2185 1184 2259 percelebris
1215 2202 1383 2243 usus.

392 2274 520 2330 Non
550 2275 787 2344 desunt,
818 2276 919 2346 qui
975 2290 1222 2333 nervum
1281 2285 1721 2350 cremasterem,
1754 2278 1862 2337 hoc
1892 2281 1982 2335 est

322 2378 481 2430 eum,
515 2379 583 2419 ex
613 2380 729 2435 quo
786 2364 1043 2420 testiculi
1089 2365 1442 2436 dependent,
1504 2367 1789 2423 duntaxat
1816 2385 1979 2424 exse-

322 2452 517 2509 cuisse
546 2454 807 2510 tradunt.
841 2454 1091 2519 Quidam
1144 2455 1412 2528 apposito
1439 2455 1756 2527 pharmaco
1787 2464 1979 2530 partes

322 2541 453 2599 illas
483 2542 806 2599 exsiccasse
837 2543 1218 2601 arbitrantur.
1267 2543 1378 2600 Alii
1413 2545 1700 2601 medicam
1736 2546 1979 2604 herbam

323 2632 611 2704 reperisse
662 2632 913 2699 malunt,
969 2634 1139 2704 cujus
1199 2632 1425 2690 viribus
1456 2635 1810 2706 spermatica
1837 2653 1980 2692 vasa

325 2716 773 2781 marcescerent.
826 2725 938 2780 Sed
990 2726 1061 2779 de
1112 2724 1202 2781 bis
1252 2730 1560 2798 gactcnus.
1610 2728 1773 2783 Tunc
1806 2745 1978 2801 porro

323 2804 439 2870 sua:
469 2814 628 2870 virus
659 2814 953 2870 haereseos
985 2831 1119 2871 cum
1175 2814 1234 2870 in
1273 2816 1587 2888 plerosque
1647 2817 1816 2883 alios,
1848 2823 1976 2876 tum

323 2905 383 2961 in
416 2904 753 2971 monachos,
798 2905 1205 2975 anachoretas,
1256 2910 1314 2962 et
1356 2906 1633 2963 ercmitas
1678 2909 1978 2982 Egyptios

320 3010 593 3069 spargere
625 2995 799 3067 ccepit
833 3013 846 3051 :
878 2996 997 3051 imo
1027 3011 1161 3051 vero
1193 2996 1440 3068 primam
1494 2996 1813 3054 fenestram
1842 2999 1976 3057 Ario

321 3083 571 3155 aperuit,
631 3082 974 3154 ceterisque
1031 3082 1355 3150 sceleratis,
1415 3083 1515 3153 qui
1573 3088 1715 3141 sunt
1768 3086 1975 3142 Arium

320 3171 642 3229 subsecuti.

394 3267 447 3316 1.
478 3264 675 3318 Ausus
731 3261 885 3316 enim
931 3264 1022 3317 est
1075 3276 1354 3332 asserere,
1415 3264 1569 3334 quod
1623 3233 2056 3338 Unigenitusc

320 3353 553 3408 Patrem
610 3350 806 3406 videre
854 3366 972 3406 non
1030 3350 1263 3421 possit:
1309 3367 1501 3424 neque
1558 3355 1699 3410 item
1759 3355 1972 3413 Filium

323 3440 578 3513 Spiritus
639 3456 653 3495 :
717 3454 905 3510 neque
961 3438 1249 3511 Spiritum
1308 3441 1521 3513 angeli,
1580 3458 1768 3519 neque
1798 3444 1974 3504 homo

324 3528 564 3601 angelos
593 3528 789 3585 videre
819 3533 1012 3600 queat.

392 3620 445 3673 2.
477 3619 643 3689 Item,
683 3616 889 3673 Filium
921 3618 1154 3675 dicebat
1189 3636 1303 3678 non
1341 3637 1471 3678 esse
1501 3639 1571 3680 ex
1620 3625 1808 3682 Patris
1839 3625 1975 3682 sub-

325 3708 565 3778 stantia,
597 3709 696 3764 scd
731 3708 922 3765 modis
978 3710 1258 3767 omnibus
1309 3711 1567 3770 alienum
1613 3714 1684 3771 ab
1715 3732 1803 3783 eo,
1837 3715 1978 3787 quia

323 3800 604 3855 nimirum
655 3803 887 3856 creatus
934 3800 1036 3871 sit,
1092 3799 1390 3875 Piliusque
1442 3820 1546 3875 per
1593 3805 1840 3877 gratiam
1872 3822 1975 3861 vo-

323 3894 505 3947 cetur.

393 3979 448 4034 3.
485 3978 697 4034 Adhmc
740 3979 963 4036 animas
1012 3980 1356 4039 hominibus
1406 3983 1765 4056 antiquiores
1811 3985 1975 4041 afﬁr-

323 4070 538 4138 mabat,
572 4086 699 4141 qua:
729 4069 952 4127 scilicet
978 4070 1167 4141 angeli
1200 4072 1522 4144 aliquando
1547 4078 1978 4146 potestatesque

323 4159 857 4215 fuerintztandem
914 4175 1068 4228 vero,
1131 4177 1265 4217 cum
1326 4170 1688 4233 peccassent,
1749 4164 1808 4219 in
1866 4164 1977 4221 hoc

323 4265 558 4319 corpus,
591 4252 875 4320 tanquam
906 4248 967 4304 in
1018 4250 1385 4321 ergastulum
1440 4252 1751 4320 demissas,
1789 4258 1853 4312 ut
1880 4254 1977 4311 hic

324 4339 570 4406 primam
605 4338 1152 4395 condemnationem
1184 4341 1694 4413 cxperirentur.Ex
1724 4359 1834 4415 quo
1856 4361 1976 4401 eve-

324 4427 431 4496 nit,
466 4431 533 4482 ut
568 4427 751 4483 Graeci
780 4443 994 4499 corpus
1044 4424 1210 4500 δέμας
1262 4431 1533 4503 dixerint,
1558 4432 1702 4507 παρὰ
1732 4432 1794 4487 τὸ
1826 4429 1973 4489 δέδεο

322 4530 444 4583 σθαι
502 4518 602 4586 τήν
656 4520 843 4593 ψυχήν
904 4518 957 4574 ἐν
1016 4518 1165 4591 αὐτῷ
1226 4521 1357 4592 (50),
1410 4522 1519 4579 hoc
1577 4529 1686 4588 est,
1720 4525 1974 4597 quodeo

2090 580 2229 620 nam
2263 570 2483 621 sartam
2519 565 2870 633 tectam,hoc
2902 568 2991 622 est
3020 567 3301 622 omnibus
3332 567 3774 636 integumentis

2091 654 2334 721 nudam,
2366 652 2607 726 solaque
2634 655 2895 710 humana
2925 654 3116 711 forma
3149 656 3479 728 praeditam,
3513 674 3769 716 conser-

2089 744 2278 801 vabat.
2312 749 2388 801 At
2417 761 2549 801 vero
2580 749 2965 817 posteaquam
2996 745 3227 801 Domini
3261 750 3545 820 przecepta
3568 752 3775 806 trans-

2090 849 2325 905 gressus
2356 839 2464 905 est,
2500 835 2768 891 eamdem
2812 834 2977 892 illam
3020 836 3266 892 formam
3301 837 3580 909 perdidit,
3616 855 3767 894 cum

2090 923 2349 995 primum
2400 924 2626 980 scilicet
2675 942 2889 998 corpus
2938 925 3049 983 hoc
3101 925 3298 982 anima
3346 927 3556 997 subiit,
3590 930 3761 1001 quod

2090 1013 2327 1112 quidem
2362 1015 2743 1086 petlicearum
2794 1015 3136 1072 tunicarum
3186 1016 3428 1073 nomine
3471 1019 3669 1074 sacris
3701 1019 3768 1075 in

2090 1103 2409 1176 Scripturis
2436 1103 2831 1176 signiﬁcatur,
2864 1110 2990 1161 tum
3034 1105 3176 1178 quia
3227 1123 3445 1178 corpus
3475 1106 3611 1178 hoc,
3649 1124 3769 1180 quo

2088 1192 2463 1265 involvimur,
2497 1194 2943 1251 resurrectionis
2975 1193 3134 1252 illius
3166 1195 3262 1252 die
3292 1213 3409 1251 non
3438 1201 3766 1270 resurget;

2090 1283 2191 1339 sed
2219 1282 2479 1339 humana
2530 1287 2761 1340 tantum
2807 1284 3015 1354 forma,
3057 1301 3173 1355 qua
3216 1283 3437 1342 Paulus
3486 1286 3641 1343 forte
3672 1288 3770 1344 vel

2092 1372 2293 1429 Petrus
2315 1373 2704 1446 dignoscitur,
2738 1376 2913 1445 atque
2942 1372 3085 1430 adeo
3116 1373 3450 1430 extrinseca
3476 1373 3581 1430 illa
3603 1376 3770 1449 ﬁgu-

2089 1479 2154 1518 ra
2183 1466 2465 1533 resurget,
2497 1480 2625 1535 quze
2656 1463 2767 1520 sub
2800 1464 2987 1519 forma
3038 1479 3271 1536 quaque
3299 1464 3769 1536 comprehendi-

2089 1555 2207 1606 tur.
2243 1554 2419 1608 Porro
2463 1552 2798 1624 subjectum
2842 1552 3063 1624 ipsum,
3107 1551 3229 1607 sive
3288 1568 3527 1625 corpus,
3562 1553 3769 1610 haud-

2090 1656 2383 1712 quaquam
2415 1640 2567 1697 idem
2616 1640 2877 1697 manebit
2907 1657 2922 1696 :
2956 1640 3278 1697 Seminatur
3334 1642 3493 1698 enim
3556 1659 3769 1715 corpus

2090 1731 2352 1796 animale,
2381 1730 2575 1802 inquit
2602 1730 2935 1802 Apostolus,
2980 1747 3286 1804 corpusque
3327 1732 3635 1803 spirituale
3667 1751 3769 1790 rc-

2090 1822 2266 1890 surgit
2296 1821 2361 1876 ⁵³.
2411 1822 2776 1894 Quapropter
2821 1838 3061 1878 necesse
3104 1826 3212 1893 est,
3263 1827 3324 1879 ut
3374 1824 3776 1881 resurrectio-

2094 1927 2225 1966 nem
2259 1909 2319 1965 in
2352 1909 2479 1966 sola
2511 1910 2697 1967 forma
2727 1912 2984 1968 futuram
3033 1928 3365 1985 speremus,
3392 1911 3453 1969 in
3485 1914 3772 1985 subjecto

2092 2015 2250 2058 vero'
2285 2017 2399 2056 non
2431 1999 2590 2057 item.

2165 2091 2293 2146 [line
2325 2094 2462 2147 sunt
2493 2107 2619 2163 quae
2651 2090 2931 2163 Origenes
2962 2090 3033 2147 dc
3085 2092 3422 2149 animarum
3474 2095 3773 2166 praeexsi-

2091 2180 2330 2249 stentia,
2365 2185 2421 2237 et
2459 2182 2883 2238 resurrectione
2915 2182 3216 2241 disseruit.

2160 2271 2313 2327 Idem
2343 2266 2733 2343 ἀλληγορικῶς
2764 2271 2960 2327 omnia
2991 2270 3283 2345 explicare
3342 2277 3595 2330 conatus
3652 2279 3775 2345 est,

2090 2358 2454 2432 paradisum,
2485 2358 2749 2430 inquam,
2784 2367 2837 2415 et
2868 2365 3200 2432 aquas,tam
3231 2378 3364 2434 quas
3393 2362 3767 2435 intra,quam

2091 2465 2220 2522 quae
2252 2465 2431 2521 supra
2461 2448 2904 2506 firmamentum
2928 2466 3057 2507 esse
3088 2451 3380 2509 feruntur.

2162 2537 2237 2595 Ut
2268 2555 2385 2595 uno
2416 2538 2587 2596 verbo
2620 2538 2942 2609 absolvam,
2992 2544 3180 2598 totam
3219 2541 3585 2615 Scripturam
3619 2561 3767 2617 per-

2087 2628 2284 2696 vertit,
2315 2627 2611 2700 futurique
2640 2629 2785 2684 adeo
2835 2629 3033 2686 sweuli
3090 2630 3450 2703 supplicium
3480 2637 3772 2707 tempore

2090 2722 2247 2774 certo
2277 2719 2541 2790 praebuit,
2568 2717 2763 2776 locum
2796 2719 2966 2776 illum
2998 2720 3162 2776 Pauli
3192 2721 3446 2793 apostoli
3485 2724 3647 2781 maie
3674 2725 3770 2780 in-

2088 2806 2384 2879 telligens,
2438 2825 2552 2881 quo
2610 2807 2692 2865 ita
2749 2809 3049 2879 scribitur,
3118 2811 3561 2885 Unimujusque
3619 2831 3770 2886 opus

2089 2898 2269 2969 quale
2289 2904 2368 2955 est
2400 2898 2550 2967 ignis
2573 2897 2848 2971 probabit,
2886 2900 3003 2971 ipso
3030 2909 3217 2957 autem
3255 2903 3420 2973 quasi
3447 2919 3548 2975 per
3576 2904 3775 2977 ignem

2088 2989 2401 3045 servabitur
2427 2988 2492 3047 ⁵³.

2155 3078 2286 3136 Alia
2317 3079 2560 3151 insuper
2609 3078 2894 3137 nonnulla
2942 3084 3218 3153 nugatur,
3267 3090 3322 3139 et
3372 3083 3760 3157 deblatterat,

2087 3185 2215 3242 quae
2248 3184 2323 3225 ne
2353 3168 2608 3225 scribere
2640 3168 2878 3240 quidem
2909 3169 3223 3228 honestum
3255 3172 3403 3229 mihi
3432 3174 3699 3233 videtur.

2163 3259 2277 3313 Hoc
2308 3261 2503 3314 autem
2531 3257 2592 3313 in
2623 3274 2860 3315 summa
2917 3260 3234 3318 dicendum
3279 3266 3392 3332 est,
3435 3263 3765 3335 Grigenem

2085 3347 2145 3403 in
2178 3347 2439 3421 physicis
2470 3347 2873 3416 theorematis,
2906 3365 3232 3423 eorumque
3264 3351 3595 3425 altegoriis,
3633 3373 3778 3414 nec-

2086 3453 2203 3494 non
2238 3438 2452 3494 intota
2501 3438 2710 3494 morali
2758 3437 3072 3512 disciplina
3120 3442 3414 3498 doctorem
3468 3446 3772 3505 omnibus

2086 3526 2564 3599 acceptissimum
2598 3529 3390 3603 accommodatissimumque
3422 3532 3636 3605 fuisse,
3669 3543 3768 3593 at-

2086 3634 2201 3690 que
2231 3617 2376 3674 adeo
2402 3632 2560 3683 eum,
2595 3617 2695 3690 qui
2725 3619 3013 3675 virtutum
3047 3619 3378 3679 actionibus
3408 3638 3472 3680 se
3492 3627 3768 3686 maxime

2086 3707 2353 3764 omnium
2385 3712 2693 3764 exerceret.
2726 3708 2918 3781 Hujus
2949 3709 3105 3765 enim
3145 3710 3409 3767 exercitii
3439 3714 3646 3772 studio
3674 3717 3765 3772 vi-

2083 3802 2204 3854 tam
2238 3812 2426 3869 usque
2457 3798 2601 3854 adeo
2631 3797 2950 3866 excolebat,
2988 3803 3052 3855 ut
3100 3803 3305 3873 pectus
3350 3802 3506 3873 ejus,
3540 3819 3764 3875 quem-

2084 3887 2403 3943 admodum
2437 3886 2606 3942 aiunt
2636 3904 2751 3958 pres
2784 3886 2971 3944 nimia
3014 3889 3099 3945 rei
3154 3889 3564 3961 cujuscunque
3621 3896 3759 3951 ani-

2085 3980 2257 4031 matas
2288 3975 2652 4032 continentia
2707 3980 2766 4032 et
2823 3976 3183 4034 abstinentia
3238 3980 3545 4037 exciderit.
3581 3988 3663 4040 At
3692 3984 3762 4041 in

2084 4082 2223 4123 vera
2254 4064 2390 4132 ﬁde,
2444 4064 2635 4137 iisque
2678 4066 3028 4137 disciplinis,
3084 4084 3209 4138 quis
3268 4071 3556 4142 majorem
3615 4090 3766 4131 con-

2086 4153 2554 4228 templationem,
2587 4159 2759 4226 atque
2788 4155 2847 4210 in
2881 4156 3089 4228 primis
3119 4157 3535 4232 theologicam,
3560 4164 3770 4236 requi-

2086 4249 2244 4311 runt,
2273 4245 2540 4301 omnium
2601 4248 2892 4318 quotquot
2947 4246 3116 4303 illum
3175 4256 3641 4321 praecesserunt,
3702 4260 3768 4312 et

2086 4334 2272 4392 secuti
2313 4342 2470 4402 sunt,
2502 4334 2995 4393 absurdissimum
3029 4353 3092 4394 se
3121 4338 3416 4410 praestitit.

2398 4480 2684 4536 [hereseos
2710 4479 3079 4552 praedantis
3106 4484 3431 4554 confatalia.

319 4619 594 4682 tanquam
628 4608 860 4666 vinculo
891 4609 1088 4699 anima
1109 4616 1467 4699 coerceatur.
1494 4613 1765 4670 Animam
1799 4615 1976 4673 iidem
2012 4619 2056 4683 D
2159 4623 2648 4697 Sapientissimus
2678 4626 2957 4699 Origenes
3006 4627 3338 4686 Salomonis
3386 4631 3770 4691 exhortatio-

321 4701 506 4775 ψυχὴν
540 4699 932 4773 appellarunt,
965 4694 1054 4751 διὰ
1104 4698 1168 4752 τὸ
1226 4696 1429 4754 ἂνωοεν
1488 4699 1832 4777 ἐψυχέσοαιη
1868 4706 1976 4762 hoc

321 4798 430 4858 est,
454 4791 593 4862 quia
624 4791 856 4846 caelitus
887 4788 1176 4861 inepirata
1208 4790 1304 4857 sit,
1364 4793 1520 4863 quod
1580 4794 1810 4863 quidem
1860 4796 1973 4852 sibi

320 4896 500 4935 sacra:
530 4878 870 4935 testimonio
904 4879 1131 4950 paginas
1181 4880 1530 4937 conﬁrmare
1572 4882 1823 4939 videtur.
1855 4889 1977 4941 Hoc

321 4968 498 5037 enim,
531 4967 839 5040 Antequam
874 4968 1342 5039 Inuniliarcr,ego
1369 4972 1592 5041 peccavi
1619 4971 1689 5041 ⁵ο,
1724 4975 1795 5029 de
1824 4973 1972 5045 ipsa.

320 5057 517 5128 inquit
546 5055 665 5126 ille,
688 5058 887 5113 anima
920 5058 1144 5114 dictum
1198 5064 1288 5115 est
1336 5060 1553 5132 quippe
1584 5078 1715 5133 qua:
1743 5062 1802 5118 in
1835 5064 1977 5122 coelo

321 5145 596 5217 peccarit,
638 5152 957 5219 antequam
1004 5149 1059 5204 in
1098 5166 1342 5221 corpore
1376 5150 1806 5209 humiliaretur.
1832 5154 1977 5211 Item

318 5236 483 5308 illud,
512 5242 862 5307 Convertere,
912 5240 1113 5297 anima
1142 5256 1289 5309 mea,
1338 5242 1399 5297 in
1447 5244 1696 5315 requiem
1726 5250 1876 5300 tuam
1911 5246 1978 5320 ει,

317 5329 532 5400 quippe
562 5343 690 5399 quae
722 5327 897 5382 rebus
928 5327 988 5382 in
1020 5327 1131 5384 hac
1161 5330 1283 5386 vita
1332 5330 1483 5387 bene
1531 5333 1714 5406 gestis
1751 5334 1822 5390 ad
1856 5336 1979 5407 pri-

318 5417 534 5473 stinam
566 5416 825 5488 requiem
852 5417 1022 5487 quasi
1053 5418 1387 5488 postlimino
1420 5422 1656 5492 redeat;
1692 5427 1815 5481 tum
1844 5427 1983 5497 quia

2086 4729 2222 4770 nem
2255 4715 2707 4787 parvipendcns,
2740 4733 2857 4788 qua
2889 4717 2971 4772 ita
2996 4716 3350 4789 loquitur,In
3387 4724 3767 4796 multiloquio

2085 4818 2196 4859 non
2224 4803 2401 4860 deerit
2425 4813 2712 4875 peccatum
2739 4803 2808 4872 5‘,
2846 4822 2959 4862 non
3012 4808 3262 4865 advertit
3318 4827 3401 4878 se,
3435 4811 3583 4870 dum
3621 4816 3765 4871 uni-

2086 4909 2312 4950 versam
2341 4894 2490 4967 legis
2519 4900 2576 4951 et
2613 4893 2813 4965 gratias
2860 4894 3220 4967 Scripturam
3254 4900 3636 4974 per-vestigat,
3696 4906 3761 4962 in

2087 4982 2374 5039 absurdas
2403 4983 2787 5055 cogitationes
2817 4987 2875 5040 et
2932 4985 3240 5057 opiniones
3270 4988 3567 5047 inauditas
3600 5010 3759 5065 praeo

2088 5072 2320 5142 cipitem
2355 5072 2656 5142 incidisse,
2688 5072 2807 5129 imo
2838 5089 2972 5129 vero
3003 5073 3222 5131 alicubi
3252 5076 3466 5135 divinis
3498 5080 3763 5154 dogma-

2087 5161 2163 5219 tis
2195 5162 2378 5235 impia
2404 5165 2461 5218 et
2493 5162 2739 5234 profana
2770 5162 3212 5235 permiscuisse,
3243 5170 3759 5238 quemadmodum

2089 5268 2159 5309 ex
2189 5251 2261 5307 iis
2294 5267 2418 5322 quae
2449 5269 2627 5325 supra
2660 5252 3116 5310 memoravimus
3165 5258 3352 5314 cuivis
3411 5259 3630 5317 volenti
3665 5263 3761 5319 di-

2091 5356 2252 5398 scere
2282 5339 2434 5396 licet.

2161 5429 2304 5485 Nam
2339 5430 2436 5501 qui
2467 5430 2594 5486 fleri
2628 5433 2831 5503 possit,
2890 5435 2957 5488 ut
2990 5436 3221 5492 creatus
3283 5437 3381 5494 Dei
3440 5439 3628 5499 Filius
3664 5444 3763 5499 di-

387 5543 434 5577 ⁵⁰
463 5543 613 5601 Psal.
647 5560 839 5609 cxvm,
869 5546 958 5600 67.
986 5544 1029 5579 ⁵¹
1063 5545 1214 5601 Psal.
1246 5564 1393 5619 cxiv,
1421 5551 1476 5606 7.
1554 5551 1600 5587 ⁵³
1632 5551 1653 5608 Ι
1692 5556 1817 5609 Cor.
1853 5570 1943 5621 xv,
1973 5586 1979 5597 ι

2138 5556 2183 5593 ⁵³
2214 5558 2386 5615 ICor.
2416 5576 2504 5628 ιιι,
2538 5559 2625 5615 13.
2700 5559 2749 5595 ⁵⁸
2779 5564 2949 5631 Prov,
2982 5578 3037 5630 ι,
3071 5562 3157 5618 19.

394 5664 505 5739 (50)
539 5668 901 5728 Platonicum
934 5671 1148 5741 dogma
1178 5672 1249 5729 de
1279 5672 1481 5733 inferis
1506 5677 1637 5735 vide
1659 5680 1815 5752 apud
1846 5682 2021 5741 Macr.
2057 5682 2158 5740 lib.
2194 5701 2235 5755 ι,
2265 5682 2324 5741 in
2356 5685 2548 5744 Somn.
2579 5683 2727 5759 Scip.
