4054 6420
290 370 444 433 1305

1625 359 2024 423 THESAURI
2066 361 2218 424 LIB.
2277 362 2379 425 IV.

3556 366 3712 427 1306

286 511 472 573 catur,
505 508 680 576 atque
714 499 1163 575 participatione
1195 497 1399 564 Filius,
1435 496 1934 570 quemadmodum
1971 498 2021 565 Α
2053 495 2166 567 lus,
2201 497 2301 568 qui
2331 497 2524 554 Tobiae
2565 501 2852 574 apparuit,
2913 503 2970 556 et
3026 500 3098 568 is,
3158 499 3258 572 qui
3316 498 3542 570 Virgini
3596 501 3707 557 Ave

289 597 600 670 prephetae,
637 593 1018 664 reliquusque
1061 595 1395 646 sanctorum
1453 585 1806 658 catalogus?
1837 585 1937 656 qui

291 685 556 743 mutabili
589 685 761 740 etiam
817 686 1026 737 natura
1088 679 1384 752 praeditus.
1419 682 1470 734 et
1505 695 1537 733 a
1595 676 1695 732 Dei
1728 679 1940 730 natura

291 777 517 832 alienus
541 775 568 830 ‘2
597 773 697 845 qui
731 773 981 842 denique
1013 770 1198 825 Deum
1259 768 1498 822 minime
1556 766 1749 821 videre
1781 764 1942 819 dice-

291 871 384 921 tur
417 865 487 932 is,
522 865 592 918 de
623 879 738 934 quo
768 861 1023 916 Joannes
1074 856 1429 928 evangelista
1473 854 1630 910 clara
1675 870 1812 910 voce
1841 869 1942 909 ex-

291 953 562 1012 clamavit
597 971 608 1007 :
645 955 705 1008 In
741 949 1019 1023 principio
1051 952 1168 1004 erat
1206 946 1454 1011 Verbum,
1479 953 1528 1000 et
1563 944 1790 1001 Verbum
1821 950 1943 999 erat

289 1045 434 1116 apud
469 1045 654 1110 Deum,
688 1050 739 1096 et
779 1043 915 1096 Deus
962 1043 1086 1094 erat
1135 1037 1366 1094 Verbum
1398 1035 1481 1107 55;
1515 1035 1654 1090 item
1689 1051 1702 1088 :
1739 1034 1939 1104 Um'ge-

289 1138 444 1190 uitus
474 1133 668 1202 Filias,
701 1130 798 1203 qui
825 1133 901 1186 est
934 1131 989 1184 in
1019 1129 1151 1184 sinu
1181 1129 1388 1183 Patris.
1415 1126 1513 1181 itte
1541 1126 1822 1180 enarravtt
1851 1121 1942 1176 Is‘3"?

292 1225 425 1296 Ipse
457 1238 688 1294 quoque
721 1220 992 1276 Christus
1053 1218 1128 1274 ait
1161 1232 1175 1271 :
1209 1218 1316 1289 Ego
1338 1218 1397 1275 in
1427 1217 1612 1285 Patre,
1669 1221 1719 1269 et
1771 1218 1943 1268 Pater

291 1315 352 1370 in
382 1329 468 1369 me
497 1313 560 1366 ⁵⁷.
596 1313 737 1367 Item
774 1328 787 1366 :
825 1311 930 1374 Qui
960 1310 1110 1365 videt
1141 1325 1248 1376 me,
1279 1306 1427 1362 videt
1457 1313 1505 1360 et
1537 1306 1762 1359 Patrem
1798 1300 1868 1356 ⁵⁸.

361 1407 493 1458 Jam
525 1417 659 1458 vero
695 1399 743 1456 si
775 1415 910 1455 cum
941 1398 1111 1453 Patre
1140 1398 1199 1452 in
1255 1395 1540 1468 principio
1595 1397 1740 1461 erat,
1781 1390 1942 1448 nullo

292 1495 462 1552 modo
494 1495 761 1548 creatura
791 1494 899 1546 est.
932 1491 1215 1544 Creatura:
1248 1487 1405 1543 enim
1435 1501 1504 1542 ex
1535 1482 1720 1539 nihilo
1753 1481 1940 1549 factae,

289 1581 658 1656 temporique
685 1581 962 1652 subjectae
991 1582 1148 1635 sunt.

356 1675 534 1746 Cujus
568 1677 758 1728 autem
791 1669 1044 1726 essentia
1077 1670 1255 1735 caret,
1287 1665 1339 1722 is
1390 1663 1678 1738 principio
1710 1665 1944 1719 creatus

288 1782 402 1822 non
436 1768 546 1834 est,
582 1763 681 1818 sed
719 1778 790 1817 ne
821 1765 1034 1817 natura
1063 1757 1303 1830 quidem
1356 1753 1628 1810 mutabili
1661 1752 1943 1825 praaditus

2051 585 2214 652 dixit,
2246 588 2654 659 Zachariaeque
2680 595 3093 662 concepturarn
3143 589 3532 644 Elizabetham
3568 606 3703 661 pro-

2051 677 2344 732 nuntiavit
2373 699 2387 745 ;
2419 678 2542 749 ipse
2581 679 2835 750 denique
2880 680 3146 735 Christus
3206 680 3395 749 testis,
3431 680 3529 750 qui
3562 696 3704 749 apo-

2051 765 2232 822 stolos
2267 766 2356 822 his
2391 768 2580 824 verbis
2613 768 2933 840 increpavit
2966 785 2978 823 :
3009 769 3192 824 Sinite
3220 770 3481 842 parvulos
3512 770 3707 825 venire

2051 855 2118 910 att
2163 871 2264 912 me.
2327 857 2519 928 Augeli
2563 859 2713 912 enim
2765 874 2954 913 eorum
3000 874 3210 930 semper
3266 859 3447 915 vident
3503 860 3703 930 faciem

2052 948 2238 1001 Patris
2267 949 2397 1013 mei,
2429 947 2526 1018 qui
2552 956 2631 1004 est
2665 951 2720 1003 in
2753 949 2907 1004 cretis
2937 948 3009 1003 σε.
3054 951 3199 1004 Item
3236 966 3249 1004 :
3285 950 3527 1020 Spiritus
3558 951 3706 1005 veri-

2053 1036 2204 1106 tatis,
2237 1053 2394 1108 quem
2425 1038 2663 1092 mundus
2716 1055 2825 1094 non
2876 1045 3053 1110 potest
3113 1039 3382 1110 accipere,
3424 1041 3556 1110 quia
3589 1057 3703 1094 non

2053 1128 2201 1184 videt
2227 1144 2352 1182 eum
2386 1145 2398 1183 :
2435 1131 2696 1199 quoniam
2725 1129 2872 1200 apud
2930 1145 3024 1183 vos
3079 1137 3263 1184 manet
3292 1127 3357 1183 6³.
3393 1129 3704 1186 Praeterrea

2053 1232 2156 1288 per
2197 1217 2583 1287 prophetam:
2618 1217 2726 1288 Ego
2784 1217 3060 1272 vobiscum
3114 1234 3256 1288 sum,
3315 1217 3458 1272 dicit
3511 1220 3712 1274 Domi.

2050 1321 2154 1361 nus
2179 1305 2244 1375 δέ,
2278 1312 2336 1362 et
2366 1306 2619 1378 Spiritus
2654 1323 2842 1363 meus.

2124 1396 2347 1468 Siquis
2380 1395 2555 1452 etiam
2612 1396 2842 1453 animas
2898 1398 3241 1469 corporibus
3304 1397 3708 1471 praeexsistere

2055 1485 2232 1551 dicat,
2267 1502 2480 1558 easque
2517 1487 2861 1558 angelorum
2915 1495 2968 1543 et
3025 1488 3308 1544 virtutum
3367 1489 3706 1545 nominibus

2055 1575 2349 1648 dignetur,
2381 1576 2619 1647 angelos
2650 1578 2844 1633 autem
2894 1577 2951 1632 in
3001 1581 3304 1649 peccatum
3335 1579 3532 1649 lapsos
3569 1594 3706 1650 sup~

2053 1665 2212 1738 plicii
2245 1665 2368 1722 loco
2399 1665 2457 1720 in
2482 1667 2591 1723 hoc
2614 1683 2826 1740 corpus
2846 1667 3061 1723 missos
3083 1672 3305 1738 esse,ut
3335 1667 3427 1722 hic
3448 1667 3702 1739 primum

2047 1755 2338 1827 judicium
2371 1757 2599 1821 subeat,
2631 1757 2882 1829 impium
2915 1762 3068 1814 certe
3091 1757 3285 1824 fuerit,
3321 1761 3378 1813 et
3408 1758 3578 1830 primi
3610 1759 3710 1815 ho-

287 1858 397 1924 est,
431 1852 721 1924 siquidem
755 1850 813 1905 in
848 1848 1137 1922 principio
1196 1852 1338 1914 erat,
1389 1845 1775 1915 ejusdemque
1807 1858 1940 1898 cum
1976 1875 2023 1940 B
2056 1845 2234 1902 minis
2265 1847 2544 1903 creationi
2577 1864 2933 1920 repugnans.
2969 1847 3146 1902 Vetus
3195 1847 3352 1902 enim
3385 1849 3710 1920 eademque

290 1949 459 2001 Patre
489 1941 856 2008 substantiis,
892 1939 1135 1994 diversze
1169 1952 1302 1992 vero
1362 1950 1759 2006 nequaquam.
1794 1935 1943 1998 Quo-

294 2034 463 2091 modo
493 2033 648 2088 enim
681 2028 1054 2102 Unigenitus,
1095 2025 1388 2098 quomodo
1450 2025 1625 2079 etiam
1687 2021 1948 2094 paternis

293 2128 352 2180 et
384 2123 616 2180 sinibus
648 2117 1104 2193 inseparabilis?
1136 2118 1277 2171 Eum
1311 2115 1468 2170 enim
1509 2114 1680 2169 Pater
1710 2112 1866 2184 apud
1887 2126 1950 2167 se

295 2230 533 2270 manere
564 2227 868 2283 nunquam
931 2205 1316 2281 permisisset,
1378 2204 1480 2276 qui
1539 2202 1777 2259 diversa:
1823 2219 1857 2258 ει
1889 2217 1950 2256 se

294 2301 639 2359 substantiae
671 2301 896 2368 fuisset,
932 2298 1026 2354 hic
1057 2303 1248 2352 autem
1295 2293 1559 2366 ejusdem
1603 2309 1737 2348 cum
1782 2291 1953 2346 Patre

295 2393 640 2452 substantiae
671 2395 780 2457 est,
815 2386 1404 2446 naturaimmutabili
1438 2385 1733 2459 praeditus,
1755 2399 1955 2456 quem-

298 2485 617 2540 admodum
650 2486 705 2538 et
736 2480 852 2537 ille.

369 2574 478 2638 Qui
510 2573 636 2630 ﬁeri
669 2576 950 2644 praeterea
979 2573 1187 2640 potest,
1236 2571 1301 2623 ut
1330 2565 1642 2623 invisibilis
1673 2565 1750 2621 sit
1789 2566 1956 2620 Pater

299 2665 467 2731 Filio,
501 2664 673 2734 cujus
701 2662 821 2717 haec
853 2661 1024 2715 verba
1082 2658 1361 2730 leguntur
1395 2674 1408 2713 :
1441 2658 1611 2712 Nemo
1650 2657 1802 2711 novit
1845 2656 1954 2710 Pa-

301 2760 441 2810 trem
475 2753 590 2809 nisi
619 2752 816 2822 Filius,
848 2760 899 2806 et
929 2749 978 2805 is
1008 2747 1101 2804 cui
1145 2749 1382 2804 voluerit
1410 2746 1586 2802 Filius
1618 2745 1860 2801 revelare
1889 2745 1951 2811 5’,

301 2844 399 2915 qui
432 2843 589 2897 Patri
622 2847 947 2897 coaeternus
979 2843 1202 2906 est,nec
1233 2836 1335 2893 ulli
1369 2836 1656 2908 principio
1688 2835 1957 2906 subiacet

301 2950 432 3005 quae
464 2931 649 2988 resin
691 2947 873 2986 causa
931 2932 1045 2995 est,
1105 2927 1258 2998 quod
1314 2927 1638 2999 ignoretur,
1696 2942 1800 2980 nec
1857 2941 1954 2980 as-

301 3022 605 3093 pectabilis
634 3021 728 3076 sit.
762 3020 895 3075 Jam
927 3018 1025 3089 qui
1058 3016 1182 3072 ﬁeri
1231 3021 1441 3090 potest,
1493 3020 1560 3071 ut
1618 3031 1680 3072 se
1713 3013 1957 3070 minime

303 3112 456 3168 norit
485 3112 703 3183 ipsum,
737 3109 838 3181 qui
869 3107 998 3164 aliis
1032 3106 1381 3180 cognitionis
1409 3110 1612 3162 auctor
1641 3105 1778 3162 est?

373 3201 637 3265 Quanam
673 3215 802 3254 vero
837 3197 1062 3254 ratione
1095 3214 1129 3252 a
1183 3195 1399 3268 Spiritu
1461 3209 1696 3268 quoque
1752 3198 1954 3250 sancto

302 3290 513 3346 Filium
548 3289 788 3346 minime
845 3286 1028 3342 videri
1086 3287 1218 3358 quis
1277 3287 1612 3353 contendat,
1647 3301 1778 3341 cum
1813 3283 1951 3339 sub-

302 3381 521 3437 stantia
552 3379 648 3447 sit,
701 3395 826 3449 quae
868 3377 992 3432 solo
1044 3375 1343 3431 intellectu
1394 3377 1734 3448 percipitur,
1771 3389 1956 3445 eaque

303 3469 553 3538 inﬁnita,
588 3469 633 3523 si
661 3467 812 3523 vires
841 3464 1243 3537 expendamus
1279 3481 1292 3520 :
1327 3465 1952 3535 substantia,inquam,

304 3559 664 3631 temporibus
695 3561 750 3613 et
780 3556 1012 3612 szeculis
1039 3555 1354 3624 immensa,
1395 3572 1511 3626 qua
1538 3555 1770 3610 abunde
1801 3555 1957 3610 bona

304 3652 417 3708 sibi
449 3650 627 3705 insita
657 3648 924 3720 largitur,
975 3646 1026 3701 is
1059 3645 1334 3717 denique,
1386 3661 1558 3716 quem
1613 3643 1812 3700 omnia
1842 3645 1954 3700 sibi

304 3742 604 3812 expetunt,
640 3754 765 3809 quae
797 3736 979 3791 vitam
1015 3751 1082 3790 ex
1115 3735 1453 3806 praescripto
1509 3734 1739 3791 virtutis
1796 3735 1957 3790 insti-

310 3833 524 3895 tuunt;
560 3827 632 3882 ad
675 3841 848 3898 quem
909 3824 1088 3879 etiam
1145 3827 1353 3879 cuncta
1405 3823 1779 3895 confugiunt,
1830 3841 1954 3895 quae

304 3917 759 3976 linctilicatione
791 3913 1134 3985 indigent,is
1165 3929 1234 3968 ex
1265 3929 1379 3984 quo
1412 3917 1751 3969 caeterorum
1776 3913 1959 3968 omni-

305 4025 408 4064 um
442 4005 717 4080 perfectio
764 4003 1070 4076 dependet,
1120 4002 1171 4058 is
1222 4002 1321 4074 qui
1367 4001 1529 4058 nulla
1584 4003 1643 4058 in
1674 4019 1734 4059 re
1764 4003 1959 4059 deficit

306 4098 402 4169 qui
433 4097 618 4151 vitam
651 4092 1008 4166 suppeditat,
1061 4092 1161 4163 qui
1211 4093 1508 4147 additione
1562 4109 1670 4147 non
1707 4092 1958 4166 comple-

306 4197 419 4259 tur,
454 4187 552 4242 sed
587 4200 820 4255 semper
849 4183 1098 4254 plenus;
1134 4197 1239 4236 nec
1275 4182 1470 4237 minus
1502 4199 1679 4253 quam
1712 4188 1881 4238 Pater
1899 4187 1956 4238 et

305 4278 484 4335 Filius
517 4274 800 4346 principio
833 4289 1061 4340 carens,
1093 4276 1150 4328 et
1181 4279 1502 4328 coaeternus
1560 4276 1670 4340 est,
1729 4273 1952 4329 divina-

306 4385 418 4442 que
449 4364 805 4421 charismata
837 4361 1064 4431 dividit,
1097 4367 1154 4418 et
1204 4361 1459 4434 singulis
1514 4379 1618 4434 pro
1676 4362 1957 4436 dignitate

304 4466 588 4530 tanquam
627 4457 777 4509 Deus
801 4452 1124 4517 distribuit,
1151 4456 1326 4523 prout
1354 4451 1483 4506 vult
1513 4468 1526 4507 :
1565 4453 1717 4523 quod
1751 4455 1958 4510 Petrus

306 4547 482 4604 etiam
517 4545 586 4600 iis
616 4546 928 4600 attestatus
959 4546 1064 4609 est,
1094 4557 1218 4613 quae
1249 4541 1549 4613 Sapphiraa
1584 4542 1728 4597 dixit
1761 4558 1772 4598 :
1809 4544 1954 4608 Quid

2062 1935 2260 1993 divina
2289 1937 2586 2009 Scriptura
2637 1954 2742 1993 nos
2788 1939 2976 2007 docet,
3027 1937 3521 2007 quemadmodum
3556 1939 3711 1993 Ada-

2062 2047 2197 2087 mus
2229 2044 2257 2084 e
2291 2030 2426 2084 limo
2460 2030 2745 2085 formatus
2777 2029 3238 2085 insuitlationem
3267 2029 3529 2084 divinam
3558 2029 3616 2084 in
3638 2030 3717 2084 fa-

2069 2123 2156 2180 cie
2187 2139 2292 2177 sua
2350 2119 2633 2177 divinitus
2689 2119 2999 2191 exceperit,
3060 2136 3183 2190 quae
3240 2119 3560 2175 etiamnum
3622 2135 3714 2174 ra-

2062 2213 2238 2270 tionis
2293 2215 2349 2268 et
2407 2210 2739 2268 intellectus
2802 2210 3094 2283 particeps
3153 2209 3352 2265 anima
3406 2209 3625 2265 dicitur
3683 2225 3718 2264 a

2065 2303 2253 2360 nobis.

2136 2393 2414 2466 Origenes
2447 2408 2619 2466 porro
2651 2407 2784 2448 cum
2827 2391 3158 2449 animarum
3195 2389 3714 2464 praeexsistentiam

2064 2483 2401 2551 introducit,
2435 2488 2514 2553 et,
2544 2483 2696 2554 quod
2731 2483 3222 2539 absurdissimum
3271 2489 3378 2554 est,
3412 2499 3511 2538 eas
3542 2497 3719 2554 ange-

2067 2575 2158 2632 los
2186 2590 2314 2630 esse
2340 2573 2500 2641 dicit,
2535 2574 2636 2643 qui
2679 2577 2914 2644 peccato
2966 2573 3114 2644 lapsi
3172 2572 3414 2638 fuerint,
3449 2571 3508 2626 in
3539 2571 3718 2641 hujus

2069 2665 2150 2722 rei
2181 2663 2688 2721 confirmationem
2721 2662 2841 2717 haec
2872 2662 3145 2718 Davidica
3176 2662 3476 2734 proferens
3510 2678 3523 2716 :
3559 2664 3722 2716 Prius

2069 2771 2234 2828 quam
2264 2752 2622 2820 humiliarer,
2667 2768 2763 2821 ego
2811 2754 3033 2824 peccavi
3060 2751 3144 2820 65;
3178 2752 3340 2816 item,
3377 2751 3720 2817 Convertere,

2069 2844 2268 2902 anima
2291 2860 2430 2912 mea,
2467 2843 2528 2898 in
2558 2842 2804 2915 requiem
2861 2851 3014 2898 tuam
3043 2841 3110 2910 6⁸,
3164 2841 3450 2913 judicium
3504 2842 3721 2896 daemo-

2073 2951 2210 2990 num
2243 2933 2568 2988 introducit
2593 2936 2730 2987 ante
2751 2939 3008 3003 tempus,
3040 2948 3257 3002 eosque
3289 2929 3562 3002 supplicii
3594 2929 3718 2984 loco

2071 3025 2132 3079 in
2165 3039 2404 3094 corpore
2443 3023 2807 3078 introductos
2867 3038 2995 3076 esse
3054 3020 3214 3091 dicit,
3275 3021 3436 3092 quod,
3487 3019 3722 3090 quidem

2067 3113 2361 3185 judicium
2393 3111 2801 3168 determinavit
2836 3111 3005 3175 Deus,
3059 3114 3125 3165 ut
3177 3109 3390 3165 Paulus
3422 3107 3724 3179 apostolus

2074 3206 2175 3270 ait,
2209 3219 2313 3258 nec
2346 3201 2448 3257 ulli
2484 3206 2676 3256 tamen
2727 3203 2786 3256 in
2839 3200 2999 3255 hunc
3050 3216 3237 3272 usque
3293 3199 3447 3255 diem
3482 3197 3724 3266 intulit;

2068 3293 2187 3350 imo
2218 3308 2354 3348 vero
2383 3292 2444 3347 in
2477 3295 2847 3347 mortuorum
2885 3289 3392 3358 resurrectionem,
3425 3288 3722 3359 totiusque

2067 3385 2271 3440 mundi
2332 3383 2894 3440 consummationem
2969 3382 3288 3438 reservavit
3323 3398 3336 3437 ε
3371 3397 3484 3452 quo
3545 3379 3722 3435 etiam

2065 3480 2328 3545 tempore
2359 3473 2657 3528 daemones
2690 3473 2748 3527 in
2795 3472 2988 3544 ignem
3047 3470 3388 3526 exteriorem
3453 3468 3724 3538 abibunt,

2066 3562 2166 3634 qui
2198 3561 2284 3617 eis
2314 3577 2634 3631 eorumque
2665 3560 2939 3632 praelecto
2971 3564 3330 3632 praeparatus
3364 3564 3476 3625 est,
3509 3573 3726 3628 eosque

2067 3652 2208 3707 adeo
2240 3650 2499 3706 damnati
2537 3650 2804 3706 homines
2835 3648 3293 3717 comitabuntur,
3335 3652 3572 3718 propter
3597 3646 3725 3703 illa,

2068 3760 2196 3815 quae
2225 3742 2286 3798 in
2318 3742 2437 3797 vita
2467 3745 2673 3797 contra
2698 3741 2794 3812 jus
2827 3744 2883 3795 et
2915 3757 3144 3812 aequum
3180 3739 3570 3795 admiserunt.

2137 3831 2416 3904 Origenes
2455 3847 2591 3904 ergo
2642 3829 2960 3896 fabulatur,
3012 3830 3151 3886 dum
3201 3830 3431 3886 animas
3482 3827 3720 3901 angelos

2066 3940 2198 3980 esse
2230 3925 2466 3996 peccato
2497 3921 2694 3993 lapsos
2731 3920 3053 3993 existimat,
3107 3936 3354 3993 quarum
3389 3919 3723 3976 substantia

2067 4029 2135 4070 ex
2163 4013 2361 4069 divina
2388 4012 2790 4070 insufflatione
2820 4013 3164 4084 dependeat.

2139 4103 2246 4170 Qui
2282 4101 2405 4158 ﬁeri
2465 4103 2640 4158 etiam
2697 4106 2909 4175 potest,
2971 4107 3036 4157 ut
3092 4101 3364 4156 Christus
3402 4116 3616 4172 corpus
3650 4116 3720 4155 ex

2069 4193 2458 4265 sanguiuibus
2489 4193 2767 4265 virgineis
2795 4195 3185 4264 compactum,
3218 4191 3594 4262 animamque
3628 4207 3716 4246 ra-

2068 4283 2241 4340 tionis
2270 4287 2328 4338 et
2360 4282 2692 4339 intellectus
2724 4283 3068 4354 participem
3101 4296 3404 4338 assumere
3445 4281 3721 4352 dignatus

2069 4374 2166 4442 sit,
2199 4373 2249 4428 si
2277 4372 2485 4427 anima:
2519 4389 2622 4444 pro
2653 4373 3022 4428 daemonibus
3045 4371 3477 4444 peccatolapsis
3501 4371 3722 4426 haben-

2069 4463 2154 4518 dae
2187 4462 2347 4517 sint?
2375 4461 2664 4532 Christus,
2699 4462 3071 4534 iuquam,qui
3105 4463 3163 4517 in
3197 4461 3480 4516 mundum
3506 4461 3720 4517 idcirco

2068 4551 2245 4622 venit,
2281 4555 2346 4607 ut
2376 4554 2705 4608 daemonum
2739 4551 3048 4624 imperium
3081 4553 3426 4619 destrueret,
3455 4568 3718 4607 commu-

308 4639 507 4711 utique
537 4636 807 4692 convenit
855 4633 1020 4689 vobis
1069 4637 1294 4689 tentare
1346 4633 1627 4706 Spiritum
1680 4636 1957 4692 Domini?
1992 4622 2035 4686 Ι)
2069 4657 2318 4713 nemque
2351 4643 2583 4713 generis
2617 4622 2860 4696 humani
2915 4641 3162 4697 salutem
3223 4644 3578 4713 procuraret.
3613 4639 3717 4694 Ill],

308 4731 431 4785 Non
468 4729 686 4785 mentiti
714 4727 841 4783 estis
871 4724 1204 4792 hominibus,
1229 4725 1330 4779 sed
1359 4724 1463 4780 Deo
1499 4723 1568 4779 εο.

377 4820 660 4875 Caeterum
694 4814 933 4888 angelos
964 4813 1134 4869 etiam
1193 4813 1447 4868 divinam
1484 4822 1542 4870 et
1599 4814 1952 4872 ineffabilem

305 4926 479 4981 super
501 4905 906 4964 substantialis
928 4903 1255 4959 divinitatis
1280 4904 1776 4976 pulchritudinem
1803 4906 1960 4963 velut

305 5001 365 5055 in
399 4995 636 5071 speculo
669 4991 1050 5065 contemplari
1074 4991 1248 5062 juxta
1281 4995 1711 5064 proportionem
1745 5013 1958 5067 praero-

304 5089 535 5162 gativae,
596 5101 722 5157 qua:
783 5084 936 5137 inter
993 5080 1125 5136 illos
1185 5085 1297 5144 est,
1359 5087 1416 5137 et
1471 5085 1958 5142 sanctiﬁcationis

305 5179 571 5242 modum,
606 5190 782 5246 quam
816 5190 848 5226 a
879 5171 1099 5241 Spiritu
1134 5176 1338 5226 sancto
1369 5171 1607 5240 habent,
1640 5190 1744 5229 nec
1767 5173 1960 5232 homi-

307 5285 448 5323 num
483 5264 681 5323 oculos
714 5278 951 5336 prorsus
993 5261 1267 5332 effugere,
1318 5261 1490 5317 testis
1519 5268 1608 5318 est
1638 5263 1739 5318 illa
1771 5264 1956 5321 Abra-

305 5359 440 5414 ham
473 5355 868 5427 hospitalitas,
901 5351 1065 5407 testis
1097 5350 1218 5405 hec
1251 5351 1495 5406 Monomi
1527 5353 1734 5422 oratio,
1779 5358 1960 5412 Morte

301 5448 628 5512 moriemur,
662 5445 794 5516 quia
822 5440 1060 5497 vidimus
1116 5439 1412 5496 Dominum
1437 5441 1517 5510 6';
1554 5442 1718 5498 testis
1777 5462 1957 5518 ange-

373 5577 417 5611 ⁵⁸
442 5575 610 5630 Joan.
641 5589 678 5627 ι.
713 5577 761 5625 1.
867 5570 910 5604 ⁵⁸
943 5569 1093 5625 Ibid.
1130 5568 1214 5622 18.
1322 5568 1364 5603 ⁵⁷
1402 5568 1571 5624 Joan.
1607 5588 1720 5638 xxv,
1757 5574 1841 5628 10.

301 5664 428 5718 xui,
458 5648 550 5702 22.
654 5643 702 5679 ⁶²
736 5643 938 5701 Matth.
969 5658 1087 5711 xxx,
1122 5641 1220 5710 Ili;
1254 5656 1416 5713 xvm,
1453 5641 1537 5697 10.

304 5737 454 5790 cx1v,
486 5723 542 5775 7.

1945 5573 1994 5608 ⁵³
2023 5575 2172 5632 Ibid.
2207 5579 2260 5632 9.

1647 5642 1692 5678 ⁸³
1716 5645 1882 5703 Joan.
1917 5661 2031 5714 xw,
2065 5649 2151 5709 17.

2066 4749 2236 4804 porro
2271 4732 2604 4787 animarum
2639 4731 3120 4804 praeexsistentia,
3168 4748 3344 4802 quam
3376 4729 3719 4802 introducit,

2067 4820 2398 4876 Graecorum
2432 4820 2828 4876 labulamenta
2858 4821 3099 4876 redolet.

2141 4911 2318 4966 Graeci
2351 4910 2530 4976 enim,
2566 4911 2792 4966 animas
2853 4911 3254 4982 prtecxsistere
3283 4911 3415 4982 rati,
3449 4929 3549 4968 eas
3583 4929 3721 4984 pec-

2074 5006 2202 5057 cato
2235 5000 2516 5056 obnoxias
2549 5017 2675 5056 esse
2705 5001 2996 5066 dicebant,
3056 5018 3182 5072 quae
3215 5017 3348 5056 cum
3408 5001 3522 5058 alio
3554 5003 3724 5059 modo

2068 5091 2312 5146 detersis
2348 5090 2593 5147 maculis
2624 5095 2682 5146 et
2712 5091 3006 5159 sordibus,
3049 5091 3262 5163 quibus
3285 5091 3723 5160 inliciebantur,

2067 5179 2399 5253 expurgari,
2432 5181 2503 5236 ad
2537 5179 2964 5252 pristinamque
3013 5179 3332 5252 puritatem
3381 5183 3572 5238 redire
3604 5199 3720 5239 non

2069 5277 2328 5341 possent,
2361 5269 2578 5326 idcirco
2609 5271 2950 5339 corporibus
2975 5269 3444 5340 infunderentur,
3478 5288 3725 5343 quaeque

2069 5361 2209 5416 adeo
2242 5360 2581 5431 capiatoriis
2615 5361 2931 5416 virtutibus
2973 5377 3087 5415 non
3143 5361 3548 5428 abuterentur,
3583 5377 3660 5416 ea
3694 5379 3728 5418 a

2067 5449 2416 5521 corporibus
2469 5451 2736 5506 resolutae
2799 5451 3104 5524 pristinam
3163 5450 3501 5524 puritatem,
3535 5451 3730 5510 since-

2365 5576 2414 5610 ⁵9
2447 5577 2652 5633 Matth.
2686 5596 2763 5633 x1.
2797 5580 2886 5633 27.
2995 5578 3042 5613 σο
3071 5580 3195 5634 Act.
3222 5597 3276 5647 ν,
3303 5581 3356 5636 4.
3460 5581 3504 5618 ⁶¹
3533 5582 3736 5638 Judic.

2257 5649 2303 5684 “
2333 5648 2450 5706 Jer.
2487 5666 2621 5722 xui,
2656 5651 2740 5706 11.
2845 5650 2893 5686 6⁵
2919 5653 3068 5709 Psal.
3105 5667 3260 5723 cvm,
3296 5655 3384 5710 40.
3491 5653 3536 5690 ⁵⁸
3569 5655 3723 5712 Psal.
