4054 6430
299 424 450 489 136⁸7

1614 421 1927 486 NICETIE
1967 422 2402 485 CHONIATAE

3562 418 3731 481 1308

294 575 541 632 rumque
572 559 816 616 nitorem
850 559 1040 615 denuo
1071 558 1414 630 reciperent,
1448 557 1791 630 caeterisque
1813 554 1941 611 ani-
1968 560 2023 627 Α
2121 558 2196 610 At
2225 572 2357 612 vero
2390 553 2658 611 curiosus
2689 553 2784 611 hic
2830 552 3027 621 homo,
3079 552 3558 626 subtilitatisque
3591 558 3727 609 stu-

296 651 410 705 mis
438 650 637 707 statim
673 667 706 705 a
738 650 928 705 reditu
962 649 1500 717 commiscerentur,
1536 664 1662 718 quae
1693 645 1948 717 corpori-

295 740 408 794 bus
439 738 602 794 nullo
634 756 695 793 se
726 739 897 794 modo
929 738 1397 807 conjunxissent,
1459 754 1586 809 quae
1644 752 1775 792 vero
1809 735 1951 790 alI‘e—

295 839 496 885 ctuum
511 826 861 899 corruptioni
879 828 1267 897 obsequentes
1294 826 1583 898 propriam
1603 824 1949 895 dignitatem

294 918 523 973 irritam
554 922 610 973 et
639 918 903 973 inutilem
957 918 1286 986 redderent,
1338 915 1680 986 similesque
1711 914 1950 985 speculo

298 1025 360 1064 se
392 1011 753 1079 praestarent,
788 1024 820 1062 a
850 1023 964 1078 quo
999 1008 1153 1061 levor
1183 1005 1283 1059 ille
1316 1022 1498 1076 purus
1535 1010 1590 1059 et
1622 1003 1952 1075 pellucidus

297 1096 467 1166 absit,
501 1112 577 1150 eae
610 1097 707 1151 ubi
740 1096 993 1166 primum
1027 1112 1059 1150 a
1108 1111 1351 1166 corpore
1405 1094 1648 1161 exirent,
1682 1093 1742 1149 in
1773 1091 1953 1147 chaos

298 1191 355 1241 et
383 1186 633 1241 Erebum
670 1185 992 1257 praecipites
1020 1185 1319 1239 darentur.

368 1278 585 1329 Horum
636 1291 807 1345 porro
856 1274 1188 1343 verborum,
1236 1274 1400 1328 Prius
1451 1289 1617 1344 quam
1684 1271 1955 1327 humilia-

298 1380 404 1419 rer.
438 1380 533 1436 ego
562 1364 779 1436 peccavi
812 1383 831 1419 :
863 1365 1025 1429 item,
1070 1366 1421 1432 Convertere,
1474 1363 1666 1418 anima
1717 1377 1859 1429 mea,
1893 1363 1954 1418 in

299 1453 550 1524 requiem
598 1457 754 1509 tuam
811 1455 905 1509 hic
962 1458 1053 1509 est
1087 1470 1319 1523 sensus,
1354 1457 1418 1509 ut
1448 1453 1541 1508 his
1597 1453 1792 1508 verbis
1851 1451 1956 1507 sei-

297 1560 471 1615 psum
503 1548 663 1599 vates
695 1544 1199 1610 commonefaciat,
1242 1559 1430 1615 eaque
1476 1542 1535 1597 in
1573 1548 1830 1597 mentem
1863 1556 1955 1596 re-

296 1638 481 1699 vocet,
514 1650 637 1705 quae
670 1634 729 1688 in
779 1633 979 1689 Uriam
1030 1632 1305 1688 scelerate
1358 1632 1678 1687 admodum
1715 1630 1958 1686 commi-

298 1729 453 1779 serat
486 1739 500 1776 :
537 1722 993 1778 bumiliationem
1019 1738 1122 1778 seu
1141 1722 1528 1793 abjectionem
1551 1737 1652 1793 pro
1674 1718 1832 1791 turpi
1855 1721 1958 1775 de-

299 1810 528 1879 decore,
562 1812 717 1882 quod
759 1811 817 1865 in
877 1827 1012 1866 eum
1071 1811 1207 1866 inde
1266 1812 1705 1879 redundaverat,
1741 1808 1958 1881 illoque

2056 645 2258 701 diosus
2291 647 2422 715 plus
2452 661 2630 717 quam
2689 645 2832 700 satis
2890 650 3003 713 est,
3063 644 3186 700 haec
3243 647 3387 699 tunc
3445 644 3729 699 elocutus

2056 735 2199 790 mihi
2231 735 2477 802 videtur,
2510 751 2645 791 cum
2677 750 2746 790 ex
2776 733 3090 790 Platonicis
3140 734 3393 806 placitis,
3426 733 3730 790 aliorum-

2054 840 2168 895 que
2226 824 2733 896 philosophorum,
2792 839 3044 895 quorum
3132 824 3385 880 lectione
3444 823 3726 879 animum

2055 930 2229 970 suum
2262 915 2480 970 teneris
2511 914 2582 970 ab
2615 914 2788 970 annis
2818 913 3475 980 excoluerat,contraria
3498 922 3728 969 nostra!

2057 1004 2188 1059 ﬁdei
2220 1004 2494 1077 dogmata
2523 1004 2847 1072 hausisset,
2877 1011 2934 1060 et
2964 1005 3036 1060 ad
3069 1004 3401 1061 satietatem
3438 1004 3727 1060 bibisset.

2056 1093 2351 1150 Idolorum
2382 1095 2539 1151 enim
2571 1110 2786 1167 genera
2818 1095 2933 1151 duo
2983 1094 3085 1149 uni
3136 1094 3449 1165 eidemque
3500 1095 3731 1149 animae

2057 1182 2299 1238 rationis
2328 1183 2597 1255 participi
2629 1184 2810 1239 Graeci
2853 1187 3147 1251 attexunt,
3177 1200 3432 1255 quorum
3464 1184 3735 1240 alterum

2055 1271 2139 1327 illi
2171 1272 2243 1328 ab
2275 1280 2488 1329 aeterno
2519 1274 2792 1339 cohaeret,
2824 1274 2894 1329 ab
2925 1273 3163 1345 illisque
3204 1273 3469 1329 divinum
3503 1290 3736 1347 corpus

2056 1366 2114 1417 et
2168 1360 2534 1419 luminosum
2592 1362 2828 1429 dicitur,
2878 1364 3129 1418 alterum
3214 1379 3347 1419 vero
3433 1362 3734 1435 crassius,

2058 1451 2214 1522 quod
2245 1467 2313 1507 ex
2342 1456 2633 1508 astrorum
2668 1451 3073 1523 dispositione,
3130 1455 3196 1508 ut
3245 1452 3435 1522 aiunt,
3470 1451 3735 1510 insitum

2057 1541 2245 1597 eidem
2282 1551 2387 1598 est.
2419 1545 2611 1614 Atque
2641 1542 2779 1600 huic
2808 1543 3067 1599 secundo
3102 1541 3257 1599 idolo
3290 1559 3506 1599 nomen
3536 1544 3739 1617 impo-

2059 1635 2227 1697 nunt,
2263 1632 2591 1703 animasque
2621 1631 2847 1688 idolum
2879 1632 3124 1689 rationis
3156 1648 3364 1705 expers
3395 1631 3743 1708 appellant,

2060 1720 2340 1794 cpinandi
2374 1721 2427 1776 vi
2459 1720 2790 1794 praeditum,
2836 1722 3311 1793 imaginativum,
3342 1722 3743 1786 sensitivum,

2062 1810 2454 1883 generationis
2513 1815 2817 1884 appetens,
2849 1828 3076 1867 necnon
3134 1828 3338 1868 eorum
3370 1828 3502 1883 quae
3533 1828 3737 1883 gene—

301 1902 609 1957 seditionis
639 1902 921 1971 tumultu,
956 1918 1072 1974 quo
1121 1902 1324 1958 eadem
1368 1902 1437 1957 de
1468 1919 1647 1959 causa
1677 1903 1747 1958 ab
1776 1901 1955 1957 Achi-
1989 1918 2034 1984 Β
2066 1900 2272 1955 rationi
2309 1901 2719 1971 subjiciuntur.
2751 1901 2876 1957 Non
2913 1900 3069 1957 enim
3114 1901 3217 1957 uni
3247 1902 3557 1973 eidemque
3591 1903 3736 1959 ani-

301 1991 540 2062 tophele
573 1997 630 2046 et
662 1992 954 2048 Absalone
1011 1992 1201 2047 fuerat
1259 1992 1584 2065 impetitus,
1643 1994 1960 2048 subsecuta

302 2079 557 2152 denique
589 2081 659 2136 ab
692 2080 937 2153 imperio
970 2081 1400 2149 deturbatiune,
1451 2098 1674 2139 necnon
1713 2080 1962 2154 ignomi-

305 2170 474 2229 niosa
504 2171 677 2243 regiis
708 2189 776 2228 ex
821 2173 1046 2229 aedibus
1101 2174 1256 2245 fuga,
1301 2174 1755 2247 solitudinisque
1803 2173 1963 2230 habi-

300 2261 520 2318 tatione
554 2261 1380 2333 usurpans,quemadmodum
1410 2262 1521 2319 alio
1541 2264 1717 2319 etiam
1751 2263 1811 2318 in
1834 2263 1959 2319 loco

300 2349 558 2422 psallens
594 2352 703 2407 Deo
737 2352 1037 2422 proﬁtetur
1066 2369 1081 2409 :
1120 2353 1276 2423 Dixi,
1299 2354 1617 2423 Conﬁtebor
1644 2354 1938 2409 adversum

301 2454 390 2496 me
436 2440 770 2507 iniustitiam
831 2457 1010 2497 meam
1075 2441 1307 2499 Domino
1335 2441 1420 2510 o7;
1517 2443 1680 2511 item,
1746 2445 1961 2498 Bonum

301 2533 381 2586 est
408 2528 572 2597 mihi,
605 2529 747 2601 quod
777 2530 1170 2586 humiliaveris
1202 2547 1309 2598 me,
1360 2540 1414 2587 et
1440 2547 1545 2603 per
1573 2533 1758 2587 exitus
1790 2548 1960 2603 aqua-

300 2634 425 2673 rum
454 2618 695 2674 demersi
722 2629 849 2674 sunt
876 2620 1024 2675 oculi
1051 2622 1159 2676 mei
1188 2637 1201 2674 :
1230 2622 1365 2692 quia
1400 2636 1509 2675 non
1538 2623 1754 2676 servavi
1787 2620 1961 2688 legem

303 2715 459 2763 tuam
485 2707 551 2762 εδ.
585 2708 810 2774 Quibus
840 2708 1117 2765 omnibus
1164 2710 1554 2781 promulgatio
1604 2709 1873 2780 quaedam
1906 2712 1963 2764 et

309 2795 626 2851 recantatio
658 2798 994 2853 continetur
1022 2799 1149 2868 eius
1182 2815 1357 2870 quem
1391 2804 1794 2855 anteactorum
1830 2815 1958 2855 ma-

303 2883 493 2941 lorum
523 2887 783 2957 pcenitet,
843 2888 1065 2959 quique
1116 2903 1250 2943 cum
1312 2889 1546 2960 propria
1605 2887 1962 2960 colloquitur

300 2975 495 3032 anima
525 2979 584 3031 et
612 2992 740 3032 eam
775 2978 844 3032 ad
880 2979 1102 3050 gratias
1152 2976 1410 3050 agendas
1461 2978 1818 3046 exhortatur,
1854 2995 1958 3051 pro

299 3065 621 3133 beneﬁciis,
656 3082 783 3136 quas
817 3070 945 3121 tum
980 3069 1257 3138 percepit,
1312 3083 1446 3123 cum
1482 3068 1722 3123 meritas
1751 3084 1956 3140 poenas

302 3169 502 3210 eorum
538 3154 773 3210 nomine
805 3172 918 3211 non
952 3155 1132 3220 dedit,
1180 3171 1304 3227 quas
1337 3157 1393 3211 in
1441 3156 1626 3211 Deum
1663 3160 1960 3212 contume-

2068 1989 2145 2044 mi
2177 1995 2420 2059 naturae,
2455 1991 2631 2046 unius
2661 1990 3229 2061 contemplationem,
3281 1990 3498 2062 primas
3531 1991 3741 2047 notio-

2069 2096 2194 2147 nes,
2253 2080 2575 2151 exquisitas
2642 2081 2941 2147 scientias,
3029 2097 3301 2138 erroneus
3387 2080 3735 2152 opiniones,

2066 2186 2267 2226 eorum
2303 2188 2428 2242 quas
2460 2171 2727 2227 sensibus
2781 2171 3144 2242 objiciuntur
3193 2170 3741 2244 apprehensiones,

2060 2260 2614 2333 imaginativamque
2646 2260 2983 2317 facultatem
3016 2261 3308 2327 tribuunt,
3352 2260 3455 2317 sed
3489 2260 3541 2316 ei
3578 2261 3732 2333 qui-

2065 2349 2198 2404 dem
2231 2350 2404 2421 parti,
2439 2367 2566 2421 quae
2611 2349 2860 2406 rationis
2915 2352 3003 2405 est
3057 2349 3371 2422 particeps,
3431 2354 3741 2422 praestan-

2067 2438 2236 2509 tiora,
2270 2439 2320 2494 ei
2348 2456 2508 2507 vero,
2543 2456 2673 2511 quas
2703 2439 2929 2495 ratione
2960 2444 3139 2506 caret,
3171 2456 3239 2495 ea
3268 2456 3397 2512 quas
3429 2438 3744 2497 deteriora

2067 2536 2199 2583 sunt
2233 2528 2559 2600 assignant,
2621 2545 2736 2585 non
2791 2544 2857 2584 eo
2888 2529 3126 2601 quidem
3186 2530 3405 2599 animo,
3463 2536 3528 2584 ut
3587 2529 3740 2586 inde

2068 2619 2329 2673 maculas
2362 2617 2514 2674 ullas
2545 2623 2646 2673 aut
2670 2619 2918 2675 dedecus
2950 2618 3137 2674 ullum
3186 2617 3459 2675 diviniori
3497 2625 3737 2676 natura

2064 2707 2341 2779 irrogent,
2375 2707 2475 2763 sed
2510 2712 2575 2762 ut
2605 2723 2736 2763 cum
2771 2706 2869 2762 illa
2894 2706 3240 2763 necessariis
3273 2709 3583 2780 perfuncta
3609 2709 3739 2764 fue-

2065 2797 2143 2852 rit
2171 2798 2536 2866 muneribus,
2585 2798 2703 2853 baec
2734 2797 2803 2863 ad
2863 2814 2932 2854 ea
2966 2815 3029 2854 se
3058 2798 3341 2853 duntaxat
3399 2802 3736 2867 convertat,

2065 2904 2192 2958 quis
2224 2885 2511 2944 diviniora
2542 2888 2964 2957 censebantur,

2141 2978 2255 3033 Hoc
2284 2976 2458 3050 igitur
2490 2977 2736 3045 idolum,
2771 2979 2926 3050 quod
2958 2982 3017 3033 et
3045 2977 3303 3035 crassius
3334 2978 3739 3045 diximus,hic

2065 3065 2301 3139 quidem
2335 3065 2408 3122 ab
2439 3066 2639 3123 anima
2667 3066 2915 3122 rationis
2946 3066 3231 3140 participe
3262 3067 3519 3138 separari
3553 3068 3737 3124 mini-

2065 3172 2159 3212 me
2190 3172 2363 3228 posse
2413 3156 2598 3227 aiunt,
2632 3160 2692 3212 at
2747 3156 2986 3212 homine
3043 3157 3233 3214 soluto
3296 3173 3741 3231 nonnunquam

300 3243 510 3300 liosius
542 3244 878 3299 admiserat.
918 3245 1019 3299 Per
1049 3245 1312 3315 requiem
1345 3251 1563 3311 autem,
1615 3245 1780 3300 illam
1814 3263 1953 3318 quo-
1999 3278 2041 3346 α
2072 3243 2536 3318 praestantiorem
2570 3245 2752 3313 illam,
2805 3246 3168 3319 rationisque
3214 3247 3564 3319 participem
3597 3249 3735 3304 ani-

302 3348 417 3405 que
440 3332 647 3387 animas
687 3332 843 3402 justi
898 3333 1432 3404 peregrinationem
1465 3333 1792 3406 intelligere
1825 3352 1955 3407 pos-

305 3437 661 3491 sumus,qua
682 3419 921 3491 quidem
953 3422 1223 3479 tristibus
1250 3423 1428 3494 hujus
1458 3425 1661 3479 muudi
1690 3425 1961 3497 periculis

303 3509 491 3565 libera
511 3509 884 3577 subducitur,
915 3518 972 3566 et
1011 3512 1270 3583 corporis
1317 3530 1351 3568 a
1380 3529 1443 3568 se
1487 3514 1957 3587 tabernaculum,

302 3603 589 3670 tanquam
619 3614 769 3654 onus
801 3615 971 3668 grave
1004 3601 1243 3671 excutit,
1278 3610 1340 3657 ut
1372 3602 1589 3659 Paulus
1621 3604 1797 3661 etiam
1829 3605 1911 3660 ait
1941 3622 1956 3661 :

308 3689 377 3743 In
405 3688 503 3743 hoc
555 3686 904 3745 tabernaculo
962 3690 1375 3761 ingemiscimus
1422 3695 1643 3762 gravati
1670 3691 1718 3729 θ’)
1747 3711 1761 3751 :
1796 3693 1957 3763 item,

311 3777 481 3848 Cupio
512 3777 779 3847 dissolvi,
801 3783 855 3834 et
883 3796 1001 3836 esse
1027 3797 1151 3837 cum
1181 3781 1392 3838 Christo
1422 3780 1491 3838 7°.

383 3866 757 3938 Blasphemia
784 3885 895 3923 non
950 3869 1173 3927 minore
1220 3871 1529 3943 sequentia
1560 3887 1793 3944 quoque
1822 3890 1959 3929 sca-

308 3960 455 4026 tent,
491 3956 704 4028 quibus
756 3957 981 4015 scilicet
1029 3959 1313 4016 Adamum
1364 3968 1675 4033 antequam
1726 3962 1960 4020 Domini

308 4046 647 4102 mandatum
685 4049 1212 4120 transgrederetur,
1242 4049 1557 4120 imaginem
1590 4051 1691 4107 Dei
1724 4068 1959 4108 conser-

303 4150 473 4190 vasse
502 4136 828 4203 contendit,
861 4139 1031 4207 cujus
1080 4139 1359 4195 nimirum
1415 4141 1604 4196 anima
1645 4141 1820 4209 nuda,
1854 4158 1958 4197 nec

305 4224 443 4280 ullis
476 4224 825 4280 velamentis
858 4226 1114 4282 obducta
1143 4232 1314 4295 esset,
1348 4234 1408 4284 at
1437 4228 1495 4285 in
1550 4229 1674 4285 sola
1704 4229 1959 4288 hominis

302 4312 477 4368 forma
503 4314 961 4384 conspiceretur.
1016 4314 1406 4387 Transgresso
1455 4322 1649 4373 autem
1685 4321 1960 4378 mandato

304 4402 571 4458 eamdem
596 4401 754 4457 illam
783 4404 1100 4475 imaginem
1116 4406 1388 4461 amisisse
1411 4406 1651 4473 ait,cum
1676 4407 1956 4465 nimirum

307 4491 504 4546 anima
531 4506 743 4562 corpus
775 4493 881 4548 hoc
913 4494 1225 4563 induisset,
1259 4496 1411 4566 quod
1451 4513 1551 4566 per
1582 4495 1816 4553 tunicas
1843 4497 1958 4569 pel-

302 4579 482 4635 liceas
515 4579 808 4653 intelligit.
845 4582 1031 4639 Moses
1062 4584 1218 4637 enim
1252 4583 1313 4637 in
1370 4590 1664 4642 Geneseos
1709 4585 1957 4643 historia

302 4670 483 4725 Deum
517 4652 756 4740 sumpto
787 4671 928 4727 limo
961 4670 1260 4728 hominem
1293 4673 1818 4742 formasse,deinde
1841 4676 1960 4732 ani-
1989 4652 2037 4717 Β

301 4776 457 4815 mam
491 4760 679 4816 eidem
714 4761 1034 4831 inspirasse
1065 4761 1288 4830 scribit,
1318 4763 1419 4834 qui
1451 4780 1583 4819 cum
1620 4766 1958 4823 mandatum

300 4852 711 4921 transgressus
734 4855 908 4919 esset,
942 4851 1062 4906 haec
1096 4869 1128 4906 a
1160 4850 1276 4909 Deo
1307 4853 1593 4909 audiverit
1627 4872 1639 4909 :
1672 4856 1865 4911 Pulvis
1883 4871 1961 4930 es,

299 4945 355 4994 et
384 4940 449 4994 in
477 4938 768 5010 pulverem
822 4941 1114 4997 reverteris
1145 4939 1214 5011 τί,
1277 4958 1381 4998 nec
1442 4945 1522 4999 ita
1580 4944 1764 5000 multo
1828 4937 1965 5017 post

304 5027 572 5085 exsulare
596 5030 801 5097 jussus
834 5029 930 5097 sit,
962 5031 1201 5086 tandem
1232 5048 1365 5088 vero
1412 5032 1755 5091 exturbatus
1788 5051 1960 5106 para-

302 5116 432 5173 diso
463 5117 698 5174 tunicas
730 5117 1006 5190 pelliceas
1035 5119 1312 5176 induerit.

375 5206 507 5263 Jam
567 5206 669 5278 qui
725 5207 850 5263 ﬁeri
905 5212 1114 5279 potest,
1187 5216 1254 5267 ut
1310 5212 1362 5267 is
1420 5211 1513 5267 cui
1574 5212 1794 5270 dictum
1853 5219 1960 5286 est,

302 5295 465 5352 Terra
494 5311 570 5365 es,
599 5296 741 5352 etin
771 5305 981 5352 terram
1023 5299 1225 5364 abibis,
1284 5301 1411 5356 sine
1470 5319 1708 5374 corpore
1768 5304 1961 5373 fuerit,

300 5385 406 5442 sed
433 5384 658 5441 idolum
689 5385 977 5441 duntaxat
1014 5402 1291 5459 corporea
1340 5391 1528 5449 forma
1578 5394 1963 5468 conspicuum

302 5473 515 5530 animae
545 5473 991 5545 circumiectum
1024 5476 1346 5535 habuerit?

977 5654 1027 5694 ⁸⁸
1053 5656 1206 5715 Psal.
1267 5676 1462 5729 cxvm,
1491 5664 1581 5720 71.

1684 5666 1731 5703 ⁸ο
1759 5666 1811 5723 ΙΙ
1843 5667 1972 5726 Cor.
2024 5685 2081 5739 v,
2108 5667 2159 5724 4.

2073 3352 2254 3401 mam,
2287 3351 2418 3391 cum
2450 3333 2750 3392 luminosa
2781 3336 2989 3408 ﬁgura,
3014 3351 3267 3408 cumque
3289 3341 3454 3408 parte
3480 3337 3741 3394 rationis

2071 3430 2327 3498 experte,
2360 3426 2431 3482 ad
2466 3426 2759 3499 propriam
2806 3424 3283 3498 peculiaremque
3332 3431 3552 3482 sortem
3583 3426 3741 3483 sub-

2070 3514 2310 3585 vehunt,
2326 3530 2747 3586 nonnunquam
2763 3531 2894 3571 vero
2913 3514 3184 3585 sejuncta
3206 3514 3464 3587 illa,quae
3480 3515 3743 3572 rationis

2070 3620 2274 3676 expers
2303 3608 2395 3661 est
2423 3604 2940 3675 (quemadmodum
2980 3607 3052 3660 de
3095 3602 3343 3660 Hercule
3374 3603 3581 3660 scribit
3612 3609 3740 3663 Ho-

2070 3694 2282 3765 merus)
2311 3694 2370 3749 in
2402 3693 2550 3750 Orco
2578 3692 2667 3750 vel
2698 3693 2855 3749 inter
2883 3693 3078 3750 sidera
3102 3692 3408 3749 collocant.

2141 3784 2343 3855 Itaque
2373 3782 2672 3855 Origenes,
2706 3786 2771 3839 ut
2797 3798 2926 3838 mea
2958 3783 3196 3855 quidem
3244 3785 3354 3839 fert
3401 3784 3731 3854 sententia,

2069 3889 2202 3930 cum
2250 3874 2509 3930 animam
2569 3872 2724 3929 idolo
2789 3872 3131 3944 hujusmodi
3188 3872 3500 3941 vestiisset,
3563 3875 3735 3945 quod

2070 3963 2337 4037 proprias
2366 3962 2648 4029 actiones,
2681 3962 2909 4034 sibique
2955 3961 3247 4019 involutas
3292 3963 3734 4034 circumferret,

2069 4054 2191 4110 fore
2220 4052 2564 4124 subjecit,ut
2587 4069 2704 4108 una
2732 4067 2866 4108 cum
2890 4051 2999 4109 hoc
3022 4052 3120 4109 illa
3148 4052 3633 4124 resurgeret,futu
3647 4070 3738 4110 ro-

2069 4160 2183 4217 que
2206 4143 2429 4215 judirio
2460 4142 2869 4214 subjiceretur,
2905 4160 3021 4215 qua
3051 4143 3110 4199 in
3151 4161 3212 4199 re
3241 4149 3445 4215 gentes
3477 4160 3738 4215 prorsus

2069 4233 2354 4302 imitatur,
2390 4233 2654 4290 mortalis
2703 4242 2898 4289 autem
2950 4233 3248 4305 tactuique
3290 4233 3556 4306 exposita
3591 4250 3735 4292 caro

2069 4323 2370 4389 deﬂueret,
2403 4327 2580 4395 atque
2609 4328 3002 4380 evanesceret.

2140 4415 2224 4470 Ad
2257 4414 2428 4485 cujus
2459 4413 2699 4469 absurdi
2748 4412 3040 4485 dogmatis
3090 4411 3599 4469 confirmationem
3633 4413 3737 4471 bis

2066 4504 2331 4576 Apostoli
2359 4502 2550 4560 verbis
2581 4502 2952 4571 abutebatur,
2984 4502 3316 4558 Seminatur
3340 4502 3495 4558 enim
3526 4520 3741 4574 corpus

2068 4593 2333 4660 animale,
2367 4592 2642 4649 excitatur
2670 4599 2865 4649 autem
2896 4607 3090 4665 corpus
3119 4592 3410 4664 spirituale
3438 4591 3487 4626 ⁷2
3519 4610 3535 4649 :
3571 4595 3740 4664 quod

2071 4683 2308 4755 quidem
2339 4681 2600 4755 Apostoli
2629 4681 2873 4738 verbum
2902 4698 3213 4753 corporum
3238 4681 3739 4741 resurrectionem

2072 4772 2532 4844 haudquaquam
2591 4770 2892 4827 subvertit.
2980 4770 3096 4827 Nec
3181 4770 3338 4826 enim
3415 4770 3744 4829 verisimile

2074 4863 2186 4928 est,
2221 4862 2285 4914 ut
2313 4858 2364 4913 is
2390 4858 2451 4913 in
2483 4873 2550 4913 ea
2581 4856 2659 4913 sit
2688 4857 2997 4928 sententia,
3032 4856 3132 4928 qui
3165 4855 3401 4914 Domini
3461 4872 3738 4915 resurre-

2073 4951 2325 5007 ctionem
2360 4963 2495 5003 cum
2528 4963 2765 5017 corpore
2806 4954 3006 5019 gentes
3038 4946 3192 5019 apud
3225 4962 3431 5002 omnes
3462 4947 3744 5018 promul-

2073 5044 2195 5113 gat,
2227 5038 2613 5111 ejusdemque
2645 5053 2753 5092 nos
2783 5036 2983 5091 formae
3014 5035 3327 5108 participes
3358 5037 3478 5092 fore
3509 5037 3741 5107 praedi-

2073 5129 2171 5197 cit,
2204 5145 2321 5200 qua
2352 5125 2449 5182 ille
2481 5126 2610 5195 fuit,-
2670 5141 2800 5181 cum
2833 5143 2864 5180 a
2922 5124 3166 5181 mortuis
3225 5127 3578 5197 resurgeret.
3615 5125 3742 5181 Sed

2072 5235 2286 5291 corpus
2317 5216 2588 5284 animale,
2620 5214 2833 5287 inquit,
2865 5213 3011 5271 illud
3043 5218 3152 5284 est,
3204 5215 3361 5286 quod
3421 5213 3739 5272 affectibus

2072 5313 2131 5365 et
2160 5307 2343 5364 ﬂuxui
2374 5306 2691 5362 obnoxium
2724 5308 2834 5370 est,
2880 5303 3389 5376 quemadmodum
3448 5303 3592 5359 alibi
3627 5304 3743 5362 ho-

2073 5397 2291 5454 minem
2324 5394 2635 5451 animalem
2668 5392 2823 5450 idem
2851 5393 3077 5450 vocavit
3105 5391 3418 5465 Apostolus
3449 5409 3610 5463 eum,
3634 5395 3745 5464 qui

2072 5484 2272 5543 omnia
2291 5501 2359 5541 ex
2373 5484 2555 5541 animi
2574 5482 3119 5541 ratiocinationibus
3138 5481 3510 5546 metitur,nec
3528 5499 3739 5542 rerum

2260 5665 2308 5703 το
2338 5664 2548 5739 Philip.
2604 5684 2645 5736 ι,
2674 5665 2766 5721 25.

2869 5665 2911 5700 τί
2943 5667 3087 5721 Gen.
3148 5661 3233 5736 1):.
3267 5663 3354 5719 19.
3457 5663 3505 5700 ⁷³
3542 5663 3560 5719 t
3592 5667 3732 5722 Cor.
