4054 6424
340 398 372 457 1
383 393 497 455 309

1675 391 2078 453 THESAURI
2119 389 2273 452 BIB.
2322 391 2428 454 IV.

3601 392 3758 453 1310

343 531 674 588 divinarum
709 527 886 583 ullam
922 529 1258 596 meditatur,
1313 544 1419 587 nec
1459 545 1684 597 earum,
1721 545 1848 601 quae
1882 545 1988 583 na-
2020 529 2071 596 Α
2103 531 2350 599 quatuor
2381 528 2438 583 in
2473 528 2745 594 flumina,
2794 529 2904 585 hoc
2960 533 3068 593 est,
3117 529 3440 600 praecipuas
3487 529 3752 587 virtutes.

338 631 482 678 turss
509 621 718 675 seriem
753 619 1193 688 transcendunt,
1229 619 1286 674 in
1313 620 1528 690 quibus
1563 627 1754 676 tamen
1789 635 1851 675 se
1873 619 1993 674 ani-

342 729 475 767 mus
507 725 768 765 exercere
800 709 967 764 solet.

409 800 772 870 Cujusmodi,
805 815 1024 870 quzeso,
1067 803 1203 854 sunt
1231 815 1316 870 ea,
1352 816 1482 872 quae
1513 798 1657 855 levis
1690 798 1784 855 hic
1815 803 1869 856 et
1899 799 1990 853 in-

339 896 618 946 constans
651 889 821 944 homo
855 889 924 943 de
955 905 1020 944 eo
1063 889 1348 954 tradebat,
1382 889 1532 960 quod
1566 891 1638 944 ad
1671 890 1989 960 imaginem

338 984 601 1036 creatum
633 983 863 1050 est,quo
895 981 1157 1050 tempore
1189 996 1401 1034 novam
1434 994 1628 1034 rerum
1663 979 1990 1034 divinarum

334 1069 884 1140 interpretationem
918 1067 1304 1131 moliebatur,
1340 1085 1525 1140 eaque
1556 1069 1627 1123 ad
1683 1068 1864 1123 animi
1897 1068 1989 1123 sui

333 1175 510 1215 sensa
540 1162 597 1212 et
629 1156 1037 1228 conccptiones
1097 1157 1400 1230 tyrannica
1460 1158 1782 1213 revocabat.
1817 1157 1989 1212 Aliud

333 1247 494 1305 enim
531 1248 735 1314 Deum,
773 1247 930 1301 aliud
969 1246 1023 1300 id
1058 1248 1212 1318 quod
1247 1248 1318 1302 ad
1353 1246 1671 1319 imaginem
1717 1247 1986 1303 effurma-

335 1342 464 1394 tum
497 1341 606 1404 est,
642 1335 800 1390 aliud
836 1337 970 1390 item
1007 1336 1479 1403 similitudinem,
1523 1335 1684 1391 aliud
1740 1337 1796 1390 id
1831 1335 1988 1406 quod

335 1428 411 1484 ad
449 1425 896 1482 similitudinem
938 1425 1204 1480 effectum
1237 1429 1325 1481 est
1373 1442 1503 1480 esse
1552 1425 1863 1481 statuebat.
1899 1429 1988 1479 Αι-

335 1533 454 1590 que
487 1516 708 1587 primas
741 1515 974 1586 quidem
1005 1514 1292 1585 imagines
1321 1518 1378 1569 et
1417 1513 1855 1584 similitudines,
1891 1513 1990 1568 Dei

333 1605 577 1678 angelos
605 1605 866 1675 aliasque
895 1605 1140 1658 virtutes
1171 1619 1297 1659 esse
1346 1603 1576 1659 dicebat
1605 1619 1619 1658 :
1652 1619 1759 1658 nos
1793 1606 1987 1658 autem

331 1699 628 1753 secundos
654 1697 726 1751 ab
759 1693 898 1762 illis,
931 1699 995 1749 ut
1029 1695 1284 1749 minores
1331 1693 1471 1760 illis,
1520 1693 1616 1764 qui
1649 1695 1719 1750 ad
1754 1693 1988 1749 illorum

325 1788 554 1845 scilicet
585 1787 904 1856 imaginem
937 1785 1227 1840 eﬂ‘ormati
1261 1784 1470 1840 simus.
1533 1785 1754 1840 Deinde
1786 1786 1855 1840 ad
1887 1785 1986 1840 de-

329 1879 547 1934 teriora
581 1875 895 1930 deﬂectens
947 1873 1265 1944 imaginem
1317 1873 1634 1929 invisibilis
1665 1874 1762 1928 Dei
1791 1873 1988 1945 unigev
2023 1905 2066 1970 Β

332 1968 524 2023 nitum
558 1966 766 2020 Filium
791 1967 975 2030 vocat,
1015 1962 1333 2033 apostolica
1378 1979 1515 2018 voce
1547 1967 1842 2034 corrupta,
1883 1979 1988 2019 nec

331 2075 401 2114 eo
433 2057 684 2127 adjecto,
714 2055 864 2125 quod
899 2053 957 2108 in
987 2053 1086 2108 illo
1146 2052 1449 2108 mutationi
1509 2051 1823 2108 obnoxium
1871 2069 1988 2108 non

333 2151 447 2212 est,
482 2161 705 2217 nosque
737 2145 808 2199 ad
840 2144 1153 2214 imaginem
1207 2142 1326 2208 Dei,
1363 2158 1464 2197 seu
1496 2141 1623 2196 Filii
1677 2142 1986 2213 unigeniti,

330 2239 518 2294 factos
551 2251 678 2291 esse
710 2233 936 2298 scribit,
970 2232 1128 2304 quod
1153 2232 1451 2304 impietate
1485 2247 1601 2288 non
1633 2236 1808 2287 caret.

402 2327 487 2381 Ad
518 2325 620 2381 Dei
670 2325 826 2379 enim
875 2323 1192 2394 imaginem
1242 2321 1457 2376 idcirco
1506 2322 1680 2377 creati
1713 2321 1986 2388 dicimur,

329 2417 466 2490 quia
498 2416 556 2471 in
589 2415 759 2469 nobis
805 2414 1145 2468 dominatur
1199 2411 1365 2478 ratio,
1408 2428 1525 2484 qua
1574 2411 1743 2482 duce,
1774 2419 1926 2467 artes
1957 2428 1990 2467 a

333 2506 507 2563 nobis
540 2505 788 2558 inventae
822 2502 1225 2574 sunt,virique
1257 2501 1401 2556 adeo
1434 2517 1629 2556 rerum
1662 2501 1989 2557 divinarum

334 2595 669 2667 cognitione
704 2592 960 2647 celebres
1003 2590 1278 2662 pleraque
1339 2590 1412 2645 ad
1471 2590 1571 2644 Dei
1631 2591 1901 2661 gloriam,
1936 2595 1992 2647 et

337 2685 784 2757 magnificorum
819 2682 948 2752 ejus
995 2697 1237 2752 operum
1288 2678 1520 2734 laudem
1569 2681 1988 2751 excogitaruut.

333 2775 607 2841 Proinde,
647 2777 706 2828 ut
737 2789 804 2826 ex
835 2770 908 2825 iis
939 2787 1064 2841 qua;
1095 2787 1128 2825 a
1159 2769 1329 2824 nobis
1381 2770 1539 2824 dicta
1594 2774 1733 2825 sunt
1765 2771 1990 2843 perSpi-

336 2879 515 2920 cuum
550 2866 657 2928 est,
691 2862 820 2931 ejus
854 2858 1163 2930 participes
1196 2875 1419 2926 sumus,
1457 2859 1613 2929 quod
1647 2860 1719 2914 ad
1779 2859 1989 2932 imagi-

337 2969 474 3007 nem
508 2951 768 3006 efﬁctum
803 2949 1049 3020 est,ejus
1082 2964 1212 3004 vero
1247 2948 1404 3020 quod
1435 2948 1505 3002 ad
1539 2947 1990 3005 similitudinem

338 3044 405 3107 ii,
441 3041 540 3113 qui
575 3041 784 3098 virtute
831 3039 1067 3110 perfecti
1113 3041 1422 3093 evaserunt
1452 3054 1466 3093 :
1501 3037 1847 3108 nullumque
1879 3057 1992 3095 non

339 3134 648 3188 moverunt
680 3129 960 3201 lapidem,
995 3129 1253 3200 quandiu
1287 3128 1575 3194 vixerunt,
1627 3127 1766 3198 quin
1798 3145 1992 3184 rerum

333 3219 756 3292 cognitionem,
790 3235 903 3290 qua
935 3217 1193 3273 converti
1226 3221 1463 3289 possent
1495 3217 1565 3272 ad
1616 3221 1820 3284 Deum,
1854 3234 1992 3274 con-

2100 619 2492 690 prudcntiam,
2524 619 2842 689 justitiam,
2877 619 3300 685 fortitudinem,
3336 625 3391 674 et
3423 625 3754 691 temperan-

2101 709 2238 764 tiam
2269 710 2626 764 diduxerunt
2679 727 2690 763 :
2744 709 2825 763 ita
2873 717 2934 764 ut
2991 709 3207 764 Phison
3254 726 3385 764 cum
3447 712 3758 780 prudentia

2099 799 2449 869 conferatur,
2484 798 2583 870 qui
2615 814 2849 854 omnem
2883 804 3096 853 terram
3129 798 3334 865 Evilat,
3365 799 3474 854 hoc
3505 804 3594 854 est
3626 801 3756 855 ani-

2101 904 2255 943 mum
2302 888 2602 944 laboribus
2659 893 2716 943 et
2773 888 3066 958 angustiis
3099 905 3464 958 oppressam,
3496 889 3702 944 circuit
3741 907 3754 946 :

2102 978 2220 1033 hau:
2278 979 2433 1033 enim
2494 981 2581 1033 est
2642 977 2930 1032 llebraicae
2995 978 3271 1033 dictionis
3353 977 3754 1048 interpretatio

2097 1069 2228 1137 quia
2276 1067 2556 1122 nimirum
2605 1066 2801 1121 labore
2851 1066 3224 1137 prudentiam
3291 1067 3751 1136 consequimur:

2098 1171 2226 1226 quae
2261 1156 2406 1210 nihil
2458 1163 2567 1225 est,
2595 1172 2772 1228 quam
2793 1155 3081 1226 collectio,
3115 1161 3170 1210 et
3196 1157 3581 1227 coacervatio,
3635 1157 3753 1213 imo

2093 1263 2229 1302 vero
2263 1246 2436 1301 etiam
2471 1244 2766 1301 aemulatio
2789 1262 3142 1316 corum,quae
3170 1246 3409 1301 honeste
3434 1246 3750 1318 aliquando

2095 1341 2260 1408 gesta
2289 1340 2446 1404 sunt,
2481 1335 2566 1391 vel
2599 1335 2919 1391 etiamnum
2953 1340 3257 1407 geruntur.

2168 1425 2338 1480 Gazon
2390 1429 2606 1492 autem,
2661 1425 2758 1496 qui
2823 1425 3125 1496 Ethiopian
3176 1426 3470 1498 regionem
3529 1427 3749 1483 circum

2096 1514 2265 1570 alluit
2321 1514 2717 1586 temperantia:
2777 1515 3273 1584 accommodatur,
3303 1532 3426 1585 quis
3472 1517 3750 1588 cupidam

2097 1604 2306 1659 animae
2338 1607 2562 1674 partem
2612 1604 3047 1674 quodammodo
3095 1605 3442 1677 constringit
3474 1610 3530 1661 et
3561 1608 3750 1662 conti-

2097 1697 2214 1748 net.
2245 1709 2349 1748 neo
2382 1694 2441 1746 in
2473 1693 2760 1748 absurdus
2793 1692 3052 1748 actiones
3083 1694 3348 1750 diffluere
3379 1695 3538 1751 sinit.

2167 1782 2386 1853 Tigrim
2422 1787 2633 1850 autem,
2667 1782 2765 1853 qui
2803 1799 2872 1838 ex
2901 1783 3144 1838 adverso
3197 1784 3564 1855 Assyriorum
3597 1786 3748 1853 ﬂuit,

2099 1869 2463 1926 fortitudinis
2497 1871 2831 1944 symbolum
2863 1889 2991 1927 esse
3020 1872 3496 1944 voluerunt,quia
3528 1874 3752 1930 scilicet

2098 1959 2256 2031 Tigri
2290 1978 2404 2015 non
2439 1961 2729 2016 absimilis
2774 1970 2861 2016 est
2916 1960 3014 2016 ille
3067 1961 3250 2016 animi
3299 1964 3490 2030 ardor,
3525 1968 3581 2019 et
3611 1980 3753 2020 con-

2098 2055 2264 2105 stans
2295 2066 2498 2105 eorum
2532 2051 2924 2121 propositum,
2961 2051 3059 2121 qui
3092 2069 3160 2106 ex
3192 2051 3435 2122 spiritus
3483 2054 3750 2124 praescri-

2097 2142 2196 2210 pto
2226 2139 2403 2194 vitam
2434 2139 2769 2194 instituunt.
2825 2139 2912 2194 llli
2960 2140 3113 2195 enim
3165 2141 3445 2210 impavidi
3480 2158 3547 2197 ea
3575 2158 3750 2213 peno-

2095 2232 2271 2296 trant,
2301 2245 2426 2299 quae
2458 2228 2589 2284 aliis
2619 2232 2898 2284 terrorem
2932 2229 3137 2284 afferre
3168 2230 3458 2286 videntur.

2167 2318 2465 2374 Justitiam
2498 2317 2750 2389 denique
2781 2333 2911 2373 cum
2940 2318 3234 2391 Euphrate
3261 2321 3590 2390 conferunt,
3623 2339 3748 2394 quae

2098 2408 2259 2464 nulla
2302 2412 2463 2480 parte
2511 2408 3036 2477 circumscribitur,
3089 2411 3588 2481 quemadmodum
3637 2413 3750 2467 vir-

2100 2503 2256 2556 tutes
2309 2503 2564 2567 caeteras;
2600 2500 2698 2554 sed
2754 2516 2854 2570 per
2901 2515 3102 2555 omnes
3154 2499 3434 2556 discurrit
3477 2501 3753 2558 omnibus

2100 2591 2496 2657 adest,omnes
2528 2593 3004 2657 exornat,omnes
3026 2589 3297 2661 amplexu
3321 2605 3424 2645 suo
3445 2593 3592 2646 fovet
3615 2591 3751 2663 (51).

2171 2679 2284 2734 Sed
2315 2679 2438 2734 haec
2469 2679 2770 2747 hactenus,
2808 2695 3057 2750 quorum
3099 2680 3340 2750 quidem
3373 2681 3654 2752 narratio,
3689 2685 3756 2736 ut

2101 2768 2332 2840 opinor,
2368 2768 2736 2823 auditoribus
2768 2768 2922 2823 haud
2957 2769 3183 2824 inutilis
3218 2769 3412 2824 fuerit.

2172 2857 2336 2914 Pauli
2370 2874 2543 2930 porro
2569 2858 2754 2926 locus,
2790 2875 2903 2929 quo
2936 2859 3018 2914 ait
3076 2875 3088 2913 :
3145 2859 3580 2931 Uniuscuiusque
3618 2876 3754 2932 opus

2099 2949 2268 3022 quale
2297 2958 2394 3016 est,
2442 2951 2586 3020 ignis
2642 2948 3090 3021 probabit;dies
3146 2952 3298 3005 enim
3357 2951 3752 3022 manifestabit,

2100 3041 2228 3112 quia
2263 3039 2324 3093 in
2353 3039 2478 3111 igne
2508 3039 2790 3094 reveletur
2818 3037 2884 3107 73,
2933 3038 3043 3093 hoc
3076 3053 3254 3094 sensu
3315 3040 3500 3110 accipi
3541 3044 3753 3110 potest.

2103 3127 2429 3185 Heraclitus
2447 3129 2679 3200 quidem
2701 3127 3086 3200 philosophus
3105 3128 3457 3183 elementum
3493 3130 3753 3200 primum

2102 3219 2298 3290 ignem
2332 3234 2460 3274 esse
2493 3222 2780 3283 statuens,
2826 3219 3151 3273 etiamnum
3199 3217 3434 3286 servari,
3470 3222 3526 3273 et
3552 3223 3756 3274 cratera

333 3313 744 3380 sequerentur,
779 3307 1100 3377 eademque
1139 3306 1288 3361 votis
1327 3305 1606 3361 omnibus
1641 3312 1993 3378 expeterent,
2030 3270 2073 3338 Ο
2105 3324 2338 3364 servare
2379 3307 2626 3374 dicebat,
2670 3323 2797 3378 quas
2847 3307 3124 3362 nimirum
3177 3307 3485 3363 contrariis
3519 3307 3670 3364 inter
3696 3325 3758 3365 se

334 3417 466 3474 quae
495 3414 725 3469 semper
786 3397 988 3452 eodem
1046 3412 1107 3451 se
1166 3396 1338 3451 modo
1398 3397 1614 3452 habere
1670 3397 1994 3453 dicuntur:

333 3504 488 3560 quos
537 3486 752 3541 idcirco
805 3483 1001 3539 divina
1053 3483 1356 3554 Scriptura
1410 3485 1548 3539 deos
1588 3484 1996 3556 Altissimique

332 3580 490 3634 ﬁlios
518 3575 794 3648 appellat,
841 3590 1029 3644 neque
1060 3573 1261 3629 eodem
1312 3591 1429 3644 quo
1480 3577 1718 3630 caeteros
1759 3576 1993 3631 nomine

329 3666 670 3738 compellat,
715 3681 856 3734 quos
889 3680 1020 3719 cum
1048 3663 1339 3733 jumentis
1391 3663 1808 3734 insipientibus
1854 3682 1990 3721 con-

332 3758 448 3814 fert
481 3772 493 3810 :
528 3755 715 3825 iisque
746 3752 970 3809 similes
1004 3751 1259 3808 evasisse
1297 3752 1532 3822 clamat,
1568 3752 1668 3824 qui
1703 3753 1849 3810 male
1880 3754 1992 3811 Do-

333 3849 566 3904 minum
600 3843 860 3899 calcibus
895 3843 1202 3914 impetant.

407 3935 526 3991 Nec
562 3951 696 3989 vero
759 3934 995 4003 mirum,
1057 3933 1208 4003 quod
1263 3931 1540 4004 Origenes
1599 3933 1872 4004 pleraque
1928 3933 1988 3989 in

329 4029 519 4084 Deum
557 4025 754 4080 minus
787 4023 1191 4079 convenientia
1231 4027 1601 4079 commentus
1631 4031 1685 4080 et
1716 4024 1987 4096 prolocu-

326 4123 453 4185 tus,
487 4115 826 4186 paradisum
863 4128 1097 4183 quoque
1147 4118 1204 4168 et
1244 4129 1450 4184 aquas,
1502 4129 1628 4184 quas
1662 4117 1781 4170 tam
1813 4113 1984 4182 infra,

324 4223 512 4280 quam
545 4221 724 4276 supra
753 4205 1192 4258 firmamentum
1227 4219 1356 4257 esse
1389 4203 1683 4271 dicuntur,
1719 4203 1986 4275 allegori-

321 4314 386 4354 ce
443 4297 694 4365 exponat
748 4292 878 4364 (hoc
930 4292 1086 4346 enim
1149 4291 1220 4346 dc
1269 4289 1371 4345 illo
1432 4307 1546 4347 non
1605 4307 1818 4363 parvus
1850 4309 1985 4364 pro-

323 4389 619 4442 fessorum
652 4381 912 4437 veritatis
944 4395 1229 4435 numerus
1261 4381 1616 4446 asserit,nec
1648 4398 1831 4452 aquas
1850 4398 1984 4437 cum

323 4472 632 4532 nonnullis
682 4470 1017 4526 doctoribus
1049 4469 1331 4538 Hebrmis,
1392 4473 1511 4525 tam
1567 4469 1772 4539 priscis
1805 4487 1984 4542 quam

319 4563 770 4630 recentioribus,
819 4561 890 4616 ad
943 4559 1236 4630 angelicos
1302 4559 1538 4614 ordines
1587 4560 1762 4615 refert
1817 4578 1828 4615 :
1881 4562 1980 4616 sed

2105 3397 2484 3469 qualitatibus
2511 3400 2820 3453 commista
2854 3401 3013 3466 sunt,
3046 3397 3128 3453 ita
3177 3405 3371 3454 tamen
3402 3409 3605 3454 caetera
3635 3400 3749 3455 ele~

2103 3491 2300 3544 menta
2330 3489 2420 3543 sui
2453 3488 2737 3543 etfusione
2787 3492 3170 3558 superaturus
3202 3489 3518 3560 aliquando
3551 3494 3704 3544 esset
3735 3507 3749 3544 :

2098 3585 2278 3648 atque
2309 3577 2433 3633 suis
2465 3576 2752 3632 limitibus
2788 3582 3070 3648 tanquam
3116 3579 3443 3633 oratoribus
3474 3580 3748 3646 emissus,

2099 3683 2285 3738 usque
2335 3668 2478 3722 adeo
2531 3666 2752 3723 efficaci
2802 3665 3078 3736 qualitate
3140 3683 3247 3722 sua
3314 3668 3754 3734 intumesceret,

2101 3762 2165 3812 ut
2197 3755 2396 3812 omnia
2429 3772 2557 3827 quas
2589 3760 2729 3811 sunt
2755 3755 2812 3811 in
2849 3772 3042 3811 rerum
3075 3761 3284 3812 natura
3310 3758 3663 3829 depasturus
3696 3762 3754 3813 et

2099 3851 2520 3918 assumpturus
2551 3855 2703 3903 esset
2737 3847 2868 3918 (52).

2169 3936 2483 4010 Apostolus
2515 3941 2708 3992 autem
2741 3938 2812 3992 dc
2843 3937 2973 4008 igne
3006 3937 3347 4008 hujusmodi
3381 3954 3752 4011 nequaquam

2096 4030 2272 4086 verba
2304 4027 2437 4083 facit
2471 4045 2483 4083 :
2520 4043 2650 4082 cum
2681 4028 2887 4082 mundi
2920 4044 3078 4099 pars,
3131 4027 3258 4100 ipse
3301 4045 3533 4100 quoque
3566 4030 3661 4096 sit,
3695 4034 3752 4085 et

2096 4117 2457 4190 corruptioni
2509 4117 2766 4172 universi
2829 4117 3012 4188 ipsius
3080 4116 3392 4183 obnoxius,
3444 4134 3633 4188 neque
3681 4119 3751 4173 de

2095 4209 2193 4265 illo
2228 4208 2487 4280 quidem,
2523 4207 2692 4276 cujus
2725 4207 2881 4278 apud
2914 4207 3310 4278 apostolorum
3341 4207 3614 4264 columen
3645 4208 3752 4263 Pe-

2094 4305 2249 4354 trum
2310 4297 2404 4352 his
2457 4296 2648 4352 verbis
2710 4297 2925 4352 mentio
2960 4298 3068 4352 fit:
3111 4299 3291 4355 Veniet
3338 4299 3464 4354 dies
3503 4299 3750 4366 Domini,

2092 4391 2154 4443 ut
2183 4390 2278 4458 fur
2307 4388 2368 4442 in
2402 4389 2556 4441 nocle
2585 4403 2603 4439 :
2636 4387 2694 4440 in
2721 4402 2824 4456 qua
2855 4386 2978 4442 caeli
3001 4403 3123 4442 cum
3146 4404 3347 4458 magno
3377 4388 3586 4459 impetu
3615 4407 3751 4460 prte-

2093 4476 2357 4540 teribunl,
2407 4476 2682 4530 elementa
2729 4484 2913 4530 autem
2982 4480 3289 4533 aestuantia
3358 4478 3746 4535 dissolvantur.

2097 4567 2262 4621 Terra
2291 4581 2417 4620 vero
2447 4581 2671 4637 quaeque
2714 4565 2773 4621 in
2829 4581 2892 4620 ea
2949 4575 3075 4622 sunt
3129 4583 3299 4639 Opera
3339 4568 3744 4626 comburantur.

315 4653 584 4729 gentium
611 4649 924 4724 synagogis
956 4649 1381 4716 accommodat,
1419 4665 1544 4720 quas
1576 4650 1812 4720 quidem
1849 4667 1976 4705 sca-
2011 4650 2059 4713 υ
2086 4654 2154 4708 Si
2177 4667 2302 4723 ergo
2353 4653 2465 4707 hac
2511 4653 2702 4707 omnia
2759 4653 3044 4709 solvantur
3091 4655 3281 4724 quales
3310 4670 3421 4710 esse
3459 4670 3555 4709 nos
3587 4673 3748 4725 opor-

315 4743 682 4801 turieutibus
718 4739 890 4812 aquis
943 4737 1167 4794 similes
1230 4739 1288 4792 in
1350 4737 1694 4809 multijugas
1725 4739 1892 4808 fidos,
1925 4744 1982 4795 et

321 4830 652 4891 multiﬁdas
685 4829 953 4884 derivatis
984 4831 1041 4882 et
1071 4827 1268 4882 effusae
1301 4831 1461 4895 sunt,
1495 4827 1677 4882 donec
1709 4827 1768 4882 in
1803 4845 1981 4884 unam

323 4935 686 4998 synagogam
718 4917 934 4974 Christi
966 4915 1330 4988 apparitione
1353 4932 1454 4987 per
1485 4920 1735 4988 angusta
1767 4918 1982 4972 confra-

317 5026 580 5086 gosaque
611 5009 738 5064 loca
770 5007 1020 5061 ﬂuentes
1065 5004 1432 5073 coaluerunt,
1477 5006 1977 5076 quemadmodum

320 5102 418 5159 alii
455 5098 600 5156 nihil
631 5098 702 5152 ab
731 5094 985 5151 historiae
1023 5092 1285 5149 Mosaicae
1338 5093 1582 5150 veritate
1615 5094 1975 5164 aberrantes,

315 5196 595 5248 naturam
618 5189 875 5243 nostram
895 5201 1026 5239 cum
1048 5183 1572 5255 paradiso,bonum
1594 5188 1789 5241 autem
1807 5185 1976 5241 nobis

320 5299 352 5337 a
384 5283 498 5336 Deo
528 5278 774 5334 insitum
807 5290 941 5329 cum
987 5274 1148 5328 fonte
1197 5273 1354 5328 velut
1400 5291 1433 5329 a
1481 5274 1755 5345 paradiso
1789 5280 1976 5330 scatu-

317 5371 503 5427 riente
535 5374 590 5424 et
624 5368 948 5440 profluente
974 5362 1353 5420 contulerunt
1380 5381 1392 5418 :
1418 5364 1971 5437 bonumqueipsum

380 5521 427 5557 73
456 5521 628 5578 [σου.
662 5535 748 5587 m,
786 5519 870 5590 13,
948 5517 993 5552 ’τι
1023 5534 1063 5572 ιι
1104 5516 1251 5572 Petr.
1289 5533 1376 5586 ιιι,
1404 5517 1469 5572 10
1501 5532 1669 5590 seqq.

375 5674 486 5742 (51)
521 5671 760 5727 Aristot.
793 5670 856 5725 in
885 5669 1104 5726 Ethicis
1131 5685 1201 5725 ex
1231 5667 1592 5742 Theognide.

2088 4745 2162 4797 tet
2219 4743 2278 4795 in
2351 4740 2558 4796 sanctis
2639 4743 3160 4809 conversationilms,
3222 4749 3275 4797 et
3356 4743 3467 4812 piis
3549 4760 3746 4814 opera-

2090 4830 2358 4898 tionibus,
2443 4839 2852 4901 exspectantes,
2941 4835 2990 4886 et
3063 4832 3424 4888 accelerantes
3531 4833 3745 4890 adven-

2089 4926 2206 4976 tum
2276 4921 2396 4977 diei
2465 4920 2731 4990 Domini,
2825 4923 2884 4975 in
2950 4937 3058 4992 qua
3126 4922 3249 4976 caeli
3311 4922 3561 4978 ardentes
3628 4925 3747 4980 dis-

2086 5013 2387 5079 solvantur,
2460 5019 2511 5065 et
2584 5011 2854 5066 elementa
2939 5010 3234 5066 aestuantia
3320 5011 3619 5083 liquescant
3649 5012 3744 5069 7"?

2086 5102 2155 5155 At
2183 5117 2318 5155 vero
2347 5099 2545 5172 ignem
2573 5098 2752 5154 alium
2801 5097 3096 5171 intelligit,
3131 5100 3234 5171 qui
3281 5100 3508 5156 scilicet
3537 5101 3746 5173 gehen-

2085 5207 2175 5246 nae
2206 5187 2375 5262 quasi
2429 5189 2691 5261 quaedam
2751 5189 2936 5260 portio
2987 5191 3499 5262 fragmentumque
3540 5192 3636 5261 sit,
3670 5194 3740 5247 ad

2083 5293 2255 5349 quem
2290 5293 2396 5333 nos
2429 5293 2661 5350 quoque
2692 5281 2832 5332 tunc
2864 5277 3208 5333 admovendi
3241 5295 3469 5346 sumus,
3504 5283 3566 5333 ut
3597 5279 3654 5333 in
3675 5296 3742 5335 eo

2085 5367 2341 5440 purgati,
2374 5367 2461 5423 vel
2511 5367 2724 5422 dextris
2777 5368 2943 5438 parti,
2990 5368 3077 5424 vel
3126 5369 3379 5425 sinistrae
3430 5384 3741 5426 accensea.

375 5739 484 5817 (5'2)
515 5743 702 5816 Hujus
731 5742 1020 5813 dogmati
1045 5741 1310 5800 meminit
1339 5739 1577 5799 ovidius
1604 5739 1802 5817 Μεταμ
1829 5761 1846 5798 ι
1883 5745 2041 5801 :Esse
2072 5760 2280 5818 quoque
2309 5746 2371 5802 in
2403 5747 2536 5817 fatis
2568 5745 2981 5816 reminiscitur,
3018 5747 3188 5817 afore
3213 5750 3445 5821 tempus,
3480 5751 3591 5805 etc.
