4054 6416
264 352 444 440 ’1311

1613 358 1934 422 ΝΙΟΕΤΛΕ
1975 357 2414 424 ΟΗΟΝΙΛΤΛΕ

3575 365 3746 429 1312

289 522 444 563 mur.
477 502 575 562 Vel
602 499 757 575 ignis
788 497 1026 558 nomine
1055 499 1231 555 Deum
1263 494 1433 553 etiam
1468 492 1662 566 ipsum
1723 492 1939 550 intelli-
1967 494 2020 563 Α
2051 494 2273 553 admoti
2304 495 2539 568 fuerint,
2565 496 2904 571 quicunque
2934 497 3132 556 anima
3163 515 3309 572 pura
3331 503 3389 557 et
3420 498 3738 573 pellucida

288 611 424 669 gere
459 607 804 664 possumus,
864 590 964 661 qui
1027 587 1226 643 lumen
1281 600 1515 657 quoque
1570 583 1804 652 dicitur,
1839 599 1946 641 nec

286 683 443 757 ignis
475 680 926 754 appellationem
958 678 1332 748 dedignatur.
1384 675 1541 729 Idem
1578 674 1733 729 enim
1765 672 1857 729 hic
1888 677 1947 729 et

286 775 525 833 nomine
557 777 734 842 caret,
778 776 837 828 et
891 770 1233 827 nominibus
1264 767 1549 832 abundat,
1611 782 1715 837 pro
1773 765 1941 821 babi-

284 870 460 920 tuum
509 866 842 918 nostrorum
903 860 1127 914 ratione
1186 854 1636 929 appellationem
1697 854 1944 910 subinde

287 952 710 1019 mutans.Quia
736 950 890 1005 enim
924 949 1180 1004 animam
1216 950 1427 1019 purgat
1459 949 1516 1001 et
1546 944 1785 1001 candori
1821 944 1941 1015 pri-

288 1044 442 1101 stino
500 1041 777 1108 restituit,
838 1044 1013 1110 atque
1066 1036 1326 1092 maculas
1381 1036 1734 1091 inhaerentes
1775 1033 1941 1090 eluit,

288 1150 437 1206 quas
468 1132 519 1187 ei
552 1130 759 1187 vitium
793 1128 1109 1194 inusserat,
1143 1127 1360 1184 idcirco
1411 1125 1609 1181 lumen
1645 1127 1736 1181 est
1766 1128 1824 1180 et
1849 1124 1942 1179 di-

291 1226 460 1292 citur,
496 1241 610 1295 quo
642 1224 862 1279 lumine
895 1220 1044 1278 nihil
1090 1220 1416 1292 quidquam
1468 1216 1722 1273 lucidius
1750 1215 1941 1288 splen-

287 1315 597 1385 didiusque
624 1310 740 1368 dici
771 1309 974 1383 possit.
1019 1309 1165 1375 Quia
1213 1324 1344 1364 vero
1396 1305 1701 1364 materiam
1733 1323 1941 1363 consu-

286 1405 414 1473 mit,
446 1402 597 1475 ignis
637 1401 857 1458 idcirco
892 1399 1124 1469 dicitur,
1156 1397 1646 1470 quemadmodum
1698 1400 1755 1452 et
1799 1395 1939 1452 alibi

284 1495 419 1566 quia
445 1498 623 1559 secat,
657 1489 885 1560 dividit,
917 1492 975 1545 et
1014 1488 1086 1545 ad
1133 1487 1344 1544 animm
1391 1486 1682 1543 medullas
1715 1485 1937 1559 pertin-

283 1585 387 1656 git,
423 1599 490 1639 ea
512 1582 583 1638 de
614 1597 790 1637 causa
818 1578 1051 1652 gladius
1081 1582 1136 1633 et
1167 1594 1360 1634 sermo
1392 1580 1601 1634 acutus
1632 1592 1935 1649 nuncupa-

286 1679 402 1729 tur.
437 1671 875 1741 Uniuscuiusque
931 1683 1065 1738 ergo
1123 1683 1279 1738 opus,
1333 1664 1503 1736 quale
1568 1667 1760 1736 fuerit,
1795 1666 1940 1736 ignis

280 1762 630 1835 probabit.In
660 1760 770 1815 hoc
800 1758 1039 1829 quidem
1072 1757 1292 1813 mundo
1319 1755 1570 1811 aliorum
1605 1754 1937 1827 probationi

2054 585 2328 657 praeditus
2378 588 2507 653 erit,
2541 587 2753 645 clarior
2804 605 2873 646 ex
2904 589 3057 662 ignis
3087 589 3433 661 probatione
3502 591 3734 660 factus,

2057 678 2385 733 mercedem
2424 678 2650 751 accepit
2705 696 2835 751 quae
2888 696 3020 735 vera
3070 696 3255 735 aureae
3307 682 3430 750 ejus
3488 681 3731 752 animm,

2051 766 2412 839 actionisque
2442 767 2704 836 sincerae,
2739 785 2843 825 nec
2887 768 3009 826 ulla
3041 769 3383 826 delictorum
3414 770 3546 827 labe
3578 788 3729 826 con-

2053 865 2351 929 spurcatac,
2383 858 2685 916 retributio
2747 863 2838 916 est
2870 875 2883 916 ε
2919 859 3058 931 quia
3089 858 3370 915 nimirum
3405 860 3524 916 Deo
3572 877 3722 916 con-

2043 946 2334 1019 jungitur.
2356 947 2665 1021 ignemque
2697 949 2956 1005 divinum
2988 948 3155 1005 illum
3189 950 3450 1022 perfert?
3486 954 3545 1005 et
3575 967 3730 1023 puro

2052 1034 2209 1092 illius
2245 1036 2541 1094 immistus
2589 1038 2817 1106 lumini,
2851 1038 3128 1095 creatoris
3162 1039 3397 1095 tandem
3429 1039 3731 1097 beneﬁcio

2050 1125 2200 1181 Deus
2233 1127 2444 1183 evadit.
2488 1130 2682 1184 Manet
2712 1128 2871 1184 enim
2896 1145 3043 1201 opus
3075 1129 3225 1200 ejus,
3268 1130 3422 1200 quod
3452 1145 3735 1201 snperat—

2052 1216 3060 1290 dilicavit.Superaadiﬁcavitautem
3092 1219 3153 1275 in
3176 1235 3243 1275 eo
3274 1224 3468 1276 turres
3500 1225 3559 1276 et
3584 1238 3736 1293 pro-

2050 1306 2395 1378 pugnacula,
2456 1308 2565 1364 hoc
2596 1312 2681 1366 est
2725 1308 3211 1382 inexpugnabilia
3241 1309 3377 1365 ﬁdei
3414 1310 3736 1381 dogmata,

2049 1395 2336 1453 virtutum
2387 1396 2647 1469 fastigia,
2679 1414 2771 1466 ea,
2805 1398 3072 1470 inquam,
3103 1414 3204 1471 per
3232 1414 3382 1471 quas,
3428 1402 3732 1472 tanquam

2051 1501 2154 1558 per
2214 1486 2601 1543 intermedios
2657 1488 2897 1560 gradus,
2936 1487 2986 1544 si
3044 1487 3176 1561 quis
3206 1505 3238 1544 e
3284 1492 3445 1544 terra
3475 1504 3731 1547 sursum

2049 1577 2349 1644 ascendat,
2391 1576 2589 1649 ipsum
2647 1577 2832 1635 Deum
2863 1577 3058 1635 videre
3108 1578 3315 1651 possit.
3347 1580 3722 1650 Hujusmodi

2051 1665 2226 1735 muri,
2276 1665 2615 1736 hujusmodi
2683 1667 2896 1725 muenia
2948 1667 3164 1741 divina,
3242 1668 3726 1742 haudquaquam

2050 1753 2301 1811 ﬂammis
2331 1754 2744 1825 absumuntur,
2777 1758 2876 1813 sed
2909 1757 3098 1830 magis
3129 1758 3436 1831 magisque
3466 1759 3725 1815 ﬁrman-

285 1851 654 1921 exponimur,
690 1848 788 1905 ubi
821 1846 1154 1920 permultas
1201 1862 1363 1901 error
1416 1846 1584 1910 inest,
1622 1843 1937 1917 permulta-
1974 1864 2026 1929 Β
2050 1848 2145 1901 tur
2175 1851 2233 1901 et
2284 1851 2611 1902 servantur.
2646 1847 2810 1914 Quod
2842 1847 2893 1903 si
2931 1847 3064 1920 quis
3121 1847 3467 1905 fasciculum
3525 1850 3722 1922 stipu—

289 1956 407 2014 que
448 1939 900 1995 commissorum
963 1935 1309 1992 delictorum
1358 1937 1710 2007 repensatio,
1765 1939 1942 2007 atque

285 2048 433 2102 opus
458 2030 694 2103 quidem
728 2030 923 2100 ipsum
959 2027 1191 2083 coronis
1224 2025 1570 2098 plerumque
1602 2025 1689 2082 vel
1722 2025 1941 2098 suppli-

283 2122 392 2178 ciis
422 2121 669 2193 dignum
725 2123 847 2175 est:
908 2117 1226 2174 amicorum
1280 2120 1475 2172 tamen
1534 2132 1703 2187 opem
1757 2117 1938 2173 feren-

283 2210 428 2268 tium
485 2208 881 2266 consolatione
939 2205 1262 2278 disertique
1308 2204 1557 2261 oratoris
1617 2205 1942 2277 patrocinio

283 2317 543 2374 persepe
580 2300 666 2369 ﬁt,
718 2303 780 2355 ut
827 2298 1009 2370 judex
1039 2298 1112 2353 ad
1147 2294 1611 2353 misericordiam
1645 2295 1935 2367 ﬂectatur,

287 2407 471 2464 eoque
500 2391 847 2459 adducatur,
874 2393 937 2446 ut
967 2387 1318 2445 sententiam
1347 2387 1619 2444 immutet
1650 2403 1664 2443 :
1695 2386 1817 2444 illic
1842 2404 1942 2443 au-

287 2486 410 2539 tem
450 2480 617 2553 quale
673 2484 761 2537 est
809 2479 1276 2551 uniuscujusque
1324 2495 1472 2551 opus
1523 2477 1680 2550 ignis
1728 2479 1937 2550 proba-

288 2571 394 2629 bit.
429 2572 543 2628 Nec
603 2570 760 2626 enim
807 2570 990 2642 judex
1047 2567 1477 2637 circumveniri,
1522 2582 1630 2624 nec
1678 2567 1938 2624 tribunal

291 2662 635 2718 muneribus
698 2659 991 2730 corrumpi
1025 2662 1238 2730 potest,
1269 2661 1326 2713 et
1381 2657 1560 2713 simul
1593 2661 1767 2729 atque
1799 2674 1938 2730 pro-

293 2751 424 2822 pius
484 2752 557 2806 ad
605 2751 863 2822 judicem
923 2748 1057 2821 quis
1087 2747 1352 2819 accessit,
1384 2747 1521 2820 igne
1561 2764 1788 2820 quoque
1811 2748 1936 2818 jam

286 2841 571 2913 probatus
606 2844 714 2898 est.
749 2839 1135 2896 Exactissima
1157 2837 1314 2895 enim
1347 2838 1642 2894 actionum
1672 2837 1937 2909 probatio

289 2931 362 2987 ab
390 2929 573 3002 ipsius
613 2930 836 3000 judicis
867 2934 1076 2985 natura
1116 2928 1432 2999 dependet:
1477 2928 1607 2984 Dies
1646 2930 1817 2995 enim,
1849 2927 1939 2985 in-

290 3019 438 3092 quit,
511 3019 916 3093 mani/estabit,
966 3019 1110 3091 quod
1160 3021 1289 3088 igne
1343 3022 1551 3074 cuncta
1597 3016 1936 3076 revelentur.

283 3114 415 3167 Haec
436 3114 528 3167 est
557 3110 938 3183 praecedentis
982 3108 1122 3166 dicti
1153 3109 1542 3165 conﬁrmatio.
1587 3108 1735 3173 Quia
1781 3106 1936 3164 enim

285 3218 392 3257 nos
422 3202 558 3273 igne
582 3202 881 3258 universos
905 3200 1234 3270 judicatum
1258 3198 1330 3254 iri
1360 3198 1529 3265 dixit,
1564 3197 1713 3269 ignis
1743 3201 1937 3255 autem

2049 1933 2242 1990 larum
2275 1951 2403 2007 quae
2436 1936 2677 1992 materia
2700 1936 2867 1994 facile
2900 1937 3251 2006 absumitur,
3284 1937 3540 2011 igneque
3571 1955 3727 1995 con-

2050 2023 2257 2096 ﬂagrat
2288 2024 2724 2098 (quemcunque
2753 2025 3075 2098 intelligere
3093 2026 3362 2096 velimus,
3388 2032 3450 2084 ut
3466 2044 3600 2085 meo
3618 2029 3723 2100 ju-

2052 2114 2202 2171 dicio
2237 2114 2523 2171 malorum
2555 2132 2791 2187 operum
2824 2116 3075 2189 copiam)
3134 2117 3368 2190 propria
3398 2117 3461 2173 in
3507 2119 3726 2177 anima

2050 2205 2395 2277 gustaverit,
2456 2204 2627 2261 simul
2685 2207 2755 2262 ad
2811 2206 3011 2280 ignem
3070 2207 3313 2280 propius
3364 2210 3718 2281 accesserit,

2050 2293 2565 2367 conﬂagrationem
2597 2296 2745 2352 ferre
2787 2312 2901 2352 non
2935 2296 3167 2369 poterit,
3209 2296 3454 2369 proinde
3498 2298 3725 2356 multa-

2048 2384 2226 2442 bitur.
2288 2385 2528 2441 Multam
2584 2402 2716 2443 vero
2749 2385 2844 2442 hic
2875 2403 2989 2443 non
3021 2391 3091 2444 ut
3146 2387 3386 2458 quidam
3431 2387 3720 2447 arbitrati

2050 2478 2205 2543 sunt,
2239 2490 2343 2547 pro
2369 2474 2632 2531 materiae
2662 2475 3120 2549 conﬂagratione
3160 2475 3568 2549 accipiendam
3600 2495 3718 2551 pu-

2048 2568 2128 2631 to,
2162 2565 2263 2620 sed
2295 2580 2399 2636 pro
2430 2580 2495 2620 eo
2536 2566 2687 2636 quod
2739 2566 2871 2637 quis
2901 2565 3082 2623 divini
3111 2565 3355 2623 luminis
3405 2568 3723 2641 particeps

2051 2654 2484 2726 haudquaquam
2544 2655 2666 2726 ﬁat,
2699 2670 2889 2729 neque
2954 2657 3230 2714 creatoris
3279 2656 3595 2729 splendore
3624 2660 3723 2716 di-

2049 2760 2196 2815 gnus
2227 2743 2534 2802 habeatur.
2593 2744 2754 2802 Talis
2798 2762 2936 2819 ergo
2978 2746 3067 2803 vir
3097 2745 3464 2819 multabitur,
3495 2756 3553 2806 et
3586 2766 3720 2806 ser-

2048 2834 2296 2891 vabitur.
2351 2835 2568 2902 Quibus
2624 2834 2682 2891 in
2715 2836 2906 2893 verbis
2954 2837 3149 2894 inesse
3196 2838 3427 2895 videtur
3466 2842 3719 2895 contra—

2049 2924 2249 2981 rietas.
2284 2924 2433 2981 Nam
2457 2924 2507 2981 si
2538 2925 2735 2982 multae
2767 2925 3003 2983 nomine
3034 2926 3282 2999 privatio
3308 2927 3581 2995 luminis,
3609 2947 3725 2987 no-

2050 3013 2325 3086 mineque
2371 3015 2579 3074 salutis
2642 3017 2907 3089 ejusdem
2966 3017 3208 3075 luminis
3265 3018 3470 3075 fruitio
3528 3010 3721 3076 intel-

2048 3102 2152 3176 ligi
2191 3104 2421 3175 debeat,
2479 3105 2578 3179 qui
2623 3106 2747 3162 ﬁeri
2777 3106 3013 3179 poterit,
3064 3112 3129 3164 ut
3158 3109 3368 3165 eodem
3420 3110 3721 3181 temporis

2050 3198 2351 3251 momento
2381 3195 2535 3252 idem
2566 3195 2743 3254 homo
2792 3194 3068 3254 multetur
3091 3200 3149 3253 et
3204 3197 3407 3255 salvus
3442 3200 3658 3256 evadat
3690 3201 3724 3257 Ἰ

282 3250 405 3355 511;,
423 3250 1234 3358 satis;signa};
1246 3250 1937 3341 ίεῖςᾷἑνῖίιὲηὲιθέξηὲἐιὲἐίῐ
1977 3250 2020 3318 (ἲ
2049 3284 2247 3356 Itaque
2295 3250 2759 3356 sciendum‘est,
2794 3250 3403 3361 ’ἐκαὶάὶίῖοῶρὶπέέῇ
3422 3250 3545 3347 δ’όᾶ
3556 3250 3717 3347 w13}th

281 3376 409 3447 ipse
440 3377 588 3431 Deus
616 3380 726 3443 est,
747 3392 818 3433 ea
846 3377 919 3430 de
951 3390 1125 3431 causa
1154 3374 1405 3446 subjecit
1437 3390 1450 3429 :
1488 3374 1610 3430 Dies
1639 3374 1787 3430 enim
1807 3391 1934 3430 ma-

275 3465 563 3538 nifestabil
617 3465 861 3537 quodin
936 3467 1065 3534 igne
1121 3469 1325 3521 cuncta
1372 3463 1710 3522 revelantur.
1772 3465 1935 3522 Diem

285 3553 600 3627 Apostolus
632 3553 742 3610 hoc
796 3554 920 3610 loco
952 3570 1055 3625 pro
1085 3553 1297 3610 saeculo
1329 3554 1520 3610 futuro
1552 3555 1747 3627 posuit
1781 3571 1795 3610 :
1845 3554 1935 3612 vel

286 3645 425 3717 quia
482 3643 621 3701 solis
673 3660 843 3701 cursu
904 3661 1018 3700 non
1078 3644 1160 3700 ita
1192 3644 1434 3717 regitur,
1466 3649 1531 3701 ut
1562 3645 1683 3701 dies
1713 3645 1807 3714 sit,
1842 3645 1933 3702 cui

282 3752 417 3791 mox
447 3734 707 3792 vicissim
768 3736 1042 3791 succedat
1071 3750 1085 3791 :
1122 3734 1211 3791 vel
1244 3735 1381 3807 quia
1408 3736 1457 3792 si
1482 3751 1614 3792 cum
1665 3734 1933 3808 praesenti

275 3825 396 3881 vita
426 3826 772 3889 conferatur,
832 3826 955 3882 dies
986 3825 1141 3882 nocti
1174 3825 1390 3883 similis
1449 3832 1559 3884 est.
1606 3825 1738 3883 Haec
1793 3842 1932 3898 ergo

272 3913 408 3984 dies,
456 3915 666 3987 inquit,
700 3916 1079 3987 mam/‘estabit
1106 3916 1258 3988 quod
1288 3915 1489 3972 omnia
1518 3917 1581 3972 in
1610 3917 1742 3986 igne
1780 3931 1929 3973 reve-

275 4005 485 4063 lantur.
536 4005 767 4062 Caeteris
796 4005 954 4061 enim
979 4004 1228 4076 judiciis
1262 4004 1604 4077 antiquatis,
1653 4004 1930 4077 omnique

272 4096 548 4153 tormenti
611 4099 668 4151 et
722 4094 1125 4166 inquisitionis
1182 4110 1391 4166 genere
1440 4095 1681 4167 longum
1735 4094 1930 4152 valere

271 4188 461 4258 jusso,
494 4202 734 4258 operum
768 4189 1098 4242 nostrorum
1123 4186 1414 4255 judicium
1449 4201 1644 4241 coram
1667 4186 1788 4243 solo
1815 4187 1927 4243 Deo

275 4278 442 4334 nobis
470 4278 902 4348 superfuturum
932 4293 1064 4333 esse
1088 4280 1338 4333 constat.
1372 4276 1580 4334 Nullus
1620 4278 1775 4334 enim
1806 4277 1928 4336 illic

274 4368 399 4434 erit,
432 4370 530 4438 qui
560 4383 755 4423 rerum
814 4368 1381 4424 administrationem
1438 4368 1567 4425 aliis
1612 4369 1927 4428 ambitione

274 4461 632 4527 extorqueat,
694 4456 1040 4526 autjudicia
1096 4457 1532 4527 circumveniat,
1567 4466 1666 4516 aut
1706 4459 1926 4530 judicis

275 4548 635 4603 voluntatem
668 4545 777 4603 sibi
809 4547 1101 4615 conciliet,
1126 4552 1228 4603 aut
1259 4548 1442 4618 legem
1474 4548 1731 4606 divinam
1762 4550 1923 4606 etin-

2045 3373 2221 3431 aliam
2268 3390 2397 3432 esse
2440 3375 2514 3432 ab
2567 3392 2656 3446 ea,
2690 3392 2814 3448 quae
2846 3377 3018 3449 vulgo
3072 3377 3328 3434 inolevit.
3381 3378 3502 3435 Hoc
3539 3380 3713 3437 enim

2044 3462 2170 3520 loco
2228 3465 2468 3522 verbum
2497 3468 2714 3523 servari
2742 3466 3202 3539 haudquaquam
3251 3466 3498 3524 salutem
3563 3485 3711 3538 pro-

2043 3554 2253 3611 mereri
2283 3554 2598 3627 signiﬁcat,
2629 3556 2733 3612 sed
2764 3555 2900 3628 igne
2929 3573 3046 3612 non
3073 3557 3327 3623 absumi,
3351 3562 3454 3613 aut
3485 3559 3713 3615 conﬂa-

2041 3660 2210 3718 grare
2238 3662 2253 3701 :
2286 3645 2759 3718 quandoquidem
2790 3647 3162 3703 adamantem
3199 3662 3433 3719 quoque
3466 3647 3527 3702 in
3561 3649 3708 3721 igne

2041 3735 2256 3791 servari
2287 3734 2533 3792 dicimus
2578 3734 2974 3808 nonnullaque
3004 3736 3331 3793 animantia
3359 3737 3709 3795 fornacibus

2038 3823 2278 3879 admota
2334 3825 2556 3881 servari
2613 3825 3043 3897 quodammodo
3087 3825 3385 3897 dicuntur,
3460 3828 3706 3898 quoties

2037 3915 2195 3988 ignis
2224 3914 2476 3972 calorem
2500 3915 2822 3987 perferunt,
2853 3931 2962 3973 nec
2994 3921 3242 3973 uruntur
3273 3921 3372 3972 aut
3400 3915 3704 3974 mutilan-

2036 4007 2150 4060 tur.
2179 4002 2427 4060 Proinde
2471 4007 2732 4060 servatus
2784 4003 2845 4061 in
2877 4006 3012 4078 igne
3042 4006 3092 4061 is
3136 4022 3372 4077 quoque
3420 4004 3536 4061 dici
3590 4024 3704 4079 po-

2034 4097 2169 4165 test,
2226 4093 2320 4164 qui
2377 4092 2680 4165 multatur,
2708 4110 2842 4151 cum
2884 4096 3209 4167 praesertim
3255 4096 3333 4153 sit
3373 4094 3705 4155 immortali

2034 4200 2274 4257 corpore
2302 4184 2601 4258 praeditus,
2636 4186 2794 4257 quod
2826 4202 2930 4244 nec
2963 4184 3357 4242 incisionibus
3390 4184 3547 4250 ullis,
3587 4204 3702 4244 nec

2033 4275 2438 4333 adustionibus
2468 4276 2788 4334 obnoxium
2821 4281 2930 4335 est.
2966 4277 3130 4341 Quod
3162 4282 3361 4334 autem
3415 4277 3528 4333 hoc
3560 4294 3703 4335 sen-

2032 4381 2098 4423 su
2127 4366 2369 4423 verbum
2397 4368 2612 4423 servari
2636 4367 2923 4439 capiatur,
2956 4383 3025 4423 ex
3054 4384 3121 4425 eo
3153 4371 3333 4439 patet,
3359 4368 3522 4441 quod
3550 4369 3703 4427 sub-

2027 4459 2165 4531 jecit
2193 4459 2528 4531 Apostolus.
2567 4463 2886 4533 Postquam
2936 4461 3096 4517 enim
3129 4461 3279 4517 dixit
3308 4463 3468 4533 :Ipse
3504 4469 3707 4519 autem

2029 4548 2358 4616 servabitur,
2413 4550 2654 4606 modum
2709 4564 2940 4622 quoque
2997 4550 3246 4619 addidit,
3322 4549 3417 4606 his
3469 4550 3705 4621 verbis,

271 4638 585 4696 solubilem
626 4638 934 4693 immutat:
989 4638 1047 4692 Si
1076 4638 1236 4710 cujus
1277 4653 1402 4709 ergo
1460 4655 1593 4711 opus
1631 4643 1918 4710 manserit,
1952 4628 2006 4697 D
2036 4642 2301 4710 tanquam
2323 4654 2424 4711 per
2438 4638 2648 4711 ignem,
2685 4654 2792 4695 nec
2824 4639 3006 4711 enim,
3038 4638 3255 4712 inquit,
3282 4640 3703 4712 praestantiore

273 4729 413 4800 quod
515 4728 999 4800 superazdiﬁcavit,
1089 4729 1398 4786 mercedem
1497 4728 1799 4801 accipiet:
1872 4747 1923 4787 st

271 4820 434 4889 cujus
482 4824 665 4875 autem
730 4835 863 4892 Opus
927 4821 1154 4885 arserit,
1214 4819 1564 4875 multabitur.
1635 4821 1918 4885 Quemad-

274 4909 510 4964 modum
544 4909 700 4964 enim
755 4908 802 4964 si
835 4913 1101 4966 nostrum
1133 4908 1288 4965 hunc
1318 4909 1378 4964 in
1417 4910 1635 4981 ignem,
1670 4910 1768 4982 qui
1798 4926 1926 4966 sen-

274 4997 440 5052 sibus
489 5001 577 5052 est
606 4997 927 5069 expositus,
971 4997 1218 5055 materia
1276 4999 1565 5071 quaepiam
1616 5016 1750 5055 cum
1810 4998 1925 5055 alia

274 5085 641 5158 conjiciatur,
690 5104 818 5160 qua:
847 5103 991 5160 pura
1020 5105 1269 5161 vereque
1300 5106 1474 5145 aurea
1516 5089 1611 5157 sit,
1645 5089 1828 5159 magis
1858 5105 1926 5145 ac

277 5176 467 5248 magis
525 5176 587 5231 in
644 5176 875 5234 fornace
932 5177 1331 5249 splendescit:
1392 5185 1591 5251 etquo
1631 5179 1927 5236 elﬁcacior

273 5265 425 5339 ignis
456 5270 561 5334 est,
594 5281 659 5322 eo
699 5265 873 5322 etiam
908 5283 1000 5322 res
1027 5267 1085 5322 in
1119 5285 1248 5324 eum
1294 5270 1549 5341 conjecta
1581 5268 1926 5342 pellucidior

272 5356 482 5413 evadit.
541 5355 599 5411 Si
658 5355 800 5427 quid
858 5372 991 5411 vero
1050 5357 1273 5428 plumbi
1336 5362 1438 5414 aut
1495 5361 1691 5416 stanni
1754 5359 1928 5431 parti-

274 5462 411 5518 ceps
441 5447 502 5501 in
533 5446 804 5501 eumdem
836 5444 1077 5514 incidat,
1114 5448 1358 5503 materia
1389 5450 1672 5508 deteriore
1706 5467 1928 5507 assum-

277 5538 377 5605 pta
423 5533 701 5605 pristinus
756 5534 851 5590 ille
893 5551 1091 5590 massae
1144 5544 1341 5593 tumor
1398 5539 1810 5601 imminuitur:
1846 5547 1927 5602 ita

279 5624 454 5678 etiam
516 5627 895 5694 posteaquam
933 5623 1202 5680 homines
1241 5626 1417 5683 simul
1449 5646 1649 5688 omnes
1678 5633 1802 5707 igni
1834 5635 1925 5690 di-

276 5710 415 5765 vino
474 5713 533 5765 et
591 5711 949 5782 purgatorio,
1007 5711 1117 5783 ipsi
1174 5714 1411 5787 inquam
1470 5718 1607 5788 Deo,
1685 5724 1926 5796 propius

2032 4727 2237 4798 salute,
2298 4729 2398 4785 sed
2429 4728 2714 4793 deteriore
2745 4729 2993 4798 fruetur,
3024 4745 3090 4786 ea
3122 4730 3429 4797 nimirum,
3461 4746 3593 4801 quae
3631 4732 3706 4789 ﬁt

2035 4834 2140 4890 per
2162 4834 2384 4891 ignem.

2105 4917 2384 4991 Origenes
2415 4933 2553 4990 ergo
2584 4917 2747 4989 hinc,
2780 4921 2846 4974 ut
2892 4918 3035 4989 dixi,
3079 4922 3317 4991 arrepta
3364 4919 3703 4994 occasione,

2036 5008 2264 5064 animus
2286 5007 2534 5080 pristino
2565 5008 2746 5064 statui
2766 5008 3165 5065 restituendas
3185 5024 3318 5065 esse
3348 5008 3658 5066 conﬁrmat
3682 5026 3700 5066 :

2037 5100 2179 5156 dum
2219 5097 2575 5171 supplicium
2629 5096 2800 5168 illud,
2832 5098 2990 5169 quod
3047 5097 3107 5153 in
3150 5098 3333 5155 sacris
3362 5098 3705 5171 Evangeliis

2034 5192 2314 5244 aeternum
2347 5187 2580 5254 dicitur,
2607 5203 2722 5244 non
2744 5186 2945 5245 minus
2973 5191 3151 5261 atque
3180 5189 3464 5261 gaudium
3487 5205 3710 5263 perpe-

2032 5293 2160 5334 ram
2191 5277 2608 5349 interpretatur
2666 5280 2980 5349 aperteque
3030 5277 3400 5335 demonstrat
3455 5279 3602 5345 fore,
3630 5285 3707 5339 ut

2035 5366 2266 5434 animae,
2299 5381 2427 5437 qum
2458 5369 2693 5438 peccato
2725 5366 2905 5439 lapsas
2936 5370 3246 5425 materiem
3279 5368 3553 5425 vitiorum
3579 5368 3707 5426 sibi

2035 5454 2417 5527 aggesserint,
2449 5455 2736 5528 tantisper
2765 5455 2826 5512 in
2857 5456 2992 5528 igne
3022 5460 3320 5526 maneant,
3352 5458 3495 5514 dum
3526 5458 3709 5515 vitio-

2034 5563 2166 5603 rum
2199 5563 2435 5604 suorum
2459 5548 2659 5604 sordes
2673 5548 3064 5606 absumantur
3086 5567 3100 5607 :
3125 5549 3339 5622 quibus
3362 5550 3702 5624 assumptis

2035 5636 2149 5695 illae
2178 5638 2370 5693 denuo
2391 5638 2793 5709 servabuntur,
2826 5642 3207 5713 posteaquam
3242 5639 3499 5697 ﬂammis
3531 5657 3707 5698 exco-

2035 5731 2138 5786 ctte
2161 5730 2218 5785 et
2246 5741 2577 5801 expurgatu
2608 5726 2842 5794 fuerint,
2874 5728 2958 5787 ita
2988 5736 3181 5788 tamen
3216 5733 3282 5787 ut
3310 5729 3531 5789 vermis
3561 5730 3701 5788 sine
