4054 6410
313 392 469 456 1313

1651 370 2047 440 THESAURI
2091 372 2244 434 LIB.
2290 369 2397 433 IV.

3576 379 3732 441 1314

315 529 431 583 ﬁne
456 526 817 597 permaneat,
855 537 961 578 nec
992 519 1261 594 gehenna
1291 517 1725 591 exstinguatur,
1749 525 1961 584 quem-
1994 508 2050 576 Α
2078 505 2426 597 negligenda
2455 522 2583 564 esse
2612 507 2920 578 duxerunt,
2956 510 3053 565 sed
3076 510 3443 568 Antiochiam
3472 513 3545 568 ad
3576 514 3727 569 hanc

318 616 637 674 admodum
670 613 958 670 Dominus
993 613 1051 667 in
1076 608 1409 683 Evangeliis
1440 608 1538 676 ait,
1560 609 1628 662 ut
1656 603 1769 659 hoc
1800 601 1967 673 pacto

314 709 656 766 stimuletur
719 707 776 761 in
839 709 1164 777 posterum,
1214 703 1633 771 reiriceturque
1689 689 1970 752 memoria

316 798 520 855 divinae
552 796 937 852 humanitatis
989 796 1047 850 in
1081 793 1319 861 animis,
1353 809 1482 865 que
1535 806 1566 845 a
1609 782 1970 860 perennibus

314 889 479 945 hisce
509 885 815 960 suppliciis
844 885 1103 940 liberata
1133 883 1373 939 fuerint.

933 1013 1089 1070 CAP.
1121 1009 1348 1068 XXXII.

324 1125 620 1183 Tricerima
650 1122 911 1187 secunda,
957 1119 1126 1177 Pauli
1153 1116 1535 1179 Samosateni;
1565 1116 1626 1172 hi
1656 1119 1968 1187 unguntur.

388 1231 606 1288 Paulus
626 1230 721 1286 hic
751 1229 1087 1296 Samosatis,
1111 1226 1170 1283 in
1192 1223 1610 1299 Mesopotamia
1638 1226 1823 1288 ortus,
1849 1226 1970 1277 An-

320 1321 526 1378 tiochea
568 1336 797 1392 magnae
840 1317 1070 1391 praefuit
1114 1320 1246 1389 post
1289 1313 1748 1379 Demetrianum,
1798 1310 1964 1367 deci-

322 1410 745 1483 munquintum
776 1410 904 1479 ejus
945 1406 1107 1463 urbis
1136 1406 1477 1477 episcopum
1505 1420 1518 1461 :
1559 1402 1658 1474 qui
1691 1417 1827 1458 cum
1863 1400 1972 1456 Ze-

323 1502 511 1559 nobize
569 1499 1014 1571 obsequeretur,
1069 1497 1127 1551 in
1174 1494 1666 1551 absurdissimam
1721 1489 1970 1547 haeresin

323 1590 636 1664 prolapsus
666 1596 773 1644 est.
806 1587 939 1650 Quae
972 1601 1143 1659 porro
1176 1585 1247 1640 de
1276 1583 1528 1639 Zenobio.
1551 1580 1974 1637 circumferun-

324 1686 441 1750 tur,
473 1682 553 1735 ita
584 1695 646 1734 se
677 1676 911 1733 habent.
935 1676 1057 1740 Quo
1088 1678 1354 1745 tempore
1385 1669 1659 1727 Galienus
1686 1666 1977 1726 Valeriani

324 1770 479 1825 ﬁlius
511 1766 794 1825 Romanis
820 1764 1168 1837 imperabat,
1202 1760 1495 1818 Macrinus
1525 1758 1583 1814 in
1617 1774 1750 1814 eum
1772 1756 1974 1814 insur-

327 1859 495 1917 rexit.
546 1855 928 1915 Odennathus
984 1857 1185 1910 autem
1242 1849 1541 1953 Palmvriaa
1583 1846 1974 1953 metrOpoleos
2005 1886 2054 1953 Β

327 1950 556 2008 Arabus
603 1948 875 2020 princeps
922 1943 1230 2000 Galienum
1273 1940 1569 2011 juvabat:
1620 1940 1978 2009 quapropter

329 2041 423 2098 hic
454 2038 701 2096 victoria
721 2041 908 2111 parta,
931 2029 1501 2092 administrationem
1525 2027 1703 2085 totius
1724 2026 1977 2084 Orientis

330 2131 415 2188 illi
447 2128 830 2187 concredidit.

401 2224 684 2279 Caeterum
717 2216 1085 2283 Odennatho,
1117 2233 1150 2271 a
1182 2212 1518 2271 domesticis
1560 2227 1731 2280 caeso,
1763 2226 1869 2267 nec
1898 2209 1978 2266 ita

330 2312 515 2370 multo
548 2313 682 2383 post
710 2307 947 2364 Galieno
978 2305 1095 2362 vita
1125 2304 1427 2371 defuncto,
1458 2300 1746 2358 successit
1778 2299 1838 2353 in
1860 2298 1974 2353 im-

330 2402 562 2477 perium
611 2398 912 2465 Claudius,
946 2412 1122 2469 quem
1153 2412 1290 2451 cum
1322 2398 1510 2449 Persae
1540 2391 1697 2448 bello
1729 2389 1977 2477 devicis-

330 2476 481 2561 sent,
505 2489 820 2547 Zenobiam
852 2485 1180 2543 Odennathi
1209 2483 1525 2555 conjugem
1555 2482 1728 2553 Syriae
1753 2476 1980 2534 Phoeni-

331 2581 552 2652 ciaeque
606 2578 1004 2652 praefecerunt.
1055 2576 1203 2631 Cum
1252 2588 1388 2628 vero
1447 2570 1621 2643 paulo
1673 2571 1806 2642 post
1856 2569 1980 2639 ipse

331 2685 568 2742 quoque
619 2666 897 2723 Claudius
943 2683 975 2721 e
1014 2664 1162 2719 vivis
1212 2661 1579 2729 excessisset,
1628 2657 1981 2716 Aurelianus

332 2758 652 2831 imperator
681 2763 913 2815 creatus
944 2757 1150 2810 contra
1176 2751 1490 2808 Zenobiam
1523 2750 1839 2806 exercitum
1858 2764 1980 2803 mo-

331 2848 454 2904 vit:
500 2862 744 2918 eamque
774 2845 1064 2917 captivam
1108 2841 1372 2898 abduxit.
1405 2839 1550 2896 Huic
1581 2854 1739 2912 ergo,
1773 2852 1984 2910 quem-

334 2937 653 2993 admodum
702 2934 981 3003 diximus,
1027 2932 1354 2988 etiamnum
1401 2928 1678 3001 praedicta
1714 2926 1841 2984 loca
1891 2942 1999 2983 re--

334 3027 491 3100 genti
524 3043 657 3082 cum
688 3023 906 3081 Paulus
953 3021 1198 3093 obsequi
1232 3020 1428 3089 vellet,
1479 3022 1543 3075 ut
1589 3035 1713 3100 quas
1753 3016 1984 3073 Judais-

336 3098 501 3174 mum
533 3114 926 3188 proﬁteretur,
972 3113 1100 3185 ipse
1146 3127 1382 3185 quoque
1425 3125 1607 3167 unum
1642 3098 1771 3165 esse
1800 3106 1984 3164 Deum

335 3208 555 3275 docuit,
608 3206 708 3278 qui
751 3209 937 3278 pater,
999 3207 1058 3260 et
1105 3202 1308 3269 Filius,
1360 3205 1419 3257 et
1447 3199 1702 3273 Spiritus
1744 3202 1984 3255 sanctus

336 3314 494 3354 unus
523 3297 797 3367 idemque
833 3293 1145 3350 diceretur.
1179 3292 1343 3348 Unus
1373 3290 1553 3354 enim,
1585 3289 1802 3363 inquit,
1837 3289 1985 3344 Deus

336 3393 447 3457 est,
471 3391 528 3443 et
557 3385 742 3442 Filius
773 3385 899 3455 ejus
932 3383 994 3439 in
1019 3399 1107 3453 eo,
1136 3381 1634 3454 quemadmodum
1662 3380 1721 3435 in
1756 3379 1993 3435 homine

338 3494 552 3535 sermo.
593 3479 725 3549 Ipse
745 3477 941 3531 autem
971 3473 1174 3529 Sermo
1200 3487 1333 3527 cum
1372 3471 1432 3526 in
1456 3475 1674 3525 terram
1711 3468 1990 3538 venisset,

337 3567 622 3625 habitavit
660 3565 718 3620 in
750 3563 1010 3631 homine,
1043 3562 1146 3633 qui
1173 3564 1349 3617 Jesus
1375 3559 1699 3625 dicebatur,
1729 3557 1991 3630 comple-

338 3662 517 3729 taque
565 3653 1023 3727 dispensatione,
1078 3650 1342 3709 ascendit
1390 3650 1463 3705 ad
1513 3649 1763 3704 Patrem.
1814 3647 1991 3705 Jesus

337 3764 473 3804 vero
524 3746 794 3802 Christus
834 3742 1073 3800 inferior
1125 3745 1236 3808 est,
1269 3739 1369 3812 qui
1403 3756 1471 3795 ex
1521 3737 1706 3794 Maria
1753 3736 1988 3793 initium

340 3834 637 3892 habuerit.

412 3924 768 3996 Hujusmodi
806 3938 943 3996 ergo
988 3919 1156 3977 Pauli
1185 3921 1401 3993 dogma
1431 3918 1561 3985 fuit,
1597 3918 1750 3989 quod
1776 3914 1987 3989 partim

342 4032 476 4072 cum
507 4015 688 4071 Noeto
719 4019 776 4070 et
813 4012 1063 4070 Sabellio
1115 4009 1426 4089 consentit,
1468 4009 1684 4081 partim
1716 4008 1790 4063 ab
1832 4012 1990 4063 utro-

343 4122 455 4179 que
485 4104 819 4161 discordat:
847 4101 1325 4175 quandoquidem
1358 4098 1442 4154 illi
1474 4113 1710 4171 quoque
1746 4097 1899 4152 inter
1929 4112 1991 4152 se

344 4199 754 4271 quadantenus
802 4196 1228 4251 dissenserunt.
1271 4192 1350 4247 Eo
1393 4190 1551 4247 enim
1606 4190 1760 4262 quod
1806 4205 1991 4244 unum

341 4288 550 4356 Deum,
579 4285 749 4359 quasi
791 4284 976 4341 tribus
1013 4282 1359 4339 distinctum
1394 4280 1661 4352 personis
1695 4283 1988 4336 asserunt.

341 4377 537 4436 hitrcs
570 4378 724 4432 inter
753 4391 815 4431 se
846 4371 1223 4431 conveniunt:
1258 4371 1316 4426 in
1348 4369 1459 4426 hoc
1491 4373 1685 4426 autem
1711 4369 1992 4426 differunt

343 4468 498 4540 quod
544 4467 762 4523 Noetus
805 4464 1044 4538 quidem
1074 4463 1302 4518 Patrem
1346 4461 1542 4532 ipsum
1574 4460 1634 4516 in
1685 4461 1873 4516 forma
1934 4463 1992 4515 et

338 4558 578 4615 nomine
614 4572 860 4630 passum
890 4570 1019 4611 esse
1049 4552 1212 4620 dicit,
1247 4550 1536 4607 Sabellius
1563 4555 1759 4607 autem
1791 4550 1987 4623 ipsum

2075 596 2323 652 haeresin
2354 613 2385 652 e
2439 597 2629 654 medio
2662 598 2984 655 tollendam
3016 608 3431 658 convenerunt.
3466 603 3726 658 Concilio

2074 690 2364 758 praeerant
2393 687 2734 744 Theodorus
2792 690 2921 759 (53),
2960 691 3061 761 qui
3093 695 3149 746 et
3171 692 3488 763 Gregorius
3519 694 3726 748 miriﬁ-

2076 792 2202 843 cus,
2250 776 2735 834 Neocmsariensis
2766 779 3096 851 episcOpus,
3158 781 3561 849 Athenodorus
3603 785 3729 853 ejus

2077 866 2278 935 frater,
2310 867 2413 938 qui
2458 868 2831 924 Ponticarum
2865 868 3262 926 Ecclesiarum
3310 872 3413 926 uni
3463 878 3730 943 praeerat,

2074 954 2456 1012 Firmilianus
2489 957 2897 1027 Neocaesareae,
2932 975 3064 1031 quae
3095 959 3154 1014 in
3213 960 3585 1033 Cappadocia
3615 967 3726 1031 est,

2076 1044 2412 1118 episcopus,
2445 1045 2698 1103 Helenus
2737 1047 2925 1117 Tarsi,
2973 1053 3198 1105 Icomas
3233 1048 3436 1121 Iconii,
3482 1050 3731 1123 Hyemc-

2076 1151 2262 1203 meus,
2296 1135 2849 1209 Hierosolymorum,
2883 1139 3252 1195 Theotecnus
3285 1142 3578 1208 Cmsareae,
3603 1157 3729 1212 qum

2077 1224 2138 1280 in
2167 1224 2479 1282 Palaestina
2504 1232 2615 1295 est,
2638 1229 2926 1288 Maximus
2957 1232 3322 1298 Bostrorum,
3346 1234 3402 1285 et
3421 1231 3732 1288 Anatolius

2080 1314 2394 1385 Laodiceae,
2429 1332 2558 1387 qua:
2589 1317 2767 1388 Syriae
2799 1317 3047 1373 finitima
3097 1322 3207 1388 est,
3245 1319 3556 1391 episcopus
3608 1337 3735 1377 ma-

2079 1421 2234 1477 gnus
2265 1408 2459 1461 autem
2492 1405 2588 1461 ille
2619 1408 2935 1480 Dionysius
2960 1407 3388 1464 Alexandrinus
3424 1426 3536 1481 prae
3568 1411 3732 1468 senio

2081 1495 2365 1553 interesse
2387 1497 2624 1567 quidem
2660 1514 2773 1552 non
2810 1498 3017 1569 potuit,
3055 1498 3266 1555 litteris
3296 1504 3489 1555 tamen
3513 1516 3611 1557 eos
3632 1501 3734 1573 qui

2082 1591 2501 1654 convenerunt,
2536 1588 2608 1642 ad
2641 1589 2902 1644 veritatis
2928 1591 3455 1661 prepugnationem
3483 1592 3733 1648 exacuit.

2156 1673 2365 1730 Coacta
2413 1680 2609 1732 autem
2649 1678 2871 1749 synodo
2922 1676 3138 1733 Paulus
3186 1678 3413 1734 inﬁcias
3475 1679 3557 1735 ire
3608 1681 3735 1750 jam

2086 1768 2323 1835 paratus
2354 1769 2496 1835 erat,
2533 1782 2666 1822 cum
2720 1766 3074 1836 Malachion,
3117 1767 3217 1838 qui
3273 1776 3444 1823 antea
3493 1768 3730 1840 quidem

2086 1855 2472 1927 sophisticam
2504 1865 2685 1912 artem
2719 1861 3080 1926 exercuerat,
3111 1860 3312 1929 postea
3338 1873 3471 1914 vero
3499 1858 3739 1930 presby-

2084 1944 2217 2000 terii
2293 1944 2577 2017 dignitate
2628 1952 2942 2002 exornatus
3002 1946 3212 2013 fuerat,
3278 1947 3738 2019 disputationem

2084 2033 2368 2092 adversus
2391 2033 2556 2090 illum
2582 2035 2859 2091 instituit.
2881 2038 3141 2106 Cumque
3172 2035 3282 2090 hoc
3314 2038 3482 2107 pacto
3505 2037 3737 2092 detecta

2085 2123 2246 2179 fraus
2269 2122 2397 2193 ejus
2418 2126 2594 2190 esset,
2620 2125 2718 2194 qui
2739 2123 3040 2179 Christum
3076 2123 3368 2180 hominem
3400 2124 3600 2181 divina
3620 2142 3736 2197 prae

2084 2210 2308 2267 caeteris
2357 2211 2547 2282 gratia
2597 2216 2942 2268 exornatum
2985 2212 3224 2278 diceret,
3274 2230 3305 2269 e
3354 2214 3733 2271 sacerdotum

2086 2305 2236 2357 coetu
2270 2305 2615 2373 segregatus
2649 2302 2856 2358 merito
2879 2305 2987 2358 est.
3018 2303 3165 2367 Quia
3189 2319 3323 2359 vero
3355 2304 3735 2361 ecclesiastici

2087 2409 2150 2448 se
2182 2392 2233 2447 ei
2261 2397 2677 2463 opposuerunt,
2712 2392 3020 2448 Aureliano
3053 2398 3194 2450 tunc
3224 2395 3508 2467 temporis
3547 2395 3737 2467 impe-

2087 2482 2238 2539 ranti
2269 2480 2523 2538 haereses
2552 2482 2679 2552 ejus
2712 2483 3133 2555 patefecerunt,
3184 2488 3739 2556 persuaseruntque,

2089 2577 2156 2628 ut
2187 2573 2258 2629 ab
2291 2573 2543 2629 Ecclesia
2574 2572 2743 2628 illum
2770 2574 3129 2629 exturbaret.
3160 2573 3435 2639 Quamvis
3465 2574 3745 2630 enimille

2087 2662 2383 2719 idolorum
2410 2663 2596 2719 cultui
2630 2663 2862 2720 deditus
2901 2668 3077 2732 esset,
3118 2681 3349 2735 mquam
3402 2670 3601 2720 tamen
3633 2664 3742 2720 exi-

2089 2753 2382 2822 stimabat,
2418 2761 2479 2809 ut
2511 2754 2611 2826 qui
2640 2754 2903 2825 ejusdem
2938 2753 3073 2809 ﬁdei
3104 2755 3475 2811 consortibus
3505 2763 3736 2812 contra-

2090 2843 2329 2912 diceret,
2363 2844 2414 2900 is
2444 2844 2516 2899 ab
2547 2860 2752 2900 eorum
2785 2846 2960 2914 coetu,
3000 2845 3301 2901 communi
3333 2846 3592 2902 omnium
3620 2844 3740 2902 cal-

2090 2933 2220 2989 culo
2250 2932 2670 2991 secluderetur.

2401 3059 2692 3104 THEODORI,
2728 3059 3086 3101 SCUTARIOTA‘J
3124 3060 3418 3101 SCHOLION.

2094 3152 2283 3210 Sciant
2331 3153 2553 3210 lectores
2583 3154 2683 3210 hoc
2732 3154 3084 3212 Samosatcno
3113 3154 3297 3211 Paulo
3340 3154 3599 3226 deposito,
3633 3154 3750 3211 cle-

2170 3226 2414 3282 ricorum
2451 3233 2502 3282 et
2530 3229 2926 3297 episcoporum,
2973 3243 3107 3298 quos
3136 3227 3475 3299 instituerat,
3524 3226 3748 3299 nullum

2171 3314 2284 3354 esse
2303 3314 2425 3354 cum
2452 3315 2513 3354 eo
2542 3300 2858 3369 depositum.
2889 3296 2995 3354 Sed
3014 3299 3149 3371 quia
3168 3315 3353 3356 omnes
3374 3300 3436 3354 in
3460 3296 3750 3355 sanctissi-

2168 3387 2385 3427 morum
2421 3376 2656 3443 Patrum
2683 3379 3012 3436 nostrorum,
3048 3389 3083 3428 a
3111 3372 3309 3443 quibus
3337 3373 3437 3427 ille
3468 3371 3747 3443 depositus

2171 3446 2267 3513 est,
2314 3442 2639 3499 sententiam
2664 3444 2893 3514 pedibus
2919 3446 3154 3512 iverant,
3185 3443 3385 3501 idcirco
3407 3442 3746 3514 suis’digni-

2172 3531 2375 3587 tatibus
2401 3531 2618 3601 singuli
2647 3535 2896 3590 restituti
2924 3541 3071 3590 sunt.

2419 3640 2694 3698 Haereseos
2711 3642 3069 3712 praecedentis
3099 3643 3425 3713 confutatio.

2168 3745 2384 3801 Paulus
2415 3746 2838 3804 Samosatenus
2895 3752 3053 3805 terra
3096 3754 3220 3805 erat
3267 3766 3374 3805 nec
3433 3750 3607 3821 bona,
3642 3765 3748 3807 nec

2096 3833 2326 3905 fertilis,
2347 3850 2451 3891 nec
2469 3835 2677 3891 divinae
2692 3838 2939 3894 sementi
2959 3840 3464 3906 accommoda,sed
3480 3840 3748 3897 sentibus

2096 3929 2152 3982 et
2172 3924 2408 3980 tribulis
2433 3924 2705 3981 horrida:
2731 3926 3008 3984 nimirum
3035 3929 3320 4002 dogmatis
3352 3930 3425 3986 ab
3448 3929 3749 4004 inculpata

2096 4018 2153 4071 et
2172 4013 2497 4071 orthodoxa
2528 4015 2642 4070 ﬁde
2673 4019 2875 4073 nostra
2905 4017 3295 4074 dissentaneis
3322 4018 3350 4073 Τ
3373 4022 3548 4090 atque
3578 4021 3749 4090 adeo,

2096 4109 2162 4161 ut
2198 4104 2281 4161 ita
2328 4104 2541 4174 dicam,
2601 4104 2800 4162 cloaca
2835 4107 3116 4179 quaepiam
3174 4123 3408 4164 caenum
3461 4108 3746 4179 ejectans,

2097 4197 2251 4269 quod
2286 4196 2347 4253 in
2399 4197 2492 4252 Dei
2526 4196 2734 4253 Filium
2766 4197 2856 4254 vel
2889 4198 3003 4270 ipsi
3045 4199 3263 4271 posteri
3295 4199 3746 4271 ejacularentur.

2095 4290 2176 4342 Ex
2206 4286 2313 4341 hoc
2335 4287 2493 4342 enim
2521 4303 2653 4342 cum
2684 4287 2986 4344 Nestorius
3017 4288 3325 4357 hausisset,
3360 4292 3537 4360 atque
3566 4288 3751 4345 bibis-

2097 4380 2207 4445 set,
2239 4391 2371 4431 eum
2425 4375 2650 4431 nudum
2684 4380 2741 4432 et
2772 4375 3100 4449 simplicem
3135 4377 3431 4434 hominem
3461 4394 3614 4447 esse,
3647 4378 3748 4450 qui

2096 4482 2294 4522 revera
2325 4466 2475 4521 Deus
2503 4470 2645 4537 erat,
2688 4467 2965 4538 asseruit,
2999 4470 3064 4523 ut
3113 4466 3488 4541 eXplanatius
3544 4468 3604 4524 in
3635 4468 3750 4525 Ne-

2097 4555 2358 4612 storiana
2388 4557 2654 4612 dicemus
2715 4557 2977 4615 historia.
3010 4558 3221 4615 Paulus
3250 4559 3445 4631 itaque
3493 4557 3747 4616 Sabellio

338 4649 573 4719 quidem
602 4652 859 4719 Patrem,
901 4649 960 4702 at
990 4661 1108 4702 non
1164 4648 1232 4699 ut
1275 4645 1528 4712 Patrem,
1590 4642 1693 4698 sed
1752 4643 1817 4697 ut
1861 4639 1991 4696 Filii
2023 4637 2067 4703 D
2102 4649 2159 4702 et
2188 4644 2367 4702 Nocto
2424 4645 2675 4719 Ephesio
2724 4652 3118 4704 consentanea
3164 4649 3488 4721 professus,
3538 4647 3745 4705 inanes

340 4755 592 4810 persona
616 4738 934 4793 indutum:
968 4733 1187 4791 Paulus
1224 4732 1473 4804 denique
1505 4748 1622 4789 non
1656 4746 1895 4804 prorsus
1928 4732 1993 4785 ut

337 4827 594 4897 Patrem,
627 4828 727 4885 sed
760 4831 824 4883 ut
854 4824 1087 4882 Filium.

408 4921 599 4992 Atque
630 4918 751 4974 haec
773 4923 927 4986 sunt,
964 4916 1021 4971 in
1057 4913 1272 4985 quibus
1294 4912 1391 4971 hic
1419 4911 1508 4970 vel
1534 4927 1667 4969 cum
1696 4909 1990 4984 praedictis

335 5008 744 5066 haeresiarchis
802 5005 1140 5071 concordat,
1170 5003 1260 5060 vel
1306 5003 1378 5059 ab
1430 5002 1636 5059 iisdem
1694 5001 1986 5057 dissentit.

334 5101 547 5171 Aperte
587 5112 719 5154 vero
762 5111 901 5153 cum
945 5097 1261 5150 Artemona
1291 5096 1347 5149 et
1392 5091 1693 5148 Theodoro
1743 5089 1989 5147 coriario

339 5187 653 5259 consentit,
713 5184 814 5259 qui
842 5185 1160 5241 Dominum
1193 5182 1396 5239 Jesum
1427 5181 1728 5238 Christum
1760 5181 1985 5237 nudum

337 5282 396 5335 et
425 5278 756 5352 simplicem
785 5274 1083 5331 hominem
1118 5272 1425 5346 perspicue
1458 5272 1720 5329 tradunt.

404 5373 545 5435 Quae
565 5386 696 5426 cum
734 5368 816 5423 ita
845 5382 908 5423 se
928 5364 1144 5422 habere
1165 5362 1556 5420 Ecclesiarum
1584 5361 1987 5418 moderatores

334 5463 703 5533 compertum
718 5458 1201 5532 exploratumque
1214 5452 1986 5525 haberent,haudquaquam

404 5605 450 5644 ⁷⁸
472 5604 619 5663 Gen.
655 5620 696 5676 ι,
715 5604 806 5660 26.

406 5749 516 5823 (53)
544 5747 881 5808 Theodotus
912 5747 1017 5820 qui
1042 5751 1101 5808 et
1128 5745 1416 5835 Georgius
1443 5744 1748 5804 miriﬁcus.

2101 4752 2233 4793 cum
2266 4734 2384 4791 illis
2441 4752 2611 4793 voces
2659 4740 2917 4793 eructat:
2976 4738 3340 4808 Patremque,
3395 4736 3628 4801 Filium,
3689 4742 3748 4794 et

2096 4828 2377 4900 Spiritum
2433 4831 2727 4894 sanctum,
2760 4827 2819 4883 in
2853 4844 3030 4883 unam
3066 4829 3455 4900 eamdemque
3485 4831 3747 4885 coarctat

2097 4916 2464 4991 hypostasin,
2513 4917 3004 4989 praedivinamque
3037 4920 3307 4973 naturam
3349 4916 3590 4973 animali
3623 4917 3748 4974 cui-

2098 5007 2256 5080 piam
2290 5006 2593 5063 trinomini
2626 5006 2877 5062 similem
2913 5006 3114 5073 tradit,
3147 5023 3279 5062 cum
3315 5013 3509 5063 tamen
3552 5007 3750 5063 multis

2096 5114 2127 5155 e
2156 5097 2465 5170 Scriptura;
2497 5096 2642 5153 locis
2674 5112 2800 5153 eam
2825 5095 3042 5168 triplici
3073 5097 3375 5154 deﬁnitam
3403 5097 3746 5171 hypostasin

2095 5187 2419 5255 didicisset,
2449 5190 2622 5259 atque
2680 5203 2749 5243 ex
2811 5185 3002 5242 Veteri
3058 5188 3292 5259 quidem
3350 5189 3745 5258 Testamento,

2095 5278 2192 5333 ubi
2216 5277 2295 5333 ait
2329 5295 2343 5333 :
2375 5278 2670 5334 Faciamus
2719 5278 2997 5335 hominem
3023 5278 3093 5334 ad
3122 5280 3423 5349 imaginem
3453 5283 3505 5335 et
3531 5279 3745 5334 simili-

2095 5367 2337 5425 tudinem
2396 5372 2643 5424 nostram
2703 5366 2797 5424 73:
2847 5385 2972 5440 quae
3022 5368 3208 5425 Patris
3258 5369 3436 5425 verba
3483 5370 3624 5425 sunt
3670 5369 3742 5424 ad

2094 5474 2214 5526 eos,
2247 5457 2349 5530 qui
2380 5475 2489 5515 sua
2518 5476 2548 5515 e
2605 5458 2936 5515 substantia
2966 5463 3396 5531 processerant,
3439 5457 3536 5531 qui
3567 5458 3742 5516 etiam
