4054 6430
334 332 484 394 1317

1666 333 2064 398 THESAURI
2111 337 2260 398 LIB.
2305 338 2414 400 Ιν.

3591 342 3751 403 1318

325 466 555 543 ἀγαθήνο
592 460 688 519 δύο
721 465 824 541 γὰρ
859 461 1187 538 ὑποθέμενος
1215 461 1549 540 ἆγεννήτου;
1608 465 1696 519 καὶ
1747 462 1979 536 ἀῖδίους,

2096 470 2247 541 cipia
2279 472 2414 543 duo,
2449 473 2668 529 bonum
2705 475 2762 529 et
2811 473 3031 530 malum
3071 473 3498 529 introducebat.
3531 472 3745 529 Positis

325 551 459 612 Θεόν
490 576 548 611 τε
579 556 671 610 καὶ
703 553 870 626 ὓλην,
899 554 993 610 τὸν
1030 555 1124 629 μὶν
1159 554 1289 610 Θεὸν
1341 554 1784 630 προσηγόρευσεν
1836 558 1974 635 φῶς,

321 647 422 715 τήν
459 641 515 700 δὲ
544 643 681 715 ὕλην
715 644 929 701 σκότος’
956 646 1041 700 καὶ
1076 646 1137 699 τὸ
1202 645 1296 718 μὲν
1349 649 1485 720 φῶς,
1533 643 1758 719 ἀγαθόν·
1808 647 1871 699 τὸ
1922 641 1979 699 δὲ

327 733 543 801 σκότος,
575 733 760 789 κακόν.
793 734 904 803 Τὴν
936 730 1177 787 Παλαιὰν
1222 733 1496 802 Διαθήκην
1547 727 1977 806 ἐϐλασῳήμησε,

326 819 419 875 καὶ
458 820 550 875 τὸν
600 819 655 876 ἐν
715 820 853 895 αὐτῇ
904 818 1244 891 λαλγςσαντα,
1290 819 1379 877 καὶ
1428 821 1627 884 πάντας
1672 819 1799 883 τοὺς
1843 840 1978 895 προ-

328 914 526 992 φήταςο
561 912 711 986 ἡλίῳ
741 913 832 969 καὶ
868 913 1097 989 σελήνῃ,
1128 915 1219 969 καὶ
1272 913 1495 990 ἄστροις
1548 918 1691 978 θεοῖς
1740 934 1983 990 προσκυ-

327 1007 439 1057 νεῖν
498 1001 777 1079 ἐπέτρεψε·
858 1004 1373 1077 μετενσωματώσεις
1445 1007 1642 1078 ψυχῶν
1710 1000 1977 1058 ἐδίδασκν

332 1093 534 1166 σαρκὸς
600 1094 886 1150 ἀνάστασιν
951 1095 1246 1168 ἠρνήσατο·
1323 1093 1548 1169 βοτάνας
1613 1092 1704 1148 καὶ
1790 1090 1983 1166 δένδρα

330 1182 422 1236 καὶ
453 1180 601 1257 ὕδωρ
631 1182 722 1238 καὶ
765 1184 833 1238 τὰ
873 1183 1042 1239 λοιπᾶ
1094 1184 1269 1239 πάντα
1319 1179 1544 1258 ἔμψυχα
1588 1184 1725 1237 εἶναι
1766 1183 1980 1260 ἀπεφή-

329 1289 479 1331 νατο’
513 1272 603 1327 καὶ
632 1270 789 1346 ἕτερα
832 1274 1000 1347 μυρία
1045 1277 1269 1327 τοιαῦτα
1316 1273 1717 1347 παρελήρησεν.
1778 1270 1980 1327 Τελευσ

325 1367 483 1419 ταῖον
541 1358 598 1416 δὲ
653 1362 748 1416 τὸν
814 1362 1016 1436 τρόπον
1083 1365 1276 1417 τοῦτον
1346 1362 1615 1433 πνεύματι
1677 1361 1987 1435 κεπφωθεὶς

329 1452 589 1520 οἰήσεως,
632 1451 722 1506 καὶ
760 1456 878 1513 τοῖς
932 1451 1097 1507 αὐτὸν
1160 1450 1348 1525 ἄγουσι
1411 1448 1635 1524 δαίμοσι
1687 1449 1982 1525 θαρρήσας,

321 1542 419 1597 τὸν
451 1541 568 1595 υἱὸν
600 1544 697 1595 τοῦ
731 1535 1007 1614 βασιλέως
1035 1544 1256 1613 Ηερσῶν
1306 1540 1627 1603 ἀσθενοῦντα
1674 1538 1985 1611 θεραπεύειν

324 1628 723 1706 ἑπηγγείλατο’
766 1628 856 1683 καὶ
900 1626 967 1698 δὴ
1036 1622 1381 1704 προσήνεγκε
1415 1648 1537 1683 τινα
1593 1626 1772 1699 τούτῳ
1828 1628 1985 1700 θερα-

324 1720 559 1778 πευτικᾶ
606 1718 887 1797 φάρμακαο
943 1717 1137 1773 αὐτίκα
1197 1716 1254 1773 δὲ
1302 1719 1365 1772 τὸ
1426 1718 1706 1794 μειράκιον
1765 1715 1817 1771 ἐν
1867 1720 1986 1779 ταῖς

329 1811 501 1866 αὐτοῦ
560 1808 720 1888 χερσὶ
762 1805 1108 1886 διεφώνησεν.
1169 1807 1470 1882 Ὀργισθεὶς
1521 1807 1611 1861 οὗν
1646 1808 1674 1861 ὁ
1709 1804 1988 1882 βασιλεὺς,

329 1902 412 1963 εἷς
443 1900 690 1981 φυλακὴν
744 1904 939 1955 τοῦτον
993 1896 1327 1954 κατὲκλεισε⁶
1389 1897 1477 1953 καὶ
1534 1897 1658 1952 τότε
1714 1899 1809 1970 μὲν
1847 1899 1987 1973 χρή-

336 2014 484 2068 ματα
557 1991 789 2047 πλεῖστα
862 1995 978 2053 τοῖς
1057 1989 1254 2069 φύλαξι
1323 1988 1645 2063 παρασχὼν,
1713 1987 1984 2065 ἐξέφυγεν.

326 2083 587 2155 ’Ύστερον
623 2077 681 2134 δὲ
730 2077 1107 2155 κατασχεθεὶς,
1150 2075 1371 2152 ἐξεδάρη
1423 2074 1720 2149 καλάμοις·
1784 2074 1875 2129 καὶ
1924 2075 1986 2129 τὸ

330 2168 514 2245 δέρμα
543 2169 742 2225 τούτου
793 2167 1036 2239 πλησθὲν
1094 2167 1299 2244 άχόρον
1357 2165 1688 2240 ἐφυλάττετο
1739 2163 1790 2219 ἐν
1848 2167 1989 2240 Hep-

328 2257 463 2314 σίδι·
497 2263 769 2333 τιμῶντες
803 2255 862 2312 δὲ
893 2257 1053 2313 αὐτὸν
1107 2258 1161 2312 οἱ
1207 2260 1507 2330 Μανιχαῖοι
1569 2254 1658 2309 ἐπὶ
1716 2252 1982 2327 καλάμων

324 2351 426 2411 τὰς
465 2346 608 2411 ἰδίας
640 2348 826 2409 κοίτας
854 2351 1163 2404 ποιοῦνται.

2088 561 2245 617 enim
2299 563 2527 620 duobus
2558 582 2677 621 non
2726 565 2939 636 genitis
2980 568 3035 620 et
3065 564 3315 634 aeternis,
3382 566 3491 621 Deo
3521 564 3747 619 Scilicet

2090 654 2264 722 atque
2311 654 2574 710 materia.
2635 659 2818 709 Deum
2852 654 3087 725 quidem
3149 654 3371 722 lumen,
3434 655 3741 710 materiam

2091 744 2289 795 autem
2336 742 2605 797 tenebras
2645 741 2994 814 appellabat,
3055 747 3245 814 Atque
3276 742 3471 796 lumen
3506 742 3741 812 quidem

2093 826 2332 896 bonum,
2366 831 2637 887 tenebras
2668 838 2862 887 autem
2900 832 3142 886 malum.
3181 831 3355 887 Vetus
3394 831 3743 886 Testameno

2094 925 2239 987 tum,
2270 923 2327 974 et
2354 936 2489 975 eum
2522 922 2623 993 qui
2655 921 2885 977 locutus
2927 923 2989 977 in
3025 920 3284 989 illo,cum
3318 922 3593 975 omnibus
3618 922 3743 976 suis

2091 1008 2415 1080 prephetis,
2466 1010 2845 1080 blasphemus
2886 1011 2980 1066 ille
3017 1010 3360 1066 maledictus
3396 1011 3746 1066 incessebat.

2090 1097 2305 1165 Solem,
2364 1098 2564 1155 lunam
2610 1106 2667 1156 et
2716 1105 2895 1172 astra,
2947 1104 3227 1170 tanquam
3292 1101 3453 1168 deos,
3498 1101 3746 1155 adorare

2094 1188 2395 1244 suadebat.
2438 1188 2774 1245 Animarum
2824 1207 2857 1245 a
2886 1190 3228 1260 corporibus
3262 1189 3318 1243 in
3363 1205 3606 1260 corpora
3637 1187 3752 1243 mi-

2094 1278 2389 1347 grationes
2435 1279 2699 1335 docebat.
2751 1278 2958 1333 Carnis
2991 1279 3476 1334 resurrectionem
3521 1277 3753 1333 inﬁcia-

2095 1366 2285 1421 hatur.
2339 1367 2581 1430 Herbas,
2624 1367 2881 1435 arbores,
2914 1383 3149 1438 aquam,
3199 1370 3257 1422 et
3309 1370 3515 1422 caetera
3546 1367 3752 1421 omnia

2094 1452 2310 1510 habere
2351 1455 2741 1510 contendebat
2773 1472 2786 1511 :
2821 1460 2996 1526 atque
3044 1456 3355 1511 innumera
3407 1453 3747 1524 hujusmodi

2095 1542 2212 1599 alia
2236 1543 2617 1599 deliramenta
2647 1546 3025 1615 proponebat.
3069 1545 3330 1601 Tandem
3363 1549 3556 1599 autem
3588 1560 3748 1599 arro-

2099 1630 2305 1702 gantiae
2336 1632 2544 1704 spiritu
2594 1632 2798 1699 elatus,
2833 1634 3162 1689 daamonum
3208 1651 3241 1689 a
3272 1634 3486 1704 quibus
3531 1632 3749 1688 subve-

2099 1720 2368 1789 hebatur,
2403 1721 2616 1778 auxilio
2671 1723 2876 1790 fretus,
2926 1740 2988 1779 se
3021 1728 3328 1779 Persarum
3377 1723 3530 1794 regis
3562 1721 3748 1776 filium

2102 1812 2306 1866 morbo
2355 1809 2740 1880 laborantem,
2767 1812 3030 1883 pristinae
3060 1812 3297 1869 sanitati
3342 1813 3750 1868 restituturum

2102 1899 2396 1972 pollicitus
2444 1903 2580 1956 est:
2614 1902 2785 1973 eique
2829 1902 2971 1959 adeo
3017 1919 3150 1959 cum
3208 1903 3521 1975 pharmace.
3552 1901 3753 1956 morbo

2101 1994 2357 2049 curando
2389 1994 2768 2050 accommoda
2784 1992 3592 2065 applicuisset,excontinenti
3612 2008 3757 2063 puer

2095 2081 2156 2137 in
2187 2082 2461 2137 manibus
2488 2083 2615 2152 ejus
2636 2082 2937 2153 expiravit.
2963 2083 3239 2147 Quocirca
3271 2084 3472 2140 rexira
3496 2082 3753 2155 percitus

2096 2169 2154 2223 in
2179 2185 2439 2225 carceres
2462 2169 2627 2223 illum
2650 2170 2897 2241 conjecit
2922 2187 2934 2224 :
2961 2172 3110 2226 unde
3133 2173 3480 2230 custodibus
3502 2176 3751 2246 pecunia

2095 2252 2387 2323 corruptis
2448 2250 2692 2323 aufugit.
2733 2253 2815 2307 Ad
2868 2257 3189 2309 extremum
3245 2260 3436 2312 autem
3486 2274 3751 2330 compre-

2093 2341 2337 2407 hensus,
2389 2344 2447 2396 et
2493 2340 2879 2397 arundinibus
2939 2344 3262 2400 excoriatus
3309 2350 3399 2402 est
3446 2365 3459 2403 :
3513 2349 3754 2421 ejusque

325 2439 498 2512 pellis
546 2439 729 2511 paleis
783 2437 1161 2494 sulfarcinata
1213 2438 1273 2494 in
1324 2437 1561 2493 Perside
1618 2436 1973 2491 servabatur.
2008 2435 2287 2487 Caeterum
2344 2428 2404 2484 in
2435 2428 2561 2500 ejus
2610 2428 2890 2486 honorem
2924 2430 3223 2489 Manichaai
3278 2451 3454 2507 super
3512 2438 3756 2493 arundi-

327 2529 503 2585 nibus
528 2528 705 2586 lectos
736 2544 874 2584 suos
907 2528 1263 2583 insternunt.

970 2644 1330 2721 Ἀντίῤῥησις.

406 2768 521 2836 Τὴν
554 2765 932 2834 ἂποστολικήν
965 2764 1124 2837 ῥῆσιν
1153 2764 1253 2832 τήν
1308 2763 1565 2837 λέγουσαν
1618 2762 1671 2816 ἐν
1720 2760 1986 2834 ὁμοιώσει

333 2857 632 2930 ἀνθρώπου
661 2862 890 2932 φανῆναι
922 2854 1011 2908 τὸν
1042 2853 1271 2929 Κύριον,
1320 2853 1412 2908 καί
1466 2854 1715 2928 σχήματι
1760 2850 1987 2927 εὑρνθῆη

327 2966 415 3000 ναι
447 2945 521 3006 ὡς
556 2944 858 3019 ἄνθρωπον,
907 2944 958 2997 οἱ
1015 2944 1321 3016 Μανιχαῖοι
1368 2946 1549 3004 κακῶς
1602 2935 1988 3013 ἐκλαϐόμενοι,

332 3036 541 3109 αἳρεσιν
593 3034 806 3095 ἑαυτοῖς
870 3034 1265 3103 συνεστήσαντο
1310 3032 1628 3107 φάσκοντες,
1680 3031 1817 3085 κατὰ
1860 3049 1987 3107 φαν-

2418 2644 2697 2696 Ilaereseos
2733 2643 3101 2711 praecedentis
3130 2646 3455 2715 confutatio.

2169 2756 2562 2829 Apostolicam
2601 2774 2820 2828 vocem,
2881 2775 2993 2832 quo
3048 2761 3325 2818 Dominus
3357 2766 3415 2818 in
3465 2763 3752 2820 hominum

2095 2845 2524 2903 similitudinem
2569 2849 2769 2917 factus,
2805 2852 2858 2904 ει
2902 2850 3098 2905 hahim
3128 2851 3384 2909 inventus
3430 2862 3493 2908 ut
3518 2854 3675 2910 homo
3706 2852 3753 2889 9'

2096 2936 2280 2992 fuisse
2330 2935 2563 3005 dicitur,
2622 2938 2928 2994 Manichrei
2969 2939 3121 2996 male
3160 2941 3598 3014 detorquentes,
3640 2942 3753 2998 hie-

2100 3026 2255 3081 resin
2288 3042 2455 3082 suam
2504 3026 2953 3095 constituerunt,
3011 3028 3254 3101 solaque
3286 3030 3616 3101 phantasia,
3649 3048 3751 3089 seu

325 3125 516 3180 τασίαν
567 3124 738 3197 μόνην
818 3123 1049 3200 ὀφθῆναι
1123 3122 1215 3181 καὶ
1290 3124 1478 3177 παθεῖν
1554 3122 1646 3177 τὸν
1720 3119 1979 3196 Χριστόν.

2098 3114 2496 3185 simulatione,
2539 3116 2837 3171 Christum
2869 3119 3233 3190 apparuisse,
3265 3123 3321 3175 et
3351 3136 3590 3193 passum
3623 3137 3755 3177 esse

327 3216 528 3287 Ἱιμεῖς
563 3211 619 3267 δὲ
650 3215 675 3268 ὁ
707 3219 807 3283 τῆς
838 3213 1055 3293 φυτείας
1105 3216 1343 3287 Χριστοῦ
1383 3210 1546 3279 λεὼς,
1579 3210 1640 3266 τὸ
1688 3210 1738 3264 ἐν
1775 3210 1988 3282 ὁμοιώ-

338 3326 467 3378 ματι
528 3303 818 3377 ἀνθρώπου
876 3302 1119 3377 γενέσθαι
1193 3303 1284 3357 καὶ
1361 3303 1611 3380 σχήματι
1679 3300 1986 3374 εὑρεθῆναι,

326 3394 477 3449 οὕτω
517 3387 790 3453 θεοσεϐῶς
852 3396 993 3445 νοεῖν
1060 3387 1453 3469 ἐδιδάχθημεν,
1513 3391 1604 3445 καὶ
1660 3388 1986 3461 πιστεύομεν

328 3483 415 3539 ὅτι
456 3484 556 3553 τὴν
607 3482 880 3556 ἡμετέραν
922 3483 1079 3559 φύσιν
1135 3477 1468 3555 προσλαϐὼν
1521 3481 1609 3535 καὶ
1669 3482 1787 3542 ἴσος
1847 3481 1983 3551 ἡμῖν

329 3569 489 3648 ὤφθη
523 3571 613 3627 καὶ
646 3573 841 3645 ὅμοιος
876 3572 949 3633 ὡς
985 3572 1198 3649 μορφὴν
1233 3568 1435 3625 δούλου
1468 3565 1673 3641 λαϐών,
1706 3571 1833 3640 ἢτοι
1883 3568 1987 3646 φύ-

332 3685 415 3718 σιν
448 3663 737 3736 ἀνθρώπου
781 3659 1087 3734 δεξάμενος,
1149 3661 1210 3716 οὐ
1260 3660 1396 3715 κατὰ
1443 3658 1792 3734 ἀνθρωπίνην
1845 3658 1983 3713 ἀκο-

335 3751 565 3808 λουθίαν
596 3749 743 3807 ἀλλὰ
774 3747 903 3827 δίχα
936 3750 1264 3825 σπέρματος.
1293 3749 1362 3804 Τὸ
1401 3750 1492 3823 μὲν
1539 3750 1642 3824 γάρ
1689 3747 1748 3803 ὲκ
1793 3768 1985 3823 γυναι-

330 3843 423 3905 κὲς
494 3841 805 3916 προελθεῖν,
874 3840 1212 3914 ἀνθρώπινον
1279 3839 1367 3894 καὶ
1430 3840 1579 3911 αὐτῷ
1627 3841 1708 3910 τῷ
1766 3838 1985 3913 Χριστῷ

320 3930 491 3987 ἴδιονο
524 3931 586 3986 τὸ
621 3928 677 3985 δὲ
704 3929 763 3985 ἐκ
819 3933 1109 4005 παρθένου,
1163 3929 1294 4005 ὑπὲρ
1337 3928 1618 4003 ἄνθρωπον
1667 3927 1758 3982 καὶ
1814 3926 1984 4001 μόνου

322 4025 589 4098 Χριστοῦ.
632 4022 697 4078 Εἰ
736 4019 836 4097 γὰρ
878 4021 966 4076 καὶ
1005 4022 1067 4076 τὸ
1108 4019 1447 4095 ἀνθρώπινον
1492 4014 1638 4080 εἶδος
1692 4019 1833 4094 εἶχε,
1894 4015 1983 4072 καὶ

322 4111 552 4184 ἀληθῶς
610 4111 745 4166 αὐτὸ
799 4111 1128 4185 περιέκειτο,
1189 4108 1316 4165 ἀλλ’
1357 4110 1446 4164 οὖν
1488 4107 1655 4163 πλέον
1698 4109 1848 4186 εἶχεν
1891 4106 1982 4161 ἀν-

325 4203 576 4276 θρώπου,
610 4201 672 4255 τὸ
708 4203 783 4274 μὴ
836 4198 996 4274 ψιλὸν
1053 4197 1215 4255 αὺτὸν
1276 4199 1413 4253 εἶναι
1478 4197 1793 4274 ἄνθρωπον,
1853 4195 1980 4251 ἀλλ’

317 4288 607 4363 ἡνωμένον
643 4290 883 4360 θεότητι·
928 4288 1017 4343 καὶ
1057 4286 1247 4349 ἃλλως
1288 4284 1345 4341 δὲ
1384 4285 1553 4341 εἶπεῖν
1607 4286 1671 4341 τὸ
1712 4285 1979 4359 ὁμοίωμα

313 4381 505 4435 καὶτὸ
540 4381 754 4457 σχῆμα,
795 4378 884 4434 καὶ
947 4378 1009 4434 τὸ
1069 4372 1385 4453 ἀμφίϐολον
1439 4379 1537 4431 τοῦ
1596 4374 1973 4450 ἐπιρῥήματος

2095 3204 2383 3261 dixerunt.
2433 3204 2549 3260 Nos
2601 3212 2819 3275 autem,
2861 3207 2959 3278 qui
3003 3207 3251 3279 populus
3300 3226 3524 3277 sumus,
3576 3227 3751 3281 quem

2094 3297 2357 3353 Christus
2404 3295 2712 3367 plantavit,
2747 3297 2939 3369 ipsum
2974 3298 3035 3352 in
3068 3299 3453 3357 similitudine
3494 3301 3752 3357 hominis

2096 3388 2358 3454 fuisse,et
2388 3388 2589 3444 habitu
2624 3389 2919 3444 inventum
2952 3390 3061 3446 hoc
3088 3407 3262 3448 sensu
3295 3393 3387 3463 pie
3428 3392 3751 3466 intelligere

2092 3476 2430 3547 didicimus,
2461 3481 2525 3532 ut
2556 3483 2613 3534 et
2656 3478 2973 3546 credimus,
3009 3497 3138 3536 eum
3174 3481 3414 3554 scilicet,
3447 3491 3752 3554 assumpta

2095 3570 2305 3622 natura
2322 3567 2720 3633 nostra,nobis
2737 3569 3018 3640 aequalem
3041 3573 3096 3626 et
3111 3570 3364 3628 similem
3383 3573 3751 3645 apparuisse,

2092 3660 2158 3711 ut
2183 3656 2278 3728 qui
2309 3656 2461 3711 servi
2497 3657 2744 3713 formam
2774 3660 3115 3732 accepisset,
3147 3678 3248 3716 seu
3282 3660 3543 3719 hominis
3574 3666 3749 3719 natu-

2091 3765 2216 3804 ram
2258 3749 2703 3821 assumpsissct,
2729 3766 2835 3806 nec
2865 3767 2991 3807 eam
3045 3753 3285 3824 quidem
3318 3754 3578 3811 humana
3607 3772 3748 3812 con-

2092 3838 2331 3907 ditione,
2362 3840 2463 3895 sed
2496 3840 2717 3911 absque
2751 3841 2994 3898 semine.
3028 3843 3190 3908 Quod
3213 3845 3368 3901 enim
3400 3863 3467 3902 ex
3502 3846 3751 3906 muliere

2092 3928 2799 4000 processerit,humanum
2813 3932 2889 3999 ,id
2914 3932 3148 4005 ipsique
3178 3934 3414 3991 Christo
3446 3938 3746 4008 proprium

2093 4018 2220 4073 fuit.
2254 4019 2414 4084 Quod
2449 4034 2582 4076 vero
2616 4034 2686 4074 ex
2732 4021 2980 4093 virgine,
3015 4022 3072 4077 id
3108 4021 3367 4080 humana
3411 4026 3749 4083 conditione

2091 4108 2488 4181 praestantius,
2531 4112 2704 4181 atpue
2727 4110 3025 4181 prepricm
3054 4112 3267 4169 Christi
3297 4113 3480 4171 solius
3506 4116 3748 4172 exstitit.

2089 4198 2212 4253 Etsi
2245 4199 2402 4254 enim
2453 4199 2716 4256 humana
2748 4200 2935 4257 forma
2965 4218 3098 4259 vere
3146 4203 3427 4275 praeditus
3457 4210 3603 4273 erat,
3637 4206 3748 4263 hoc

2088 4291 2282 4343 tamen
2336 4289 2636 4344 hominem
2688 4292 3022 4363 superabat,
3085 4295 3241 4364 quod
3274 4294 3446 4352 homo
3495 4296 3747 4369 simplex

2088 4380 2354 4434 nudusve
2385 4395 2497 4434 non
2525 4383 2702 4448 esset,
2750 4383 2808 4435 at
2833 4380 3124 4438 divinitati
3172 4385 3541 4455 conjunctus.
3599 4386 3754 4441 Alio-

313 4490 399 4541 το,
435 4471 524 4530 Ὠς
568 4470 869 4543 ἂνθρωπος,
913 4466 1163 4523 δοκοῦσιν
1207 4469 1326 4522 οἷον
1350 4471 1430 4539 τῷ
1471 4472 1571 4535 τῆς
1622 4464 1968 4541 ἐνανθρωπή-

2091 4468 2202 4539 qui,
2236 4470 2301 4522 ut
2326 4466 2408 4522 ita
2447 4468 2662 4536 dicam,
2722 4468 3073 4538 similitudo,
3124 4476 3180 4528 et
3230 4472 3487 4545 habitus,
3521 4477 3579 4530 et
3631 4475 3740 4531 ad-

315 4579 453 4622 σεως
489 4556 641 4632 λόγῳ
681 4556 1061 4632 λυμαίνεσθαι.
1108 4557 1261 4628 Πλὴν
1302 4556 1407 4633 οὐχ
1453 4556 1645 4628 ὅμοιος
1692 4553 1966 4629 ἀνθρώπῳ

312 4652 340 4705 ὁ
373 4652 579 4726 Κύριος
608 4644 842 4726 γέγονεν,
904 4647 1031 4705 ἀλλ’
1090 4646 1372 4723 ἄνθρωπος
1420 4644 1632 4708 τὲλειος
1692 4643 1802 4700 οὐδ’
1856 4643 1968 4698 ὥσ-

311 4744 412 4817 περ
449 4738 501 4794 ἐν
553 4742 727 4813 σκηνῇ
795 4736 1289 4815 δραματουργήσας
1354 4736 1417 4791 τὸ
1483 4739 1662 4808 σῶμα,
1721 4733 1812 4790 καὶ
1869 4734 1967 4803 τήν

311 4829 627 4903 οἰκονομίαν
665 4831 995 4905 ὑποκριθεὶς,
1029 4823 1435 4905 ὑποϐολιμαῖον
1482 4832 1828 4902 προσωπεῖον
1876 4830 1968 4884 τὸν

310 4917 604 4995 ἄνθρωπον
662 4917 853 4991 ἔξωθεν
902 4914 1282 4995 περιεϐάλετο,
1330 4918 1448 4984 0’30’
1503 4918 1685 4993 ὥσπερ
1734 4919 1790 4973 αἱ
1830 4920 1967 4974 κατᾶ

308 5013 415 5064 τῶν
456 5008 667 5089 τοίχων
698 5008 786 5065 διὰ
818 5008 1131 5086 χρωμάτων
1172 5010 1339 5080 σκιαὶ,
1408 5014 1605 5084 σχῆμα
1661 5009 1827 5082 μόνον
1876 5007 1965 5063 καὶ

309 5099 374 5154 οὗ
404 5101 507 5170 τὴν
540 5104 637 5155 τοῦ
670 5097 959 5173 ἀνθρώπου
992 5098 1151 5178 φύσιν
1184 5097 1575 5177 προσείληφεν,
1616 5097 1690 5160 ὡς
1741 5099 1818 5170 μὴ
1867 5118 1965 5152 κυ-

314 5188 444 5263 ρίως
477 5190 608 5246 εἶναι
656 5189 959 5261 ἄνθρωπος,
1020 5187 1150 5245 ἀλλ’
1200 5189 1273 5251 ὡς
1332 5186 1621 5264 ἅνθρωπος
1666 5187 1961 5265 φαίνεσθαι.

309 5276 495 5331 Ταῦτα
533 5277 633 5354 γὰρ
673 5279 708 5347 ἡ
744 5275 1070 5338 ἐπιπόλαιος
1100 5280 1197 5331 τοῦ
1231 5273 1608 5332 ἀποτσολικοῦ
1640 5273 1809 5349 λόγου
1845 5272 1967 5329 ἔπι-

308 5358 452 5435 ϐολὴ
487 5363 740 5441 ἐμφαίνει
777 5372 894 5432 τοῖς
959 5367 1035 5441 μὴ
1096 5365 1173 5429 εἷς
1234 5367 1297 5422 τὸ
1360 5365 1525 5443 βάθος
1581 5364 1962 5441 ἐγκύπτουσιν.

306 5450 463 5510 Ἀλλ’
515 5457 785 5525 οὐσιώσας
823 5456 875 5515 ἐν
956 5457 1131 5533 ἑαυτῷ
1196 5457 1298 5527 τήν
1364 5455 1714 5532 ἀνθρωπίνην
1782 5453 1961 5534 φύσιν,

377 5663 425 5704 οι
456 5667 605 5726 Phil.
637 5669 702 5741 ri,
740 5672 802 5733 7.

2078 4557 2285 4628 verbii,
2317 4562 2380 4614 ut
2411 4559 2607 4627 homo,
2654 4560 3034 4633 ambiguitas,
3070 4563 3493 4622 incarnationis
3524 4566 3742 4622 rationi

2079 4645 2236 4702 velut
2286 4647 2520 4704 ofﬁcere
2558 4648 2850 4707 videntur.
2883 4651 3166 4708 Caeterum
3217 4652 3500 4709 Dominus
3550 4653 3739 4709 haud-

2080 4752 2377 4809 quaquam
2407 4737 2621 4793 similis
2652 4739 2901 4807 bomini,
2935 4741 3034 4795 sed
3066 4741 3355 4811 perfectus
3384 4742 3553 4798 homo
3586 4743 3731 4800 fuit:

2078 4841 2183 4881 nec
2214 4829 2495 4897 tanquam
2520 4826 2578 4881 in
2612 4827 2918 4899 proscenio
2943 4827 3195 4884 fabulam
3226 4833 3486 4900 acturus,
3518 4847 3733 4903 corpus

2077 4918 2134 4971 et
2164 4915 2659 4987 dispensationem
2694 4916 3425 4988 conﬁngens,subdititiam
3447 4920 3729 4993 hominis,

2078 5020 2390 5078 personam
2442 5005 2696 5061 exterius
2742 5007 3079 5076 assumpsit,
3138 5024 3242 5064 nec
3292 5012 3575 5081 tanquam
3610 5027 3731 5068 um.

2076 5097 2213 5164 bra},
2275 5113 2401 5169 quae
2455 5097 2713 5153 colorum
2773 5097 3133 5155 adminiculo
3178 5099 3499 5171 parietibus
3527 5103 3733 5174 appin-

2076 5189 2312 5259 guntur,
2364 5185 2626 5241 habitum
2661 5186 2875 5253 solum,
2922 5204 3026 5244 nec
3081 5190 3220 5246 item
3274 5190 3529 5248 hominis
3559 5197 3730 5250 natu-

2076 5292 2200 5332 ram
2255 5275 2594 5347 assumpsit,
2637 5276 2722 5331 ita
2779 5281 2843 5332 ut
2876 5294 2990 5333 non
3043 5281 3276 5353 proprie
3326 5281 3497 5338 homo
3530 5281 3727 5351 fuerit,

2076 5365 2177 5421 sed
2210 5369 2274 5420 ut
2304 5365 2478 5421 homo
2512 5365 2863 5437 apparuerit.
2887 5367 3039 5440 (Haec
3068 5371 3222 5425 enim
3258 5371 3521 5442 Apostoli
3552 5372 3730 5428 verba

2074 5453 2135 5511 in
2168 5453 2474 5528 superﬁcie
2501 5470 2617 5527 prae
2658 5472 2722 5513 se
2755 5456 2966 5531 ferunt,
2999 5459 3050 5516 si
3100 5460 3198 5531 qui
3225 5460 3578 5533 profundius
3608 5477 3726 5518 non
