4054 6400
336 375 494 435 1319

1657 371 1970 435 ΝΙΕΕΤᾸΞ
2011 369 2442 437 ΟΗΟΝΙΑΤΛΕ

3618 379 3796 442 1320

333 507 816 582 perscrutentur.)
845 509 964 565 [mo
997 522 1130 564 vero
1163 510 1372 564 natura
1418 505 1678 563 hominis
1711 507 1781 563 ad
1815 523 1980 564 suam

2099 505 2334 582 ἐτήρησε
2398 503 2601 577 ταύτην
2667 503 2721 562 ἐν
2785 509 2856 582 τῇ
2921 507 3058 583 πρὸς
3117 507 3182 564 τὸ
3249 512 3396 573 θεῖον
3456 508 3770 583 ἀνακράσει

331 602 520 674 ipsius
557 601 952 658 substantiam
997 599 1312 673 applicata,
1367 599 1632 656 eamdem
1665 614 1799 655 cum
1831 598 1984 655 divi-

330 693 514 749 nitate
581 692 947 747 commistam
1023 691 1107 746 ita
1195 689 1571 755 conservavit,
1643 693 1710 745 ut
1792 704 1984 760 neque

333 796 468 836 cum
525 779 625 836 illa
684 779 1160 849 confunderetur,
1241 793 1428 850 neque
1499 781 1982 836 commutaretur.

332 871 791 928 Similitudinem
837 887 1004 944 porro
1051 871 1486 943 quodammodo
1540 867 1824 942 duplicem
1855 883 1984 926 esse

334 959 674 1026 didicimus,
716 958 900 1015 altera
931 958 1086 1015 enim
1135 959 1206 1015 de
1252 974 1316 1016 re
1361 958 1594 1028 dicitur,
1637 973 1763 1030 qua:
1795 960 1983 1013 muta-

335 1049 482 1106 tioni
513 1051 762 1106 obnoxia
808 1054 920 1121 est,
954 1049 1136 1106 altera
1185 1066 1316 1106 vero
1347 1049 1419 1106 de
1469 1065 1552 1121 re,
1592 1064 1720 1122 quae
1751 1063 1987 1121 semper

333 1142 536 1197 eadem
570 1144 785 1196 manet.
837 1141 1129 1213 Imagines
1160 1141 1342 1209 enim,
1375 1155 1500 1213 qua:
1547 1139 1620 1196 ab
1665 1135 1983 1210 exemplari

333 1236 766 1304 processerunt,
799 1230 850 1286 si
892 1231 1046 1288 inter
1074 1247 1135 1286 se
1183 1230 1580 1298 conferantur,
1626 1227 1853 1286 similes
1887 1243 1901 1283 :
1933 1226 1986 1284 si

333 1336 467 1376 cum
518 1319 865 1392 exemplari,
923 1319 1176 1391 aequales
1217 1335 1347 1376 esse
1395 1317 1646 1375 dicimus
1689 1319 1796 1375 :at
1849 1331 1984 1373 vero

333 1427 464 1469 cum
496 1411 812 1484 exemplari
852 1411 933 1468 ita
964 1411 1360 1478 conteruntur,
1413 1418 1474 1466 ut
1517 1426 1641 1482 quas
1674 1407 1984 1465 mutationi

331 1508 466 1557 sunt
495 1500 778 1568 obnoxiae,
806 1516 922 1571 quo
949 1499 1234 1556 nimirum
1277 1503 1334 1555 et
1361 1497 1716 1571 exemplaris
1745 1501 1804 1554 et
1832 1497 1983 1552 ima-

331 1590 486 1662 ginis
517 1591 666 1646 ratio
697 1591 928 1646 diversa
955 1595 1222 1648 servetur
1254 1607 1268 1646 :
1303 1590 1458 1647 inter
1489 1605 1552 1646 se
1579 1605 1738 1659 vero,
1766 1591 1825 1644 ut
1857 1602 1987 1660 quae

331 1679 491 1737 nullo
521 1680 872 1737 commutari
903 1681 1077 1736 modo
1104 1683 1341 1752 queant,
1381 1687 1444 1735 ut
1474 1679 1760 1736 nimirum
1792 1693 1987 1734 exem-

331 1769 516 1840 plaris
545 1786 782 1842 quoque
807 1769 1095 1840 imagines
1118 1773 1518 1840 permaneant.
1543 1769 1756 1824 Beatus
1787 1767 1984 1839 itaque

2092 595 2410 674 ἀσύγχυτόν
2485 617 2545 652 τε
2618 593 3018 654 ἀναλλοίωτον.
3097 596 3311 668 Διπλῆν
3386 597 3445 655 δέ
3496 621 3626 657 τινα
3663 604 3778 672 τήν

2095 686 2402 760 ὁμοιότητα
2432 684 2818 760 διδασκόμεθα·
2851 688 2952 757 τὴν
3003 687 3122 762 μὲν,
3172 688 3234 744 τὸ
3285 687 3780 766 παρηλλαγμένον

2094 770 2347 850 ἔχουσαν·
2391 777 2490 846 τήν
2520 773 2598 848 δὲ,
2627 777 2728 847 τήν
2777 775 3090 848 ταυτότητα
3136 777 3441 848 σώζουσαν.
3497 779 3611 842 Τάς
3665 780 3774 855 μὲν

2092 865 2194 941 γὰρ
2227 866 2333 921 ἀπὸ
2362 869 2460 922 τοῦ
2490 865 2855 942 πρωτοτνᾶπου
2903 863 3279 941 προελθούσας
3335 867 3570 933 εἰκόνας,
3623 870 3780 946 πρός

2093 975 2152 1012 τε
2182 953 2432 1028 ἂλλήκας
2464 956 2662 1030 ὁμοίας
2694 954 2832 1012 εἷναί
2873 977 3048 1034 φαμεν
3099 957 3190 1012 καὶ
3235 959 3372 1032 πρὸς
3423 965 3486 1014 τὸ
3536 965 3780 1034 πρωτό-

2095 1064 2286 1102 τυπον·
2317 1043 2467 1102 ἀλλά
2494 1046 2632 1120 πρὸς
2665 1045 2760 1118 μὲν
2808 1045 2870 1101 τὸ
2923 1046 3309 1122 πρωτότυπον,
3349 1047 3770 1125 παρηλλαγμέ-

2093 1156 2226 1206 νως,
2259 1134 2409 1198 ὅπως
2441 1131 2508 1204 δὴ
2539 1135 2629 1190 καὶ
2663 1135 2694 1190 ὁ
2724 1139 2821 1192 τοῦ
2850 1134 3166 1210 ἀρχετύπου
3226 1134 3423 1212 λόγος,
3469 1136 3565 1193 καὶ
3601 1139 3632 1193 6
3663 1145 3779 1210 τῆς

2095 1224 2306 1288 εἰκόνος
2363 1223 2588 1296 σωθείη·
2651 1223 2792 1302 πρὸς
2859 1221 2917 1282 δὲ
2970 1223 3229 1296 ἀλλήλας
3286 1225 3774 1303 ἀπαραλλάκτως,

2092 1314 2180 1370 ἳνα
2210 1311 2277 1386 δὴ
2327 1314 2418 1370 καὶ
2477 1312 2681 1377 εἰκόνες
2718 1317 2816 1369 τοῦ
2871 1313 3238 1389 πρωτοτόκου
3297 1314 3528 1388 μείνειεν.
3586 1317 3692 1375 Καὶ
3741 1319 3775 1374 ὁ

2096 1407 2240 1470 θεῖος
2271 1406 2451 1461 τοίνυν
2485 1403 2793 1468 ἂπόστολος
2825 1404 3020 1478 ὅμοιόν
3061 1405 3196 1484 φησὶ
3225 1409 3306 1479 τῷ
3348 1406 3630 1482 ἀνθρώπῳ
3659 1406 3764 1464 τόν

2096 1495 2249 1566 Θεὸν,
2298 1495 2435 1550 κατὰ
2490 1496 2552 1550 τὸ
2609 1501 2709 1565 τῆς
2751 1493 2938 1558 οὐσίας
2987 1493 3438 1571 ἀπαράλλακτον·
3479 1495 3636 1552 ἂλλᾶ
3675 1499 3776 1554 καὶ

2091 1589 2174 1658 τῷ
2204 1587 2456 1664 σχήματι
2489 1585 2652 1662 φησὶν
2686 1584 2973 1660 εὑρεθῆναι
3003 1583 3164 1640 αὐτὸν
3195 1585 3272 1649 ὡς
3320 1583 3634 1661 ἄνθρωπον.
3688 1589 3768 1645 Τὸ

2095 1671 2154 1730 δὲ
2184 1677 2377 1749 σχῆμα
2415 1671 2603 1744 διττὴν
2660 1669 2775 1751 ἔχει
2838 1675 2940 1746 τὴν
3000 1671 3222 1747 ἔννοιαν,
3283 1675 3385 1746 τὴν
3449 1675 3772 1752 ὑποκριτὴν

2097 1759 2338 1834 δηλαδὴ,
2369 1763 2461 1818 καὶ
2488 1763 2588 1832 τήν
2623 1761 2914 1833 ἀληθινήν.
2955 1763 3178 1835 ’Ὀρθιον
3234 1763 3338 1838 γάρ
3396 1762 3458 1818 τὸ
3499 1767 3602 1818 τοῦ
3664 1763 3768 1819 ἀν-

323 1859 646 1930 Apostolus
681 1861 856 1916 Deum
878 1857 1104 1916 homini
1135 1857 1388 1914 similem
1417 1858 1582 1928 dicit,
1613 1856 1834 1913 ratione
1851 1857 1980 1913 sub-

2097 1853 2324 1928 ορώπου
2356 1853 2552 1955 σχῆμά
2581 1869 2775 1928 φαμενο
2818 1855 2978 1908 τοῦτο
3011 1849 3070 1907 δὲ
3095 1850 3376 1922 ἀληθινόν.
3435 1850 3616 1910 Ἀλλὰ
3669 1853 3770 1910 καὶ

329 1949 581 2019 stantia),
616 1965 741 2020 quas
771 1948 918 2005 nulli
959 1948 1271 2006 mntationi
1320 1949 1570 2006 obnoxia
1599 1951 1709 2005 est.
1741 1947 1849 2003 Sed
1875 1947 1984 2004 ha-

329 2039 454 2095 bitu
485 2040 660 2095 etiam
692 2039 993 2094 inventum
1029 2048 1091 2095 ut
1120 2038 1420 2095 hominem
1451 2038 1636 2095 addit.
1673 2039 1846 2094 Porro
1876 2037 1985 2094 ha-

327 2128 488 2185 bitus
506 2128 719 2200 duplex
737 2127 1107 2200 intelligitur,
1133 2127 1411 2184 nimirum
1441 2127 1682 2184 fictitius
1703 2131 1764 2184 et
1789 2143 1980 2186 verus.

331 2219 575 2274 Rectum
625 2218 782 2274 enim
815 2217 1074 2274 hominis
1123 2217 1388 2274 habitum
1439 2234 1565 2274 esse
1614 2217 1891 2284 dicimus,
1925 2219 1983 2272 et

333 2307 424 2363 hic
454 2311 546 2364 est
589 2323 802 2364 verus:
835 2308 936 2364 sed
971 2307 1239 2364 habitum
1287 2307 1542 2364 Socratis
1591 2310 1692 2364 aut
1723 2305 1983 2363 Platonis

329 2397 404 2452 ab
435 2397 545 2452 hoc
575 2395 663 2452 vel
693 2395 792 2454 illo
843 2412 1066 2466 eorum,
1117 2397 1215 2470 qui
1261 2413 1541 2470 personas
1573 2396 1632 2452 in
1663 2394 1982 2469 prosceniis

329 2489 641 2560 effingunt,
691 2496 1058 2560 assumptum
1107 2504 1236 2545 esse
1274 2489 1546 2558 dicimus,
1596 2487 1981 2560 quemadmo-

325 2579 464 2634 diim
495 2578 555 2634 in
588 2577 803 2634 fabulis
835 2594 936 2634 seu
967 2578 1266 2636 comoediis
1297 2583 1355 2635 et
1383 2577 1708 2652 tragmdiis,
1733 2577 1980 2650 agendis

323 2673 497 2724 antea
529 2669 710 2724 moris
733 2673 860 2724 erat
891 2685 904 2724 :
933 2673 1106 2742 atque
1138 2668 1233 2724 hic
1257 2669 1428 2725 fictus
1457 2673 1516 2724 et
1535 2667 1718 2726 falsus
1745 2668 1980 2725 habitus

323 2761 435 2812 est.
468 2755 587 2813 Hoc
627 2759 817 2828 itaque
863 2757 991 2814 loco
1043 2757 1282 2814 habitus
1332 2757 1632 2814 veritatem
1691 2773 1980 2831 praemon-

323 2849 492 2902 strat.
529 2846 737 2902 llabitu
789 2847 944 2904 enim
1008 2847 1294 2904 Dominus
1343 2847 1615 2904 inventus
1650 2855 1732 2904 est
1776 2846 1973 2914 homo,

2093 1944 2156 1999 τὸ
2180 1949 2375 2020 σχῆμα
2393 1937 2582 1998 λαϐεῖν
2614 1943 2944 2018 Σωκράτους
2973 1939 3010 2012 ἤ
3045 1939 3340 2006 Πλάτωνος
3364 1939 3525 1998 τόνδε
3553 1943 3590 2014 ἢ
3620 1942 3774 2000 ἐκεῖ·

2094 2054 2184 2091 νον
2217 2038 2326 2089 τῶν
2358 2032 2798 2109 ὑποκρινομὲνων
2829 2029 2882 2088 ἐν
2934 2037 3054 2095 ταῖς
3101 2037 3324 2103 σκηναῖς
3369 2031 3438 2088 τὰ
3487 2031 3781 2110 πρόσωπα

2095 2124 2170 2187 ὡς
2210 2123 2263 2178 ἓν
2303 2127 2422 2188 τοῖς
2460 2120 2730 2197 δράμασιν
2797 2125 3019 2197 πρῶτον
3077 2121 3309 2202 ἐγίνετοο
3370 2127 3536 2178 τοῦτο
3593 2120 3656 2178 δὲ
3704 2125 3773 2180 τὸ

2093 2221 2289 2290 σχῆμα
2327 2211 2711 2287 πεπλασμένον
2773 2211 2884 2269 ἐστὶ
2953 2213 3042 2269 καὶ
3112 2210 3328 2288 ψευδές,
3385 2215 3657 2271 Ἐνταῦοα
3711 2211 3774 2271 δὲ

2094 2311 2290 2380 σχῆμα
2360 2305 2460 2374 τήν
2537 2301 2799 2374 ἀλήθειαν
2876 2302 3240 2360 ὑποδείκνυσι·
3317 2305 3573 2380 σχήματι
3641 2303 3758 2381 γάρ

2094 2391 2282 2470 εὑρέθη
2315 2393 2343 2448 6
2376 2390 2574 2468 Κύριος
2607 2389 2916 2468 ἅνθρωπος,
2941 2393 3217 2449 τουτέστιν
3245 2392 3384 2468 αὐτῇ
3417 2397 3487 2468 τῇ
3509 2392 3762 2450 τοιῶσδε

2093 2480 2544 2559 ἐσχηματισμὲνῃ
2581 2481 2899 2557 ἀνθρωπίνῃ
2934 2481 3110 2554 οὐσίᾳο
3140 2482 3209 2539 οὗ
3251 2483 3358 2559 γὰρ
3404 2484 3506 2552 τὴν
3561 2482 3763 2541 οὐσίαν

2095 2573 2268 2648 μόνην
2296 2575 2394 2628 τοῦ
2425 2572 2716 2648 ἀνθρώπου
2757 2571 2809 2627 ἐν
2855 2575 2925 2647 τῇ
2977 2572 3154 2645 οἰκείᾳ
3203 2573 3496 2629 ὑποστάσει
3547 2574 3763 2632 οὖσίω-

2089 2685 2166 2735 σε,
2207 2664 2306 2734 τήν
2347 2659 2405 2718 δὲ
2468 2663 2684 2739 μορφὴν
2752 2661 2878 2732 ἦτοι
2947 2661 3008 2718 τὸ
3074 2661 3128 2718 ἐν
3203 2661 3355 2736 αὐτῷ
3407 2665 3764 2739 ἀνθρώπινον

2091 2759 2287 2829 σχῆμα
2317 2749 2551 2807 ἀλλοῖον
2582 2748 2727 2828 ἔχων
2772 2751 3041 2828 προῆλθε,
3091 2751 3182 2808 καὶ
3233 2753 3343 2828 οὐχ
3389 2753 3507 2809 οἷον
3561 2757 3766 2828 ἡμεῖς,

2088 2841 2236 2900 ἀλλά
2265 2841 2356 2898 καὶ
2383 2840 2540 2914 οὐσίᾳ
2565 2841 2655 2897 καὶ
2687 2843 2938 2918 σχήματι
2970 2841 3160 2916 εὑρέθη
3194 2843 3268 2906 ὡς
3297 2841 3609 2918 ἅνθρωπος.

327 2935 432 2992 hoc
489 2941 579 2993 est
629 2935 758 3010 ipsa
806 2937 1066 2994 humana
1119 2937 1465 3006 substantia,
1497 2954 1624 3010 quae
1654 2937 1758 2993 tali
1815 2936 2020 2994 habitu
2051 2935 2352 2993 etformata
2389 2938 2554 2990 erat:
2587 2948 2694 2990 nec
2723 2934 2878 2991 enim
2928 2934 3114 2990 solam
3171 2933 3434 2992 hominis
3465 2935 3765 2995 substan—

324 3027 468 3082 tiam
527 3028 587 3082 in
665 3027 915 3100 prOpriae
1001 3028 1382 3100 hypostaseos
1457 3025 1844 3084 substantiam
1928 3024 2233 3096 convertit,
2293 3023 2480 3080 forma
2562 3027 2784 3092 autem,
2843 3039 2942 3081 seu
2995 3023 3256 3082 humano
3313 3025 3512 3082 habitu
3573 3042 3763 3098 quem

318 3119 736 3190 assumpserat,
775 3117 1030 3187 diverso,
1069 3131 1177 3173 nec
1226 3121 1432 3174 nostro
1462 3115 1710 3174 assimili
1747 3115 2026 3188 praeditus
2054 3113 2362 3189 processit,
2409 3113 2510 3170 sed
2556 3119 2614 3170 et
2643 3113 2973 3170 substantia
3003 3120 3060 3170 et
3087 3113 3295 3171 habitu
3351 3114 3634 3174 inventus
3664 3127 3768 3176 est

318 3210 384 3264 ut
422 3205 622 3264 homo.

389 3349 675 3408 Caeterum
717 3349 830 3406 duo
863 3349 1153 3422 principia
1182 3367 1299 3408 non
1331 3364 1484 3423 esse,
1534 3366 1781 3423 quorum
1833 3351 1969 3408 alte-
2005 3352 2047 3420 C

319 3455 450 3496 rum
483 3439 723 3508 bonum,
755 3438 1007 3496 alterum
1041 3438 1260 3496 malum
1293 3439 1393 3507 sit,
1424 3444 1492 3497 ut
1530 3439 1980 3498 Manichaeorum

2157 3351 2280 3406 ’Ότι
2322 3344 2378 3404 δὲ
2417 3348 2481 3404 οὗ
2524 3344 2620 3404 δύο
2661 3345 2832 3427 ἀρχαί
2889 3346 2995 3404 sic:
3057 3347 3196 3406 κατᾶ
3252 3354 3360 3408 τῶν
3414 3352 3758 3429 Μανιχαίων

2090 3438 2380 3514 ἀθεότητα,
2425 3438 2520 3512 μία
2553 3439 2649 3512 μὲν
2677 3438 2874 3514 ἀγαθὴ,
2907 3439 3060 3516 ἑτέρα
3119 3437 3177 3496 δὲ
3219 3443 3455 3518 πονηρὰ,
3498 3442 3758 3509 ἐντεῦθεν

319 3527 534 3584 astruit
562 3525 849 3600 impietas,
875 3525 1012 3584 hinc
1045 3527 1202 3584 haud
1243 3529 1423 3585 dubie
1453 3528 1826 3603 perspicuum
1860 3529 1978 3586 list.

322 3616 542 3673 Bonum
590 3620 648 3672 et
695 3615 915 3674 malum
975 3617 1126 3675 inter
1167 3635 1230 3676 se
1260 3619 1555 3676 contraria
1606 3623 1769 3688 sunt,
1801 3634 1982 3692 seque

319 3712 522 3764 mutuo
573 3707 892 3780 perimunt,
952 3724 1059 3766 nec
1108 3707 1284 3766 simul
1333 3709 1654 3768 consistere
1704 3713 1978 3782 possunt,

317 3797 818 3870 quemadmodum
851 3811 1039 3870 neque
1067 3796 1164 3856 lux
1198 3814 1331 3855 cum
1357 3797 1618 3856 tenebris
1653 3798 1978 3856 subsistere

317 3891 527 3959 potest.
563 3887 814 3944 Proinde
861 3885 1072 3946 horum
1121 3889 1580 3961 unumquodque
1631 3905 1768 3961 pars
1799 3887 1976 3945 totius

318 3977 511 4033 futura
539 3983 631 4035 est
658 3993 672 4034 :
706 3980 765 4034 et
791 3977 1046 4050 primum
1091 3979 1328 4050 quidem
1359 3977 1571 4034 horum
1606 3976 1975 4049 unumquod-

319 4084 433 4141 que
493 4085 612 4126 non
657 4085 691 4125 a
721 4071 844 4125 toto
893 4067 1101 4139 solum,
1159 4069 1262 4125 sed
1304 4069 1472 4125 etiam
1512 4085 1547 4124 a
1606 4067 1782 4126 totius
1811 4071 1978 4140 parte

315 4157 855 4216 circumscribatur.
905 4157 1052 4224 Quis
1103 4157 1260 4214 enim
1312 4157 1644 4230 contrariis,
1702 4155 1972 4214 nimirum

316 4247 475 4305 bono
513 4253 572 4305 et
625 4246 801 4315 malo,
852 4248 1007 4305 viam
1067 4247 1382 4320 prtscludet
1411 4247 1438 4302 τ
1478 4263 1586 4305 nec
1641 4247 1796 4304 enim
1843 4246 1976 4320 quis

314 4339 628 4410 utrumque
657 4335 834 4394 simul
866 4336 1036 4394 domo
1067 4338 1271 4410 pedem
1302 4335 1526 4408 etlerre,
1554 4335 1976 4410 conciliarique

307 4425 462 4486 inter
483 4444 546 4484 se
577 4427 790 4484 dixerit
823 4444 837 4484 :
863 4428 1340 4502 quandoquidem
1364 4444 1438 4486 ne
1463 4428 1686 4486 malum
1710 4428 1976 4502 quidem,

309 4515 375 4572 id
406 4520 516 4586 est,
565 4532 632 4573 ex
673 4533 792 4589 quo
823 4533 934 4590 pax
997 4518 1204 4587 oritur,
1263 4519 1531 4591 quodque
1587 4523 1892 4591 tantopere
1945 4535 1979 4574 a

313 4607 468 4663 bono
500 4611 733 4664 amatur
769 4623 784 4662 :
812 4623 1003 4681 neque
1033 4607 1252 4664 bonum
1301 4607 1560 4664 vicissim
1609 4608 1829 4666 bonum
1861 4611 1977 4676 est,

2090 3528 2368 3604 εὶσόμεοα.
2403 3531 2654 3585 Ἐναντία
2690 3529 2824 3584 εἰσὶν
2857 3527 3134 3601 ἀλλήλοις
3182 3532 3245 3586 τὸ
3285 3531 3489 3608 ἀγαθον
3540 3533 3638 3589 καὶ
3689 3536 3762 3591 τὸ

2087 3617 2348 3696 πανηρόν·
2381 3618 2472 3675 καὶ
2505 3621 2771 3697 φθαρτικά
2799 3617 3094 3692 ἀλλήλων,
3123 3621 3216 3677 καὶ
3274 3620 3326 3676 ἐν
3375 3619 3684 3695 ἀλληλοις,
3720 3624 3762 3696 ἤ

2085 3707 2180 3765 σὺν
2214 3707 2493 3780 ἀλλήλοις
2536 3708 2646 3788 οὐχ
2703 3709 3056 3786 ὑφιστάμενον
3099 3707 3282 3786 ὥσπερ
3335 3709 3462 3768 οὐδὲ
3519 3712 3583 3768 τὸ
3636 3719 3766 3791 φῶς

2083 3798 2268 3856 καὶτὸ
2299 3800 2509 3863 σκότος.
2573 3799 2840 3856 Ἒκαστον
2895 3797 2986 3856 οὖν
3042 3798 3250 3856 τούτων
3313 3800 3366 3856 ἐν
3422 3799 3572 3878 μέρει
3635 3799 3759 3862 ἔστι

2082 3892 2181 3945 τοῦ
2237 3887 2462 3952 παντός.
2521 3889 2622 3943 Καὶ
2674 3893 2892 3962 πρῶτον
2958 3888 3052 3962 μὲν
3109 3892 3574 3968 περιγραφήσεται
3642 3893 3760 3972 οὐχ

2087 3978 2192 4034 ὑπὸ
2219 3981 2318 4034 τοῦ
2369 3978 2571 4039 παντὸς
2627 3977 2816 4051 μόνον,
2880 3977 3026 4034 ἀλλὰ
3083 3978 3173 4034 καὶ
3219 3979 3324 4035 ὑπὸ
3386 3979 3588 4057 μὲρους
3648 3988 3758 4040 τοῦ

2081 4067 2284 4132 παντὸς
2309 4067 2519 4124 τούτων
2551 4063 2794 4124 ἕκαστον.
2829 4069 3057 4125 Ἒπεετα
3085 4068 3168 4133 τίς
3201 4071 3228 4126 6
3260 4073 3360 4142 τήν
3393 4071 3585 4151 χώραν
3625 4079 3754 4139 τοῖς

2082 4157 2364 4227 ἐναντίοις,
2395 4162 2474 4232 τῷ
2504 4161 2729 4234 πονηρῷ
2771 4154 2986 4230 δηλαδὴ
3035 4159 3127 4214 καὶ
3179 4164 3260 4232 τῷ
3300 4161 3489 4236 ἀγαθῷ
3537 4161 3758 4220 ἀπο-ει..

2086 4248 2366 4323 μόμενος;
2397 4247 2476 4306 Οὐ
2522 4246 2624 4323 γάρ
2685 4247 2745 4302 ἄν
2796 4267 2885 4332 τις
2928 4249 3148 4324 φήσειεν
3205 4246 3414 4306 οἴκοθεν
3457 4249 3758 4332 ἀμφότερα

2085 4340 2482 4415 συνενειχθῆναι
2535 4336 2629 4393 καὶ
2685 4331 3146 4410 συμϐιϐασοῆναι·
3216 4337 3332 4396 ἐπεέ
3391 4339 3518 4396 οὐδὲ
3573 4345 3755 4401 κακὸν

2083 4429 2148 4486 τὸ
2178 4430 2344 4484 κακὸν
2377 4427 2604 4504 εἰρήνην
2650 4425 2778 4503 ἄγον
2831 4428 2923 4484 καὶ
2980 4426 3340 4508 φιλιούμενον
3396 4435 3477 4505 τῷ
3533 4432 3755 4508 ἀγαθῷ.

2086 4515 2214 4574 οὐδὲ
2239 4517 2437 4593 ἀγαθὸν
2464 4515 2618 4580 αὖθις
2647 4518 2710 4573 τὸ
2742 4518 2965 4594 ἀγαθον,
3015 4517 3217 4598 φιλίως
3273 4523 3412 4596 πρὸς
3457 4521 3520 4578 τὸ
3575 4525 3756 4580 κακὸν

2086 4603 2453 4682 διακείμενον.
2494 4605 2558 4664 Εἴ
2607 4605 2654 4662 δ’
2707 4603 2892 4684 ἕτερος
2927 4609 2956 4664 6
2985 4607 3195 4665 τούτων
3244 4611 3454 4685 ἑκάστῳ
3493 4613 3595 4683 τὴν
3655 4615 3757 4670 οἳ-

315 4697 473 4769 quod
506 4695 747 4770 quidem
779 4697 936 4755 malo
966 4697 1310 4755 benevolum
1341 4714 1405 4755 sc
1433 4697 1708 4755 ostendit.
1733 4697 1892 4764 Quod
1928 4695 1978 4754 si

2090 4697 2236 4753 κείαν
2266 4695 2410 4766 τάξιν
2449 4697 2540 4752 καὶ
2593 4696 2696 4766 τὴν
2745 4691 3030 4772 διατριϐὴν
3087 4696 3376 4774 ἀφορίσας,
3423 4700 3634 4764 ἐκεῖνος
3687 4701 3757 4759 ἄν

314 4787 444 4858 quis
465 4786 715 4846 aliorum
733 4787 945 4861 cuique
967 4788 1261 4862 propriam
1283 4789 1683 4860 sedem,quam
1715 4803 1974 4846 commo-

313 4875 430 4932 rari
465 4875 719 4948 possint,
768 4877 1054 4951 assignet,
1114 4877 1213 4934 ille
1243 4881 1398 4935 certe
1453 4877 1612 4934 solus
1661 4879 1772 4934 erit
1794 4877 1972 4950 Deus,

313 4961 411 5038 qui
437 4963 620 5022 simul
645 4969 703 5024 et
753 4969 936 5024 semel
967 4967 1289 5040 assumpsit
1335 4983 1421 5034 ea,
1454 4983 1578 5040 qua
1609 4965 1760 5024 inter
1793 4983 1856 5024 se
1885 4967 1972 5024 vel

312 5051 568 5110 maxime
597 5058 1026 5129 repugnabant.
1069 5058 1321 5114 Proinde
1351 5057 1598 5114 duorum
1629 5055 1878 5114 alterum
1912 5056 1974 5114 in

311 5142 408 5200 his
435 5143 666 5202 eveniat
715 5162 954 5205 necesse
999 5152 1110 5217 est,
1163 5147 1448 5206 nimirum
1495 5154 1592 5204 aut
1633 5162 1698 5204 ea
1727 5146 1882 5204 inter
1911 5161 1974 5204 se

313 5233 679 5306 conveniant,
712 5252 957 5310 seseque
988 5242 1195 5294 mutuo
1243 5239 1540 5310 patiantur
1583 5253 1598 5294 :
1637 5237 1726 5297 vel
1762 5240 1826 5293 ut
1855 5253 1973 5294 me-

313 5323 477 5380 dium
523 5323 767 5396 aliquod
799 5325 1149 5396 intercedat,
1183 5342 1298 5400 quo
1328 5327 1546 5384 bonum
1595 5343 1630 5383 a
1676 5326 1832 5384 malo
1864 5341 1972 5383 se-

311 5419 606 5484 cernatur,
625 5413 818 5487 sitque
840 5415 1006 5488 quasi
1038 5421 1269 5488 septum
1286 5417 1518 5490 aliquod
1553 5420 1972 5488 transversum,

313 5497 706 5574 quo'altsrum
763 5505 837 5561 ab
865 5503 1048 5562 altero
1105 5505 1450 5563 dirimatur:
1511 5510 1686 5578 atque
1739 5505 1825 5562 ita
1855 5521 1972 5562 non

307 5592 430 5662 jam
461 5589 599 5660 duo,
630 5595 731 5652 sed
773 5595 891 5653 tria
935 5595 1226 5669 principia
1275 5599 1466 5668 erunt,
1513 5611 1761 5668 quorum
1787 5611 1973 5652 unum

2115 4785 2136 4808 ἰ
2252 4791 2280 4801 ~
2531 4786 2545 4804 \
2715 4785 2730 4804 ς
2789 4782 2812 4802 ἢ
2901 4791 2966 4819 ,ι-
3119 4810 3128 4822 ,
3373 4791 3386 4810 ι
3495 4795 3510 4817 ,
3614 4794 3627 4809 ι

2086 4808 2172 4858 ειη
2211 4784 2424 4861 μαλλον
2456 4792 2584 4851 Θεος
2616 4787 2644 4842 ὁ
2674 4807 2740 4841 τοι
2785 4802 3046 4843 οιεσιωτα
3085 4789 3446 4870 σονειληφως.
3512 4795 3752 4870 Αναγκη

2086 4873 2144 4932 δὲ
2215 4874 2305 4932 καὶ
2346 4872 2499 4931 δυοῖν
2571 4875 2791 4952 θάτερον
2870 4875 2961 4932 ἐπὶ
3037 4881 3256 4942 τοῦτοις
3310 4875 3660 4954 συμϐαίνειν,
3712 4885 3751 4956 ἢ

2086 4967 2443 5032 συνάπτεσθαι
2479 4964 2570 5022 καὶ
2627 4967 2808 5043 φέρειν
2867 4964 3116 5039 ἄλληλα,
3175 4967 3212 5040 ἤ
3273 4971 3408 5026 εἷνοί
3459 4993 3514 5027 τι
3575 4971 3754 5046 μέσον

2088 5053 2308 5113 διιστῶν
2340 5055 2402 5112 τὸ
2460 5054 2661 5132 ἀγαθὸν
2713 5055 2804 5112 καὶ
2849 5057 2911 5112 τὸ
2955 5059 3222 5134 πονηρὸν,
3273 5059 3456 5138 ὣσπερ
3505 5082 3560 5117 τι
3616 5060 3752 5120 διά-

2087 5165 2316 5224 φραγμα
2357 5141 2594 5222 διεῖργον
2627 5144 2721 5200 ἀπ’
2750 5143 3019 5218 ἀλλήλων
3055 5148 3356 5227 ἀμφότερα*
3408 5150 3498 5206 καὶ
3560 5153 3756 5211 οὐκέτι

2087 5233 2281 5293 λοιπὸν
2317 5231 2441 5303 δύο,
2495 5231 2644 5290 ἀλλά
2691 5235 2838 5308 τρεὶς
2879 5236 3048 5312 ἀρχαὶ
3101 5234 3334 5296 ἔσονταιο
3385 5241 3476 5296 καὶ
3531 5242 3751 5300 τούτων

2083 5325 2146 5381 τὸ
2176 5321 2359 5400 ἕτερον
2411 5322 2639 5400 ἀνάγκη,
2701 5323 2736 5394 ἢ
2796 5323 3088 5401 εἰρηνεύειν
3149 5328 3282 5406 ὅπερ
3334 5331 3398 5387 τὸ
3455 5336 3621 5388 κακὸν
3684 5335 3754 5392 οὗ

2086 5413 2326 5472 δύναταιο
2387 5415 2450 5470 τὸ
2507 5415 2610 5492 γάρ
2665 5414 2987 5492 εἰρηνεύειν,
3039 5417 3100 5474 οὐ
3160 5420 3344 5477 κακόν·
3377 5419 3415 5492 ἤ
3451 5421 3758 5499 μάχεσθαι,

2085 5504 2218 5581 ὅπερ
2248 5505 2310 5560 τὸ
2346 5503 2622 5591 είρηνείῐον
2659 5503 2720 5560 οὗ
2753 5503 2994 5564 δυναται·
3031 5508 3129 5584 μία
3157 5509 3342 5569 τοίνυν
3372 5512 3521 5589 ἁρχὴ
3565 5512 3758 5591 ἂγαθη

2085 5591 2263 5666 πάσης
2290 5591 2482 5656 κακίας
2517 5589 2944 5672 ἂπηλλαγμένη.

315 5682 532 5738 cetera
555 5681 720 5741 velut
771 5683 833 5740 in
863 5701 1004 5758 pace
1032 5683 1344 5752 custodiat,
1379 5701 1616 5743 necesse
1645 5689 1737 5743 est
1765 5701 1780 5742 :
1834 5684 1990 5758 quod
2021 5685 2258 5758 quidem
2305 5703 2339 5743 a
2368 5683 2524 5743 malo
2555 5685 2678 5744 fieri
2737 5687 2960 5761 nequit.
3011 5690 3153 5751 Nem
3215 5706 3417 5767 pacem
3452 5696 3761 5758 custodire
