4054 6392
261 426 410 490 1321

1600 426 2008 491 THESAURI
2054 429 2205 490 LlB.
2252 429 2355 491 IV.

3523 431 3681 493 i323

261 563 483 621 malum
516 580 632 620 non
661 569 768 621 est.
801 566 931 621 Jam
960 564 1113 636 quod
1150 565 1273 635 paci
1302 563 1701 620 custodiendae
1731 568 1935 635 aptum
1990 571 2098 632 est,
2149 564 2205 619 id
2268 581 2397 621 vero
2456 565 2674 621 bellum
2736 540 2964 624 movere
3020 581 3402 641 pugnareque
3460 567 3681 638 nequit.

260 656 384 719 Quo
417 655 503 718 fit.
539 659 600 711 ut
632 654 984 727 principium
1015 672 1192 712 unum
1228 656 1621 727 relinquatur,
1653 654 1710 709 id
1744 653 1988 721 bonum,
2019 662 2075 709 et
2103 654 2176 709 ab
2209 656 2368 711 omni
2404 656 2540 713 vitio
2569 656 2844 713 liberum.

329 742 397 801 Εἰ
440 740 497 799 δὲ
526 747 783 822 φήσουσι,
811 745 901 799 καὶ
934 743 1096 809 πόθεν
1128 744 1189 799 τὸ
1217 744 1382 799 κακὸν
1421 739 1518 822 ἔφυ
1548 763 1563 813 ;
1610 742 1902 816 ἀμήχανον

2094 743 2252 806 Quod
2287 746 2336 801 si
2372 749 2702 817 percontari
2732 748 2933 811 velint.
2959 748 3253 804 undenam
3279 748 3501 804 malum
3524 747 3681 803 oria-

259 833 365 909 γὰρ
395 833 456 887 ἐκ
482 838 581 889 τοῦ
632 834 839 911 ἀγαθοῦ
886 835 950 888 τὸ
1000 836 1163 890 κακὸν
1216 832 1500 913 εἰληφέναι
1544 834 1642 901 τὴν
1691 832 1915 906 γένεσιν,

263 923 438 1001 φαμὲν
471 925 555 978 ὅτι
586 924 648 977 τὸ
677 925 843 979 κακὸν
890 921 1042 979 οὐδὲν
1089 921 1274 999 ἕτερόν
1331 922 1472 979 ἐστι’
1505 925 1538 992 ἡ
1569 926 1665 976 τοῦ
1711 921 1917 998 ἀγαθοῦ

263 1011 542 1083 στέρησις,
574 1012 665 1066 καὶ
697 1011 756 1066 ἐκ
784 1016 882 1066 τοῦ
931 1013 1065 1067 κατὰ
1117 1013 1272 1090 φύσιν
1333 1012 1409 1073 εἷς
1455 1012 1519 1066 τὸ
1561 1010 1706 1085 παρὰ
1758 1010 1916 1087 φύσιν

265 1103 615 1176 παρατροπή·
690 1098 843 1156 οὐδὲν
901 1102 1006 1176 γὰρ
1071 1102 1236 1157 κακὸν
1305 1102 1439 1157 κατὰ
1510 1101 1685 1180 φύσιν·
1746 1099 1916 1153 πάντα

266 1191 371 1266 γὰρ
413 1192 512 1245 ὅσα
550 1188 804 1261 ἐποίησεν
851 1192 878 1245 6
937 1193 1088 1261 Θεὸς,
1150 1191 1270 1247 λίαν
1329 1191 1432 1246 εἶσὶ
1487 1190 1650 1260 καλὰ,
1708 1192 1828 1252 καθ’
1886 1189 1915 1242 ’ὸ

260 1277 534 1354 γεγόνασι.
569 1279 815 1336 Μένοντα
847 1281 1029 1334 τοίνυν
1076 1281 1254 1343 καθὼς
1302 1274 1560 1353 ἔκτισται,
1611 1277 1753 1334 καλὰ
1794 1275 1915 1332 λίαν

260 1366 411 1421 εἰσίν·
475 1366 737 1431 ἑκουσίως
799 1366 856 1424 δὲ
905 1368 1249 1447 ἀποφυγόντα
1296 1368 1357 1424 ἐκ
1410 1374 1507 1424 τοῦ
1555 1368 1693 1423 κατὰ
1733 1367 1913 1445 φύσιν,

255 1457 346 1512 καὶ
378 1457 457 1519 εἷς
491 1459 554 1513 τὸ
583 1460 731 1531 παρά
761 1459 918 1537 φύσιν
954 1458 1206 1526 ἐλθόντα,
1238 1458 1293 1513 ἐν
1321 1463 1400 1530 τῷ
1439 1462 1590 1528 κακῷ
1644 1457 1912 1531 γίνονται.

261 1547 410 1604 Κατὰ
448 1546 606 1626 φύσιν
645 1548 739 1621 μὲν
794 1549 885 1602 οὗν
947 1549 1120 1602 πάντα
1189 1545 1362 1602 δοῦλα
1415 1546 1507 1601 καὶ
1567 1547 1782 1615 ὑπήκοα
1835 1549 1915 1616 τῷ

261 1633 607 1713 δημιουργῷ⁸
673 1636 800 1692 ὅταν
869 1634 927 1691 δὶ
995 1636 1260 1698 ἑκουσίως
1322 1657 1376 1691 τι
1439 1640 1546 1691 τῶν
1606 1635 1915 1707 κεισμάτων

258 1729 561 1803 ἀφηνιάσῃ,
592 1730 682 1784 καὶ
714 1731 999 1804 παρηκοον
1030 1733 1127 1784 τοῦ
1177 1730 1514 1799 ποιήσαντος
1565 1725 1694 1781 αὐτὸ
1745 1726 1913 1800 γένη-

253 1837 366 1884 ται,
400 1819 453 1872 ἐν
498 1817 672 1889 ἐαυτῷ
732 1818 1047 1887 συνεςτησεν
1114 1819 1206 1885 τὴν
1259 1815 1471 1870 κακίαν·
1523 1817 1558 1883 ἡ
1607 1815 1711 1889 γὰρ
1754 1813 1915 1868 κακία

255 1903 379 1962 οὔτε
410 1907 568 1962 οὐσία
593 1928 677 1969 τις
708 1906 877 1973 ἐστὶν,
909 1904 1039 1961 οὕτε
1072 1906 1257 1967 οὐσίας
1308 1902 1531 1978 ἰδίωμα,
1586 1902 1734 1958 ἀλλά
1772 1925 1909 1976 συμ-

258 1995 516 2069 ϐεϐηκός·
577 1997 751 2073 ἤγουν
812 1997 1061 2060 ὲκούσιός
1138 2017 1222 2058 τις
1298 1997 1623 2071 παρατροπὴ
1692 1993 1750 2049 ὲκ
1815 1992 1912 2050 τοῦ

253 2090 389 2143 κατᾶ
420 2088 574 2165 φύσιν
605 2087 681 2150 εἶς
727 2090 789 2143 τὸ
839 2087 987 2161 παρᾶ
1036 2088 1214 2164 φύσιν,
1263 2084 1394 2161 ὅπερ
1444 2084 1585 2139 ἐστὶν
1644 2086 1679 2152 ἡ
1732 2085 1909 2158 ἁμαρ‹

251 2177 361 2233 τίσι.
415 2178 479 2234 ἹΙ
530 2178 585 2232 οὶ
634 2177 875 2251 ἁμαρτία
933 2184 1034 2246 τῆς
1094 2175 1439 2249 αὐτεξουσίου
1494 2177 1592 2228 τοῦ
1646 2168 1910 2227 διὀϐόλου

258 2266 486 2339 γνώμης
542 2262 763 2342 εὕρεμα·
832 2265 998 2328 κακὸς
1052 2265 1140 2319 οὖν
1199 2265 1227 2318 6
1269 2258 1551 2332 διάϐολος,
1594 2262 1657 2316 οὐ
1715 2261 1830 2315 καθ’
1878 2259 1908 2314 6'

258 2352 501 2429 γέγονεν,
534 2352 770 2430 ἄγγελος
810 2353 916 2427 γὰρ
947 2354 1332 2430 φωτεινότερος
1385 2351 1475 2406 καὶ
1526 2348 1909 2425 λαμπρότερος

263 2443 365 2496 ὑπὸ
394 2446 491 2497 τοῦ
524 2447 880 2518 Δημιουργοῦ
911 2440 1171 2508 ἔκτισται,
1206 2441 1572 2511 αὐτεξούσιος,
1625 2440 1701 2500 ὡς
1749 2437 1906 2513 λογι-

252 2531 371 2593 κός·
434 2531 695 2593 ἑκουσίως
738 2531 796 2586 δὲ
841 2538 941 2600 τῆς
1002 2532 1139 2586 κατά
1206 2531 1363 2607 φύσιν
1427 2530 1622 2603 ἀρετῆς
1688 2526 1911 2605 ἀπεφοί-

257 2641 411 2690 τησε,
443 2622 533 2675 καὶ
566 2621 618 2676 ἐν
648 2626 729 2693 τῷ
761 2621 911 2697 ζόφῳ
949 2628 1052 2689 τῆς
1093 2621 1285 2683 κακίας
1332 2618 1566 2694 ἐγένετο,
1617 2621 1751 2673 Θεοῦ
1804 2638 1909 2689 μα-

255 2711 497 2783 κρυνθεὶς
524 2715 621 2765 τοῦ
683 2711 852 2784 μόνου
901 2711 1103 2785 ἀγαθοῦ
1157 2708 1248 2764 καὶ
1298 2712 1591 2778 ζωοποιοῦ’
1641 2707 1689 2776 ἐξ
1742 2706 1909 2761 αὐτοῦ

256 2800 363 2875 γὰρ
394 2805 495 2854 πᾶν
557 2800 753 2876 ἂγαθὸν
805 2798 1143 2875 ἀγαθόνεταν
1204 2798 1294 2853 καὶ
1351 2799 1580 2853 καθόσον
1641 2797 1692 2866 ἐξ
1741 2796 1908 2850 αὑτοῦ

254 2889 566 2962 ἐμακρόνθη
599 2889 822 2964 γνώμῃ,
853 2887 914 2942 οὐ
946 2888 1051 2964 γὰρ
1085 2888 1260 2960 τόπῳ,
1312 2886 1366 2941 ἐν
1418 2890 1498 2959 τῷ
1545 2890 1698 2958 κακῷ
1749 2886 1909 2960 γέγοο

257 2997 363 3032 νεν.

1941 2132 1988 2197 Β

2029 836 2123 887 tur
2153 834 2280 904 (nec
2311 837 2465 890 enim
2497 836 2621 891 ﬁeri
2680 836 2803 893 ullo
2851 838 3024 893 modo
3071 842 3282 910 potest,
3335 846 3396 893 ut
3453 854 3484 891 a
3524 836 3677 891 bono

2025 921 2246 977 malum
2270 924 2555 993 originem
2580 926 3087 995 traxerit),malum
3113 927 3258 981 nihil
3280 926 3461 994 aliud,
3495 940 3676 997 quam

2022 1010 2159 1066 boni
2187 1014 2570 1082 privationem
2594 1031 2722 1071 esse
2753 1016 3029 1082 dicimus,
3049 1020 3225 1087 atque
3245 1017 3387 1071 adeo
3423 1015 3677 1071 eversio-

2024 1117 2157 1155 nem
2193 1103 2320 1171 ejus
2352 1104 2505 1174 quod
2566 1109 2654 1160 est
2700 1110 2919 1162 nature
2958 1110 3442 1171 consentaneum,
3498 1104 3561 1160 in
3615 1103 3675 1159 id

2026 1190 2179 1260 quod
2213 1196 2303 1246 est
2357 1199 2580 1248 naturae
2629 1195 3034 1250 contrarium:
3087 1194 3380 1266 siquidem
3441 1193 3674 1249 nullum

2024 1279 2246 1334 malum
2282 1286 2501 1336 naturae
2537 1288 3015 1339 consentaneum.
3064 1283 3275 1340 Omnia
3321 1284 3476 1339 enim
3525 1299 3676 1353 quaa-

2021 1384 2253 1439 cunque
2276 1369 2411 1426 fecit
2446 1373 2616 1443 Deus,
2647 1372 2814 1429 valde
2854 1374 3007 1429 bona
3063 1376 3222 1441 sunt,
3266 1373 3316 1429 si
3366 1372 3676 1429 creationis

2022 1472 2226 1512 eorum
2293 1458 2582 1516 habeatur
2638 1461 2806 1519 ratio.
2865 1462 3116 1518 Proinde
3172 1461 3221 1517 si
3253 1461 3452 1533 qualia
3479 1466 3675 1518 creata

2022 1545 2324 1613 sunt,talia
2348 1554 2644 1617 maneant,
2676 1550 2841 1606 vzlde
2875 1550 3023 1606 bona
3081 1555 3266 1618 sunt;
3314 1555 3374 1606 at
3415 1550 3465 1607 si
3514 1550 3669 1606 ultro

2021 1634 2093 1688 ab
2124 1650 2191 1690 eo
2221 1638 2371 1706 quod
2405 1645 2493 1693 est
2525 1648 2746 1693 naturae
2779 1646 3264 1706 consentaneum,
3302 1640 3369 1696 ad
3423 1639 3484 1695 id
3540 1639 3678 1694 deﬁ-

2021 1721 2362 1795 ciant,quod
2397 1734 2619 1783 naturae
2655 1733 2965 1800 repugnat,
3001 1730 3128 1799 jam
3180 1729 3330 1784 malo
3365 1745 3674 1785 accensen-

2023 1816 2137 1869 tur.
2161 1814 2381 1872 Natura
2403 1816 2582 1888 igitur
2598 1819 2796 1874 omnia
2818 1836 3007 1875 rerum
3042 1818 3250 1890 Opiﬁci
3279 1819 3677 1889 subjiciuntur

2024 1908 2198 1974 atque
2230 1914 2453 1976 parent.
2487 1906 2630 1962 Cum
2663 1924 2795 1963 vero
2835 1913 3097 1964 creatura
3147 1908 3436 1980 quapiam
3488 1906 3677 1964 rebel-

2020 1995 2244 2067 laverit,
2280 2005 2339 2053 et
2368 1999 2626 2056 Creatori
2660 2018 2767 2056 suo
2801 2001 2997 2057 minus
3030 2003 3376 2074 morigeram
3410 2018 3473 2057 se
3527 2018 3678 2072 pra:-

2020 2086 2253 2157 stiterit,
2286 2088 2398 2142 sibi
2432 2089 2640 2143 vitium
2703 2090 2853 2145 ultro
2892 2090 3215 2146 accersivit.
3267 2091 3412 2145 Nam
3469 2089 3675 2145 vitium

2023 2191 2210 2245 neque
2242 2176 2575 2233 substantia
2608 2194 2796 2249 neque
2827 2178 3170 2234 substantia;
3203 2179 3532 2251 proprietas
3558 2177 3679 2234 ulla

2020 2268 2131 2333 est,
2163 2266 2262 2320 sed
2297 2266 2589 2334 accidcns,
2639 2283 2739 2323 seu
2794 2267 3068 2339 sponlina
3114 2267 3382 2339 quaedam
3434 2266 3678 2324 deﬂoxio

2019 2353 2091 2408 ab
2123 2370 2189 2409 eo
2221 2354 2376 2426 quod
2407 2362 2498 2411 est
2542 2367 2761 2413 natura:
2793 2366 3275 2425 consentaneum,
3311 2358 3381 2412 ad
3427 2356 3485 2412 id
3519 2356 3679 2427 quod

2019 2447 2243 2499 naturae
2295 2452 2628 2517 repugnat:
2694 2448 2850 2519 quod
2912 2447 3151 2519 quidem
3208 2453 3507 2517 peccotum
3568 2451 3680 2502 est.

2020 2530 2325 2588 Peccatum
2361 2542 2555 2591 autem
2589 2535 2788 2590 liberte
2834 2535 3054 2591 diaboli
3120 2535 3436 2591 voluntatis
3482 2534 3682 2590 inven-

2019 2625 2143 2675 tum
2177 2627 2287 2680 est.
2322 2623 2572 2680 Proinde
2607 2624 2879 2681 diabolus
2932 2623 3124 2680 malus
3185 2628 3293 2690 est,
3349 2640 3463 2679 non
3525 2623 3678 2695 quod

2020 2710 2154 2765 talis
2185 2717 2417 2768 creatus
2450 2714 2645 2778 fuerit,
2679 2713 2924 2784 angelus
2975 2713 3131 2770 enim
3186 2713 3591 2769 lucidissimus
3622 2715 3680 2770 et

2016 2799 2387 2857 clarissimus
2419 2820 2454 2858 a
2487 2819 2683 2858 rerum
2717 2802 2979 2860 omnium
3014 2803 3224 2875 opiﬁce
3275 2804 3386 2860 Deo
3445 2811 3678 2859 creatus

2019 2893 2107 2944 est
2138 2894 2310 2961 atque
2342 2891 2523 2947 libero
2556 2890 2796 2946 arbitrio
2854 2892 3164 2963 prmditus,
3196 2892 3336 2963 quia
3391 2891 3677 2948 nimirum

2020 2980 2265 3034 rationis
2297 2981 2588 3052 particeps
2635 2997 2650 3035 :
2691 2984 2896 3052 sponte
2952 2997 3086 3036 vero
3135 2998 3170 3036 a
3215 2981 3425 3036 virtute
3456 2984 3680 3036 natura;

261 3076 653 3124 consentanea
684 3068 961 3124 descivit:
997 3073 1054 3124 et
1083 3070 1152 3125 ad
1176 3069 1298 3123 vitii
1330 3066 1641 3139 caliginem
1676 3066 1987 3138 transfugit
2024 3084 2037 3121 :
2071 3068 2272 3138 procul
2303 3086 2336 3124 a
2362 3069 2476 3125 Deo
2510 3075 2789 3137 remotus,
2822 3069 2923 3142 qui
2972 3070 3136 3127 solus
3178 3071 3369 3126 bonus
3404 3073 3462 3125 et
3492 3070 3680 3125 viviti-

267 3174 370 3214 cus
402 3163 512 3213 est.
544 3158 626 3214 Ab
658 3160 786 3231 ipso
817 3159 972 3215 enim
1005 3159 1296 3231 quidquid
1323 3159 1544 3214 bonum
1578 3163 1687 3223 est,
1718 3157 1775 3211 id
1809 3158 1953 3213 bene
1993 3162 2050 3213 et
2085 3158 2329 3231 benigne
2354 3160 2573 3216 factum
2605 3165 2732 3215 est:
2767 3164 2824 3216 et
2854 3164 3150 3231 quatenus
3195 3159 3266 3215 ab
3320 3158 3419 3215 illo
3477 3158 3682 3232 procul

268 3248 588 3316 diverterit,
621 3248 918 3305 voluntate
950 3250 1106 3319 (nam
1140 3249 1265 3304 loco
1297 3264 1412 3304 non
1444 3247 1608 3320 item)
1640 3248 1712 3302 ad
1741 3247 1962 3302 malum
1999 3247 2227 3304 defecit.

334 3337 578 3397 Ματαιος
608 3334 790 3390 τοίνυν
830 3336 859 3390 6
908 3334 1122 3405 Μάνης,
1176 3335 1268 3390 καὶ
1321 3334 1546 3398 σκότους
1596 3333 1907 3412 φθεγγόμε-

2086 3336 2285 3394 Vanus
2316 3338 2516 3411 itaque
2547 3340 2744 3395 Manes
2773 3342 2882 3405 est,
2914 3342 2973 3394 et
3008 3337 3215 3408 futilis,
3247 3338 3352 3411 qui
3407 3337 3676 3396 tenebris

264 3446 355 3488 νος
388 3425 530 3500 ἄξια,
564 3427 647 3489 οἷς
695 3428 757 3482 τὸ
804 3426 997 3490 σκότος
1043 3426 1134 3481 καὶ
1184 3429 1285 3496 τὴν
1332 3425 1469 3497 ὕλην
1518 3424 1665 3480 αΐδια
1705 3422 1914 3496 δοξάζει

264 3517 353 3570 καὶ
416 3521 534 3589 Θεῷ
600 3517 971 3593 σκναγέννητα·
1059 3516 1252 3588 καίπερ
1339 3514 1548 3570 ἀκούων
1632 3515 1911 3577 Μωυσέως

269 3604 547 3681 λέγοντος·
586 3606 672 3661 Ἐν
741 3607 889 3682 ἀρχῇ
931 3604 1182 3676 ἐποίησεν
1249 3606 1277 3659 6
1342 3605 1472 3666 Θεὸς
1530 3605 1620 3659 τὸν
1682 3604 1911 3679 οὐρανὸν

264 3695 354 3749 καὶ
394 3697 493 3764 τήν
541 3701 665 3770 γῆν·
721 3696 810 3751 καὶ
863 3695 946 3751 ὅτι
1004 3695 1055 3768 ἐξ
1098 3693 1196 3749 οὐκ
1251 3690 1417 3749 ὄντων
1478 3694 1545 3749 τὰ
1594 3691 1768 3749 πάντα
1821 3692 1914 3769 γὲ-

264 3803 411 3857 γονε·
445 3784 534 3839 καὶ
579 3785 656 3846 ὡς
701 3786 816 3857 ’ἁμα
857 3785 919 3839 τὸ
972 3788 1086 3863 φῶς
1135 3784 1421 3858 παρήχθη,
1471 3783 1559 3838 καὶ
1608 3783 1672 3838 τὸ
1721 3782 1911 3837 σκότος

268 3872 621 3948 ὑπεχώρησε.
655 3874 761 3930 Καὶ
800 3874 903 3949 γάρ
947 3876 974 3929 6
1020 3873 1402 3951 Σωφρονίσκου
1457 3872 1774 3947 Σωκράτης,
1823 3871 1914 3926 καὶ

266 3963 294 4015 6
339 3962 671 4036 Ἀρίστωνος
703 3961 956 4032 Πλάτων,
996 3964 1088 4018 καὶ
1126 3965 1177 4017 οἱ
1217 3961 1426 4019 τούτων
1487 3959 1765 4038 διάδοχοι,
1822 3960 1911 4016 καί

265 4048 446 4128 ἕτεροι
478 4052 751 4119 πλεῖστοι,
780 4050 947 4124 τῆσδε
978 4061 1078 4123 τῆς
1126 4050 1289 4123 δοξης
1335 4052 1677 4129 γεγένηνται,
1735 4055 1832 4107 τοῦ
1861 4051 1911 4124 ἐξ

272 4140 633 4215 ὑποκειμένης
691 4142 832 4213 ὕλης
886 4143 953 4197 τὰ
1011 4142 1185 4197 πάντα
1271 4138 1770 4216 δημιουργηθῆναι,
1820 4139 1912 4194 καὶ

268 4230 517 4288 συναΐδια
546 4232 681 4288 αὐτὰ
726 4236 823 4288 τοῦ
872 4236 1006 4287 Θεοῦ
1048 4230 1321 4307 λέγοντες,
1369 4229 1542 4286 αἶ’τιον
1597 4232 1769 4299 αὐτῆς
1818 4230 1908 4285 τὸν

267 4323 396 4377 Θεὸν
428 4322 811 4397 ὀνομάζουσιν.
844 4321 921 4379 Οὐ
984 4322 1093 4395 μὴν
1151 4320 1321 4391 αὐτὴν
1371 4319 1554 4394 [ὓλην]
1602 4320 1693 4375 καὶ
1742 4321 1914 4389 κακὴν

263 4411 559 4485 ὁρίζονται.
622 4412 898 4489 Μεγίστην
952 4411 1054 4486 γὰρ
1114 4409 1467 4487 βλασφημίαν
1514 4411 1802 4483 νομίζουσι
1849 4410 1912 4465 τὸ

263 4501 423 4580 φάναι
454 4503 544 4557 τὸν
579 4503 708 4556 Θεὸν
750 4503 1029 4556 εἶναιτῶν
1088 4505 1268 4555 κακῶν
1318 4502 1577 4571 ποιητήν.
1626 4501 1727 4555 Καὶ
1780 4498 1912 4554 ἐκεῖ·

263 4609 347 4643 νοι
383 4590 477 4663 μὲν
509 4584 727 4665 ἔχουσιν
764 4587 895 4651 ἴσως
926 4588 1049 4643 τινὰ
1098 4589 1449 4665 συγγνώμην,
1504 4590 1642 4661 μήτε
1692 4608 1912 4666 προφη-

264 4682 431 4733 τικῶν
465 4677 855 4741 ἐπακούσαντες
913 4677 1117 4755 λόγων,
1179 4680 1318 4752 μήτε
1379 4676 1506 4739 τοὺς
1552 4677 1730 4740 θείους
1774 4676 1911 4732 ἀπο-

264 4766 498 4832 στόλους
555 4766 838 4845 ποδηγοὺς
884 4766 1182 4842 ἐσχηκότες
1231 4767 1414 4841 μόνοις
1468 4763 1526 4822 δὲ
1579 4771 1701 4829 τοῖς
1755 4765 1915 4843 λογι-

269 4864 430 4931 σμοῖς
461 4858 564 4927 τήν
593 4862 701 4914 τῶν
733 4855 905 4914 ὅντων
954 4856 1329 4932 ἐπιτρέψοντες
1374 4860 1590 4932 γνῶσιν.
1639 4855 1806 4915 Οὗτοι
1856 4854 1914 4911 δὲ

272 4947 435 5010 ποίας
469 4947 528 5003 ἅν
557 4948 761 5005 τίσειαν
796 4945 946 5010 δίκας
993 4953 1095 5016 τῆς
1141 4941 1385 5009 ἀσεϐείας
1433 4946 1608 5018 ἀξίας,
1657 4950 1765 5002 τῶν
1820 4945 1915 5019 μὲν

266 5035 424 5099 θείων
482 5034 907 5100 ἀπολαύσαντες.
985 5034 1355 5112 Εὖαγγελίων,
1430 5035 1493 5090 τὸ
1570 5030 1631 5089 ϐε
1701 5035 1911 5090 τούτων

265 5124 670 5201 ἀποδράσαντες
704 5124 840 5205 φῶς,
872 5127 959 5181 καὶ
1013 5128 1075 5182 τὸ
1132 5127 1321 5189 σκότος
1370 5127 1739 5200 ἀσπασάμενοι
1796 5130 1914 5189 ταῖς

254 5215 530 5290 νυκτερίσι
589 5215 1036 5293 παραπλησίως;
1095 5214 1330 5286 Ἐπειδὴ
1389 5215 1489 5292 γὰρ
1545 5221 1691 5271 πᾶσα
1739 5217 1908 5290 τὲχνη

262 5304 409 5371 παρὰ
510 5307 815 5381 ἀνθρώποις
891 5303 1031 5374 ὕλης
1112 5306 1477 5378 ὑποκειμένης
1570 5303 1912 5380 προσδεῖται,

263 5388 538 5449 ὑπέλαϐον
573 5396 624 5450 οἱ
656 5397 880 5466 ἀνόητοι
909 5396 997 5449 καὶ
1029 5395 1121 5450 τὸν
1151 5395 1280 5450 Θεὸν
1344 5396 1419 5469 μή
1469 5394 1725 5450 δύνασθαι
1773 5392 1914 5465 ὕλης

265 5477 397 5558 δίχα
455 5480 835 5561 δημιουργεῖν·
893 5485 983 5541 καὶ
1042 5486 1104 5541 οὐ
1158 5482 1398 5540 συνεῖδον
1452 5487 1576 5541 ὅσον
1622 5486 1912 5562 ἀνθρώπου

260 5570 353 5625 καὶ
383 5576 522 5628 Θεοῦ
549 5572 613 5629 τὸ
644 5572 924 5651 διάφορον·
959 5576 1050 5631 καὶ
1081 5575 1154 5638 ὡς
1186 5574 1297 5649 οὐχ
1326 5574 1441 5631 οἶόν
1472 5596 1532 5631 τε
1577 5577 1676 5645 τὴν
1729 5573 1911 5631 εἰκόνα

323 5727 373 5764 ⁵⁵
402 5730 544 5787 Gen.
584 5747 623 5800 1,
656 5731 708 5786 1.

574 5850 833 5912 ΡΔἸἨΟῙ..
882 5850 991 5911 Gn.
1039 5851 1356 5918 CXXXIX.

2020 3425 2193 3498 digna
2249 3426 2640 3499 proloquitur,
2699 3444 2834 3483 cum
2891 3427 3163 3483 tenebras
3240 3434 3297 3483 et
3367 3427 3681 3485 materiam

2022 3521 2257 3584 aeterna,
2300 3521 2354 3571 et
2390 3533 2503 3572 non
2548 3533 2717 3573 secus
2739 3522 2909 3587 atque
2945 3516 3149 3586 Deum,
3185 3533 3299 3573 non
3322 3518 3521 3590 genita
3550 3533 3679 3576 esse

2021 3606 2589 3677 autumat,quamvis
2622 3607 2820 3662 Mosen
2851 3605 2936 3661 ita
2977 3605 3266 3662 dicentem
3301 3606 3502 3662 audiat
3534 3623 3548 3662 :
3611 3607 3676 3663 In

2017 3696 2292 3765 prmcipio
2320 3697 2525 3751 creavit
2555 3695 2619 3763 ⁵⁸,
2654 3695 2809 3766 quod
2860 3712 2929 3750 ex
2989 3694 3169 3751 nihilo
3218 3699 3431 3751 cuncta
3476 3700 3674 3751 creata

2021 3784 2339 3855 sunt,quod
2365 3784 2541 3840 etiam
2571 3784 2748 3840 simul
2771 3789 2946 3857 atque
2968 3782 3068 3839 lux
3112 3785 3394 3853 producta
3440 3788 3551 3854 est,
3582 3788 3673 3839 te-

2022 3875 2214 3929 nebrae
2259 3880 2646 3930 secesserunt.
2683 3875 2952 3930 Socrates
2998 3874 3153 3929 enim
3179 3873 3580 3946 Sophronisci,
3612 3878 3673 3932 et

2021 3963 2185 4019 Olato
2210 3963 2501 4019 Aristonis
2526 3964 2704 4031 ﬁlius,
2722 3980 3045 4034 eorumque
3069 3980 3461 4028 successores,
3494 3976 3673 4035 atque

2022 4055 2120 4109 alii
2151 4052 2567 4125 quamplurimi
2600 4070 2666 4108 ea
2698 4054 2757 4109 in
2789 4052 3085 4109 sententia
3120 4054 3679 4122 fuerunt,utomnia

2021 4158 2088 4198 ex
2121 4142 2389 4211 subjecta
2420 4141 2665 4196 materia
2715 4145 2910 4196 creata
2964 4139 3147 4196 fuisse
3205 4142 3502 4196 dicerent:
3549 4156 3676 4212 quas

2020 4230 2254 4301 quidem
2286 4229 2401 4285 Deo
2423 4234 2711 4285 coaeterna
2733 4230 3015 4295 dicentes,
3050 4228 3161 4300 ipsi
3191 4234 3305 4284 Deo
3347 4245 3537 4285 causae
3570 4246 3679 4286 no-

2024 4337 2153 4375 men
2188 4321 2535 4391 imponunt:
2572 4336 2683 4374 non
2709 4325 2904 4375 tamen
2927 4318 3441 4390 materiamipsam
3466 4319 3526 4374 in
3561 4336 3679 4375 ma-

2019 4408 2093 4465 lis
2126 4425 2253 4464 esse
2285 4407 2611 4468 deﬁniunt;
2655 4408 2944 4479 siquidem
2988 4407 3365 4481 blaSphemiae
3408 4409 3677 4466 maxime

2020 4498 2144 4554 loco
2175 4515 2304 4554 esse
2335 4498 2613 4564 dicunt-,si
2642 4497 2774 4570 quis
2798 4498 2977 4553 Deum
3016 4498 3304 4554 malorum
3355 4504 3679 4556 creatorem

2021 4604 2149 4644 esse
2181 4588 2357 4643 dicat.
2394 4592 2580 4659 Atque
2636 4586 2721 4641 illi
2768 4586 3009 4658 quidem
3069 4586 3266 4657 aliqua
3317 4588 3462 4643 forte
3509 4587 3678 4642 venia

1946 4698 1990 4762 D
2023 4678 2186 4749 digni
2218 4681 2379 4745 sunt,
2412 4678 2511 4749 qui
2547 4691 2731 4747 neque
2764 4675 3137 4747 prapheticos
3169 4690 3473 4731 sermones
3501 4675 3676 4731 audi-

2026 4768 2237 4836 vcrint,
2287 4782 2475 4838 neque
2530 4770 2766 4821 sanctos
2824 4762 3122 4837 apostolos
3180 4763 3282 4819 viae
3339 4764 3520 4820 duces
3569 4764 3679 4821 ha-

2024 4856 2280 4924 buerint,
2314 4857 2414 4913 sed
2446 4854 2585 4912 solis
2626 4852 2982 4924 conjecturis
3036 4868 3229 4910 rerum
3281 4853 3679 4927 cognitionem

2024 4946 2322 5003 consecuti
2355 4944 2493 5000 sint.
2526 4943 2594 4998 Hi
2628 4958 2763 4998 vero
2812 4941 3035 5014 quales,
3097 4957 3317 5013 quaeso,
3378 4959 3681 5015 quamque

2024 5052 2130 5094 sua
2157 5034 2457 5108 impietate
2473 5032 2679 5105 dignas
2702 5049 2900 5104 poenas
2930 5030 3116 5099 luent,
3147 5032 3250 5103 qui
3283 5048 3417 5089 cum
3452 5033 3679 5089 sanctis

2023 5126 2354 5182 fruerentur
2383 5120 2728 5194 Evangeliis,
2763 5122 2834 5176 ab
2875 5136 3078 5176 eorum
3125 5119 3348 5177 lumine
3395 5123 3466 5178 ad
3514 5129 3678 5178 tene-

2022 5216 2180 5279 bras,
2215 5229 2374 5271 more
2408 5217 2754 5268 noctuarum
2798 5210 3259 5282 transfugerunt.
3311 5211 3457 5276 Quia
3513 5211 3672 5268 enim

2021 5305 2257 5361 cuilibet
2291 5305 2397 5359 arti
2448 5301 2601 5356 inter
2653 5300 2924 5357 homines
2974 5302 3216 5357 materia
3265 5301 3527 5371 subjecta
3576 5304 3668 5356 est

2021 5412 2191 5466 opus,
2223 5392 2505 5464 suspicati
2550 5396 2687 5445 sunt
2732 5389 3006 5446 vecordes
3047 5390 3156 5459 illi,
3191 5406 3260 5445 ne
3313 5389 3498 5445 Deum
3530 5389 3669 5462 qui-

2020 5484 2152 5539 dem
2179 5482 2501 5554 quidquam
2534 5480 2661 5536 sine
2713 5480 2955 5536 materia
3003 5495 3194 5536 creare
3240 5477 3536 5551 potuisse:
3572 5495 3679 5536 nec

2020 5570 2456 5640 intellexerunt,
2494 5574 2781 5644 quantum
2814 5569 2968 5627 inter
3001 5585 3065 5626 se
3084 5568 3237 5628 Deus
3261 5573 3319 5629 et
3348 5568 3520 5627 homo
3550 5569 3674 5625 dif-

3278 5847 3354 5908 42
