4054 6408
379 433 536 498 1323

1701 427 2022 494 ΝΙΟΕΤιΕ
2065 421 2512 488 CHONIATJE.

3649 436 3809 498 1324

375 569 586 638 ferant,
618 565 860 638 ﬁerique
917 581 1032 623 non
1093 583 1286 640 posse,
1343 570 1410 623 ut
1461 566 1653 640 imago
1702 565 1804 622 illa
1832 561 2016 621 omnia

2145 557 2320 612 πάντα
2350 555 2523 632 ἔχειν,
2581 557 2682 613 ὅσα
2733 559 2798 614 τὸ
2846 559 3174 636 ἀρχέτυπον·
3229 563 3322 619 καὶ
3371 564 3456 619 δτι
3508 563 3810 640 ἅνθρωπος

377 655 1014 730 consequatur,quibus
1045 657 1426 730 archetypum
1477 657 1846 714 nobilitatum
1897 659 2030 712 est:

379 747 680 804 hominem
714 755 1002 818 praeterea,
1055 749 1336 819 tanquam
1392 747 1733 820 imaginem,
1779 745 1828 802 si
1891 743 2033 816 quid

383 840 560 907 creet,
589 835 646 891 id
677 851 747 892 ex
775 835 847 892 iis
879 851 1092 904 creare,
1127 853 1253 908 quae
1286 837 1342 893 in
1377 853 1571 894 rerum
1606 841 1817 892 natura
1847 837 2032 904 sunt;

384 927 567 981 Deum
598 941 731 982 vero
787 929 845 980 et
897 940 967 980 ex
1014 925 1088 980 iis
1137 943 1269 996 quas
1330 929 1490 997 sunt,
1519 930 1575 982 et
1627 926 1700 982 iis
1739 941 1866 997 qua:
1914 939 2032 978 non

385 1019 526 1071 sunt
557 1035 572 1084 ;
605 1014 660 1070 id
695 1013 848 1086 quod
904 1019 1100 1086 aperte
1155 1031 1322 1072 sacra
1377 1021 1626 1072 testatur
1682 1014 2029 1086 Scriptura:

379 1105 693 1177 Apostolus
723 1105 878 1162 enim
911 1105 992 1162 ait
1024 1122 1037 1161 ε
1070 1108 1204 1163 Fide
1234 1107 1604 1176 intelligimus
1635 1111 1834 1178 aptata
1860 1106 2034 1177 fuisse

378 1196 577 1251 smcula
613 1194 778 1252 Verbo
811 1195 932 1262 Dei,
983 1202 1047 1251 ut
1094 1213 1164 1252 ex
1211 1196 1594 1253 inuisibilibus
1641 1195 1890 1252 risibilia
1937 1194 2032 1250 ﬁc-

379 1285 704 1354 rent“.Qui
730 1293 881 1341 vocat
907 1301 970 1342 ea
999 1300 1127 1358 quae
1156 1301 1264 1342 non
1297 1289 1446 1356 sunt,
1504 1293 1770 1358 tanquam
1805 1301 1869 1340 ea
1910 1299 2034 1356 quae

373 1378 504 1430 sunt
531 1373 600 1408 ⁵⁷·
636 1375 823 1431 Moses
856 1391 1050 1446 porro,
1111 1375 1208 1447 qui
1267 1376 1338 1432 de
1407 1375 1614 1431 mundi
1655 1373 2031 1446 generatione

375 1467 1065 1540 conscripsithistoriam,
1101 1466 1301 1523 docuit
1355 1484 1626 1539 quaenam
1667 1483 1736 1522 ex
1783 1467 1856 1521 iis
1902 1481 2030 1536 qua:

375 1573 493 1613 non
529 1561 988 1628 crant,quanam
1023 1557 1198 1613 etiam
1231 1573 1298 1612 ex
1330 1557 1402 1613 iis
1445 1573 1576 1628 quae
1607 1559 1772 1613 erant
1793 1553 2026 1610 creavit.

375 1645 462 1702 Ait
492 1645 666 1716 enim,
695 1646 764 1700 1η
791 1646 1071 1718 principio
1127 1645 1337 1702 creavit
1385 1647 1524 1702 Deus
1581 1646 1778 1702 calum
1835 1651 1889 1702 et
1917 1647 2031 1699 ter-

375 1752 518 1792 ram.
557 1737 770 1791 Lumen
828 1735 1030 1790 itidem
1085 1751 1153 1790 ex
1209 1735 1282 1791 iis
1323 1752 1447 1806 quae
1480 1753 1594 1791 non
1627 1739 1794 1792 erant
1821 1733 2031 1790 condi-

377 1825 486 1882 dit.
521 1825 672 1879 Dixit
700 1823 856 1879 enim
888 1823 1231 1880 Deustiat
1281 1825 1403 1892 lux,
1455 1831 1511 1881 et
1567 1827 1714 1895 facta
1771 1831 1850 1880 est
1906 1824 2026 1878 lux.

376 1911 840 1969 Firmamentum
880 1918 1075 1968 autem
1109 1929 1176 1969 ex
1209 1912 1282 1969 iis
1313 1930 1440 1986 quas
1467 1914 1592 1986 jam
1643 1917 1832 1969 creata
1863 1915 2030 1968 erant
2060 1939 2106 2006 Β

375 2002 668 2074 produxit.
698 2001 831 2059 Fiat
863 2001 1044 2070 enim,
1079 2002 1293 2074 inquit,
1325 2004 1740 2074 ﬁrmamentum
1769 2001 1828 2058 in
1851 2000 2027 2058 medio

370 2109 525 2163 aqum
553 2093 603 2148 et
628 2090 1080 2162 dividataquam
1107 2092 1175 2148 ab
1205 2108 1370 2166 aqua.
1415 2092 1654 2149 Semina
1703 2091 1950 2164 insuper
1971 2093 2031 2147 et

372 2180 604 2253 plantas
634 2183 790 2236 terra
817 2195 1112 2254 emergere
1148 2181 1355 2252 jussit,
1407 2181 1910 2253 quemadmodum
1959 2195 2030 2236 ex

371 2268 546 2324 variis
579 2283 812 2340 quoque
841 2267 1238 2325 animantium
1279 2269 1592 2342 generibus
1645 2285 1713 2325 ea
1754 2284 1824 2324 ex
1857 2267 2028 2340 aquis

371 2365 698 2429 versantur,
733 2374 980 2432 quaeque
1021 2359 1163 2415 adeo
1213 2352 1472 2435 ἀμφίϐια,
1503 2357 1614 2415 hoc
1657 2362 1748 2414 est
1779 2374 1934 2413 nunc
1967 2357 2026 2413 in

373 2448 562 2519 aquis,
597 2465 752 2504 nunc
782 2448 842 2504 in
877 2453 1031 2504 terra
1085 2449 1354 2520 degentia
1410 2449 1710 2515 dicuntur,
1763 2463 1832 2502 ex
1877 2457 2030 2503 terra

373 2541 566 2592 autem
601 2537 1012 2610 quadrupedes
1069 2543 1128 2592 et
1159 2537 1410 2610 reptilia.
1467 2539 1540 2592 At
1605 2536 1904 2592 hominem
1959 2552 2027 2592 ex

371 2625 444 2682 iis
475 2643 604 2698 qua:
637 2643 752 2683 non
785 2630 953 2684 erant
993 2630 1049 2682 et
1104 2643 1173 2682 ex
1229 2626 1304 2683 iis
1357 2642 1486 2697 quas
1540 2632 1704 2681 erant
1759 2623 2024 2682 creavit:

373 2731 614 2788 corpore
654 2715 892 2788 quidem
949 2731 1016 2770 ex
1065 2715 1206 2771 limo
1255 2721 1426 2771 terrae
1477 2714 1785 2786 plasmato,
1833 2713 2030 2770 anima

371 2809 570 2860 autem
603 2821 669 2860 ex
713 2805 895 2862 nihilo
953 2805 1176 2861 eﬂ‘ecta.
1239 2804 1356 2861 Nec
1403 2805 1581 2874 enim,
1617 2804 1770 2876 quod
1846 2803 2030 2876 impia

367 2894 680 2952 Marcionis
709 2895 903 2967 opinio
935 2895 1165 2964 astruit,
1197 2894 1395 2950 anima
1415 2895 1674 2965 ejusdem
1704 2909 1838 2949 cum
1863 2894 2028 2949 Crea-

368 2987 496 3040 tore
523 2984 868 3041 substantiae
903 2988 1013 3050 est,
1045 2985 1146 3041 sed
1183 3000 1252 3040 ex
1283 2983 1466 3039 nihilo
1493 2988 1708 3041 creata.

437 3072 600 3138 Quod
633 3073 877 3146 insuper
907 3073 1090 3129 Vetus
1139 3074 1576 3129 Testamentum
1639 3070 2029 3144 blasphemiis

364 3161 492 3218 suis
521 3160 788 3232 incessit,
821 3177 1046 3218 necnon
1079 3177 1212 3216 eum
1266 3161 1366 3233 qui
1416 3162 1648 3216 locutus
1689 3165 1780 3217 est
1809 3160 1867 3216 in
1901 3158 2022 3230 illo,

365 3251 652 3322 antiquat,
685 3257 860 3322 atque
883 3249 1061 3305 etiam
1095 3248 1226 3317 soli,
1269 3249 1422 3305 lunae
1473 3253 1531 3304 et
1587 3249 1764 3304 astris
1797 3251 2018 3304 cultum

365 3339 628 3394 divinum
653 3337 906 3404 exhibet,
949 3337 1276 3410 herbasque
1323 3342 1382 3392 et
1429 3337 1664 3394 arbores
1715 3337 2020 3395 frondibus

367 3427 482 3483 alte
511 3434 830 3494 comantes,
866 3442 1090 3482 necnon
1153 3443 1339 3497 aquas
1395 3442 1680 3497 perennes
1729 3427 2018 3484 animatas

368 3529 496 3570 esse
521 3511 844 3579 contendit,
896 3511 1128 3586 aliaque
1185 3513 1528 3584 hujusmodi
1577 3515 1836 3570 absurda
1893 3532 2020 3588 pro-

371 3605 553 3676 ponit,
585 3601 722 3658 inde
751 3601 998 3670 indicat,
1057 3619 1232 3674 quam
1293 3618 1427 3659 vere
1485 3602 1592 3656 ἀπὸ
1645 3609 1746 3672 τῆς
1799 3603 2016 3676 μανίας,

371 3709 474 3748 seu
507 3693 580 3748 ab
623 3692 875 3762 insania,
926 3693 1354 3762 denominetur,
1407 3709 1473 3749 ex
1531 3710 1646 3764 qua
1693 3711 2014 3767 cognomen

367 3798 602 3854 quoque
624 3781 826 3838 merito
855 3783 1133 3855 adeptum
1165 3797 1296 3838 esse
1321 3787 1481 3854 puto.
1507 3781 1580 3838 Ut
1605 3787 1829 3840 taceam
1857 3785 2014 3856 quod

365 3871 728 3942 sexagesimo
767 3871 966 3944 legum
1004 3871 1150 3928 libro
1207 3877 1464 3940 cavetur,
1534 3889 1606 3928 ne
1647 3875 1776 3944 quis
1832 3873 2018 3930 Mani-

360 3960 538 4017 chaeis
562 3977 628 4016 cx
645 3965 1019 4028 testamento,
1044 3971 1143 4019 aut
1183 3963 1254 4018 ab
1281 3963 1558 4020 intestato
1585 3965 1878 4034 succedat,
1911 3963 2012 4020 sed

358 4051 514 4108 bona
543 4067 744 4108 eorum
779 4052 981 4108 aerario
1045 4053 1277 4124 publico
1337 4053 1684 4109 inferantur.
1731 4057 2012 4108 Caeterum

353 4141 562 4198 iterato
593 4143 988 4214 baptizantur,
1018 4143 1066 4199 si
1118 4143 1218 4216 qui
1271 4159 1340 4199 ex
1377 4142 1497 4200 illis
1540 4144 1613 4200 ad
1654 4143 2011 4216 inculpatam

351 4237 612 4287 nostram
646 4233 822 4289 ﬁdem
856 4249 920 4288 se
949 4231 1252 4304 recipiant.
1295 4233 1505 4290 Eorum
1567 4233 1720 4290 enim
1775 4232 2013 4290 heresis

345 4323 665 4378 etiamnum
694 4328 1019 4394 grassatur,
1055 4323 1560 4396 Cubricorumque
1623 4323 1730 4380 vici
1779 4327 1837 4380 et
1866 4341 2009 4396 prea-

343 4409 498 4467 diola
537 4411 693 4468 circa
721 4411 1168 4484 Apolloniadem
1199 4414 1316 4470 sita
1347 4418 1516 4470 sunt.

944 4575 1102 4632 CAP.
1149 4575 1404 4634 XXXIV.

339 4717 634 4775 Tricenma
647 4721 850 4792 quarta
864 4717 1106 4790 haeresis,
1118 4720 1530 4778 Hicracilarum
1541 4765 1552 4776 .
1563 4720 1630 4777 Ili
1645 4724 1987 4792 tinguuntur.

405 4849 654 4915 Quidam
685 4849 960 4908 Hieracas
985 4851 1222 4908 nomine
1257 4851 1315 4907 in
1340 4855 1596 4908 Leonum
1646 4853 1873 4926 Egypti
1907 4853 1990 4911 ci-

333 4937 506 4993 vitate
535 4939 719 4996 fuisse
747 4941 956 5007 fertur,
989 4941 1089 5014 qui
1124 4957 1241 4998 non
1279 4947 1509 4998 tantum
1559 4941 1987 5016 Egyptiorum,

330 5027 432 5082 sed
469 5026 805 5085 Graecorum
836 5029 1097 5102 linguam
1131 5029 1402 5096 callebat,
1433 5030 1715 5102 omnique
1754 5032 1986 5090 dicendi

330 5131 540 5188 genere
562 5119 940 5185 exercitatus,
975 5124 1149 5192 atque
1173 5119 1230 5175 in
1261 5125 1384 5176 arte
1411 5120 1984 5194 medicosopbistica,

326 5207 744 5276 astronomica,
776 5209 1042 5266 fortassis
1073 5209 1251 5266 etiam
1305 5210 1553 5282 magica,
1586 5227 1698 5266 non
1760 5214 1984 5270 medio-

326 5295 500 5350 criter
528 5299 814 5352 versatus.
869 5296 975 5354 llic
1021 5313 1156 5353 cum
1207 5315 1395 5355 annos
1431 5299 1502 5355 ad
1563 5299 1760 5371 plures
1811 5319 1988 5358 nona-

325 5384 487 5452 ginta
515 5388 700 5442 vitam
733 5387 1137 5458 protraxisset,
1184 5389 1427 5460 pulchre
1477 5394 1532 5446 et
1584 5389 1882 5465 eleganter
1909 5395 1982 5450 ad

324 5485 667 5540 supremum
702 5491 888 5546 usque
905 5475 1036 5532 vitae
1069 5477 1245 5545 diem,
1280 5479 1430 5536 citra
1453 5479 1636 5537 ullam
1677 5482 1982 5542 oculorum

323 5558 703 5621 offensionem
737 5564 990 5623 scribere
1035 5567 1300 5638 perrexit,
1359 5569 1503 5626 adeo
1549 5570 1882 5642 continens,
1915 5576 1982 5630 ut

397 5725 444 5764 ⁵⁸
471 5731 612 5794 Heb.
644 5751 705 5802 II,
739 5734 792 5788 3.
872 5737 916 5773 ³⁷
946 5738 1113 5798 Rom.
1146 5755 1222 5810 IV,
1257 5740 1341 5797 17.

2149 648 2244 722 μὶν
2274 648 2349 711 ὡς
2381 648 2542 708 εἶκὼν
2571 647 2632 704 ἐκ
2659 653 2760 706 νῶν
2804 649 2976 708 ὃντων
3027 649 3378 732 δημιουργεῖ,
3430 658 3561 721 Θεὸς
3609 655 3668 714 δὲ
3714 660 3808 714 καὶ

2143 735 2194 806 ἐξ
2227 737 2395 792 ὄντων
2425 738 2515 792 καὶ
2551 739 2628 811 μὴ
2659 733 2850 794 ὄντων·
2882 739 3166 798 καὶτοῦτο
3211 748 3396 822 σαφῶς
3443 748 3596 819 ἡμᾶς
3643 741 3808 801 διδά-

2143 824 2225 896 ξει
2261 828 2297 895 ἡ
2349 825 2463 890 θεία
2525 829 2734 903 Γραφή·
2803 829 2830 884 ὁ
2902 829 2998 902 μὲν
3054 830 3158 906 γὰρ
3227 831 3574 897 ’Δπόστολος
3641 833 3802 912 φησί’

2143 915 2330 971 Πίστει
2405 919 2636 989 νοοῦμεν
2712 919 3075 994 κατηρτίσθαι
3133 921 3281 995 [τοὺς
3375 921 3602 997 αἰῶνας]
3699 923 3804 997 ῥή-

2146 1025 2274 1078 ματι
2306 1007 2440 1060 Θεοῦ
2481 1004 2558 1068 εἰς
2611 1006 2675 1062 τὸ
2739 1007 2817 1078 μή
2885 1005 3292 1082 ἐκφαινομένων
3353 1013 3421 1066 τὰ
3477 1012 3802 1088 βλεπόμενα

2140 1094 2437 1171 γεγονέναι·
2497 1095 2588 1150 καί
2647 1094 2831 1152 πάλιν
2886 1099 2956 1156 "0
3015 1095 3202 1155 καλῶν
3267 1101 3337 1156 τὰ
3391 1103 3468 1175 μὴ
3529 1097 3664 1158 ὄντα
3722 1104 3804 1166 ὡς

2140 1179 2290 1240 ὄντα.
2335 1184 2398 1240 Ὀ
2447 1179 2504 1239 δὲ
2546 1185 2646 1254 τήν
2697 1185 3087 1262 κοσμογένειαν
3136 1187 3346 1264 γράψας
3389 1195 3635 1260 Μωϋσῆς
3694 1189 3810 1247 ἐδί-

2141 1271 2264 1344 δαξε
2293 1273 2410 1328 τίνα
2446 1273 2540 1348 μὲν
2570 1272 2631 1330 ἐκ
2665 1276 2740 1348 μὴ
2777 1270 2968 1349 ὄντων,
2999 1275 3120 1334 τίνα
3179 1275 3238 1333 δὲ
3283 1277 3336 1351 ἐξ
3367 1277 3538 1335 ὄντων
3599 1281 3804 1353 ἐποίη-

2142 1385 2227 1420 σεν
2261 1364 2337 1427 ὡς
2361 1362 2722 1441 δημιουργός“
2754 1365 2844 1420 καὶ
2871 1367 2956 1422 ’ὁτι
2989 1367 3076 1422 τὸν
3127 1368 3224 1440 μὲν
3277 1367 3505 1444 οὐρανὸν
3551 1369 3647 1426 καὶ
3697 1372 3804 1442 τὴν

2137 1460 2238 1533 γῆν
2273 1457 2460 1512 καὶτὰ
2515 1453 2662 1512 ἄλλα
2713 1461 2962 1534 στοιχεῖα
3013 1455 3073 1511 ἐκ
3125 1458 3202 1530 μὴ
3247 1451 3418 1512 ὄντων
3468 1459 3801 1530 πεποίηκεν.

2139 1550 2227 1604 Ἐν
2288 1549 2438 1627 ἀρχῇ
2485 1549 2613 1624 γὰρ,
2674 1547 2861 1624 φησὶν,
2917 1545 3172 1619 ἐποίησεν
3221 1550 3250 1604 ὁ
3290 1551 3422 1614 Θεός
3477 1552 3570 1606 τὸν
3624 1551 3804 1626 οὖρα-

2139 1638 2230 1693 νὸν
2283 1639 2375 1692 καὶ
2431 1638 2530 1708 τὴν
2572 1643 2700 1713 γῆν
2751 1635 2842 1692 καὶ
2895 1637 2957 1692 τὸ
3011 1641 3127 1717 φῶς
3179 1635 3238 1693 δὲ
3287 1639 3550 1704 ὡσαύτως
3602 1641 3666 1698 ἐκ
3722 1643 3802 1716 μή

2139 1724 2308 1782 ὅντων
2339 1723 2790 1802 ἐδημιοῦρτησεν·
2846 1726 2982 1781 Eine
3033 1727 3156 1800 γὰρ,
3207 1728 3371 1808 φησὶν
3416 1729 3444 1784 ὁ
3499 1730 3654 1792 Θεός’
3710 1737 3806 1786 Γε-

2138 1819 2362 1887 νηθήτω
2389 1815 2648 1894 eam,va
2699 1815 2910 1892 ἐγένετο
2969 1821 3104 1895 φῶς.
3165 1817 3241 1874 Τὸ
3300 1814 3357 1873 δὲ
3415 1817 3704 1894 στερέωμα
3743 1819 3807 1876 ἐκ

2137 1910 2246 1962 τῶν
2304 1903 2414 1976 ἢδη
2470 1905 2841 1982 γεγενημένων
2893 1908 3231 1982 παρήγαγεν·
3299 1911 3594 1980 Γενηθήτω
3666 1911 3802 1987 γὰρ.

2136 1997 2290 2076 φησὶ,
2359 1994 2641 2073 στερέωμα
2703 1995 2756 2051 ἐν
2830 1995 2978 2068 μέσῳ
3041 2001 3139 2052 τοῦ
3206 1995 3424 2068 ὕδατος,
3491 1998 3585 2053 καὶ
3654 1993 3803 2056 ἔστω

2137 2084 2475 2162 διαχωρίζον
2526 2085 2627 2140 ἀνὰ
2680 2085 2840 2160 μέσον
2897 2082 3092 2148 ὕδατος
3148 2086 3240 2142 καὶ
3293 2087 3512 2151 ὕδατος.
3572 2090 3683 2147 Καὶ
3737 2091 3805 2146 τὰ

2137 2178 2420 2252 σπέρματα
2451 2173 2508 2231 δὲ
2549 2175 2641 2231 καὶ
2692 2178 2762 2232 τὰ
2807 2177 2947 2256 φυτὰ
2996 2173 3057 2231 ἐκ
3103 2183 3208 2254 γῆς
3261 2176 3571 2253 βλαστῆσαι
3619 2199 3804 2254 προσ-

2136 2263 2335 2340 έταξεν
2371 2264 2552 2340 ὣσπερ
2584 2266 2674 2320 καὶ
2721 2269 2828 2320 τῶν
2875 2263 3098 2340 ἀλόγων
3152 2267 3307 2335 ζώων
3347 2266 3414 2322 τὰ
3465 2267 3599 2343 γὲνη
3655 2290 3806 2346 παρ-

2138 2357 2362 2432 ήγαγενο
2392 2353 2452 2411 ἐκ
2487 2355 2580 2429 μὲν
2613 2359 2720 2410 τῶν
2775 2351 2986 2410 ὑδάτων
3029 2355 3096 2410 τὰ
3145 2355 3438 2431 ἀεροπὸρα,
3478 2359 3572 2414 καὶ
3627 2359 3700 2414 τὰ
3752 2357 3805 2414 ἒν

2135 2451 2252 2507 τοῖς
2283 2443 2439 2500 ὕδασι
2485 2441 2934 2520 διαπορευόμενοι,
2984 2443 3074 2500 καὶ
3116 2445 3184 2500 τὰ
3230 2441 3467 2522 ἀμφίϐια
3514 2468 3806 2525 προσαγο-

2139 2536 2420 2612 ρευόμενα·
2455 2535 2515 2590 ὲκ
2558 2532 2618 2589 δὲ
2669 2541 2769 2604 τῆς
2799 2540 2906 2608 γῆς
2961 2533 3028 2589 τὰ
3081 2533 3386 2610 τετρᾶποδα
3432 2537 3522 2592 καὶ
3580 2539 3650 2593 τὰ
3710 2540 3809 2614 ἕρ-

2134 2626 2292 2682 πετά.
2355 2624 2463 2682 Τὸν
2524 2620 2582 2679 δὲ
2622 2622 2902 2698 ἄνθρωπον
2961 2623 3012 2696 ἐξ
3073 2623 3174 2680 όύκ
3231 2624 3402 2680 ὄντων
3463 2627 3552 2682 καὶ
3621 2624 3806 2686 ὄντων

2138 2715 2382 2785 ἐποίησε
2442 2713 2505 2768 τὸ
2567 2713 2660 2786 μὲν
2720 2716 2880 2787 σῶμα
2939 2709 3197 2769 διέπλασε
3254 2719 3390 2790 χοῦν
3449 2711 3638 2772 λαϐὼν
3691 2718 3806 2774 ἀπὸ

2131 2811 2232 2875 τῆς
2261 2806 2386 2880 γῆς·
2417 2804 2516 2873 τήν
2551 2800 2608 2858 δὲ
2641 2803 2828 2878 ψυχὴν
2869 2801 2928 2856 ἐκ
2971 2803 3048 2875 μὴ
3099 2800 3268 2860 ὂντων
3319 2801 3801 2884 ἐδημιούργησεν.

2134 2893 2197 2950 οὗ
2228 2895 2354 2969 γὰρ,
2385 2893 2524 2948 κατὰ
2550 2892 2642 2948 τὸν
2690 2887 2920 2961 δυσσεϐῆ
2971 2893 3294 2968 Μαρκίωνος
3351 2893 3546 2972 λόγον⁷
3593 2897 3779 2968 ὁμοοῦ

2136 2983 2252 3048 σιὸς
2283 2982 2486 3053 ἒστινὴ
2520 2982 2674 3059 ψυχὴ
2705 2985 2801 3037 τοῦ
2851 2981 3240 3052 πεποιηκότος,
3297 2983 3424 3048 ἀᾼλ⁹
3471 2984 3532 3040 ἐκ
3584 2987 3662 3058 μή
3716 2987 3808 3042 ὃν-

2133 3094 2225 3134 τος
2256 3070 2516 3130 ἔκτισται.

2201 3160 2384 3219 Ἀλλᾶ
2413 3162 2500 3217 καὶ
2525 3162 2624 3230 τὴν
2660 3159 2900 3217 Παλαιὰν
2947 3161 3293 3241 βλασφημῶν
3347 3165 3651 3237 Διαθήκην,
3705 3167 3806 3223 καὶ

2129 3256 2222 3310 τὸν
2255 3253 2305 3309 ἐν
2335 3252 2472 3326 αὐτῇ
2522 3248 2841 3322 λαλήσαντα
2898 3251 3118 3321 ἀθετῶν,
3164 3253 3395 3324 καθεξῆς
3447 3251 3508 3310 δὲ
3551 3256 3650 3310 καὶ
3707 3279 3806 3314 es-

2135 3345 2301 3419 λήγῃ,
2332 3341 2423 3397 καὶ
2473 3339 2646 3413 ἡλίῳ,
2675 3339 2768 3396 καὶ
2814 3345 2932 3403 τοῖς
2975 3342 3198 3417 ἀστράσι
3255 3339 3416 3408 σέϐας
3462 3343 3803 3421 ἀποδιδοὺς,

2131 3431 2220 3489 καὶ
2257 3427 2502 3508 βοτᾶνας,
2533 3426 2628 3483 καῖ
2655 3424 2845 3502 δένδρα
2877 3427 3206 3502 ὑψιπέταλα,
3240 3430 3327 3485 καὶ
3378 3429 3576 3487 ἀὲνναα
3623 3429 3806 3490 ὕδατα

2131 3517 2358 3599 ἔμψυχα
2403 3520 2540 3574 εἶναι
2595 3515 2845 3589 οἰόμενος
2891 3517 2982 3572 καὶ
3026 3514 3164 3593 ἕτερ’
3223 3519 3357 3576 ἄττα
3415 3523 3804 3600 φθεγγόμενος

2131 3612 2331 3682 ἃτοπα,
2382 3608 2708 3686 φερώνυμον
2768 3606 2953 3662 ἑαυτὸν
3002 3605 3223 3680 ἀληθῶς
3267 3617 3370 3680 τῆς
3423 3611 3622 3683 μανίας
3683 3611 3803 3669 δεί-

2127 3720 2331 3758 κνυσινο
2365 3700 2416 3768 ἐξ
2449 3699 2538 3768 ἧς,
2581 3696 2760 3770 οἶμαι,
2813 3695 2904 3750 καὶ
2959 3699 3060 3768 τήν
3116 3701 3508 3775 προσωνυμίαν
3558 3698 3803 3764 δικαίως

2129 3792 2410 3862 ἐκτήσατο.
2454 3787 2636 3847 Ἀλλᾶ
2679 3787 2770 3842 καὶ
2802 3787 3022 3860 ὁνόμος
3069 3789 3120 3844 ἐν
3167 3789 3447 3862 ἑξηκοστῷ
3498 3812 3641 3864 φησι
3707 3794 3802 3867 βι-

2127 3875 2275 3954 ϐλίῳ
2310 3878 2520 3954 μηδένα
2556 3879 2681 3943 τοὺς
2737 3879 3081 3958 Μανιχαίους
3129 3877 3498 3954 κληρονομεῖν
3551 3877 3618 3934 ἐκ
3667 3877 3803 3936 δια-

2125 3973 2300 4043 θήκης
2331 3972 2367 4042 ἢ
2399 3969 2450 4042 ἐξ
2483 3969 2786 4040 ἀδιαθέτου,
2815 3970 2885 4025 τὰ
2922 3967 2979 4024 δὲ
3009 3969 3302 4044 πράγματα
3355 3969 3537 4024 αὐτῶν
3592 3969 3674 4032 εἷς
3731 3971 3800 4026 τὸ

2125 4057 2393 4135 δημόσιον
2460 4059 2864 4134 εἰσκομίζεσθαι
2927 4063 3205 4132 ταμιεῖον.
3293 4053 3801 4129 Ἀναϐαπτέζονται

2124 4146 2182 4205 δὲ
2233 4151 2290 4204 οἳ
2351 4148 2411 4205 ἐκ
2464 4149 2671 4206 τούτων
2727 4152 2797 4224 τῇ
2863 4150 3160 4222 ἀμωμήτῳ
3225 4150 3388 4221 ἡμῶν
3455 4145 3800 4224 προσιόντες

2123 4241 2318 4299 πίστει·
2351 4237 2432 4298 ἔτι
2460 4243 2567 4318 γὰρ
2609 4244 2644 4312 ἡ
2701 4243 2909 4317 αἳρεσις
2963 4239 3100 4312 αὕτη
3160 4238 3460 4316 ἐπικρατεῖ,
3511 4241 3613 4296 καὶ
3676 4248 3803 4298 κῶ-

2123 4334 2222 4407 μαί
2273 4331 2379 4388 εἶσι
2438 4332 2529 4387 καὶ
2584 4329 2867 4402 κτησείδια
2921 4334 3029 4387 τῶν
3089 4325 3404 4405 Κουϐρίκων
3472 4332 3606 4408 περὶ
3687 4335 3802 4404 τῆν

2121 4417 2546 4479 Ἀπολλωνιάδα
2573 4421 2815 4495 κείμενα.

2117 4607 2152 4646 a
2179 4587 2328 4648 cibis
2357 4602 2718 4659 omnegenus
2749 4590 2806 4642 et
2828 4584 2962 4642 vino
2991 4583 3331 4653 abstineret,
3363 4600 3626 4658 cumque
3657 4587 3802 4644 vul-

2023 4685 2070 4750 D
2102 4695 2213 4753 gus
2242 4683 2406 4735 tanto
2459 4677 2672 4733 mentis
2737 4674 3010 4732 exercitio
3063 4675 3503 4748 perterruisset,
3557 4689 3790 4733 eorum

2100 4768 2316 4826 animis
2373 4771 2439 4823 ut
2487 4765 2604 4823 sibi
2665 4764 3050 4830 adhaererent,
3107 4769 3168 4820 et
3223 4763 3789 4836 agglutinarentur,

2101 4858 2449 4930 persuadere
2479 4854 2670 4928 potuit
2697 4857 2816 4920 Quo
2850 4853 3067 4912 factum
3101 4857 3210 4920 est,
3245 4858 3310 4910 ut
3357 4853 3789 4927 Egyptiorum

2099 4947 2525 5006 monachorum
2557 4944 2822 5018 plerique
2855 4943 3108 5000 haeresin
3139 4945 3269 5017 ejus
3313 4943 3567 5016 amplexi
3623 4946 3787 5005 sint.

2098 5043 2404 5096 Haereseos
2433 5039 2631 5094 autem
2665 5035 2962 5108 praecipua
2993 5034 3184 5107 capita
3232 5033 3582 5106 hujusmodi
3641 5036 3785 5094 fue~

2095 5132 2258 5185 runt.

2165 5217 2438 5274 Hieracas
2463 5215 2561 5272 hic
2580 5213 2762 5272 Vetus
2785 5218 2842 5270 et
2861 5213 3085 5270 Novum
3119 5213 3562 5270 Testamentum
3598 5213 3785 5272 velut

2094 5311 2476 5379 expectorans
2504 5305 3022 5376 interpretabatur,
3072 5302 3376 5376 librosque
3411 5304 3780 5378 Egyptiaco

2093 5402 2151 5454 et
2178 5399 2374 5452 Graeco
2405 5409 2674 5452 sermone
2703 5395 3111 5466 componebat.
3149 5395 3298 5466 Ejus
3339 5409 3512 5464 porro
3571 5394 3780 5451 inter-

2092 5488 2340 5559 pretatio
2365 5484 2764 5542 deliramentis
2787 5483 3054 5556 Origenis
3074 5482 3358 5538 assimilis
3383 5487 3510 5540 erat
3537 5483 3777 5554 ενοι-ἷξε

2094 5575 2374 5633 nimirum
2396 5573 2610 5632 tabulis
2633 5574 2847 5631 referta
2866 5589 3089 5631 necnon
3125 5571 3442 5646 allegoriis,
3465 5589 3594 5644 quae
3628 5590 3744 5632 ver
