4054 6386
257 455 418 520 1325

1605 436 2010 504 THESAURI
2057 436 2210 496 LIB.
2260 435 2364 498 IV.

3512 435 3673 495 132.6

255 593 468 649 borum
503 590 650 645 fastu
675 588 997 644 scatebunt.
1029 587 1111 640 Ex
1142 600 1253 655 quo
1286 581 1476 638 evenit
1507 583 1589 648 ut,
1625 598 1758 638 cum
1793 583 1905 642 sibi
1936 591 1988 658 Α
2023 589 2321 656 assimilis,
2353 588 2478 656 ipso
2514 588 2584 642 ad
2617 588 2802 643 Deum
2833 605 3078 645 ascensu
3125 588 3544 651 innovaretur;
3577 589 3679 646 sed

262 681 498 753 sapiens
529 679 849 740 videretur,
883 678 1157 748 dogmata
1187 674 1246 728 in
1290 677 1590 745 posterum
1644 691 1748 744 pro
1782 675 1912 730 libi-

266 773 400 828 dine
431 773 799 842 proponeret.
833 766 978 821 Nam
1038 765 1163 836 ipse
1207 780 1444 836 quoque
1481 765 1673 820 carnis
1718 781 1913 820 resur-

268 861 579 918 rectionem
618 857 958 928 antiquavit,
1000 855 1380 926 animamque
1411 854 1596 909 solam
1619 869 1916 925 resurgere

271 949 568 1006 fabulatus
589 953 696 1013 est,
719 947 858 1019 quia
899 945 1179 1001 nimirum
1204 943 1529 1016 spiritualis
1571 945 1917 998 resurrectio

269 1041 364 1097 sit.
392 1039 743 1095 Paradisum
777 1036 1053 1093 sensilem
1086 1051 1214 1091 esse
1245 1034 1406 1090 nullo
1439 1036 1612 1090 modo
1643 1033 1913 1089 admitte.

269 1129 387 1184 bat.
422 1127 668 1196 Nuptias
698 1127 758 1182 in
801 1125 996 1181 Veteri
1046 1124 1418 1178 Testamento
1467 1121 1752 1177 duntaxat
1795 1136 1914 1192 per-

267 1216 488 1271 missas
523 1215 722 1283 fuisse,
757 1217 892 1285 post
936 1209 1150 1268 Christi
1199 1214 1393 1266 autem
1446 1208 1758 1264 adventum
1803 1223 1916 1262 non

264 1305 522 1375 amplius
552 1319 723 1376 posse
750 1301 850 1374 qui
877 1300 1115 1372 nuptias
1161 1298 1573 1355 contraherent
1607 1296 1766 1368 regni
1814 1313 1917 1352 cce-

262 1395 436 1451 Iestis
452 1392 573 1448 fieri
597 1391 912 1464 participes
934 1388 1410 1455 asserebat.Quid
1437 1386 1917 1456 enim,inquiens,

261 1483 404 1540 novi
449 1483 734 1550 facturus,
787 1483 888 1535 aut
937 1478 1378 1551 praedicaturus,
1428 1479 1531 1531 aut
1573 1475 1920 1530 emendatus

261 1575 369 1629 ille
393 1573 488 1628 Dei
517 1575 718 1626 Sermo
753 1569 934 1637 venit,
970 1575 1175 1638 praeter
1225 1567 1553 1622 castitatem
1601 1569 1657 1619 et
1707 1564 1921 1619 sancti-

262 1662 557 1728 moniam,
590 1662 717 1716 sine
748 1675 864 1730 qua
903 1673 1074 1713 nemo
1136 1656 1443 1712 Dominum
1499 1654 1733 1710 visurus
1792 1655 1927 1708 est?

265 1755 437 1812 Unde
459 1752 674 1808 Paulus
694 1764 1096 1821 quoque,cum
1133 1747 1462 1803 lionorabile
1518 1742 1850 1801 connubium
1880 1741 1926 1776 ⁵⁸

267 1845 560 1914 dicit,non
586 1857 825 1914 prorsus
846 1840 1066 1894 idcirco
1111 1838 1270 1905 dicit,
1304 1842 1369 1892 ut
1397 1836 1595 1891 laudet
1624 1834 1791 1900 illud,
1824 1833 1926 1888 sed

267 1935 462 1991 obiter
492 1930 800 1997 subinfert,
845 1945 916 1984 ne
965 1927 1203 1983 tandem
1257 1925 1520 1980 incidant
1567 1925 1628 1979 in
1660 1922 1928 1978 tentatio-

268 2039 432 2080 nem.
471 2020 684 2076 Deinde
730 2018 1006 2088 subjicit:
1056 2021 1193 2087 Qum
1239 2022 1412 2088 nupta
1455 2030 1565 2069 non
1594 2019 1698 2080 est,
1728 2013 1926 2082 cogitat

268 2111 540 2188 quomodo
568 2110 805 2182 placebit
829 2110 951 2164 Deo.
1005 2108 1194 2177 Nupta
1243 2109 1447 2175 autem,
1492 2102 1759 2175 quomodo
1793 2102 1927 2170 pla-

268 2205 417 2263 cebit
447 2205 563 2259 viro
592 2201 657 2254 δν.
693 2200 752 2256 Si
803 2216 940 2270 ergo
998 2199 1114 2254 Deo
1175 2213 1288 2253 non
1341 2195 1586 2268 placeat,
1635 2193 1927 2265 quomodo

273 2291 646 2351 servabitur?
679 2291 824 2345 Item
853 2306 865 2343 :
899 2289 1118 2354 Vellem,
1147 2287 1359 2358 inquit,
1405 2301 1595 2343 omnes
1641 2299 1753 2339 esse
1789 2284 1930 2338 sicut

273 2399 372 2455 ego
402 2399 524 2438 sum
548 2380 615 2434 ⁵ο.
661 2383 843 2436 Item:
901 2378 1040 2434 Sunt
1097 2377 1353 2443 eunuchi,
1403 2377 1503 2448 qui
1555 2390 1611 2430 se
1655 2377 1930 2429 castrave-

272 2479 412 2527 runt
438 2470 506 2528 6‘.
541 2473 672 2525 Haec
705 2469 978 2524 Hieracas
1029 2483 1143 2523 non
1194 2466 1390 2522 solum
1432 2465 1698 2532 docebat,
1749 2463 1848 2518 sed
1877 2464 1934 2517 et

277 2578 456 2635 opere
497 2559 872 2631 complebat:
928 2573 1031 2612 nec
1075 2555 1405 2627 patiebatur
1453 2569 1810 2625 quemquam
1862 2550 1934 2606 ad

278 2669 452 2709 suam
488 2649 734 2723 synaxin
766 2665 867 2704 seu
895 2646 1376 2702 communionem
1424 2645 1640 2711 venire,
1689 2641 1790 2714 qui
1834 2643 1937 2695 aut

282 2741 633 2804 monachus,
671 2743 773 2794 aut
829 2737 1155 2806 continens,
1204 2740 1304 2790 aut
1360 2734 1544 2805 virgo,
1603 2737 1706 2789 aut
1758 2729 1939 2788 vidua

281 2849 405 2888 non
435 2833 608 2886 esset.
641 2828 920 2899 Spiritum
974 2832 1243 2880 sanctum
1284 2822 1432 2879 nihil
1490 2821 1646 2878 aliud
1687 2837 1817 2877 esse
1849 2820 1938 2873 di-

281 2920 474 2981 cebat,
523 2934 698 2987 quam
761 2932 894 2972 eum
949 2916 1047 2986 qui
1094 2913 1267 2986 vulgo
1312 2910 1734 2968 Melchisedech
1795 2910 1941 2966 fere-

284 3009 483 3064 batur.
519 3008 618 3061 Hic
646 3006 798 3060 enim
828 3009 937 3070 est,
971 3005 1184 3076 inquit,
1237 3003 1308 3058 de
1356 3018 1468 3073 quo
1512 3001 1746 3066 dicitur,
1788 2998 1939 3069 quod

282 3113 421 3153 cum
442 3095 790 3150 assimilatas
820 3095 891 3148 sit
921 3095 1066 3150 Filia
1092 3094 1206 3158 Dei,
1236 3096 1424 3147 manet
1451 3090 1706 3146 sacerdos
1734 3087 1796 3143 in
1825 3102 1944 3158 per-

276 3185 537 3255 petuum.
561 3181 644 3234 Ad
680 3179 801 3234 haec
820 3178 958 3250 quia
982 3179 1126 3234 Filio
1145 3176 1482 3234 Paracletus
1520 3173 1803 3231 assimilis
1835 3175 1943 3238 est,

275 3278 596 3344 propterea
615 3271 732 3324 sine
754 3273 934 3337 patre,
962 3269 1082 3324 sine
1100 3279 1306 3335 matre,
1341 3277 1391 3323 et
1412 3269 1531 3322 sine
1561 3263 1880 3334 genealogia
1899 3260 1947 3296 δε

2023 678 2221 734 nescio
2254 678 2387 748 quis
2420 677 2656 732 informi
2689 679 3052 734 deformitate
3083 679 3378 749 graculus,
3411 679 3681 750 Origenis

2024 767 2424 838 opinionibus,
2458 766 2998 839 nonnullorumque
3029 768 3127 838 qui
3182 768 3346 824 illum
3381 783 3684 839 praecesse-

2023 861 2177 925 rant,
2215 857 2535 912 haeresibus
2583 858 2752 928 quasi
2805 858 3184 930 syllogisticis
3241 859 3349 913 alis
3403 857 3679 929 gestiens.

2024 947 2530 1011 Quemadmodum
2575 948 2733 1002 enim
2779 947 3064 1002 Dominus
3113 947 3302 1004 soluta
3346 949 3547 1002 mortis
3591 955 3684 1018 ty-

2025 1037 2268 1091 rannide
2299 1041 2679 1092 monumento
2711 1037 2950 1103 exsiliit,
2985 1037 3409 1108 discipulisque
3460 1041 3681 1104 astans,

2025 1130 2082 1179 et
2112 1127 2185 1180 ab
2218 1125 2425 1181 iisdem
2460 1126 2758 1198 palpatus,
2783 1142 3017 1182 carnem
3046 1127 3260 1182 habere
3284 1126 3683 1197 deprehensus

2025 1218 2132 1284 est,
2160 1215 2242 1269 ita
2273 1218 2330 1270 et
2361 1232 2469 1271 nos
2501 1232 2895 1288 resurgemus,
2929 1219 3177 1287 ejusque
3229 1216 3511 1271 tribunali
3551 1230 3685 1270 cum

2026 1304 2228 1359 eodem
2263 1319 2504 1373 corpore
2528 1309 2700 1376 atque
2731 1306 2931 1361 anima
2953 1307 3156 1362 eadem
3180 1305 3684 1373 astabimus,cum

2029 1391 2246 1464 quibus
2274 1398 2332 1448 et
2363 1393 2541 1464 hujus
2569 1395 2702 1450 vitae
2734 1394 3088 1450 curriculum
3123 1395 3542 1466 peregerimus.

2100 1482 2380 1554 Origenes
2429 1484 2586 1538 enim
2651 1484 2891 1567 longum
2941 1485 3144 1556 valeat,
3199 1502 3330 1540 cum
3382 1484 3682 1555 omnibus,

2031 1571 2131 1641 qui
2163 1573 2235 1626 ab
2270 1573 2367 1628 illo
2395 1577 2618 1628 stantes
2679 1575 2937 1629 animam
2997 1591 3235 1646 corpore
3283 1575 3502 1629 nudam
3531 1573 3688 1644 judi-

2032 1663 2185 1718 cium
2220 1662 2553 1717 subituram
2586 1679 2714 1718 esse
2747 1664 3260 1732 tradiderunt,tale
3285 1663 3686 1720 bominisido-

2032 1751 2158 1806 lum
2190 1752 2239 1806 ei
2268 1751 2634 1823 adaptantes,
2670 1753 2873 1823 quales
2905 1753 3044 1808 idea:
3075 1758 3216 1808 sunt
3245 1771 3277 1808 a
3312 1754 3524 1809 Stoicis
3551 1770 3690 1809 con-

2036 1840 2205 1911 ﬁctae,
2239 1841 2456 1910 quibus
2488 1856 2554 1894 ea
2581 1840 2779 1905 etiam,
2838 1857 2970 1912 quae
3017 1842 3076 1896 in
3139 1843 3355 1897 mundo
3401 1842 3689 1908 videntur,

2037 1936 2227 1983 creata
2260 1929 2440 1983 fuisse
2472 1930 2907 1984 docuerunt.Ad
2934 1931 3104 2000 cujus
3137 1929 3450 2000 opinionis,
3483 1929 3690 1985 absur-

2037 2013 2296 2070 dissima;
2353 2013 2591 2083 quidem
2652 2015 2856 2082 illius,_
2925 2016 3452 2082 conﬁrmationem,
3514 2013 3692 2069 stulte

2038 2102 2353 2157 admodum
2387 2102 2546 2155 hunc
2588 2102 2834 2171 apostoli
2897 2101 3057 2157 Pauli
3114 2103 3307 2158 locum
3364 2102 3691 2172 proferunt,

2040 2190 2139 2245 ubi
2163 2190 2246 2245 sic
2278 2188 2396 2244 ait:
2425 2189 2749 2244 Seminatur
2776 2191 3044 2259 animale,
3074 2201 3267 2265 surget
3295 2192 3590 2264 Spirituale
3620 2189 3687 2257 σθ,

2042 2280 2140 2335 ubi
2174 2295 2276 2352 per
2305 2277 2607 2350 spirituale
2652 2296 2863 2352 corpus
2920 2281 2977 2336 id
3035 2282 3392 2354 intelligunt,
3428 2280 3583 2353 quod
3617 2280 3690 2336 ad

2042 2369 2227 2424 solam
2262 2367 2518 2424 hominis
2551 2369 2800 2440 ﬁguram
2836 2370 3227 2435 eﬂ‘ormatum,
3254 2389 3367 2428 non
3403 2377 3600 2428 autem
3624 2387 3693 2426 ex

2043 2462 2296 2529 quatuor
2328 2457 2753 2516 elementorum
2785 2462 3194 2517 commistione
3226 2462 3544 2518 conﬂatum
3579 2460 3691 2516 sit:

2046 2564 2170 2620 qua:
2194 2549 2429 2619 quidem
2462 2549 2861 2622 interpretatio
2895 2570 2928 2608 a
2959 2553 3226 2608 doctrina
3257 2557 3314 2607 et
3342 2568 3520 2608 seusu
3541 2553 3694 2621 Apo-

2045 2637 2181 2694 stoli
2214 2639 2404 2693 aliena
2430 2643 2535 2695 est.
2567 2639 2620 2694 Is
2651 2642 2807 2696 enim
2866 2644 2937 2697 ad
2995 2647 3250 2708 sanctos,
3284 2642 3385 2714 qui
3437 2638 3700 2697 Corinthi

2046 2733 2235 2793 erant,
2262 2727 2340 2782 iti
2371 2728 2572 2784 scribit
2606 2747 2618 2783 :
2653 2730 2755 2786 Sed
2785 2731 2928 2787 dicet
2959 2733 3202 2803 aliquis:
3231 2732 3504 2800 Quomodo
3545 2729 3701 2787 exci-

2047 2822 2245 2873 tantur
2274 2820 2527 2874 mortui?
2556 2820 2712 2890 quali
2745 2826 2931 2876 autem
2971 2839 3193 2893 corpore
3250 2824 3474 2878 venturi
3529 2822 3704 2876 sunt?

2050 2908 2344 2979 Insipiens,
2391 2915 2451 2964 tu
2508 2909 2649 2981 quod
2710 2913 2971 2977 seminus,
3031 2927 3140 2967 non
3198 2911 3532 2981 viviﬁcatur,
3592 2911 3705 2965 nisi

2051 3001 2206 3069 prius
2236 2997 2512 3054 moriatur
2546 3016 2558 3054 :
2589 3002 2638 3054 et
2670 3000 2810 3070 quod
2838 3002 3103 3067 seminus,
3161 3017 3269 3056 non
3321 3016 3518 3072 corpus
3563 2999 3704 3071 quod

2053 3092 2410 3160 fulurumcst
2448 3091 2709 3156 seminas,
2766 3090 2855 3145 sed
2910 3090 3124 3145 nudum
3180 3107 3448 3161 granum,
3505 3094 3705 3161 utputa

2056 3179 2262 3244 tritici,
2295 3182 2387 3233 aut
2419 3177 2665 3249 alicujus
2695 3190 3046 3236 certet-orum.
3085 3182 3222 3235 Deus
3271 3184 3454 3236 autem
3499 3195 3703 3248 corpus

2057 3269 2148 3324 illi
2176 3269 2290 3338 dat,
2320 3269 2462 3324 sicut
2489 3269 2685 3338 voluit,
2719 3276 2768 3324 et
2805 3269 3101 3341 unicuique
3129 3272 3399 3325 seminum
3419 3267 3708 3341 proprium

279 3343 690 3418 dicitur:sine
721 3363 904 3412 matre
954 3357 1215 3427 quidem.
1249 3357 1385 3425 quia
1422 3361 1661 3411 matrem
1701 3367 1940 3409 sursum
1979 3343 2024 3406 C
2054 3376 2268 3430 corpus.
2304 3360 2418 3414 Non
2451 3361 2628 3414 omnis
2662 3375 2808 3426 caro,
2849 3359 3037 3414 eadem
3083 3376 3232 3428 caro,
3277 3361 3369 3416 sed
3420 3360 3536 3415 alia
3582 3359 3710 3430 qui-

279 3463 408 3504 non
443 3445 641 3512 habet,
671 3444 796 3499 sine
828 3449 988 3515 patre
1024 3447 1244 3511 autem,
1270 3442 1407 3514 quia
1461 3442 1522 3496 in
1564 3451 1718 3497 terra
1746 3437 1945 3493 nullus

279 3539 333 3594 ei
362 3539 534 3607 pater
565 3538 674 3590 est.

361 3624 560 3696 Hujus
593 3641 764 3696 porro
797 3619 1292 3694 interpretationis
1326 3636 1531 3676 ansam
1583 3637 1652 3676 ex
1692 3621 1947 3691 quodam

285 3714 633 3790 apocrypho
673 3713 866 3770 libello
899 3713 1229 3784 expiscatus
1275 3716 1386 3780 est,
1428 3712 1596 3782 cujus
1645 3712 1950 3784 inscriptio

285 3808 446 3874 erat,
482 3803 891 3872 Anabaticum,
924 3819 1027 3858 seu
1051 3804 1123 3858 de
1148 3801 1503 3858 Ascensione
1535 3801 1719 3869 Isaizn,
1745 3803 1802 3856 in
1835 3819 1949 3872 quo

281 3899 377 3953 ita
417 3892 730 3949 scribitur:
788 3891 1049 3964 Angelus
1099 3891 1200 3964 qui
1253 3890 1595 3947 ambulabat
1654 3895 1788 3947 ante
1837 3908 1950 3958 me,

282 3983 558 4043 Ostendit
587 3983 753 4051 mihi,
793 3990 848 4039 et
896 3982 1042 4038 dixit
1084 3983 1269 4037 mihi:
1325 3982 1466 4047 Quis
1506 3986 1596 4038 est
1624 3980 1720 4038 ille
1751 3981 1846 4052 qui
1879 3982 1951 4038 ad

286 4079 598 4133 dexteram
624 4073 726 4128 Dei
747 4072 1034 4129 sedet?et
1077 4071 1349 4144 respondi
1399 4071 1483 4127 ei:
1515 4071 1600 4126 Tu
1650 4072 1786 4139 scis,
1838 4071 1952 4127 Do-

281 4167 457 4223 mine
481 4179 494 4220 :
520 4171 576 4219 et
600 4162 742 4219 dixit
767 4179 781 4219 :
804 4163 910 4218 Hic
934 4161 1308 4217 estdilectus.
1338 4161 1595 4217 Rursum
1637 4163 1718 4216 ita
1760 4163 1906 4217 dixit
1936 4179 1948 4217 :

279 4256 442 4326 Quis
495 4258 580 4309 est
641 4253 805 4322 alter,
839 4251 1006 4323 quia
1063 4250 1320 4307 sinistris
1383 4251 1540 4306 venit
1597 4251 1645 4305 ei
1689 4251 1955 4306 similis?

277 4349 460 4404 Tunc
493 4341 767 4414 respondi
798 4342 851 4397 ei
885 4357 897 4397 :
931 4341 1016 4396 Tu
1045 4341 1182 4406 scis,
1215 4340 1494 4395 Domine:
1530 4344 1588 4395 et
1638 4341 1818 4396 dixit:
1857 4340 1954 4396 Hic

289 4441 393 4492 est
428 4432 684 4504 Spiritus
709 4439 947 4487 sanctus
979 4430 1082 4501 qui
1111 4429 1376 4496 loquitur
1414 4428 1472 4483 in
1519 4433 1574 4484 te
1619 4435 1675 4485 et
1705 4430 1955 4502 prophe-

287 4529 404 4585 tis:
441 4527 499 4580 et
531 4526 655 4579 erat
682 4522 894 4578 similis
928 4521 1399 4577 dilecto.Pueros
1432 4521 1666 4590 insuper
1697 4522 1956 4593 quipraa-

288 4620 534 4674 matura
569 4617 736 4668 etate
769 4618 1152 4677 morerentur,
1189 4617 1505 4681 antequam
1540 4611 1640 4666 Dei
1674 4611 1958 4683 cognitio-

2055 3449 2180 3504 dem
2207 3449 2517 3516 hominum,
2546 3449 2666 3504 alia
2689 3463 2968 3519 pecorum,
3003 3449 3121 3503 alia
3167 3449 3429 3519 piscium,
3455 3450 3572 3503 alia
3612 3463 3709 3503 vo-

2059 3541 2294 3592 lucrum.
2333 3539 2475 3592 Item
2500 3555 2512 3592 :
2543 3538 2783 3608 Corpora
2803 3537 3137 3605 cccleslia,et
3153 3554 3386 3610 corpora
3405 3539 3708 3604 terrestria,

2055 3626 2156 3681 sed
2185 3625 2298 3680 alia
2337 3625 2557 3695 quidem
2582 3626 2879 3680 caelestium
2907 3625 3108 3695 gloria,
3142 3627 3258 3681 alia
3310 3633 3493 3682 autem
3537 3630 3714 3680 terre-

2058 3717 2280 3772 striam.
2315 3717 2444 3770 Alia
2474 3716 2699 3770 claritas
2729 3716 2885 3784 solis,
2913 3717 3028 3770 alia
3061 3717 3288 3770 claritas
3319 3716 3487 3783 lunae,
3518 3723 3569 3772 et
3595 3714 3714 3770 alia

2059 3805 2290 3862 claritas
2337 3804 2645 3860 stellarum.
2697 3804 2871 3860 Stella
2921 3806 3071 3860 enim
3127 3821 3161 3860 a
3209 3805 3367 3860 stella
3414 3804 3609 3876 differt
3654 3804 3716 3858 in

2060 3896 2340 3960 claritate,
2371 3898 2450 3948 sic
2495 3901 2550 3949 et
2596 3903 2925 3950 resurrectio
2969 3884 3338 3950 mortuorum.
3394 3894 3715 3950 Seminatur

2064 3988 2122 4041 in
2151 3983 2518 4056 corruptione,
2549 3985 2828 4039 excitatur
2852 3982 2910 4038 in
2931 3982 3377 4055 incorruptione:
3407 3985 3713 4039 seminatur

2063 4078 2124 4132 in
2155 4073 2525 4145 ignobilitate,
2556 4083 2744 4144 surget
2775 4073 2838 4128 in
2864 4074 3081 4144 gloria:
3116 4073 3424 4129 seminatur
3458 4074 3518 4128 in
3549 4073 3712 4141 inﬁr-

2063 4169 2276 4231 mitate,
2307 4171 2492 4235 surget
2523 4165 2582 4219 in
2614 4167 2815 4220 virtute
2836 4182 2855 4220 :
2891 4165 3194 4220 seminatur
3223 4180 3420 4237 corpus
3442 4163 3712 4232 animale,

2064 4260 2249 4326 surget
2279 4272 2472 4327 corpus
2501 4255 2797 4327 spirituale
2827 4255 2893 4312 ⁸⁸.

2140 4346 2362 4410 Quibus
2401 4345 2589 4400 verbis
2624 4363 2722 4401 eos
2755 4346 3019 4417 instruit,
3054 4363 3304 4418 quorum
3339 4362 3511 4402 aures
3544 4360 3719 4401 ceru-

2063 4437 2211 4492 mine
2265 4435 2628 4490 infidelitatis
2713 4436 3177 4508 haudquaquam
3255 4437 3718 4502 obsurduerunt,

2066 4527 2750 4600 quod,quemadmodi:m
2768 4545 3016 4600 granum
3032 4530 3308 4584 frumenti
3324 4531 3381 4585 in
3399 4529 3723 4584 visceribus

2069 4622 2232 4672 terra:
2257 4615 2525 4684 moritur,
2561 4621 2615 4669 et
2634 4634 2740 4672 suo
2764 4623 3022 4688 tempore
3046 4618 3320 4689 resurgit,
3354 4634 3468 4671 non
3496 4617 3721 4670 nudum

288 4723 440 4765 nem
475 4704 672 4775 adepti
703 4706 901 4759 essent
932 4702 1097 4773 regni
1129 4699 1382 4756 cmlestis
1407 4700 1660 4756 haeredes
1691 4718 1820 4757 esse
1843 4718 1955 4756 non
1989 4683 2034 4750 Ῐ)
2069 4706 2330 4777 quidem,
2361 4708 2418 4760 et
2439 4704 2612 4776 quale
2676 4705 3031 4760 seminatum
3087 4715 3196 4772 est,
3259 4705 3358 4759 sed
3409 4703 3635 4759 clarum
3667 4707 3725 4758 et

285 4809 474 4870 posse
507 4792 872 4864 dicebat,qui
904 4790 1182 4846 nimirum
1207 4807 1322 4846 non
1345 4791 1953 4847 certassent.ltaenim

282 4884 497 4956 inquit
525 4897 538 4936 :
565 4881 622 4936 Si
655 4880 756 4953 qui
805 4883 987 4937 certat
1029 4896 1145 4935 non
1193 4885 1503 4934 coronatur
1554 4879 1665 4936 nisi
1698 4879 1958 4951 legitime

285 4971 626 5041 certaverit,
659 4974 876 5042 quanto
910 4969 1105 5026 minus
1138 4968 1188 5024 is
1219 4968 1317 5040 qui
1349 4969 1419 5024 ad
1448 4973 1960 5030 certamenvoca-

285 5071 398 5123 tus
435 5077 552 5117 non
584 5059 715 5116 est?

628 5211 899 5268 Hareseos
927 5209 1295 5282 praecedentis
1324 5203 1648 5281 confatalia.

378 5331 439 5385 Is
473 5344 588 5384 non
631 5333 756 5386 erat
801 5326 1099 5396 Hieracas,
1146 5326 1244 5397 qui
1300 5325 1697 5382 venalicorum
1745 5340 1962 5396 praepe-

288 5430 358 5480 tu
374 5435 557 5489 mque
577 5418 960 5491 ἱεράκων,ὶιοο
983 5425 1087 5488 est,
1120 5415 1466 5488 accipitrum
1518 5430 1677 5469 more
1737 5414 1965 5470 divinas

286 5510 645 5580 Scripturas
676 5509 867 5565 oculis
891 5506 1597 5576 circumlustraret,atque
1623 5503 1966 5576 dogmatum

286 5600 613 5660 veritatem
641 5600 902 5672 undique
929 5604 1242 5656 venaretur
1275 5614 1288 5653 :
1341 5599 1444 5651 aut
1491 5594 1700 5651 saltem
1757 5597 1969 5668 aquilis

371 5716 431 5753 ⁵8
461 5718 604 5776 Heb.
636 5734 764 5785 xm,
796 5719 848 5774 4.
933 5719 983 5753 ⁵9
1013 5719 1036 5775 Ι
1066 5720 1193 5776 Cor.
1225 5733 1330 5788 vn,
1363 5715 1450 5770 34.
1565 5713 1612 5749 ⁶⁰
1642 5714 1788 5772 Ibid.
1825 5722 1881 5776 7.

286 5794 347 5831 64
383 5789 538 5846 Ibid.
571 5791 664 5863 35,
695 5805 814 5862 seq.

2004 5720 2048 5757 σί
2082 5722 2287 5779 Matth.
2320 5738 2436 5793 xxx,
2470 5723 2558 5779 12.

2069 4794 2512 4869 perpulchrum,
2549 4799 2725 4865 atque
2758 4811 2825 4850 ex
2857 4794 3088 4866 pristini
3137 4793 3398 4866 corporis
3446 4795 3725 4849 substan-

2067 4886 2189 4942 tia:
2223 4884 2303 4939 ila
2333 4885 2506 4939 etiam
2538 4900 2752 4955 corpus
2781 4888 3045 4939 nostrum
3079 4884 3302 4939 nudum
3337 4883 3599 4954 quidem,
3632 4882 3725 4937 in-

2068 4973 2830 5046 formcetingloriumterraa
2853 4973 3258 5044 committitur,
3295 4973 3532 5046 elegans
3569 4989 3726 5041 vero,

2072 5065 2434 5122 concinnum
2459 5068 2515 5119 et
2535 5063 2837 5136 spirituale
2859 5065 3131 5136 resurgit.
3147 5062 3729 5129 Quemadmodumin

2074 5155 2400 5213 seminibus
2434 5169 2665 5226 quoque
2694 5155 2962 5210 videmus
2995 5171 3008 5209 :
3045 5169 3284 5226 germen
3332 5154 3486 5210 enim
3535 5151 3730 5207 aristis

2076 5246 2373 5302 munitum
2398 5244 2700 5313 emittunt,
2720 5262 2834 5300 non
2859 5248 3052 5300 autem
3079 5245 3329 5316 nudum,
3355 5243 3527 5316 quale
3551 5243 3732 5298 etiam

2075 5340 2242 5392 terrae
2266 5334 2646 5390 commissum
2669 5342 2774 5397 est.
2812 5335 3054 5406 proinde
3077 5351 3287 5406 corpus
3312 5335 3464 5389 idem
3511 5331 3733 5387 excita—

2077 5425 2390 5495 tur.Hujus
2421 5424 2578 5480 enim
2621 5426 2701 5480 rei
2726 5425 2850 5496 ipse
2876 5442 3107 5497 quoque
3127 5423 3345 5480 Paulus
3365 5427 3568 5478 auctor
3597 5425 3684 5477 est
3716 5437 3732 5476 :

2082 5514 2386 5584 Unicuique
2406 5513 2720 5585 resurgenli
2758 5515 2961 5569 semini
2987 5513 3276 5585 proprium
3313 5528 3511 5583 corpus
3551 5511 3735 5568 datur.

2153 5604 2310 5659 Idem
2333 5607 2608 5674 praeterea
2642 5603 2853 5660 astruit
2887 5620 3000 5659 non
3036 5619 3151 5660 uno
3183 5603 3242 5658 in
3289 5602 3507 5658 honore
3539 5617 3739 5658 resur-

2671 5723 2718 5759 ⁶²
2750 5724 2892 5782 Heb.
2916 5741 3017 5793 vn,
3049 5724 3103 5779 3.
3217 5722 3264 5756 6‘
3304 5724 3327 5778 Ι
3357 5721 3485 5780 Cor.
3519 5739 3614 5795 xv,
3643 5722 3734 5778 44.
