4054 6418
364 467 520 529 1227

1684 459 1993 523 NlCET/E
2034 458 2451 521 (ἪΟΝΙΑΤᾸΞ

3634 463 3795 526 1228

359 609 648 674 recturus,
686 604 783 660 sed
834 610 1066 661 sanctos
1126 601 1526 676 peccatoribus
1581 600 1860 656 clariores
1917 599 2007 653 fu-
2044 600 2090 664 Α
2125 597 2449 669 gebatzqui
2484 598 2599 654 Dco
2657 596 2876 654 similis
2922 597 3146 655 nullam
3210 597 3387 656 aliam
3436 600 3511 656 ob
3544 616 3786 658 causam

360 695 752 763 turos,eadem
775 693 1230 765 comparatione,
1264 708 1378 763 qua
1426 707 1487 745 se
1536 704 1764 760 quoque
1795 688 2014 743 habent

362 799 607 855 corpora
637 783 892 841 cmlestia
922 785 987 838 ad
1023 788 1273 839 terrena.
1309 779 1458 845 Quin
1518 779 1606 835 vel
1654 779 1807 833 inter
1848 777 2011 850 ipsos

358 872 550 941 justos
582 872 735 928 idem
751 873 1033 928 claritatis
1057 874 1317 926 futurum
1342 867 1679 937 discrimen,
1709 883 1825 938 quo
1870 865 2011 921 luna

364 960 569 1031 aeole,
601 965 657 1015 et
696 978 810 1033 quo
870 960 1172 1016 stellarum
1235 959 1451 1015 chorus
1505 974 1538 1011 a
1599 958 1735 1011 luna
1792 956 2005 1011 differt.

361 1049 627 1105 Animale
685 1054 876 1105 autem
924 1067 1135 1119 corpus
1193 1047 1635 1117 intelligendum
1698 1049 1806 1112 est,
1856 1045 2005 1116 quod

362 1137 714 1192 animalibus
750 1136 1122 1193 facultatibus
1155 1136 1379 1207 regitur
1409 1139 1466 1190 et
1515 1138 1797 1200 movetur,
1833 1138 2009 1203 atque

358 1224 575 1281 idcirco
607 1226 680 1281 iis
711 1225 1174 1297 haudquaquam
1223 1228 1373 1295 eget,
1434 1240 1561 1294 quas
1620 1225 1688 1278 ad
1723 1223 2004 1277 crassitu-

360 1313 557 1370 dinem
590 1316 919 1370 necessaria
949 1319 1110 1382 sunt,
1160 1317 1334 1385 prout
1387 1328 1632 1383 corpora
1673 1316 1809 1367 ante
1858 1328 2008 1367 mor-

354 1408 470 1459 tem
504 1403 720 1461 omnia.
753 1404 1071 1476 Spirituale
1101 1419 1258 1472 vero,
1290 1401 1445 1473 quod
1481 1405 1721 1457 sanctus
1751 1400 2006 1472 Spiritus

356 1493 692 1564 operatione
741 1494 908 1549 dives
957 1497 1067 1561 est,
1120 1493 1192 1548 ab
1242 1491 1340 1547 illo
1396 1493 1598 1557 fertur,
1631 1506 1762 1546 cum
1808 1490 2006 1546 anima

357 1582 609 1654 denique
642 1582 770 1653 ipsa
790 1582 1188 1654 gubernatur:
1229 1580 1315 1636 vel
1363 1579 1508 1634 alias
1556 1594 1661 1651 per
1702 1579 2006 1650 spirituale

353 1669 498 1725 illud
537 1670 835 1743 intelligit,
887 1671 1043 1741 quod
1090 1669 1449 1741 corruptioni
1495 1685 1611 1724 non
1661 1668 2001 1739 obnoxium,

353 1763 455 1818 sed
478 1762 695 1818 subtile
721 1767 780 1818 et
828 1764 951 1818 leve
1006 1766 1113 1827 est,
1170 1766 1346 1831 atque
1402 1761 1573 1832 quasi
1620 1778 1723 1833 per
1753 1776 1887 1817 aera
1916 1775 2005 1816 ve-

355 1854 568 1918 ctatur,
595 1856 653 1905 et
690 1850 764 1905 ad
795 1850 1105 1906 astheream
1139 1850 1531 1905 substantiam
1575 1850 1861 1920 ascendit,
1897 1864 2004 1905 nec

356 1938 475 1994 ulla
530 1943 898 1994 terrenarum
956 1938 1273 2009 cupiditate
1329 1938 1607 2010 capitur:
1671 1937 2003 2010 cujusmodi

352 2027 526 2083 etiam
561 2043 806 2100 corpora
837 2032 1033 2082 nostra
1086 2032 1217 2098 post
1275 2028 1763 2084 resurrectionem
1820 2044 1854 2083 a
1884 2028 1999 2082 Deo

352 2117 523 2185 fiunt,
557 2117 655 2187 qui
713 2115 973 2172 scelestis
1024 2116 1316 2173 elementa
1362 2132 1426 2172 ea
1481 2117 1813 2174 conditione
1869 2133 1999 2189 pro-

351 2206 536 2273 duxit,
569 2210 632 2262 ut
662 2205 808 2262 nulli
841 2206 1025 2270 senio,
1079 2205 1343 2277 nullique
1388 2206 1571 2263 labori
1621 2207 1873 2263 obnoxia
1906 2224 2000 2263 es-

350 2301 502 2353 sent.

417 2385 549 2442 Jam
581 2400 697 2456 quo
720 2386 875 2457 jure,
909 2401 1127 2457 quaeso,
1162 2386 1418 2442 animam
1467 2387 1537 2441 ad
1594 2391 1815 2442 aeterna
1853 2403 1998 2459 sup-

349 2472 542 2545 plicia,
605 2472 695 2530 vel
754 2490 996 2529 coronas
1057 2480 1400 2546 perpetuum
1470 2475 1812 2542 duraturae,
1869 2475 1997 2531 sine

347 2579 588 2635 corpore
621 2562 833 2619 abduci
864 2564 1085 2626 doceat,
1133 2579 1266 2619 cum
1316 2579 1432 2635 quo
1472 2563 1560 2620 vel
1612 2564 1727 2636 pia,
1759 2564 1848 2620 vel
1886 2565 1997 2621 im-

347 2651 443 2723 pia
465 2668 707 2724 quaeque
737 2652 1055 2709 commisit.

420 2741 649 2814 Indigni
683 2758 853 2813 porro
871 2747 1031 2811 sunt,
1064 2741 1163 2814 qui
1201 2742 1528 2799 nativitatis
1567 2743 1692 2799 dies
1737 2759 1996 2815 unquam

346 2830 619 2897 viderint,
665 2832 998 2903 quicunque
1057 2834 1284 2887 nullum
1346 2849 1546 2889 eorum
1599 2834 1697 2904 qui
1757 2833 1994 2906 nuptias

346 2920 746 2977 contraxerint
789 2926 1085 2977 servatum
1139 2921 1209 2976 iri
1258 2923 1576 2977 afﬁrmant.
1626 2922 1993 2995 Paulumque

347 3011 635 3067 mendacii
670 3011 761 3067 sui
792 3016 999 3067 testem
1035 3014 1355 3083 proferunt,
1407 3013 1502 3068 ubi
1553 3013 1670 3067 ait:
1725 3013 1848 3069 Volo
1872 3030 1991 3069 om-

341 3116 437 3157 nes
467 3117 579 3157 esse
606 3101 750 3157 sicut
779 3110 831 3157 et
858 3117 950 3173 ego
978 3101 1044 3155 ⁸⁵.
1095 3104 1230 3157 item
1261 3119 1273 3155 :
1325 3102 1639 3174 Sequimiui
1695 3104 1990 3159 sanctimo-

340 3191 499 3245 niam
524 3192 799 3260 corporis,
850 3206 970 3245 81126
1018 3208 1126 3261 qua
1183 3206 1341 3246 nemo
1396 3194 1614 3246 visurus
1668 3200 1747 3248 est
1795 3192 1989 3249 Domi-

338 3295 477 3333 num
510 3278 578 3335 ⁸⁸.
647 3279 762 3337 Nec
814 3279 971 3335 enim
1031 3279 1431 3334 sanctimoniae
1486 3281 1721 3337 nomine
1775 3280 1987 3338 Paulus

2123 686 2317 739 dictus
2349 690 2522 752 esset,
2554 700 2733 757 quam
2767 686 2908 757 quia
2932 686 3094 743 solus
3141 687 3407 743 omnium
3457 689 3615 758 apud
3662 690 3791 745 Mo-

2123 792 2245 830 rem
2278 775 2408 831 sine
2436 776 2779 848 genealogis
2807 785 2980 847 esset,
3012 780 3070 833 et
3118 777 3282 849 quia,
3315 783 3380 833 ut
3422 778 3504 834 ita
3565 781 3785 851 dicam,

2122 864 2290 936 panis
2322 870 2382 921 et
2411 864 2525 919 vini
2559 865 2856 922 oblatione
2884 865 3354 923 benevolentiam
3406 884 3575 924 suam
3645 886 3787 942 erga

2121 953 2414 1009 Abraham
2440 953 2818 1025 declarasset,
2838 971 2972 1012 cum
3017 972 3049 1011 a
3091 959 3351 1027 quinque
3384 973 3592 1029 regum
3622 961 3783 1015 exci-

2121 1044 2214 1099 dio
2247 1047 2651 1109 reverteretur,
2684 1060 2811 1116 quae
2863 1045 3100 1116 quidem
3140 1045 3339 1101 omnia
3387 1045 3622 1103 Christo
3668 1048 3786 1103 mi-

2120 1151 2250 1191 rum
2284 1136 2341 1191 in
2377 1136 2609 1192 modum
2640 1138 3017 1193 conveniunt.
3050 1141 3196 1193 Nam
3218 1140 3642 1208 generationem
3664 1142 3788 1202 eius

2117 1227 2240 1295 quis
2271 1224 2670 1281 enarrabit“?
2710 1224 2992 1299 illamque
3041 1225 3184 1283 adeo
3234 1226 3498 1299 mysterii
3546 1228 3786 1286 institu-

2116 1312 2336 1369 tionem
2369 1318 2537 1370 nocte
2559 1314 2660 1370 illa
2681 1315 2913 1384 factam,
2947 1331 3068 1386 qua
3124 1317 3489 1386 tradebatur,
3523 1334 3678 1389 pane
3729 1327 3785 1376 et

2115 1402 2248 1458 vino
2281 1402 2573 1459 definiunt
2593 1402 2661 1457 72.
2699 1404 2894 1460 Dicam
2919 1420 3052 1460 vero
3089 1405 3370 1476 quiddam
3407 1404 3569 1461 aliud
3607 1407 3783 1466 tertio

2118 1491 2421 1562 loco,quod
2448 1510 2476 1544 a
2510 1491 2713 1548 multis
2735 1493 3063 1565 ignoratur.
3091 1492 3215 1550 Uno
3265 1494 3595 1566 eodemque
3640 1500 3785 1553 tem-

2116 1596 2254 1650 pore
2283 1581 2428 1636 duos
2460 1578 2719 1652 insignes
2750 1581 2967 1652 pietate
2996 1583 3155 1638 viros
3204 1582 3609 1639 Abrahamum
3655 1586 3777 1640 sci-

2115 1667 2247 1723 licet
2285 1672 2343 1724 et
2388 1668 2899 1736 Melchisedecum,
2952 1670 3224 1727 ﬂoruisse
3272 1671 3463 1728 Moses
3517 1672 3782 1734 scribit:

2112 1772 2359 1828 quorum
2393 1762 2592 1815 tamen
2627 1758 2726 1814 ille
2773 1759 2834 1815 in
2880 1759 3355 1826 circumcisione,
3390 1759 3484 1815 hic
3529 1762 3591 1816 in
3638 1779 3785 1832 prae-

2113 1848 2275 1917 putio
2325 1852 2747 1904 testamentum
2803 1854 3128 1921 acceperat.
3188 1850 3442 1907 Proinde
3502 1850 3784 1910 Christus

2031 1969 2079 2035 B
2113 1938 2384 1994 sacerdos
2416 1940 2743 1995 secundum
2796 1940 3063 1996 ordinem
3113 1939 3525 1998 Melchisedeci
3581 1944 3782 1999 nomi-

2110 2035 2299 2098 natur,
2333 2045 2450 2084 non
2482 2027 2675 2085 solum
2709 2028 2849 2100 quia
2890 2046 3042 2101 pane
3091 2036 3148 2085 et
3187 2031 3344 2098 vino,
3378 2033 3779 2102 quemadmo-

2107 2116 2249 2172 dum
2281 2120 2339 2171 et
2366 2115 2484 2186 ille,
2519 2116 2762 2189 mystice
2795 2118 2927 2173 fecit
2955 2135 2968 2175 :
2992 2118 3092 2173 sed
3129 2117 3303 2174 etiam
3343 2118 3483 2190 quia
3508 2118 3778 2176 circum-

2107 2204 2386 2261 cisionem
2421 2205 2480 2260 in
2540 2206 2826 2278 praeputio
2884 2206 3200 2273 benedixit,
3252 2207 3771 2279 quemadmodum

2104 2293 2482 2350 Melchisedeo
2516 2295 2574 2350 iu
2610 2295 2893 2368 praeputio
2914 2295 3330 2353 circumcisum
3352 2297 3769 2354 Abrahamum

2104 2384 2502 2441 benedixerat.

2174 2477 2388 2533 Eorum
2422 2493 2594 2549 porro
2626 2477 2727 2549 qui
2751 2480 3099 2550 praematura
3129 2481 3316 2535 morte
3353 2479 3598 2545 obeunt,
3634 2480 3772 2537 vita

2102 2567 2442 2622 brevitatem
2477 2567 2574 2622 alii
2601 2567 2985 2639 prognostica;
3020 2584 3211 2624 rerum
3254 2569 3522 2624 omnium
3560 2571 3775 2626 Provi-

2102 2656 2312 2711 dentiae
2344 2657 2668 2724 ascribunt,
2718 2661 2784 2712 ut
2837 2657 3117 2713 nimirum
3168 2658 3562 2714 subsecutura
3608 2659 3776 2716 mala

2101 2748 2158 2800 et
2185 2743 2416 2816 exleges
2445 2745 2705 2802 actiones
2758 2760 2901 2817 quas
2957 2746 3342 2818 perpetraturi
3408 2751 3597 2815 erant,
3652 2747 3770 2803 hac

2100 2832 2323 2890 ratione
2354 2834 2781 2906 praecidantur;
2817 2834 2913 2890 alii
2944 2836 3018 2891 ad
3052 2840 3363 2906 parentum
3415 2835 3770 2905 castigatio-

2099 2938 2231 2978 nem
2265 2924 2546 2994 referunt,
2578 2939 2709 2994 quas
2740 2939 2845 2979 nec
2885 2923 3106 2995 absque
3154 2923 3433 2979 ineffabili
3485 2925 3589 2980 illa
3637 2926 3764 2980 Nu-

2099 3012 2275 3066 minis
2309 3010 2670 3083 providentia
2705 3012 2824 3069 ﬁat.
2851 3015 3032 3083 Atque
3080 3012 3120 3066 ii
3169 3013 3404 3084 quidem
3448 3014 3547 3084 qui
3584 3031 3764 3071 sacro

2098 3099 2310 3155 initiati
2338 3100 2632 3173 baptismo
2678 3118 2792 3161 non
2852 3104 3012 3169 sunt,
3060 3102 3280 3174 quique
3326 3102 3677 3173 parentibus
3726 3121 3766 3160 a

2096 3193 2252 3244 recta
2284 3189 2396 3245 ﬁde
2426 3195 2627 3246 nostra
2644 3190 2851 3247 alienis
2882 3191 2994 3247 orti
3029 3195 3189 3260 sunt,
3225 3207 3341 3245 non
3380 3207 3553 3247 secus
3577 3192 3760 3249 dam-

2100 3278 2417 3346 nabuntur,
2451 3286 2624 3350 atque
2669 3283 2939 3351 parentes
2981 3296 3206 3347 eorum,
3236 3281 3335 3352 qui
3390 3280 3521 3336 illos
3566 3282 3761 3338 simul

340 3366 679 3425 Caelibatum
710 3367 1004 3438 intelligit,
1037 3368 1139 3423 sed
1169 3369 1502 3424 connubium
1547 3370 1781 3440 quidem
1817 3370 1984 3426 hono-
2017 3341 2059 3407 Ο
2097 3371 2271 3437 atque
2328 3341 2447 3422 nati
2504 3341 2687 3436 sunt;
2726 3385 2757 3423 a
2813 3368 3109 3441 baptismo
3182 3341 3539 3436 alienarunt,
3600 3388 3763 3442 quos

342 3456 538 3521 rabile,
571 3460 753 3511 lorum
782 3471 912 3511 vero
944 3457 1371 3512 immaculatum
1420 3458 1600 3513 tradit
1647 3459 1725 3528 ιτς
1779 3475 1988 3531 quem—

346 3545 663 3601 admodum
697 3546 850 3600 Deus
894 3561 1126 3617 quoque
1182 3547 1507 3617 praeﬁnivit,
1560 3547 1806 3604 dicens:
1868 3549 1983 3604 Non

341 3641 423 3692 es!
459 3636 663 3691 bonum
705 3635 980 3691 hominem
1022 3651 1137 3692 esse
1176 3636 1375 3700 solum.
1419 3637 1691 3708 faciamus
1736 3638 1790 3693 ei
1825 3640 1986 3711 adju-

340 3729 547 3783 torium
573 3727 759 3783 simile
782 3728 892 3799 ipsi
918 3725 985 3780 ⁸8.
1033 3728 1138 3783 Sed
1197 3728 1408 3783 Paulus
1463 3728 1679 3785 Christi
1739 3730 1983 3802 vestigia

339 3821 594 3885 secutus,
628 3816 728 3888 qui
779 3817 1001 3884 primas
1051 3816 1370 3887 virginitati
1426 3818 1658 3884 detulit,
1718 3835 1851 3874 cum
1914 3836 1983 3875 ex

326 3905 567 3978 Virgine
588 3906 908 3961 secundum
935 3921 1168 3959 carnem
1189 3910 1361 3960 natus
1383 3910 1491 3973 est,
1524 3906 1822 3979 dixitque:
1875 3910 1983 3977 Qui

319 4000 494 4068 potest
521 4012 732 4068 capere,
760 3999 947 4067 cupiat
977 3994 1065 4049 69:
1128 3996 1365 4066 nuptias
1421 4012 1646 4067 quoque
1690 3996 1978 4068 legitimas

322 4103 452 4144 esse
482 4089 671 4155 docet,
703 4087 901 4155 eiswe
938 4086 1334 4157 virginitatem
1395 4088 1646 4157 praefert,
1682 4088 1874 4159 seipso
1913 4090 1973 4147 in

319 4177 653 4249 exemplum
682 4176 1004 4248 proposito,
1028 4176 1122 4246 qui
1156 4175 1504 4231 Pharisaicae
1548 4177 1677 4232 vitas
1709 4178 1969 4250 regulam

316 4273 680 4338 sequeretur,
713 4282 842 4336 qum
898 4266 1050 4320 inter
1114 4268 1324 4320 caetera
1378 4265 1664 4321 haereseos
1723 4284 1846 4323 suae
1877 4285 1970 4324 as-

315 4353 501 4410 seclas
527 4370 558 4407 a
591 4353 825 4408 feminis
857 4353 1146 4409 abstinere
1172 4353 1441 4423 jubebat.
1489 4355 1667 4425 Atqui
1709 4357 1969 4427 corporis

310 4442 705 4498 sanctimonia
774 4442 1023 4497 femineo
1106 4442 1422 4498 concubitu
1507 4444 1965 4517 haudquaquam

308 4530 834 4599 circumscribitur,
869 4531 969 4587 sed
1002 4530 1209 4586 latiore
1260 4529 1565 4587 intellectu
1620 4538 1811 4605 patet:
1848 4552 1964 4606 quo

313 4620 559 4676 Paulina
590 4637 824 4692 quoque
871 4621 1049 4676 verba
1103 4620 1440 4690 accipienda
1488 4626 1645 4691 sunt,
1693 4624 1792 4694 qui
1839 4626 1962 4695 ple-

2092 3456 2327 3527 quidem
2351 3457 2599 3513 Davides
2619 3458 2676 3513 in
2696 3457 2923 3527 judicio
2948 3458 3195 3514 minime
3220 3465 3663 3515 resurrecturus
3683 3460 3761 3531 ⁵³³,

2092 3561 2280 3618 neque
2340 3547 2395 3601 in
2457 3546 2768 3603 consilium
2819 3548 3115 3618 justorum
3174 3553 3452 3604 venturos
3516 3548 3655 3603 ait:
3716 3550 3761 3605 ii

2088 3651 2239 3705 vero,
2285 3634 2383 3707 qui
2434 3635 2774 3708 parentibus
2820 3636 3016 3693 divino
3068 3635 3336 3692 intinclis
3384 3637 3761 3708 baptismate

2086 3724 2207 3779 nati
2239 3731 2399 3796 sunt,
2432 3727 2716 3797 aquisque
2747 3725 3091 3782 lustralibus
3136 3732 3394 3782 veterem
3448 3738 3758 3786 exuerunt

2084 3812 2407 3885 hominem,
2436 3815 2671 3870 tametsi
2723 3816 2951 3872 coronis
3000 3814 3084 3871 illi
3135 3815 3465 3887 privantur,
3521 3818 3758 3888 quibus

2081 3903 2337 3959 redimiti
2378 3909 2518 3959 sunt
2547 3903 2799 3973 athletas,
2834 3922 2949 3962 non
2982 3906 3108 3963 sine
3140 3906 3432 3978 sanguine
3462 3915 3522 3962 et
3554 3909 3756 3964 sudo-

2080 3990 2265 4059 ribus,
2316 3991 2416 4063 qui
2463 3992 2523 4048 in
2583 3993 2927 4064 hujusmodi
2978 3994 3402 4051 certaminibus
3448 3995 3756 4054 exantlari

2078 4081 2294 4149 solent,
2316 4082 2517 4153 requie
2563 4088 2760 4139 tamen
2810 4083 2913 4139 illa
2951 4100 3067 4140 non
3100 4084 3397 4149 excidunt,
3431 4100 3551 4157 qua
3584 4084 3752 4142 beati

2075 4170 2373 4238 fruuntur,
2408 4188 2534 4242 qua
2567 4172 2803 4245 quidem
2850 4172 2911 4228 in
2963 4173 3179 4230 multas
3221 4178 3279 4229 et
3318 4174 3509 4230 varias
3562 4191 3751 4233 man-

2075 4260 2269 4317 siones
2290 4260 2487 4319 divina
2507 4271 2613 4320 est.
2638 4263 2762 4320 Non
2784 4263 2939 4320 enim
2963 4280 3032 4320 ex
3076 4265 3360 4336 professo,
3393 4269 3451 4319 et
3469 4264 3752 4324 melioris

2071 4351 2374 4406 sententias
2415 4349 2849 4422 immutatione,
2906 4354 3006 4410 sed
3059 4353 3486 4419 extemporaria
3532 4356 3754 4425 potius

2069 4440 2411 4495 certaminis
2453 4441 2900 4514 interruptione,
2953 4442 3217 4516 martyrii
3263 4443 3543 4498 effectum
3599 4460 3750 4514 per-

2068 4527 2362 4584 diderunt.
2393 4533 2539 4594 Quia
2571 4548 2705 4587 vero
2756 4532 2933 4604 primi
2977 4537 3250 4604 parentes
3301 4533 3360 4588 in
3408 4532 3538 4603 ipso
3587 4533 3751 4592 ﬂora

2065 4619 2252 4674 relatis
2274 4619 2580 4676 confestim
2601 4620 2659 4676 in
2686 4622 2971 4677 mundum
2996 4621 3266 4693 producti
3318 4626 3476 4677 sunt.
3513 4621 3755 4679 Resur-

304 4709 665 4781 risquelocis
684 4708 1070 4780 Epistolarum
1122 4713 1320 4765 monet
1341 4708 1410 4775 7°,
1444 4710 1600 4766 utab
1643 4710 1954 4784 adulterio,
1989 4699 2032 4765 D
2068 4706 2346 4763 rectionis
2404 4715 2595 4765 autem
2642 4710 2693 4764 is
2749 4727 2954 4780 scopus
2986 4720 3037 4768 et
3084 4711 3220 4767 finis
3242 4714 3355 4779 est,
3388 4716 3455 4766 ut
3506 4716 3743 4772 natura

302 4798 710 4865 fornicatione,
745 4798 983 4867 invidia,
1017 4797 1399 4865 detractione,
1454 4800 1779 4866 mendacio,
1825 4818 1950 4873 per-

292 4886 475 4955 jurio,
506 4887 765 4958 crapuia,
798 4893 856 4943 et
916 4888 1139 4943 creteris
1197 4888 1416 4958 peccati
1472 4888 1778 4944 vestibulis
1823 4890 1953 4963 puri

297 4974 505 5033 simus.

367 5064 513 5120 Nam
548 5064 597 5121 si
626 5065 839 5123 anilem
874 5066 1125 5122 Hieracaa
1156 5064 1530 5121 traditionem
1590 5066 1774 5122 secuti
1818 5069 1947 5139 qui-

297 5169 530 5225 cunque
586 5154 800 5212 Christi
864 5156 1101 5212 nomine
1158 5160 1494 5223 censentur,
1545 5172 1578 5210 a
1631 5155 1944 5216 mulierum

295 5243 595 5316 complexu
622 5244 1007 5315 abstinerent,
1031 5260 1235 5301 omnes
1268 5244 1340 5300 ad
1382 5260 1564 5300 unum
1614 5260 1731 5301 una
1761 5247 1817 5300 in
1852 5263 1944 5319 ge-

290 5336 593 5392 neratione
646 5335 1061 5391 deﬁceremus:
1098 5350 1385 5407 nemoque
1414 5334 1526 5391 sibi
1563 5336 1940 5407 superstitem

290 5424 620 5499 relinquere
647 5430 901 5495 curaret,
939 5427 987 5482 si
1040 5442 1240 5482 revera
1295 5427 1521 5482 cultum
1571 5443 1635 5485 se
1665 5434 1941 5500 praestare

284 5517 539 5573 Domino
566 5513 946 5587 intelligeret.
1374 5576 1377 5577 ν

357 5605 517 5662 Idem
567 5603 971 5661 Melchisedeci
1024 5602 1263 5660 nomine
1311 5605 1675 5663 Paracletum
1723 5607 1938 5666 intelli-

349 5719 452 5795 ‘5_I_
488 5720 617 5795 Cor.
652 5736 745 5787 vu,
775 5719 830 5795 ἵ.
905 5719 958 5795 ff
986 5719 1160 5795 llebr.
1194 5720 1417 5795 nulla
1476 5720 1541 5795 f7
1561 5724 1747 5795 ﬂebr.
1779 5743 1906 5795 xm,
1938 5730 1992 5789 4.

279 5792 334 5851 3.
410 5791 455 5826 ⁷¹
488 5791 600 5850 Isa.
624 5806 744 5860 Lm,
774 5790 828 5844 8.
905 5788 952 5826 7’
985 5792 1006 5847 Ι
1039 5790 1168 5846 Cor.
1199 5788 1289 5863 x1,
1309 5792 1400 5847 23.
1476 5789 1524 5826 ⁷³
1554 5792 1706 5851 Psal.
1741 5813 1784 5867 ι,
1814 5800 1868 5857 5.

2064 4794 2323 4853 humana
2356 4799 2426 4853 ad
2463 4799 2762 4868 antiquam
2812 4798 2973 4854 illam
3024 4799 3351 4869 primorum
3404 4806 3742 4870 parentum

2064 4884 2473 4943 formationem
2507 4892 2824 4957 revocetur,
2859 4888 3076 4945 idcirco
3124 4897 3180 4945 et
3228 4889 3329 4960 qui
3381 4889 3547 4945 senio
3578 4906 3737 4947 con-

2061 4974 2197 5030 fecti
2228 4980 2388 5042 sunt,
2420 4980 2478 5032 et
2515 4977 2614 5048 qui
2649 4977 2734 5033 vel
2757 4977 2926 5035 cunis
2951 4979 3008 5034 in
3054 4978 3201 5050 ipsis
3249 4977 3507 5033 animam
3540 4979 3740 5037 exha-

2057 5062 2202 5133 lant,
2234 5066 2434 5120 eadem
2458 5067 2646 5123 astatis
2685 5083 2961 5124 mensura
2997 5073 3324 5137 resurgent,
3359 5083 3464 5123 nec
3510 5076 3742 5126 natura

2056 5153 2140 5209 eis
2170 5154 2243 5209 ob
2276 5156 2700 5226 magnitudinis
2731 5157 3128 5213 diversitatem
3158 5156 3604 5214 immutabitur.

2676 5261 2831 5319 CAP.
2873 5261 3084 5319 XXXV.

2054 5365 2344 5423 Tricasima
2372 5368 2566 5439 quinta
2608 5367 2859 5435 haeresis,
2895 5368 3448 5442 Collyridiauorum.
3488 5371 3566 5424 Hi
3611 5386 3736 5426 un-

2123 5526 2648 5598 Collyridianorum
2673 5443 3172 5604 qugq‘uléuh‘azrcsis
3194 5532 3251 5587 in
3276 5530 3495 5588 Arabia
3525 5530 3735 5604 pullu-

2050 5615 2208 5685 lavit,
2233 5616 2404 5675 initio
2446 5635 2480 5675 a
2519 5619 2874 5692 quibusdam
2897 5619 3450 5678 feminise'l‘hraoia
3487 5624 3547 5676 et
3575 5620 3728 5694 Scy-

2079 5732 2132 5768 ⁶⁸
2160 5734 2303 5793 Gen.
2338 5753 2399 5809 ιι,
2437 5737 2522 5794 18.

2618 5735 2667 5772 ⁸9
2690 5737 2895 5795 Matth.
2922 5755 3043 5811 χιι,
3075 5739 3162 5794 12.
3258 5740 3304 5776 ’⁸ο
3335 5736 3592 5797 IThess.
3632 5758 3718 5817 ιν,
