4054 6448
330 405 494 468 1329

1685 399 2091 464 THESAURI
2137 401 2286 462 LIB.
2331 401 2437 461 IV.

3598 402 3754 465 I330

326 541 453 596 thia
484 539 785 610 superiore
817 536 1082 593 oriundis
1104 540 1362 608 sumpto.
1399 538 1464 592 Hi
1525 538 1746 606 majore
1803 551 1978 606 quam
2016 536 2065 602 Α
2098 539 2187 589 est
2241 539 2514 589 voventes
2574 538 2673 590 aut
2729 538 3035 607 precantes
3117 536 3468 608 significant.
3533 537 3752 595 Docent

325 648 436 703 par
463 635 616 684 esset
649 629 866 684 honore
927 631 1187 682 sanctam
1243 626 1344 681 Dei
1404 627 1754 681 Genitricem
1789 641 1981 697 prose-

326 727 600 790 quentes,
634 735 759 774 eam
792 719 885 773 Dei
917 717 1170 785 nomine,
1214 721 1271 771 et
1328 718 1485 772 cultu
1541 722 1748 787 prreter
1804 715 1976 770 ratio-

321 826 454 864 nem
515 808 936 880 dignabantur,
996 806 1350 878 feminisque
1416 805 1560 876 ipsis
1639 805 1827 861 eidem
1888 822 1978 859 sa-

317 916 418 954 cra
451 900 660 964 facere,
694 902 869 967 atque
905 896 1259 951 sacrificium
1293 901 1574 967 tanquam
1613 901 1722 950 Deo
1769 895 1975 950 offerre

315 986 740 1060 permittebant
770 1003 782 1040 :
817 1003 947 1056 quae
978 985 1220 1054 quidem
1257 984 1481 1040 feminae
1513 1001 1686 1038 curru
1733 1000 1835 1038 seu
1886 1000 1976 1037 ve-

313 1076 515 1132 hiculo
577 1076 885 1140 instructo,
944 1073 1184 1130 linteum
1247 1073 1716 1146 quadrangulum
1761 1073 1972 1145 pande-

314 1168 481 1234 bant,
517 1165 610 1221 cui
635 1164 962 1236 collyridia,
995 1180 1097 1219 seu
1133 1181 1370 1236 parvum
1409 1180 1610 1235 panem
1661 1164 1969 1234 imponen-

314 1261 427 1320 tes,
458 1256 513 1310 in
550 1255 786 1309 nomine
822 1254 1010 1309 Marias
1046 1270 1278 1308 sursum
1331 1253 1633 1321 tollebant,
1677 1257 1849 1322 atque
1889 1253 1969 1307 ita

303 1361 380 1400 ex
411 1360 475 1398 eo
533 1341 1056 1398 communicabant
1105 1357 1326 1407 omnes,
1385 1347 1442 1396 et
1491 1340 1623 1396 aliis
1674 1340 1967 1411 impertie~

304 1434 552 1489 bantur.

621 1527 903 1580 (hereseos
928 1521 1296 1593 praecedentis
1325 1521 1651 1590 confatalia.

380 1613 504 1670 Non
539 1613 667 1668 sine
701 1628 916 1683 magna
947 1610 1119 1666 laude
1162 1611 1410 1666 virtutes
1454 1609 1794 1675 nominibus
1840 1625 1958 1664 me-

301 1702 685 1757 diocritatum
721 1701 1037 1771 designates
1079 1707 1262 1766 sunt;
1323 1715 1597 1755 excessus
1655 1703 1848 1754 autem
1906 1704 1962 1754 et

299 1791 570 1846 defectus
606 1807 704 1860 pro
738 1789 971 1844 honesti
998 1789 1564 1859 transgressionibus
1622 1791 1679 1844 et
1726 1789 1957 1860 optimas

2093 622 2248 678 enim
2279 623 2424 678 nihil
2456 623 2614 678 aliud
2649 625 2718 679 ad
2752 626 3049 681 daemonas
3079 626 3747 696 effugandos,animam-

2091 729 2205 784 que
2282 730 2314 767 a
2390 714 2587 785 pravis
2644 715 2948 769 affectibus
3001 717 3399 782 asserendam,
3464 717 3745 774 orationis

2091 803 2522 873 perseverantia
2580 804 2876 858 efﬁcacius
2935 821 3082 859 esse.
3144 805 3324 860 Iidem
3378 806 3744 878 Euphemitae

2089 892 2457 962 quoque,hoc
2491 896 2579 947 est
2611 893 2800 946 fausta
2833 896 3158 963 precantes,
3191 911 3292 949 seu
3326 911 3422 950 ore
3455 897 3736 967 faventes,

2084 979 2224 1034 item
2259 979 2620 1052 Martyriani,
2655 986 2711 1035 et
2744 980 3046 1035 Sataniani
3077 982 3738 1056 dicuntur.Euphemitte

2083 1070 2348 1142 quidem,
2383 1071 2520 1141 quia
2554 1071 2796 1134 caeteris,
2834 1073 3055 1127 orando
3081 1077 3138 1126 et
3167 1073 3564 1132 benedicendo
3595 1083 3733 1146 Deo,

2080 1159 2505 1215 exercitatiores
2557 1176 2682 1214 esse
2735 1161 3054 1229 videntur;
3123 1161 3455 1231 Martyriani
3516 1170 3732 1238 autem,

2078 1249 2215 1320 quia
2237 1265 2305 1303 ex
2329 1249 2452 1304 suis
2476 1249 2787 1304 nonnullos
2811 1250 2882 1304 ab
2907 1252 3034 1304 orth
3047 1251 3246 1305 odoxis
3270 1253 3492 1308 occisos
3515 1261 3731 1329 marty-

2077 1337 2239 1392 ribus
2264 1338 2966 1393 accenserent.Sataniani
2989 1339 3260 1409 denique,
3286 1339 3424 1410 quia
3451 1341 3728 1400 Satanam

2076 1427 2286 1482 fortem
2310 1427 2719 1482 existimantes
2751 1443 2884 1483 eum
2922 1428 3449 1497 venerabantur,ne
3491 1429 3642 1488 mala
3668 1434 3728 1489 in

2072 1515 2178 1580 eis,
2214 1520 2280 1570 ut
2309 1515 2600 1586 dicebant,
2637 1521 2996 1587 operaretur.

2143 1604 2633 1660 Massalianorum
2665 1622 2833 1676 porro
2874 1606 3161 1662 haereseos
3185 1608 3375 1680 capita
3422 1626 3490 1664 ex
3522 1625 3722 1667 eorum

2069 1694 2236 1750 libris
2268 1699 2538 1766 excerpta
2570 1695 2688 1750 haec
2719 1699 2879 1750 sunt.

2142 1786 2192 1839 1.
2226 1785 2386 1851 Quod
2418 1790 2664 1840 Satanas
2723 1784 3179 1857 enhypostatice,
3228 1787 3336 1842 hoc
3391 1792 3479 1843 est
3523 1805 3720 1847 revera

298 1883 516 1950 cuique
547 1880 760 1935 actioni
794 1879 1102 1934 contrariis
1129 1894 1358 1948 semper
1399 1877 1582 1933 habiti
1640 1883 1797 1934 sunt.
1832 1879 1950 1935 Etsi
1983 1913 2030 1977 Β
2067 1873 2294 1930 homini
2324 1874 2636 1942 cohabitet,
2673 1875 2836 1945 eique
2869 1875 2926 1928 in
2949 1875 3227 1932 omnibus
3255 1876 3604 1935 dominetur.

297 1971 460 2027 enim
495 1971 700 2024 iisdem
756 1969 814 2023 in
863 1968 1086 2024 aedibus
1146 1967 1432 2034 habitant,
1493 1970 1558 2022 ut
1613 1968 1694 2023 ita
1734 1969 1950 2038 dicam,

289 2060 538 2131 aliaeque
562 2059 696 2115 aliis
727 2059 1068 2127 inhaereant,
1094 2075 1208 2113 non
1240 2061 1433 2112 tamen
1466 2057 1682 2114 idcirco
1715 2058 1953 2114 actioni-

287 2151 408 2206 bus
441 2151 588 2206 inter
619 2167 680 2206 se
711 2151 1084 2206 conveniunt.

366 2241 614 2296 Proinde
645 2241 743 2312 qui
775 2240 970 2295 divino
1005 2239 1240 2294 Numini
1273 2239 1496 2294 cultum
1527 2239 1808 2309 majorem
1832 2239 1949 2295 im-

287 2331 532 2403 pendet,
564 2347 738 2401 qualn
761 2347 866 2399 par
881 2333 990 2396 est,
1024 2345 1319 2402 quamque
1348 2347 1380 2384 a
1402 2328 1514 2400 piis
1539 2327 1676 2384 viris
1702 2345 1937 2400 accepe-

289 2421 390 2488 rit,
423 2420 878 2490 haudquaquam
912 2426 1027 2475 Deo
1080 2424 1353 2490 acceptus
1401 2418 1530 2483 erit,
1565 2425 1662 2474 aut
1696 2417 1944 2474 salutem

283 2508 400 2564 hoc
435 2515 598 2578 pacto
625 2513 1035 2580 consequetur,
1077 2507 1306 2564 etiamsi
1345 2524 1561 2580 corpus
1600 2509 1941 2565 ccmburen-

278 2600 426 2654 dum
458 2599 910 2666 tradat,etiamsi
928 2600 1079 2653 bona
1097 2598 1573 2669 suapauperibus
1599 2598 1936 2664 distribuat,

280 2689 403 2744 imo
430 2707 501 2743 ne
524 2706 804 2761 magnum
830 2688 1061 2758 quidem
1095 2687 1232 2759 quid
1289 2687 1494 2743 fecisse
1537 2688 1787 2756 dicetur,
1832 2689 1934 2761 qui

275 2780 354 2834 ad
382 2780 652 2833 virtutem
684 2778 798 2833 alia
826 2778 918 2832 via
947 2777 1293 2849 aspiraverit
1322 2793 1500 2848 quam
1535 2794 1665 2848 quze
1716 2777 1941 2834 melico-

276 2868 358 2924 lis
392 2868 664 2922 arrideat.

360 2953 572 3024 Siquis
602 2953 755 3009 enim
795 2953 1010 3024 jejunii
1068 2953 1218 3008 vires
1276 2970 1374 3010 eas
1432 2970 1560 3010 esse
1617 2955 1844 3023 doctus,
1876 2961 1940 3012 ut

275 3061 490 3116 pravos
530 3043 772 3099 atfectus
803 3044 872 3098 de
906 3043 1098 3098 medio
1130 3042 1318 3109 tollat,
1351 3060 1567 3114 eosque
1616 3044 1936 3116 ingeneret,

272 3132 377 3205 qui
419 3131 823 3187 mediocritate
869 3149 976 3187 sua
1033 3131 1352 3187 laudabiles
1405 3132 1544 3196 sint,
1579 3149 1705 3188 eam
1749 3134 1935 3189 conti-

270 3221 534 3277 nentiam
569 3220 731 3274 nullo
771 3222 944 3275 modo
977 3221 1354 3292 prosequitur
1392 3226 1450 3277 et
1507 3221 1734 3289 excolit,
1765 3225 1933 3293 cujus

265 3325 513 3380 capaces
537 3308 804 3363 homines
851 3325 977 3363 esse
1013 3315 1249 3378 queant,
1307 3310 1406 3364 sed
1462 3310 1640 3365 frenis
1683 3312 1809 3381 ejus
1843 3328 1932 3366 ex-
1965 3277 2006 3343 Ε

263 3398 485 3462 cussis,
519 3398 704 3452 nimia
734 3396 1132 3452 imbecillitate
1178 3415 1388 3469 corpus
1433 3401 1775 3468 attenuarit,
1809 3404 1930 3456 ani-

265 3503 551 3558 mamque
581 3487 660 3541 ita
693 3485 1015 3542 miserrime
1047 3487 1279 3541 tandem
1315 3487 1616 3555 efflaverit,
1668 3489 1926 3560 seipsum

265 3576 467 3648 potius
492 3575 795 3642 occidisse,
816 3591 991 3646 quam
1014 3575 1243 3645 jejunio
1268 3591 1401 3629 cum
1424 3575 1647 3647 angelis
1670 3584 1926 3635 certasse

259 3664 584 3720 videbitur.
618 3663 1121 3727 Quemadmodum
1157 3680 1346 3735 neque
1388 3669 1629 3736 martyr,
1681 3668 1779 3721 sed
1833 3669 1922 3724 sui

264 3754 459 3826 ipsius
495 3753 831 3808 interfector
863 3752 1218 3821 censebitur,
1252 3768 1436 3823 neque
1480 3753 1786 3810 sanctitate
1827 3755 1924 3812 illa

261 3842 480 3914 dignus
513 3841 844 3906 habebitur,
868 3858 984 3912 qua
1006 3840 1206 3896 ﬁdeles
1252 3843 1515 3897 exornari
1545 3842 1757 3912 solent,
1791 3845 1919 3917 qui-

258 3948 500 3999 cunque
526 3930 786 4003 gladium
847 3932 904 3986 in
965 3931 1191 3987 viscera
1250 3933 1480 4005 propria
1528 3934 1915 4002 distrinxerit,

258 4022 435 4094 quasi
467 4021 576 4075 hoc
611 4025 773 4090 pacto
807 4037 910 4091 pro
942 4021 1156 4076 Christi
1191 4021 1429 4078 nomine
1452 4027 1698 4079 mortem
1747 4025 1912 4093 ferat,

255 4120 319 4168 ul
373 4110 729 4181 martyribus
787 4116 1183 4166 accenseatur.
1245 4111 1456 4167 Eodem
1516 4113 1690 4168 etiam
1749 4116 1917 4170 modo

255 4203 638 4275 Collyridiani
666 4203 791 4272 ejus
815 4208 970 4256 certe
995 4203 1154 4268 ﬁdei,
1179 4203 1600 4274 quaChristum
1635 4221 1916 4262 veneran-

256 4298 359 4351 tur
382 4309 519 4365 ergo
543 4292 914 4364 amplexandi
963 4296 1138 4348 sunt:
1189 4294 1342 4364 quod
1377 4309 1510 4348 vero
1534 4294 1632 4349 Dei
1671 4296 1916 4351 Genitri-

257 4401 390 4441 cem
421 4388 599 4437 Deum
624 4381 978 4450 existiment,
1009 4381 1177 4452 eique
1218 4398 1384 4438 sacra
1433 4383 1668 4455 faciant,
1721 4402 1911 4441 sacer-

257 4472 493 4530 dotibus
529 4471 761 4527 feminis
795 4473 862 4526 ad
896 4471 950 4526 id
983 4470 1311 4540 destinatis,
1348 4472 1562 4543 quibus
1592 4489 1660 4529 ne
1697 4475 1912 4546 templa

255 4563 497 4635 quidem
531 4565 770 4616 omnino
803 4564 1022 4632 patent,
1056 4565 1292 4632 propter
1323 4562 1524 4617 sordes
1583 4561 1732 4630 illas,
1765 4581 1908 4636 quas

2131 1966 2188 2020 2.
2222 1964 2383 2028 Quod
2434 1965 2682 2020 Satanas
2733 1968 2789 2019 et
2852 1965 3147 2019 daemones
3204 1965 3530 2023 humanum
3583 1969 3709 2024 ani-

2060 2067 2222 2107 mum
2259 2053 2619 2124 possideant,
2654 2053 3031 2125 humanaque
3086 2056 3226 2110 adeo
3287 2060 3496 2112 natura
3537 2058 3710 2130 spiri~

2057 2144 2225 2195 tuum
2260 2141 2527 2210 nequitia
2559 2159 2798 2198 consors
2829 2147 2885 2198 et
2914 2143 3106 2199 socius
3139 2144 3234 2200 sit.

2128 2230 2181 2284 3.
2215 2229 2375 2294 Quod
2411 2231 2657 2286 Satanas
2689 2237 2744 2286 et
2773 2232 3026 2304 Spiritus
3057 2239 3300 2288 sanctus
3335 2235 3555 2289 homini
3615 2252 3709 2291 co-

2055 2319 2343 2385 habitent,
2378 2321 2652 2392 quodque
2709 2338 2779 2377 ne
2827 2323 3077 2394 apostoli
3132 2325 3368 2395 quidem
3400 2345 3432 2381 a
3473 2331 3710 2382 contra-

2050 2409 2136 2464 ria
2166 2410 2419 2480 energia,
2467 2427 2566 2466 seu
2615 2411 2949 2468 daemonum
3012 2418 3318 2484 potestate,
3362 2413 3527 2472 liberi
3585 2417 3712 2472 fue-

2051 2498 2186 2554 rint.

2121 2598 2174 2652 4.
2207 2597 2369 2660 Quod
2428 2614 2612 2667 neque
2658 2599 2982 2670 baptismus
3033 2601 3330 2658 hominem
3384 2604 3705 2674 perfectum

2048 2688 2278 2749 reddat,
2318 2703 2506 2758 neque
2551 2689 2880 2744 divinorum
2942 2692 3353 2762 mysteriorum
3414 2694 3707 2766 perceptio

2047 2776 2304 2831 animam
2339 2783 2637 2848 expurget,
2671 2779 2770 2834 sed
2804 2781 2948 2846 sola,
2983 2797 3110 2851 quae
3160 2783 3232 2836 ab
3283 2781 3402 2838 illis
3432 2788 3706 2840 censetur

2047 2865 2254 2922 oratio.

2117 2969 2169 3020 5.
2204 2967 2366 3030 Quod
2401 2967 2595 3034 homo,
2639 2969 2812 3024 etiam
2861 2975 2994 3040 post
3049 2970 3434 3042 baptismum,
3468 2978 3702 3044 peccato

2044 3054 2381 3125 inquinatus
2405 3064 2511 3125 est,
2547 3059 2821 3128 quodque
2851 3075 2964 3113 non
2999 3060 3293 3131 baptismi,
3327 3063 3427 3118 sed
3487 3063 3700 3120 oratio-

2044 3142 2136 3198 nis
2171 3144 2450 3199 beneticio
2483 3145 2604 3210 ﬁat,
2640 3151 2702 3200 ut
2736 3147 2926 3203 ﬁdelis
2958 3148 3275 3205 immortali
3312 3149 3412 3206 illa
3455 3156 3510 3206 et
3541 3154 3697 3208 divi-

2048 3249 2123 3287 na
2154 3243 2316 3288 veste
2349 3235 2590 3290 fruatur.

2113 3324 2167 3378 6.
2203 3324 2366 3389 Quod
2391 3325 2780 3395 amplexanda
2823 3329 2912 3382 est
2960 3327 3218 3398 apathia,
3273 3331 3378 3385 hoc
3423 3336 3514 3386 est
3566 3349 3694 3404 per-

2043 3413 2444 3469 turbationum
2476 3415 2757 3482 vacuitas,
2786 3416 3056 3487 quodque
3088 3418 3333 3488 spiritus
3364 3422 3692 3478 communi-

2039 3503 2190 3558 catio
2218 3519 2394 3557 sensu
2430 3509 2487 3558 et
2519 3521 2721 3574 reapse
2753 3504 3125 3576 percipienda
3155 3507 3248 3561 sit.

2107 3592 2162 3646 7.
2196 3593 2359 3655 Quod
2396 3593 2595 3648 anima
2628 3594 2728 3648 tali
2770 3595 3023 3650 caelestis
3075 3595 3256 3667 hujus
3306 3602 3505 3670 sponsi
3560 3619 3697 3660 con-

2037 3681 2219 3735 sortio
2263 3681 2373 3736 frui
2414 3683 2638 3752 debeat,
2675 3683 2830 3754 quali
2868 3688 2993 3738 tum
3029 3686 3244 3740 fruitur
3276 3705 3419 3744 uxor
3462 3707 3597 3748 cum
3630 3694 3690 3748 in

2034 3768 2142 3824 viri
2177 3767 2540 3840 amplexibus
2574 3771 2741 3840 jacet.

2105 3858 2152 3910 8.
2192 3857 2352 3920 Quod
2388 3858 2486 3928 qui
2521 3857 2737 3930 Spiritu
2772 3865 3047 3932 aguntur,
3110 3867 3410 3934 peccatum
3457 3870 3511 3922 et
3553 3884 3686 3939 gra-

2033 3945 2199 4011 tiam,
2230 3951 2349 4002 tam
2385 3956 2683 4017 operatam
2713 3965 2891 4020 quam
2934 3956 3290 4020 Operantem,
3351 3954 3598 4014 interius
3630 3963 3686 4013 et

2032 4036 2288 4091 exterius
2311 4035 2569 4096 videant.

2101 4127 2152 4179 9.
2183 4125 2338 4188 Quod
2377 4127 2646 4182 revelatio
2677 4127 2777 4194 sit,
2838 4146 2964 4201 quae
3026 4146 3202 4186 sensu
3261 4137 3319 4189 et
3350 4133 3546 4192 divina
3577 4137 3685 4209 hy-

2030 4215 2254 4285 postasi
2288 4215 2412 4280 fiat,
2446 4215 2638 4286 qualis
2670 4225 2755 4271 est
2785 4217 3093 4274 hereseos.

2103 4304 2190 4357 10.
2225 4303 2389 4369 Quod
2423 4305 2575 4376 ignis
2607 4306 2720 4360 vim
2755 4309 3200 4378 procreatricem
3235 4311 3468 4369 habeat.

2101 4392 2187 4448 11.
2217 4393 2377 4456 Quod
2408 4395 2622 4462 anima,
2673 4412 2800 4466 quae
2853 4398 3152 4453 Christum
3204 4417 3381 4457 sensu
3422 4408 3477 4459 et
3519 4407 3680 4461 omni

2026 4483 2358 4552 operatione
2396 4501 2510 4539 non
2547 4484 2742 4555 habet,
2795 4486 3092 4558 reptilium
3155 4496 3209 4546 et
3255 4501 3676 4552 venenatorum

2025 4571 2391 4638 animalium,
2421 4573 2530 4630 hoc
2559 4582 2644 4630 est
2676 4578 2869 4632 omnis
2927 4581 3228 4634 contrariae
3287 4583 3540 4652 virtutis,
3571 4586 3673 4640 ha-

256 4652 368 4708 sibi
403 4668 436 4704 a
469 4653 680 4705 natura
709 4649 1298 4715 contraxerunt,sacri
1322 4667 1563 4720 prorsus
1583 4656 1639 4706 et
1671 4654 1914 4709 intesta-
1947 4650 1991 4714 D
2022 4660 2345 4717 bitaculum
2373 4668 2480 4720 est,

257 4741 467 4796 bilesa
527 4738 798 4794 fidelibus
856 4738 1110 4794 habendi
1167 4744 1359 4794 sunt:
1418 4755 1524 4794 nec
1583 4743 1904 4813 quidquam

256 4827 406 4884 lucri
440 4827 648 4883 animae
681 4846 821 4896 suae,
858 4843 982 4883 meo
1013 4829 1250 4899 quidem
1285 4829 1534 4899 judicio,
1593 4833 1910 4902 acquirunt

259 4935 325 4975 ex
359 4919 431 4974 iis
459 4935 582 4989 quae
615 4919 1044 4989 quadamtenus
1076 4919 1166 4989 pie
1217 4935 1412 4990 gerere
1470 4919 1760 4976 videntur.
1806 4922 1910 4978 Illa

255 5009 410 5063 enim
444 5011 679 5079 propter
709 5007 959 5064 aliorum
1000 5007 1509 5080 improbationem,
1561 5010 1723 5065 irrita
1771 5026 1912 5081 quo-

255 5113 367 5168 que
397 5103 454 5154 et
486 5114 724 5168 prorsus
759 5097 1567 5164 inutiliaevadent.Quoniam
1588 5100 1688 5172 qui
1723 5118 1905 5159 unum

251 5185 399 5259 legis
434 5186 777 5242 mandatum
809 5186 1224 5258 antiquaverit,
1259 5188 1339 5243 ita
1383 5189 1807 5247 condemnatur
1840 5209 1906 5249 ac

253 5274 302 5329 si
332 5279 512 5331 totam
545 5275 731 5346 legem
769 5279 1180 5346 transgressus
1211 5281 1384 5332 esset.

849 5381 1008 5438 CAP.
1044 5381 1293 5440 XXXVI.

252 5469 552 5542 Tricesi-ma
601 5475 759 5527 sexta
803 5471 1047 5538 haeresis,
1095 5472 1582 5542 Massalianorum,
1633 5477 1748 5534 sive
1798 5484 1901 5536 Eu-

313 5540 747 5622 chimrumfuﬂt
792 5548 1100 5622 unguntur,
1160 5549 1220 5599 ut
1293 5540 1636 5622 quibusdam
1697 5551 1896 5622 placet,

311 5613 414 5682 vel,
449 5621 507 5669 ut
536 5615 695 5683 aliis,
729 5613 1107 5686 baptimntur,
1159 5613 1323 5687 quod'
1355 5621 1589 5688 quidem
1643 5613 1895 5694 praestat.

311 5717 657 5778 Massaliani
688 5721 816 5793 ipsa
849 5723 1146 5781 notatione
1180 5725 1435 5784 nominis
1465 5727 1894 5800 Euchitas,hoc

2095 4751 2180 4804 12.
2216 4752 2380 4818 Quod
2411 4761 2621 4810 natura
2659 4756 2946 4813 malorum
2979 4760 3108 4814 fons
3134 4765 3191 4815 et
3219 4761 3381 4833 origo
3416 4763 3512 4821 sit.

2095 4843 2174 4896 13.
2211 4843 2371 4906 Quod
2411 4844 2591 4900 Maria
2635 4850 2689 4902 et
2739 4864 2939 4903 semen
2998 4853 3054 4904 et
3097 4852 3342 4907 Verbum
3388 4870 3667 4927 concepe-

2021 4931 2113 4986 rit.

2092 5021 2177 5075 14.
2212 5023 2373 5087 Quod
2407 5023 2690 5091 Adamus,
2716 5025 2888 5080 etiam
2934 5031 3066 5083 ante
3121 5033 3667 5104 transgressionem,

2018 5127 2152 5166 cum
2187 5111 2299 5167 Eva
2347 5111 2492 5167 citra
2542 5112 2720 5170 ullam
2771 5115 2946 5171 animi
2998 5119 3492 5188 perturbationem
3534 5141 3674 5180 con-

2016 5201 2337 5258 cumbcret.

2087 5292 2174 5346 15.
2208 5291 2369 5355 Ουοά
2405 5293 2626 5349 homini
2659 5295 2786 5350 duce
2824 5295 2943 5352 sint
2973 5299 3205 5368 animae,
3239 5317 3488 5373 quarum
3523 5304 3672 5361 alte-

2014 5397 2079 5436 ra
2110 5381 2333 5437 caeteris
2363 5381 2705 5440 hominibus
2735 5388 3093 5455 communis,
3127 5390 3306 5446 altera
3336 5392 3670 5452 coelestibus

2014 5469 2248 5542 propria
2283 5471 2375 5526 sit.

2088 5561 2168 5612 16.
2204 5561 2364 5624 Ουοά
2401 5561 2524 5616 ﬁeri
2558 5565 2767 5635 possit,
2827 5572 2890 5621 ut
2935 5567 3108 5623 homo
3169 5585 3369 5641 sensu,
3419 5571 3526 5629 hoc
3579 5581 3669 5632 est

2010 5665 2234 5720 reapse,
2264 5654 2319 5705 et
2352 5653 2508 5706 omni
2541 5657 2894 5727 operatione,
2931 5657 3216 5730 Spiritum
3241 5665 3513 5719 sanctum
3533 5681 3662 5722 sus~

2009 5737 2207 5811 cipiat.
