4054 6394
355 400 505 466 1331

1676 397 1996 459 NICETJE
2038 395 2457 458 CHONIATE

3628 392 3804 455 1332

424 541 513 596 17.
564 536 728 603 Quod
793 535 1099 593 orantibus
1167 552 1309 591 crux
1349 534 1409 590 in
1459 533 1682 591 lumine
1727 552 2006 608 apparere
2040 538 2089 604 Α
2122 535 2533 605 obscenitates,
2566 534 2950 611 pecuniarum
2980 535 3138 591 furta
3168 537 3227 591 et
3266 533 3667 592 scortationes
3696 534 3800 591 in-

356 629 847 703 possit,quodque
869 625 1185 697 aliquando
1210 641 1511 695 procerum
1538 624 1778 697 quidam
1802 626 2006 696 depre-

353 720 574 775 hensus
609 717 805 785 fuerit,
865 731 998 771 cum
1039 715 1109 772 ad
1161 716 1344 770 altare
1391 713 1609 771 astanti
1656 719 1773 770 tres
1821 729 2006 787 panes

352 808 478 866 oleo
510 806 649 880 pisti
678 809 1131 877 apponerentur.

427 916 513 971 18.
540 916 701 978 Quod
729 911 1048 969 Massiliani
1071 928 1219 983 opus
1249 928 1423 967 omne
1463 916 1827 979 aversantur,
1857 914 2015 985 quod

358 1006 632 1061 manibus
664 1004 1051 1073 tit,tanquam
1083 1000 1450 1057 Christianos
1501 1002 1741 1057 minime
1791 1004 2012 1059 deceat.

432 1093 519 1149 49.
555 1094 618 1149 In
672 1097 838 1163 parte
893 1107 1028 1146 vero
1108 1090 1601 1147 inhumanitatem
1661 1108 1895 1164 quoque
1954 1091 2014 1148 in

362 1199 648 1257 pauperes
672 1181 1072 1237 introducunt.
1098 1184 1321 1252 Negant
1360 1179 1517 1235 enim
1542 1195 1640 1237 eos
1662 1182 1761 1252 qui
1793 1182 2015 1238 mundo

363 1271 849 1340 renuntiaverint,
880 1269 966 1325 vel
1008 1268 1246 1325 omnino
1279 1269 1601 1341 quidquam
1650 1270 1787 1326 boni
1846 1286 2018 1342 agere

358 1360 763 1431 voluerint,iis
787 1359 1120 1432 quidquam
1170 1374 1413 1431 erogare
1454 1362 1733 1431 oportere,
1786 1360 1885 1431 qui
1916 1359 2018 1415 sti-

363 1467 497 1525 pem
561 1450 793 1523 publiee
836 1448 1149 1511 mendicat,
1204 1452 1304 1504 aut
1355 1448 1596 1505 desertis
1643 1448 1859 1517 viduis,
1918 1453 2020 1505 aut

366 1541 440 1597 iis
471 1543 573 1613 qui
602 1541 764 1596 varia
794 1538 1055 1612 pericula
1087 1537 1416 1608 subierunt,
1472 1543 1572 1595 aut
1609 1555 1850 1612 corpore
1889 1556 2018 1595 mu-

368 1630 541 1700 tilati,
575 1636 676 1685 aut
707 1629 910 1686 morbo
933 1628 1155 1696 afflicti,
1181 1632 1282 1683 aut
1330 1628 1683 1685 creditorum
1716 1629 2017 1699 saevitiam,

374 1724 475 1775 aut
507 1720 893 1775 Barbarorum
935 1717 1330 1785 excursiones,
1373 1722 1472 1773 aut
1518 1716 1662 1774 alias
1722 1718 1777 1772 id
1834 1734 2020 1789 genus

371 1808 736 1865 calamitates
768 1806 1009 1878 experti,
1070 1790 1263 1861 rerum
1314 1822 1554 1862 suarum
1592 1807 1890 1878 jacturam
1936 1807 2017 1862 fe-

367 1900 595 1964 cerunt,
628 1895 729 1949 sed
760 1894 873 1949 sibi
904 1892 1188 1964 ipsis,qui
1218 1910 1501 1965 pauperes
1550 1894 1762 1966 spiritu
1819 1910 2018 1975 revera
2048 1915 2096 1981 B

366 1985 504 2055 sint,
537 1984 735 2041 omnia
765 1982 1196 2055 suppeditanda
1226 1999 1355 2039 esse
1382 1984 1566 2038 aiunt.

432 2093 523 2147 20.
576 2091 673 2147 His
725 2088 1107 2146 ecclesiarum
1162 2093 1220 2146 et
1285 2089 1560 2147 altarium
1620 2094 2019 2163 contemptum

371 2183 620 2247 addunt,
654 2178 821 2251 quasi
851 2194 948 2235 eos
980 2178 1080 2250 qui
1115 2178 1385 2250 pietatem
1430 2179 1801 2251 proﬁtentur,
1831 2181 2023 2237 haud-

367 2286 669 2343 quaquam
701 2269 760 2324 in
793 2268 1203 2324 ecclesiasticis
1260 2269 1774 2326 communionibus
1825 2286 2020 2343 perse-

369 2378 568 2419 verare
593 2361 817 2428 deceat,
867 2359 941 2415 iis
1000 2359 1272 2431 precibus
1330 2368 1655 2429 contentos,
1716 2377 1864 2432 quas
1909 2361 2021 2431 ipsi

374 2451 500 2508 suis
532 2449 591 2504 in
624 2447 896 2504 oratoriis
925 2447 1041 2504 Deo
1099 2448 1376 2505 fundunt.
1421 2452 1629 2505 Preces
1678 2449 1832 2505 enim
1883 2467 2023 2506 suas

371 2539 516 2596 tanti
546 2538 826 2612 ponderis
857 2553 986 2593 esse
1016 2537 1240 2605 dicunt,
1276 2541 1340 2592 ut
1385 2537 1499 2593 sibi
1547 2543 1605 2594 et
1652 2539 1725 2595 iis
1753 2556 1902 2610 quos
1928 2540 2023 2596 in-

366 2631 628 2686 stituunt
671 2626 924 2700 Spiritus
968 2630 1208 2683 sanctus
1258 2643 1539 2700 apparere
1600 2645 1777 2685 sensu
1825 2629 2026 2701 depre-

372 2720 688 2775 hendatur.

438 2827 530 2882 21.
564 2825 926 2883 Fabulantur
955 2825 1135 2882 etiam
1184 2826 1408 2892 decere,
1461 2828 1523 2881 ut
1573 2827 1673 2899 qui
1722 2826 1866 2883 salvi
1895 2842 2024 2884 esse

377 2917 599 2987 volunt,
632 2916 837 2973 tandiu
868 2920 1057 2984 orent,
1092 2915 1238 2972 nihil
1270 2916 1427 2972 aliud
1484 2933 1726 2987 prorsus
1763 2921 2023 2990 agentes,

375 3010 559 3065 donec
590 3011 916 3080 peccatum,
949 3010 1226 3077 tanquam
1257 3006 1484 3062 fumum
1524 3010 1626 3062 aut
1680 3007 1899 3078 ignem,
1926 3011 2026 3064 aut

372 3098 709 3163 draconem,
768 3100 870 3152 aut
924 3096 982 3151 id
1034 3112 1220 3166 genus
1270 3095 1451 3150 feram
1509 3096 1778 3167 quamvis
1824 3096 2023 3165 aliam,

370 3188 656 3243 orationis
686 3186 740 3242 vi
772 3185 954 3257 abigi,
985 3202 1019 3239 a
1045 3201 1225 3257 seque
1275 3185 1586 3241 abscedere
1619 3202 1797 3241 sensu
1839 3187 2024 3258 perci—

374 3278 565 3348 piunt,
597 3280 655 3331 et
681 3275 939 3331 vicissim
964 3275 1145 3329 sancti
1176 3274 1428 3344 Spiritus
1480 3273 1803 3330 efficaciam
1843 3292 2019 3333 sensu
2054 3285 2097 3353 α

377 3364 708 3435 excipiant:
733 3362 1234 3434 manifestumque
1256 3363 1604 3419 introeuntis
1624 3364 1754 3435 ejus
1784 3380 2024 3423 sensum

377 3454 578 3511 animo
610 3452 1069 3524 deprehendant.
1103 3456 1293 3523 Atque
1346 3453 1494 3507 hanc
1540 3453 1778 3509 demum
1829 3470 2026 3513 veram

373 3542 841 3601 Christianorum
874 3546 1353 3597 communionem
1379 3557 1508 3598 esse
1540 3542 1763 3599 dicunt.

439 3653 530 3707 22.
564 3650 787 3723 Negant
819 3649 975 3706 enim
1026 3649 1085 3704 in
1138 3647 1405 3706 Ecclesiae
1451 3648 1764 3722 baptismo,
1789 3654 1891 3707 aut
1921 3651 2031 3708 cle-

367 3743 625 3799 ricorum
657 3740 1060 3810 electionibus,
1093 3755 1195 3795 eos
1221 3739 1319 3810 qui
1365 3739 1755 3811 baptizantur,
1788 3745 1892 3796 aut
1919 3740 2029 3797 eli-

369 3838 608 3905 guntur,
641 3829 827 3885 sancti
878 3828 1133 3899 Spiritus
1200 3828 1517 3899 participes
1561 3844 1711 3899 esse,
1746 3830 1859 3885 nisi
1903 3830 2028 3886 suis

369 3922 623 3992 ipsorum
653 3917 926 3991 precibus
957 3916 1279 3972 studiosius
1321 3917 1902 3974 communicaverint.
1946 3920 2030 3975 Ita

372 4014 439 4066 ut
461 4009 665 4077 cuivis,
698 4008 874 4064 etiam
905 4006 1032 4061 sine
1062 4006 1381 4075 baptismo,
1413 4007 1866 4063 communicatio
1896 4008 2028 4079 Spi-

374 4102 524 4157 ritus
557 4098 746 4155 sancti
774 4099 967 4169 pateat
1000 4113 1012 4149 :
1043 4094 1211 4151 modo
1245 4096 1482 4151 assidue
1514 4097 1640 4152 suis
1672 4097 1733 4151 in
1782 4099 2029 4154 cmtibus

371 4189 611 4259 versari,
646 4203 893 4260 quaeque
931 4184 1012 4241 ibi
1045 4186 1323 4258 dogmata
1376 4187 1714 4254 traduntur,
1774 4187 2031 4244 ediscere

369 4278 527 4335 velit.

439 4387 530 4442 23.
563 4385 726 4442 Unde
748 4400 881 4440 cum
915 4383 1235 4455 presbyteri
1264 4383 1571 4441 orthodoxi
1615 4386 1880 4456 quaedam
1915 4386 2032 4443 illis

369 4476 743 4548 objecissent,
781 4477 918 4546 puta
950 4474 1103 4544 quod
1138 4473 1273 4543 fide,
1312 4491 1430 4529 non
1465 4491 1664 4544 sensu,
1699 4492 1806 4531 nos
1840 4476 2027 4549 Spiri-

369 4574 464 4625 tus
487 4565 676 4622 sancti
698 4562 1012 4635 participes
1043 4562 1168 4618 ﬁeri
1198 4562 1565 4631 confitemur,
1600 4564 1684 4619 illi
1731 4565 1856 4621 suis
1903 4582 2030 4639 pre-

2119 626 2409 682 uiderunt.

2188 718 2279 771 25.
2317 717 2443 772 llaec
2482 720 2539 771 et
2583 714 2861 788 pleraque
2905 715 2963 770 id
3003 729 3189 788 genus
3232 713 3347 771 alia
3380 719 3661 787 portenta
3692 717 3801 773 de-

2122 806 2339 872 sinant,
2369 806 2450 862 ita
2470 810 2537 861 ut
2559 805 2797 877 nuptias
2818 805 2993 861 etiam
3030 803 3327 877 legitimas
3348 804 3632 862 facillime
3663 807 3797 862 dis-

2123 896 2432 962 solvant,et
2463 912 2561 952 eos
2585 896 2678 967 qui
2713 911 2747 951 a
2777 894 3004 967 nuptiis
3021 892 3195 949 alieni
3229 898 3386 963 sunt,
3439 910 3559 951 non
3609 911 3795 951 secus

2124 990 2299 1057 atque
2329 984 2669 1052 monachos,
2696 1000 2897 1041 secum
2931 983 3250 1055 asciscunt,
3282 984 3613 1057 beatosque
3638 1001 3795 1056 pre-

2124 1074 2341 1130 dioant.
2378 1079 2562 1147 Atque
2621 1074 2763 1130 adeo
2813 1074 3189 1147 persuadent,
3251 1076 3314 1128 ut
3370 1077 3557 1146 patre,
3596 1078 3799 1130 matre

2124 1163 2441 1236 liberisque
2487 1164 2658 1238 (quos
2707 1164 2956 1219 educare
3009 1162 3359 1235 debuerant)
3399 1163 3798 1234 posthabitis,

2125 1254 2193 1309 ad
2226 1270 2288 1310 se
2316 1258 2528 1311 cuncta
2557 1255 2942 1326 comportant.

2194 1345 2285 1400 26.
2317 1344 2526 1400 Servos
2583 1360 2618 1399 a
2670 1341 2924 1399 dominis
2977 1341 3266 1413 fugientes
3318 1341 3573 1400 libenter
3634 1343 3801 1400 exci-

2127 1433 2334 1506 piunt:
2368 1432 2541 1489 variis
2574 1431 2827 1504 peccatis
2871 1431 3124 1489 infames
3172 1432 3245 1488 ad
3295 1448 3358 1488 se
3409 1432 3798 1504 accedentes,

2129 1523 2348 1594 absque
2388 1521 2505 1578 ullo
2545 1519 2899 1593 paenitentia
2936 1521 3148 1589 fructu,
3172 1521 3397 1595 absque
3429 1522 3799 1579 auctoritate

2128 1610 2496 1680 sacerdotali,
2531 1611 2752 1682 absque
2783 1610 3081 1681 gradibus,
3116 1611 3214 1683 qui
3240 1610 3570 1668 canonibus
3600 1611 3799 1668 eccle-

2129 1700 2383 1758 siasticis
2416 1700 2897 1773 praescribuntur,
2926 1700 2997 1755 ab
3028 1700 3190 1757 omni
3220 1717 3282 1757 se
3312 1704 3553 1773 peccato
3593 1716 3801 1772 quan-

2128 1789 2317 1845 tocius
2349 1790 2684 1862 expiaturos
2716 1788 3084 1862 promittunt,
3119 1788 3169 1843 si
3199 1789 3330 1861 quis
3373 1789 3548 1845 modo
3580 1790 3805 1846 trivia-

2128 1878 2214 1936 les
2247 1897 2448 1938 eorum
2485 1896 2680 1953 preces
2708 1880 2865 1952 apud
2914 1896 3014 1936 eos
3062 1880 3378 1936 meditatus
3417 1883 3804 1952 extempora-

2131 1986 2275 2027 neus
2306 1969 2576 2043 nequitias
2607 1968 2880 2025 sacerdos
2910 1969 3180 2026 evaserit.

2199 2061 2499 2132 27.1taque
2531 2058 2865 2128 nonnullos,
2898 2061 3073 2115 etiam
3097 2063 3412 2131 antequam
3446 2076 3480 2116 a
3531 2062 3806 2133 peccatis

2129 2150 2507 2207 absolvantur
2534 2148 2651 2222 ipsi
2710 2151 2781 2205 ad
2841 2147 3186 2205 clericorum
3246 2148 3563 2206 electiones
3599 2152 3805 2207 addu-

2129 2244 2293 2307 cunt,
2324 2247 2381 2296 et
2411 2240 2482 2295 ab
2514 2238 2808 2311 episcopis
2839 2237 2972 2295 dolo
3006 2238 3306 2311 persuasis
3337 2254 3631 2296 manuum
3685 2242 3806 2297 im-

2130 2330 2477 2404 positionem
2510 2332 2874 2400 extorquent,
2921 2344 3071 2400 quos
3119 2328 3397 2384 nimirum
3448 2330 3806 2388 testimonio

2129 2434 2332 2476 eorum
2364 2420 2646 2487 inescent,
2680 2417 2781 2489 qui
2813 2418 2970 2491 apud
3011 2432 3112 2474 eos
3141 2417 3420 2474 monaohi
3447 2425 3800 2476 censentur.

2197 2509 2288 2565 28.
2322 2508 2384 2565 Id
2420 2512 2485 2563 ut
2516 2507 2752 2576 faciant,
2785 2524 2903 2564 non
2934 2522 3001 2563 eo
3033 2507 3429 2579 adducuntur,
3461 2509 3624 2579 quod
3675 2510 3810 2567 cle-

2129 2599 2384 2655 ricorum
2418 2598 2637 2670 gradus
2668 2596 3041 2654 honorabiles
3068 2596 3356 2670 judicent,
3413 2597 3514 2669 qui
3563 2598 3660 2655 vel
3702 2600 3803 2672 ip-

2130 2704 2249 2757 sos,
2282 2686 2515 2759 quoties
2546 2686 2891 2743 collubitum
2923 2692 3030 2754 est,
3060 2687 3370 2759 episcopos
3417 2690 3800 2760 contemptui

2129 2776 2368 2843 habent,
2427 2776 2527 2832 sed
2584 2778 2649 2831 ut
2703 2778 3052 2847 potestatem
3111 2779 3171 2832 et
3226 2774 3642 2832 auctoritatem
3679 2777 3804 2834 sibi

2131 2868 2486 2938 comparent.

2201 2964 2291 3018 29.
2326 2960 2600 3019 Nonnulli
2626 2978 2798 3036 porro
2829 2978 3030 3019 eorum
3065 2979 3138 3019 ne
3199 2963 3618 3037 mysteriorum
3679 2967 3810 3039 qui-

2134 3053 2266 3109 dem
2298 3051 2698 3109 communioni
2756 3068 2818 3109 se
2874 3068 3134 3124 unquam
3186 3052 3532 3109 interfuisse
3563 3054 3809 3126 dicunt,

2134 3142 2249 3198 nisi
2282 3143 2468 3198 sancti
2501 3143 2758 3215 Spiritus
2788 3142 3181 3214 praesentiam,
3216 3159 3344 3215 qua
3377 3142 3484 3199 illa
3511 3142 3668 3201 hora
3700 3145 3800 3202 fie-

2135 3231 2256 3299 bat,
2289 3236 2486 3305 aperte
2516 3229 2806 3288 sentirent
2835 3235 2891 3287 et
2920 3231 3341 3303 experirentur.

2209 3324 2298 3380 30.
2332 3327 2447 3378 Nec
2479 3323 2689 3379 desunt
2719 3323 2870 3379 inter
2909 3322 3063 3395 illos,
3121 3324 3239 3397 qui‘
3271 3324 3341 3380 ad
3391 3323 3591 3382 virilia
3640 3342 3804 3385 rese-

2133 3416 2343 3485 canda,
2372 3415 2423 3471 si
2460 3414 2562 3487 qui
2594 3415 2740 3471 forte
2767 3413 2968 3486 velint,
3000 3414 3399 3473 exhortentur.

2205 3505 2295 3559 31.
2327 3504 2738 3576 Separationes
2784 3504 2935 3576 (qua
3000 3503 3176 3577 vulgo
3215 3504 3679 3577 degradationes
3708 3523 3807 3579 ap-

2135 3592 2449 3665 pellantur)
2481 3591 2646 3648 facile
2676 3596 3088 3650 contemnunt.

2205 3684 2295 3738 32.
2328 3681 2617 3737 Audacter
2639 3682 2866 3752 jurant,
2898 3685 2955 3738 et
2984 3683 3266 3755 pejerant.

2204 3772 2293 3828 33.
2326 3770 2588 3842 Denique
2644 3769 2734 3826 vel
2784 3787 2954 3828 suam
3011 3771 3275 3843 ipsorum
3331 3772 3590 3832 haeresin
3623 3778 3811 3836 tacite

2136 3862 2518 3917 detestantur.

2445 4006 2714 4061 Hareseos
2739 4006 3113 4077 praecedentis
3143 4009 3480 4079 confatalia.

2204 4131 2555 4204 Deplorandi
2589 4135 2744 4188 certe
2795 4137 2937 4188 sunt
2989 4133 3270 4203 Euchitaa,
3324 4140 3569 4208 propter
3602 4140 3817 4197 mutti-

2134 4220 2343 4294 plicem
2383 4220 2545 4277 illam
2578 4220 2851 4279 haeresin.
2886 4226 3062 4295 atque
3096 4223 3326 4295 piorum
3379 4226 3664 4297 precibus
3703 4247 3812 4286 su-

2132 4311 2401 4369 blevandi
2433 4316 2499 4367 ut
2547 4311 2785 4367 tandem
2846 4311 3164 4383 aliquando
3215 4329 3249 4369 a
3295 4315 3647 4373 temeritatis
3700 4335 3813 4375 ve-

2134 4407 2300 4458 terno
2349 4400 2608 4468 excitati,
2663 4406 2961 4473 Deumque
3009 4408 3451 4474 cognoscentes,
3499 4422 3534 4461 a
3594 4407 3811 4465 stultis

2133 4491 2250 4547 illis
2277 4491 2548 4561 precibus
2577 4490 2939 4557 abstineant,
2970 4497 3143 4562 atque
3172 4493 3513 4565 dogmatum
3547 4511 3812 4555 suorum

2136 4579 2347 4638 fabulis
2401 4580 2640 4653 longum
2697 4580 2890 4637 valere
2941 4582 3150 4655 jussis,
3210 4583 3490 4655 pietatem
3573 4588 3816 4658 perdis-

372 4658 539 4714 cibus
594 4668 831 4710 sensum
882 4666 1116 4723 quoque
1174 4651 1426 4723 Spiritus
1475 4653 1662 4709 sancti
1728 4655 2025 4727 obtingere
2056 4657 2101 4722 D
2132 4674 2291 4728 cant.

372 4748 483 4804 sibi
513 4743 962 4817 responderunt.

439 4853 725 4907 24.Tanto
753 4856 946 4905 autem
978 4849 1325 4920 arrogantiae
1368 4850 1522 4907 fastu
1564 4850 1914 4922 efferuntur,
1964 4856 2027 4909 ut

373 4957 472 4999 eos
503 4940 601 5011 qui
631 4954 826 4997 secum
867 4937 1127 5011 Spiritus
1170 4938 1359 4995 sancti
1406 4956 1649 4997 sensum
1697 4939 2026 5013 percipiunt

372 5031 575 5086 beatos
601 5028 911 5099 praadlcent
954 5044 968 5084 :
1021 5032 1305 5099 tanquam
1361 5028 1603 5099 perfecti
1641 5036 1695 5083 et
1746 5030 1816 5085 ab
1868 5032 2026 5086 omni

376 5121 611 5191 peccato
659 5116 852 5186 liberi,
892 5116 1145 5188 denique
1192 5116 1463 5173 meliores
1508 5117 1832 5173 evaserint:
1894 5135 2028 5176 eos-

377 5209 508 5264 dem
539 5207 714 5262 etiam
750 5222 983 5261 summo
1015 5222 1213 5262 amore
1252 5210 1701 5279 prosequantur,
1733 5215 1787 5262 et
1808 5206 2023 5275 colant,

378 5303 441 5355 ut
472 5297 569 5369 qui
597 5313 711 5352 non
746 5293 996 5365 amplius
1022 5295 1237 5364 peccati
1282 5296 1557 5368 periculis
1607 5297 1725 5353 sint
1769 5296 2022 5353 obnoxii.

378 5388 490 5443 Sed
522 5388 581 5441 in
616 5389 917 5456 posterum
952 5383 1170 5453 quiete,
1217 5385 1482 5442 ciborum
1522 5386 1809 5459 cupediis,
1867 5404 2025 5443 omni

378 5473 709 5543 largitionis
731 5486 961 5543 genere,
997 5469 1218 5526 deliciis
1252 5473 1691 5548 honoribusque
1728 5477 2022 5532 fruantur.

379 5561 635 5624 Quorum
661 5559 921 5630 plerique
946 5559 1101 5629 apud
1129 5572 1226 5614 eos
1246 5559 1587 5633 hujusmodi
1619 5565 2023 5624 testimonium

382 5647 751 5713 perfectionis
783 5646 1002 5718 adepti,
1059 5645 1212 5702 inter
1267 5660 1533 5710 externos
1587 5656 1760 5726 (quos
1804 5670 1876 5709 ne
1929 5671 2026 5711 no-

382 5731 541 5791 mine
571 5735 808 5805 quidem
839 5734 1304 5797 Cbristianorum
1344 5743 1685 5818 dignantur)
1724 5745 1783 5801 in
1833 5745 2023 5803 varias

2202 4759 2356 4817 Vera
2385 4760 2542 4817 enim
2564 4760 2861 4817 dementia
2882 4765 2990 4833 est,
3027 4761 3075 4818 si
3104 4761 3239 4835 quis
3261 4763 3560 4821 existimet
3613 4768 3809 4843 enhy-

2135 4850 2440 4924 postatice,
2482 4849 2591 4906 hoc
2648 4854 2737 4906 est
2792 4866 3013 4920 revera,
3069 4852 3349 4909 Satanam
3400 4858 3457 4910 et
3506 4855 3810 4928 Spiritum

2136 4938 2650 4996 sanctumhomini
2676 4939 3044 4999 inhabitare:
3095 4957 3232 4998 cum
3261 4945 3591 5016 prasertim
3644 4948 3809 5006 Deus

2133 5029 2433 5086 hominem
2465 5044 2534 5084 ex
2563 5027 2762 5085 anima
2793 5033 2850 5086 et
2879 5046 3120 5103 corpore
3178 5036 3603 5106 composuerit,
3648 5036 3804 5095 alie-

2136 5120 2715 5190 numqueaSatanae
2744 5118 2985 5189 ditione,
3054 5121 3165 5177 sub
3222 5122 3347 5194 ipsa
3399 5126 3614 5181 mundi
3684 5128 3813 5198 pri-

2137 5209 2364 5265 mordia
2394 5207 2746 5264 formaverit.
2801 5209 2962 5265 Idem
3030 5211 3187 5267 enim
3244 5212 3372 5284 ipse
3402 5213 3618 5271 coelum
3654 5233 3808 5289 quo-

2135 5298 2609 5370 queappenditct
2631 5298 2905 5368 firmavit,
2939 5299 3042 5370 qui
3074 5300 3383 5358 hominum
3404 5304 3812 5377 generispira-

2135 5385 2335 5441 culum
2357 5384 2484 5440 vita:
2498 5385 2817 5441 dedit.Jam
2836 5385 2886 5442 si
2901 5386 3145 5444 Satanas
3167 5389 3393 5445 homini
3406 5391 3805 5465 cohabitaret,

2134 5474 2303 5547 eique
2357 5471 2833 5544 συνενυπόστατος,
2894 5476 3005 5532 hoc
3063 5480 3155 5534 est
3213 5492 3417 5535 revera
3474 5480 3694 5539 insitus
3744 5492 3808 5542 et

2134 5565 2433 5623 immistus
2490 5566 2914 5635 dominaretur,
2974 5584 3277 5641 nunquam
3337 5588 3372 5627 a
3430 5575 3652 5630 sanctis
3682 5576 3807 5632 eal-

2134 5660 2300 5713 catus
2326 5655 2750 5729 increpatusve,
2784 5660 3070 5730 tanquam
3119 5658 3229 5715 vilc
3277 5661 3802 5735 mancipium,nec

2135 5746 2307 5805 aliter
2324 5765 2503 5823 quam
2528 5747 2791 5807 misellus
2823 5748 3201 5822 passerculus
3247 5750 3504 5811 ludibrio
3548 5754 3801 5818 habitus
