4054 6458
347 403 513 466 1333

1693 395 2094 458 THESAURI
2141 398 2288 458 LIB.
2339 399 2440 461 IV.

3602 396 3762 462 1334

340 539 568 596 fuisset.
628 534 790 592 Alias
855 532 1031 590 etiam
1095 529 1221 588 ﬁeri
1274 547 1390 588 non
1449 534 1658 603 potest,
1717 533 1782 586 ut
1839 531 1991 602 apud
2024 531 2284 601 Annius
2318 533 2496 589 divini
2528 537 2585 590 et
2616 531 2811 589 interni
2845 529 3115 604 principii
3174 528 3428 602 cognitio
3485 529 3611 587 orbi
3654 534 3766 586 ter-

345 644 529 684 unum
557 627 950 696 eumdemque
1008 622 1305 679 hominem
1363 623 1490 678 dum
1549 621 1851 677 contrariis
1891 620 2000 675 vir-

342 722 522 783 tutes,
554 719 816 782 sanctus,
849 713 1117 784 inquam,
1152 711 1404 784 Spiritus
1437 716 1493 767 et
1519 715 1789 777 Satanas,
1815 709 1990 766 simul

344 809 712 866 conveniant.
747 805 862 860 Nec
913 804 1069 860 enim
1125 802 1359 858 illorum
1419 819 1742 858 concursus
1802 802 1851 857 is
1884 805 1996 866 est,

345 900 446 972 qui
469 898 752 959 accidere,
787 898 888 950 aut
917 893 1034 948 ullo
1069 908 1331 965 unquam
1363 897 1625 963 tempore
1665 891 1999 963 contingere

343 989 552 1063 possit.
588 987 688 1042 Ille
721 985 878 1041 enim
910 989 1064 1039 Deus
1097 988 1186 1037 est
1238 986 1295 1037 et
1352 983 1702 1053 angelorum
1754 986 1998 1044 creator,

347 1079 444 1135 hic
503 1093 634 1131 vero
696 1073 1022 1146 apostatica
1087 1072 1471 1142 maleﬁcaque
1530 1071 1811 1143 potentia,
1873 1087 2000 1141 qua

340 1169 588 1239 propter
617 1162 856 1217 insitam
887 1159 1225 1231 superbiam
1259 1161 1327 1214 ab
1360 1159 1459 1215 illo
1492 1160 1691 1231 procul
1724 1159 1952 1215 exsulat
1984 1179 1998 1228 ;

340 1261 402 1312 et
424 1257 594 1325 juxta
627 1251 859 1308 Domini
891 1251 1154 1316 verbum,
1187 1259 1452 1320 tanquam
1482 1251 1672 1322 fulgur
1704 1265 1820 1306 una
1865 1265 2001 1305 cum

351 1345 616 1416 ejusdem
669 1339 1001 1398 rebellionis
1046 1342 1412 1396 consortibus
1463 1340 1739 1412 potentiis
1794 1356 1823 1396 θ
1872 1340 2001 1396 caelo

336 1433 545 1491 decidit
577 1431 642 1487 7‘.

418 1527 471 1579 2.
505 1523 709 1579 Divino
742 1538 914 1594 porro
974 1519 1352 1592 baptismate,
1411 1519 1744 1591 Christique
1792 1523 2000 1591 myste‘

343 1615 562 1672 riorum
593 1612 982 1684 perceptione,
1016 1610 1297 1676 animam,
1331 1625 1508 1664 unam
1543 1608 1781 1679 quidem
1813 1607 2000 1675 illam,

339 1719 452 1759 nec
477 1701 726 1773 duplicis
758 1707 1000 1765 naturae,
1057 1702 1122 1753 ut
1175 1697 1438 1754 Euchitzn
1496 1702 1815 1770 nugantur,
1867 1714 2004 1768 pur-

339 1794 471 1866 gari
532 1791 946 1861 hominemque
1003 1789 1323 1859 perfectum
1413 1789 1597 1856 reddi,
1657 1788 1844 1859 ipsius
1902 1788 2004 1843 Dei

2111 639 2308 679 rarum
2345 623 2498 679 clare
2523 623 2797 680 innotuit.

2178 727 2230 778 4.
2268 725 2442 781 Porro
2475 725 2522 781 si
2550 724 2681 795 quis
2714 725 2868 779 dicet
2926 722 3148 779 malum
3199 720 3558 776 ἐνυπόστατον
3607 738 3759 788 esse,

2109 813 2218 870 hoc
2253 818 2362 884 est,
2426 831 2624 870 revera
2677 813 3017 881 consistere,
3085 811 3226 883 quid
3280 811 3440 867 aliud
3491 811 3600 867 hoc
3647 817 3758 880 est,

2111 920 2288 976 quam
2321 921 2522 960 eorum
2554 903 2849 976 impietas,
2879 902 2980 974 qui
3015 903 3166 958 bono
3204 907 3320 958 Deo
3370 901 3583 958 malam
3625 919 3763 973 qua-

2113 993 2306 1047 mdam
2341 993 2658 1064 potentiam
2713 993 2950 1063 opponi,
2983 996 3040 1046 et
3088 996 3368 1062 tanquam
3401 990 3760 1046 contrarium

2110 1084 2276 1154 quid,
2310 1100 2429 1137 una
2487 1099 2618 1138 cum
2672 1098 2738 1138 eo
2792 1081 2958 1153 quasi
3016 1097 3084 1137 ex
3127 1081 3369 1136 adverso
3401 1097 3760 1152 comparare,

2109 1180 2348 1228 censent
2381 1177 2438 1228 et
2467 1171 3038 1244 proﬁtentur?quod
3074 1169 3232 1225 nullo
3274 1171 3447 1226 modo
3497 1170 3616 1225 ﬁeri
3651 1186 3762 1242 po—

2112 1266 2243 1318 test.
2278 1262 2500 1317 Bonum
2533 1261 2688 1317 enim
2751 1266 2808 1316 et
2864 1259 3087 1315 malum
3149 1262 3353 1314 mutuo
3385 1276 3447 1314 se
3476 1259 3764 1314 vicissim-

2111 1368 2224 1423 que
2251 1352 2536 1423 perimere
2567 1354 2799 1406 constat
2833 1351 3007 1421 :quia
3039 1350 3319 1404 nimirum
3369 1349 3481 1404 sibi
3512 1349 3762 1404 invicem

2112 1441 2422 1512 irrequieta
2455 1448 2804 1512 repugnant,
2837 1445 2894 1494 et
2924 1438 3217 1494 inﬁrmius
3272 1456 3304 1493 a
3359 1438 3595 1494 fortiore
3635 1453 3760 1493 cor-

2111 1531 2424 1602 rumpitur.
2461 1531 2620 1594 Quod
2655 1530 2704 1584 si
2736 1529 2870 1600 quis
2905 1544 3067 1599 aequo
3099 1527 3193 1582 illa
3253 1528 3508 1598 pondere
3558 1527 3764 1583 existi-

2111 1627 2247 1688 met,
2278 1624 2554 1692 perpetuo
2613 1618 2765 1674 inter
2821 1634 2883 1674 se
2939 1616 3090 1673 bello
3147 1617 3446 1684 dimicare,
3477 1620 3653 1687 atque
3692 1633 3762 1672 ex

2111 1710 2531 1781 consequentia
2576 1713 2844 1764 mutuam
2878 1707 2989 1763 sibi
3047 1707 3280 1762 assidue
3325 1707 3640 1776 perniciem
3671 1706 3760 1762 in-

2109 1799 2258 1856 ferre
2288 1798 2685 1870 deprehendet
2718 1814 2732 1852 :
2768 1814 2900 1852 cum
2954 1796 3194 1852 alternis
3248 1799 3495 1867 utraque
3523 1795 3761 1852 vincant

334 1881 536 1940 verbis
567 1883 814 1948 constat,
849 1895 974 1948 quae
1007 1877 1414 1933 remissionem
1452 1881 1845 1948 peccatorum,
1873 1877 1994 1950 spi-

2109 1892 2162 1944 et
2190 1891 2520 1944 vincantur.
2554 1887 2660 1953 Qui
2695 1886 2854 1943 enim
2905 1890 3118 1942 cuncta
3169 1885 3228 1940 in
3260 1900 3454 1941 rerum
3487 1889 3760 1940 naturam

339 1970 733 2042 ritualemque
789 1967 1020 2023 caelitus
1079 1967 1292 2022 factam
1342 1965 1864 2038 regenerationem,
1895 1967 2002 2022 ba-

339 2063 633 2136 ptismum
666 2058 1104 2116 vocant.Divina
1128 2071 1358 2130 quoque
1384 2072 1632 2111 munera
1657 2055 1854 2110 cibum
1871 2071 2002 2112 esse

348 2152 645 2217 novimus,
698 2149 798 2222 qui
858 2163 1159 2217 nunquam
1221 2146 1567 2201 absumatur
1643 2147 1700 2199 et
1757 2148 1994 2215 pereat:

349 2242 450 2313 qui
488 2257 705 2296 manna
761 2239 890 2310 ipso
947 2237 1119 2308 longe
1177 2236 1253 2290 sit
1311 2233 1514 2290 melior
1566 2233 1631 2290 ⁷⁵.
1665 2232 1782 2288 Hoc
1841 2233 1997 2288 enim

341 2330 574 2387 Hebraei
594 2331 834 2401 [Egypto
859 2331 1135 2383 exeuntes
1160 2327 1215 2380 in
1237 2324 1554 2382 solitudine
1597 2322 1996 2393 comederunt,

347 2424 407 2475 et
447 2421 660 2475 mortui
700 2423 870 2474 sunt:
905 2416 1006 2472 illa
1059 2433 1197 2471 vero
1251 2413 1756 2470 immortalitatem
1803 2413 1996 2469 confe-

348 2513 492 2565 runt
520 2527 531 2564 :
556 2508 860 2579 multoque
885 2507 1093 2562 melius
1118 2507 1379 2561 animam
1405 2505 1474 2560 ab
1505 2502 1861 2559 animalibus
1877 2519 1999 2558 ma-

346 2600 500 2654 culis
524 2597 947 2653 inhaerentibus
977 2598 1321 2666 expurgant,
1350 2610 1526 2664 quam
1551 2593 1723 2648 carbo
1746 2591 1841 2647 ille
1871 2591 1994 2664 qui,

344 2689 565 2760 forcipe
607 2704 640 2742 a
697 2684 991 2741 Cherubin
1046 2684 1207 2739 Isaiae
1265 2683 1496 2738 oblatus
1554 2681 1731 2738 est”.
1769 2681 1840 2738 Ut
1880 2698 1996 2737 uno

339 2777 515 2835 verbo
555 2774 876 2842 absolvam,
925 2773 1071 2829 nihil
1132 2772 1288 2827 aliud
1350 2771 1450 2826 illa
1496 2775 1655 2840 sunt,
1690 2787 1866 2842 quam
1901 2788 1995 2828 co-

342 2867 484 2940 pula
517 2866 779 2937 quaedam
813 2881 944 2919 cum
1002 2863 1256 2930 Christo,
1318 2878 1570 2934 veraque
1618 2861 1745 2916 vita:
1797 2878 1992 2918 causa.

340 2955 614 3013 Christus
642 2954 796 3009 enim
827 2954 886 3009 in
920 2952 1244 3022 Evangeliis
1302 2952 1488 3007 dixit:
1539 2951 1645 3020 Qui
1697 2951 1993 3007 manduca!

338 3062 521 3103 meam
552 3061 798 3110 carnem,
833 3045 889 3097 in
923 3059 1006 3098 me
1038 3047 1238 3108 manet,
1271 3048 1322 3098 et
1372 3057 1464 3113 ego
1512 3041 1574 3097 in
1622 3057 1682 3097 co
1708 3043 1771 3097 ⁷⁷.
1805 3043 1948 3096 Item
1977 3057 1992 3098 :

333 3135 455 3193 Nisi
483 3133 955 3189 manducaveriiis
987 3147 1213 3187 carnem
1235 3129 1370 3186 Filii
1397 3129 1714 3198 hominis,et
1738 3131 1992 3186 biberilis

333 3227 456 3296 ejus
484 3227 832 3294 sanguinem,
865 3239 975 3277 non
999 3221 1206 3276 habetis
1237 3220 1416 3277 vitam
1450 3223 1505 3276 in
1533 3220 1680 3276 vobis
1710 3219 1776 3275 ⁷8.

413 3318 463 3368 3.
499 3313 692 3368 Oratio
750 3318 946 3368 autem
1004 3311 1322 3366 virtutibus
1379 3311 1693 3381 conjuncta
1758 3327 1885 3382 quae
1918 3311 1988 3366 ad

337 3405 500 3478 piam
531 3403 706 3458 vitam
735 3401 1133 3466 introducunt,
1168 3400 1415 3470 gratiam
1466 3399 1722 3471 Spiritus
1754 3414 1988 3455 conser-

337 3497 610 3563 vat,qure
645 3507 747 3563 per
774 3490 1064 3545 lavacrum
1126 3487 1580 3559 regenerationis
1641 3491 1698 3543 et
1751 3488 1988 3560 partici-

335 3583 635 3656 pationem
670 3580 928 3652 corporis
959 3582 1016 3634 et
1055 3577 1361 3648 sanguinis
1418 3576 1631 3632 Christi
1689 3577 1761 3632 iis
1794 3579 1884 3648 qui
1925 3594 1992 3632 ea

339 3671 503 3744 digni
537 3675 677 3726 sunt
709 3669 1056 3724 infunditur.
1090 3667 1204 3722 Nec
1234 3683 1365 3723 vero
1397 3666 1522 3722 sola
1552 3683 1655 3738 per
1677 3683 1737 3723 se
1760 3669 1826 3722 ad
1858 3667 1991 3723 ﬁdei

340 3761 794 3818 fundamentum
855 3759 1213 3814 assumenda
1269 3761 1404 3813 est:
1466 3773 1571 3813 nec
1625 3757 1697 3813 ad
1738 3757 1990 3813 salutem

339 3850 704 3924 precantium
765 3850 1089 3921 quidquam
1149 3848 1388 3904 confert.
1449 3850 1572 3915 Quo
1627 3847 1780 3903 enim
1838 3848 1992 3903 reteo

337 3945 504 3999 retur
541 3940 748 4006 oratio,
810 3939 925 3994 nisi
977 3939 1162 4010 pietas
1220 3937 1404 4005 illam,
1464 3939 1684 4008 Deique
1739 3937 1991 4008 cognitio

337 4031 630 4105 praecedat
658 4029 685 4084 ?
706 4045 880 4100 quem
907 4028 1143 4100 quidem
1169 4044 1368 4094 sensu,
1411 4025 1736 4099 hypostasi,
1777 4030 1833 4081 et
1874 4042 1996 4097 per-

341 4121 542 4191 spicue
571 4119 765 4174 videre
796 4116 1015 4173 nemini
1076 4117 1267 4172 adhuc
1321 4133 1523 4172 eorum
1565 4115 1808 4188 contigit
1842 4133 1855 4183 ;
1890 4115 1987 4186 qui

335 4207 555 4266 terreni
579 4207 838 4278 corporis
859 4205 1154 4276 ergastulo
1177 4211 1540 4261 coercentur.
1577 4204 1789 4260 Paucis
1811 4208 1990 4273 certe,

337 4301 533 4371 iisque
563 4297 916 4370 expurgatis,
970 4313 1103 4352 eum
1154 4299 1434 4366 tanquam
1477 4295 1534 4349 in
1579 4295 1904 4367 mnigmatis
1937 4299 1994 4350 et

339 4388 669 4446 visionibus
728 4387 992 4443 obscuris
1061 4386 1405 4458 apparuisse
1445 4389 1694 4440 constat.
1727 4385 1995 4450 Quando-

343 4479 583 4554 quidem
616 4480 817 4545 Moses,
879 4493 1012 4531 cum
1075 4474 1341 4546 petiisset
1399 4479 1465 4530 ut
1522 4479 1701 4529 Deum
1747 4473 1990 4542 videret,

342 4568 565 4627 audivit
591 4569 794 4625 :Nemo
825 4564 1028 4622 videbit
1050 4564 1251 4637 faciem
1281 4573 1548 4632 meam,et
1579 4567 1720 4620 vivet
1743 4565 1787 4600 π
1810 4565 1993 4621 :unde

2115 1977 2412 2048 produxit,
2445 1977 2690 2032 honesta
2749 1979 2805 2030 et
2861 1976 3015 2030 bona
3063 1973 3264 2030 omnia
3297 1973 3531 2041 creavit,
3565 1978 3631 2029 ut
3661 1975 3764 2044 qui

2113 2065 2399 2120 honestus
2428 2069 2484 2118 et
2515 2066 2706 2120 bonus
2739 2067 2912 2120 esset.
2938 2064 3137 2134 Neque
3177 2062 3332 2117 enim
3366 2063 3485 2117 vita
3514 2069 3761 2117 mortem

2110 2157 2370 2225 generat,
2407 2169 2594 2223 neque
2625 2152 2820 2207 lumen
2868 2169 2898 2206 e
2950 2150 3207 2206 tenebris
3255 2150 3457 2206 oritur.
3496 2150 3603 2215 Qui
3637 2150 3761 2206 ﬁeri

2110 2259 2247 2314 ergo
2280 2245 2494 2313 potest,
2527 2245 2593 2296 ut
2623 2240 2841 2296 malum
2876 2240 3046 2296 aDeo
3079 2239 3320 2295 minime
3363 2242 3622 2296 creatum
3655 2257 3760 2296 na-

2108 2336 2243 2388 tura
2263 2331 2835 2403 enhypostatica,seu
2865 2346 2968 2402 per
2989 2345 3049 2385 se
3071 2329 3432 2386 subsistente
3451 2329 3760 2402 praeditum

2109 2420 2187 2477 sit
2208 2419 2231 2474 Ρ
2253 2419 2466 2476 Malum
2492 2424 2645 2476 certe
2679 2435 2806 2476 esse
2838 2435 3005 2475 nemo
3038 2418 3147 2474 ibit
3184 2418 3432 2475 inﬁcias.
3465 2420 3526 2475 Id
3561 2422 3758 2474 autem

2105 2511 2392 2566 viventem
2425 2515 2481 2565 et
2502 2509 2824 2565 animatam
2880 2507 3298 2574 substantiam,
3340 2511 3440 2562 aut
3487 2511 3756 2563 naturam

2108 2600 2382 2670 nequitiae
2415 2603 2735 2670 parentem,
2772 2613 3094 2670 negamus:
3128 2598 3230 2652 sed
3289 2597 3648 2654 affectionem
3694 2597 3753 2651 in

2106 2689 2306 2744 anima
2335 2688 2548 2744 idcirco
2579 2687 2775 2743 virtuti
2808 2690 3230 2758 repugnantem
3250 2687 3592 2752 asserimus,
3618 2690 3758 2754 quia

2106 2779 2178 2834 ab
2209 2778 2455 2833 honesto
2488 2781 2544 2831 et
2573 2777 2724 2831 bono
2757 2774 2924 2846 lapsa
2955 2775 3052 2846 sit,
3086 2791 3214 2847 quas
3245 2774 3483 2847 quidem
3525 2774 3756 2847 ignavis

2068 2889 2072 2893 ·
2105 2867 2453 2934 innascitur,
2491 2883 2605 2920 non
2638 2865 3029 2934 extrinsecus,
3059 2870 3161 2920 aut
3191 2869 3399 2936 praeter
3431 2864 3615 2920 animi
3649 2882 3754 2920 vo-

2104 2957 2387 3012 luntatem
2427 2972 2438 3010 :
2473 2955 2692 3026 alioqui
2750 2971 2936 3024 neque
2994 2954 3225 3025 legibus
3280 2954 3339 3009 in
3399 2953 3759 3010 facinorosos

2105 3063 2288 3119 pmnae
2321 3047 2584 3111 decretae,
2621 3061 2809 3116 neque
2839 3043 3130 3115 supplicia
3159 3043 3215 3097 in
3250 3044 3486 3098 eosdem
3541 3060 3574 3098 a
3597 3043 3758 3113 judi-

2105 3136 2270 3191 cibus
2303 3134 2467 3190 illata
2500 3135 2769 3190 fuissent.
2831 3134 2991 3199 Quod
3050 3136 3247 3188 autem
3292 3131 3514 3188 malum
3558 3148 3664 3188 nec
3697 3133 3756 3188 in

2106 3241 2302 3282 rerum
2327 3229 2538 3280 natura
2559 3225 2979 3292 consistat,nec
2996 3241 3026 3277 a
3043 3227 3154 3278 Deo
3169 3223 3521 3293 productum
3543 3221 3639 3287 sit,
3655 3225 3754 3277 sed

2101 3316 2287 3371 eidem
2319 3330 2386 3369 ex
2405 3314 2647 3369 adverso
2673 3311 3117 3384 repugnet,hinc
3143 3312 3516 3383 perspicuum
3544 3311 3755 3366 ﬁat.Ex

2101 3404 2332 3461 honesti
2367 3401 2935 3475 transgressionibus
2978 3400 3199 3457 malum
3243 3400 3428 3457 oritur
3460 3417 3473 3455 :
3511 3418 3626 3456 non
3657 3417 3750 3456 se-

2101 3510 2204 3550 cus
2238 3503 2410 3565 atque
2440 3493 2739 3548 secedente
2794 3491 3016 3545 lumine
3073 3491 3318 3548 tenebrae
3376 3490 3743 3546 succedunt:

2099 3589 2273 3654 atque
2304 3601 2371 3639 ex
2402 3583 2538 3638 boni
2573 3581 2960 3637 declinatione
3011 3597 3357 3653 progressus
3404 3582 3477 3636 ad
3519 3581 3744 3637 malum

2102 3673 2377 3728 nascitur.
2409 3673 2660 3728 Virtutes
2690 3671 2845 3726 enim
2879 3669 3123 3741 singulis
3172 3687 3307 3725 cum
3357 3671 3593 3726 afﬁxum
3635 3670 3748 3725 sibi

2101 3763 2310 3818 vitium
2344 3762 2618 3826 habeant,
2678 3760 2790 3816 nisi
2849 3760 3210 3814 inconcussas
3268 3759 3567 3829 ﬁrmisque
3627 3776 3746 3815 ma-

2103 3851 2669 3922 neant,contrarium
2699 3850 2902 3904 vitium
2928 3849 3329 3905 substituunt:
3359 3850 3753 3920 quemadmo-

2104 3943 2244 3997 dum
2278 3957 2490 4012 corpus
2522 3940 2676 4012 quod
2710 3938 3006 4011 splendori
3045 3937 3188 3994 solis
3237 3939 3590 4009 obtenditur,
3621 3955 3752 3995 um-

2105 4033 2291 4086 bram.
2324 4030 2499 4085 Verbi
2532 4028 2740 4101 gratia,
2773 4043 2908 4082 cum
2941 4028 3221 4082 fortitudo
3254 4034 3532 4100 tanquam
3565 4029 3752 4085 virtus

2105 4119 2478 4177 mediocritas
2518 4118 2614 4188 sit,
2649 4117 3093 4174 contrarietates
3125 4117 3419 4188 utrinque,
3468 4118 3753 4175 timidita-

2104 4209 2582 4280 tem,inquam,et
2599 4206 2925 4275 audaciam,
2957 4207 3131 4262 taeite
3165 4207 3515 4263 substitutas
3556 4208 3750 4266 habet.

2104 4299 2372 4363 Quandiu
2405 4312 2542 4368 ergo
2576 4297 2744 4350 ﬁrma
2800 4300 2859 4351 et
2914 4299 3210 4361 constans,
3242 4312 3466 4367 suoque
3515 4297 3752 4353 nomine

2105 4387 2282 4458 digna
2300 4390 2516 4454 manet,
2549 4385 2849 4442 timiditati
2888 4391 2945 4441 et
2967 4385 3223 4441 audacia:
3247 4385 3444 4442 nullus
3485 4393 3752 4458 superest

2104 4475 2291 4532 locus.
2328 4477 2542 4531 llarum
2577 4491 2711 4530 vero
2743 4473 3026 4531 alterutra
3055 4475 3390 4547 obrepente,
3415 4476 3518 4532 illa
3547 4478 3753 4534 obscu-

2105 4569 2290 4631 ratur,
2324 4564 2771 4637 venerabileque
2825 4581 3038 4621 nomen
3099 4565 3346 4621 amittit:
3399 4574 3570 4636 atque
3608 4569 3751 4622 adeo

338 4663 556 4734 dignus
590 4659 763 4715 etiam
785 4657 1023 4713 habitus
1054 4660 1164 4725 est,
1189 4657 1292 4728 qui
1314 4656 1701 4727 posteriorum
1729 4655 1983 4727 partium
2022 4641 2064 4705 Ι)
2094 4658 2387 4725 tanquam
2420 4653 2688 4708 inaudita
2743 4654 2910 4726 perit,
2971 4659 3027 4708 et
3078 4653 3218 4709 vitia
3274 4671 3308 4709 a
3356 4670 3418 4709 se
3449 4656 3756 4711 etformata

337 4754 578 4824 aspectu
605 4751 912 4815 frueretur,
944 4764 1306 4820 quaecunque
1356 4746 1589 4802 tandem
1638 4746 1989 4816 posteriores

342 4843 442 4898 Dei
476 4844 670 4913 partes
704 4840 825 4896 sint
859 4856 872 4895 :
905 4838 1007 4909 qui
1040 4838 1099 4893 in
1157 4836 1432 4892 columna
1487 4834 1686 4906 nubis,
1717 4833 1988 4907 caligine,

336 4937 393 4988 et
425 4931 661 4987 turbine
683 4928 835 4984 venti
867 4930 1084 4996 Mosen,
1116 4930 1174 4982 et
1222 4926 1421 4996 justos
1452 4941 1587 4980 eum
1641 4925 1990 4980 subsecutos

337 5021 629 5080 allocutus
658 5023 767 5076 est.
801 5020 961 5074 Idem
994 5017 1168 5072 etiam
1200 5015 1354 5070 Deus
1411 5031 1565 5070 unus
1623 5017 1712 5069 est
1741 5014 1840 5084 qui
1872 5030 1990 5068 una

335 5115 397 5168 in
425 5109 828 5173 Divinitate,et
848 5107 1240 5178 hypostaseon
1259 5103 1542 5159 Trinitate
1577 5103 1941 5174 dignoscitur
1974 5118 1987 5157 :

339 5217 514 5274 quem
546 5200 604 5255 in
638 5199 824 5267 Patre,
880 5195 1022 5251 Filio
1081 5199 1137 5250 et
1166 5194 1383 5267 Spiritu
1421 5193 1754 5250 adoramus.
1802 5196 1992 5264 Atque

340 5292 487 5348 Mosi
527 5289 766 5363 quidem
825 5294 878 5342 et
935 5285 1236 5358 prophetis
1295 5299 1678 5355 personarum
1733 5281 1992 5338 Trinitas

343 5383 590 5438 obscure
617 5384 832 5437 retecta
886 5381 976 5433 est
1006 5395 1024 5430 :
1084 5375 1142 5430 in
1200 5373 1425 5430 ultimis
1466 5389 1599 5430 vero
1630 5372 1992 5445 temporibus

339 5488 474 5529 cum
510 5471 690 5528 Filius
719 5470 821 5528 Dei
853 5472 1113 5526 nostram
1148 5464 1474 5537 assumpsit
1531 5463 1990 5536 corruptionem,

408 5643 455 5676 7‘
487 5642 619 5697 Luc.
655 5658 709 5710 x,
746 5642 829 5699 l8.
907 5639 953 5676 ⁷⁸
984 5638 1162 5696 Exod.
1191 5653 1302 5703 xvr,
1338 5637 1404 5692 15
1431 5653 1444 5704 ;
1472 5636 1639 5693 Joan.
1673 5653 1752 5702 vr,
1783 5636 1871 5691 31.

337 5727 540 5782 xxxiii,
569 5715 662 5768 20.

1975 5634 2018 5669 π
2053 5632 2161 5689 lsa.
2196 5649 2270 5701 vr,
2300 5633 2354 5689 6.

2100 4741 2450 4800 substituit:
2487 4748 2552 4798 ut
2582 4759 2784 4799 arcum
2816 4744 2876 4799 in
2909 4743 3169 4798 nubibus
3199 4742 3497 4814 bypostasi
3518 4744 3754 4815 propria

2101 4836 2394 4889 carentem
2427 4836 2598 4902 atque
2630 4832 2688 4886 in
2713 4832 2834 4887 sole
2868 4831 3196 4902 parhelium
3221 4849 3324 4888 seu
3355 4831 3753 4906 virgam,quos

2101 4921 2312 4994 vulgus
2345 4921 2495 4978 soles
2527 4925 2714 4987 vocat,
2747 4922 2940 4977 videre
2971 4926 3081 4977 est.

2170 5013 2223 5066 5.
2258 5015 2327 5068 At
2347 5027 2502 5077 vero,
2534 5011 2673 5082 quid
2723 5011 2865 5066 adeo
2918 5011 3141 5066 malum
3192 5011 3307 5068 dici
3355 5017 3563 5085 potest,
3597 5016 3752 5086 quod

2103 5119 2217 5158 non
2251 5101 2291 5157 ii
2319 5101 2647 5171 designent,
2670 5101 2768 5171 qui
2815 5117 2962 5172 opus
2993 5116 3164 5156 omne
3203 5101 3536 5174 defugiunt,
3571 5103 3752 5159 nulli-

2103 5207 2214 5264 que
2246 5191 2343 5246 alii
2374 5193 2603 5259 vacant,
2632 5189 2744 5245 nisi
2803 5193 2868 5245 ut
2923 5206 2992 5245 ea
3047 5191 3594 5264 comminiscentur,
3627 5211 3754 5266 quae

2103 5298 2137 5337 a
2166 5297 2297 5336 vero
2329 5297 2572 5353 prorsus
2631 5279 2818 5335 aliena
2876 5280 3042 5335 sint?
3099 5281 3240 5337 Cum
3283 5283 3438 5338 enim
3490 5284 3688 5340 statim
3722 5303 3756 5340 a

2104 5370 2573 5442 transgressione
2596 5369 2896 5427 hominem
2937 5374 3089 5426 Deus
3121 5371 3182 5426 in
3214 5370 3408 5428 labore
3439 5376 3496 5428 et
3545 5375 3758 5431 sudore

2107 5479 2314 5534 panem
2336 5461 2445 5519 sibi
2489 5478 2828 5534 comparare
2871 5463 3140 5533 jusserit,
3188 5463 3520 5537 Paulusque
3562 5475 3757 5538 aperte

3041 5631 3087 5669 ⁷⁸
3121 5633 3269 5691 Ibid.
3303 5636 3390 5694 54.

2458 5633 2504 5668 ⁷⁷
2533 5633 2702 5691 Joan.
2735 5648 2812 5704 v1,
2844 5631 2936 5689 57.
3041 5631 3087 5669 ⁷⁸
3121 5633 3269 5691 Ibid.
3303 5636 3390 5694 54.
3489 5636 3537 5671 ⁷⁹
3565 5637 3746 5698 Exod.
