  <div class='ocr_page' id='page_1' title='image "/cluster/home/n/w/nwhite01/storage/ocr_20150623/139:no.1/coo.31924054870443/677.png"; bbox 0 0 4054 6398; ppageno 0'>
   <div class='ocr_carea' id='block_1_1' title="bbox 471 344 627 411">
    <p class='ocr_par' dir='ltr' id='par_1_1' title="bbox 471 344 627 411">
     <span class='ocr_line' id='line_1_1' title="bbox 471 344 627 411; baseline -0.013 0"><span class='ocrx_word' id='word_1_1' title='bbox 471 344 627 411; x_wconf 83' lang='grc'>1335</span> 
     </span>
    </p>
   </div>
   <div class='ocr_carea' id='block_1_2' title="bbox 1794 343 2584 406">
    <p class='ocr_par' dir='ltr' id='par_1_2' title="bbox 1794 343 2584 406">
     <span class='ocr_line' id='line_1_2' title="bbox 1794 343 2584 406; baseline 0.003 -2"><span class='ocrx_word' id='word_1_2' title='bbox 1794 343 2105 404; x_wconf 76' lang='grc' dir='ltr'>ΝῘΟΕΤιΕ</span> <span class='ocrx_word' id='word_1_3' title='bbox 2149 343 2584 406; x_wconf 65' lang='lat' dir='ltr'>GHONIA&#39;I‘JE</span> 
     </span>
    </p>
   </div>
   <div class='ocr_carea' id='block_1_3' title="bbox 3700 344 3818 409">
    <p class='ocr_par' dir='ltr' id='par_1_3' title="bbox 3700 344 3818 409">
     <span class='ocr_line' id='line_1_3' title="bbox 3700 344 3818 409; baseline -0.008 0"><span class='ocrx_word' id='word_1_4' title='bbox 3700 344 3818 409; x_wconf 82' lang='grc'>1336</span> 
     </span>
    </p>
   </div>
   <div class='ocr_carea' id='block_1_4' title="bbox 473 472 3818 563">
    <p class='ocr_par' dir='ltr' id='par_1_4' title="bbox 473 472 3818 563">
     <span class='ocr_line' id='line_1_4' title="bbox 473 472 3818 563; baseline -0.001 -20"><span class='ocrx_word' id='word_1_5' title='bbox 473 485 798 563; x_wconf 76' lang='lat' dir='ltr'>exclamet;</span> <span class='ocrx_word' id='word_1_6' title='bbox 833 472 942 554; x_wconf 71' lang='lat' dir='ltr'>Qui</span> <span class='ocrx_word' id='word_1_7' title='bbox 992 499 1102 540; x_wconf 85' lang='lat' dir='ltr'>non</span> <span class='ocrx_word' id='word_1_8' title='bbox 1162 482 1375 539; x_wconf 78' lang='lat' dir='ltr'>laborat</span> <span class='ocrx_word' id='word_1_9' title='bbox 1425 498 1536 538; x_wconf 87' lang='lat' dir='ltr'>non</span> <span class='ocrx_word' id='word_1_10' title='bbox 1596 480 1883 537; x_wconf 80' lang='lat' dir='ltr'>manducet</span> <span class='ocrx_word' id='word_1_11' title='bbox 1913 479 1962 515; x_wconf 82' lang='grc' dir='ltr'>³ο</span> <span class='ocrx_word' id='word_1_12' title='bbox 1995 497 2009 537; x_wconf 88' lang='lat'><strong>:</strong></span> <span class='ocrx_word' id='word_1_13' title='bbox 2064 480 2125 534; x_wconf 88' lang='lat' dir='ltr'>bi</span> <span class='ocrx_word' id='word_1_14' title='bbox 2158 482 2208 547; x_wconf 85' lang='grc' dir='ltr'><strong>Α</strong></span> <span class='ocrx_word' id='word_1_15' title='bbox 2311 482 2473 547; x_wconf 88' lang='lat' dir='ltr'>Quod</span> <span class='ocrx_word' id='word_1_16' title='bbox 2508 496 2639 538; x_wconf 87' lang='lat' dir='ltr'>vero</span> <span class='ocrx_word' id='word_1_17' title='bbox 2671 497 2868 539; x_wconf 89' lang='lat' dir='ltr'>semen</span> <span class='ocrx_word' id='word_1_18' title='bbox 2901 480 2961 537; x_wconf 90' lang='lat' dir='ltr'>in</span> <span class='ocrx_word' id='word_1_19' title='bbox 3014 479 3276 553; x_wconf 79' lang='lat' dir='ltr'>Virginis</span> <span class='ocrx_word' id='word_1_20' title='bbox 3324 481 3544 538; x_wconf 83' lang='lat' dir='ltr'><strong>uterum</strong></span> <span class='ocrx_word' id='word_1_21' title='bbox 3590 498 3691 538; x_wconf 87' lang='lat' dir='ltr'>una</span> <span class='ocrx_word' id='word_1_22' title='bbox 3716 499 3818 540; x_wconf 87' lang='lat' dir='ltr'>cum</span> 
     </span>
    </p>
   </div>
   <div class='ocr_carea' id='block_1_5' title="bbox 470 571 2124 645">
    <p class='ocr_par' dir='ltr' id='par_1_5' title="bbox 470 571 2124 645">
     <span class='ocr_line' id='line_1_5' title="bbox 470 571 2124 645; baseline -0.005 -13"><span class='ocrx_word' id='word_1_23' title='bbox 470 592 621 645; x_wconf 87' lang='lat' dir='ltr'>opus</span> <span class='ocrx_word' id='word_1_24' title='bbox 651 574 804 630; x_wconf 89' lang='lat' dir='ltr'>inter</span> <span class='ocrx_word' id='word_1_25' title='bbox 836 578 1073 643; x_wconf 86' lang='lat' dir='ltr'>peccata</span> <span class='ocrx_word' id='word_1_26' title='bbox 1126 576 1566 629; x_wconf 87' lang='lat' dir='ltr'>recensuerunt.</span> <span class='ocrx_word' id='word_1_27' title='bbox 1624 572 1756 627; x_wconf 85' lang='lat' dir='ltr'>Jam</span> <span class='ocrx_word' id='word_1_28' title='bbox 1812 571 1859 626; x_wconf 90' lang='lat' dir='ltr'>si</span> <span class='ocrx_word' id='word_1_29' title='bbox 1919 586 2124 626; x_wconf 85' lang='lat' dir='ltr'>omnes</span> 
     </span>
    </p>
   </div>
   <div class='ocr_carea' id='block_1_6' title="bbox 470 659 2124 731">
    <p class='ocr_par' dir='ltr' id='par_1_6' title="bbox 470 659 2124 731">
     <span class='ocr_line' id='line_1_6' title="bbox 470 659 2124 731; baseline -0.004 -11"><span class='ocrx_word' id='word_1_30' title='bbox 470 665 838 731; x_wconf 89' lang='lat' dir='ltr'>homines,ut</span> <span class='ocrx_word' id='word_1_31' title='bbox 865 662 962 717; x_wconf 92' lang='lat' dir='ltr'>isti</span> <span class='ocrx_word' id='word_1_32' title='bbox 983 661 1206 727; x_wconf 91' lang='lat' dir='ltr'>volunt,</span> <span class='ocrx_word' id='word_1_33' title='bbox 1234 661 1481 717; x_wconf 80' lang='lat' dir='ltr'>orationi</span> <span class='ocrx_word' id='word_1_34' title='bbox 1531 661 1658 716; x_wconf 83' lang='lat' dir='ltr'>sine</span> <span class='ocrx_word' id='word_1_35' title='bbox 1686 659 2124 715; x_wconf 82' lang='lat' dir='ltr'>intermissione</span> 
     </span>
    </p>
   </div>
   <div class='ocr_carea' id='block_1_7' title="bbox 468 750 2122 822">
    <p class='ocr_par' dir='ltr' id='par_1_7' title="bbox 468 750 2122 822">
     <span class='ocr_line' id='line_1_7' title="bbox 468 750 2122 822; baseline -0.004 -12"><span class='ocrx_word' id='word_1_36' title='bbox 468 758 749 810; x_wconf 83' lang='lat' dir='ltr'>vacarent</span> <span class='ocrx_word' id='word_1_37' title='bbox 780 768 886 808; x_wconf 90' lang='lat' dir='ltr'>nec</span> <span class='ocrx_word' id='word_1_38' title='bbox 917 766 1115 807; x_wconf 90' lang='lat' dir='ltr'>eorum</span> <span class='ocrx_word' id='word_1_39' title='bbox 1165 751 1485 822; x_wconf 85' lang='lat' dir='ltr'>quidquam</span> <span class='ocrx_word' id='word_1_40' title='bbox 1545 754 1838 819; x_wconf 85' lang='lat' dir='ltr'>curarent,</span> <span class='ocrx_word' id='word_1_41' title='bbox 1872 766 1999 821; x_wconf 65' lang='lat' dir='ltr'>qum</span> <span class='ocrx_word' id='word_1_42' title='bbox 2051 750 2122 803; x_wconf 89' lang='lat' dir='ltr'>ad</span> 
     </span>
    </p>
   </div>
   <div class='ocr_carea' id='block_1_8' title="bbox 473 839 2121 914">
    <p class='ocr_par' dir='ltr' id='par_1_8' title="bbox 473 839 2121 914">
     <span class='ocr_line' id='line_1_8' title="bbox 473 839 2121 914; baseline -0.004 -14"><span class='ocrx_word' id='word_1_43' title='bbox 473 843 738 914; x_wconf 90' lang='lat' dir='ltr'>corporis</span> <span class='ocrx_word' id='word_1_44' title='bbox 780 841 1259 897; x_wconf 77' lang='lat' dir='ltr'>constitutionem</span> <span class='ocrx_word' id='word_1_45' title='bbox 1317 839 1631 911; x_wconf 85' lang='lat' dir='ltr'>pertinent,</span> <span class='ocrx_word' id='word_1_46' title='bbox 1666 839 1819 893; x_wconf 82' lang='lat' dir='ltr'>tame</span> <span class='ocrx_word' id='word_1_47' title='bbox 1881 854 2121 910; x_wconf 81' lang='lat' dir='ltr'>prorsus</span> 
     </span>
    </p>
   </div>
   <div class='ocr_carea' id='block_1_9' title="bbox 470 925 2124 989">
    <p class='ocr_par' dir='ltr' id='par_1_9' title="bbox 470 925 2124 989">
     <span class='ocr_line' id='line_1_9' title="bbox 470 925 2124 989; baseline -0.004 -1"><span class='ocrx_word' id='word_1_48' title='bbox 470 932 661 989; x_wconf 88' lang='lat' dir='ltr'>enecti</span> <span class='ocrx_word' id='word_1_49' title='bbox 690 934 933 987; x_wconf 89' lang='lat' dir='ltr'>mortem</span> <span class='ocrx_word' id='word_1_50' title='bbox 962 929 1227 984; x_wconf 90' lang='lat' dir='ltr'>omnium</span> <span class='ocrx_word' id='word_1_51' title='bbox 1263 930 1513 984; x_wconf 84' lang='lat' dir='ltr'>maxime</span> <span class='ocrx_word' id='word_1_52' title='bbox 1537 925 2124 983; x_wconf 88' lang='lat' dir='ltr'>miserandamobiis-</span> 
     </span>
    </p>
   </div>
   <div class='ocr_carea' id='block_1_10' title="bbox 476 1017 2124 1087">
    <p class='ocr_par' dir='ltr' id='par_1_10' title="bbox 476 1017 2124 1087">
     <span class='ocr_line' id='line_1_10' title="bbox 476 1017 2124 1087; baseline -0.004 -9"><span class='ocrx_word' id='word_1_53' title='bbox 476 1023 744 1078; x_wconf 87' lang='lat' dir='ltr'>sent.Sed</span> <span class='ocrx_word' id='word_1_54' title='bbox 777 1020 958 1085; x_wconf 84' lang='lat' dir='ltr'>dices,</span> <span class='ocrx_word' id='word_1_55' title='bbox 990 1035 1022 1074; x_wconf 92' lang='grc' dir='ltr'>ο</span> <span class='ocrx_word' id='word_1_56' title='bbox 1072 1019 1341 1087; x_wconf 90' lang='lat' dir='ltr'>Eucbita,</span> <span class='ocrx_word' id='word_1_57' title='bbox 1382 1022 1437 1074; x_wconf 89' lang='lat' dir='ltr'>te</span> <span class='ocrx_word' id='word_1_58' title='bbox 1483 1018 1684 1074; x_wconf 79' lang='lat' dir='ltr'>herbis</span> <span class='ocrx_word' id='word_1_59' title='bbox 1730 1023 1789 1073; x_wconf 88' lang='lat' dir='ltr'>et</span> <span class='ocrx_word' id='word_1_60' title='bbox 1836 1017 2124 1072; x_wconf 82' lang='lat' dir='ltr'>fructibus</span> 
     </span>
    </p>
   </div>
   <div class='ocr_carea' id='block_1_11' title="bbox 476 1109 2120 1183">
    <p class='ocr_par' dir='ltr' id='par_1_11' title="bbox 476 1109 2120 1183">
     <span class='ocr_line' id='line_1_11' title="bbox 476 1109 2120 1183; baseline -0.004 -16"><span class='ocrx_word' id='word_1_61' title='bbox 476 1116 681 1183; x_wconf 79' lang='lat' dir='ltr'>sponte</span> <span class='ocrx_word' id='word_1_62' title='bbox 702 1127 804 1182; x_wconf 88' lang='lat' dir='ltr'>per</span> <span class='ocrx_word' id='word_1_63' title='bbox 824 1109 961 1165; x_wconf 89' lang='lat' dir='ltr'>anni</span> <span class='ocrx_word' id='word_1_64' title='bbox 977 1113 1173 1179; x_wconf 90' lang='lat' dir='ltr'>partes</span> <span class='ocrx_word' id='word_1_65' title='bbox 1186 1109 1741 1164; x_wconf 88' lang='lat' dir='ltr'>enascentibusesse</span> <span class='ocrx_word' id='word_1_66' title='bbox 1758 1110 2120 1162; x_wconf 89' lang='lat' dir='ltr'>contentum.</span> 
     </span>
    </p>
   </div>
   <div class='ocr_carea' id='block_1_12' title="bbox 476 1195 2125 1269">
    <p class='ocr_par' dir='ltr' id='par_1_12' title="bbox 476 1195 2125 1269">
     <span class='ocr_line' id='line_1_12' title="bbox 476 1195 2125 1269; baseline -0.003 -14"><span class='ocrx_word' id='word_1_67' title='bbox 476 1200 623 1264; x_wconf 90' lang='lat' dir='ltr'>Quid</span> <span class='ocrx_word' id='word_1_68' title='bbox 644 1199 672 1254; x_wconf 76' lang='lat' dir='ltr'>‘t</span> <span class='ocrx_word' id='word_1_69' title='bbox 702 1214 831 1255; x_wconf 89' lang='lat' dir='ltr'>cum</span> <span class='ocrx_word' id='word_1_70' title='bbox 866 1197 970 1254; x_wconf 91' lang='lat' dir='ltr'>illa</span> <span class='ocrx_word' id='word_1_71' title='bbox 994 1197 1246 1269; x_wconf 84' lang='lat' dir='ltr'>colligis,</span> <span class='ocrx_word' id='word_1_72' title='bbox 1270 1213 1466 1252; x_wconf 86' lang='lat' dir='ltr'>nonne</span> <span class='ocrx_word' id='word_1_73' title='bbox 1516 1195 1777 1267; x_wconf 81' lang='lat' dir='ltr'>operaria</span> <span class='ocrx_word' id='word_1_74' title='bbox 1797 1195 1825 1250; x_wconf 78' lang='lat' dir='ltr'>‘I</span> <span class='ocrx_word' id='word_1_75' title='bbox 1867 1211 2061 1251; x_wconf 89' lang='lat' dir='ltr'>nonne</span> <span class='ocrx_word' id='word_1_76' title='bbox 2091 1212 2125 1250; x_wconf 90' lang='lat' dir='ltr'>a</span> 
     </span>
    </p>
   </div>
   <div class='ocr_carea' id='block_1_13' title="bbox 472 1285 2120 1361">
    <p class='ocr_par' dir='ltr' id='par_1_13' title="bbox 472 1285 2120 1361">
     <span class='ocr_line' id='line_1_13' title="bbox 472 1285 2120 1361; baseline -0.004 -16"><span class='ocrx_word' id='word_1_77' title='bbox 472 1288 775 1361; x_wconf 83' lang='lat' dir='ltr'>perpetuis</span> <span class='ocrx_word' id='word_1_78' title='bbox 796 1286 914 1343; x_wconf 89' lang='lat' dir='ltr'>illis</span> <span class='ocrx_word' id='word_1_79' title='bbox 938 1286 1209 1358; x_wconf 90' lang='lat' dir='ltr'>precibus</span> <span class='ocrx_word' id='word_1_80' title='bbox 1232 1287 1304 1342; x_wconf 88' lang='lat' dir='ltr'>ad</span> <span class='ocrx_word' id='word_1_81' title='bbox 1335 1290 1570 1356; x_wconf 86' lang='lat' dir='ltr'>tempus</span> <span class='ocrx_word' id='word_1_82' title='bbox 1604 1285 1972 1357; x_wconf 87' lang='lat' dir='ltr'>supersedes,</span> <span class='ocrx_word' id='word_1_83' title='bbox 2007 1300 2120 1340; x_wconf 92' lang='lat' dir='ltr'>non</span> 
     </span>
    </p>
   </div>
   <div class='ocr_carea' id='block_1_14' title="bbox 481 1373 2123 1449">
    <p class='ocr_par' dir='ltr' id='par_1_14' title="bbox 481 1373 2123 1449">
     <span class='ocr_line' id='line_1_14' title="bbox 481 1373 2123 1449; baseline -0.003 -16"><span class='ocrx_word' id='word_1_84' title='bbox 481 1394 651 1435; x_wconf 86' lang='lat' dir='ltr'>secus</span> <span class='ocrx_word' id='word_1_85' title='bbox 673 1380 991 1448; x_wconf 84' lang='lat' dir='ltr'>atque,quo</span> <span class='ocrx_word' id='word_1_86' title='bbox 1014 1392 1118 1449; x_wconf 90' lang='lat' dir='ltr'>per</span> <span class='ocrx_word' id='word_1_87' title='bbox 1142 1376 1325 1431; x_wconf 81' lang='lat' dir='ltr'>otium</span> <span class='ocrx_word' id='word_1_88' title='bbox 1359 1375 1531 1431; x_wconf 88' lang='lat' dir='ltr'>liceat</span> <span class='ocrx_word' id='word_1_89' title='bbox 1570 1375 1655 1431; x_wconf 92' lang='lat' dir='ltr'>ori</span> <span class='ocrx_word' id='word_1_90' title='bbox 1696 1379 1795 1430; x_wconf 91' lang='lat' dir='ltr'>tuo</span> <span class='ocrx_word' id='word_1_91' title='bbox 1823 1373 2123 1430; x_wconf 77' lang='lat' dir='ltr'>esculenta</span> 
     </span>
    </p>
   </div>
   <div class='ocr_carea' id='block_1_15' title="bbox 477 1462 2121 1540">
    <p class='ocr_par' dir='ltr' id='par_1_15' title="bbox 477 1462 2121 1540">
     <span class='ocr_line' id='line_1_15' title="bbox 477 1462 2121 1540; baseline -0.004 -16"><span class='ocrx_word' id='word_1_92' title='bbox 477 1482 812 1540; x_wconf 82' lang='lat' dir='ltr'>suggerere,</span> <span class='ocrx_word' id='word_1_93' title='bbox 843 1464 1291 1522; x_wconf 88' lang='lat' dir='ltr'>eantionesillas</span> <span class='ocrx_word' id='word_1_94' title='bbox 1313 1469 1372 1521; x_wconf 87' lang='lat' dir='ltr'>et</span> <span class='ocrx_word' id='word_1_95' title='bbox 1394 1480 1592 1536; x_wconf 86' lang='lat' dir='ltr'>preces</span> <span class='ocrx_word' id='word_1_96' title='bbox 1623 1464 1683 1519; x_wconf 93' lang='lat' dir='ltr'>in</span> <span class='ocrx_word' id='word_1_97' title='bbox 1721 1467 1888 1520; x_wconf 89' lang='lat' dir='ltr'>tuam</span> <span class='ocrx_word' id='word_1_98' title='bbox 1928 1462 2121 1535; x_wconf 90' lang='lat' dir='ltr'>perni-</span> 
     </span>
    </p>
   </div>
   <div class='ocr_carea' id='block_1_16' title="bbox 469 1551 2122 1623">
    <p class='ocr_par' dir='ltr' id='par_1_16' title="bbox 469 1551 2122 1623">
     <span class='ocr_line' id='line_1_16' title="bbox 469 1551 2122 1623; baseline -0.004 -11"><span class='ocrx_word' id='word_1_99' title='bbox 469 1557 617 1613; x_wconf 90' lang='lat' dir='ltr'>ciem</span> <span class='ocrx_word' id='word_1_100' title='bbox 650 1559 769 1612; x_wconf 87' lang='lat' dir='ltr'>ate</span> <span class='ocrx_word' id='word_1_101' title='bbox 825 1555 955 1611; x_wconf 91' lang='lat' dir='ltr'>cani</span> <span class='ocrx_word' id='word_1_102' title='bbox 1014 1553 1232 1623; x_wconf 87' lang='lat' dir='ltr'>solitas,</span> <span class='ocrx_word' id='word_1_103' title='bbox 1282 1553 1670 1610; x_wconf 86' lang='lat' dir='ltr'>intermittis?</span> <span class='ocrx_word' id='word_1_104' title='bbox 1729 1552 1897 1608; x_wconf 85' lang='lat' dir='ltr'>Absit</span> <span class='ocrx_word' id='word_1_105' title='bbox 1942 1551 2122 1623; x_wconf 91' lang='lat' dir='ltr'>enim,</span> 
     </span>
    </p>
   </div>
   <div class='ocr_carea' id='block_1_17' title="bbox 470 1642 1381 1701">
    <p class='ocr_par' dir='ltr' id='par_1_17' title="bbox 470 1642 1381 1701">
     <span class='ocr_line' id='line_1_17' title="bbox 470 1642 1381 1701; baseline -0.004 0"><span class='ocrx_word' id='word_1_106' title='bbox 470 1649 535 1701; x_wconf 89' lang='lat' dir='ltr'>ut</span> <span class='ocrx_word' id='word_1_107' title='bbox 567 1661 666 1701; x_wconf 90' lang='lat' dir='ltr'>eas</span> <span class='ocrx_word' id='word_1_108' title='bbox 698 1648 755 1700; x_wconf 88' lang='lat' dir='ltr'>te</span> <span class='ocrx_word' id='word_1_109' title='bbox 787 1645 900 1701; x_wconf 90' lang='lat' dir='ltr'>Deo</span> <span class='ocrx_word' id='word_1_110' title='bbox 932 1659 1139 1701; x_wconf 85' lang='lat' dir='ltr'>canere</span> <span class='ocrx_word' id='word_1_111' title='bbox 1168 1642 1381 1698; x_wconf 90' lang='lat' dir='ltr'>dicam.</span> 
     </span>
    </p>
   </div>
   <div class='ocr_carea' id='block_1_18' title="bbox 538 1730 2124 1802">
    <p class='ocr_par' dir='ltr' id='par_1_18' title="bbox 538 1730 2124 1802">
     <span class='ocr_line' id='line_1_18' title="bbox 538 1730 2124 1802; baseline -0.003 -12"><span class='ocrx_word' id='word_1_112' title='bbox 538 1735 593 1789; x_wconf 86' lang='lat'>6.</span> <span class='ocrx_word' id='word_1_113' title='bbox 628 1733 702 1789; x_wconf 91' lang='lat' dir='ltr'>Ut</span> <span class='ocrx_word' id='word_1_114' title='bbox 720 1736 912 1789; x_wconf 85' lang='lat' dir='ltr'>autem</span> <span class='ocrx_word' id='word_1_115' title='bbox 966 1732 1189 1787; x_wconf 79' lang='lat' dir='ltr'>interea</span> <span class='ocrx_word' id='word_1_116' title='bbox 1209 1731 1349 1786; x_wconf 90' lang='lat' dir='ltr'>dum</span> <span class='ocrx_word' id='word_1_117' title='bbox 1382 1730 1453 1787; x_wconf 92' lang='lat' dir='ltr'>ab</span> <span class='ocrx_word' id='word_1_118' title='bbox 1504 1730 1664 1786; x_wconf 93' lang='lat' dir='ltr'>omni</span> <span class='ocrx_word' id='word_1_119' title='bbox 1685 1745 1858 1802; x_wconf 83' lang='lat' dir='ltr'>opere</span> <span class='ocrx_word' id='word_1_120' title='bbox 1899 1746 2124 1786; x_wconf 87' lang='lat' dir='ltr'>cessan-</span> 
     </span>
    </p>
   </div>
   <div class='ocr_carea' id='block_1_19' title="bbox 465 1817 2195 1927">
    <p class='ocr_par' dir='ltr' id='par_1_19' title="bbox 465 1817 2195 1927">
     <span class='ocr_line' id='line_1_19' title="bbox 465 1817 2195 1927; baseline -0.003 -50"><span class='ocrx_word' id='word_1_121' title='bbox 465 1822 633 1889; x_wconf 87' lang='lat' dir='ltr'>dum,</span> <span class='ocrx_word' id='word_1_122' title='bbox 656 1837 725 1876; x_wconf 85' lang='lat' dir='ltr'>ex</span> <span class='ocrx_word' id='word_1_123' title='bbox 749 1819 1008 1875; x_wconf 81' lang='lat' dir='ltr'>assiduis</span> <span class='ocrx_word' id='word_1_124' title='bbox 1031 1818 1305 1890; x_wconf 88' lang='lat' dir='ltr'>precibus</span> <span class='ocrx_word' id='word_1_125' title='bbox 1326 1817 1750 1891; x_wconf 84' lang='lat' dir='ltr'>invigilandum</span> <span class='ocrx_word' id='word_1_126' title='bbox 1775 1834 1899 1875; x_wconf 87' lang='lat' dir='ltr'>esse</span> <span class='ocrx_word' id='word_1_127' title='bbox 1921 1819 2116 1887; x_wconf 88' lang='lat' dir='ltr'>doces,</span> <span class='ocrx_word' id='word_1_128' title='bbox 2152 1862 2195 1927; x_wconf 78' lang='grc' dir='ltr'><strong><em>Β</em></strong></span> 
     </span>
    </p>
   </div>
   <div class='ocr_carea' id='block_1_20' title="bbox 471 1907 2114 1982">
    <p class='ocr_par' dir='ltr' id='par_1_20' title="bbox 471 1907 2114 1982">
     <span class='ocr_line' id='line_1_20' title="bbox 471 1907 2114 1982; baseline -0.002 -16"><span class='ocrx_word' id='word_1_129' title='bbox 471 1909 944 1982; x_wconf 88' lang='lat' dir='ltr'>persuadeasiis,</span> <span class='ocrx_word' id='word_1_130' title='bbox 979 1924 1119 1978; x_wconf 89' lang='lat' dir='ltr'>quos</span> <span class='ocrx_word' id='word_1_131' title='bbox 1140 1909 1259 1964; x_wconf 90' lang='lat' dir='ltr'>tuis</span> <span class='ocrx_word' id='word_1_132' title='bbox 1308 1907 1552 1963; x_wconf 86' lang='lat' dir='ltr'>initiasti</span> <span class='ocrx_word' id='word_1_133' title='bbox 1608 1908 1924 1979; x_wconf 84' lang='lat' dir='ltr'>mysteriis,</span> <span class='ocrx_word' id='word_1_134' title='bbox 1962 1912 2027 1962; x_wconf 88' lang='lat' dir='ltr'>ut</span> <span class='ocrx_word' id='word_1_135' title='bbox 2057 1908 2114 1962; x_wconf 91' lang='lat' dir='ltr'>in</span> 
     </span>
    </p>
   </div>
   <div class='ocr_carea' id='block_1_21' title="bbox 465 1996 2123 2069">
    <p class='ocr_par' dir='ltr' id='par_1_21' title="bbox 465 1996 2123 2069">
     <span class='ocr_line' id='line_1_21' title="bbox 465 1996 2123 2069; baseline -0.002 -13"><span class='ocrx_word' id='word_1_136' title='bbox 465 2005 525 2056; x_wconf 86' lang='lat' dir='ltr'>te</span> <span class='ocrx_word' id='word_1_137' title='bbox 556 1999 767 2064; x_wconf 90' lang='lat' dir='ltr'>solum,</span> <span class='ocrx_word' id='word_1_138' title='bbox 801 1997 902 2069; x_wconf 88' lang='lat' dir='ltr'>qui</span> <span class='ocrx_word' id='word_1_139' title='bbox 927 1997 1178 2053; x_wconf 86' lang='lat' dir='ltr'>orationi</span> <span class='ocrx_word' id='word_1_140' title='bbox 1210 1996 1501 2067; x_wconf 81' lang='lat' dir='ltr'>invigiles,</span> <span class='ocrx_word' id='word_1_141' title='bbox 1528 1996 1860 2069; x_wconf 87' lang='lat' dir='ltr'>spirituque</span> <span class='ocrx_word' id='word_1_142' title='bbox 1900 2014 2123 2069; x_wconf 89' lang='lat' dir='ltr'>pauper</span> 
     </span>
    </p>
   </div>
   <div class='ocr_carea' id='block_1_22' title="bbox 465 2084 2124 2157">
    <p class='ocr_par' dir='ltr' id='par_1_22' title="bbox 465 2084 2124 2157">
     <span class='ocr_line' id='line_1_22' title="bbox 465 2084 2124 2157; baseline -0.004 -11"><span class='ocrx_word' id='word_1_143' title='bbox 465 2088 736 2155; x_wconf 86' lang='lat' dir='ltr'>exsistas,</span> <span class='ocrx_word' id='word_1_144' title='bbox 769 2086 1215 2143; x_wconf 84' lang='lat' dir='ltr'>beneﬁcentiam</span> <span class='ocrx_word' id='word_1_145' title='bbox 1240 2091 1570 2151; x_wconf 80' lang='lat' dir='ltr'>exerceant,</span> <span class='ocrx_word' id='word_1_146' title='bbox 1604 2084 1944 2157; x_wconf 90' lang='lat' dir='ltr'>nulliusque</span> <span class='ocrx_word' id='word_1_147' title='bbox 1979 2102 2124 2157; x_wconf 73' lang='lat' dir='ltr'>prte-</span> 
     </span>
    </p>
   </div>
   <div class='ocr_carea' id='block_1_23' title="bbox 469 2174 2120 2246">
    <p class='ocr_par' dir='ltr' id='par_1_23' title="bbox 469 2174 2120 2246">
     <span class='ocr_line' id='line_1_23' title="bbox 469 2174 2120 2246; baseline -0.003 -13"><span class='ocrx_word' id='word_1_148' title='bbox 469 2183 627 2233; x_wconf 87' lang='lat' dir='ltr'>terea</span> <span class='ocrx_word' id='word_1_149' title='bbox 650 2174 1367 2243; x_wconf 81' lang='lat' dir='ltr'>misereantur,Christum</span> <span class='ocrx_word' id='word_1_150' title='bbox 1393 2190 1626 2246; x_wconf 89' lang='lat' dir='ltr'>quoque</span> <span class='ocrx_word' id='word_1_151' title='bbox 1650 2180 1855 2230; x_wconf 82' lang='lat' dir='ltr'>testem</span> <span class='ocrx_word' id='word_1_152' title='bbox 1880 2174 2120 2245; x_wconf 85' lang='lat' dir='ltr'>allegas,</span> 
     </span>
    </p>
   </div>
   <div class='ocr_carea' id='block_1_24' title="bbox 473 2263 2125 2337">
    <p class='ocr_par' dir='ltr' id='par_1_24' title="bbox 473 2263 2125 2337">
     <span class='ocr_line' id='line_1_24' title="bbox 473 2263 2125 2337; baseline -0.001 -17"><span class='ocrx_word' id='word_1_153' title='bbox 473 2266 573 2337; x_wconf 89' lang='lat' dir='ltr'>qui</span> <span class='ocrx_word' id='word_1_154' title='bbox 606 2265 752 2321; x_wconf 89' lang='lat' dir='ltr'>citra</span> <span class='ocrx_word' id='word_1_155' title='bbox 779 2264 1069 2321; x_wconf 88' lang='lat' dir='ltr'>delectum</span> <span class='ocrx_word' id='word_1_156' title='bbox 1103 2265 1161 2320; x_wconf 91' lang='lat' dir='ltr'>in</span> <span class='ocrx_word' id='word_1_157' title='bbox 1213 2279 1698 2335; x_wconf 86' lang='lat' dir='ltr'>unumquemque</span> <span class='ocrx_word' id='word_1_158' title='bbox 1742 2263 2125 2336; x_wconf 78' lang='lat' dir='ltr'>eleemosynae</span> 
     </span>
    </p>
   </div>
   <div class='ocr_carea' id='block_1_25' title="bbox 472 2350 2126 2421">
    <p class='ocr_par' dir='ltr' id='par_1_25' title="bbox 472 2350 2126 2421">
     <span class='ocr_line' id='line_1_25' title="bbox 472 2350 2126 2421; baseline -0.002 -12"><span class='ocrx_word' id='word_1_159' title='bbox 472 2354 695 2409; x_wconf 88' lang='lat' dir='ltr'>bonum</span> <span class='ocrx_word' id='word_1_160' title='bbox 729 2351 1157 2408; x_wconf 83' lang='lat' dir='ltr'>extendendum</span> <span class='ocrx_word' id='word_1_161' title='bbox 1198 2366 1327 2406; x_wconf 91' lang='lat' dir='ltr'>esse</span> <span class='ocrx_word' id='word_1_162' title='bbox 1386 2350 1646 2418; x_wconf 83' lang='lat' dir='ltr'>tradidit,</span> <span class='ocrx_word' id='word_1_163' title='bbox 1708 2356 1772 2405; x_wconf 92' lang='lat' dir='ltr'>ut</span> <span class='ocrx_word' id='word_1_164' title='bbox 1824 2350 1931 2405; x_wconf 92' lang='lat' dir='ltr'>hoc</span> <span class='ocrx_word' id='word_1_165' title='bbox 1959 2355 2126 2421; x_wconf 88' lang='lat' dir='ltr'>pacto</span> 
     </span>
    </p>
   </div>
   <div class='ocr_carea' id='block_1_26' title="bbox 476 2438 2124 2510">
    <p class='ocr_par' dir='ltr' id='par_1_26' title="bbox 476 2438 2124 2510">
     <span class='ocr_line' id='line_1_26' title="bbox 476 2438 2124 2510; baseline -0.002 -13"><span class='ocrx_word' id='word_1_166' title='bbox 476 2443 705 2497; x_wconf 83' lang='lat' dir='ltr'>Patrem</span> <span class='ocrx_word' id='word_1_167' title='bbox 738 2440 1059 2505; x_wconf 88' lang='lat' dir='ltr'>imitemur,</span> <span class='ocrx_word' id='word_1_168' title='bbox 1089 2439 1189 2510; x_wconf 90' lang='lat' dir='ltr'>qui</span> <span class='ocrx_word' id='word_1_169' title='bbox 1218 2439 1278 2494; x_wconf 92' lang='lat' dir='ltr'>in</span> <span class='ocrx_word' id='word_1_170' title='bbox 1325 2438 1485 2495; x_wconf 78' lang='lat' dir='ltr'>ccelis</span> <span class='ocrx_word' id='word_1_171' title='bbox 1508 2444 1617 2506; x_wconf 86' lang='lat' dir='ltr'>est,</span> <span class='ocrx_word' id='word_1_172' title='bbox 1649 2440 1747 2510; x_wconf 88' lang='lat' dir='ltr'>qui</span> <span class='ocrx_word' id='word_1_173' title='bbox 1766 2440 1935 2495; x_wconf 85' lang='lat' dir='ltr'>solem</span> <span class='ocrx_word' id='word_1_174' title='bbox 1962 2456 2124 2494; x_wconf 86' lang='lat' dir='ltr'>suum</span> 
     </span>
    </p>
   </div>
   <div class='ocr_carea' id='block_1_27' title="bbox 484 2526 2125 2598">
    <p class='ocr_par' dir='ltr' id='par_1_27' title="bbox 484 2526 2125 2598">
     <span class='ocr_line' id='line_1_27' title="bbox 484 2526 2125 2598; baseline 0.001 -17"><span class='ocrx_word' id='word_1_175' title='bbox 484 2526 632 2582; x_wconf 85' lang='lat' dir='ltr'>oriri</span> <span class='ocrx_word' id='word_1_176' title='bbox 655 2529 1236 2598; x_wconf 82' lang='lat' dir='ltr'>facitsuperterram,</span> <span class='ocrx_word' id='word_1_177' title='bbox 1253 2542 1664 2597; x_wconf 87' lang='lat' dir='ltr'>quamcunque</span> <span class='ocrx_word' id='word_1_178' title='bbox 1686 2543 1793 2581; x_wconf 92' lang='lat' dir='ltr'>suo</span> <span class='ocrx_word' id='word_1_179' title='bbox 1817 2527 2125 2582; x_wconf 81' lang='lat' dir='ltr'>lustratia-</span> 
     </span>
    </p>
   </div>
   <div class='ocr_carea' id='block_1_28' title="bbox 486 2615 2123 2688">
    <p class='ocr_par' dir='ltr' id='par_1_28' title="bbox 486 2615 2123 2688">
     <span class='ocr_line' id='line_1_28' title="bbox 486 2615 2123 2688; baseline 0 -17"><span class='ocrx_word' id='word_1_180' title='bbox 486 2615 641 2672; x_wconf 89' lang='lat' dir='ltr'>mine</span> <span class='ocrx_word' id='word_1_181' title='bbox 661 2632 673 2671; x_wconf 75' lang='grc' dir='ltr'>ε</span> <span class='ocrx_word' id='word_1_182' title='bbox 697 2621 751 2672; x_wconf 90' lang='lat' dir='ltr'>et</span> <span class='ocrx_word' id='word_1_183' title='bbox 777 2617 924 2687; x_wconf 86' lang='lat' dir='ltr'>ptuit</span> <span class='ocrx_word' id='word_1_184' title='bbox 950 2632 1119 2688; x_wconf 83' lang='lat' dir='ltr'>super</span> <span class='ocrx_word' id='word_1_185' title='bbox 1137 2618 1315 2688; x_wconf 83' lang='lat' dir='ltr'>justas</span> <span class='ocrx_word' id='word_1_186' title='bbox 1339 2624 1389 2671; x_wconf 93' lang='lat' dir='ltr'>et</span> <span class='ocrx_word' id='word_1_187' title='bbox 1456 2617 1688 2686; x_wconf 79' lang='lat' dir='ltr'>iniustos</span> <span class='ocrx_word' id='word_1_188' title='bbox 1715 2616 1782 2671; x_wconf 67' lang='grc' dir='ltr'>εί.</span> <span class='ocrx_word' id='word_1_189' title='bbox 1816 2616 1937 2672; x_wconf 91' lang='lat' dir='ltr'>Nisi</span> <span class='ocrx_word' id='word_1_190' title='bbox 1969 2616 2123 2672; x_wconf 90' lang='lat' dir='ltr'>enim</span> 
     </span>
    </p>
   </div>
   <div class='ocr_carea' id='block_1_29' title="bbox 480 2703 2125 2777">
    <p class='ocr_par' dir='ltr' id='par_1_29' title="bbox 480 2703 2125 2777">
     <span class='ocr_line' id='line_1_29' title="bbox 480 2703 2125 2777; baseline 0.001 -18"><span class='ocrx_word' id='word_1_191' title='bbox 480 2703 612 2774; x_wconf 80' lang='lat' dir='ltr'>ejus</span> <span class='ocrx_word' id='word_1_192' title='bbox 634 2708 692 2760; x_wconf 91' lang='lat' dir='ltr'>te</span> <span class='ocrx_word' id='word_1_193' title='bbox 715 2705 1115 2777; x_wconf 89' lang='lat' dir='ltr'>misereat,qui</span> <span class='ocrx_word' id='word_1_194' title='bbox 1139 2706 1477 2761; x_wconf 71' lang='lat' dir='ltr'>vulneribus</span> <span class='ocrx_word' id='word_1_195' title='bbox 1494 2710 1856 2761; x_wconf 77' lang='lat' dir='ltr'>scatetzeum</span> <span class='ocrx_word' id='word_1_196' title='bbox 1890 2705 2125 2775; x_wconf 88' lang='lat' dir='ltr'>vestias,</span> 
     </span>
    </p>
   </div>
   <div class='ocr_carea' id='block_1_30' title="bbox 479 2793 2126 2867">
    <p class='ocr_par' dir='ltr' id='par_1_30' title="bbox 479 2793 2126 2867">
     <span class='ocr_line' id='line_1_30' title="bbox 479 2793 2126 2867; baseline 0.002 -21"><span class='ocrx_word' id='word_1_197' title='bbox 479 2793 582 2863; x_wconf 93' lang='lat' dir='ltr'>qui</span> <span class='ocrx_word' id='word_1_198' title='bbox 606 2793 803 2849; x_wconf 91' lang='lat' dir='ltr'>nudus</span> <span class='ocrx_word' id='word_1_199' title='bbox 832 2794 1246 2850; x_wconf 79' lang='lat' dir='ltr'>oberratzeum</span> <span class='ocrx_word' id='word_1_200' title='bbox 1267 2794 1520 2867; x_wconf 88' lang='lat' dir='ltr'>denique</span> <span class='ocrx_word' id='word_1_201' title='bbox 1561 2796 1806 2863; x_wconf 77' lang='lat' dir='ltr'>nutrias,</span> <span class='ocrx_word' id='word_1_202' title='bbox 1840 2794 1942 2866; x_wconf 88' lang='lat' dir='ltr'>qui</span> <span class='ocrx_word' id='word_1_203' title='bbox 1974 2795 2126 2850; x_wconf 76' lang='lat' dir='ltr'>fame</span> 
     </span>
    </p>
   </div>
   <div class='ocr_carea' id='block_1_31' title="bbox 479 2882 2126 2956">
    <p class='ocr_par' dir='ltr' id='par_1_31' title="bbox 479 2882 2126 2956">
     <span class='ocr_line' id='line_1_31' title="bbox 479 2882 2126 2956; baseline 0.002 -20"><span class='ocrx_word' id='word_1_204' title='bbox 479 2882 841 2938; x_wconf 82' lang='lat' dir='ltr'>contabescit</span> <span class='ocrx_word' id='word_1_205' title='bbox 870 2882 963 2939; x_wconf 88' lang='lat' dir='ltr'>:in</span> <span class='ocrx_word' id='word_1_206' title='bbox 990 2900 1330 2955; x_wconf 88' lang='lat' dir='ltr'>quemnam,</span> <span class='ocrx_word' id='word_1_207' title='bbox 1364 2901 1585 2956; x_wconf 63' lang='lat' dir='ltr'>quaeso,</span> <span class='ocrx_word' id='word_1_208' title='bbox 1618 2883 1800 2940; x_wconf 91' lang='lat' dir='ltr'>alium</span> <span class='ocrx_word' id='word_1_209' title='bbox 1830 2885 2126 2940; x_wconf 91' lang='lat' dir='ltr'>beneﬁcus</span> 
     </span>
    </p>
   </div>
   <div class='ocr_carea' id='block_1_32' title="bbox 477 2970 2126 3045">
    <p class='ocr_par' dir='ltr' id='par_1_32' title="bbox 477 2970 2126 3045">
     <span class='ocr_line' id='line_1_32' title="bbox 477 2970 2126 3045; baseline 0.002 -20"><span class='ocrx_word' id='word_1_210' title='bbox 477 2970 656 3026; x_wconf 90' lang='lat' dir='ltr'>Deum</span> <span class='ocrx_word' id='word_1_211' title='bbox 682 2970 875 3027; x_wconf 87' lang='lat' dir='ltr'>coles?</span> <span class='ocrx_word' id='word_1_212' title='bbox 896 2989 967 3027; x_wconf 88' lang='lat' dir='ltr'>an</span> <span class='ocrx_word' id='word_1_213' title='bbox 993 2973 1051 3027; x_wconf 92' lang='lat' dir='ltr'>in</span> <span class='ocrx_word' id='word_1_214' title='bbox 1075 2972 1564 3045; x_wconf 76' lang='lat' dir='ltr'>teipsum?Atqui</span> <span class='ocrx_word' id='word_1_215' title='bbox 1599 2972 1708 3029; x_wconf 93' lang='lat' dir='ltr'>hoc</span> <span class='ocrx_word' id='word_1_216' title='bbox 1726 2973 2126 3029; x_wconf 86' lang='lat' dir='ltr'>misericordia</span> 
     </span>
    </p>
   </div>
   <div class='ocr_carea' id='block_1_33' title="bbox 479 3061 2125 3134">
    <p class='ocr_par' dir='ltr' id='par_1_33' title="bbox 479 3061 2125 3134">
     <span class='ocr_line' id='line_1_33' title="bbox 479 3061 2125 3134; baseline 0.003 -20"><span class='ocrx_word' id='word_1_217' title='bbox 479 3076 596 3115; x_wconf 92' lang='lat' dir='ltr'>non</span> <span class='ocrx_word' id='word_1_218' title='bbox 652 3065 764 3127; x_wconf 89' lang='lat' dir='ltr'>est,</span> <span class='ocrx_word' id='word_1_219' title='bbox 823 3063 921 3117; x_wconf 89' lang='lat' dir='ltr'>sed</span> <span class='ocrx_word' id='word_1_220' title='bbox 982 3061 1318 3117; x_wconf 86' lang='lat' dir='ltr'>divitiarum</span> <span class='ocrx_word' id='word_1_221' title='bbox 1375 3062 1754 3131; x_wconf 80' lang='lat' dir='ltr'>conservatio,</span> <span class='ocrx_word' id='word_1_222' title='bbox 1816 3079 2125 3134; x_wconf 86' lang='lat' dir='ltr'>moresque</span> 
     </span>
    </p>
   </div>
   <div class='ocr_carea' id='block_1_34' title="bbox 474 3148 2120 3222">
    <p class='ocr_par' dir='ltr' id='par_1_34' title="bbox 474 3148 2120 3222">
     <span class='ocr_line' id='line_1_34' title="bbox 474 3148 2120 3222; baseline 0.002 -18"><span class='ocrx_word' id='word_1_223' title='bbox 474 3148 754 3215; x_wconf 88' lang='lat' dir='ltr'>hominis,</span> <span class='ocrx_word' id='word_1_224' title='bbox 787 3151 887 3220; x_wconf 90' lang='lat' dir='ltr'>qui</span> <span class='ocrx_word' id='word_1_225' title='bbox 935 3155 1139 3206; x_wconf 88' lang='lat' dir='ltr'>mutuo</span> <span class='ocrx_word' id='word_1_226' title='bbox 1188 3150 1419 3205; x_wconf 92' lang='lat' dir='ltr'>nullum</span> <span class='ocrx_word' id='word_1_227' title='bbox 1468 3167 1668 3206; x_wconf 85' lang='lat' dir='ltr'>amore</span> <span class='ocrx_word' id='word_1_228' title='bbox 1726 3151 2120 3222; x_wconf 88' lang='lat' dir='ltr'>prosequitur,</span> 
     </span>
    </p>
   </div>
   <div class='ocr_carea' id='block_1_35' title="bbox 2239 570 3817 636">
    <p class='ocr_par' dir='ltr' id='par_1_35' title="bbox 2239 570 3817 636">
     <span class='ocr_line' id='line_1_35' title="bbox 2239 570 3817 636; baseline 0.004 -13"><span class='ocrx_word' id='word_1_229' title='bbox 2239 570 2425 626; x_wconf 89' lang='lat' dir='ltr'>Verbo</span> <span class='ocrx_word' id='word_1_230' title='bbox 2457 570 2791 627; x_wconf 89' lang='lat' dir='ltr'>immissum</span> <span class='ocrx_word' id='word_1_231' title='bbox 2817 570 2999 627; x_wconf 84' lang='lat' dir='ltr'>fuisse</span> <span class='ocrx_word' id='word_1_232' title='bbox 3025 570 3333 636; x_wconf 84' lang='lat' dir='ltr'>fabularis,</span> <span class='ocrx_word' id='word_1_233' title='bbox 3355 570 3410 626; x_wconf 92' lang='lat' dir='ltr'>id</span> <span class='ocrx_word' id='word_1_234' title='bbox 3439 588 3472 625; x_wconf 86' lang='lat' dir='ltr'>a</span> <span class='ocrx_word' id='word_1_235' title='bbox 3501 570 3647 628; x_wconf 91' lang='lat' dir='ltr'>nullo</span> <span class='ocrx_word' id='word_1_236' title='bbox 3665 589 3817 629; x_wconf 87' lang='lat' dir='ltr'>rerum</span> 
     </span>
    </p>
   </div>
   <div class='ocr_carea' id='block_1_36' title="bbox 2237 659 3816 731">
    <p class='ocr_par' dir='ltr' id='par_1_36' title="bbox 2237 659 3816 731">
     <span class='ocr_line' id='line_1_36' title="bbox 2237 659 3816 731; baseline 0 -15"><span class='ocrx_word' id='word_1_237' title='bbox 2237 659 2903 731; x_wconf 87' lang='lat' dir='ltr'>divinaruminterprete</span> <span class='ocrx_word' id='word_1_238' title='bbox 2961 675 3220 731; x_wconf 88' lang='lat' dir='ltr'>unquam</span> <span class='ocrx_word' id='word_1_239' title='bbox 3268 659 3624 731; x_wconf 89' lang='lat' dir='ltr'>accepimus:</span> <span class='ocrx_word' id='word_1_240' title='bbox 3655 666 3739 716; x_wconf 89' lang='lat' dir='ltr'>aut</span> <span class='ocrx_word' id='word_1_241' title='bbox 3770 668 3816 716; x_wconf 92' lang='lat' dir='ltr'>tu</span> 
     </span>
    </p>
   </div>
   <div class='ocr_carea' id='block_1_37' title="bbox 2239 747 3815 819">
    <p class='ocr_par' dir='ltr' id='par_1_37' title="bbox 2239 747 3815 819">
     <span class='ocr_line' id='line_1_37' title="bbox 2239 747 3815 819; baseline 0.001 -18"><span class='ocrx_word' id='word_1_242' title='bbox 2239 747 2502 817; x_wconf 86' lang='lat' dir='ltr'>ﬁgmenti</span> <span class='ocrx_word' id='word_1_243' title='bbox 2536 748 2713 817; x_wconf 86' lang='lat' dir='ltr'>hujus</span> <span class='ocrx_word' id='word_1_244' title='bbox 2744 748 2909 803; x_wconf 88' lang='lat' dir='ltr'>solus</span> <span class='ocrx_word' id='word_1_245' title='bbox 2940 754 3145 803; x_wconf 87' lang='lat' dir='ltr'>auctor</span> <span class='ocrx_word' id='word_1_246' title='bbox 3174 761 3258 816; x_wconf 88' lang='lat' dir='ltr'>es,</span> <span class='ocrx_word' id='word_1_247' title='bbox 3282 748 3382 819; x_wconf 91' lang='lat' dir='ltr'>qui</span> <span class='ocrx_word' id='word_1_248' title='bbox 3412 752 3555 802; x_wconf 90' lang='lat' dir='ltr'>certe</span> <span class='ocrx_word' id='word_1_249' title='bbox 3591 752 3815 819; x_wconf 80' lang='lat' dir='ltr'>tanquam</span> 
     </span>
    </p>
   </div>
   <div class='ocr_carea' id='block_1_38' title="bbox 2239 836 3818 909">
    <p class='ocr_par' dir='ltr' id='par_1_38' title="bbox 2239 836 3818 909">
     <span class='ocr_line' id='line_1_38' title="bbox 2239 836 3818 909; baseline 0.003 -20"><span class='ocrx_word' id='word_1_250' title='bbox 2239 836 2457 891; x_wconf 85' lang='lat' dir='ltr'>malum</span> <span class='ocrx_word' id='word_1_251' title='bbox 2490 840 2547 892; x_wconf 88' lang='lat' dir='ltr'>et</span> <span class='ocrx_word' id='word_1_252' title='bbox 2576 836 2875 909; x_wconf 89' lang='lat' dir='ltr'>ingratum</span> <span class='ocrx_word' id='word_1_253' title='bbox 2908 853 3133 903; x_wconf 87' lang='lat' dir='ltr'>semen,</span> <span class='ocrx_word' id='word_1_254' title='bbox 3185 836 3463 907; x_wconf 85' lang='lat' dir='ltr'>vanisque</span> <span class='ocrx_word' id='word_1_255' title='bbox 3512 838 3818 893; x_wconf 85' lang='lat' dir='ltr'>sermonibus</span> 
     </span>
    </p>
   </div>
   <div class='ocr_carea' id='block_1_39' title="bbox 2238 924 3819 997">
    <p class='ocr_par' dir='ltr' id='par_1_39' title="bbox 2238 924 3819 997">
     <span class='ocr_line' id='line_1_39' title="bbox 2238 924 3819 997; baseline 0.002 -19"><span class='ocrx_word' id='word_1_256' title='bbox 2238 924 3230 996; x_wconf 79' lang='lat' dir='ltr'>gaudens,emersisti.Iniquissima</span> <span class='ocrx_word' id='word_1_257' title='bbox 3252 941 3420 997; x_wconf 91' lang='lat' dir='ltr'>porro</span> <span class='ocrx_word' id='word_1_258' title='bbox 3443 932 3685 979; x_wconf 81' lang='lat' dir='ltr'>naturam</span> <span class='ocrx_word' id='word_1_259' title='bbox 3707 942 3819 996; x_wconf 88' lang='lat' dir='ltr'>quo-</span> 
     </span>
    </p>
   </div>
   <div class='ocr_carea' id='block_1_40' title="bbox 2238 1013 3819 1085">
    <p class='ocr_par' dir='ltr' id='par_1_40' title="bbox 2238 1013 3819 1085">
     <span class='ocr_line' id='line_1_40' title="bbox 2238 1013 3819 1085; baseline 0 -17"><span class='ocrx_word' id='word_1_260' title='bbox 2238 1031 2348 1084; x_wconf 92' lang='lat' dir='ltr'>que</span> <span class='ocrx_word' id='word_1_261' title='bbox 2372 1013 2625 1070; x_wconf 90' lang='lat' dir='ltr'>divinam</span> <span class='ocrx_word' id='word_1_262' title='bbox 2652 1015 2964 1070; x_wconf 87' lang='lat' dir='ltr'>mutationi</span> <span class='ocrx_word' id='word_1_263' title='bbox 2988 1015 3296 1070; x_wconf 84' lang='lat' dir='ltr'>obnoxiam</span> <span class='ocrx_word' id='word_1_264' title='bbox 3322 1030 3447 1069; x_wconf 84' lang='lat' dir='ltr'>esse</span> <span class='ocrx_word' id='word_1_265' title='bbox 3468 1018 3627 1085; x_wconf 89' lang='lat' dir='ltr'>atque</span> <span class='ocrx_word' id='word_1_266' title='bbox 3649 1013 3819 1069; x_wconf 88' lang='lat' dir='ltr'>idcirco</span> 
     </span>
    </p>
   </div>
   <div class='ocr_carea' id='block_1_41' title="bbox 2238 1102 3819 1174">
    <p class='ocr_par' dir='ltr' id='par_1_41' title="bbox 2238 1102 3819 1174">
     <span class='ocr_line' id='line_1_41' title="bbox 2238 1102 3819 1174; baseline -0.001 -16"><span class='ocrx_word' id='word_1_267' title='bbox 2238 1103 2453 1159; x_wconf 88' lang='lat' dir='ltr'>animis</span> <span class='ocrx_word' id='word_1_268' title='bbox 2486 1102 2585 1174; x_wconf 89' lang='lat' dir='ltr'>qui</span> <span class='ocrx_word' id='word_1_269' title='bbox 2616 1120 2683 1159; x_wconf 90' lang='lat' dir='ltr'>ea</span> <span class='ocrx_word' id='word_1_270' title='bbox 2714 1104 2879 1174; x_wconf 82' lang='lat' dir='ltr'>digni</span> <span class='ocrx_word' id='word_1_271' title='bbox 2914 1102 3422 1173; x_wconf 89' lang='lat' dir='ltr'>sint,commisceri</span> <span class='ocrx_word' id='word_1_272' title='bbox 3453 1103 3656 1158; x_wconf 85' lang='lat' dir='ltr'>dicitis.</span> <span class='ocrx_word' id='word_1_273' title='bbox 3685 1103 3819 1174; x_wconf 88' lang='lat' dir='ltr'>Atqui</span> 
     </span>
    </p>
   </div>
   <div class='ocr_carea' id='block_1_42' title="bbox 2236 1192 3815 1263">
    <p class='ocr_par' dir='ltr' id='par_1_42' title="bbox 2236 1192 3815 1263">
     <span class='ocr_line' id='line_1_42' title="bbox 2236 1192 3815 1263; baseline -0.001 -16"><span class='ocrx_word' id='word_1_274' title='bbox 2236 1208 2431 1248; x_wconf 90' lang='lat' dir='ltr'>rerum</span> <span class='ocrx_word' id='word_1_275' title='bbox 2463 1208 2665 1247; x_wconf 86' lang='lat' dir='ltr'>carum</span> <span class='ocrx_word' id='word_1_276' title='bbox 2698 1209 2825 1263; x_wconf 66' lang='lat' dir='ltr'>quis</span> <span class='ocrx_word' id='word_1_277' title='bbox 2882 1198 3091 1248; x_wconf 65' lang='lat' dir='ltr'>creatas</span> <span class='ocrx_word' id='word_1_278' title='bbox 3142 1196 3302 1262; x_wconf 90' lang='lat' dir='ltr'>sunt,</span> <span class='ocrx_word' id='word_1_279' title='bbox 3336 1192 3574 1247; x_wconf 89' lang='lat' dir='ltr'>mutatio</span> <span class='ocrx_word' id='word_1_280' title='bbox 3627 1192 3815 1259; x_wconf 86' lang='lat' dir='ltr'>dicitur,</span> 
     </span>
    </p>
   </div>
   <div class='ocr_carea' id='block_1_43' title="bbox 2236 1280 3820 1354">
    <p class='ocr_par' dir='ltr' id='par_1_43' title="bbox 2236 1280 3820 1354">
     <span class='ocr_line' id='line_1_43' title="bbox 2236 1280 3820 1354; baseline -0.002 -16"><span class='ocrx_word' id='word_1_281' title='bbox 2236 1298 2367 1354; x_wconf 65' lang='lat' dir='ltr'>quas</span> <span class='ocrx_word' id='word_1_282' title='bbox 2395 1281 2483 1338; x_wconf 87' lang='lat' dir='ltr'>vel</span> <span class='ocrx_word' id='word_1_283' title='bbox 2515 1282 2814 1339; x_wconf 87' lang='lat' dir='ltr'>voluntate</span> <span class='ocrx_word' id='word_1_284' title='bbox 2840 1286 3164 1351; x_wconf 84' lang='lat' dir='ltr'>mutantur,</span> <span class='ocrx_word' id='word_1_285' title='bbox 3224 1286 3292 1338; x_wconf 89' lang='lat' dir='ltr'>ut</span> <span class='ocrx_word' id='word_1_286' title='bbox 3347 1280 3550 1352; x_wconf 80' lang='lat' dir='ltr'>angeli,</span> <span class='ocrx_word' id='word_1_287' title='bbox 3579 1285 3630 1336; x_wconf 87' lang='lat' dir='ltr'>et</span> <span class='ocrx_word' id='word_1_288' title='bbox 3654 1280 3820 1336; x_wconf 66' lang='lat' dir='ltr'>animai</span> 
     </span>
    </p>
   </div>
   <div class='ocr_carea' id='block_1_44' title="bbox 2236 1369 3817 1444">
    <p class='ocr_par' dir='ltr' id='par_1_44' title="bbox 2236 1369 3817 1444">
     <span class='ocr_line' id='line_1_44' title="bbox 2236 1369 3817 1444; baseline -0.001 -18"><span class='ocrx_word' id='word_1_289' title='bbox 2236 1371 2489 1444; x_wconf 90' lang='lat' dir='ltr'>proutin</span> <span class='ocrx_word' id='word_1_290' title='bbox 2526 1372 2679 1428; x_wconf 89' lang='lat' dir='ltr'>bono</span> <span class='ocrx_word' id='word_1_291' title='bbox 2714 1371 3049 1444; x_wconf 82' lang='lat' dir='ltr'>proﬁciunt,</span> <span class='ocrx_word' id='word_1_292' title='bbox 3083 1375 3141 1428; x_wconf 88' lang='lat' dir='ltr'>et</span> <span class='ocrx_word' id='word_1_293' title='bbox 3174 1373 3248 1426; x_wconf 90' lang='lat' dir='ltr'>ad</span> <span class='ocrx_word' id='word_1_294' title='bbox 3283 1369 3495 1426; x_wconf 89' lang='lat' dir='ltr'>malum</span> <span class='ocrx_word' id='word_1_295' title='bbox 3536 1378 3817 1425; x_wconf 86' lang='lat' dir='ltr'>moventur:</span> 
     </span>
    </p>
   </div>
   <div class='ocr_carea' id='block_1_45' title="bbox 2234 1459 3818 1533">
    <p class='ocr_par' dir='ltr' id='par_1_45' title="bbox 2234 1459 3818 1533">
     <span class='ocr_line' id='line_1_45' title="bbox 2234 1459 3818 1533; baseline -0.003 -16"><span class='ocrx_word' id='word_1_296' title='bbox 2234 1460 2323 1517; x_wconf 88' lang='lat' dir='ltr'>vel</span> <span class='ocrx_word' id='word_1_297' title='bbox 2356 1462 2493 1533; x_wconf 87' lang='lat' dir='ltr'>quia</span> <span class='ocrx_word' id='word_1_298' title='bbox 2514 1466 2718 1518; x_wconf 65' lang='lat' dir='ltr'>creatae</span> <span class='ocrx_word' id='word_1_299' title='bbox 2751 1465 2808 1517; x_wconf 91' lang='lat' dir='ltr'>et</span> <span class='ocrx_word' id='word_1_300' title='bbox 2836 1460 3147 1518; x_wconf 85' lang='lat' dir='ltr'>mutationi</span> <span class='ocrx_word' id='word_1_301' title='bbox 3176 1460 3434 1517; x_wconf 71' lang='lat' dir='ltr'>obnoxiae</span> <span class='ocrx_word' id='word_1_302' title='bbox 3452 1463 3662 1524; x_wconf 88' lang='lat' dir='ltr'>sunt,ut</span> <span class='ocrx_word' id='word_1_303' title='bbox 3681 1459 3818 1530; x_wconf 87' lang='lat' dir='ltr'>quid-</span> 
     </span>
    </p>
   </div>
   <div class='ocr_carea' id='block_1_46' title="bbox 2235 1546 3815 1624">
    <p class='ocr_par' dir='ltr' id='par_1_46' title="bbox 2235 1546 3815 1624">
     <span class='ocr_line' id='line_1_46' title="bbox 2235 1546 3815 1624; baseline -0.003 -19"><span class='ocrx_word' id='word_1_304' title='bbox 2235 1551 2374 1622; x_wconf 90' lang='lat' dir='ltr'>quid</span> <span class='ocrx_word' id='word_1_305' title='bbox 2408 1552 2807 1624; x_wconf 87' lang='lat' dir='ltr'>corrumpitur</span> <span class='ocrx_word' id='word_1_306' title='bbox 2836 1555 2893 1607; x_wconf 91' lang='lat' dir='ltr'>et</span> <span class='ocrx_word' id='word_1_307' title='bbox 2921 1550 3122 1606; x_wconf 89' lang='lat' dir='ltr'>interit</span> <span class='ocrx_word' id='word_1_308' title='bbox 3149 1567 3162 1606; x_wconf 94' lang='lat'>:</span> <span class='ocrx_word' id='word_1_309' title='bbox 3209 1549 3405 1622; x_wconf 85' lang='lat' dir='ltr'>qualia</span> <span class='ocrx_word' id='word_1_310' title='bbox 3451 1554 3604 1617; x_wconf 89' lang='lat' dir='ltr'>sunt,</span> <span class='ocrx_word' id='word_1_311' title='bbox 3631 1564 3739 1621; x_wconf 80' lang='lat' dir='ltr'>quae</span> <span class='ocrx_word' id='word_1_312' title='bbox 3772 1546 3815 1601; x_wconf 90' lang='lat' dir='ltr'>in</span> 
     </span>
    </p>
   </div>
   <div class='ocr_carea' id='block_1_47' title="bbox 2236 1640 3819 1709">
    <p class='ocr_par' dir='ltr' id='par_1_47' title="bbox 2236 1640 3819 1709">
     <span class='ocr_line' id='line_1_47' title="bbox 2236 1640 3819 1709; baseline -0.003 -14"><span class='ocrx_word' id='word_1_313' title='bbox 2236 1641 2457 1696; x_wconf 90' lang='lat' dir='ltr'>mundo</span> <span class='ocrx_word' id='word_1_314' title='bbox 2489 1645 2812 1696; x_wconf 87' lang='lat' dir='ltr'>cernuntur</span> <span class='ocrx_word' id='word_1_315' title='bbox 2841 1640 3058 1697; x_wconf 87' lang='lat' dir='ltr'>omnia.</span> <span class='ocrx_word' id='word_1_316' title='bbox 3096 1641 3250 1696; x_wconf 90' lang='lat' dir='ltr'>Deus</span> <span class='ocrx_word' id='word_1_317' title='bbox 3288 1643 3480 1695; x_wconf 88' lang='lat' dir='ltr'>autem</span> <span class='ocrx_word' id='word_1_318' title='bbox 3512 1653 3679 1709; x_wconf 83' lang='lat' dir='ltr'>neque</span> <span class='ocrx_word' id='word_1_319' title='bbox 3705 1653 3819 1693; x_wconf 83' lang='lat' dir='ltr'>crea-</span> 
     </span>
    </p>
   </div>
   <div class='ocr_carea' id='block_1_48' title="bbox 2233 1725 3819 1802">
    <p class='ocr_par' dir='ltr' id='par_1_48' title="bbox 2233 1725 3819 1802">
     <span class='ocr_line' id='line_1_48' title="bbox 2233 1725 3819 1802; baseline -0.003 -18"><span class='ocrx_word' id='word_1_320' title='bbox 2233 1733 2348 1799; x_wconf 89' lang='lat' dir='ltr'>tus,</span> <span class='ocrx_word' id='word_1_321' title='bbox 2382 1745 2571 1802; x_wconf 85' lang='lat' dir='ltr'>neque</span> <span class='ocrx_word' id='word_1_322' title='bbox 2598 1729 2909 1786; x_wconf 89' lang='lat' dir='ltr'>mutationi</span> <span class='ocrx_word' id='word_1_323' title='bbox 2943 1728 3233 1786; x_wconf 87' lang='lat' dir='ltr'>obnoxius</span> <span class='ocrx_word' id='word_1_324' title='bbox 3265 1733 3373 1785; x_wconf 90' lang='lat' dir='ltr'>est.</span> <span class='ocrx_word' id='word_1_325' title='bbox 3410 1728 3549 1795; x_wconf 90' lang='lat' dir='ltr'>Quia</span> <span class='ocrx_word' id='word_1_326' title='bbox 3592 1725 3723 1782; x_wconf 88' lang='lat' dir='ltr'>enim</span> <span class='ocrx_word' id='word_1_327' title='bbox 3749 1741 3819 1781; x_wconf 85' lang='lat' dir='ltr'>es-</span> 
     </span>
    </p>
   </div>
   <div class='ocr_carea' id='block_1_49' title="bbox 2237 1815 3816 1892">
    <p class='ocr_par' dir='ltr' id='par_1_49' title="bbox 2237 1815 3816 1892">
     <span class='ocr_line' id='line_1_49' title="bbox 2237 1815 3816 1892; baseline -0.004 -16"><span class='ocrx_word' id='word_1_328' title='bbox 2237 1820 2436 1876; x_wconf 71' lang='lat' dir='ltr'>sentia:</span> <span class='ocrx_word' id='word_1_329' title='bbox 2467 1820 2597 1892; x_wconf 87' lang='lat' dir='ltr'>ejus</span> <span class='ocrx_word' id='word_1_330' title='bbox 2627 1820 2773 1877; x_wconf 88' lang='lat' dir='ltr'>ratio</span> <span class='ocrx_word' id='word_1_331' title='bbox 2806 1819 2877 1875; x_wconf 91' lang='lat' dir='ltr'>iis</span> <span class='ocrx_word' id='word_1_332' title='bbox 2907 1820 3204 1876; x_wconf 87' lang='lat' dir='ltr'>contraria</span> <span class='ocrx_word' id='word_1_333' title='bbox 3227 1824 3336 1888; x_wconf 88' lang='lat' dir='ltr'>est,</span> <span class='ocrx_word' id='word_1_334' title='bbox 3366 1835 3492 1891; x_wconf 68' lang='lat' dir='ltr'>quae</span> <span class='ocrx_word' id='word_1_335' title='bbox 3521 1815 3816 1889; x_wconf 84' lang='lat' dir='ltr'>generationi</span> 
     </span>
    </p>
   </div>
   <div class='ocr_carea' id='block_1_50' title="bbox 2232 1904 3817 1978">
    <p class='ocr_par' dir='ltr' id='par_1_50' title="bbox 2232 1904 3817 1978">
     <span class='ocr_line' id='line_1_50' title="bbox 2232 1904 3817 1978; baseline -0.003 -15"><span class='ocrx_word' id='word_1_336' title='bbox 2232 1908 2482 1965; x_wconf 80' lang='lat' dir='ltr'>obnoxia</span> <span class='ocrx_word' id='word_1_337' title='bbox 2513 1914 2671 1977; x_wconf 84' lang='lat' dir='ltr'>sunt,</span> <span class='ocrx_word' id='word_1_338' title='bbox 2706 1926 2774 1965; x_wconf 86' lang='lat' dir='ltr'>ea</span> <span class='ocrx_word' id='word_1_339' title='bbox 2798 1910 2869 1965; x_wconf 87' lang='lat' dir='ltr'>de</span> <span class='ocrx_word' id='word_1_340' title='bbox 2899 1927 3078 1966; x_wconf 88' lang='lat' dir='ltr'>causa</span> <span class='ocrx_word' id='word_1_341' title='bbox 3126 1926 3235 1965; x_wconf 90' lang='lat' dir='ltr'>nec</span> <span class='ocrx_word' id='word_1_342' title='bbox 3285 1908 3356 1963; x_wconf 91' lang='lat' dir='ltr'>iis</span> <span class='ocrx_word' id='word_1_343' title='bbox 3399 1907 3703 1978; x_wconf 76' lang='lat' dir='ltr'>subjicitur,</span> <span class='ocrx_word' id='word_1_344' title='bbox 3728 1904 3817 1976; x_wconf 87' lang='lat' dir='ltr'>qui-</span> 
     </span>
    </p>
   </div>
   <div class='ocr_carea' id='block_1_51' title="bbox 2232 1994 3814 2070">
    <p class='ocr_par' dir='ltr' id='par_1_51' title="bbox 2232 1994 3814 2070">
     <span class='ocr_line' id='line_1_51' title="bbox 2232 1994 3814 2070; baseline -0.004 -16"><span class='ocrx_word' id='word_1_345' title='bbox 2232 1999 2344 2054; x_wconf 88' lang='lat' dir='ltr'>bus</span> <span class='ocrx_word' id='word_1_346' title='bbox 2376 2000 2477 2055; x_wconf 87' lang='lat' dir='ltr'>illa</span> <span class='ocrx_word' id='word_1_347' title='bbox 2506 1999 2719 2070; x_wconf 84' lang='lat' dir='ltr'>subjici</span> <span class='ocrx_word' id='word_1_348' title='bbox 2752 1999 2960 2055; x_wconf 88' lang='lat' dir='ltr'>solent.</span> <span class='ocrx_word' id='word_1_349' title='bbox 2994 1998 3101 2056; x_wconf 90' lang='lat' dir='ltr'>Illa</span> <span class='ocrx_word' id='word_1_350' title='bbox 3131 1998 3287 2055; x_wconf 90' lang='lat' dir='ltr'>enim</span> <span class='ocrx_word' id='word_1_351' title='bbox 3342 1997 3572 2052; x_wconf 89' lang='lat' dir='ltr'>mobilia</span> <span class='ocrx_word' id='word_1_352' title='bbox 3607 2001 3726 2052; x_wconf 88' lang='lat' dir='ltr'>sunt</span> <span class='ocrx_word' id='word_1_353' title='bbox 3748 1994 3814 2049; x_wconf 88' lang='lat' dir='ltr'>hic</span> 
     </span>
    </p>
   </div>
   <div class='ocr_carea' id='block_1_52' title="bbox 2232 2088 3814 2158">
    <p class='ocr_par' dir='ltr' id='par_1_52' title="bbox 2232 2088 3814 2158">
     <span class='ocr_line' id='line_1_52' title="bbox 2232 2088 3814 2158; baseline -0.004 -14"><span class='ocrx_word' id='word_1_354' title='bbox 2232 2093 2428 2144; x_wconf 86' lang='lat' dir='ltr'>autem</span> <span class='ocrx_word' id='word_1_355' title='bbox 2463 2093 2673 2144; x_wconf 87' lang='lat' dir='ltr'>natura</span> <span class='ocrx_word' id='word_1_356' title='bbox 2730 2088 3053 2144; x_wconf 88' lang='lat' dir='ltr'>immobilis</span> <span class='ocrx_word' id='word_1_357' title='bbox 3110 2093 3239 2144; x_wconf 85' lang='lat' dir='ltr'>est:</span> <span class='ocrx_word' id='word_1_358' title='bbox 3300 2092 3357 2143; x_wconf 89' lang='lat' dir='ltr'>et</span> <span class='ocrx_word' id='word_1_359' title='bbox 3411 2103 3582 2158; x_wconf 86' lang='lat' dir='ltr'>supra</span> <span class='ocrx_word' id='word_1_360' title='bbox 3609 2090 3814 2140; x_wconf 85' lang='lat' dir='ltr'>motusa</span> 
     </span>
    </p>
   </div>
   <div class='ocr_carea' id='block_1_53' title="bbox 2235 2172 3817 2250">
    <p class='ocr_par' dir='ltr' id='par_1_53' title="bbox 2235 2172 3817 2250">
     <span class='ocr_line' id='line_1_53' title="bbox 2235 2172 3817 2250; baseline -0.004 -18"><span class='ocrx_word' id='word_1_361' title='bbox 2235 2176 2600 2250; x_wconf 87' lang='lat' dir='ltr'>philosophis</span> <span class='ocrx_word' id='word_1_362' title='bbox 2632 2178 2976 2250; x_wconf 84' lang='lat' dir='ltr'>descriptos,</span> <span class='ocrx_word' id='word_1_363' title='bbox 3035 2176 3403 2247; x_wconf 87' lang='lat' dir='ltr'>quantitatis,</span> <span class='ocrx_word' id='word_1_364' title='bbox 3464 2172 3748 2248; x_wconf 85' lang='lat' dir='ltr'>qualitatis,</span> <span class='ocrx_word' id='word_1_365' title='bbox 3778 2178 3817 2226; x_wconf 86' lang='lat' dir='ltr'>et</span> 
     </span>
    </p>
   </div>
   <div class='ocr_carea' id='block_1_54' title="bbox 2234 2260 3816 2337">
    <p class='ocr_par' dir='ltr' id='par_1_54' title="bbox 2234 2260 3816 2337">
     <span class='ocr_line' id='line_1_54' title="bbox 2234 2260 3816 2337; baseline -0.004 -16"><span class='ocrx_word' id='word_1_366' title='bbox 2234 2265 2342 2321; x_wconf 93' lang='lat' dir='ltr'>loci</span> <span class='ocrx_word' id='word_1_367' title='bbox 2376 2282 2579 2337; x_wconf 86' lang='lat' dir='ltr'>expers</span> <span class='ocrx_word' id='word_1_368' title='bbox 2613 2284 2626 2323; x_wconf 89' lang='lat'><strong>:</strong></span> <span class='ocrx_word' id='word_1_369' title='bbox 2663 2267 2857 2323; x_wconf 91' lang='lat' dir='ltr'>modis</span> <span class='ocrx_word' id='word_1_370' title='bbox 2913 2266 3165 2337; x_wconf 72' lang='lat' dir='ltr'>denique</span> <span class='ocrx_word' id='word_1_371' title='bbox 3224 2266 3498 2322; x_wconf 89' lang='lat' dir='ltr'>omnibus</span> <span class='ocrx_word' id='word_1_372' title='bbox 3537 2260 3816 2319; x_wconf 85' lang='lat' dir='ltr'>immutabi-</span> 
     </span>
    </p>
   </div>
   <div class='ocr_carea' id='block_1_55' title="bbox 2238 2353 2330 2410">
    <p class='ocr_par' dir='ltr' id='par_1_55' title="bbox 2238 2353 2330 2410">
     <span class='ocr_line' id='line_1_55' title="bbox 2238 2353 2330 2410; baseline 0.022 -2"><span class='ocrx_word' id='word_1_373' title='bbox 2238 2353 2330 2410; x_wconf 91' lang='lat' dir='ltr'>lis.</span> 
     </span>
    </p>
   </div>
   <div class='ocr_carea' id='block_1_56' title="bbox 2306 2437 3818 2518">
    <p class='ocr_par' dir='ltr' id='par_1_56' title="bbox 2306 2437 3818 2518">
     <span class='ocr_line' id='line_1_56' title="bbox 2306 2437 3818 2518; baseline -0.005 -19"><span class='ocrx_word' id='word_1_374' title='bbox 2306 2445 2359 2499; x_wconf 88' lang='lat'>9.</span> <span class='ocrx_word' id='word_1_375' title='bbox 2386 2447 2569 2510; x_wconf 89' lang='lat' dir='ltr'>Quam</span> <span class='ocrx_word' id='word_1_376' title='bbox 2594 2462 2726 2502; x_wconf 89' lang='lat' dir='ltr'>vero</span> <span class='ocrx_word' id='word_1_377' title='bbox 2759 2445 3010 2517; x_wconf 90' lang='lat' dir='ltr'>impium</span> <span class='ocrx_word' id='word_1_378' title='bbox 3042 2446 3154 2502; x_wconf 88' lang='lat' dir='ltr'>hoc</span> <span class='ocrx_word' id='word_1_379' title='bbox 3195 2461 3430 2518; x_wconf 88' lang='lat' dir='ltr'>quoque</span> <span class='ocrx_word' id='word_1_380' title='bbox 3486 2442 3665 2499; x_wconf 88' lang='lat' dir='ltr'>dicitis</span> <span class='ocrx_word' id='word_1_381' title='bbox 3705 2437 3818 2512; x_wconf 90' lang='lat' dir='ltr'>quod</span> 
     </span>
    </p>
   </div>
   <div class='ocr_carea' id='block_1_57' title="bbox 2238 2532 3820 2592">
    <p class='ocr_par' dir='ltr' id='par_1_57' title="bbox 2238 2532 3820 2592">
     <span class='ocr_line' id='line_1_57' title="bbox 2238 2532 3820 2592; baseline -0.005 -4"><span class='ocrx_word' id='word_1_382' title='bbox 2238 2532 2557 2589; x_wconf 83' lang='lat' dir='ltr'>humanam</span> <span class='ocrx_word' id='word_1_383' title='bbox 2593 2541 2858 2590; x_wconf 85' lang='lat' dir='ltr'>naturam</span> <span class='ocrx_word' id='word_1_384' title='bbox 2894 2534 3048 2591; x_wconf 89' lang='lat' dir='ltr'>Deus</span> <span class='ocrx_word' id='word_1_385' title='bbox 3108 2536 3475 2592; x_wconf 65' lang='lat' dir='ltr'>daemonibus</span> <span class='ocrx_word' id='word_1_386' title='bbox 3531 2532 3719 2589; x_wconf 86' lang='lat' dir='ltr'>servire</span> <span class='ocrx_word' id='word_1_387' title='bbox 3753 2544 3820 2582; x_wconf 84' lang='lat' dir='ltr'>va-</span> 
     </span>
    </p>
   </div>
   <div class='ocr_carea' id='block_1_58' title="bbox 2238 2620 3821 2697">
    <p class='ocr_par' dir='ltr' id='par_1_58' title="bbox 2238 2620 3821 2697">
     <span class='ocr_line' id='line_1_58' title="bbox 2238 2620 3821 2697; baseline -0.004 -19"><span class='ocrx_word' id='word_1_388' title='bbox 2238 2623 2407 2679; x_wconf 82' lang='lat' dir='ltr'>luerit</span> <span class='ocrx_word' id='word_1_389' title='bbox 2434 2641 2448 2680; x_wconf 89' lang='lat'><strong>:</strong></span> <span class='ocrx_word' id='word_1_390' title='bbox 2472 2624 2611 2680; x_wconf 90' lang='lat' dir='ltr'>hinc</span> <span class='ocrx_word' id='word_1_391' title='bbox 2631 2625 2785 2680; x_wconf 89' lang='lat' dir='ltr'>enim</span> <span class='ocrx_word' id='word_1_392' title='bbox 2813 2630 2993 2680; x_wconf 91' lang='lat' dir='ltr'>Deum</span> <span class='ocrx_word' id='word_1_393' title='bbox 3020 2641 3258 2697; x_wconf 90' lang='lat' dir='ltr'>quoque</span> <span class='ocrx_word' id='word_1_394' title='bbox 3279 2630 3569 2680; x_wconf 89' lang='lat' dir='ltr'>auctorem</span> <span class='ocrx_word' id='word_1_395' title='bbox 3593 2620 3821 2677; x_wconf 87' lang='lat' dir='ltr'>malorum</span> 
     </span>
    </p>
   </div>
   <div class='ocr_carea' id='block_1_59' title="bbox 2235 2709 3817 2786">
    <p class='ocr_par' dir='ltr' id='par_1_59' title="bbox 2235 2709 3817 2786">
     <span class='ocr_line' id='line_1_59' title="bbox 2235 2709 3817 2786; baseline -0.005 -17"><span class='ocrx_word' id='word_1_396' title='bbox 2235 2730 2364 2769; x_wconf 86' lang='lat' dir='ltr'>esse</span> <span class='ocrx_word' id='word_1_397' title='bbox 2395 2713 2594 2769; x_wconf 83' lang='lat' dir='ltr'>inferri</span> <span class='ocrx_word' id='word_1_398' title='bbox 2628 2720 2843 2786; x_wconf 89' lang='lat' dir='ltr'>posset.</span> <span class='ocrx_word' id='word_1_399' title='bbox 2880 2719 2954 2771; x_wconf 81' lang='lat' dir='ltr'>At</span> <span class='ocrx_word' id='word_1_400' title='bbox 2987 2731 3100 2783; x_wconf 76' lang='lat' dir='ltr'>non</span> <span class='ocrx_word' id='word_1_401' title='bbox 3156 2716 3241 2771; x_wconf 87' lang='lat' dir='ltr'>ita</span> <span class='ocrx_word' id='word_1_402' title='bbox 3270 2731 3332 2771; x_wconf 87' lang='lat' dir='ltr'>se</span> <span class='ocrx_word' id='word_1_403' title='bbox 3375 2731 3464 2771; x_wconf 89' lang='lat' dir='ltr'>res</span> <span class='ocrx_word' id='word_1_404' title='bbox 3502 2713 3659 2768; x_wconf 89' lang='lat' dir='ltr'>habet</span> <span class='ocrx_word' id='word_1_405' title='bbox 3694 2709 3817 2766; x_wconf 84' lang='lat' dir='ltr'>:imo</span> 
     </span>
    </p>
   </div>
   <div class='ocr_carea' id='block_1_60' title="bbox 2234 2797 3817 2875">
    <p class='ocr_par' dir='ltr' id='par_1_60' title="bbox 2234 2797 3817 2875">
     <span class='ocr_line' id='line_1_60' title="bbox 2234 2797 3817 2875; baseline -0.006 -17"><span class='ocrx_word' id='word_1_406' title='bbox 2234 2819 2368 2859; x_wconf 87' lang='lat' dir='ltr'>vero</span> <span class='ocrx_word' id='word_1_407' title='bbox 2402 2802 2702 2859; x_wconf 89' lang='lat' dir='ltr'>hominem</span> <span class='ocrx_word' id='word_1_408' title='bbox 2734 2804 2824 2858; x_wconf 91' lang='lat' dir='ltr'>sui</span> <span class='ocrx_word' id='word_1_409' title='bbox 2848 2803 3026 2875; x_wconf 85' lang='lat' dir='ltr'>juris,</span> <span class='ocrx_word' id='word_1_410' title='bbox 3059 2807 3114 2858; x_wconf 87' lang='lat' dir='ltr'>et</span> <span class='ocrx_word' id='word_1_411' title='bbox 3145 2822 3178 2858; x_wconf 86' lang='lat' dir='ltr'>a</span> <span class='ocrx_word' id='word_1_412' title='bbox 3210 2805 3543 2860; x_wconf 68' lang='lat' dir='ltr'>daemonum</span> <span class='ocrx_word' id='word_1_413' title='bbox 3588 2797 3817 2857; x_wconf 84' lang='lat' dir='ltr'>consortio</span> 
     </span>
    </p>
   </div>
   <div class='ocr_carea' id='block_1_61' title="bbox 2234 2888 3820 2949">
    <p class='ocr_par' dir='ltr' id='par_1_61' title="bbox 2234 2888 3820 2949">
     <span class='ocr_line' id='line_1_61' title="bbox 2234 2888 3820 2949; baseline -0.007 0"><span class='ocrx_word' id='word_1_414' title='bbox 2234 2896 2292 2949; x_wconf 87' lang='lat' dir='ltr'>et</span> <span class='ocrx_word' id='word_1_415' title='bbox 2320 2892 2745 2948; x_wconf 88' lang='lat' dir='ltr'>consuetudine</span> <span class='ocrx_word' id='word_1_416' title='bbox 2776 2891 3035 2947; x_wconf 89' lang='lat' dir='ltr'>alienum</span> <span class='ocrx_word' id='word_1_417' title='bbox 3089 2897 3243 2949; x_wconf 89' lang='lat' dir='ltr'>Deus</span> <span class='ocrx_word' id='word_1_418' title='bbox 3295 2892 3624 2949; x_wconf 78' lang='lat' dir='ltr'>elformavit.</span> <span class='ocrx_word' id='word_1_419' title='bbox 3654 2888 3820 2944; x_wconf 64' lang='lat' dir='ltr'>Daemo-</span> 
     </span>
    </p>
   </div>
   <div class='ocr_carea' id='block_1_62' title="bbox 2234 2973 3818 3053">
    <p class='ocr_par' dir='ltr' id='par_1_62' title="bbox 2234 2973 3818 3053">
     <span class='ocr_line' id='line_1_62' title="bbox 2234 2973 3818 3053; baseline -0.004 -16"><span class='ocrx_word' id='word_1_420' title='bbox 2234 2999 2341 3038; x_wconf 83' lang='lat' dir='ltr'>nas</span> <span class='ocrx_word' id='word_1_421' title='bbox 2375 2998 2544 3053; x_wconf 89' lang='lat' dir='ltr'>porro</span> <span class='ocrx_word' id='word_1_422' title='bbox 2575 2986 2919 3052; x_wconf 87' lang='lat' dir='ltr'>potestatem</span> <span class='ocrx_word' id='word_1_423' title='bbox 2955 2985 3165 3037; x_wconf 88' lang='lat' dir='ltr'>natura</span> <span class='ocrx_word' id='word_1_424' title='bbox 3214 2999 3330 3039; x_wconf 88' lang='lat' dir='ltr'>non</span> <span class='ocrx_word' id='word_1_425' title='bbox 3380 2983 3566 3038; x_wconf 90' lang='lat' dir='ltr'>solum</span> <span class='ocrx_word' id='word_1_426' title='bbox 3602 2981 3654 3035; x_wconf 92' lang='lat' dir='ltr'>in</span> <span class='ocrx_word' id='word_1_427' title='bbox 3680 2973 3818 3033; x_wconf 86' lang='lat' dir='ltr'>homi-</span> 
     </span>
    </p>
   </div>
   <div class='ocr_carea' id='block_1_63' title="bbox 2233 3060 3818 3145">
    <p class='ocr_par' dir='ltr' id='par_1_63' title="bbox 2233 3060 3818 3145">
     <span class='ocr_line' id='line_1_63' title="bbox 2233 3060 3818 3145; baseline -0.004 -16"><span class='ocrx_word' id='word_1_428' title='bbox 2233 3089 2359 3140; x_wconf 88' lang='lat' dir='ltr'>nes,</span> <span class='ocrx_word' id='word_1_429' title='bbox 2384 3074 2483 3129; x_wconf 89' lang='lat' dir='ltr'>sed</span> <span class='ocrx_word' id='word_1_430' title='bbox 2518 3088 2589 3128; x_wconf 90' lang='lat' dir='ltr'>ne</span> <span class='ocrx_word' id='word_1_431' title='bbox 2620 3073 2678 3127; x_wconf 92' lang='lat' dir='ltr'>in</span> <span class='ocrx_word' id='word_1_432' title='bbox 2734 3073 2905 3127; x_wconf 89' lang='lat' dir='ltr'>bruta</span> <span class='ocrx_word' id='word_1_433' title='bbox 2959 3072 3196 3145; x_wconf 87' lang='lat' dir='ltr'>quidem</span> <span class='ocrx_word' id='word_1_434' title='bbox 3256 3089 3519 3129; x_wconf 87' lang='lat' dir='ltr'>exercere</span> <span class='ocrx_word' id='word_1_435' title='bbox 3557 3085 3719 3141; x_wconf 85' lang='lat' dir='ltr'>posse,</span> <span class='ocrx_word' id='word_1_436' title='bbox 3755 3060 3818 3119; x_wconf 79' lang='lat' dir='ltr'>vel</span> 
     </span>
    </p>
   </div>
   <div class='ocr_carea' id='block_1_64' title="bbox 2234 3156 3817 3235">
    <p class='ocr_par' dir='ltr' id='par_1_64' title="bbox 2234 3156 3817 3235">
     <span class='ocr_line' id='line_1_64' title="bbox 2234 3156 3817 3235; baseline -0.006 -16"><span class='ocrx_word' id='word_1_437' title='bbox 2234 3164 2369 3219; x_wconf 86' lang='lat' dir='ltr'>hinc</span> <span class='ocrx_word' id='word_1_438' title='bbox 2402 3168 2575 3234; x_wconf 82' lang='lat' dir='ltr'>patet,</span> <span class='ocrx_word' id='word_1_439' title='bbox 2603 3164 2759 3235; x_wconf 91' lang='lat' dir='ltr'>quod</span> <span class='ocrx_word' id='word_1_440' title='bbox 2792 3164 2876 3219; x_wconf 84' lang='lat' dir='ltr'>illi</span> <span class='ocrx_word' id='word_1_441' title='bbox 2928 3164 3099 3234; x_wconf 83' lang='lat' dir='ltr'>jussu</span> <span class='ocrx_word' id='word_1_442' title='bbox 3149 3164 3375 3220; x_wconf 89' lang='lat' dir='ltr'>Christi</span> <span class='ocrx_word' id='word_1_443' title='bbox 3433 3164 3487 3219; x_wconf 94' lang='lat' dir='ltr'>in</span> <span class='ocrx_word' id='word_1_444' title='bbox 3533 3177 3710 3235; x_wconf 88' lang='lat' dir='ltr'>porcos</span> <span class='ocrx_word' id='word_1_445' title='bbox 3751 3156 3817 3210; x_wconf 90' lang='lat' dir='ltr'>in-</span> 
     </span>
    </p>
   </div>
   <div class='ocr_carea' id='block_1_65' title="bbox 463 3235 3819 3323">
    <p class='ocr_par' dir='ltr' id='par_1_65' title="bbox 463 3235 3819 3323">
     <span class='ocr_line' id='line_1_65' title="bbox 463 3235 3819 3323; baseline 0.002 -31"><span class='ocrx_word' id='word_1_446' title='bbox 463 3241 586 3293; x_wconf 90' lang='lat' dir='ltr'>imo</span> <span class='ocrx_word' id='word_1_447' title='bbox 617 3238 792 3293; x_wconf 87' lang='lat' dir='ltr'>etiam</span> <span class='ocrx_word' id='word_1_448' title='bbox 809 3238 1029 3310; x_wconf 86' lang='lat' dir='ltr'>privata</span> <span class='ocrx_word' id='word_1_449' title='bbox 1048 3240 1318 3310; x_wconf 59' lang='lat' dir='ltr'>quaedam</span> <span class='ocrx_word' id='word_1_450' title='bbox 1342 3239 1926 3312; x_wconf 85' lang='lat' dir='ltr'>ingurgitatio,quam</span> <span class='ocrx_word' id='word_1_451' title='bbox 1952 3258 2122 3299; x_wconf 88' lang='lat' dir='ltr'>nemo</span> <span class='ocrx_word' id='word_1_452' title='bbox 2162 3235 2205 3303; x_wconf 83' lang='lat' dir='ltr'>C</span> <span class='ocrx_word' id='word_1_453' title='bbox 2234 3253 2422 3323; x_wconf 88' lang='lat' dir='ltr'>gressi</span> <span class='ocrx_word' id='word_1_454' title='bbox 2444 3253 2564 3308; x_wconf 87' lang='lat' dir='ltr'>sint</span> <span class='ocrx_word' id='word_1_455' title='bbox 2593 3251 2659 3309; x_wconf 78' lang='grc'>8³.</span> <span class='ocrx_word' id='word_1_456' title='bbox 2719 3252 2936 3308; x_wconf 88' lang='lat' dir='ltr'>Verum</span> <span class='ocrx_word' id='word_1_457' title='bbox 2962 3276 2969 3285; x_wconf 86' lang='grc'><strong>·</strong></span> <span class='ocrx_word' id='word_1_458' title='bbox 2995 3253 3152 3308; x_wconf 88' lang='lat' dir='ltr'>enim</span> <span class='ocrx_word' id='word_1_459' title='bbox 3213 3269 3351 3311; x_wconf 85' lang='lat' dir='ltr'>vero</span> <span class='ocrx_word' id='word_1_460' title='bbox 3408 3252 3614 3309; x_wconf 87' lang='lat' dir='ltr'>Paulus</span> <span class='ocrx_word' id='word_1_461' title='bbox 3639 3257 3819 3322; x_wconf 80' lang='lat' dir='ltr'>quoque</span> 
     </span>
    </p>
   </div>
   <div class='ocr_carea' id='block_1_66' title="bbox 471 3325 2118 3388">
    <p class='ocr_par' dir='ltr' id='par_1_66' title="bbox 471 3325 2118 3388">
     <span class='ocr_line' id='line_1_66' title="bbox 471 3325 2118 3388; baseline 0.004 -7"><span class='ocrx_word' id='word_1_462' title='bbox 471 3343 587 3381; x_wconf 88' lang='lat' dir='ltr'>non</span> <span class='ocrx_word' id='word_1_463' title='bbox 620 3325 758 3381; x_wconf 87' lang='lat' dir='ltr'>vitio</span> <span class='ocrx_word' id='word_1_464' title='bbox 789 3330 994 3381; x_wconf 87' lang='lat' dir='ltr'>vertat.</span> <span class='ocrx_word' id='word_1_465' title='bbox 1028 3327 1200 3383; x_wconf 79' lang='lat' dir='ltr'>Absit</span> <span class='ocrx_word' id='word_1_466' title='bbox 1225 3343 1359 3383; x_wconf 89' lang='lat' dir='ltr'>vero</span> <span class='ocrx_word' id='word_1_467' title='bbox 1381 3344 1413 3383; x_wconf 90' lang='lat' dir='ltr'>a</span> <span class='ocrx_word' id='word_1_468' title='bbox 1436 3328 1605 3384; x_wconf 88' lang='lat' dir='ltr'>nobis</span> <span class='ocrx_word' id='word_1_469' title='bbox 1636 3332 1798 3386; x_wconf 86' lang='lat' dir='ltr'>tanta</span> <span class='ocrx_word' id='word_1_470' title='bbox 1833 3331 2118 3388; x_wconf 88' lang='lat' dir='ltr'>inhuma-</span> 
     </span>
    </p>
   </div>
   <div class='ocr_carea' id='block_1_67' title="bbox 468 3413 2118 3493">
    <p class='ocr_par' dir='ltr' id='par_1_67' title="bbox 468 3413 2118 3493">
     <span class='ocr_line' id='line_1_67' title="bbox 468 3413 2118 3493; baseline 0.006 -25"><span class='ocrx_word' id='word_1_471' title='bbox 468 3413 949 3470; x_wconf 88' lang='lat' dir='ltr'>nitas.Diabolica</span> <span class='ocrx_word' id='word_1_472' title='bbox 979 3414 1099 3471; x_wconf 66' lang='lat' dir='ltr'>haec</span> <span class='ocrx_word' id='word_1_473' title='bbox 1123 3415 1409 3484; x_wconf 89' lang='lat' dir='ltr'>doctrina,</span> <span class='ocrx_word' id='word_1_474' title='bbox 1428 3421 1486 3471; x_wconf 89' lang='lat' dir='ltr'>et</span> <span class='ocrx_word' id='word_1_475' title='bbox 1502 3433 1536 3473; x_wconf 87' lang='lat' dir='ltr'>a</span> <span class='ocrx_word' id='word_1_476' title='bbox 1555 3417 1773 3475; x_wconf 88' lang='lat' dir='ltr'>Christi</span> <span class='ocrx_word' id='word_1_477' title='bbox 1816 3425 2118 3493; x_wconf 66' lang='lat' dir='ltr'>praeceptis</span> 
     </span>
    </p>
   </div>
   <div class='ocr_carea' id='block_1_68' title="bbox 470 3500 797 3558">
    <p class='ocr_par' dir='ltr' id='par_1_68' title="bbox 470 3500 797 3558">
     <span class='ocr_line' id='line_1_68' title="bbox 470 3500 797 3558; baseline 0 -1"><span class='ocrx_word' id='word_1_478' title='bbox 470 3500 662 3558; x_wconf 84' lang='lat' dir='ltr'>aliena</span> <span class='ocrx_word' id='word_1_479' title='bbox 690 3506 797 3558; x_wconf 88' lang='lat' dir='ltr'>est.</span> 
     </span>
    </p>
   </div>
   <div class='ocr_carea' id='block_1_69' title="bbox 539 3592 2114 3666">
    <p class='ocr_par' dir='ltr' id='par_1_69' title="bbox 539 3592 2114 3666">
     <span class='ocr_line' id='line_1_69' title="bbox 539 3592 2114 3666; baseline 0.01 -23"><span class='ocrx_word' id='word_1_480' title='bbox 539 3592 593 3645; x_wconf 92' lang='lat'>7.</span> <span class='ocrx_word' id='word_1_481' title='bbox 619 3593 882 3658; x_wconf 88' lang='lat' dir='ltr'>Quonam</span> <span class='ocrx_word' id='word_1_482' title='bbox 915 3596 1101 3650; x_wconf 87' lang='lat' dir='ltr'>autem</span> <span class='ocrx_word' id='word_1_483' title='bbox 1126 3596 1391 3666; x_wconf 90' lang='lat' dir='ltr'>artiﬁcio,</span> <span class='ocrx_word' id='word_1_484' title='bbox 1425 3597 1571 3653; x_wconf 91' lang='lat' dir='ltr'>heus</span> <span class='ocrx_word' id='word_1_485' title='bbox 1595 3603 1679 3666; x_wconf 89' lang='lat' dir='ltr'>tu,</span> <span class='ocrx_word' id='word_1_486' title='bbox 1706 3598 1942 3657; x_wconf 90' lang='lat' dir='ltr'>interim</span> <span class='ocrx_word' id='word_1_487' title='bbox 1972 3604 2114 3659; x_wconf 89' lang='lat' dir='ltr'>dum</span> 
     </span>
    </p>
   </div>
   <div class='ocr_carea' id='block_1_70' title="bbox 469 3681 2114 3762">
    <p class='ocr_par' dir='ltr' id='par_1_70' title="bbox 469 3681 2114 3762">
     <span class='ocr_line' id='line_1_70' title="bbox 469 3681 2114 3762; baseline 0.007 -25"><span class='ocrx_word' id='word_1_488' title='bbox 469 3681 720 3738; x_wconf 88' lang='lat' dir='ltr'>orationi</span> <span class='ocrx_word' id='word_1_489' title='bbox 745 3700 939 3751; x_wconf 88' lang='lat' dir='ltr'>vacas,</span> <span class='ocrx_word' id='word_1_490' title='bbox 964 3690 1268 3756; x_wconf 87' lang='lat' dir='ltr'>peccatum</span> <span class='ocrx_word' id='word_1_491' title='bbox 1304 3692 1469 3743; x_wconf 89' lang='lat' dir='ltr'>tuum</span> <span class='ocrx_word' id='word_1_492' title='bbox 1520 3689 1664 3746; x_wconf 84' lang='lat' dir='ltr'>fumi</span> <span class='ocrx_word' id='word_1_493' title='bbox 1708 3697 1762 3746; x_wconf 88' lang='lat' dir='ltr'>et</span> <span class='ocrx_word' id='word_1_494' title='bbox 1789 3690 1960 3762; x_wconf 82' lang='lat' dir='ltr'>ignis,</span> <span class='ocrx_word' id='word_1_495' title='bbox 1993 3696 2114 3749; x_wconf 84' lang='lat' dir='ltr'>sive</span> 
     </span>
    </p>
   </div>
   <div class='ocr_carea' id='block_1_71' title="bbox 462 3772 2115 3854">
    <p class='ocr_par' dir='ltr' id='par_1_71' title="bbox 462 3772 2115 3854">
     <span class='ocr_line' id='line_1_71' title="bbox 462 3772 2115 3854; baseline 0.008 -29"><span class='ocrx_word' id='word_1_496' title='bbox 462 3772 689 3827; x_wconf 89' lang='lat' dir='ltr'>cruenti</span> <span class='ocrx_word' id='word_1_497' title='bbox 714 3772 891 3828; x_wconf 89' lang='lat' dir='ltr'>etiam</span> <span class='ocrx_word' id='word_1_498' title='bbox 923 3774 1196 3831; x_wconf 90' lang='lat' dir='ltr'>draconis</span> <span class='ocrx_word' id='word_1_499' title='bbox 1224 3776 1433 3844; x_wconf 88' lang='lat' dir='ltr'>instar,</span> <span class='ocrx_word' id='word_1_500' title='bbox 1462 3782 1558 3833; x_wconf 90' lang='lat' dir='ltr'>tuo</span> <span class='ocrx_word' id='word_1_501' title='bbox 1579 3780 1856 3836; x_wconf 87' lang='lat' dir='ltr'>excedere</span> <span class='ocrx_word' id='word_1_502' title='bbox 1876 3799 2115 3854; x_wconf 89' lang='lat' dir='ltr'>corpore</span> 
     </span>
    </p>
   </div>
   <div class='ocr_carea' id='block_1_72' title="bbox 466 3859 2111 3940">
    <p class='ocr_par' dir='ltr' id='par_1_72' title="bbox 466 3859 2111 3940">
     <span class='ocr_line' id='line_1_72' title="bbox 466 3859 2111 3940; baseline 0.009 -27"><span class='ocrx_word' id='word_1_503' title='bbox 466 3859 689 3916; x_wconf 79' lang='lat' dir='ltr'>videbis</span> <span class='ocrx_word' id='word_1_504' title='bbox 710 3860 738 3916; x_wconf 85' lang='lat'><strong>?</strong></span> <span class='ocrx_word' id='word_1_505' title='bbox 762 3860 931 3919; x_wconf 87' lang='lat' dir='ltr'>Nullo</span> <span class='ocrx_word' id='word_1_506' title='bbox 954 3880 1236 3934; x_wconf 88' lang='lat' dir='ltr'>prorsus:</span> <span class='ocrx_word' id='word_1_507' title='bbox 1266 3866 1374 3922; x_wconf 87' lang='lat' dir='ltr'>nisi</span> <span class='ocrx_word' id='word_1_508' title='bbox 1396 3869 1914 3940; x_wconf 72' lang='lat' dir='ltr'>daemonum,un</span> <span class='ocrx_word' id='word_1_509' title='bbox 1945 3872 2111 3939; x_wconf 86' lang='lat' dir='ltr'>colis,</span> 
     </span>
    </p>
   </div>
   <div class='ocr_carea' id='block_1_73' title="bbox 463 3947 2114 4029">
    <p class='ocr_par' dir='ltr' id='par_1_73' title="bbox 463 3947 2114 4029">
     <span class='ocr_line' id='line_1_73' title="bbox 463 3947 2114 4029; baseline 0.007 -25"><span class='ocrx_word' id='word_1_510' title='bbox 463 3947 682 4019; x_wconf 85' lang='lat' dir='ltr'>aliquis</span> <span class='ocrx_word' id='word_1_511' title='bbox 738 3956 795 4006; x_wconf 91' lang='lat' dir='ltr'>te</span> <span class='ocrx_word' id='word_1_512' title='bbox 852 3951 1024 4008; x_wconf 87' lang='lat' dir='ltr'>solita</span> <span class='ocrx_word' id='word_1_513' title='bbox 1076 3969 1357 4009; x_wconf 83' lang='lat' dir='ltr'>vesanum</span> <span class='ocrx_word' id='word_1_514' title='bbox 1417 3957 1611 4027; x_wconf 77' lang='lat' dir='ltr'>adigat</span> <span class='ocrx_word' id='word_1_515' title='bbox 1667 3958 2018 4029; x_wconf 86' lang='lat' dir='ltr'>impostura,</span> <span class='ocrx_word' id='word_1_516' title='bbox 2051 3966 2114 4015; x_wconf 87' lang='lat' dir='ltr'>ut</span> 
     </span>
    </p>
   </div>
   <div class='ocr_carea' id='block_1_74' title="bbox 462 4038 2109 4119">
    <p class='ocr_par' dir='ltr' id='par_1_74' title="bbox 462 4038 2109 4119">
     <span class='ocr_line' id='line_1_74' title="bbox 462 4038 2109 4119; baseline 0.007 -26"><span class='ocrx_word' id='word_1_517' title='bbox 462 4038 771 4111; x_wconf 62' lang='lat' dir='ltr'>orestigiis</span> <span class='ocrx_word' id='word_1_518' title='bbox 802 4041 1138 4111; x_wconf 87' lang='lat' dir='ltr'>hujusmodi</span> <span class='ocrx_word' id='word_1_519' title='bbox 1162 4045 1382 4112; x_wconf 83' lang='lat' dir='ltr'>credas,</span> <span class='ocrx_word' id='word_1_520' title='bbox 1417 4046 1588 4116; x_wconf 90' lang='lat' dir='ltr'>cujus</span> <span class='ocrx_word' id='word_1_521' title='bbox 1627 4048 1805 4103; x_wconf 87' lang='lat' dir='ltr'>etiam</span> <span class='ocrx_word' id='word_1_522' title='bbox 1849 4049 1996 4104; x_wconf 89' lang='lat' dir='ltr'>dolis</span> <span class='ocrx_word' id='word_1_523' title='bbox 2028 4049 2109 4119; x_wconf 88' lang='lat' dir='ltr'>ﬁt,</span> 
     </span>
    </p>
   </div>
   <div class='ocr_carea' id='block_1_75' title="bbox 462 4135 2109 4211">
    <p class='ocr_par' dir='ltr' id='par_1_75' title="bbox 462 4135 2109 4211">
     <span class='ocr_line' id='line_1_75' title="bbox 462 4135 2109 4211; baseline 0.005 -24"><span class='ocrx_word' id='word_1_524' title='bbox 462 4136 529 4187; x_wconf 91' lang='lat' dir='ltr'>ut</span> <span class='ocrx_word' id='word_1_525' title='bbox 551 4140 742 4188; x_wconf 90' lang='lat' dir='ltr'>mente</span> <span class='ocrx_word' id='word_1_526' title='bbox 763 4137 971 4204; x_wconf 87' lang='lat' dir='ltr'>captus</span> <span class='ocrx_word' id='word_1_527' title='bbox 997 4135 1268 4203; x_wconf 90' lang='lat' dir='ltr'>precibus</span> <span class='ocrx_word' id='word_1_528' title='bbox 1292 4137 1409 4191; x_wconf 90' lang='lat' dir='ltr'>tuis</span> <span class='ocrx_word' id='word_1_529' title='bbox 1434 4137 1566 4207; x_wconf 90' lang='lat' dir='ltr'>plus</span> <span class='ocrx_word' id='word_1_530' title='bbox 1603 4139 1899 4207; x_wconf 88' lang='lat' dir='ltr'>ponderis,</span> <span class='ocrx_word' id='word_1_531' title='bbox 1930 4156 2109 4211; x_wconf 87' lang='lat' dir='ltr'>quam</span> 
     </span>
    </p>
   </div>
   <div class='ocr_carea' id='block_1_76' title="bbox 469 4220 2107 4299">
    <p class='ocr_par' dir='ltr' id='par_1_76' title="bbox 469 4220 2107 4299">
     <span class='ocr_line' id='line_1_76' title="bbox 469 4220 2107 4299; baseline 0.007 -24"><span class='ocrx_word' id='word_1_532' title='bbox 469 4220 664 4276; x_wconf 84' lang='lat' dir='ltr'>divino</span> <span class='ocrx_word' id='word_1_533' title='bbox 717 4221 1079 4293; x_wconf 88' lang='lat' dir='ltr'>baptismati,</span> <span class='ocrx_word' id='word_1_534' title='bbox 1135 4224 1444 4293; x_wconf 85' lang='lat' dir='ltr'>attribuas,</span> <span class='ocrx_word' id='word_1_535' title='bbox 1503 4229 1574 4281; x_wconf 88' lang='lat' dir='ltr'>ad</span> <span class='ocrx_word' id='word_1_536' title='bbox 1635 4230 2107 4299; x_wconf 83' lang='lat' dir='ltr'>consequendam</span> 
     </span>
    </p>
   </div>
   <div class='ocr_carea' id='block_1_77' title="bbox 463 4313 2110 4389">
    <p class='ocr_par' dir='ltr' id='par_1_77' title="bbox 463 4313 2110 4389">
     <span class='ocr_line' id='line_1_77' title="bbox 463 4313 2110 4389; baseline 0.006 -23"><span class='ocrx_word' id='word_1_537' title='bbox 463 4318 832 4381; x_wconf 84' lang='lat' dir='ltr'>peccatorum</span> <span class='ocrx_word' id='word_1_538' title='bbox 866 4313 1297 4383; x_wconf 87' lang='lat' dir='ltr'>remissionem,</span> <span class='ocrx_word' id='word_1_539' title='bbox 1337 4332 1739 4389; x_wconf 88' lang='lat' dir='ltr'>manuumque</span> <span class='ocrx_word' id='word_1_540' title='bbox 1788 4318 2110 4389; x_wconf 84' lang='lat' dir='ltr'>impositio-</span> 
     </span>
    </p>
   </div>
   <div class='ocr_carea' id='block_1_78' title="bbox 465 4402 2106 4476">
    <p class='ocr_par' dir='ltr' id='par_1_78' title="bbox 465 4402 2106 4476">
     <span class='ocr_line' id='line_1_78' title="bbox 465 4402 2106 4476; baseline 0.006 -22"><span class='ocrx_word' id='word_1_541' title='bbox 465 4416 625 4468; x_wconf 88' lang='lat' dir='ltr'>nem,</span> <span class='ocrx_word' id='word_1_542' title='bbox 658 4416 786 4471; x_wconf 69' lang='lat' dir='ltr'>quas</span> <span class='ocrx_word' id='word_1_543' title='bbox 809 4402 1155 4458; x_wconf 87' lang='lat' dir='ltr'>sacerdotali</span> <span class='ocrx_word' id='word_1_544' title='bbox 1179 4403 1255 4458; x_wconf 90' lang='lat' dir='ltr'>sit</span> <span class='ocrx_word' id='word_1_545' title='bbox 1275 4403 1665 4476; x_wconf 88' lang='lat' dir='ltr'>excellentior,</span> <span class='ocrx_word' id='word_1_546' title='bbox 1688 4410 1744 4461; x_wconf 90' lang='lat' dir='ltr'>et</span> <span class='ocrx_word' id='word_1_547' title='bbox 1774 4407 1896 4464; x_wconf 83' lang='lat' dir='ltr'>sola</span> <span class='ocrx_word' id='word_1_548' title='bbox 1928 4409 2106 4465; x_wconf 81' lang='lat' dir='ltr'>divini</span> 
     </span>
    </p>
   </div>
   <div class='ocr_carea' id='block_1_79' title="bbox 464 4488 2107 4570">
    <p class='ocr_par' dir='ltr' id='par_1_79' title="bbox 464 4488 2107 4570">
     <span class='ocr_line' id='line_1_79' title="bbox 464 4488 2107 4570; baseline 0.006 -25"><span class='ocrx_word' id='word_1_549' title='bbox 464 4488 724 4560; x_wconf 90' lang='lat' dir='ltr'>Spiritus</span> <span class='ocrx_word' id='word_1_550' title='bbox 755 4504 1051 4545; x_wconf 83' lang='lat' dir='ltr'>accessum</span> <span class='ocrx_word' id='word_1_551' title='bbox 1087 4497 1388 4563; x_wconf 82' lang='lat' dir='ltr'>suggeret:</span> <span class='ocrx_word' id='word_1_552' title='bbox 1436 4495 1536 4564; x_wconf 83' lang='lat' dir='ltr'>qui</span> <span class='ocrx_word' id='word_1_553' title='bbox 1595 4500 1746 4551; x_wconf 90' lang='lat' dir='ltr'>certe</span> <span class='ocrx_word' id='word_1_554' title='bbox 1780 4496 2107 4570; x_wconf 85' lang='lat' dir='ltr'>baptismus</span> 
     </span>
    </p>
   </div>
   <div class='ocr_carea' id='block_1_80' title="bbox 2229 3343 3819 3414">
    <p class='ocr_par' dir='ltr' id='par_1_80' title="bbox 2229 3343 3819 3414">
     <span class='ocr_line' id='line_1_80' title="bbox 2229 3343 3819 3414; baseline -0.003 -15"><span class='ocrx_word' id='word_1_555' title='bbox 2229 3343 2314 3400; x_wconf 90' lang='lat' dir='ltr'>sic</span> <span class='ocrx_word' id='word_1_556' title='bbox 2344 3345 2427 3399; x_wconf 87' lang='lat' dir='ltr'>ait</span> <span class='ocrx_word' id='word_1_557' title='bbox 2467 3361 2480 3400; x_wconf 92' lang='lat'><strong>:</strong></span> <span class='ocrx_word' id='word_1_558' title='bbox 2510 3344 2627 3400; x_wconf 85' lang='lat' dir='ltr'>Non</span> <span class='ocrx_word' id='word_1_559' title='bbox 2654 3347 2732 3399; x_wconf 79' lang='lat' dir='ltr'>est</span> <span class='ocrx_word' id='word_1_560' title='bbox 2761 3344 2915 3401; x_wconf 81' lang='lat' dir='ltr'>nobis</span> <span class='ocrx_word' id='word_1_561' title='bbox 2943 3352 3225 3400; x_wconf 80' lang='lat' dir='ltr'>certamen</span> <span class='ocrx_word' id='word_1_562' title='bbox 3261 3346 3519 3403; x_wconf 71' lang='lat' dir='ltr'>adversus</span> <span class='ocrx_word' id='word_1_563' title='bbox 3554 3343 3819 3414; x_wconf 79' lang='lat' dir='ltr'>sanguinem</span> 
     </span>
    </p>
   </div>
   <div class='ocr_carea' id='block_1_81' title="bbox 2226 3433 3816 3505">
    <p class='ocr_par' dir='ltr' id='par_1_81' title="bbox 2226 3433 3816 3505">
     <span class='ocr_line' id='line_1_81' title="bbox 2226 3433 3816 3505; baseline -0.005 -16"><span class='ocrx_word' id='word_1_564' title='bbox 2226 3442 2279 3489; x_wconf 82' lang='lat' dir='ltr'>et</span> <span class='ocrx_word' id='word_1_565' title='bbox 2306 3450 2549 3503; x_wconf 85' lang='lat' dir='ltr'>carnem,</span> <span class='ocrx_word' id='word_1_566' title='bbox 2581 3433 2673 3489; x_wconf 89' lang='lat' dir='ltr'>sed</span> <span class='ocrx_word' id='word_1_567' title='bbox 2702 3434 2963 3489; x_wconf 82' lang='lat' dir='ltr'>adversus</span> <span class='ocrx_word' id='word_1_568' title='bbox 2993 3435 3363 3505; x_wconf 78' lang='lat' dir='ltr'>principatus,</span> <span class='ocrx_word' id='word_1_569' title='bbox 3417 3435 3660 3491; x_wconf 82' lang='lat' dir='ltr'>adversus</span> <span class='ocrx_word' id='word_1_570' title='bbox 3710 3437 3816 3502; x_wconf 80' lang='lat' dir='ltr'>pote-</span> 
     </span>
    </p>
   </div>
   <div class='ocr_carea' id='block_1_82' title="bbox 2224 3514 3816 3595">
    <p class='ocr_par' dir='ltr' id='par_1_82' title="bbox 2224 3514 3816 3595">
     <span class='ocr_line' id='line_1_82' title="bbox 2224 3514 3816 3595; baseline 0.002 -18"><span class='ocrx_word' id='word_1_571' title='bbox 2224 3526 2412 3591; x_wconf 79' lang='lat' dir='ltr'>states,</span> <span class='ocrx_word' id='word_1_572' title='bbox 2439 3523 2696 3580; x_wconf 80' lang='lat' dir='ltr'>adversus</span> <span class='ocrx_word' id='word_1_573' title='bbox 2717 3523 3041 3594; x_wconf 74' lang='lat' dir='ltr'>spiritantia</span> <span class='ocrx_word' id='word_1_574' title='bbox 3091 3526 3361 3595; x_wconf 66' lang='lat' dir='ltr'>nequitia:</span> <span class='ocrx_word' id='word_1_575' title='bbox 3405 3523 3592 3579; x_wconf 79' lang='lat' dir='ltr'>mundi</span> <span class='ocrx_word' id='word_1_576' title='bbox 3611 3520 3747 3591; x_wconf 73' lang='lat' dir='ltr'>hujus</span> <span class='ocrx_word' id='word_1_577' title='bbox 3768 3514 3816 3580; x_wconf 77' lang='grc'>⁸³,</span> 
     </span>
    </p>
   </div>
   <div class='ocr_carea' id='block_1_83' title="bbox 2226 3608 3818 3684">
    <p class='ocr_par' dir='ltr' id='par_1_83' title="bbox 2226 3608 3818 3684">
     <span class='ocr_line' id='line_1_83' title="bbox 2226 3608 3818 3684; baseline -0.004 -17"><span class='ocrx_word' id='word_1_578' title='bbox 2226 3612 2396 3683; x_wconf 89' lang='lat' dir='ltr'>quasi</span> <span class='ocrx_word' id='word_1_579' title='bbox 2420 3612 2587 3668; x_wconf 85' lang='lat' dir='ltr'>nobis</span> <span class='ocrx_word' id='word_1_580' title='bbox 2614 3629 2746 3668; x_wconf 91' lang='lat' dir='ltr'>cum</span> <span class='ocrx_word' id='word_1_581' title='bbox 2767 3611 2865 3668; x_wconf 92' lang='lat' dir='ltr'>illo</span> <span class='ocrx_word' id='word_1_582' title='bbox 2887 3614 3148 3669; x_wconf 80' lang='lat' dir='ltr'>conferre</span> <span class='ocrx_word' id='word_1_583' title='bbox 3174 3615 3383 3684; x_wconf 89' lang='lat' dir='ltr'>pedem</span> <span class='ocrx_word' id='word_1_584' title='bbox 3429 3608 3818 3669; x_wconf 80' lang='lat' dir='ltr'>formidantibus</span> 
     </span>
    </p>
   </div>
   <div class='ocr_carea' id='block_1_84' title="bbox 2225 3698 3820 3772">
    <p class='ocr_par' dir='ltr' id='par_1_84' title="bbox 2225 3698 3820 3772">
     <span class='ocr_line' id='line_1_84' title="bbox 2225 3698 3820 3772; baseline -0.005 -15"><span class='ocrx_word' id='word_1_585' title='bbox 2225 3702 2455 3757; x_wconf 89' lang='lat' dir='ltr'>animos</span> <span class='ocrx_word' id='word_1_586' title='bbox 2486 3702 2733 3767; x_wconf 87' lang='lat' dir='ltr'>addens,</span> <span class='ocrx_word' id='word_1_587' title='bbox 2767 3707 2942 3772; x_wconf 86' lang='lat' dir='ltr'>atque</span> <span class='ocrx_word' id='word_1_588' title='bbox 2995 3701 3087 3757; x_wconf 91' lang='lat' dir='ltr'>his</span> <span class='ocrx_word' id='word_1_589' title='bbox 3140 3704 3341 3758; x_wconf 86' lang='lat' dir='ltr'>verbis</span> <span class='ocrx_word' id='word_1_590' title='bbox 3373 3716 3672 3759; x_wconf 86' lang='lat' dir='ltr'>exacuens:</span> <span class='ocrx_word' id='word_1_591' title='bbox 3699 3698 3820 3752; x_wconf 74' lang='lat' dir='ltr'>Assu-</span> 
     </span>
    </p>
   </div>
   <div class='ocr_carea' id='block_1_85' title="bbox 2222 3782 3820 3861">
    <p class='ocr_par' dir='ltr' id='par_1_85' title="bbox 2222 3782 3820 3861">
     <span class='ocr_line' id='line_1_85' title="bbox 2222 3782 3820 3861; baseline -0.003 -16"><span class='ocrx_word' id='word_1_592' title='bbox 2222 3793 2355 3845; x_wconf 74' lang='lat' dir='ltr'>mite</span> <span class='ocrx_word' id='word_1_593' title='bbox 2385 3795 2730 3845; x_wconf 79' lang='lat' dir='ltr'>armaturam</span> <span class='ocrx_word' id='word_1_594' title='bbox 2765 3791 2880 3856; x_wconf 84' lang='lat' dir='ltr'>Dei,</span> <span class='ocrx_word' id='word_1_595' title='bbox 2914 3795 2973 3846; x_wconf 89' lang='lat' dir='ltr'>ut</span> <span class='ocrx_word' id='word_1_596' title='bbox 3002 3790 3221 3861; x_wconf 78' lang='lat' dir='ltr'>possitis</span> <span class='ocrx_word' id='word_1_597' title='bbox 3257 3792 3515 3849; x_wconf 75' lang='lat' dir='ltr'>resistere</span> <span class='ocrx_word' id='word_1_598' title='bbox 3550 3790 3592 3825; x_wconf 77' lang='grc'>⁸⁸</span> <span class='ocrx_word' id='word_1_599' title='bbox 3642 3782 3820 3843; x_wconf 76' lang='lat' dir='ltr'>insidiis</span> 
     </span>
    </p>
   </div>
   <div class='ocr_carea' id='block_1_86' title="bbox 2224 3880 3819 3938">
    <p class='ocr_par' dir='ltr' id='par_1_86' title="bbox 2224 3880 3819 3938">
     <span class='ocr_line' id='line_1_86' title="bbox 2224 3880 3819 3938; baseline -0.007 -3"><span class='ocrx_word' id='word_1_600' title='bbox 2224 3880 2535 3936; x_wconf 86' lang='lat' dir='ltr'>adversarii</span> <span class='ocrx_word' id='word_1_601' title='bbox 2598 3880 2836 3935; x_wconf 86' lang='lat' dir='ltr'>diaboli.</span> <span class='ocrx_word' id='word_1_602' title='bbox 2887 3882 3245 3937; x_wconf 84' lang='lat' dir='ltr'>Enumerata</span> <span class='ocrx_word' id='word_1_603' title='bbox 3313 3882 3520 3938; x_wconf 90' lang='lat' dir='ltr'>deinde</span> <span class='ocrx_word' id='word_1_604' title='bbox 3581 3880 3819 3934; x_wconf 85' lang='lat' dir='ltr'>armatura</span> 
     </span>
    </p>
   </div>
   <div class='ocr_carea' id='block_1_87' title="bbox 2222 3967 3818 4041">
    <p class='ocr_par' dir='ltr' id='par_1_87' title="bbox 2222 3967 3818 4041">
     <span class='ocr_line' id='line_1_87' title="bbox 2222 3967 3818 4041; baseline -0.004 -18"><span class='ocrx_word' id='word_1_605' title='bbox 2222 3968 2343 4023; x_wconf 72' lang='lat' dir='ltr'>haec</span> <span class='ocrx_word' id='word_1_606' title='bbox 2365 3984 2599 4039; x_wconf 83' lang='lat' dir='ltr'>quoque</span> <span class='ocrx_word' id='word_1_607' title='bbox 2629 3968 2957 4024; x_wconf 81' lang='lat' dir='ltr'>subinfert:</span> <span class='ocrx_word' id='word_1_608' title='bbox 2995 3971 3171 4026; x_wconf 85' lang='lat' dir='ltr'>Estote</span> <span class='ocrx_word' id='word_1_609' title='bbox 3210 3972 3504 4041; x_wconf 75' lang='lat' dir='ltr'>praecincti</span> <span class='ocrx_word' id='word_1_610' title='bbox 3545 3967 3724 4025; x_wconf 79' lang='lat' dir='ltr'>lumbis</span> <span class='ocrx_word' id='word_1_611' title='bbox 3755 3976 3818 4017; x_wconf 76' lang='lat' dir='ltr'>rt-</span> 
     </span>
    </p>
   </div>
   <div class='ocr_carea' id='block_1_88' title="bbox 2220 4051 3818 4133">
    <p class='ocr_par' dir='ltr' id='par_1_88' title="bbox 2220 4051 3818 4133">
     <span class='ocr_line' id='line_1_88' title="bbox 2220 4051 3818 4133; baseline -0.004 -20"><span class='ocrx_word' id='word_1_612' title='bbox 2220 4060 2353 4113; x_wconf 79' lang='lat' dir='ltr'>strt’s</span> <span class='ocrx_word' id='word_1_613' title='bbox 2382 4060 2442 4112; x_wconf 85' lang='lat' dir='ltr'>in</span> <span class='ocrx_word' id='word_1_614' title='bbox 2476 4057 2723 4124; x_wconf 84' lang='lat' dir='ltr'>veritate,</span> <span class='ocrx_word' id='word_1_615' title='bbox 2748 4064 2801 4113; x_wconf 86' lang='lat' dir='ltr'>et</span> <span class='ocrx_word' id='word_1_616' title='bbox 2826 4057 3011 4113; x_wconf 80' lang='lat' dir='ltr'>induti</span> <span class='ocrx_word' id='word_1_617' title='bbox 3031 4059 3311 4115; x_wconf 83' lang='lat' dir='ltr'>thoracem</span> <span class='ocrx_word' id='word_1_618' title='bbox 3325 4062 3579 4133; x_wconf 74' lang='lat' dir='ltr'>justitiae,</span> <span class='ocrx_word' id='word_1_619' title='bbox 3608 4051 3818 4113; x_wconf 79' lang='lat' dir='ltr'>calceati-</span> 
     </span>
    </p>
   </div>
   <div class='ocr_carea' id='block_1_89' title="bbox 2222 4137 3817 4221">
    <p class='ocr_par' dir='ltr' id='par_1_89' title="bbox 2222 4137 3817 4221">
     <span class='ocr_line' id='line_1_89' title="bbox 2222 4137 3817 4221; baseline -0.005 -21"><span class='ocrx_word' id='word_1_620' title='bbox 2222 4163 2325 4217; x_wconf 85' lang='lat' dir='ltr'>que</span> <span class='ocrx_word' id='word_1_621' title='bbox 2353 4150 2518 4217; x_wconf 76' lang='lat' dir='ltr'>pedes</span> <span class='ocrx_word' id='word_1_622' title='bbox 2548 4148 2609 4202; x_wconf 85' lang='lat' dir='ltr'>in</span> <span class='ocrx_word' id='word_1_623' title='bbox 2637 4150 3049 4219; x_wconf 59' lang='lat' dir='ltr'>preparations</span> <span class='ocrx_word' id='word_1_624' title='bbox 3080 4149 3372 4218; x_wconf 71' lang='lat' dir='ltr'>Evangelii</span> <span class='ocrx_word' id='word_1_625' title='bbox 3415 4152 3583 4221; x_wconf 81' lang='lat' dir='ltr'>pacis.</span> <span class='ocrx_word' id='word_1_626' title='bbox 3604 4149 3659 4203; x_wconf 83' lang='lat' dir='ltr'>In</span> <span class='ocrx_word' id='word_1_627' title='bbox 3678 4137 3817 4201; x_wconf 58' lang='lat' dir='ltr'>omnio</span> 
     </span>
    </p>
   </div>
   <div class='ocr_carea' id='block_1_90' title="bbox 2223 4227 3821 4311">
    <p class='ocr_par' dir='ltr' id='par_1_90' title="bbox 2223 4227 3821 4311">
     <span class='ocr_line' id='line_1_90' title="bbox 2223 4227 3821 4311; baseline -0.001 -20"><span class='ocrx_word' id='word_1_628' title='bbox 2223 4229 2319 4291; x_wconf 76' lang='lat' dir='ltr'>bus</span> <span class='ocrx_word' id='word_1_629' title='bbox 2348 4240 2683 4292; x_wconf 81' lang='lat' dir='ltr'>assumentes</span> <span class='ocrx_word' id='word_1_630' title='bbox 2711 4246 2928 4292; x_wconf 85' lang='lat' dir='ltr'>scutum</span> <span class='ocrx_word' id='word_1_631' title='bbox 2958 4237 3107 4306; x_wconf 76' lang='lat' dir='ltr'>ﬁdei,</span> <span class='ocrx_word' id='word_1_632' title='bbox 3142 4237 3200 4293; x_wconf 86' lang='lat' dir='ltr'>in</span> <span class='ocrx_word' id='word_1_633' title='bbox 3250 4255 3360 4310; x_wconf 86' lang='lat' dir='ltr'>quo</span> <span class='ocrx_word' id='word_1_634' title='bbox 3400 4237 3645 4311; x_wconf 82' lang='lat' dir='ltr'>poteritis</span> <span class='ocrx_word' id='word_1_635' title='bbox 3673 4227 3821 4290; x_wconf 75' lang='grc' dir='ltr'>οηυιὶα</span> 
     </span>
    </p>
   </div>
   <div class='ocr_carea' id='block_1_91' title="bbox 2217 4318 3821 4397">
    <p class='ocr_par' dir='ltr' id='par_1_91' title="bbox 2217 4318 3821 4397">
     <span class='ocr_line' id='line_1_91' title="bbox 2217 4318 3821 4397; baseline -0.006 -16"><span class='ocrx_word' id='word_1_636' title='bbox 2217 4326 2329 4381; x_wconf 81' lang='lat' dir='ltr'>tela</span> <span class='ocrx_word' id='word_1_637' title='bbox 2364 4325 2605 4397; x_wconf 81' lang='lat' dir='ltr'>maligni</span> <span class='ocrx_word' id='word_1_638' title='bbox 2626 4327 2801 4396; x_wconf 80' lang='lat' dir='ltr'>ignita</span> <span class='ocrx_word' id='word_1_639' title='bbox 2833 4328 3189 4395; x_wconf 73' lang='lat' dir='ltr'>exstinguere</span> <span class='ocrx_word' id='word_1_640' title='bbox 3210 4326 3428 4386; x_wconf 75' lang='lat' dir='ltr'>&quot;.Item</span> <span class='ocrx_word' id='word_1_641' title='bbox 3453 4344 3466 4383; x_wconf 87' lang='lat'><strong>:</strong></span> <span class='ocrx_word' id='word_1_642' title='bbox 3488 4318 3821 4384; x_wconf 78' lang='lat' dir='ltr'>Gateamsalu-</span> 
     </span>
    </p>
   </div>
   <div class='ocr_carea' id='block_1_92' title="bbox 2216 4410 3820 4489">
    <p class='ocr_par' dir='ltr' id='par_1_92' title="bbox 2216 4410 3820 4489">
     <span class='ocr_line' id='line_1_92' title="bbox 2216 4410 3820 4489; baseline -0.003 -21"><span class='ocrx_word' id='word_1_643' title='bbox 2216 4416 2288 4470; x_wconf 81' lang='lat' dir='ltr'>tis</span> <span class='ocrx_word' id='word_1_644' title='bbox 2317 4416 2602 4482; x_wconf 80' lang='lat' dir='ltr'>assumite,</span> <span class='ocrx_word' id='word_1_645' title='bbox 2635 4423 2688 4471; x_wconf 86' lang='lat' dir='ltr'>et</span> <span class='ocrx_word' id='word_1_646' title='bbox 2716 4414 2967 4484; x_wconf 80' lang='lat' dir='ltr'>gladium</span> <span class='ocrx_word' id='word_1_647' title='bbox 3005 4416 3272 4487; x_wconf 75' lang='lat' dir='ltr'>Spiritus,</span> <span class='ocrx_word' id='word_1_648' title='bbox 3334 4416 3477 4489; x_wconf 84' lang='lat' dir='ltr'>quod</span> <span class='ocrx_word' id='word_1_649' title='bbox 3531 4421 3609 4472; x_wconf 85' lang='lat' dir='ltr'>est</span> <span class='ocrx_word' id='word_1_650' title='bbox 3648 4410 3820 4469; x_wconf 84' lang='lat' dir='ltr'>verbum</span> 
     </span>
    </p>
   </div>
   <div class='ocr_carea' id='block_1_93' title="bbox 2221 4498 3816 4577">
    <p class='ocr_par' dir='ltr' id='par_1_93' title="bbox 2221 4498 3816 4577">
     <span class='ocr_line' id='line_1_93' title="bbox 2221 4498 3816 4577; baseline -0.006 -18"><span class='ocrx_word' id='word_1_651' title='bbox 2221 4504 2315 4560; x_wconf 86' lang='lat' dir='ltr'>Dei</span> <span class='ocrx_word' id='word_1_652' title='bbox 2342 4503 2407 4560; x_wconf 78' lang='grc'>⁸⁸.</span> <span class='ocrx_word' id='word_1_653' title='bbox 2442 4505 2502 4560; x_wconf 92' lang='lat' dir='ltr'>Si</span> <span class='ocrx_word' id='word_1_654' title='bbox 2558 4505 2694 4575; x_wconf 89' lang='lat' dir='ltr'>quis</span> <span class='ocrx_word' id='word_1_655' title='bbox 2750 4506 2857 4561; x_wconf 89' lang='lat' dir='ltr'>hac</span> <span class='ocrx_word' id='word_1_656' title='bbox 2916 4511 3213 4561; x_wconf 87' lang='lat' dir='ltr'>armatura</span> <span class='ocrx_word' id='word_1_657' title='bbox 3256 4508 3639 4577; x_wconf 62' lang='lat' dir='ltr'>praemunitus</span> <span class='ocrx_word' id='word_1_658' title='bbox 3666 4498 3816 4560; x_wconf 85' lang='lat' dir='ltr'>fuerit,</span> 
     </span>
    </p>
   </div>
   <div class='ocr_carea' id='block_1_94' title="bbox 461 4577 3820 4670">
    <p class='ocr_par' dir='ltr' id='par_1_94' title="bbox 461 4577 3820 4670">
     <span class='ocr_line' id='line_1_94' title="bbox 461 4577 3820 4670; baseline 0.001 -36"><span class='ocrx_word' id='word_1_659' title='bbox 461 4594 495 4634; x_wconf 73' lang='grc' dir='ltr'>ι</span> <span class='ocrx_word' id='word_1_660' title='bbox 521 4577 691 4634; x_wconf 91' lang='lat' dir='ltr'>nobis</span> <span class='ocrx_word' id='word_1_661' title='bbox 722 4578 1067 4670; x_wconf 78' lang='lat' dir='ltr'>orthodoxis</span> <span class='ocrx_word' id='word_1_662' title='bbox 1090 4578 1324 4636; x_wconf 89' lang='lat' dir='ltr'>initium</span> <span class='ocrx_word' id='word_1_663' title='bbox 1384 4587 1442 4637; x_wconf 89' lang='lat' dir='ltr'>et</span> <span class='ocrx_word' id='word_1_664' title='bbox 1494 4583 1941 4642; x_wconf 77' lang='lat' dir='ltr'>fundamentum</span> <span class='ocrx_word' id='word_1_665' title='bbox 1971 4588 2106 4643; x_wconf 88' lang='lat' dir='ltr'>ﬁdei</span> <span class='ocrx_word' id='word_1_666' title='bbox 2141 4607 2184 4670; x_wconf 74' lang='grc' dir='ltr'>ι)</span> <span class='ocrx_word' id='word_1_667' title='bbox 2216 4608 2341 4663; x_wconf 61' lang='grc' dir='ltr'>(ποτε</span> <span class='ocrx_word' id='word_1_668' title='bbox 2371 4592 2621 4648; x_wconf 88' lang='lat' dir='ltr'>telorum</span> <span class='ocrx_word' id='word_1_669' title='bbox 2641 4593 2904 4663; x_wconf 89' lang='lat' dir='ltr'>jactibus</span> <span class='ocrx_word' id='word_1_670' title='bbox 2935 4593 3016 4649; x_wconf 81' lang='lat' dir='ltr'>ita</span> <span class='ocrx_word' id='word_1_671' title='bbox 3050 4594 3302 4665; x_wconf 81' lang='lat' dir='ltr'>resistit,</span> <span class='ocrx_word' id='word_1_672' title='bbox 3336 4601 3613 4668; x_wconf 87' lang='lat' dir='ltr'>tantoque</span> <span class='ocrx_word' id='word_1_673' title='bbox 3642 4589 3820 4661; x_wconf 82' lang='lat' dir='ltr'>fulgore</span> 
     </span>
    </p>
   </div>
   <div class='ocr_carea' id='block_1_95' title="bbox 463 4667 2105 4742">
    <p class='ocr_par' dir='ltr' id='par_1_95' title="bbox 463 4667 2105 4742">
     <span class='ocr_line' id='line_1_95' title="bbox 463 4667 2105 4742; baseline 0.005 -19"><span class='ocrx_word' id='word_1_674' title='bbox 463 4673 775 4724; x_wconf 89' lang='lat' dir='ltr'>censetur:</span> <span class='ocrx_word' id='word_1_675' title='bbox 802 4673 978 4739; x_wconf 85' lang='lat' dir='ltr'>atque</span> <span class='ocrx_word' id='word_1_676' title='bbox 1000 4667 1144 4724; x_wconf 88' lang='lat' dir='ltr'>adeo</span> <span class='ocrx_word' id='word_1_677' title='bbox 1175 4685 1370 4735; x_wconf 85' lang='lat' dir='ltr'>causa,</span> <span class='ocrx_word' id='word_1_678' title='bbox 1398 4687 1530 4742; x_wconf 66' lang='lat' dir='ltr'>quae</span> <span class='ocrx_word' id='word_1_679' title='bbox 1581 4676 1853 4729; x_wconf 86' lang='lat' dir='ltr'>sanctum</span> <span class='ocrx_word' id='word_1_680' title='bbox 1895 4677 1963 4730; x_wconf 86' lang='lat' dir='ltr'>ad</span> <span class='ocrx_word' id='word_1_681' title='bbox 2000 4693 2105 4733; x_wconf 92' lang='lat' dir='ltr'>nos</span> 
     </span>
    </p>
   </div>
   <div class='ocr_carea' id='block_1_96' title="bbox 459 4755 2105 4831">
    <p class='ocr_par' dir='ltr' id='par_1_96' title="bbox 459 4755 2105 4831">
     <span class='ocr_line' id='line_1_96' title="bbox 459 4755 2105 4831; baseline 0.004 -18"><span class='ocrx_word' id='word_1_682' title='bbox 459 4755 739 4827; x_wconf 88' lang='lat' dir='ltr'>Spiritum</span> <span class='ocrx_word' id='word_1_683' title='bbox 772 4755 1440 4822; x_wconf 86' lang='lat' dir='ltr'>alliciat,utconfirmare</span> <span class='ocrx_word' id='word_1_684' title='bbox 1474 4777 1703 4831; x_wconf 86' lang='lat' dir='ltr'>possum</span> <span class='ocrx_word' id='word_1_685' title='bbox 1721 4779 1791 4817; x_wconf 85' lang='lat' dir='ltr'>ex</span> <span class='ocrx_word' id='word_1_686' title='bbox 1822 4780 2105 4821; x_wconf 89' lang='lat' dir='ltr'>manuum</span> 
     </span>
    </p>
   </div>
   <div class='ocr_carea' id='block_1_97' title="bbox 458 4844 2101 4923">
    <p class='ocr_par' dir='ltr' id='par_1_97' title="bbox 458 4844 2101 4923">
     <span class='ocr_line' id='line_1_97' title="bbox 458 4844 2101 4923; baseline 0.007 -24"><span class='ocrx_word' id='word_1_687' title='bbox 458 4844 960 4916; x_wconf 87' lang='lat' dir='ltr'>impositionibus,</span> <span class='ocrx_word' id='word_1_688' title='bbox 995 4862 1122 4916; x_wconf 68' lang='lat' dir='ltr'>quae</span> <span class='ocrx_word' id='word_1_689' title='bbox 1157 4846 1211 4900; x_wconf 89' lang='lat' dir='ltr'>in</span> <span class='ocrx_word' id='word_1_690' title='bbox 1241 4846 1543 4920; x_wconf 86' lang='lat' dir='ltr'>discipulis</span> <span class='ocrx_word' id='word_1_691' title='bbox 1576 4850 1785 4906; x_wconf 87' lang='lat' dir='ltr'>Christi</span> <span class='ocrx_word' id='word_1_692' title='bbox 1821 4857 1951 4923; x_wconf 89' lang='lat' dir='ltr'>post</span> <span class='ocrx_word' id='word_1_693' title='bbox 2001 4854 2101 4910; x_wconf 91' lang='lat' dir='ltr'>ba-</span> 
     </span>
    </p>
   </div>
   <div class='ocr_carea' id='block_1_98' title="bbox 456 4935 2103 5015">
    <p class='ocr_par' dir='ltr' id='par_1_98' title="bbox 456 4935 2103 5015">
     <span class='ocr_line' id='line_1_98' title="bbox 456 4935 2103 5015; baseline 0.007 -27"><span class='ocrx_word' id='word_1_694' title='bbox 456 4935 764 5006; x_wconf 89' lang='lat' dir='ltr'>ptismum,</span> <span class='ocrx_word' id='word_1_695' title='bbox 802 4939 916 4991; x_wconf 88' lang='lat' dir='ltr'>tam</span> <span class='ocrx_word' id='word_1_696' title='bbox 939 4937 1208 4992; x_wconf 80' lang='lat' dir='ltr'>efﬁcaces</span> <span class='ocrx_word' id='word_1_697' title='bbox 1242 4939 1495 5008; x_wconf 85' lang='lat' dir='ltr'>fuerunt,</span> <span class='ocrx_word' id='word_1_698' title='bbox 1526 4945 1593 4996; x_wconf 91' lang='lat' dir='ltr'>ut</span> <span class='ocrx_word' id='word_1_699' title='bbox 1623 4940 1811 5011; x_wconf 86' lang='lat' dir='ltr'>palam</span> <span class='ocrx_word' id='word_1_700' title='bbox 1850 4944 2103 5015; x_wconf 87' lang='lat' dir='ltr'>Spiritus</span> 
     </span>
    </p>
   </div>
   <div class='ocr_carea' id='block_1_99' title="bbox 453 5024 2101 5102">
    <p class='ocr_par' dir='ltr' id='par_1_99' title="bbox 453 5024 2101 5102">
     <span class='ocr_line' id='line_1_99' title="bbox 453 5024 2101 5102; baseline 0.006 -22"><span class='ocrx_word' id='word_1_701' title='bbox 453 5024 854 5081; x_wconf 87' lang='lat' dir='ltr'>descenderet.</span> <span class='ocrx_word' id='word_1_702' title='bbox 889 5026 1046 5082; x_wconf 91' lang='lat' dir='ltr'>Idem</span> <span class='ocrx_word' id='word_1_703' title='bbox 1105 5026 1330 5098; x_wconf 81' lang='lat' dir='ltr'>Virgini</span> <span class='ocrx_word' id='word_1_704' title='bbox 1375 5046 1609 5102; x_wconf 90' lang='lat' dir='ltr'>quoque</span> <span class='ocrx_word' id='word_1_705' title='bbox 1652 5031 1844 5088; x_wconf 80' lang='lat' dir='ltr'>Marize</span> <span class='ocrx_word' id='word_1_706' title='bbox 1877 5034 2101 5090; x_wconf 85' lang='lat' dir='ltr'>inhabi-</span> 
     </span>
    </p>
   </div>
   <div class='ocr_carea' id='block_1_100' title="bbox 450 5115 2098 5188">
    <p class='ocr_par' dir='ltr' id='par_1_100' title="bbox 450 5115 2098 5188">
     <span class='ocr_line' id='line_1_100' title="bbox 450 5115 2098 5188; baseline 0.007 -19"><span class='ocrx_word' id='word_1_707' title='bbox 450 5118 585 5169; x_wconf 87' lang='lat' dir='ltr'>tans</span> <span class='ocrx_word' id='word_1_708' title='bbox 610 5130 736 5169; x_wconf 80' lang='lat' dir='ltr'>eam</span> <span class='ocrx_word' id='word_1_709' title='bbox 754 5115 1096 5187; x_wconf 64' lang='lat' dir='ltr'>preparavit</span> <span class='ocrx_word' id='word_1_710' title='bbox 1125 5121 1181 5171; x_wconf 90' lang='lat' dir='ltr'>et</span> <span class='ocrx_word' id='word_1_711' title='bbox 1237 5117 1640 5188; x_wconf 85' lang='lat' dir='ltr'>sanctiﬁcavit,</span> <span class='ocrx_word' id='word_1_712' title='bbox 1674 5126 1739 5176; x_wconf 89' lang='lat' dir='ltr'>ut</span> <span class='ocrx_word' id='word_1_713' title='bbox 1768 5121 1840 5178; x_wconf 88' lang='lat' dir='ltr'>ab</span> <span class='ocrx_word' id='word_1_714' title='bbox 1889 5140 1953 5179; x_wconf 82' lang='lat' dir='ltr'>eo</span> <span class='ocrx_word' id='word_1_715' title='bbox 1986 5142 2098 5182; x_wconf 92' lang='lat' dir='ltr'>non</span> 
     </span>
    </p>
   </div>
   <div class='ocr_carea' id='block_1_101' title="bbox 451 5202 2098 5283">
    <p class='ocr_par' dir='ltr' id='par_1_101' title="bbox 451 5202 2098 5283">
     <span class='ocr_line' id='line_1_101' title="bbox 451 5202 2098 5283; baseline 0.008 -26"><span class='ocrx_word' id='word_1_716' title='bbox 451 5217 622 5258; x_wconf 81' lang='lat' dir='ltr'>secus</span> <span class='ocrx_word' id='word_1_717' title='bbox 637 5211 813 5273; x_wconf 86' lang='lat' dir='ltr'>atque</span> <span class='ocrx_word' id='word_1_718' title='bbox 827 5202 1019 5257; x_wconf 87' lang='lat' dir='ltr'>divino</span> <span class='ocrx_word' id='word_1_719' title='bbox 1033 5203 1270 5274; x_wconf 85' lang='lat' dir='ltr'>templo,</span> <span class='ocrx_word' id='word_1_720' title='bbox 1285 5204 1471 5262; x_wconf 91' lang='lat' dir='ltr'>Verbu</span> <span class='ocrx_word' id='word_1_721' title='bbox 1489 5224 1543 5262; x_wconf 92' lang='lat' dir='ltr'>m</span> <span class='ocrx_word' id='word_1_722' title='bbox 1561 5207 1662 5264; x_wconf 87' lang='lat' dir='ltr'>Dei</span> <span class='ocrx_word' id='word_1_723' title='bbox 1677 5210 2098 5283; x_wconf 89' lang='lat' dir='ltr'>conciperetur,</span> 
     </span>
    </p>
   </div>
   <div class='ocr_carea' id='block_1_102' title="bbox 450 5289 2101 5371">
    <p class='ocr_par' dir='ltr' id='par_1_102' title="bbox 450 5289 2101 5371">
     <span class='ocr_line' id='line_1_102' title="bbox 450 5289 2101 5371; baseline 0.007 -25"><span class='ocrx_word' id='word_1_724' title='bbox 450 5294 508 5346; x_wconf 88' lang='lat' dir='ltr'>et</span> <span class='ocrx_word' id='word_1_725' title='bbox 534 5289 615 5345; x_wconf 90' lang='lat' dir='ltr'>ita</span> <span class='ocrx_word' id='word_1_726' title='bbox 648 5300 856 5346; x_wconf 68' lang='lat' dir='ltr'>nostra:</span> <span class='ocrx_word' id='word_1_727' title='bbox 916 5290 1123 5345; x_wconf 84' lang='lat' dir='ltr'>salutis</span> <span class='ocrx_word' id='word_1_728' title='bbox 1183 5293 1475 5362; x_wconf 86' lang='lat' dir='ltr'>primitias</span> <span class='ocrx_word' id='word_1_729' title='bbox 1531 5296 1786 5369; x_wconf 90' lang='lat' dir='ltr'>Spiritus</span> <span class='ocrx_word' id='word_1_730' title='bbox 1826 5307 2101 5371; x_wconf 88' lang='lat' dir='ltr'>operatus</span> 
     </span>
    </p>
   </div>
   <div class='ocr_carea' id='block_1_103' title="bbox 455 5378 2103 5455">
    <p class='ocr_par' dir='ltr' id='par_1_103' title="bbox 455 5378 2103 5455">
     <span class='ocr_line' id='line_1_103' title="bbox 455 5378 2103 5455; baseline 0.008 -22"><span class='ocrx_word' id='word_1_731' title='bbox 455 5381 565 5444; x_wconf 86' lang='lat' dir='ltr'>est,</span> <span class='ocrx_word' id='word_1_732' title='bbox 588 5378 765 5434; x_wconf 84' lang='lat' dir='ltr'>simul</span> <span class='ocrx_word' id='word_1_733' title='bbox 797 5384 973 5449; x_wconf 88' lang='lat' dir='ltr'>atque</span> <span class='ocrx_word' id='word_1_734' title='bbox 1003 5379 1230 5449; x_wconf 87' lang='lat' dir='ltr'>Virgini</span> <span class='ocrx_word' id='word_1_735' title='bbox 1263 5381 1449 5439; x_wconf 84' lang='lat' dir='ltr'>virtus</span> <span class='ocrx_word' id='word_1_736' title='bbox 1480 5384 1791 5455; x_wconf 84' lang='lat' dir='ltr'>Altissimi,</span> <span class='ocrx_word' id='word_1_737' title='bbox 1822 5393 1991 5446; x_wconf 84' lang='lat' dir='ltr'>Patre</span> <span class='ocrx_word' id='word_1_738' title='bbox 2020 5391 2103 5449; x_wconf 91' lang='lat' dir='ltr'>ita</span> 
     </span>
    </p>
   </div>
   <div class='ocr_carea' id='block_1_104' title="bbox 449 5461 1112 5533">
    <p class='ocr_par' dir='ltr' id='par_1_104' title="bbox 449 5461 1112 5533">
     <span class='ocr_line' id='line_1_104' title="bbox 449 5461 1112 5533; baseline 0.008 -16"><span class='ocrx_word' id='word_1_739' title='bbox 449 5461 701 5533; x_wconf 89' lang='lat' dir='ltr'>volente,</span> <span class='ocrx_word' id='word_1_740' title='bbox 728 5466 1112 5522; x_wconf 89' lang='lat' dir='ltr'>obumbravit.</span> 
     </span>
    </p>
   </div>
   <div class='ocr_carea' id='block_1_105' title="bbox 531 5580 2203 5676">
    <p class='ocr_par' dir='ltr' id='par_1_105' title="bbox 531 5580 2203 5676">
     <span class='ocr_line' id='line_1_105' title="bbox 531 5580 2203 5676; baseline 0.014 -36"><span class='ocrx_word' id='word_1_741' title='bbox 531 5580 581 5617; x_wconf 75' lang='grc' dir='ltr'>⁸ο</span> <span class='ocrx_word' id='word_1_742' title='bbox 608 5587 999 5676; x_wconf 52' lang='lat' dir='ltr'>I.I&quot;I&quot;hess.“1_n,</span> <span class='ocrx_word' id='word_1_743' title='bbox 1030 5593 1115 5648; x_wconf 88' lang='grc'>10.</span> <span class='ocrx_word' id='word_1_744' title='bbox 1194 5591 1236 5626; x_wconf 72' lang='grc' dir='ltr'>εί</span> <span class='ocrx_word' id='word_1_745' title='bbox 1274 5594 1451 5652; x_wconf 89' lang='lat' dir='ltr'>Matth</span> <span class='ocrx_word' id='word_1_746' title='bbox 1509 5615 1563 5668; x_wconf 86' lang='grc' dir='ltr'>ν,</span> <span class='ocrx_word' id='word_1_747' title='bbox 1597 5600 1684 5655; x_wconf 77' lang='grc'>45.</span> <span class='ocrx_word' id='word_1_748' title='bbox 1762 5602 1809 5638; x_wconf 77' lang='grc'>⁸³</span> <span class='ocrx_word' id='word_1_749' title='bbox 1839 5602 2047 5661; x_wconf 86' lang='lat' dir='ltr'>Matth.</span> <span class='ocrx_word' id='word_1_750' title='bbox 2081 5623 2203 5676; x_wconf 81' lang='grc' dir='ltr'>νιιι,</span> 
     </span>
    </p>
   </div>
   <div class='ocr_carea' id='block_1_106' title="bbox 449 5651 965 5719">
    <p class='ocr_par' dir='ltr' id='par_1_106' title="bbox 449 5651 965 5719">
     <span class='ocr_line' id='line_1_106' title="bbox 449 5651 965 5719; baseline 0.006 -3"><span class='ocrx_word' id='word_1_751' title='bbox 449 5651 546 5706; x_wconf 69' lang='grc'><strong>14·</strong></span> <span class='ocrx_word' id='word_1_752' title='bbox 623 5656 671 5693; x_wconf 68' lang='grc' dir='ltr'>’θ</span> <span class='ocrx_word' id='word_1_753' title='bbox 700 5660 847 5718; x_wconf 87' lang='lat' dir='ltr'>Ibid.</span> <span class='ocrx_word' id='word_1_754' title='bbox 876 5662 965 5719; x_wconf 90' lang='grc'>17.</span> 
     </span>
    </p>
   </div>
   <div class='ocr_carea' id='block_1_107' title="bbox 2220 4676 3819 4754">
    <p class='ocr_par' dir='ltr' id='par_1_107' title="bbox 2220 4676 3819 4754">
     <span class='ocr_line' id='line_1_107' title="bbox 2220 4676 3819 4754; baseline 0 -19"><span class='ocrx_word' id='word_1_755' title='bbox 2220 4681 2709 4754; x_wconf 79' lang='lat' dir='ltr'>reSplendet,quis</span> <span class='ocrx_word' id='word_1_756' title='bbox 2738 4685 2962 4739; x_wconf 74' lang='lat' dir='ltr'>daemon</span> <span class='ocrx_word' id='word_1_757' title='bbox 2999 4688 3204 4741; x_wconf 88' lang='lat' dir='ltr'>contra</span> <span class='ocrx_word' id='word_1_758' title='bbox 3233 4690 3522 4754; x_wconf 89' lang='lat' dir='ltr'>occurret,</span> <span class='ocrx_word' id='word_1_759' title='bbox 3541 4699 3639 4740; x_wconf 87' lang='lat' dir='ltr'>nec</span> <span class='ocrx_word' id='word_1_760' title='bbox 3667 4676 3819 4752; x_wconf 80' lang='lat' dir='ltr'>potius</span> 
     </span>
    </p>
   </div>
   <div class='ocr_carea' id='block_1_108' title="bbox 2215 4772 3817 4846">
    <p class='ocr_par' dir='ltr' id='par_1_108' title="bbox 2215 4772 3817 4846">
     <span class='ocr_line' id='line_1_108' title="bbox 2215 4772 3817 4846; baseline -0.004 -19"><span class='ocrx_word' id='word_1_761' title='bbox 2215 4788 2456 4829; x_wconf 83' lang='lat' dir='ltr'>aversus</span> <span class='ocrx_word' id='word_1_762' title='bbox 2483 4774 2770 4846; x_wconf 77' lang='lat' dir='ltr'>aufugiat,</span> <span class='ocrx_word' id='word_1_763' title='bbox 2798 4774 2853 4830; x_wconf 90' lang='lat' dir='ltr'>in</span> <span class='ocrx_word' id='word_1_764' title='bbox 2878 4774 3084 4845; x_wconf 90' lang='lat' dir='ltr'>primis</span> <span class='ocrx_word' id='word_1_765' title='bbox 3117 4775 3166 4830; x_wconf 92' lang='lat' dir='ltr'>si</span> <span class='ocrx_word' id='word_1_766' title='bbox 3199 4774 3418 4832; x_wconf 84' lang='lat' dir='ltr'>talibus</span> <span class='ocrx_word' id='word_1_767' title='bbox 3443 4774 3616 4832; x_wconf 87' lang='lat' dir='ltr'>armis</span> <span class='ocrx_word' id='word_1_768' title='bbox 3640 4772 3817 4829; x_wconf 87' lang='lat' dir='ltr'>instru-</span> 
     </span>
    </p>
   </div>
   <div class='ocr_carea' id='block_1_109' title="bbox 2214 4857 3818 4934">
    <p class='ocr_par' dir='ltr' id='par_1_109' title="bbox 2214 4857 3818 4934">
     <span class='ocr_line' id='line_1_109' title="bbox 2214 4857 3818 4934; baseline -0.002 -17"><span class='ocrx_word' id='word_1_769' title='bbox 2214 4867 2342 4918; x_wconf 90' lang='lat' dir='ltr'>ctus</span> <span class='ocrx_word' id='word_1_770' title='bbox 2362 4862 2678 4918; x_wconf 84' lang='lat' dir='ltr'>orationem</span> <span class='ocrx_word' id='word_1_771' title='bbox 2712 4867 2768 4919; x_wconf 87' lang='lat' dir='ltr'>et</span> <span class='ocrx_word' id='word_1_772' title='bbox 2792 4864 3076 4934; x_wconf 80' lang='lat' dir='ltr'>jejunium</span> <span class='ocrx_word' id='word_1_773' title='bbox 3107 4863 3355 4920; x_wconf 87' lang='lat' dir='ltr'>asciscat</span> <span class='ocrx_word' id='word_1_774' title='bbox 3378 4864 3406 4919; x_wconf 78' lang='lat' dir='ltr'>‘l</span> <span class='ocrx_word' id='word_1_775' title='bbox 3426 4857 3818 4923; x_wconf 87' lang='lat' dir='ltr'>orationem,in-</span> 
     </span>
    </p>
   </div>
   <div class='ocr_carea' id='block_1_110' title="bbox 2212 4950 3819 5023">
    <p class='ocr_par' dir='ltr' id='par_1_110' title="bbox 2212 4950 3819 5023">
     <span class='ocr_line' id='line_1_110' title="bbox 2212 4950 3819 5023; baseline -0.001 -18"><span class='ocrx_word' id='word_1_776' title='bbox 2212 4966 2412 5021; x_wconf 87' lang='lat' dir='ltr'>quam,</span> <span class='ocrx_word' id='word_1_777' title='bbox 2448 4968 2559 5005; x_wconf 90' lang='lat' dir='ltr'>non</span> <span class='ocrx_word' id='word_1_778' title='bbox 2595 4951 2830 5023; x_wconf 85' lang='lat' dir='ltr'>qualem</span> <span class='ocrx_word' id='word_1_779' title='bbox 2903 4969 3007 5008; x_wconf 91' lang='lat' dir='ltr'>vos</span> <span class='ocrx_word' id='word_1_780' title='bbox 3061 4953 3351 5009; x_wconf 85' lang='lat' dir='ltr'>curiosius</span> <span class='ocrx_word' id='word_1_781' title='bbox 3409 4950 3693 5017; x_wconf 87' lang='lat' dir='ltr'>exercetis,</span> <span class='ocrx_word' id='word_1_782' title='bbox 3722 4957 3819 5016; x_wconf 61' lang='lat' dir='ltr'>qua:</span> 
     </span>
    </p>
   </div>
   <div class='ocr_carea' id='block_1_111' title="bbox 2211 5032 3821 5113">
    <p class='ocr_par' dir='ltr' id='par_1_111' title="bbox 2211 5032 3821 5113">
     <span class='ocr_line' id='line_1_111' title="bbox 2211 5032 3821 5113; baseline -0.006 -19"><span class='ocrx_word' id='word_1_783' title='bbox 2211 5038 2653 5095; x_wconf 83' lang='lat' dir='ltr'>reverainutilis</span> <span class='ocrx_word' id='word_1_784' title='bbox 2678 5049 2782 5108; x_wconf 84' lang='lat' dir='ltr'>est,</span> <span class='ocrx_word' id='word_1_785' title='bbox 2817 5054 2921 5096; x_wconf 91' lang='lat' dir='ltr'>nec</span> <span class='ocrx_word' id='word_1_786' title='bbox 2969 5041 3302 5113; x_wconf 80' lang='lat' dir='ltr'>eﬁ&#39;ugandis</span> <span class='ocrx_word' id='word_1_787' title='bbox 3333 5041 3687 5097; x_wconf 60' lang='lat' dir='ltr'>daemonibus</span> <span class='ocrx_word' id='word_1_788' title='bbox 3728 5032 3821 5087; x_wconf 88' lang='lat' dir='ltr'>ido-</span> 
     </span>
    </p>
   </div>
   <div class='ocr_carea' id='block_1_112' title="bbox 2215 5126 3821 5202">
    <p class='ocr_par' dir='ltr' id='par_1_112' title="bbox 2215 5126 3821 5202">
     <span class='ocr_line' id='line_1_112' title="bbox 2215 5126 3821 5202; baseline 0.001 -22"><span class='ocrx_word' id='word_1_789' title='bbox 2215 5143 2344 5181; x_wconf 81' lang='lat' dir='ltr'>nea.</span> <span class='ocrx_word' id='word_1_790' title='bbox 2379 5126 2485 5190; x_wconf 89' lang='lat' dir='ltr'>Qui</span> <span class='ocrx_word' id='word_1_791' title='bbox 2510 5127 2665 5184; x_wconf 89' lang='lat' dir='ltr'>enim</span> <span class='ocrx_word' id='word_1_792' title='bbox 2701 5128 2824 5184; x_wconf 89' lang='lat' dir='ltr'>ﬁeri</span> <span class='ocrx_word' id='word_1_793' title='bbox 2858 5132 3072 5201; x_wconf 84' lang='lat' dir='ltr'>potest,</span> <span class='ocrx_word' id='word_1_794' title='bbox 3108 5135 3172 5185; x_wconf 90' lang='lat' dir='ltr'>ut</span> <span class='ocrx_word' id='word_1_795' title='bbox 3230 5130 3330 5202; x_wconf 88' lang='lat' dir='ltr'>qui</span> <span class='ocrx_word' id='word_1_796' title='bbox 3394 5128 3717 5185; x_wconf 87' lang='lat' dir='ltr'>inﬁdelitate</span> <span class='ocrx_word' id='word_1_797' title='bbox 3750 5135 3821 5192; x_wconf 79' lang='lat' dir='ltr'>ge&#39;</span> 
     </span>
    </p>
   </div>
   <div class='ocr_carea' id='block_1_113' title="bbox 2217 5216 3820 5293">
    <p class='ocr_par' dir='ltr' id='par_1_113' title="bbox 2217 5216 3820 5293">
     <span class='ocr_line' id='line_1_113' title="bbox 2217 5216 3820 5293; baseline -0.001 -22"><span class='ocrx_word' id='word_1_798' title='bbox 2217 5216 2376 5282; x_wconf 86' lang='lat' dir='ltr'>stiat,</span> <span class='ocrx_word' id='word_1_799' title='bbox 2410 5233 2514 5272; x_wconf 88' lang='lat' dir='ltr'>nec</span> <span class='ocrx_word' id='word_1_800' title='bbox 2545 5218 2901 5289; x_wconf 85' lang='lat' dir='ltr'>baptismate</span> <span class='ocrx_word' id='word_1_801' title='bbox 2926 5220 3002 5275; x_wconf 88' lang='lat' dir='ltr'>sit</span> <span class='ocrx_word' id='word_1_802' title='bbox 3033 5220 3320 5290; x_wconf 84' lang='lat' dir='ltr'>expiatus,</span> <span class='ocrx_word' id='word_1_803' title='bbox 3352 5219 3577 5293; x_wconf 89' lang='lat' dir='ltr'>jejunio</span> <span class='ocrx_word' id='word_1_804' title='bbox 3632 5223 3680 5271; x_wconf 89' lang='lat' dir='ltr'>el</span> <span class='ocrx_word' id='word_1_805' title='bbox 3728 5225 3820 5267; x_wconf 72' lang='lat' dir='ltr'>ora-</span> 
     </span>
    </p>
   </div>
   <div class='ocr_carea' id='block_1_114' title="bbox 2212 5303 3819 5384">
    <p class='ocr_par' dir='ltr' id='par_1_114' title="bbox 2212 5303 3819 5384">
     <span class='ocr_line' id='line_1_114' title="bbox 2212 5303 3819 5384; baseline -0.003 -24"><span class='ocrx_word' id='word_1_806' title='bbox 2212 5305 2368 5362; x_wconf 88' lang='lat' dir='ltr'>tione</span> <span class='ocrx_word' id='word_1_807' title='bbox 2398 5309 2691 5364; x_wconf 74' lang='lat' dir='ltr'>dzemonas</span> <span class='ocrx_word' id='word_1_808' title='bbox 2721 5308 2934 5379; x_wconf 78' lang='lat' dir='ltr'>ejicere</span> <span class='ocrx_word' id='word_1_809' title='bbox 2966 5309 3175 5381; x_wconf 89' lang='lat' dir='ltr'>possit,</span> <span class='ocrx_word' id='word_1_810' title='bbox 3219 5309 3542 5384; x_wconf 87' lang='lat' dir='ltr'>quamlibet</span> <span class='ocrx_word' id='word_1_811' title='bbox 3594 5311 3647 5364; x_wconf 90' lang='lat' dir='ltr'>et</span> <span class='ocrx_word' id='word_1_812' title='bbox 3699 5303 3819 5358; x_wconf 80' lang='lat' dir='ltr'>fame</span> 
     </span>
    </p>
   </div>
   <div class='ocr_carea' id='block_1_115' title="bbox 2210 5385 3820 5471">
    <p class='ocr_par' dir='ltr' id='par_1_115' title="bbox 2210 5385 3820 5471">
     <span class='ocr_line' id='line_1_115' title="bbox 2210 5385 3820 5471; baseline -0.001 -22"><span class='ocrx_word' id='word_1_813' title='bbox 2210 5395 2742 5467; x_wconf 67' lang='lat' dir='ltr'>disrumpatumut</span> <span class='ocrx_word' id='word_1_814' title='bbox 2763 5398 3048 5456; x_wconf 89' lang='lat' dir='ltr'>orationis</span> <span class='ocrx_word' id='word_1_815' title='bbox 3071 5399 3444 5456; x_wconf 88' lang='lat' dir='ltr'>vehementia</span> <span class='ocrx_word' id='word_1_816' title='bbox 3463 5385 3820 5471; x_wconf 65' lang='lat' dir='ltr'>prafocetur?</span> 
     </span>
    </p>
   </div>
   <div class='ocr_carea' id='block_1_116' title="bbox 2210 5484 3815 5561">
    <p class='ocr_par' dir='ltr' id='par_1_116' title="bbox 2210 5484 3815 5561">
     <span class='ocr_line' id='line_1_116' title="bbox 2210 5484 3815 5561; baseline -0.001 -22"><span class='ocrx_word' id='word_1_817' title='bbox 2210 5484 2466 5548; x_wconf 87' lang='lat' dir='ltr'>Quorum</span> <span class='ocrx_word' id='word_1_818' title='bbox 2494 5484 2648 5542; x_wconf 90' lang='lat' dir='ltr'>enim</span> <span class='ocrx_word' id='word_1_819' title='bbox 2682 5487 2829 5542; x_wconf 85' lang='lat' dir='ltr'>ﬁdes</span> <span class='ocrx_word' id='word_1_820' title='bbox 2861 5488 3107 5561; x_wconf 77' lang='lat' dir='ltr'>reprobo</span> <span class='ocrx_word' id='word_1_821' title='bbox 3138 5495 3196 5545; x_wconf 92' lang='lat' dir='ltr'>et</span> <span class='ocrx_word' id='word_1_822' title='bbox 3228 5489 3463 5545; x_wconf 85' lang='lat' dir='ltr'>inﬁrma</span> <span class='ocrx_word' id='word_1_823' title='bbox 3489 5492 3589 5557; x_wconf 81' lang='lat' dir='ltr'>est,</span> <span class='ocrx_word' id='word_1_824' title='bbox 3621 5492 3815 5542; x_wconf 83' lang='lat' dir='ltr'>eorum-</span> 
     </span>
    </p>
   </div>
   <div class='ocr_carea' id='block_1_117' title="bbox 2233 5600 3811 5685">
    <p class='ocr_par' dir='ltr' id='par_1_117' title="bbox 2233 5600 3811 5685">
     <span class='ocr_line' id='line_1_117' title="bbox 2233 5600 3811 5685; baseline -0.005 -19"><span class='ocrx_word' id='word_1_825' title='bbox 2233 5610 2297 5664; x_wconf 86' lang='grc'>31</span> <span class='ocrx_word' id='word_1_826' title='bbox 2332 5626 2495 5682; x_wconf 87' lang='lat' dir='ltr'>seqq.</span> <span class='ocrx_word' id='word_1_827' title='bbox 2585 5609 2633 5647; x_wconf 70' lang='grc'><strong>⁸³</strong></span> <span class='ocrx_word' id='word_1_828' title='bbox 2662 5610 2873 5685; x_wconf 88' lang='lat' dir='ltr'>Ephes.</span> <span class='ocrx_word' id='word_1_829' title='bbox 2905 5630 2980 5683; x_wconf 83' lang='lat' dir='ltr'>vr,</span> <span class='ocrx_word' id='word_1_830' title='bbox 3015 5615 3101 5671; x_wconf 78' lang='lat' dir='ltr'>l2.</span> <span class='ocrx_word' id='word_1_831' title='bbox 3190 5615 3237 5650; x_wconf 77' lang='grc'>⁸⁴</span> <span class='ocrx_word' id='word_1_832' title='bbox 3266 5612 3412 5671; x_wconf 90' lang='lat' dir='ltr'>Ibid.</span> <span class='ocrx_word' id='word_1_833' title='bbox 3445 5614 3533 5669; x_wconf 73' lang='grc'>43.</span> <span class='ocrx_word' id='word_1_834' title='bbox 3624 5600 3811 5664; x_wconf 69' lang='lat' dir='ltr'>&#39;51bid.</span> 
     </span>
    </p>
   </div>
  </div>
