4054 6458
311 420 466 481 133⁵1

1650 408 2058 474 THESAURI
2104 413 2250 473 LIB.
2299 415 2401 475 IV.

3572 412 3729 475 1338

307 556 443 612 dem
471 569 704 626 quoque
737 567 912 624 opera
944 549 1174 605 inutilia
1206 551 1362 605 sunt.
1389 549 1547 616 Quod
1582 548 1628 603 si
1681 551 1854 617 Deus,
1899 549 1964 602 ut
1993 545 2044 613 Α
2076 548 2322 604 ccetihus
2355 549 2660 606 hominum
2695 553 2976 606 venentur
3006 567 3017 605 :
3053 548 3131 604 ita
3167 551 3230 605 ut
3265 549 3375 604 hoc
3408 552 3573 621 pacto
3605 566 3732 604 rur-

309 645 532 712 dicitis,
564 647 830 697 naturam
865 641 1184 694 humanam
1243 641 1572 694 daemonum
1635 641 1966 693 consortem

311 735 544 791 ratione
603 729 1089 800 transgressionis
1137 745 1264 783 esse
1333 728 1599 793 voluerit,
1661 727 1759 799 qui
1817 726 1965 794 ﬁeri,

311 839 538 896 quaeso,
574 821 851 892 potuit,ut.
880 819 1145 874 Christus
1177 824 1446 874 naturam
1483 818 1826 882 humanam,
1859 834 1966 871 us-

308 929 427 984 que
460 911 600 965 adeo
635 914 870 980 peccato
902 910 1246 978 subjectum,
1283 923 1465 977 usque
1508 908 1649 962 adeo
1685 904 1965 960 daemoni-

309 1001 424 1056 bus
455 1000 789 1064 obnoxiam,
849 997 1260 1068 assumpserit,
1323 1000 1401 1052 ita
1464 1004 1525 1051 ut
1581 997 1702 1065 ipse
1733 1012 1966 1067 quoque

297 1089 694 1161 malignorum
721 1087 1213 1158 adversorumque
1236 1086 1549 1158 spirituum
1578 1085 1963 1140 contuberna-

297 1179 376 1234 lis
409 1175 981 1250 deprehenderetur?
1014 1182 1082 1231 At
1114 1176 1219 1230 hoc
1272 1175 1510 1246 quidem
1561 1174 1811 1229 maxime
1863 1175 1964 1229 im-

301 1269 469 1342 pium
503 1275 610 1334 est,
645 1266 762 1320 imo
823 1283 854 1321 a
897 1265 1260 1320 daemonibus
1321 1265 1466 1335 ipsis
1523 1266 1849 1332 inventum,
1910 1269 1966 1319 et

298 1355 1039 1429 excogitatum.Hominem
1069 1359 1223 1410 certe
1281 1353 1770 1426 transgressionis
1823 1370 1959 1426 ergo

293 1449 476 1505 morti
497 1447 874 1503 adiudicavit.
896 1448 1023 1503 Jam
1048 1445 1275 1501 naturis
1296 1447 1466 1502 morti
1488 1445 1755 1501 obnoxiis
1779 1445 1962 1501 morbi

297 1538 622 1610 obrepunt.
657 1536 833 1592 Porro
861 1535 946 1591 vel
980 1535 1087 1591 hoc
1148 1539 1312 1606 pacto
1371 1551 1438 1589 ea
1492 1538 1778 1606 potestate
1819 1551 1965 1606 pras-

301 1628 464 1683 ditus
504 1627 678 1682 homo
702 1629 884 1696 est,ut
915 1625 1279 1680 daemonibus
1339 1623 1644 1688 insultare,
1689 1639 1866 1694 seque
1899 1641 1965 1680 ex

304 1716 546 1772 illorum
578 1715 806 1787 laqueis
845 1715 1117 1786 expedire
1148 1714 1350 1786 possit,
1375 1713 1425 1769 si
1459 1713 1630 1768 modo
1687 1715 1780 1769 Dei
1821 1731 1966 1785 prae-

304 1807 497 1878 ceptis
529 1805 770 1876 obsequi
806 1809 1032 1876 pergat,
1057 1805 1303 1874 ejusque
1338 1802 1628 1857 mandatis
1653 1803 1962 1876 obtempe-

302 1902 414 1955 ret.
452 1893 822 1951 Daemonibus
874 1893 981 1948 hoc
1039 1892 1293 1946 vicissim
1354 1893 1557 1946 datum
1590 1897 1698 1958 est,
1733 1897 1793 1947 ut
1827 1909 1962 1948 cum

300 2001 474 2042 camo
507 1989 562 2039 et
594 1986 775 2051 freno,
810 1982 1028 2054 quibus
1063 1998 1168 2036 nos
1231 1999 1264 2034 a
1312 1981 1428 2036 Deo
1460 1981 1817 2045 distrahunt,
1850 1981 1957 2036 ali--

299 2074 543 2148 quando
578 2073 746 2128 nobis
773 2074 843 2128 ob
877 2071 1079 2127 oculos
1110 2069 1792 2142 proponant.aliquando
1813 2069 1960 2125 clam

300 2167 647 2234 suggerant,
698 2162 1009 2233 aliquando
1067 2161 1320 2232 denique
1387 2158 1589 2215 dolose
1659 2158 1957 2230 simulent,

298 2254 597 2326 taciteque
629 2251 948 2308 obtrudant
979 2265 1342 2323 quaecuaque
1374 2266 1406 2304 a
1465 2252 1616 2305 recto
1649 2248 1870 2303 tramite
1900 2247 1959 2303 in

302 2342 628 2416 praecipitia
661 2341 923 2397 trahunt.

381 2459 468 2512 10.
501 2457 716 2529 Papia!
775 2462 1063 2529 quantum
1121 2456 1384 2512 deliratis
1441 2457 1642 2523 etiam,
1702 2471 1836 2510 cum
1889 2471 1962 2510 ne

300 2549 482 2602 Verbi
544 2548 772 2618 quidem
815 2552 1034 2618 mystas
1102 2551 1159 2600 et
1217 2545 1458 2600 comites
1519 2562 1592 2608 a,
1627 2545 1958 2600 demonum

306 2643 599 2712 potestate
631 2638 845 2692 liberos
877 2636 1057 2692 fuisse
1087 2635 1280 2690 dicitis
1307 2636 1318 2689 l
1353 2639 1562 2700 Ecsne,
1595 2651 1627 2689 o
1671 2639 1757 2688 ter
1799 2651 1959 2688 exse-

306 2725 646 2796 crandi,qui
669 2725 962 2779 daemonas
983 2722 1332 2793 ejiciebant‘?
1353 2722 1454 2794 qui
1476 2721 1561 2777 vel
1577 2721 1718 2778 solis
1733 2721 1960 2777 umbris

298 2816 572 2871 inﬁrmos
603 2813 931 2869 curabant?
961 2812 1060 2884 qui
1093 2813 1388 2868 dzamonas
1421 2827 1822 2884 empenumero
1843 2829 1956 2866 non

296 2922 475 2962 secus
503 2909 677 2974 atque
708 2902 844 2957 vilia
876 2903 1166 2972 mancipia
1193 2902 1593 2970 increpabant,
1644 2902 1745 2973 qui
1796 2919 1956 2958 scor-

300 2995 431 3066 pios
456 2999 510 3047 et
543 2997 866 3062 serpentes,
899 3008 1128 3046 omnem
1180 2991 1433 3063 denique
1484 2991 1705 3046 inimici
1762 3001 1958 3063 poten—

299 3085 445 3142 tiam
482 3082 731 3153 pedibus
765 3080 1240 3151 proterebant?0
1281 3080 1475 3136 scelus
1509 3079 1670 3136 nulla
1694 3099 1951 3152 unquam

291 3174 467 3229 venia
498 3170 782 3242 dignum!
819 3187 851 3225 o
885 3170 1106 3225 dictum
1139 3171 1210 3224 ab
1243 3171 1402 3224 omni
1429 3170 1647 3225 ratione
1671 3170 1952 3240 alienum,

288 3260 470 3329 cujus
502 3261 766 3312 auctores
799 3255 960 3326 digni
994 3260 1151 3326 sunt,
1210 3257 1310 3328 qui
1371 3259 1586 3329 pugnis
1644 3258 1956 3313 conﬁcian-
1986 3277 2029 3342 ρ

293 3353 414 3404 tur.

371 3475 458 3530 11.
495 3472 999 3538 Quemadmodum
1033 3472 1072 3526 ii
1107 3487 1338 3543 quoque
1370 3473 1469 3543 qui
1501 3473 1727 3541 dicunt,
1748 3475 1820 3530 ab
1851 3491 1950 3531 eo-

286 3579 428 3621 rum
464 3564 683 3630 anima,
717 3562 815 3633 qui
850 3562 1004 3634 quod
1037 3560 1296 3624 ἀπάθειαν
1358 3561 1554 3633 adepti
1609 3569 1769 3630 sunt,
1821 3581 1948 3634 per-

286 3651 428 3709 fecti
466 3651 625 3722 apud
657 3669 757 3705 vos
791 3649 1105 3718 habentur,
1137 3653 1254 3706 tale
1279 3651 1638 3707 consortium
1671 3667 1740 3708 ex
1786 3652 1949 3707 cmte-

285 3743 406 3799 stis
446 3741 652 3811 Sponsi
718 3742 1025 3812 praesentia
1081 3739 1323 3812 percipi,
1381 3739 1555 3812 quale
1611 3741 1828 3798 femina
1884 3759 1951 3796 ex

290 3834 491 3888 mariti
525 3831 825 3903 complexu
890 3831 1182 3902 percipere
1237 3830 1406 3886 solet.
1439 3831 1482 3887 Ο
1538 3838 1790 3901 apertam
1849 3834 1948 3888 de-

290 3923 603 3993 mentium,
666 3940 765 3978 seu
839 3924 1032 3994 potius
1117 3924 1612 3996 comparationem
1701 3926 1950 3980 maxime

294 4014 564 4070 omnium
599 4014 914 4069 absurdam
945 4013 957 4068 l
1009 4014 1060 4067 si
1119 4013 1325 4069 saltem
1357 4013 1629 4084 ignorent
1676 4032 1737 4070 se
1775 4015 1951 4071 rebus

298 4103 521 4160 divinis
554 4109 608 4157 et
639 4103 985 4158 castissimis
1010 4119 1075 4158 eo
1096 4102 1512 4158 contumeliam
1536 4104 1762 4168 ati'erre,
1794 4107 1947 4176 quod

297 4210 404 4250 eas
445 4209 576 4247 cum
607 4191 855 4262 pathicis
877 4197 932 4245 et
963 4191 1222 4246 venereis
1265 4191 1556 4246 illecebris
1604 4193 1904 4247 conferant
1935 4210 1947 4249 :

294 4279 720 4354 pueritiumque
802 4277 1196 4349 cylindrorum
1275 4277 1469 4334 ﬂuxus
1511 4278 1786 4334 eﬁ'renata
1845 4297 1952 4335 sua

295 4369 548 4427 audacia
601 4366 1120 4438 coniunctionibus
1192 4367 1266 4421 iis
1324 4369 1619 4439 adaptent,
1682 4384 1810 4440 qua:
1878 4371 1950 4425 ab

292 4458 602 4517 effectibus
637 4457 971 4529 hujusmoili
1030 4456 1405 4513 alienissimae
1464 4463 1605 4513 sunt
1638 4474 1650 4512 :
1687 4459 1736 4514 si
1793 4461 1952 4516 deni-

298 4565 417 4621 que
449 4564 540 4602 res
572 4547 794 4602 divinas
829 4563 941 4618 pra
970 4546 1264 4617 imperitia
1294 4562 1426 4602 cum
1485 4547 1761 4604 humanis
1791 4565 1953 4605 com-

296 4645 527 4712 parent.

377 4739 462 4790 12.
498 4737 613 4792 Nec
636 4753 766 4793 vero
815 4755 847 4792 a
893 4735 1301 4809 praedictorum
1337 4736 1700 4809 blasphemia
1732 4739 1946 4795 abhor-

296 4834 406 4896 ret,
441 4829 592 4900 quod
622 4827 818 4883 dicitis
849 4829 1106 4883 animam
1131 4828 1280 4898 ejus,
1313 4829 1411 4899 qui
1465 4830 1626 4901 prius
1680 4831 1756 4885 sit
1814 4827 1944 4883 ἄπά-

293 4921 442 4972 θειαν
474 4918 913 4981 οοηςθουῐυε,ἱη
940 4917 1192 4972 divinam
1219 4919 1598 4973 transmutari
1617 4924 1888 4975 naturam
1927 4936 1939 4975 :

287 5009 368 5063 ita
397 5016 456 5062 ut
490 5016 680 5061 vestra
713 5005 813 5061 illa
845 5005 1330 5062 decantatissima
1387 5006 1568 5063 oratio
1611 5024 1709 5064 eos
1767 5009 1941 5065 etiam

290 5099 393 5170 qui
426 5099 506 5153 dii
540 5103 751 5152 natura
781 5101 921 5152 sunt
945 5097 1220 5168 proferre,
1255 5102 1430 5168 atque
1467 5099 1753 5170 gregatim
1787 5101 1940 5170 apud

287 5206 415 5252 vos,
450 5205 481 5243 ο
516 5187 744 5243 ridiculi
767 5186 1057 5252 homines,
1091 5187 1260 5258 quasi
1293 5186 1648 5258 quibusdam
1695 5189 1942 5245 stabulis

288 5277 467 5335 simul
529 5277 826 5332 includere
887 5275 1088 5330 norit:
1145 5276 1244 5347 qui
1306 5293 1419 5332 non
1475 5277 1668 5333 solum
1702 5279 1942 5334 deorum

287 5369 620 5422 Graecorum
672 5365 1109 5421 multitudinem
1171 5381 1414 5421 numero
1476 5373 1774 5438 superent,
1841 5369 1941 5424 sed

279 5458 452 5512 etiam
474 5455 610 5527 quia
632 5456 850 5526 gradus
872 5470 1073 5510 eorum
1095 5453 1153 5508 in
1179 5454 1389 5526 primis
1409 5456 1780 5513 accubitibus
1804 5473 1942 5513 con-

282 5545 518 5614 sistant,
552 5544 608 5598 in
641 5560 828 5616 eoque
853 5545 1004 5614 quod
1039 5544 1209 5599 sedes
1267 5545 1488 5615 primas
1547 5545 1606 5600 in
1673 5546 1854 5603 omnis
1886 5551 1945 5603 et

350 5715 393 5749 ⁸⁷
424 5716 590 5774 Joan.
623 5731 744 5786 xw,
774 5715 863 5772 83.
939 5715 986 5752 ⁸⁸
1031 5718 1172 5774 Gen.
1206 5734 1263 5788 ιι,
1295 5718 1350 5774 7.
1428 5717 1473 5754 ⁸³
1502 5717 1710 5776 Matth.
1742 5735 1800 5787 ι,
1830 5718 1922 5774 28.

2077 654 2208 693 sum
2244 641 2523 696 mortales
2555 641 2825 707 evadant,
2889 657 2993 696 nec
3046 642 3171 711 jam
3217 639 3336 694 ulla
3388 640 3442 693 in
3484 640 3731 694 admirati

2079 727 2232 782 tione
2293 728 2428 797 sint,
2491 731 2590 785 sed
2655 729 2952 784 mirabiles
3023 731 3214 799 potius
3271 730 3598 794 videantur,
3657 731 3730 784 ob

2075 815 2504 873 deificaticncm
2588 820 2766 883 illam,
2829 837 2957 890 quae
3016 820 3072 874 in
3129 835 3226 874 ore
3280 825 3367 875 est
3425 820 3582 874 omni
3636 836 3731 890 po-

2076 904 2232 976 pulo.

2149 996 2236 1049 13.
2271 1001 2546 1052 Praaterea
2571 999 2690 1053 ﬁeri
2713 1015 2880 1070 posse
2900 998 3115 1063 dicitis,
3152 1003 3216 1052 ut
3259 999 3430 1053 homo
3470 998 3568 1069 qui
3591 996 3729 1050 ἀπά-

2075 1083 2219 1136 θειαν
2242 1092 2488 1142 vestram
2516 1089 2596 1142 sit
2616 1088 3076 1159 adeptus.divini
3101 1088 3356 1158 Spiritus
3385 1088 3726 1159 hypostasin

2075 1189 2250 1228 sensu
2277 1175 2404 1246 ipso
2425 1181 2480 1230 et
2503 1178 2808 1248 perspicue
2858 1176 3159 1248 percipiat.
3194 1177 3309 1231 Hoc
3360 1182 3551 1231 autem
3603 1177 3727 1248 qui,

2074 1280 2293 1334 quaeso,
2331 1265 2449 1320 ﬁeri
2474 1268 2896 1338 potesl?quove
2914 1267 3043 1320 ﬁdei
3061 1279 3192 1321 ante
3207 1267 3355 1336 iacto
3392 1267 3734 1322 fundamen-

2075 1353 2181 1408 to?
2210 1352 2352 1408 Nam
2390 1371 2496 1410 nos
2527 1356 2700 1409 etiam
2739 1355 2990 1410 dicimus
3025 1360 3081 1410 et
3127 1356 3442 1422 credimus,
3467 1356 3618 1425 quod
3655 1356 3726 1410 iis

2076 1441 2177 1510 qui
2209 1443 2532 1512 expiatione
2565 1442 2824 1514 legitima
2853 1443 3063 1514 expiati
3127 1448 3286 1512 sunt,
3339 1445 3533 1499 nescio
3575 1461 3727 1514 quae,

2075 1544 2189 1584 non
2222 1530 2411 1585 dicam
2449 1532 2815 1604 hypostatica
2863 1549 2964 1588 seu
3027 1531 3353 1604 personalis
3401 1531 3724 1598 descensio,

2075 1617 2178 1672 sed
2209 1618 2415 1684 Patris,
2452 1619 2602 1687 Filii,
2636 1624 2692 1676 et
2723 1621 2977 1691 Spiritus
3038 1621 3223 1676 sancti
3285 1620 3594 1692 praesentia
3623 1621 3726 1675 ob-

2074 1705 2280 1778 tingit:
2319 1712 2486 1778 prout
2519 1709 2796 1764 Dominus
2829 1726 3064 1781 quoque
3095 1709 3274 1764 dixit:
3311 1712 3417 1780 Ego
3460 1717 3512 1764 et
3562 1711 3731 1766 Pater

2073 1799 2374 1863 veniemus,
2436 1804 2486 1854 et
2524 1802 2870 1856 mansionem
2920 1800 3066 1872 apud
3115 1817 3239 1855 cum
3269 1802 3544 1870 faciemus
3573 1798 3641 1867 8⁷,
3675 1806 3732 1855 et

2076 1891 2248 1958 prout
2269 1887 2442 1944 homo
2472 1888 2572 1945 Dei
2631 1905 2812 1960 capax
2862 1906 2990 1945 esse
3044 1893 3252 1960 potest.
3287 1894 3463 1944 Porro
3497 1906 3609 1944 non
3642 1893 3731 1944 est

2074 1991 2142 2030 ea
2163 1982 2365 2031 creatas
2393 1983 2615 2032 natura:
2638 1979 2722 2033 vis
2745 1983 2810 2032 ut
2849 1978 3222 2034 Divinitatem
3271 1979 3483 2034 intueri
3529 1984 3723 2048 rlueat,

2073 2070 2247 2134 prout
2267 2070 2476 2119 natura
2507 2083 2570 2122 se
2603 2067 2797 2132 habet,
2831 2067 2969 2138 quia
3020 2067 3300 2120 nimirum
3351 2068 3640 2122 immensa
3670 2072 3725 2122 et

2070 2151 2301 2206 inﬁnita
2331 2159 2438 2208 est.

2144 2241 2228 2295 14.
2265 2242 2412 2305 Quid
2445 2243 2636 2298 verbis
2667 2259 2814 2314 opus
2847 2243 2982 2297 est?
3004 2243 3335 2298 Graecorum
3364 2249 3516 2299 certe
3559 2245 3721 2300 fabu-

2072 2327 2329 2384 lamenta
2362 2330 2652 2399 redoletis,
2686 2348 2820 2386 cum
2872 2331 3095 2387 homini
3147 2334 3295 2388 duas
3342 2350 3469 2389 esse
3518 2335 3728 2389 debere

2072 2420 2301 2474 animas
2365 2421 2739 2488 contenditis,
2795 2438 3040 2491 quarum
3127 2421 3306 2477 altera
3384 2423 3726 2478 hominibus

2072 2508 2423 2577 communis,
2455 2510 2634 2565 altera
2688 2527 2824 2566 vero
2884 2510 3132 2567 caelestis
3188 2511 3453 2567 exsistat.
3509 2511 3723 2567 Verum

2071 2598 2368 2653 enimvero
2401 2597 2564 2652 nulla
2613 2598 2749 2653 huic
2809 2606 3135 2654 commento
3195 2598 3492 2654 subtilitas
3551 2601 3722 2655 inest.

2071 2685 2156 2742 Illi
2191 2687 2349 2741 enim
2412 2686 2653 2742 alteram
2726 2688 3104 2756 luminosam,
3165 2688 3406 2743 alteram
3464 2689 3722 2744 tenebri~

2069 2794 2454 2844 cosam,esse
2489 2778 2708 2833 dicunt.
2770 2783 3050 2835 Caeterum
3113 2780 3314 2835 ambas
3382 2780 3558 2835 simul
3623 2781 3722 2835 uni

2069 2863 2376 2935 eidemque
2411 2865 2634 2919 homini
2668 2882 2780 2920 non
2817 2868 3164 2934 attribuunt,
3201 2868 3300 2922 sed
3364 2868 3620 2923 vicissim
3668 2873 3726 2923 et

2069 2951 2429 3008 alternative.
2460 2953 2576 3007 Vos
2635 2959 2827 3009 autem
2885 2955 2994 3010 hoc
3044 2972 3276 3027 quoque
3318 2956 3531 3022 dicitis,
3565 2958 3719 3028 quod

2069 3044 2441 3100 auditoribus
2476 3044 2714 3100 tredium
2777 3046 3023 3102 afferat:
3075 3049 3375 3117 Inspiravif
3434 3049 3612 3116 enim,
3660 3052 3724 3102 ut

2068 3137 2253 3190 Moses
2291 3137 2390 3200 ait,
2422 3135 2480 3188 in
2509 3137 2714 3206 [aciem
2765 3136 2883 3198 eius
2935 3135 3279 3206 spiraculum
3323 3138 3447 3191 vita:
3493 3135 3558 3191 ⁸⁸.
3593 3137 3722 3192 Haec

2059 3225 2186 3295 jam
2225 3241 2340 3279 una
2367 3229 2456 3278 est
2503 3224 2719 3279 anima.
2778 3225 3047 3281 Christus
3092 3227 3228 3279 item
3280 3227 3339 3281 in
3391 3227 3720 3297 Evangeliis

2059 3315 2251 3384 inquit
2281 3331 2297 3366 :
2331 3315 2506 3369 Nolite
2534 3317 2726 3370 limere
2754 3331 2864 3381 eos,
2902 3317 2996 3387 qui
3048 3315 3301 3371 occidunt
3349 3331 3564 3387 corpus,
3597 3316 3718 3370 ani-

2057 3419 2206 3458 mam
2238 3409 2420 3458 autem
2453 3405 2700 3460 occidere
2731 3421 2836 3460 non
2892 3408 3118 3476 possunt
3171 3404 3238 3460 8°.
3295 3407 3364 3461 Et
3410 3406 3627 3460 Paulus
3659 3407 3717 3461 in

2053 3491 2300 3558 Troade,
2338 3492 2436 3547 ubi
2470 3493 2540 3549 de
2573 3494 2853 3565 Eutychio
2916 3494 3014 3549 illo
3074 3495 3247 3550 verba
3306 3494 3464 3563 facit,
3501 3495 3597 3566 qui
3649 3497 3720 3550 de

2055 3582 2228 3637 tertio
2261 3581 2559 3637 caenaculo
2610 3583 2901 3638 deciderat
2939 3600 2951 3637 :
3010 3585 3189 3639 Nolite
3234 3585 3478 3654 turbari,
3529 3602 3720 3641 amma

2053 3673 2202 3724 enim
2237 3672 2412 3740 ipsius
2445 3672 2506 3726 in
2531 3673 2645 3742 ipso
2669 3679 2747 3726 est
2778 3671 2842 3726 νο.
2879 3671 2990 3726 Sed
3044 3673 3245 3728 nullus
3275 3673 3469 3728 adhuc
3502 3678 3602 3728 aut
3633 3675 3717 3728 in-

2055 3764 2143 3814 ter
2163 3759 2482 3816 Christiani
2512 3760 2806 3831 dogmatis
2832 3762 3124 3825 homines,
3148 3768 3245 3817 aut
3268 3763 3421 3817 inter
3446 3767 3717 3819 externos

2055 3849 2327 3904 inventus
2359 3855 2466 3916 est,
2500 3851 2596 3921 qui
2633 3847 2889 3924 δίψυχον,
2959 3851 3067 3907 hoc
3125 3857 3212 3908 est
3265 3853 3462 3907 anima
3495 3852 3712 3924 duplici

2056 3938 2365 4010 praeditum
2399 3954 2523 3992 esse
2558 3939 2788 3994 dixerit.

2133 4027 2215 4081 15.
2249 4031 2465 4082 Praeter
2495 4027 2616 4096 illa,
2679 4047 2808 4101 quas
2869 4048 2901 4085 a
2958 4048 3050 4085 me
3090 4033 3338 4086 adducta
3370 4037 3527 4097 sunt,
3561 4034 3716 4087 fama

2057 4116 2484 4182 circumfertur,
2517 4117 2907 4192 εὐνουχισμόν,
2964 4121 3066 4175 hoc
3113 4126 3201 4176 est
3245 4122 3494 4176 virilium
3533 4139 3720 4177 mem-

2056 4206 2292 4262 brorum
2319 4207 2728 4278 exsectionem,
2759 4209 2875 4264 illis
2909 4211 3060 4280 apud
3089 4226 3192 4265 vos
3253 4211 3714 4282 haudquaquam

2057 4296 2374 4360 accenseri,
2412 4314 2535 4366 quae
2569 4299 2766 4366 procul
2802 4315 2834 4353 a
2876 4299 3130 4354 ccetibus
3188 4299 3491 4354 hominum
3529 4299 3717 4370 aspel-

2055 4384 2226 4442 lenda
2257 4387 2633 4442 sint.Vellem
2669 4388 2868 4459 igitur,
2917 4390 3188 4460 quamvis
3216 4391 3558 4462 hujusmodi
3587 4397 3716 4446 voto

2055 4479 2264 4531 natura
2290 4475 2549 4530 humana
2584 4476 2888 4533 mutilctur
2917 4485 2972 4533 et
3005 4478 3385 4550 adulteretur,
3421 4489 3480 4536 ut
3524 4486 3716 4536 vestra

2057 4581 2350 4637 synagoga
2382 4566 2452 4620 ab
2485 4566 2558 4620 iis
2588 4567 2861 4622 omnibus
2913 4569 3172 4624 exscindi
3227 4575 3442 4641 posset,
3498 4571 3711 4638 quibus

1979 4638 2026 4702 D
2057 4658 2267 4709 natura
2299 4655 2623 4710 membrum
2658 4655 2808 4710 illud
2835 4657 3086 4724 arrexit;
3131 4638 3305 4728 atque
3357 4659 3441 4712 ita
3480 4658 3712 4729 generis

2062 4744 2430 4798 successione
2467 4744 2671 4814 privati
2730 4760 2961 4814 pessum
3017 4762 3258 4816 prorsus
3320 4762 3450 4818 cum
3503 4747 3715 4801 vestris

2055 4832 2346 4902 dogmatis
2379 4831 2687 4886 daremini.

2125 4927 2244 4993 Ego
2276 4938 2409 4977 vero
2445 4923 2561 4976 haec
2595 4937 2826 4993 quoque
2878 4923 2948 4976 ab
2999 4921 3115 4977 illis
3152 4927 3207 4978 et
3245 4923 3379 4992 dici,
3415 4932 3465 4978 et
3498 4924 3717 4996 doceri,

2055 5012 2342 5067 referente
2371 5013 2646 5082 quodam,
2687 5012 2787 5081 qui
2820 5012 2892 5068 ab
2927 5012 3010 5066 eis
3041 5013 3317 5070 seductus
3353 5017 3558 5082 fuerat,
3590 5015 3712 5071 viro

2053 5099 2329 5170 litterato,
2365 5105 2423 5156 et
2455 5101 2609 5172 apud
2640 5101 2980 5157 Pontificem
3013 5102 3304 5172 instituto,
3349 5105 3567 5177 accepi,
3611 5106 3712 5177 qui

2053 5191 2347 5262 quomodo
2381 5206 2518 5261 erga
2542 5206 2634 5244 me
2669 5190 3033 5261 sitall‘ectus,
3067 5193 3292 5264 ignoro.
3328 5194 3400 5250 Se
3449 5195 3604 5250 enim
3639 5195 3714 5250 ab

2053 5279 2287 5335 illorum
2323 5280 2577 5346 doctore,
2615 5281 2956 5337 monasticis
2978 5283 3240 5337 vestibus
3273 5283 3500 5348 induto,
3535 5291 3711 5354 atque

2055 5369 2120 5424 ad
2158 5369 2546 5424 sacerdotium
2583 5374 2875 5440 provecto,
2907 5376 2966 5425 et
3001 5377 3337 5427 sanctorum
3367 5373 3709 5444 Evangelia-

2055 5475 2182 5514 rum
2216 5459 2430 5514 librum
2465 5475 2577 5529 prae
2611 5459 2885 5517 manibus
2931 5461 3204 5531 habente,
3257 5462 3349 5518 his
3393 5462 3712 5540 compella-

2055 5552 2182 5605 tum
2217 5548 2411 5605 verbis
2437 5548 2716 5606 reterebat
2741 5565 2754 5606 :
