4054 6448
282 396 435 457 1341

1633 392 2041 455 THESAURI
2089 395 2232 457 LIB.
2265 397 2370 462 IV.

3543 403 3696 464 1342

281 539 494 594 eborea
523 537 581 590 et
611 532 923 591 saltatione
971 533 1156 588 Deum
1187 531 1428 604 hymnis
1469 535 1527 588 et
1565 531 1808 589 canticis
1839 547 1936 588 ce-
1964 535 2012 602 Α
2049 551 2436 611 quaecumque
2464 541 2536 597 de
2557 541 2785 612 judicio
2843 542 3040 600 futuro
3109 546 3165 598 et
3221 541 3702 600 decantatissima

286 626 551 681 lebrent:
585 625 657 680 ad
691 624 851 680 illius
917 624 1197 679 nimirum
1257 622 1478 676 choreae
1530 623 1940 688 imitationem,

285 732 459 787 quam
495 715 626 769 sinu
659 714 842 770 maris
877 713 1058 769 Rubri
1089 713 1354 784 trajecto,
1385 716 1575 770 Moses
1607 717 1664 768 et
1690 713 1819 784 ejus
1842 729 1938 770 so-

285 822 381 863 ror
411 805 595 861 Maria
625 804 1030 861 instituerunt.

597 933 870 988 Haereseos
896 928 1266 1002 praecedentis
1295 931 1620 1001 con/Matio.

362 1053 556 1107 Vetera
575 1049 990 1120 prmteriernnt,
1024 1063 1144 1103 ecce
1173 1063 1324 1103 nova
1351 1049 1508 1117 facta
1531 1049 1663 1101 sunt
1680 1047 1863 1101 omnia
1889 1047 1941 1114 ε,

285 1140 593 1210 litteraque
646 1139 928 1193 decedens
1011 1138 1284 1210 spiritum
1347 1137 1616 1194 libertate
1680 1139 1940 1195 donavit°

286 1231 489 1302 Itaque
521 1247 628 1285 non
682 1231 808 1299 jam
869 1227 1060 1296 nobis,
1112 1229 1212 1300 qui
1259 1229 1468 1301 spiritu
1528 1229 1780 1302 agimur,
1843 1233 1944 1284 aut

286 1319 449 1376 chori
483 1317 877 1384 instaurandi,
926 1321 1027 1372 aut
1072 1318 1296 1372 cantica
1339 1318 1702 1374 concinenda
1756 1323 1941 1375 sunt:

286 1412 387 1466 sed
419 1409 617 1482 potius
647 1413 824 1463 Deum
875 1408 1047 1463 corde
1099 1408 1387 1476 conﬁteri,
1434 1409 1682 1481 ejusque
1716 1409 1946 1481 magni—

288 1501 396 1556 fica
427 1515 602 1572 opera
628 1515 725 1554 ore
758 1513 988 1567 canere,
1023 1501 1245 1552 stantes
1288 1498 1346 1552 in
1399 1498 1640 1570 templis
1685 1515 1820 1554 cum
1871 1498 1943 1554 ti-

288 1606 447 1646 more
477 1592 535 1644 et
563 1587 766 1644 habitu
798 1587 1101 1658 religionis
1136 1587 1350 1657 indice,
1383 1603 1491 1643 nos
1543 1588 1808 1644 addecet.
1841 1587 1949 1644 Ne-

287 1696 426 1752 gare
456 1679 642 1735 obiter
688 1693 1005 1750 possumus
1054 1677 1304 1732 feminas
1361 1681 1492 1748 post
1549 1677 1947 1750 ZEgyptiorum

291 1766 763 1826 submersionem
795 1764 935 1820 viris
985 1764 1299 1834 permistas
1357 1763 1680 1829 saltavissc,
1717 1780 1948 1837 unaque

288 1874 417 1915 cum
477 1856 594 1912 illis
653 1855 769 1911 Deo
829 1853 1050 1924 gratias
1099 1853 1498 1909 concinuisse.
1533 1858 1732 1910 Mosen
1790 1855 1944 1910 enim

287 1962 554 2004 seorsum
617 1961 750 2000 cum
809 1943 948 1998 viris
1027 1943 1322 1998 canticum
1384 1941 1749 2014 trajectionis
1807 1943 1948 1999 ceci-

286 2038 470 2103 nisse,
499 2049 757 2090 sororem
786 2049 918 2086 vero
950 2033 1081 2102 ejus
1130 2031 1368 2086 Mariam
1420 2047 1555 2086 cum
1604 2031 1826 2086 caeteris
1862 2033 1945 2088 fe-

290 2126 468 2182 minis
498 2123 739 2179 choreas
799 2122 1161 2176 instaurasse
1210 2136 1344 2176 vero
1405 2119 1659 2176 similius
1718 2129 1822 2175 est.
1867 2121 1948 2176 Ex

292 2231 404 2286 quo
435 2214 501 2268 fit
529 2217 592 2266 ut
623 2227 750 2283 quae
784 2211 854 2264 ab
887 2210 1076 2266 Ecetis
1109 2209 1516 2280 designantur,
1552 2214 1946 2282 praeterquam

290 2303 443 2376 quod
476 2303 547 2357 ab
597 2300 910 2372 iniquitate
967 2299 1069 2356 illa
1122 2299 1476 2371 discrepent,
1524 2316 1556 2354 a
1607 2304 1944 2355 sanctorum

291 2407 526 2464 quoque
557 2395 797 2446 Patrum
829 2397 883 2445 et
914 2406 947 2445 a
978 2389 1196 2445 nostris
1227 2389 1488 2462 ipsorum
1531 2390 1946 2446 traditionibus

292 2479 484 2537 aliena
515 2479 654 2538 sint.

887 2567 1039 2623 CAP.
1075 2567 1344 2624 XXXIX.

307 2678 598 2735 Tricesima
642 2693 790 2735 nona
850 2676 1100 2741 hxresis,
1162 2675 1668 2732 Gnosimachorum.
1721 2677 1786 2732 Hi
1842 2693 1949 2734 un.

1005 2754 1234 2817 guntur.

366 2856 746 2914 Gnosimachi
804 2855 989 2912 cuivis
1047 2855 1485 2913 Christianismi
1543 2855 1865 2928 cognitioni
1894 2862 1950 2914 et

291 2947 548 3004 scientiae
582 2945 882 3015 resistunt,
933 2943 1180 3016 illosque
1223 2944 1439 3000 frustra
1485 2944 1749 3002 laborare
1791 2963 1949 3003 asse-

291 3041 452 3105 runt,
478 3035 579 3108 qui
627 3034 807 3091 sacris
833 3034 889 3089 in
910 3033 1228 3106 Scripturis
1279 3034 1584 3092 scientiam
1622 3041 1719 3091 aut
1749 3036 1952 3108 cogni—

293 3127 510 3182 tionem
542 3124 919 3197 investigant,
952 3140 1088 3179 cum
1143 3123 1470 3196 praesertim
1521 3142 1555 3180 a
1597 3125 1950 3182 Christianis

297 3217 447 3272 Deus
478 3219 686 3286 praeter
716 3213 871 3269 bona
901 3229 1096 3285 opera,
1133 3212 1279 3268 nihil
1312 3215 1573 3284 requirat
1602 3231 1614 3269 :
1652 3217 1716 3269 ut
1747 3216 1825 3270 sit
1855 3231 1946 3270 sa-

2048 625 2150 682 illa
2182 629 2603 686 resurrectione
2632 633 2964 687 traduntur.
2992 633 3140 688 Nam
3173 632 3222 688 si
3255 631 3530 687 mortales
3561 637 3704 689 sunt

2047 716 2276 787 animm,
2309 718 2468 774 nullo
2526 736 2770 792 prorsus
2830 723 3003 777 modo
3068 721 3127 777 in
3180 721 3474 793 judicium
3507 738 3701 778 resur-

2047 811 2202 877 gent,
2236 823 2342 864 nec
2372 810 2808 882 uniuscujusque
2834 827 2971 881 opus
2998 809 3166 882 quale
3203 813 3280 865 est
3331 811 3475 879 ignis
3498 811 3700 882 proba-

2050 895 2130 951 bit
2155 899 2197 966 ³,
2229 902 2292 952 ut
2323 899 2520 970 magni
2571 899 2732 954 illius
2782 899 3064 971 praeconis
3123 899 3288 955 Pauli
3327 899 3518 955 verbis
3551 905 3701 957 utar.

2047 988 2175 1043 Jam
2207 987 2455 1060 quiﬁeri
2487 989 2696 1061 possit,
2748 994 2811 1044 ut
2860 991 3068 1045 animai
3120 989 3464 1045 mortalitati
3514 991 3705 1062 subji-

2049 1079 2465 1146 ciantur,cum
2516 1084 2601 1137 tot
2651 1081 2864 1136 mortui
2912 1099 2944 1136 a
2992 1081 3245 1148 Christo,
3303 1082 3606 1153 prophetis
3652 1087 3708 1138 et

2050 1171 2330 1242 apostolis
2362 1172 2593 1227 excitati
2627 1171 2793 1228 sint?
2823 1171 2880 1226 Si
2911 1171 3068 1228 enim
3102 1171 3380 1227 mortales
3432 1172 3706 1239 fuissent,

2049 1259 2107 1314 in
2158 1276 2402 1332 corpora
2452 1265 2606 1318 certe
2665 1263 2902 1333 propria
2962 1278 3268 1333 nunquam
3317 1266 3704 1318 remeassent.

2050 1353 2172 1407 Imo
2203 1367 2336 1408 vero
2365 1352 2572 1408 animae
2605 1355 2746 1407 sunt
2777 1351 3169 1420 immortales,
3230 1355 3296 1407 ut
3355 1367 3531 1406 sacrae
3568 1369 3704 1424 pas-

2052 1440 2163 1495 sim
2197 1443 2493 1496 testantur
2524 1441 2768 1511 Litterce,
2801 1442 2874 1496 de
2935 1441 3153 1512 quibus
3221 1439 3525 1512 sigillatim
3588 1440 3704 1495 dis-

2052 1544 2242 1584 serere
2271 1529 2638 1600 superﬂuum
2669 1529 2864 1598 fuerit,
2902 1535 2967 1584 ut
2996 1545 3202 1585 omnes
3255 1527 3419 1583 facile
3468 1534 3704 1584 norunt.

2051 1617 2196 1682 Quin
2230 1618 2404 1674 etiam
2437 1618 2475 1672 ii
2510 1618 2610 1690 qui
2642 1619 2712 1673 de
2743 1619 2950 1674 mundi
2981 1619 3205 1690 origine
3231 1617 3546 1688 conscripti
3569 1625 3709 1674 sunt

2053 1707 2211 1777 libri,
2243 1708 2398 1764 inter
2427 1709 2734 1764 hominum
2767 1712 2824 1764 et
2865 1710 3172 1764 brutorum
3234 1709 3462 1764 animas
3507 1708 3711 1764 discri-

2055 1797 2231 1853 minis
2263 1797 2372 1853 hoc
2403 1802 2695 1865 statuunt,
2731 1805 2794 1853 ut
2852 1799 3159 1854 brutorum
3210 1797 3408 1853 anima
3464 1797 3708 1868 sanguis

1976 1913 2024 1977 B
2055 1886 2398 1942 eorumdem
2430 1886 2677 1958 dicatur,
2711 1891 2776 1941 ut
2809 1903 2922 1942 una
2953 1903 3085 1942 cum
3139 1901 3380 1958 corpore
3419 1885 3706 1953 intereat;

2055 1976 2358 2032 hominum
2392 1994 2525 2032 vero
2558 1977 2769 2032 animae
2820 1975 3097 2048 spiraculi
3151 1976 3331 2032 divini
3383 1991 3593 2032 nomen
3627 1980 3708 2030 at-

2050 2065 2366 2121 tribuitur:
2403 2066 2558 2135 quod
2603 2066 2842 2133 quidem
2888 2065 3250 2136 spiraculum
3303 2064 3560 2120 animam
3610 2080 3707 2119 ra-

2049 2153 2230 2208 tionis
2278 2158 2334 2209 et
2389 2153 2721 2210 intellectus
2784 2153 3148 2224 participem,
3181 2161 3355 2224 atque
3411 2153 3553 2209 adeo
3587 2155 3709 2208 im-

2051 2242 2355 2297 mortalem
2386 2242 2657 2298 dicimus.

2120 2331 2279 2388 Alias
2309 2348 2442 2389 vero
2485 2333 2904 2389 communibus
2954 2332 3218 2389 omnium
3264 2336 3323 2388 et
3369 2330 3711 2388 notionibus

2052 2425 2108 2478 et
2140 2421 2514 2495 opinionibus
2545 2423 2760 2494 dogma
2789 2422 3134 2493 hujusmodi
3179 2426 3480 2494 repugnat.
3531 2421 3708 2478 Com-

2053 2511 2218 2568 muni
2257 2511 2414 2566 enim
2447 2511 3044 2584 gentium,quotquot
3075 2515 3214 2567 sunt
3260 2511 3712 2581 consensu,im-

2052 2600 2329 2658 mortales
2361 2616 2498 2657 esse
2531 2599 2741 2656 anima:
2765 2602 3076 2656 videntur:
3111 2599 3398 2671 multique
3431 2602 3572 2656 adeo
3606 2616 3708 2656 ne-
3739 2640 3746 2645 -

2053 2690 2390 2747 cromantiaa
2453 2688 2700 2746 studiosi
2759 2690 2990 2746 animas
3056 2693 3392 2758 evocarunt,
3425 2693 3480 2744 et
3521 2689 3591 2745 de
3626 2705 3715 2745 re-

2055 2775 2166 2838 bus
2196 2782 2411 2838 futuris
2444 2781 2770 2854 percontati
2800 2787 2958 2838 sunt.

2125 2871 2464 2928 Aristoteles
2494 2888 2654 2944 ergo.
2681 2875 2738 2927 et
2761 2871 3026 2944 quisquis
3049 2871 3218 2928 illum
3265 2875 3497 2928 secutus
3517 2871 3711 2928 Thne-

2054 2961 2447 3034 topsychicus,
2491 2963 2751 3019 animam
2805 2961 3149 3018 mortalitati
3211 2962 3524 3018 obnoxiam
3574 2961 3712 3019 lana

2053 3053 2387 3121 redimitus,
2446 3056 2864 3124 unguentoque
2945 3052 3262 3118 delibutus,
3319 3052 3708 3109 hirundinum

2055 3160 2217 3198 more
2242 3142 2470 3198 asserit.
2531 3143 2615 3196 Ab
2675 3159 2878 3198 eorum
2940 3146 3087 3198 coetu
3175 3141 3544 3214 explodatur,
3605 3142 3707 3214 qui

2059 3234 2285 3290 Christo
2313 3234 2553 3290 nomina
2574 3234 2880 3290 dederunt.
2908 3233 3056 3292 Nam
3080 3232 3349 3289 Christus
3380 3251 3413 3288 a
3461 3233 3711 3290 mortuis

293 3301 435 3395 ιίυβε
469 3284 520 3358 si
583 3301 716 3372 quis
765 3299 1098 3395 simplicius
1152 3298 1422 3367 ambulet:
1476 3316 1580 3357 ηθο
1661 3301 1954 3360 curiosius
1987 3284 2030 3351 α
2061 3284 3412 3395 ξιῖἑὲὲἐιῖιζἓῖῶἷέῥᾷἡῂξῇᾁξ’ἐξὲξιῖίέῖἶιίκζ
3449 3284 3714 3394 sit};

298 3390 620 3463 quidquam
655 3392 1074 3460 perscrutetur.

608 3499 884 3554 Haereseos
913 3495 1282 3568 praecedentis
1310 3498 1640 3567 confutatio.

372 3606 624 3673 Quilibet
678 3603 1088 3660 Gnosimachis
1146 3603 1228 3659 ita
1285 3604 1639 3675 respondere
1716 3606 1952 3676 potest:

301 3698 634 3770 Ecquonam
695 3693 868 3750 modo
926 3691 1056 3764 quis
1113 3691 1550 3764 Scripturarum
1629 3709 1953 3760 sacrarum,

299 3803 500 3844 earum
535 3784 881 3856 praesertim,
943 3799 1073 3854 quae
1125 3782 1507 3838 obscuritatis
1557 3782 1806 3854 caligine
1863 3782 1954 3838 in-

297 3876 630 3942 volvuntur,
686 3888 929 3929 sensum
981 3871 1266 3944 explicare
1319 3872 1552 3943 poterit,
1603 3872 1718 3928 nisi
1773 3872 1955 3946 aliqui

301 3972 511 4040 praesto
553 3967 670 4021 sint
702 3967 1071 4035 interpretes,
1104 3979 1254 4034 quos
1296 3962 1553 4034 Spiritus
1585 3964 1955 4034 profunditas

301 4073 416 4114 non
448 4055 676 4112 lateat?

370 4149 572 4218 Itaque
616 4145 667 4201 si
707 4161 776 4201 ex
821 4160 1078 4200 erronem
1134 4142 1470 4199 traditionis
1497 4146 1705 4199 vestrm
1729 4142 1954 4216 regula,

298 4237 548 4293 lectione
608 4250 910 4291 sacrarum
965 4233 1398 4304 Scripturarum
1459 4232 1736 4303 contenti,
1797 4233 1957 4290 nulla

302 4327 562 4383 scientiae
592 4329 649 4379 et
677 4322 1053 4395 cogitationis
1086 4322 1284 4378 habita
1335 4321 1582 4383 ratione.
1638 4323 1821 4378 vitam
1853 4339 1955 4379 no-

302 4420 484 4470 stram
517 4410 1006 4479 instituissemus,
1051 4411 1190 4482 quid
1241 4409 1502 4480 tandem,
1556 4427 1774 4482 quaeso,
1808 4410 1958 4466 utili-

305 4505 439 4560 tatis
469 4518 538 4558 ex
564 4501 712 4573 ipsis
760 4499 1279 4572 reportassemus?
1335 4503 1438 4555 aut
1490 4515 1748 4571 quonam
1782 4501 1954 4556 modo

303 4593 454 4665 quod
486 4591 805 4660 credimus,
858 4591 918 4645 id
976 4588 1237 4646 oratione
1299 4588 1739 4646 sciscitantibus
1779 4588 1955 4661 expli-

304 4698 434 4740 care
461 4681 860 4754 potuissemus
880 4679 908 4734 ‘2

971 4785 1130 4841 CAP.
1171 4785 1285 4843 XL.

303 4905 740 4977 Quadragesima
768 4902 1013 4977 hieresis,
1071 4901 1690 4977 ThnetOpsychitarum,
1742 4902 1958 4977 hoc___esl

371 4974 570 5036 eorum
598 4976 696 5048 qui
723 4976 1044 5031 animarum
1072 4975 1575 5048 immortalitatem
1601 4980 1807 5044 negant
1828 4974 1954 5048 [Hos

371 5045 918 5126 confutatﬂrigeues
949 5045 1093 5119 apud
1123 5045 1438 5115 Eusebium,
1471 5046 1570 5102 tib.
1613 5061 1690 5116 vr,
1714 5062 1836 5116 cap.
1860 5047 1947 5101 26.

374 5125 576 5180 Hister.
609 5119 844 5191 [ἐσθίει]

373 5225 876 5300 Tbnetopsychitae
908 5224 1220 5281 hominum
1251 5225 1535 5294 animam,
1569 5223 1777 5281 animae
1811 5225 1952 5281 bru-

304 5326 498 5378 torum
529 5317 782 5375 similem
811 5331 960 5385 esse,
994 5319 1167 5386 atque
1199 5331 1318 5371 una
1347 5331 1478 5372 cum
1510 5331 1752 5387 corpore
1797 5315 1950 5373 inte-

305 5411 418 5467 rire
445 5417 735 5466 asserunt.

606 5536 889 5591 Haereseos
918 5531 1278 5604 praecedentis
1307 5533 1636 5603 confutatio.

375 5645 544 5702 Falsa
574 5646 712 5699 sunt
742 5657 900 5714 ergo,
934 5641 982 5697 si
1014 5641 1152 5698 huic
1198 5640 1500 5698 traditioni
1548 5641 1713 5697 locus
1757 5641 1948 5697 detur.

2062 3415 2134 3471 do
2167 3429 2570 3486 resurgamus.

2133 3503 2299 3569 Quod
2330 3509 2523 3558 autem
2556 3501 2829 3559 Salomon
2864 3501 2979 3559 ait:
3015 3505 3157 3576 Quis
3210 3504 3360 3560 novit
3398 3505 3447 3559 si
3483 3502 3716 3575 spiritus

2059 3593 2306 3662 ﬁliorum
2336 3593 2507 3647 Adam
2537 3591 2798 3648 ascendat
2856 3609 3102 3660 sursum,
3137 3596 3189 3649 et
3248 3593 3301 3648 si
3348 3593 3581 3663 spiritus
3613 3593 3715 3664 ju-

2059 3684 2365 3737 mentorum
2396 3681 2681 3737 descendat
2709 3681 2962 3737 deorsum
2994 3682 3014 3716 ‘
3036 3682 3144 3736 ?ld
3166 3697 3299 3737 vero
3350 3681 3521 3754 longe
3552 3681 3711 3737 aliud

2060 3774 2169 3827 est.
2203 3770 2319 3827 Nec
2350 3771 2507 3826 enim
2541 3770 2611 3827 de
2643 3770 2984 3828 hominibus
3041 3774 3097 3827 et
3145 3771 3338 3827 brutis
3381 3787 3448 3827 eo
3499 3770 3556 3825 in
3587 3770 3713 3827 loco

2060 3859 2237 3916 verba
2266 3859 2422 3927 facit,
2473 3863 2765 3932 quatenus
2823 3859 3132 3916 hominum
3193 3860 3391 3915 anima
3445 3858 3714 3931 rationis,

2061 3949 2366 4006 brutorum
2388 3953 2584 4006 autem
2619 3949 2746 4006 vita
2765 3953 2998 4006 tantum
3019 3949 3199 4021 idque
3222 3948 3528 4022 sanguinis
3548 3949 3719 4005 bene-

2061 4039 2189 4096 ficio
2231 4040 2518 4111 particeps
2544 4043 2656 4106 est,
2689 4055 2794 4095 nec
2834 4039 3046 4096 horum
3087 4040 3406 4111 quidquam
3457 4056 3490 4094 a
3534 4042 3719 4095 morte

2059 4137 2364 4201 superest:
2398 4133 2457 4184 et
2488 4145 2607 4184 una
2636 4144 2770 4184 cum
2803 4145 3043 4200 corpore
3097 4128 3296 4184 anima
3353 4143 3586 4200 quoque
3626 4128 3717 4198 ip-

2060 4236 2126 4276 sa
2157 4217 2518 4275 dissolvitur.
2554 4218 2871 4274 Hominum
2901 4234 3072 4290 porro
3105 4217 3258 4274 ﬁlios
3307 4219 3418 4274 hoc
3463 4217 3589 4274 loco
3621 4233 3720 4273 eos

2059 4308 2117 4365 in
2152 4308 2358 4381 primis
2387 4311 2572 4377 vocat,
2608 4307 2708 4379 qui
2743 4324 2812 4364 cx
2842 4307 3088 4364 rationis
3149 4307 3484 4380 praescripto
3535 4307 3717 4363 vitam

2061 4398 2402 4467 instituunt,
2436 4401 2492 4453 et
2523 4398 2650 4453 suis
2681 4397 2987 4453 affectibus
3017 4397 3332 4468 imperant,
3365 4413 3463 4454 eos
3514 4403 3716 4453 contra

2062 4490 2161 4562 qui
2195 4490 2251 4545 in
2271 4493 2488 4546 terram
2539 4489 2741 4546 cernui
2781 4493 2838 4544 et
2883 4489 3096 4560 obstipi
3132 4490 3544 4561 procumbunt,
3577 4506 3714 4545 cum

2057 4579 2343 4651 jumentis
2372 4579 2594 4635 confert
2620 4578 2897 4635 Salomon
2935 4579 3090 4634 idem
3126 4579 3245 4650 ille,
3279 4579 3378 4651 qui
3410 4581 3712 4649 justorum

1981 4655 2028 4720 D
2061 4671 2288 4726 animas
2318 4669 2378 4725 in
2406 4669 2506 4726 Dei
2570 4669 2846 4725 manibus
2909 4684 3038 4725 esse
3095 4667 3207 4724 alio
3268 4668 3327 4724 in
3385 4667 3510 4724 loco
3562 4684 3717 4724 asse-

2066 4760 2180 4817 ruit
2208 4761 2248 4816 ³.

2723 4866 2872 4922 CAP.
2904 4865 3040 4921 XLI.

2062 4977 2083 5000 ⁶
2118 4975 2548 5046 Quadragesima
2576 4975 2760 5044 prima
2806 4973 3047 5040 hzeresis,
3091 4973 3574 5046 Chrisﬁtolytarum,
3607 4973 3711 5031 hoc

2220 5051 2322 5117 est,
2347 5063 2536 5103 eorum
2567 5048 2663 5118 qui
2695 5046 2902 5101 Christi
2931 5051 3193 5101 naturam
3221 5045 3536 5101 destruunt.

2134 5153 2471 5226 Christolyti
2507 5152 2819 5209 Dominum
2852 5157 3118 5209 nostrum
3154 5152 3361 5208 Jesum
3413 5151 3713 5209 Christum

2064 5251 2197 5320 post
2222 5243 2706 5301 resurrectionem
2767 5260 2800 5298 a
2849 5243 3112 5310 mortuis,
3173 5243 3432 5298 animato
3474 5259 3716 5314 corpore

2062 5351 2168 5391 suo
2201 5335 2259 5389 in
2292 5333 2461 5388 terris
2495 5331 2714 5398 relicto,
2751 5348 2866 5388 una
2896 5348 3030 5387 cum
3066 5333 3224 5387 nuda
3257 5335 3312 5387 et
3344 5331 3598 5403 simplici
3635 5330 3719 5386 di-

2061 5424 2302 5481 vinitate
2334 5423 2392 5478 in
2426 5421 2600 5479 ccelos
2631 5422 2969 5478 ascendisse
2999 5423 3380 5478 contendunt.

2373 5532 2656 5589 Haereseos
2685 5531 3040 5604 praecedentis
3070 5530 3402 5602 con/utalia.

2128 5639 2312 5713 Atqui
2341 5638 2556 5712 angeli,
2591 5638 2693 5710 qui
2727 5638 3006 5711 apostolis
3037 5641 3178 5696 tunc
3228 5637 3503 5712 temporis
3535 5655 3718 5713 appa-

371 5762 394 5797 ³
425 5760 470 5816 ΙΙ
495 5761 621 5816 Cor.
653 5773 707 5824 v,
733 5757 820 5812 47.
896 5757 920 5791 ³
948 5755 996 5813 Il
1029 5757 1160 5816 Cor.
1195 5774 1280 5828 ιιι,
1315 5757 1403 5813 13.
1479 5755 1503 5792 ⁴
1533 5754 1717 5814 Eocle.
1746 5772 1831 5829 ιιι,
1863 5756 1948 5813 31.

2086 5756 2220 5829 Sap.
2257 5769 2342 5825 ιιι,
2378 5754 2428 5810 1.
