4054 6420
472 410 632 475 1343

1800 416 1847 476 Ν
1861 413 2112 477 ΙΟΕΤιΕ
2154 412 2575 476 CHONIATJE

3694 418 3809 480 1344

473 553 745 615 ruerunt,
779 567 893 621 quo
922 550 1190 605 Christus
1212 567 1345 606 cum
1370 568 1608 623 corpore
1633 550 1689 606 in
1717 549 1890 606 oculos
1919 565 2122 605 ascen-
2159 552 2209 617 Α
2239 547 2551 619 irrumpat,
2591 546 2780 613 autin
2815 545 2962 603 mari
3014 550 3330 619 tempestas
3388 548 3668 621 exoriatur,
3695 554 3809 612 Deus

479 639 586 704 dit,
621 640 695 693 ita
729 642 1044 695 dicebant:
1105 641 1218 695 Viri
1276 642 1515 710 Galilaei,
1575 641 1708 713 quid
1764 638 2131 696 admiremini

474 727 836 799 suspicientes
867 731 925 783 in
963 729 1214 786 emtum?
1245 731 1342 784 Hic
1367 730 1539 795 Iesus,
1581 734 1675 801 qui
1720 734 2029 800 assumptus
2057 735 2135 782 est

474 833 511 873 a
543 819 711 881 vobis,
765 818 849 872 ita
901 820 1078 873 veniet
1142 834 1358 886 rursus,
1406 818 1867 890 quemadmodum
1916 815 2129 873 vidistis

472 922 602 961 eum
631 909 1014 961 ostendentem
1046 909 1101 961 in
1133 907 1327 961 malum
1364 906 1408 961 δ.

546 995 660 1050 Sed
694 1000 1011 1068 martyrum
1034 1014 1262 1068 quoque
1295 997 1720 1069 antesignanus
1767 997 2125 1068 Stephanus,

474 1101 608 1139 cum
633 1085 883 1155 jamjam
918 1086 1073 1141 saxis
1114 1103 1147 1140 a
1202 1086 1420 1141 Judmis
1479 1085 1896 1141 adobruendus
1927 1092 2083 1141 esset
2113 1101 2126 1141 :

474 1174 625 1237 Ecce,
661 1175 874 1245 inquit,
905 1176 1058 1231 video
1089 1177 1245 1231 cretes
1278 1186 1517 1247 apertos,
1555 1182 1607 1231 et
1653 1176 1855 1231 Filium
1888 1175 2129 1231 hominis

475 1269 707 1318 stantem
734 1281 769 1319 α
798 1263 1007 1320 dextris
1040 1265 1138 1320 Dei
1167 1264 1209 1320 ⁷.
1236 1264 1443 1320 Filium
1486 1267 1586 1322 Dei
1638 1270 1826 1332 vocat,
1860 1282 1973 1320 non
2027 1264 2122 1336 qui

472 1352 676 1407 relicto
710 1369 972 1424 corpore,
1035 1371 1167 1409 cum
1223 1354 1347 1409 sola
1404 1360 1461 1409 et
1519 1354 1773 1427 simplici
1823 1355 2125 1410 divinitate

473 1444 824 1509 ascenderit,
857 1446 958 1500 sed
1000 1445 1101 1517 qui
1142 1462 1376 1501 carnem
1415 1463 1610 1503 secum
1634 1447 1692 1501 in
1719 1445 1894 1502 caelos
1920 1462 2123 1501 ascen-

471 1533 615 1587 dens
647 1534 1058 1602 asportaverit.
1092 1535 1253 1600 Quod
1291 1535 1404 1591 nisi
1435 1552 1496 1591 se
1542 1537 1624 1591 ita
1671 1552 1763 1591 res
1794 1536 2123 1603 habuisset,

472 1637 714 1693 corpore
736 1630 890 1677 certe
920 1627 1161 1679 exutum
1199 1625 1291 1679 Dei
1327 1625 1541 1680 Filium
1575 1624 1839 1680 dixisset.
1865 1624 2123 1697 Evange-

472 1710 611 1766 lista
644 1728 813 1781 porro
839 1712 922 1766 ait
954 1729 968 1768 :
1006 1716 1266 1769 Dominus
1317 1713 1534 1785 quidem
1582 1718 1878 1785 postquam
1913 1712 2125 1770 locutus

474 1810 551 1856 est
590 1804 687 1864 eis,
723 1809 1040 1873 assumptus
1087 1809 1162 1858 est
1209 1806 1271 1859 in
1320 1804 1535 1872 emtum,
1568 1808 1623 1860 et
1668 1804 1812 1860 sedet
1840 1821 1873 1859 τι
1916 1803 2125 1860 dextris

481 1891 584 1946 Dei
619 1888 662 1944 ⁸.
696 1892 1053 1963 Assumptus
1084 1898 1194 1957 est,
1219 1892 1486 1964 inquam,
1547 1909 1613 1948 eo
1671 1909 1802 1948 cum
1859 1909 2123 1965 corpore,
2158 1929 2203 1996 Β

476 1996 605 2035 cum
640 1997 755 2051 quo
787 1998 998 2052 passus
1032 1983 1237 2048 fuerat,
1274 1987 1685 2047 resurrexerat,
1719 2000 1900 2055 seque
1948 1983 2124 2040 disci-

474 2068 745 2141 pulorum
781 2071 1056 2126 manibus
1089 2072 1572 2127 contrectandum
1607 2072 1948 2144 praebuerat.

1114 2179 1266 2235 CAP.
1322 2177 1483 2235 XLII.

470 2284 905 2356 Quadragesima
937 2287 1184 2342 secunda
1217 2286 1467 2359 haeresis,
1520 2287 1998 2359 Ethnowironum,
2033 2288 2134 2344 hoc

539 2361 637 2422 est,
690 2372 879 2412 eorum
928 2361 1025 2429 qui
1094 2357 1329 2427 gentiles
1384 2357 1803 2431 superstitiones
1867 2357 2132 2432 offset-m-

545 2436 659 2483 tur.

542 2534 1014 2608 Ethnophrones,
1057 2536 1167 2591 hoc
1200 2541 1307 2607 est,
1344 2537 1645 2609 gentilium
1680 2538 1898 2595 rituum
1933 2542 1991 2594 et
2020 2556 2129 2594 su-

470 2627 887 2699 perstitionum
923 2627 1272 2694 imitatores,
1309 2633 1373 2683 ut
1404 2629 1625 2684 casteria
1672 2630 1729 2684 in
1789 2630 1962 2685 rebus
1993 2645 2127 2686 cum

476 2715 827 2771 Christianis
857 2716 1198 2773 orthodoxis
1256 2718 1629 2786 conveniant,
1690 2720 1747 2774 in
1810 2720 1917 2776 hoc
1975 2724 2131 2775 certe

476 2805 859 2871 dissentiunt,
885 2808 1039 2878 quod
1088 2807 1324 2879 gentilis
1348 2809 1782 2881 superstitionis
1814 2809 2130 2866 studiosio-

483 2909 574 2949 res
607 2912 795 2967 aaquo,
827 2896 1090 2967 genesin,
1124 2897 1233 2953 hoc
1293 2901 1384 2953 est
1432 2898 1765 2954 natalitium
1804 2900 1991 2969 sidus,
2022 2900 2157 2958 fora

480 2985 715 3052 tunam,
752 2985 1412 3053 fatum,astronomiam,
1437 2993 1495 3042 et
1544 2987 1916 3055 astrologiam
1957 2988 2132 3046 intro-

478 3071 702 3127 ducunt
732 3082 785 3129 el
818 3074 1123 3146 recipiunt.
1168 3076 1307 3130 item
1329 3076 1602 3132 vaticinia
1622 3082 1682 3133 et
1716 3077 2129 3149 divinationes,

477 3176 606 3231 quae
643 3162 932 3234 auguriis,
967 3163 1267 3235 auspiciis,
1327 3163 1725 3232 cledonismis,
1757 3164 1868 3220 hoc
1908 3170 1997 3220 est
2037 3167 2126 3220 in-

471 3250 615 3305 certi
651 3251 908 3306 auctoris
941 3252 1301 3320 rumoribus,
1333 3252 1785 3323 expiationibus,
1818 3254 2122 3326 prodigiis,

470 3337 996 3408 incantationibus,
1029 3344 1087 3396 et
1117 3340 1337 3396 caeteris
1368 3342 1424 3396 id
1456 3357 1642 3414 genus
1673 3347 1964 3409 constant,
2007 3359 2122 3399 non

472 3429 600 3486 sine
631 3428 881 3495 diarum,
946 3429 1263 3498 mensium,
1324 3434 1655 3503 temporum
1716 3448 2126 3507 annorumque

473 3516 908 3584 observatione,
942 3516 1371 3590 amplexantur.

782 3650 1078 3705 Haereseos
1101 3649 1465 3719 praecedentis
1493 3651 1816 3722 con/utalia.

546 3757 679 3809 Haec
711 3771 938 3825 quoque
967 3756 1155 3811 omnia
1192 3756 1538 3813 Christianis
1585 3759 1922 3816 hominibus
1969 3776 2127 3817 aver-

473 3843 659 3898 sanda
691 3852 849 3912 sunt,
883 3861 1130 3916 quorum
1156 3862 1288 3916 spes
1319 3847 1514 3903 omnis
1535 3864 1570 3903 a
1603 3853 1713 3905 Deo
1741 3848 1967 3921 optimo
2000 3864 2122 3908 ma-

472 3932 628 3987 ximo
663 3933 976 4005 dependet.
1011 3934 1155 3990 Nam
1183 3935 1233 3991 si
1258 3938 1410 4007 apud
1443 3937 1626 3994 Deum
1658 3938 1747 3994 vel
1793 3939 1990 4011 capilli
2019 3957 2124 3997 no-

470 4021 573 4075 slri
609 4024 896 4079 numerati
935 4032 1096 4093 sunt,
1132 4040 1239 4080 nec
1272 4024 1431 4082 ullus
1484 4042 1817 4098 passerum,
1858 4031 1959 4100 qui
1991 4044 2124 4086 asse

467 4117 743 4179 veneunt,
773 4111 836 4166 in
870 4114 1220 4183 cujusquam
1256 4119 1377 4169 rete
1407 4115 1630 4185 absque
1684 4115 1781 4171 Dei
1825 4116 2123 4174 voluntate

467 4198 626 4253 cadit
655 4199 709 4255 σε
750 4200 993 4271 ipseque
1034 4201 1179 4256 adeo
1230 4201 1417 4258 Jobus
1475 4203 1658 4257 animi
1720 4206 2125 4276 magnitudine

473 4292 708 4344 caeteros
740 4306 945 4344 omnes
976 4290 1355 4357 antecellens,
1406 4308 1539 4346 cum
1588 4308 1825 4348 uxorem
1864 4294 2123 4367 increpa-

470 4385 590 4432 ret:
627 4378 685 4431 Si
715 4378 876 4445 bona,
911 4378 1162 4448 dicebat,
1193 4381 1259 4435 de
1286 4397 1462 4436 manu
1503 4381 1730 4438 Domini
1764 4384 2119 4456 suscepimus,

467 4465 619 4519 mala
649 4481 823 4536 quare
849 4483 958 4522 non
983 4469 1353 4525 sustineamus
1384 4468 1431 4504 ¹⁰
1451 4470 1478 4525 ?
1509 4470 1646 4526 hinc
1702 4472 1963 4529 divinum
2015 4491 2125 4531 au-

461 4552 670 4609 xilium
736 4560 945 4626 praesto
1004 4557 1236 4613 cunctis
1306 4558 1480 4614 rebus
1539 4572 1689 4629 esse,
1747 4561 2120 4634 perspicuum

467 4650 577 4701 est.

538 4736 644 4801 Qui
673 4753 810 4809 ergo
833 4735 958 4792 ﬁeri
982 4739 1190 4806 potest,
1226 4741 1289 4791 ut
1335 4753 1406 4793 ex
1430 4738 1768 4809 hujusmodi
1789 4740 2112 4799 affectioni-

469 4822 601 4892 bus,
633 4824 894 4897 itemque
925 4842 992 4881 ex
1021 4829 1317 4881 astrorum
1376 4828 1810 4899 progressibus,
1834 4835 2118 4899 regressi-

466 4912 784 4983 hus,variis
808 4915 1036 4989 ﬁguris,
1067 4920 1125 4971 et
1153 4932 1354 4971 earum
1402 4916 1925 4986 observationibus,
1958 4937 2119 4978 com-

456 4992 626 5056 modi
661 5006 762 5057 aut
789 5002 1143 5061 incommodi
1167 5004 1493 5078 quidquam
1525 5008 1577 5061 ei
1608 5007 1870 5063 accidere
1919 5015 2115 5080 queat,

463 5087 565 5160 qui
600 5091 777 5146 rebus
807 5091 927 5147 illis
966 5091 1227 5150 intentus
1258 5094 1478 5150 fuerit?
1504 5096 1561 5150 Si
1622 5094 1774 5151 enim
1808 5096 2112 5167 elementa,

463 5172 578 5233 non
613 5174 779 5235 secus
809 5182 984 5251 atque
1017 5182 1285 5240 homines
1315 5181 1449 5255 ipsi,
1483 5183 1749 5255 subjecta
1791 5189 1930 5240 sunt
1969 5186 2115 5243 divi-

465 5282 538 5324 no
573 5268 763 5338 nutui,
797 5284 912 5341 quo
943 5272 1183 5328 tandem
1242 5273 1413 5330 modo
1444 5272 1716 5330 humanae
1764 5275 2114 5346 conjecturae

466 5356 664 5428 patere
694 5360 988 5428 poterunt,
1014 5358 1075 5415 in
1098 5358 1324 5430 quibus
1353 5361 1587 5419 divinus
1626 5362 1727 5419 ille
1774 5368 1976 5422 contra
2008 5383 2114 5423 nos

460 5449 678 5517 motus,
710 5444 1222 5504 observationibus
1252 5448 1487 5506 illorum
1548 5454 1877 5529 contrarius
1915 5454 2116 5527 depre-

456 5530 982 5615 henditurf'Nam
1042 5537 1311 5606 sicunde,
1366 5540 1524 5597 verbi
1600 5544 1810 5615 gratia,
1892 5544 2111 5601 bellum

756 5666 769 5677 ιν

2240 639 2350 703 est,
2385 638 2485 709 qui
2519 653 2680 693 mare
2708 636 3039 706 conturbat,
3073 638 3463 710 permittitque
3498 644 3556 695 ut
3608 643 3807 700 militum

2238 726 2298 780 in
2335 741 2441 781 nos
2474 727 2577 781 fiat
2597 726 2878 783 incursio.
2912 726 3194 791 Quocirca
3215 726 3426 784 bellum
3460 731 3810 801 suecitasse,ul

2236 828 2307 871 ex
2339 816 2633 888 plerisque
2664 816 2996 871 divinarum
3022 817 3450 887 Scripturarum
3498 817 3626 875 locis
3665 822 3811 878 videre

2236 911 2345 970 est,
2377 904 2465 961 vel
2502 922 2705 962 navem
2740 922 2859 962 una
2887 923 3021 962 cum
3085 905 3487 979 navigantibus
3528 910 3809 968 demersisse

2237 994 2444 1052 merito
2502 995 2757 1053 dicatur.
2814 995 3028 1052 Contra
3087 1013 3241 1064 vero,
3297 996 3389 1051 hic
3437 1000 3597 1053 astris
3626 999 3807 1055 inhians

2234 1084 2707 1140 Mammacuthus
2732 1085 2988 1152 duci,cui
3015 1087 3349 1157 internecio,
3372 1088 3624 1157 navisque
3644 1090 3804 1160 guber-

2237 1173 2449 1245 natori,
2507 1174 2600 1231 cui
2658 1175 3033 1248 naufragium
3094 1175 3418 1245 immineat,
3475 1177 3660 1233 olﬁciis
3699 1179 3805 1234 artis

2239 1272 2431 1331 utens,
2463 1281 2591 1336 quae
2623 1263 2820 1319 laetum
2853 1272 2909 1320 et
2942 1264 3303 1321 fortunatum
3361 1266 3508 1322 diem
3556 1266 3806 1338 pollicean-

2234 1356 2350 1418 tur,
2382 1352 2468 1407 illi
2500 1353 2761 1425 quidem,
2795 1362 2855 1409 ut
2903 1353 3086 1410 aciem
3139 1354 3411 1422 instruat,
3453 1355 3578 1411 huic
3614 1373 3738 1422 vero,
3763 1362 3808 1411 ut

2235 1458 2396 1498 oram
2430 1444 2637 1513 solvat,
2669 1443 2914 1515 velaque
2955 1444 3268 1514 expandat,
3320 1450 3518 1501 auctor
3559 1451 3652 1502 est.
3678 1445 3810 1502 Num-

2234 1548 2372 1588 nam
2401 1532 2583 1606 igitur
2612 1538 2907 1590 astrorum
2949 1551 3275 1591 concursus
3324 1539 3381 1591 et
3426 1536 3677 1593 connexio
3716 1553 3810 1591 con-

2235 1620 2429 1677 silium
2466 1622 2560 1678 liei
2590 1624 2972 1691 praevertisse,
3032 1629 3134 1679 aut
3184 1626 3430 1697 energies
3485 1629 3644 1698 atque
3667 1625 3807 1681 efﬁca-

2234 1711 2338 1767 ciae
2368 1713 2630 1783 majoris,
2664 1729 2840 1785 quam
2874 1714 3003 1787 ipsa
3057 1714 3459 1786 cunctipotens
3513 1715 3604 1772 Dei
3648 1732 3806 1771 manus

2233 1814 2363 1857 esse
2393 1801 2666 1858 dicetur?
2694 1802 2916 1874 impius
2938 1808 3090 1859 certe
3122 1804 3319 1873 fuerit,
3355 1805 3401 1861 si
3439 1804 3563 1877 quis
3611 1805 3686 1861 vel
3712 1804 3809 1861 taci-

2233 1897 2329 1948 tus
2363 1892 2436 1947 ita
2471 1909 2669 1949 secum
2703 1898 2953 1966 reputet.

2309 1981 2416 2046 Qui
2449 1982 2513 2037 ﬁt
2543 1986 2763 2049 autem,
2798 1989 2860 2039 ut
2898 2000 2966 2040 ex
2997 1984 3228 2042 duobus
3260 1986 3509 2058 regibus,
3541 1985 3630 2058 qui
3657 1985 3810 2042 iisdem

2238 2087 2483 2144 prorsus
2514 2072 2795 2128 omnibus
2825 2078 3122 2129 certamen
3155 2073 3666 2145 inierunt,utroque
3683 2075 3810 2129 victo-

2239 2161 2384 2217 riam
2412 2177 2479 2216 ex
2526 2159 2805 2233 astrologi
2864 2162 3174 2218 familiaris
3235 2163 3679 2237 predictionibus
3723 2179 3812 2234 spe-

2238 2258 2427 2320 rante,
2461 2249 2558 2305 ille
2590 2250 2824 2322 quidem
2857 2256 3141 2324 tropaeum
3207 2252 3413 2325 erigat,
3443 2253 3529 2318 hic
3581 2258 3742 2309 autem
3772 2251 3810 2305 in

2238 2337 2474 2394 vincula
2502 2340 2825 2411 conjectus,
2858 2341 3212 2413 turpissima
3232 2359 3473 2415 quaeque
3502 2342 3674 2399 subire
3699 2358 3814 2407 coga-

2238 2430 2333 2483 tur
2356 2427 2384 2482 ?
2414 2429 2685 2500 quamvis
2715 2430 2919 2485 eodem
2966 2429 3292 2503 horoscopo
3351 2448 3490 2488 usus
3543 2432 3709 2498 fuerit,
3734 2446 3811 2502 quo

2239 2516 2358 2571 dux
2383 2517 2502 2588 ille,
2533 2518 2625 2573 cui
2658 2518 2993 2587 succubuit,
3029 2536 3174 2576 usus
3212 2526 3302 2576 est
3324 2522 3352 2576 ‘I

2309 2605 2440 2662 Haec
2468 2623 2640 2679 porro
2672 2608 2720 2663 si
2753 2608 2887 2680 quis
2928 2609 3284 2680 exquisitius
3340 2611 3660 2680 consideret,
3707 2608 3814 2664 utri-

2238 2711 2426 2766 usque
2460 2696 2705 2752 fortunsz
2735 2702 2794 2753 et
2828 2698 2950 2767 fati,
3001 2714 3106 2755 nec
3157 2715 3275 2755 non
3327 2701 3559 2757 curiosa:
3586 2702 3810 2755 astrorum

2237 2783 2673 2856 disquisitionis
2701 2787 2855 2843 vires
2877 2785 3071 2842 nullas
3094 2804 3250 2858 esse,
3283 2790 3370 2845 vel
3393 2806 3459 2846 ex
3486 2789 3603 2863 Cyri
3631 2793 3679 2844 et
3700 2786 3810 2843 Creo

2236 2872 2286 2928 si
2320 2873 2585 2947 historia,
2619 2875 3031 2947 deprehendet.
3081 2877 3318 2935 Crassus
3366 2879 3514 2935 enim
3563 2877 3719 2951 Lydia
3742 2890 3811 2930 rex

2235 2967 2294 3019 et
2325 2965 2756 3035 provinciarum
2784 2967 3074 3037 omnium,
3106 2984 3234 3037 qua
3266 2969 3339 3024 ad
3378 2969 3645 3025 Tharsum
3675 2979 3809 3035 usque

2233 3054 2687 3124 protenduntur,
2744 3055 2889 3127 Cyro
2937 3058 3222 3112 terrorem
3277 3074 3346 3113 ex
3409 3074 3472 3113 eo
3543 3054 3807 3116 incutiebat,

2236 3142 2388 3213 quod
2414 3142 2679 3215 pecuniis
2708 3143 3058 3213 abundaret,
3080 3161 3336 3216 quarum
3360 3145 3685 3203 adminiculo
3702 3147 3809 3198 Gre-

2239 3245 2337 3284 cos
2367 3240 2420 3286 el
2451 3231 2596 3287 alios
2629 3232 2875 3304 populos
2935 3234 3007 3288 ad
3063 3234 3406 3292 societatem
3440 3241 3492 3293 et
3528 3234 3710 3291 auxilia
3732 3230 3810 3302 pel-

2240 3317 2413 3375 licere
2446 3327 2662 3392 posset.
2696 3321 2879 3394 Cyrus
2910 3337 2941 3378 e
2998 3326 3296 3382 contrario
3347 3326 3592 3382 Crassum
3623 3326 3811 3397 pel-terre

2212 3408 2505 3478 iaciebat,
2539 3410 2883 3466 bellicarum
2928 3422 3146 3481 rerum,
3179 3419 3664 3489 strategematum,
3691 3408 3810 3467 aciei-

2236 3515 2351 3571 que
2378 3498 2736 3556 instruendae
2769 3501 2998 3573 peritia,
3029 3518 3145 3574 qua
3169 3505 3414 3575 quidem
3475 3508 3656 3579 gentes
3683 3513 3807 3571 quam

2234 3586 2524 3661 plurimas
2555 3591 2882 3659 subegerat,
2908 3594 2965 3646 et
2988 3607 3105 3648 suae
3129 3593 3343 3649 ditioni
3360 3594 3679 3665 subjeeerat.
3706 3589 3807 3644 Cum

2233 3675 2415 3748 igitur
2442 3681 2691 3749 uterque
2723 3694 2793 3735 ea
2824 3686 3234 3752 praparasset,
3264 3699 3396 3755 qum
3452 3681 3593 3739 bello
3618 3675 3809 3753 gerendo

2235 3768 2561 3824 necessaria
2589 3768 2957 3838 videbantur,
2990 3770 3226 3829 Crmsus
3285 3774 3510 3846 quidem
3562 3774 3613 3829 in
3664 3765 3809 3843 pretio

2233 3855 2571 3924 succubuit,
2596 3856 2685 3912 vel
2703 3857 2995 3930 Apollinis
3016 3859 3275 3931 oraculo,
3310 3864 3461 3935 quod
3513 3861 3589 3918 ita
3626 3869 3810 3932 premo-

2234 3949 2464 4001 nuerat.
2498 3946 2715 4001 Crassus
2762 3945 2969 4019 Halym
3024 3965 3317 4021 superans,
3378 3967 3623 4023 magnam
3667 3958 3812 4002 comu-

2233 4037 2339 4089 met
2390 4048 2553 4105 opum
2604 4032 2761 4103 vim;
2821 4037 2994 4107 cujus
3045 4038 3286 4110 quidem
3353 4039 3565 4098 oraculi
3638 4032 3813 4093 nomine

2236 4120 2554 4194 Apollinem
2595 4125 2866 4181 ducentis
2893 4125 3177 4184 lateribus
3198 4130 3409 4187 aureis
3424 4130 3719 4191 donaverat,
3733 4134 3811 4191 quo

2236 4218 2495 4286 tempore
2536 4219 2593 4270 et
2622 4214 2857 4272 oraculo
2887 4215 3038 4288 ipso,
3068 4222 3126 4275 et
3155 4224 3604 4294 astronugonum
3630 4211 3811 4288 pradic-

2236 4303 2494 4359 tionibus
2528 4304 2710 4361 fretus
2741 4322 2907 4361 arma
2935 4312 3138 4363 contra
3164 4312 3377 4382 Cyrum
3409 4311 3667 4374 moverat,
3681 4308 3812 4376 Cyrus

2235 4409 2365 4449 vero
2391 4396 2594 4449 contra
2626 4396 3101 4466 praedictionibus
3130 4400 3554 4469 astrologorum
3601 4397 3665 4452 ab
3687 4405 3810 4461 θιρθ·

2232 4482 2453 4538 dilione
2484 4489 2691 4540 contra
2745 4484 3008 4541 Crcesum
3071 4489 3452 4561 suscipienda
3505 4484 3814 4545 revocabatur

2230 4572 2504 4645 (quorum
2531 4573 2765 4644 quidem
2800 4579 2948 4631 nutu
2978 4576 3298 4635 Chaldaica
3357 4580 3514 4653 regio
3558 4584 3684 4633 tunc
3709 4577 3811 4627 tem-

2152 4676 2195 4740 ι)
2228 4660 2386 4733 poris
2420 4678 2538 4733 prie
2567 4663 2790 4718 castoris
2819 4665 3093 4721 omnibus
3123 4670 3388 4738 gentium
3440 4663 3723 4740 provinciis
3744 4656 3813 4714 sd-

2227 4748 2697 4823 ministrabatur)
2729 4759 2901 4824 atque
2931 4753 3076 4811 adeo
3109 4759 3179 4812 ab
3230 4756 3351 4814 illis
3414 4756 3744 4813 monebatur,
3768 4746 3812 4799 ut

2229 4836 2388 4894 aliud
2436 4838 2496 4893 in
2556 4842 2787 4910 tempus
2839 4843 3259 4913 profectionem
3324 4847 3591 4902 diﬂ'erret.
3650 4833 3813 4898 Divinis

2228 4931 2420 4984 autem
2451 4926 2710 4984 Danielis
2733 4930 2993 4987 consiliis
3052 4950 3394 5005 persuasus,
3452 4934 3546 5007 qui
3600 4929 3816 4988 cunctan-

2227 5015 2370 5069 dum
2404 5031 2517 5070 non
2549 5031 2698 5082 esse,
2758 5018 2860 5074 sed
2919 5023 3128 5076 contra
3185 5022 3609 5092 procedendum
3661 5016 3816 5072 auctor

2225 5108 2374 5171 erat,
2405 5105 2545 5175 quia
2576 5104 2853 5162 nimirum
2882 5106 3033 5163 Deus
3064 5109 3385 5181 gloriosam
3443 5110 3526 5167 illi
3569 5101 3811 5165 victoriam

2225 5197 2542 5264 paraturus
2574 5198 2750 5261 esset,
2774 5196 2975 5266 paucis
3009 5197 3221 5269 praaliis
3250 5198 3513 5257 Crmsum
3556 5199 3611 5256 in
3660 5195 3811 5262 [πεδία

2226 5282 2411 5349 vertit,
2439 5282 2749 5354 vivumque
2777 5285 3016 5342 tandem
3047 5289 3219 5360 cepit,
3256 5292 3435 5346 totius
3493 5287 3716 5356 denique
3740 5280 3814 5333 im'

2225 5370 2369 5444 perii
2400 5371 2529 5442 ejus
2560 5372 2720 5428 brevi
2754 5378 3017 5447 tempore
3047 5379 3328 5435 dominus
3360 5378 3558 5436 evasit.

2295 5460 2448 5515 Audi
2476 5476 2611 5517 vero
2641 5466 2727 5531 tu,
2759 5465 2863 5535 qui
2894 5467 3263 5523 astronomiae
3304 5468 3587 5533 addictus,
3633 5468 3683 5519 et
3722 5455 3813 5512 die!

2223 5550 2282 5603 et
2309 5550 2573 5620 tempora
2602 5549 2899 5621 observas,
2933 5552 3071 5623 quid
3107 5553 3388 5629 Babyloni
3437 5554 3701 5613 Dominus
3739 5554 3813 5616 per

446 5732 447 5735 η
484 5668 695 5763 Δδλθὶ.
729 5668 906 5771 xL‘ﬂ-
936 5700 1005 5740 ³⁷
1034 5708 1158 5767 Act.
1192 5725 1290 5782 vn,
1323 5706 1417 5769 55.
1489 5714 1511 5753 ⁸
1539 5715 1719 5776 Marc.
1746 5734 1863 5789 xv1,
1893 5717 1977 5776 19.
2056 5718 2124 5775 9i

2232 5720 2307 5780 th.
2337 5737 2395 5791 ι,
2425 5722 2517 5793 29,
2548 5723 2639 5781 30.
2720 5724 2766 5765 ¹⁰
2791 5724 2925 5787 Job.
2959 5743 3022 5801 n,
3050 5727 3143 5788 40.
