4054 6446
257 421 412 482 1345

1602 408 1995 479 THESAUPJ
2042 410 2189 475 LIB.
2237 408 2344 473 ιν.

3516 411 3675 473 1346

256 559 357 614 Dei
389 556 729 613 ministrum
761 554 1106 628 prophetam
1140 552 1349 609 Isaiam
1382 551 1556 619 dicat,
1587 566 1764 622 super
1806 548 1902 618 iis,
1933 550 1987 615 Α
2020 552 2101 602 est
2130 563 2164 602 a
2203 562 2312 603 me.
2370 546 2501 602 Sine
2557 562 2723 603 causa
2774 553 2961 603 autem
3017 546 3202 604 colunt
3249 561 3354 611 me,
3414 544 3674 602 docentes

259 664 387 719 quas
439 645 899 730 Nabuchonqsor
956 648 1157 700 contra
1222 644 1425 699 urbem
1485 638 1909 710 Hierosolymo-

259 754 389 797 rum
415 738 763 810 designavit,
792 728 927 792 cum
963 734 1065 790 illa
1094 733 1218 790 solo
1278 737 1527 804 aequata,
1578 728 1914 801 temploque

258 828 514 884 ﬂammis
546 830 881 898 absumpto,
919 823 1202 897 populum
1263 824 1558 895 captivum
1616 818 1860 875 abduxit
1895 815 1910 855 ³

258 917 566 987 PrOpterea
617 917 771 989 quod
852 916 1138 971 desertam
1221 913 1528 970 reddidisti
1610 910 1907 966 civitatem

258 1022 473 1076 meam,
506 1023 612 1061 nec
645 1004 845 1077 populi
878 1005 988 1060 mei
1020 1006 1299 1060 misertus
1328 1019 1413 1069 es,
1462 1003 1725 1057 desertos
1775 999 1907 1055 red~

254 1096 389 1151 dam
422 1112 625 1152 muros
657 1101 812 1165 tuos,
847 1101 903 1150 et
931 1110 1207 1164 campum
1239 1090 1621 1149 desolationis
1651 1093 1905 1145 statuam

255 1189 330 1241 te.
365 1185 697 1258 Exsurgant
725 1201 863 1257 ergo
897 1183 1172 1255 astrologi
1215 1183 1325 1250 tui,
1377 1187 1435 1237 et
1484 1180 1824 1254 praedicant,
1857 1179 1909 1234 si

258 1273 453 1346 possis
485 1274 737 1346 etl‘ugere
771 1291 1009 1329 manum
1047 1272 1275 1329 Domini
1309 1272 1372 1327 “.
1552 1340 1555 1345 ν

325 1362 452 1418 Alia
485 1378 719 1435 quoque
752 1361 1036 1417 nonnulla
1087 1361 1460 1432 prepheticus
1508 1360 1656 1417 liber
1698 1364 1769 1417 de
1802 1359 1908 1416 fal-

259 1450 510 1524 siloquis
539 1451 857 1523 astrologis
890 1449 1193 1522 percurrit,
1241 1466 1373 1522 quae
1425 1450 1570 1506 mihi
1629 1451 1909 1506 memoria

257 1540 621 1608 exciderunt,
656 1541 736 1596 ita
769 1544 831 1596 ut
864 1538 1146 1595 verbatim
1201 1539 1302 1594 illa
1362 1541 1575 1595 referre
1622 1539 1747 1611 jam
1793 1556 1907 1596 non

257 1628 338 1684 sit
369 1629 680 1701 integrum.
716 1628 1020 1684 Perierunt
1076 1628 1234 1684 enim
1290 1626 1447 1695 libri,
1507 1644 1724 1699 eosque
1775 1632 1905 1684 tan-

255 1735 433 1792 quam
471 1719 528 1775 in
563 1719 690 1776 Orci
722 1723 1005 1786 ventrem,
1056 1719 1142 1775 vel
1194 1720 1538 1774 Laconicam
1597 1719 1904 1786 latebram,

256 1808 596 1864 Latinorum
630 1813 880 1874 ventres,
912 1824 1030 1862 una
1088 1823 1223 1862 cum
1282 1807 1493 1879 opibus
1538 1812 1594 1863 et
1645 1808 1907 1880 pecuniis

255 1899 403 1954 meis
434 1898 882 1970 absorpserunl:
921 1897 1123 1952 multis
1156 1897 1389 1968 quidem
1426 1897 1566 1962 illis,
1599 1914 1704 1953 nec
1737 1899 1905 1953 lucu-
1943 1925 1989 1990 Β

259 1987 433 2043 lentis
467 1986 580 2043 illis
611 1987 820 2057 opibus
851 1987 1173 2053 absimiles,
1207 2003 1335 2058 qua:
1378 1985 1769 2057 imperialium
1823 1988 1911 2042 of-

261 2077 525 2133 ficiorum
560 2077 816 2145 fuerunt,
848 2076 1060 2147 quibus
1110 2076 1311 2132 ordino
1368 2077 1669 2149 graduque
1714 2076 1911 2133 debito

260 2184 394 2224 sum
428 2166 865 2223 cohonestatus.

333 2256 484 2320 Quin
516 2260 574 2312 et
599 2255 836 2322 Paulus,
870 2272 936 2312 os
985 2257 1180 2327 ipsum
1228 2255 1467 2325 Christi,
1511 2255 1729 2327 quique
1783 2271 1912 2312 om-

260 2362 394 2401 nem
430 2346 546 2401 fere
576 2349 1356 2419 terram,quantamcunque
1386 2345 1472 2402 sol
1517 2345 1912 2419 pulcherrimo

265 2435 389 2508 igni
424 2452 530 2490 suo
558 2436 877 2507 expositam
911 2435 1080 2503 fovet,
1101 2436 1471 2507 praedicando
1514 2435 1820 2507 percurrit,
1852 2434 1912 2490 in

256 2523 519 2595 Epistola
555 2525 628 2579 ad
659 2523 894 2580 Galatas
920 2524 998 2580 ita
1027 2526 1247 2589 dicens,
1283 2524 1780 2597 deprehenditur:
1815 2523 1916 2580 Sed

262 2620 397 2667 tunc
425 2612 649 2683 quidem
689 2614 1009 2684 ignorantes
1058 2614 1252 2684 Deum,
1309 2613 1382 2670 iis
1427 2616 1523 2686 qui
1558 2617 1761 2671 natura
1805 2629 1916 2669 non

259 2712 393 2758 sunt
419 2703 520 2772 dii,
582 2704 922 2761 serviebatis.
980 2704 1133 2760 Nunc
1190 2709 1376 2760 autem
1431 2720 1555 2760 cum
1592 2705 1912 2776 cognoveri-

260 2794 334 2848 tis
359 2793 552 2858 Deum,
587 2796 701 2848 imo
732 2794 938 2863 cogniti
961 2793 1088 2848 sitis
1134 2811 1167 2849 a
1217 2794 1340 2864 Deo,
1381 2794 1647 2865 quomodo
1691 2809 1915 2850 conver-

263 2881 455 2938 timini
486 2886 688 2937 iterum
717 2885 795 2937 ad
827 2883 1055 2952 inﬁrma
1083 2888 1137 2938 et
1165 2897 1334 2954 egena
1373 2882 1666 2949 elementa,
1718 2882 1916 2954 quibus

262 2971 446 3025 denuo
479 2973 689 3026 servire
717 2972 885 3027 vultis
906 2971 934 3026 ‘l
963 2972 1089 3026 Dies
1121 2973 1439 3039 observatis,
1493 2981 1545 3029 et
1592 2988 1828 3038 menses,
1862 2977 1916 3028 et

263 3069 537 3131 tempora,
564 3066 614 3116 et
645 3078 841 3117 annos.
881 3062 1060 3117 Timeo
1113 3078 1224 3129 vos,
1277 3078 1348 3119 ne
1394 3064 1538 3134 forte
1590 3064 1709 3117 sine
1754 3078 1920 3118 causa

276 3149 650 3206 laboraverim
671 3151 733 3205 in
762 3150 935 3207 vobis.
969 3152 1146 3207 Estote
1198 3151 1339 3207 sicut
1391 3167 1510 3222 ego,
1559 3151 1692 3222 quia
1727 3155 1779 3207 et
1825 3165 1919 3223 ego

255 3240 408 3294 sicut
436 3253 527 3293 vos
559 3238 627 3294 1³.

339 3327 541 3398 Itaque
570 3328 842 3400 quisquis
873 3330 1263 3387 observationi
1295 3335 1588 3387 astrorum
1633 3330 1914 3386 immora-
1951 3298 1995 3364 C

259 3422 381 3484 tur,
413 3416 601 3487 iisque
635 3417 805 3473 ﬁdem
838 3417 1032 3486 habet,
1069 3435 1197 3490 quis
1238 3419 1310 3475 ab
1359 3419 1667 3490 astrologis
1715 3419 1918 3475 dicun-

258 3511 383 3573 tur,
409 3506 584 3562 tacite
618 3507 989 3576 Mercurium,
1016 3513 1361 3574 Saturnum,
1395 3510 1657 3577 Martem,
1699 3513 1756 3564 et
1812 3525 1916 3564 caa-

256 3600 388 3651 tera
416 3596 606 3650 sidera
638 3596 796 3661 colit,
829 3613 958 3668 quas
986 3602 1146 3653 motu
1179 3614 1285 3655 suo
1315 3598 1376 3654 in
1415 3599 1612 3655 orbem
1663 3599 1915 3654 circum-

258 3684 553 3740 feruntur.
588 3685 867 3747 Quamvis
898 3688 1051 3742 enim
1086 3703 1188 3743 nec
1219 3703 1397 3744 careas
1424 3687 1561 3757 illis,
1615 3703 1720 3743 nec
1762 3687 1912 3759 lapi-

259 3773 405 3829 deas
435 3772 714 3844 imagines
743 3780 1061 3844 consecret,
1122 3793 1227 3832 nec
1279 3783 1413 3832 actu
1474 3778 1544 3832 ad
1592 3778 1915 3833 orationem

260 3879 382 3935 prae
414 3878 477 3918 se
508 3864 673 3931 ferat,
704 3863 776 3919 iis
808 3869 1005 3920 tamen
1039 3864 1219 3919 alium
1251 3864 1475 3920 cultum
1504 3865 1775 3920 exhibere
1818 3880 1914 3920 co-

258 3951 553 4021 arguitur,
600 3968 667 4007 eo
726 3952 885 4025 quod
942 3969 1011 4009 ex
1079 3954 1316 4011 illorum
1373 3953 1915 4011 circumvolutionis

258 4038 571 4096 etiectibus
610 4042 917 4115 dependet.
979 4042 1218 4115 Oportet
1269 4045 1450 4113 enim,
1519 4049 1584 4098 ut
1644 4042 1747 4115 qui
1796 4043 1915 4100 veri

257 4130 585 4187 Christiani
617 4148 827 4188 nomen
861 4148 974 4188 non
1009 4134 1395 4201 mentiuntur,
1427 4132 1627 4189 omnia
1659 4149 1775 4189 uno
1804 4150 1911 4190 eo-

257 4222 517 4292 demque
548 4222 716 4276 modo
746 4221 1073 4293 enuntient,
1101 4239 1223 4293 quae
1262 4240 1295 4277 a
1352 4224 1545 4279 divina
1598 4222 1914 4282 Providen-

262 4313 348 4366 tia
380 4310 750 4381 proveniunt,
784 4310 891 4367 hoc
949 4327 1081 4366 cum
1142 4311 1347 4368 Davide
1402 4313 1720 4385 psallentes
1749 4328 1762 4367 :
1795 4312 1913 4368 Ad-

252 4400 423 4457 haesit
445 4402 639 4456 anima
658 4418 781 4458 mea
805 4405 923 4472 post
954 4404 1003 4457 te
1035 4402 1098 4457 ¹³.

334 4492 498 4557 Quod
528 4492 580 4548 si
610 4491 743 4564 quis
774 4491 976 4565 lingua
1006 4492 1238 4565 quidem
1278 4498 1456 4550 Deum
1487 4510 1618 4552 esse
1642 4496 1912 4562 fateatur,

254 4581 433 4651 cujus
463 4587 603 4638 nutu
634 4586 692 4639 et
718 4583 962 4639 consilio
993 4588 1202 4639 cuncta
1232 4584 1573 4655 succedant,
1600 4589 1664 4640 ut
1705 4588 1914 4641 cuncta

2022 636 2306 692 doctrinas
2363 644 2414 690 et
2472 638 2747 691 mandata
2805 637 3112 701 hominum,
3163 642 3505 691 attendentes
3558 635 3672 706 Spi-

2021 725 2223 780 rilibus
2252 728 2477 793 erroris,
2526 736 2577 780 et
2636 726 2704 781 ad
2753 724 3185 796 falsiloquas“;
3246 732 3443 781 vatum
3498 725 3673 795 nugis

2020 815 2279 871 animum
2305 813 2706 887 appellantes:
2768 817 2901 886 quia
2960 832 3028 870 ea
3080 815 3318 887 quidem
3374 815 3524 870 scire
3557 815 3676 880 sibi

2019 904 2317 971 videntur,
2355 921 2482 976 qua:
2515 920 2692 976 supra
2725 903 2918 969 caelos,
2952 913 3005 957 et
3035 906 3146 959 sub
3179 909 3335 959 terra
3375 914 3535 972 sunt,
3569 920 3673 958 nec

2020 980 2253 1048 interim
2278 993 2837 1064 advertunt,quanta
2862 993 3073 1047 mentis
3096 993 3354 1048 caecitate
3386 992 3672 1060 laborent,

2020 1093 2075 1137 et
2107 1087 2469 1154 quantopere
2501 1079 2803 1148 fallantur,
2835 1090 3010 1152 atque
3055 1082 3111 1135 in
3164 1082 3429 1136 eamdem
3475 1098 3675 1136 secum

2022 1171 2310 1239 fraudem,
2340 1177 2396 1226 et
2425 1172 2576 1226 idem
2623 1171 2887 1236 exitium,
2947 1187 3047 1225 eos
3099 1169 3466 1242 pertrahunt,
3498 1188 3673 1242 quos-

2021 1278 2251 1332 cunque
2281 1277 2420 1316 suos
2451 1260 2508 1315 in
2542 1276 2739 1315 casses
2770 1260 3038 1332 pellicere
3065 1260 3385 1331 potuerint.

2091 1362 2169 1415 lis
2195 1361 2346 1415 enim
2380 1360 2479 1431 qui
2514 1376 2720 1431 parum
2753 1359 3015 1430 sapiunt,
3070 1376 3173 1414 nec
3227 1375 3387 1429 spem
3440 1376 3669 1415 omnem

2018 1449 2076 1504 in
2109 1448 2224 1505 Deo
2258 1454 2667 1519 reposuerunt,
2701 1447 2931 1503 facilem
2963 1455 3022 1503 et
3053 1447 3359 1519 quibusvis
3394 1464 3672 1519 exprom-

2019 1543 2176 1611 ptam
2204 1555 2332 1594 esse
2353 1538 2687 1593 futurorum
2704 1538 3088 1607 cognitionem
3115 1539 3679 1608 persuadent,atque

2020 1627 2203 1683 motui
2231 1635 2523 1683 astrorum
2553 1644 2619 1683 ea
2654 1626 2998 1693 tribuentes,
3033 1643 3156 1697 quae
3189 1626 3397 1681 divinae
3442 1625 3672 1698 praecel-

2019 1716 2212 1772 lentia;
2242 1715 2473 1787 propria
2503 1719 2560 1770 et
2586 1714 2906 1787 peculiaria
2947 1718 3110 1782 sunt,
3156 1731 3190 1769 a
3231 1731 3375 1770 sana
3423 1715 3672 1770 erroris-

2021 1822 2134 1878 que
2163 1804 2357 1862 nescia
2386 1804 2660 1876 opinione
2686 1820 2785 1859 eos
2819 1803 3189 1874 abstrahunt,
3226 1805 3569 1875 quicunque
3603 1803 3677 1859 ad

2020 1894 2271 1952 anilium
2307 1910 2595 1966 nugarum
2629 1892 3160 1949 insusurralionem
3214 1892 3502 1965 proclives
3557 1894 3676 1948 fue-

2021 1984 2172 2040 rint:
2206 1983 2704 2055 quemadmodum
2728 1982 2904 2038 etiam
2939 1981 3220 2053 propheta
3254 1982 3515 2038 Ezechiel
3559 1985 3673 2039 ait:

2021 2078 2155 2130 Ilaec
2182 2072 2318 2127 dicit
2346 2072 2608 2127 Dominus
2634 2072 2812 2126 Deus:
2844 2073 2928 2128 Vae
2947 2070 3233 2143 prophetis
3254 2070 3680 2141 insipientibus,

2018 2162 2115 2234 qui
2136 2166 2444 2233 sequuntur
2463 2163 2728 2233 spiritum
2748 2171 2990 2228 suum,et
3011 2160 3159 2215 nihil
3180 2159 3673 2231 vident.Numquid

2018 2268 2131 2308 non
2157 2250 2427 2307 visionem
2472 2266 2683 2306 cassam
2707 2250 2941 2320 vidistis,
2974 2256 3025 2306 et
3065 2249 3469 2306 divinationem
3520 2266 3676 2305 men-

2019 2343 2203 2399 dacem
2239 2338 2407 2396 locuti
2434 2338 2565 2396 estis
2587 2342 2612 2393 ἲ
2637 2346 2929 2412 propterea
2965 2342 3073 2396 erit
3102 2356 3305 2395 manus
3354 2356 3477 2395 mea
3507 2355 3674 2411 super

2016 2430 2330 2505 prophetas,
2395 2432 2493 2502 qui
2548 2431 2733 2487 vident
2787 2447 2960 2499 vana,
3011 2439 3064 2486 et
3116 2429 3376 2485 divinant
3434 2430 3667 2486 menda-

2020 2522 2169 2578 cium
2209 2519 2276 2575 1⁵.

2093 2619 2237 2686 Quia
2265 2635 2398 2675 vero
2455 2618 2591 2691 ipsa:
2651 2635 2882 2690 quoque
2940 2618 3281 2674 milierculm
3341 2618 3671 2673 futurorum

2021 2708 2415 2781 cognitionem
2444 2708 2559 2763 sibi
2608 2708 3006 2773 vindicabant,
3035 2724 3236 2763 rursus
3265 2707 3347 2762 ait
3381 2706 3676 2778 prophetas

2021 2797 2347 2854 Dominus:
2394 2799 2462 2853 Et
2494 2801 2578 2865 tu,
2628 2796 2715 2868 ﬁli
2768 2796 3030 2864 hominis,
3080 2813 3222 2868 pone
3276 2796 3477 2867 faciem
3527 2804 3679 2851 tuam

2020 2895 2209 2943 contra
2238 2885 2392 2957 filias
2414 2884 2608 2957 populi
2639 2884 2873 2956 tui,quee
2893 2886 3225 2956 prophetam
3256 2886 3321 2940 de
3363 2885 3521 2940 corde
3551 2899 3675 2951 suo,

2022 2980 2074 3032 et
2093 2978 2406 3031 vaticinare
2431 2991 2599 3046 super
2621 2989 2736 3041 eas,
2786 2982 2835 3029 et
2884 2974 3012 3030 dic:
3064 2976 3186 3030 Haec
3234 2974 3369 3029 dicit
3406 2974 3677 3028 Dominus

2022 3066 2202 3120 Deus:
2234 3066 2320 3122 Vae
2350 3078 2476 3136 quae
2495 3073 2767 3119 consuunt
2817 3061 3083 3131 pulvillos
3139 3063 3239 3119 sub
3286 3065 3440 3118 omni
3494 3062 3678 3117 cubito

2025 3171 2266 3210 manus:
2297 3158 2352 3210 et
2378 3154 2593 3226 faciunt
2654 3151 2947 3209 cervicalia
3003 3152 3101 3207 sub
3161 3151 3343 3222 capite
3397 3153 3672 3207 universae

2023 3243 2204 3300 aetatis
2230 3243 2300 3298 ad
2328 3241 2623 3314 capiendas
2658 3240 2898 3298 animos.
2953 3242 3015 3297 Et
3063 3241 3342 3297 violabant
3388 3257 3475 3296 me
3523 3239 3672 3310 apud

2022 3332 2291 3405 pepulum
2318 3348 2502 3387 meum
2550 3335 2773 3403 prepter
2822 3329 3105 3402 pugillum
3162 3329 3373 3399 hordei,
3430 3336 3485 3385 et
3551 3331 3672 3400 [ra-

2024 3439 2189 3492 gmen
2215 3423 2501 3493 paniszut
2530 3421 2901 3491 interﬁcerent
2949 3421 3170 3475 animas
3220 3435 3339 3492 qum
3394 3435 3506 3474 non.
3553 3434 3672 3474 mo-

2034 3512 2288 3577 riuntur,
2346 3515 2402 3566 et
2457 3509 2800 3581 viviﬁcarent
2856 3510 3093 3578 animas,
3154 3526 3275 3581 quae
3324 3525 3433 3564 non
3464 3510 3677 3581 vivunt,

2033 3601 2353 3657 mentientes
2382 3599 2582 3671 populo
2602 3615 2719 3655 meo
2747 3600 2991 3655 credenti
3022 3598 3328 3653 mendaciis
3362 3595 3424 3653 ³⁸.

2097 3702 2192 3758 Sic
2222 3701 2377 3758 enim
2413 3717 2475 3757 se
2508 3717 2601 3756 res
2634 3700 2826 3756 habet.
2877 3698 3026 3755 Vera
3074 3699 3311 3771 quidem
3348 3697 3677 3769 prophetia,

2024 3797 2081 3849 et
2114 3793 2297 3847 futuri
2330 3789 2648 3861 praedictio,
2683 3806 2785 3860 pro
2817 3788 3231 3854 familiaritate,
3284 3804 3412 3860 quae
3463 3786 3681 3859 petenti

2026 3880 2249 3937 homini
2281 3896 2414 3934 cum
2450 3879 2567 3934 Deo
2598 3878 2927 3945 intercedit,
2960 3886 3013 3933 et
3074 3895 3174 3948 pro
3224 3876 3352 3947 ejus
3405 3876 3541 3940 ﬁde,
3581 3876 3684 3947 qui

2025 3972 2220 4026 futura
2250 3984 2598 4040 cognoscere
2637 3967 2821 4039 cupit,
2846 3967 3121 4023 divinitus
3154 3966 3482 4022 exhibetur.
3508 3970 3584 4022 At
3613 3981 3680 4020 ex

2026 4056 2728 4126 astrorum‘revolutione,
2778 4056 3240 4128 huiusmodique
3288 4054 3678 4111 constellatio-

2026 4165 2166 4206 num
2199 4148 2315 4204 situ
2347 4145 2511 4202 nulla
2542 4162 2780 4217 prorsus
2813 4145 2992 4201 futuri
3037 4144 3290 4217 cognitio
3334 4144 3528 4198 datur.
3562 4141 3679 4197 Nec

2023 4238 2181 4295 enim
2214 4254 2281 4294 ex
2313 4236 2388 4293 iis
2418 4236 2816 4290 humanarum
2873 4250 3066 4289 rerum
3114 4232 3544 4289 administratio
3575 4233 3680 4286 de-

2029 4328 2273 4400 pendet:
2331 4326 2431 4381 sed
2481 4325 2832 4397 pluviarum,
2879 4328 2936 4379 et
2987 4324 3328 4380 earumdem
3391 4323 3680 4391 defectus,

2023 4419 2162 4474 item
2195 4414 2387 4488 frigidi
2420 4419 2478 4469 et
2509 4413 2942 4481 calidi,humidi
2971 4419 3026 4469 et
3059 4412 3219 4481 sicci,
3253 4413 3509 4484 denique
3539 4427 3685 4466 ven—

2024 4511 2218 4563 torum
2250 4509 2307 4560 et
2337 4502 2622 4560 similium
2656 4519 2848 4559 rerum
2881 4502 3052 4573 signa
3083 4505 3472 4573 promuntur:
3508 4500 3683 4557 actio-

2024 4611 2167 4651 num
2198 4610 2332 4650 vero
2359 4598 2694 4648 nostrarum
2726 4590 2890 4647 nulla
2933 4607 3203 4663 prorsus.
3238 4590 3383 4646 Cum
3433 4590 3590 4644 enim
3622 4588 3687 4643 li.

257 4674 484 4731 tuentis
514 4680 572 4731 et
593 4675 979 4747 inspicientis,
1007 4676 1120 4733 ﬁxo
1159 4682 1352 4733 autem
1404 4678 1550 4748 pede
1597 4677 1779 4733 errori
1807 4693 1906 4733 ειε-
1941 4674 1987 4740 Β
2020 4683 2226 4740 herum
2261 4682 2433 4738 nobis
2464 4680 2669 4736 mundi
2701 4680 2906 4752 Opifex
2938 4679 3247 4735 arbitrium
3302 4677 3679 4741 concesserit,

257 4771 487 4822 trorum
514 4766 815 4835 inhaereat,
876 4768 978 4839 qui
1033 4769 1153 4837 fiet,
1186 4774 1249 4824 ut
1302 4769 1352 4824 si
1389 4767 1536 4825 nihil
1561 4767 1720 4824 aliud
1753 4772 1908 4840 agat,

257 4855 524 4911 oratione
554 4863 747 4913 tamen
777 4856 896 4913 vim
955 4857 1158 4929 pietati
1210 4859 1414 4915 afferre
1468 4874 1582 4913 non
1626 4856 1909 4924 videatur,

258 4960 396 5003 cum
431 4951 684 5003 mentem
735 4947 1000 5004 barbaris
1060 4949 1323 5005 moribus
1380 4948 1646 5007 inliciat?
1696 4949 1912 5006 Gentes

260 5036 419 5091 enim
447 5052 576 5107 quae
605 5036 788 5093 Deum
823 5055 937 5094 non
971 5044 1206 5109 norunt,
1266 5049 1554 5097 astrorum
1613 5037 1819 5110 ﬁguris
1853 5042 1912 5096 et

259 5125 827 5193 constellationibus,
869 5128 1025 5185 velut
1075 5129 1304 5185 hiantes
1361 5128 1717 5186 Mamacuthi
1769 5126 1911 5200 (55),

257 5212 593 5270 innituntur
652 5232 665 5271 :
726 5222 785 5272 et
841 5233 1044 5273 eorum
1105 5218 1405 5274 effectibus
1463 5217 1908 5290 obstupescunt.

256 5301 414 5360 Deus
473 5321 646 5376 porro
700 5305 820 5363 haec
869 5307 1005 5377 jure
1063 5306 1134 5362 de
1182 5306 1297 5363 illis
1355 5307 1614 5363 dixerit:
1666 5307 1909 5380 Populus

254 5391 346 5448 hic
374 5392 537 5450 labiis
610 5412 697 5454 me
768 5396 1019 5467 honorat,
1077 5412 1170 5453 cor
1225 5400 1410 5454 autem
1481 5412 1674 5454 eorum
1748 5396 1913 5468 longe

330 5536 373 5573 ¹¹
409 5540 520 5596 Isa.
546 5556 671 5609 XIII,
707 5543 795 5609 14,

257 5606 314 5676 7,
340 5610 394 5665 9.
474 5611 519 5648 “
553 5606 701 5669 Ibid.
737 5606 928 5671 17-19.

876 5544 919 5580 ι’
949 5540 1136 5601 Galat.
1169 5560 1256 5616 ιιι,
1287 5544 1444 5599 8-12.
1525 5544 1570 5580 ιδ
1596 5542 1747 5601 Psal.
1783 5560 1913 5615 an,

2082 5541 2128 5577 4‘
2161 5541 2271 5598 Isa.
2306 5557 2462 5608 xxxx,
2497 5539 2601 5608 t3;
2635 5540 2842 5602 Matth.
2875 5559 2968 5614 xv,
3004 5544 3057 5598 8.

2024 4774 2286 4830 actiones
2318 4776 2532 4827 nostrae
2566 4770 2624 4825 in
2658 4774 2943 4842 potestate
2974 4773 3177 4825 nostra
3207 4773 3366 4826 sunt.
3402 4768 3461 4823 Si
3522 4768 3681 4823 enim

2022 4861 2350 4918 secundum
2383 4867 2678 4916 astrorum
2714 4875 2948 4915 cursum
2982 4859 3180 4914 omnia
3218 4857 3486 4924 facimus,
3519 4872 3679 4927 qua:-

2023 4965 2256 5023 cunque
2276 4949 2515 5006 tandem
2548 4965 2584 5005 a
2615 4947 2784 5004 nobis
2818 4948 2981 5015 ﬁant,
3013 4964 3080 5003 ea
3113 4947 3446 5003 necessario
3496 4946 3672 5003 fiunt.

2021 5041 2183 5105 Quod
2214 5044 2410 5097 autem
2445 5039 2777 5096 necessario
2811 5039 2897 5108 ﬁt,
2933 5055 3122 5110 neque
3153 5039 3339 5094 virtus
3385 5038 3468 5108 id,
3499 5050 3688 5107 neque

2022 5131 2230 5186 vitium
2260 5132 2369 5184 est.
2401 5126 2529 5183 Jam
2584 5128 2634 5183 si
2685 5145 2872 5201 neque
2915 5127 3191 5183 virtutem
3245 5142 3435 5199 neque
3475 5126 3683 5181 vitium

2021 5234 2434 5290 assequamur,
2467 5217 2693 5289 indigni
2727 5233 2957 5287 sumus,
2995 5220 3096 5291 qui
3144 5217 3420 5273 laudibus
3462 5220 3565 5271 aut
3596 5231 3688 5271 co-

2021 5308 2181 5365 ronis
2212 5308 2579 5372 decoremur,
2615 5307 2958 5379 probrisque
2992 5313 3094 5363 aut
3126 5305 3435 5378 suppliciis
3466 5305 3682 5360 allicia-

2023 5412 2174 5453 mur.
2205 5394 2327 5450 Imo
2357 5393 2512 5449 Deus
2565 5391 2692 5464 ipse
2740 5395 3003 5467 injustus
3049 5395 3543 5469 deprehendetur,
3579 5393 3683 5465 qui

3142 5543 3190 5578 ‘5
3231 5545 3437 5603 Ezech.
3478 5559 3604 5615 xm,
3628 5544 3686 5612 3,

332 5723 447 5804 (55)
481 5727 862 5790 Proverbium
892 5731 1407 5807 Aristophanicum
1439 5751 1474 5791 a
1505 5732 1660 5792 fatuo
1693 5732 2064 5792 Mamacutho
2094 5732 2356 5790 ductum.
