  <div class='ocr_page' id='page_1' title='image "/cluster/home/n/w/nwhite01/storage/ocr_20150623/139:no.1/coo.31924054870443/683.png"; bbox 0 0 4054 6408; ppageno 0'>
   <div class='ocr_carea' id='block_1_1' title="bbox 378 421 538 483">
    <p class='ocr_par' dir='ltr' id='par_1_1' title="bbox 378 421 538 483">
     <span class='ocr_line' id='line_1_1' title="bbox 378 421 538 483; baseline -0.006 -3"><span class='ocrx_word' id='word_1_1' title='bbox 378 421 403 480; x_wconf 79' lang='grc'><strong>1</strong></span> <span class='ocrx_word' id='word_1_2' title='bbox 422 422 538 483; x_wconf 76' lang='grc'><strong>347</strong></span> 
     </span>
    </p>
   </div>
   <div class='ocr_carea' id='block_1_2' title="bbox 1703 414 2489 479">
    <p class='ocr_par' dir='ltr' id='par_1_2' title="bbox 1703 414 2489 479">
     <span class='ocr_line' id='line_1_2' title="bbox 1703 414 2489 479; baseline 0.001 -1"><span class='ocrx_word' id='word_1_3' title='bbox 1703 414 2027 478; x_wconf 78' lang='grc' dir='ltr'><strong>ΝΙΟΕΤιΕ</strong></span> <span class='ocrx_word' id='word_1_4' title='bbox 2068 414 2489 479; x_wconf 68' lang='grc' dir='ltr'><strong>ΟΗΟΝΙΑΤΛεΞ</strong></span> 
     </span>
    </p>
   </div>
   <div class='ocr_carea' id='block_1_3' title="bbox 3652 418 3824 487">
    <p class='ocr_par' dir='ltr' id='par_1_3' title="bbox 3652 418 3824 487">
     <span class='ocr_line' id='line_1_3' title="bbox 3652 418 3824 487; baseline -0.012 0"><span class='ocrx_word' id='word_1_5' title='bbox 3652 418 3824 487; x_wconf 76' lang='grc'><strong>1348</strong></span> 
     </span>
    </p>
   </div>
   <div class='ocr_carea' id='block_1_4' title="bbox 376 549 3805 631">
    <p class='ocr_par' dir='ltr' id='par_1_4' title="bbox 376 549 3805 631">
     <span class='ocr_line' id='line_1_4' title="bbox 376 549 3805 631; baseline 0.002 -18"><span class='ocrx_word' id='word_1_6' title='bbox 376 558 471 613; x_wconf 92' lang='lat' dir='ltr'><strong>his</strong></span> <span class='ocrx_word' id='word_1_7' title='bbox 502 556 742 629; x_wconf 90' lang='lat' dir='ltr'><strong>quidem</strong></span> <span class='ocrx_word' id='word_1_8' title='bbox 776 554 950 623; x_wconf 91' lang='lat' dir='ltr'><strong>bona,</strong></span> <span class='ocrx_word' id='word_1_9' title='bbox 983 554 1101 612; x_wconf 86' lang='lat' dir='ltr'><strong>illis</strong></span> <span class='ocrx_word' id='word_1_10' title='bbox 1129 569 1265 610; x_wconf 88' lang='lat' dir='ltr'><strong>vero</strong></span> <span class='ocrx_word' id='word_1_11' title='bbox 1323 551 1668 609; x_wconf 83' lang='lat' dir='ltr'><strong>afﬂictiones</strong></span> <span class='ocrx_word' id='word_1_12' title='bbox 1714 549 2015 620; x_wconf 89' lang='lat' dir='ltr'><strong>immittat,</strong></span> <span class='ocrx_word' id='word_1_13' title='bbox 2048 554 2100 620; x_wconf 80' lang='grc' dir='ltr'><strong>Α</strong></span> <span class='ocrx_word' id='word_1_14' title='bbox 2129 555 2240 618; x_wconf 90' lang='lat' dir='ltr'><strong>est,</strong></span> <span class='ocrx_word' id='word_1_15' title='bbox 2274 553 2376 625; x_wconf 85' lang='lat' dir='ltr'><strong>qui</strong></span> <span class='ocrx_word' id='word_1_16' title='bbox 2406 553 2477 610; x_wconf 92' lang='lat' dir='ltr'><strong>de</strong></span> <span class='ocrx_word' id='word_1_17' title='bbox 2506 552 2623 611; x_wconf 92' lang='lat' dir='ltr'><strong>Deo</strong></span> <span class='ocrx_word' id='word_1_18' title='bbox 2653 554 2893 610; x_wconf 80' lang='lat' dir='ltr'><strong>tandem</strong></span> <span class='ocrx_word' id='word_1_19' title='bbox 2929 553 3023 627; x_wconf 89' lang='lat' dir='ltr'><strong>pie</strong></span> <span class='ocrx_word' id='word_1_20' title='bbox 3052 557 3271 614; x_wconf 89' lang='lat' dir='ltr'><strong>sentire</strong></span> <span class='ocrx_word' id='word_1_21' title='bbox 3328 566 3652 631; x_wconf 77' lang='lat' dir='ltr'><strong>cmperunt,</strong></span> <span class='ocrx_word' id='word_1_22' title='bbox 3684 577 3805 618; x_wconf 88' lang='lat' dir='ltr'><strong>nec</strong></span> 
     </span>
    </p>
   </div>
   <div class='ocr_carea' id='block_1_5' title="bbox 375 643 2029 719">
    <p class='ocr_par' dir='ltr' id='par_1_5' title="bbox 375 643 2029 719">
     <span class='ocr_line' id='line_1_5' title="bbox 375 643 2029 719; baseline -0.005 -15"><span class='ocrx_word' id='word_1_23' title='bbox 375 663 571 719; x_wconf 90' lang='lat' dir='ltr'><strong>neque</strong></span> <span class='ocrx_word' id='word_1_24' title='bbox 602 662 670 702; x_wconf 90' lang='lat' dir='ltr'><strong>ea</strong></span> <span class='ocrx_word' id='word_1_25' title='bbox 700 663 827 718; x_wconf 69' lang='lat' dir='ltr'><strong>qua:</strong></span> <span class='ocrx_word' id='word_1_26' title='bbox 858 645 1075 702; x_wconf 88' lang='lat' dir='ltr'><strong>creavit</strong></span> <span class='ocrx_word' id='word_1_27' title='bbox 1105 643 1471 717; x_wconf 78' lang='lat' dir='ltr'><strong>providentia</strong></span> <span class='ocrx_word' id='word_1_28' title='bbox 1500 659 1604 699; x_wconf 89' lang='lat' dir='ltr'><strong>sua</strong></span> <span class='ocrx_word' id='word_1_29' title='bbox 1623 657 1817 713; x_wconf 84' lang='lat' dir='ltr'><strong>regere</strong></span> <span class='ocrx_word' id='word_1_30' title='bbox 1846 644 2029 710; x_wconf 88' lang='lat' dir='ltr'><strong>curet,</strong></span> 
     </span>
    </p>
   </div>
   <div class='ocr_carea' id='block_1_6' title="bbox 376 731 2033 805">
    <p class='ocr_par' dir='ltr' id='par_1_6' title="bbox 376 731 2033 805">
     <span class='ocr_line' id='line_1_6' title="bbox 376 731 2033 805; baseline -0.004 -13"><span class='ocrx_word' id='word_1_31' title='bbox 376 737 427 792; x_wconf 87' lang='lat' dir='ltr'><strong>si</strong></span> <span class='ocrx_word' id='word_1_32' title='bbox 462 736 790 792; x_wconf 86' lang='lat' dir='ltr'><strong>necessario</strong></span> <span class='ocrx_word' id='word_1_33' title='bbox 823 739 1035 791; x_wconf 87' lang='lat' dir='ltr'><strong>cuncta</strong></span> <span class='ocrx_word' id='word_1_34' title='bbox 1065 749 1282 805; x_wconf 91' lang='lat' dir='ltr'><strong>susque</strong></span> <span class='ocrx_word' id='word_1_35' title='bbox 1336 733 1527 803; x_wconf 82' lang='lat' dir='ltr'><strong>deque</strong></span> <span class='ocrx_word' id='word_1_36' title='bbox 1582 732 1863 787; x_wconf 90' lang='lat' dir='ltr'><strong>ferantur.</strong></span> <span class='ocrx_word' id='word_1_37' title='bbox 1909 731 2033 786; x_wconf 90' lang='lat' dir='ltr'><strong>lmo</strong></span> 
     </span>
    </p>
   </div>
   <div class='ocr_carea' id='block_1_7' title="bbox 379 819 2032 896">
    <p class='ocr_par' dir='ltr' id='par_1_7' title="bbox 379 819 2032 896">
     <span class='ocr_line' id='line_1_7' title="bbox 379 819 2032 896; baseline -0.005 -15"><span class='ocrx_word' id='word_1_38' title='bbox 379 826 557 882; x_wconf 89' lang='lat' dir='ltr'><strong>etiam</strong></span> <span class='ocrx_word' id='word_1_39' title='bbox 591 824 889 896; x_wconf 85' lang='lat' dir='ltr'><strong>superflua</strong></span> <span class='ocrx_word' id='word_1_40' title='bbox 919 824 977 878; x_wconf 90' lang='lat' dir='ltr'><strong>in</strong></span> <span class='ocrx_word' id='word_1_41' title='bbox 1010 823 1177 879; x_wconf 87' lang='lat' dir='ltr'><strong>nobis</strong></span> <span class='ocrx_word' id='word_1_42' title='bbox 1206 839 1273 878; x_wconf 90' lang='lat' dir='ltr'><strong>ea</strong></span> <span class='ocrx_word' id='word_1_43' title='bbox 1300 838 1433 893; x_wconf 90' lang='lat' dir='ltr'><strong>pars</strong></span> <span class='ocrx_word' id='word_1_44' title='bbox 1459 821 1668 877; x_wconf 71' lang='lat' dir='ltr'><strong>animis</strong></span> <span class='ocrx_word' id='word_1_45' title='bbox 1700 819 2032 890; x_wconf 77' lang='lat' dir='ltr'><strong>fuerit,qua3</strong></span> 
     </span>
    </p>
   </div>
   <div class='ocr_carea' id='block_1_8' title="bbox 376 909 2033 987">
    <p class='ocr_par' dir='ltr' id='par_1_8' title="bbox 376 909 2033 987">
     <span class='ocr_line' id='line_1_8' title="bbox 376 909 2033 987; baseline -0.004 -15"><span class='ocrx_word' id='word_1_46' title='bbox 376 916 620 973; x_wconf 78' lang='lat' dir='ltr'><strong>rationis</strong></span> <span class='ocrx_word' id='word_1_47' title='bbox 650 920 738 973; x_wconf 89' lang='lat' dir='ltr'><strong>est</strong></span> <span class='ocrx_word' id='word_1_48' title='bbox 769 915 1080 987; x_wconf 77' lang='lat' dir='ltr'><strong>particeps.</strong></span> <span class='ocrx_word' id='word_1_49' title='bbox 1111 914 1257 969; x_wconf 90' lang='lat' dir='ltr'><strong>Nam</strong></span> <span class='ocrx_word' id='word_1_50' title='bbox 1287 913 1333 968; x_wconf 89' lang='lat' dir='ltr'><strong>si</strong></span> <span class='ocrx_word' id='word_1_51' title='bbox 1356 911 1578 968; x_wconf 82' lang='lat' dir='ltr'><strong>nullius</strong></span> <span class='ocrx_word' id='word_1_52' title='bbox 1600 909 1847 967; x_wconf 83' lang='lat' dir='ltr'><strong>actionis</strong></span> <span class='ocrx_word' id='word_1_53' title='bbox 1873 925 2033 966; x_wconf 87' lang='lat' dir='ltr'><strong>com-</strong></span> 
     </span>
    </p>
   </div>
   <div class='ocr_carea' id='block_1_9' title="bbox 379 998 2032 1078">
    <p class='ocr_par' dir='ltr' id='par_1_9' title="bbox 379 998 2032 1078">
     <span class='ocr_line' id='line_1_9' title="bbox 379 998 2032 1078; baseline -0.005 -16"><span class='ocrx_word' id='word_1_54' title='bbox 379 1010 545 1078; x_wconf 83' lang='lat' dir='ltr'><strong>potes</strong></span> <span class='ocrx_word' id='word_1_55' title='bbox 576 1020 807 1071; x_wconf 90' lang='lat' dir='ltr'><strong>sumus,</strong></span> <span class='ocrx_word' id='word_1_56' title='bbox 841 1004 1057 1060; x_wconf 89' lang='lat' dir='ltr'><strong>frustra</strong></span> <span class='ocrx_word' id='word_1_57' title='bbox 1084 998 1842 1058; x_wconf 87' lang='lat' dir='ltr'><strong>deliberamus.Rationalis</strong></span> <span class='ocrx_word' id='word_1_58' title='bbox 1874 998 2032 1054; x_wconf 91' lang='lat' dir='ltr'><strong>enim</strong></span> 
     </span>
    </p>
   </div>
   <div class='ocr_carea' id='block_1_10' title="bbox 378 1088 2035 1167">
    <p class='ocr_par' dir='ltr' id='par_1_10' title="bbox 378 1088 2035 1167">
     <span class='ocr_line' id='line_1_10' title="bbox 378 1088 2035 1167; baseline -0.005 -15"><span class='ocrx_word' id='word_1_59' title='bbox 378 1112 515 1167; x_wconf 82' lang='lat' dir='ltr'><strong>pars</strong></span> <span class='ocrx_word' id='word_1_60' title='bbox 548 1096 757 1151; x_wconf 83' lang='lat' dir='ltr'><strong>animae</strong></span> <span class='ocrx_word' id='word_1_61' title='bbox 790 1092 1131 1150; x_wconf 86' lang='lat' dir='ltr'><strong>hominibus</strong></span> <span class='ocrx_word' id='word_1_62' title='bbox 1164 1091 1519 1148; x_wconf 89' lang='lat' dir='ltr'><strong>deliberandi</strong></span> <span class='ocrx_word' id='word_1_63' title='bbox 1545 1090 1730 1163; x_wconf 83' lang='lat' dir='ltr'><strong>gratia</strong></span> <span class='ocrx_word' id='word_1_64' title='bbox 1754 1088 2035 1145; x_wconf 85' lang='lat' dir='ltr'><strong>divinitus</strong></span> 
     </span>
    </p>
   </div>
   <div class='ocr_carea' id='block_1_11' title="bbox 379 1179 2032 1242">
    <p class='ocr_par' dir='ltr' id='par_1_11' title="bbox 379 1179 2032 1242">
     <span class='ocr_line' id='line_1_11' title="bbox 379 1179 2032 1242; baseline -0.005 0"><span class='ocrx_word' id='word_1_65' title='bbox 379 1187 515 1242; x_wconf 89' lang='lat' dir='ltr'><strong>data</strong></span> <span class='ocrx_word' id='word_1_66' title='bbox 544 1190 652 1242; x_wconf 88' lang='lat' dir='ltr'><strong>est.</strong></span> <span class='ocrx_word' id='word_1_67' title='bbox 686 1188 767 1240; x_wconf 79' lang='lat' dir='ltr'><strong>Ex</strong></span> <span class='ocrx_word' id='word_1_68' title='bbox 796 1184 1219 1240; x_wconf 80' lang='lat' dir='ltr'><strong>deliberatione</strong></span> <span class='ocrx_word' id='word_1_69' title='bbox 1267 1186 1465 1240; x_wconf 90' lang='lat' dir='ltr'><strong>autem</strong></span> <span class='ocrx_word' id='word_1_70' title='bbox 1508 1180 1656 1238; x_wconf 80' lang='lat' dir='ltr'><strong>ratio</strong></span> <span class='ocrx_word' id='word_1_71' title='bbox 1700 1188 1756 1237; x_wconf 89' lang='lat' dir='ltr'><strong>et</strong></span> <span class='ocrx_word' id='word_1_72' title='bbox 1781 1179 2032 1235; x_wconf 90' lang='lat' dir='ltr'><strong>liberum</strong></span> 
     </span>
    </p>
   </div>
   <div class='ocr_carea' id='block_1_12' title="bbox 378 1273 1076 1332">
    <p class='ocr_par' dir='ltr' id='par_1_12' title="bbox 378 1273 1076 1332">
     <span class='ocr_line' id='line_1_12' title="bbox 378 1273 1076 1332; baseline -0.001 -1"><span class='ocrx_word' id='word_1_73' title='bbox 378 1275 685 1332; x_wconf 79' lang='lat' dir='ltr'><strong>arbitrium</strong></span> <span class='ocrx_word' id='word_1_74' title='bbox 717 1273 1076 1330; x_wconf 84' lang='lat' dir='ltr'><strong>elucescunt.</strong></span> 
     </span>
    </p>
   </div>
   <div class='ocr_carea' id='block_1_13' title="bbox 447 1362 2036 1436">
    <p class='ocr_par' dir='ltr' id='par_1_13' title="bbox 447 1362 2036 1436">
     <span class='ocr_line' id='line_1_13' title="bbox 447 1362 2036 1436; baseline -0.004 -15"><span class='ocrx_word' id='word_1_75' title='bbox 447 1366 652 1436; x_wconf 79' lang='lat' dir='ltr'><strong>Itaque</strong></span> <span class='ocrx_word' id='word_1_76' title='bbox 682 1362 881 1420; x_wconf 90' lang='lat' dir='ltr'><strong>stellas</strong></span> <span class='ocrx_word' id='word_1_77' title='bbox 913 1363 1136 1419; x_wconf 82' lang='lat' dir='ltr'><strong>nullius</strong></span> <span class='ocrx_word' id='word_1_78' title='bbox 1190 1377 1392 1419; x_wconf 89' lang='lat' dir='ltr'><strong>eorum</strong></span> <span class='ocrx_word' id='word_1_79' title='bbox 1444 1377 1571 1433; x_wconf 82' lang='lat' dir='ltr'><strong>quae</strong></span> <span class='ocrx_word' id='word_1_80' title='bbox 1625 1363 1768 1416; x_wconf 91' lang='lat' dir='ltr'><strong>sunt</strong></span> <span class='ocrx_word' id='word_1_81' title='bbox 1824 1373 2036 1415; x_wconf 87' lang='lat' dir='ltr'><strong>causas</strong></span> 
     </span>
    </p>
   </div>
   <div class='ocr_carea' id='block_1_14' title="bbox 383 1449 2037 1523">
    <p class='ocr_par' dir='ltr' id='par_1_14' title="bbox 383 1449 2037 1523">
     <span class='ocr_line' id='line_1_14' title="bbox 383 1449 2037 1523; baseline -0.005 -12"><span class='ocrx_word' id='word_1_82' title='bbox 383 1458 608 1523; x_wconf 89' lang='lat' dir='ltr'><strong>esse,ut</strong></span> <span class='ocrx_word' id='word_1_83' title='bbox 637 1470 742 1510; x_wconf 90' lang='lat' dir='ltr'><strong>nec</strong></span> <span class='ocrx_word' id='word_1_84' title='bbox 764 1469 831 1510; x_wconf 86' lang='lat' dir='ltr'><strong>ex</strong></span> <span class='ocrx_word' id='word_1_85' title='bbox 854 1455 1027 1510; x_wconf 88' lang='lat' dir='ltr'><strong>rebus</strong></span> <span class='ocrx_word' id='word_1_86' title='bbox 1050 1452 1262 1509; x_wconf 80' lang='lat' dir='ltr'><strong>creatis</strong></span> <span class='ocrx_word' id='word_1_87' title='bbox 1285 1450 1489 1519; x_wconf 90' lang='lat' dir='ltr'><strong>ullam,</strong></span> <span class='ocrx_word' id='word_1_88' title='bbox 1521 1454 1695 1523; x_wconf 88' lang='lat' dir='ltr'><strong>atque</strong></span> <span class='ocrx_word' id='word_1_89' title='bbox 1744 1449 1888 1506; x_wconf 91' lang='lat' dir='ltr'><strong>adeo</strong></span> <span class='ocrx_word' id='word_1_90' title='bbox 1934 1463 2037 1503; x_wconf 86' lang='lat' dir='ltr'><strong>ne-</strong></span> 
     </span>
    </p>
   </div>
   <div class='ocr_carea' id='block_1_15' title="bbox 383 1537 2038 1620">
    <p class='ocr_par' dir='ltr' id='par_1_15' title="bbox 383 1537 2038 1620">
     <span class='ocr_line' id='line_1_15' title="bbox 383 1537 2038 1620; baseline -0.007 -17"><span class='ocrx_word' id='word_1_91' title='bbox 383 1562 498 1620; x_wconf 93' lang='lat' dir='ltr'><strong>que</strong></span> <span class='ocrx_word' id='word_1_92' title='bbox 528 1545 600 1602; x_wconf 90' lang='lat' dir='ltr'><strong>iis</strong></span> <span class='ocrx_word' id='word_1_93' title='bbox 631 1561 758 1619; x_wconf 73' lang='lat' dir='ltr'><strong>qua:</strong></span> <span class='ocrx_word' id='word_1_94' title='bbox 792 1548 931 1601; x_wconf 89' lang='lat' dir='ltr'><strong>sunt</strong></span> <span class='ocrx_word' id='word_1_95' title='bbox 951 1548 1167 1613; x_wconf 90' lang='lat' dir='ltr'><strong>ortum,</strong></span> <span class='ocrx_word' id='word_1_96' title='bbox 1200 1556 1392 1615; x_wconf 89' lang='lat' dir='ltr'><strong>neque</strong></span> <span class='ocrx_word' id='word_1_97' title='bbox 1419 1542 1494 1598; x_wconf 89' lang='lat' dir='ltr'><strong>iis</strong></span> <span class='ocrx_word' id='word_1_98' title='bbox 1516 1558 1645 1613; x_wconf 73' lang='lat' dir='ltr'><strong>quaa</strong></span> <span class='ocrx_word' id='word_1_99' title='bbox 1676 1537 2038 1620; x_wconf 79' lang='lat' dir='ltr'><strong>corruptioni</strong></span> 
     </span>
    </p>
   </div>
   <div class='ocr_carea' id='block_1_16' title="bbox 383 1614 2041 1703">
    <p class='ocr_par' dir='ltr' id='par_1_16' title="bbox 383 1614 2041 1703">
     <span class='ocr_line' id='line_1_16' title="bbox 383 1614 2041 1703; baseline -0.007 -11"><span class='ocrx_word' id='word_1_100' title='bbox 383 1636 636 1692; x_wconf 89' lang='lat' dir='ltr'><strong>obnoxia</strong></span> <span class='ocrx_word' id='word_1_101' title='bbox 666 1639 805 1693; x_wconf 90' lang='lat' dir='ltr'><strong>sunt</strong></span> <span class='ocrx_word' id='word_1_102' title='bbox 836 1634 1138 1692; x_wconf 90' lang='lat' dir='ltr'><strong>interitum</strong></span> <span class='ocrx_word' id='word_1_103' title='bbox 1178 1614 1402 1697; x_wconf 72' lang='lat' dir='ltr'><strong>afferre,</strong></span> <span class='ocrx_word' id='word_1_104' title='bbox 1436 1632 1554 1686; x_wconf 91' lang='lat' dir='ltr'><strong>imo</strong></span> <span class='ocrx_word' id='word_1_105' title='bbox 1592 1628 1949 1703; x_wconf 89' lang='lat' dir='ltr'><strong>pluviarum,</strong></span> <span class='ocrx_word' id='word_1_106' title='bbox 1982 1614 2041 1681; x_wconf 77' lang='lat' dir='ltr'><strong>et</strong></span> 
     </span>
    </p>
   </div>
   <div class='ocr_carea' id='block_1_17' title="bbox 380 1718 2038 1794">
    <p class='ocr_par' dir='ltr' id='par_1_17' title="bbox 380 1718 2038 1794">
     <span class='ocr_line' id='line_1_17' title="bbox 380 1718 2038 1794; baseline -0.007 -12"><span class='ocrx_word' id='word_1_107' title='bbox 380 1726 722 1783; x_wconf 87' lang='lat' dir='ltr'><strong>earumdem</strong></span> <span class='ocrx_word' id='word_1_108' title='bbox 756 1724 1040 1791; x_wconf 89' lang='lat' dir='ltr'><strong>defectus,</strong></span> <span class='ocrx_word' id='word_1_109' title='bbox 1074 1726 1251 1794; x_wconf 90' lang='lat' dir='ltr'><strong>atque</strong></span> <span class='ocrx_word' id='word_1_110' title='bbox 1278 1724 1619 1777; x_wconf 72' lang='lat' dir='ltr'><strong>caeterarum</strong></span> <span class='ocrx_word' id='word_1_111' title='bbox 1651 1718 1803 1774; x_wconf 89' lang='lat' dir='ltr'><strong>aeris</strong></span> <span class='ocrx_word' id='word_1_112' title='bbox 1833 1721 2038 1772; x_wconf 91' lang='lat' dir='ltr'><strong>muta-</strong></span> 
     </span>
    </p>
   </div>
   <div class='ocr_carea' id='block_1_18' title="bbox 381 1804 2039 1887">
    <p class='ocr_par' dir='ltr' id='par_1_18' title="bbox 381 1804 2039 1887">
     <span class='ocr_line' id='line_1_18' title="bbox 381 1804 2039 1887; baseline -0.008 -16"><span class='ocrx_word' id='word_1_113' title='bbox 381 1816 613 1871; x_wconf 87' lang='lat' dir='ltr'><strong>tionum</strong></span> <span class='ocrx_word' id='word_1_114' title='bbox 646 1814 815 1887; x_wconf 90' lang='lat' dir='ltr'><strong>signa</strong></span> <span class='ocrx_word' id='word_1_115' title='bbox 846 1829 976 1869; x_wconf 88' lang='lat' dir='ltr'><strong>esse</strong></span> <span class='ocrx_word' id='word_1_116' title='bbox 1032 1810 1306 1867; x_wconf 89' lang='lat' dir='ltr'><strong>dicimus.</strong></span> <span class='ocrx_word' id='word_1_117' title='bbox 1374 1810 1489 1865; x_wconf 90' lang='lat' dir='ltr'><strong>Nec</strong></span> <span class='ocrx_word' id='word_1_118' title='bbox 1547 1807 1701 1864; x_wconf 93' lang='lat' dir='ltr'><strong>male</strong></span> <span class='ocrx_word' id='word_1_119' title='bbox 1734 1806 1877 1863; x_wconf 88' lang='lat' dir='ltr'><strong>forte</strong></span> <span class='ocrx_word' id='word_1_120' title='bbox 1907 1804 2039 1877; x_wconf 90' lang='lat' dir='ltr'><strong>quis</strong></span> 
     </span>
    </p>
   </div>
   <div class='ocr_carea' id='block_1_19' title="bbox 382 1894 2038 1971">
    <p class='ocr_par' dir='ltr' id='par_1_19' title="bbox 382 1894 2038 1971">
     <span class='ocr_line' id='line_1_19' title="bbox 382 1894 2038 1971; baseline -0.007 -11"><span class='ocrx_word' id='word_1_121' title='bbox 382 1907 669 1971; x_wconf 89' lang='lat' dir='ltr'><strong>autumet,</strong></span> <span class='ocrx_word' id='word_1_122' title='bbox 702 1919 800 1958; x_wconf 91' lang='lat' dir='ltr'><strong>eas</strong></span> <span class='ocrx_word' id='word_1_123' title='bbox 850 1901 1136 1958; x_wconf 87' lang='lat' dir='ltr'><strong>bellorum</strong></span> <span class='ocrx_word' id='word_1_124' title='bbox 1196 1899 1436 1971; x_wconf 89' lang='lat' dir='ltr'><strong>quidem</strong></span> <span class='ocrx_word' id='word_1_125' title='bbox 1496 1896 1813 1969; x_wconf 90' lang='lat' dir='ltr'><strong>aliquando</strong></span> <span class='ocrx_word' id='word_1_126' title='bbox 1872 1894 2038 1966; x_wconf 87' lang='lat' dir='ltr'><strong>signa</strong></span> 
     </span>
    </p>
   </div>
   <div class='ocr_carea' id='block_1_20' title="bbox 381 1984 2038 2059">
    <p class='ocr_par' dir='ltr' id='par_1_20' title="bbox 381 1984 2038 2059">
     <span class='ocr_line' id='line_1_20' title="bbox 381 1984 2038 2059; baseline -0.007 -9"><span class='ocrx_word' id='word_1_127' title='bbox 381 2008 533 2059; x_wconf 90' lang='lat' dir='ltr'><strong>esse,</strong></span> <span class='ocrx_word' id='word_1_128' title='bbox 566 2009 778 2049; x_wconf 90' lang='lat' dir='ltr'><strong>causas</strong></span> <span class='ocrx_word' id='word_1_129' title='bbox 834 2008 968 2047; x_wconf 89' lang='lat' dir='ltr'><strong>vero</strong></span> <span class='ocrx_word' id='word_1_130' title='bbox 1016 2007 1132 2046; x_wconf 91' lang='lat' dir='ltr'><strong>non</strong></span> <span class='ocrx_word' id='word_1_131' title='bbox 1192 1990 1356 2045; x_wconf 86' lang='lat' dir='ltr'><strong>item.</strong></span> <span class='ocrx_word' id='word_1_132' title='bbox 1418 1987 1719 2058; x_wconf 89' lang='lat' dir='ltr'><strong>Siquidem</strong></span> <span class='ocrx_word' id='word_1_133' title='bbox 1777 2001 1846 2042; x_wconf 88' lang='lat' dir='ltr'><strong>ex</strong></span> <span class='ocrx_word' id='word_1_134' title='bbox 1887 1984 2038 2041; x_wconf 88' lang='lat' dir='ltr'><strong>aeris</strong></span> 
     </span>
    </p>
   </div>
   <div class='ocr_carea' id='block_1_21' title="bbox 382 2072 2040 2155">
    <p class='ocr_par' dir='ltr' id='par_1_21' title="bbox 382 2072 2040 2155">
     <span class='ocr_line' id='line_1_21' title="bbox 382 2072 2040 2155; baseline -0.007 -15"><span class='ocrx_word' id='word_1_135' title='bbox 382 2083 668 2154; x_wconf 83' lang='lat' dir='ltr'><strong>qualitate</strong></span> <span class='ocrx_word' id='word_1_136' title='bbox 700 2081 815 2155; x_wconf 91' lang='lat' dir='ltr'><strong>(cui</strong></span> <span class='ocrx_word' id='word_1_137' title='bbox 845 2080 959 2136; x_wconf 91' lang='lat' dir='ltr'><strong>alio</strong></span> <span class='ocrx_word' id='word_1_138' title='bbox 991 2083 1167 2151; x_wconf 91' lang='lat' dir='ltr'><strong>atque</strong></span> <span class='ocrx_word' id='word_1_139' title='bbox 1200 2078 1314 2134; x_wconf 90' lang='lat' dir='ltr'><strong>alio</strong></span> <span class='ocrx_word' id='word_1_140' title='bbox 1346 2077 1520 2133; x_wconf 89' lang='lat' dir='ltr'><strong>modo</strong></span> <span class='ocrx_word' id='word_1_141' title='bbox 1565 2093 1599 2132; x_wconf 92' lang='lat' dir='ltr'><strong>a</strong></span> <span class='ocrx_word' id='word_1_142' title='bbox 1646 2074 1768 2132; x_wconf 92' lang='lat' dir='ltr'><strong>sole</strong></span> <span class='ocrx_word' id='word_1_143' title='bbox 1812 2077 1869 2131; x_wconf 91' lang='lat' dir='ltr'><strong>et</strong></span> <span class='ocrx_word' id='word_1_144' title='bbox 1898 2072 2040 2129; x_wconf 90' lang='lat' dir='ltr'><strong>luna</strong></span> 
     </span>
    </p>
   </div>
   <div class='ocr_carea' id='block_1_22' title="bbox 378 2164 2040 2241">
    <p class='ocr_par' dir='ltr' id='par_1_22' title="bbox 378 2164 2040 2241">
     <span class='ocr_line' id='line_1_22' title="bbox 378 2164 2040 2241; baseline -0.007 -11"><span class='ocrx_word' id='word_1_145' title='bbox 378 2174 550 2230; x_wconf 75' lang='lat' dir='ltr'><strong>varia:</strong></span> <span class='ocrx_word' id='word_1_146' title='bbox 582 2171 1005 2241; x_wconf 79' lang='lat' dir='ltr'><strong>concretiones,</strong></span> <span class='ocrx_word' id='word_1_147' title='bbox 1037 2185 1139 2225; x_wconf 90' lang='lat' dir='ltr'><strong>seu</strong></span> <span class='ocrx_word' id='word_1_148' title='bbox 1181 2166 1623 2240; x_wconf 86' lang='lat' dir='ltr'><strong>impressiones,</strong></span> <span class='ocrx_word' id='word_1_149' title='bbox 1657 2164 1950 2234; x_wconf 91' lang='lat' dir='ltr'><strong>accidunt)</strong></span> <span class='ocrx_word' id='word_1_150' title='bbox 1980 2165 2040 2218; x_wconf 89' lang='lat' dir='ltr'><strong>et</strong></span> 
     </span>
    </p>
   </div>
   <div class='ocr_carea' id='block_1_23' title="bbox 379 2252 2037 2319">
    <p class='ocr_par' dir='ltr' id='par_1_23' title="bbox 379 2252 2037 2319">
     <span class='ocr_line' id='line_1_23' title="bbox 379 2252 2037 2319; baseline -0.006 0"><span class='ocrx_word' id='word_1_151' title='bbox 379 2263 623 2319; x_wconf 87' lang='lat' dir='ltr'><strong>habitus</strong></span> <span class='ocrx_word' id='word_1_152' title='bbox 654 2261 712 2316; x_wconf 91' lang='lat' dir='ltr'><strong>in</strong></span> <span class='ocrx_word' id='word_1_153' title='bbox 749 2260 916 2316; x_wconf 91' lang='lat' dir='ltr'><strong>nobis</strong></span> <span class='ocrx_word' id='word_1_154' title='bbox 947 2263 1004 2315; x_wconf 91' lang='lat' dir='ltr'><strong>et</strong></span> <span class='ocrx_word' id='word_1_155' title='bbox 1033 2257 1365 2315; x_wconf 84' lang='lat' dir='ltr'><strong>effectiones</strong></span> <span class='ocrx_word' id='word_1_156' title='bbox 1408 2255 1759 2313; x_wconf 82' lang='lat' dir='ltr'><strong>conﬂantur.</strong></span> <span class='ocrx_word' id='word_1_157' title='bbox 1796 2252 2037 2309; x_wconf 81' lang='lat' dir='ltr'><strong>Habitus</strong></span> 
     </span>
    </p>
   </div>
   <div class='ocr_carea' id='block_1_24' title="bbox 378 2345 2035 2417">
    <p class='ocr_par' dir='ltr' id='par_1_24' title="bbox 378 2345 2035 2417">
     <span class='ocr_line' id='line_1_24' title="bbox 378 2345 2035 2417; baseline -0.005 -9"><span class='ocrx_word' id='word_1_158' title='bbox 378 2360 569 2409; x_wconf 89' lang='lat' dir='ltr'><strong>autem</strong></span> <span class='ocrx_word' id='word_1_159' title='bbox 605 2352 761 2406; x_wconf 90' lang='lat' dir='ltr'><strong>inter</strong></span> <span class='ocrx_word' id='word_1_160' title='bbox 788 2349 893 2404; x_wconf 93' lang='lat' dir='ltr'><strong>illa</strong></span> <span class='ocrx_word' id='word_1_161' title='bbox 949 2352 1282 2417; x_wconf 85' lang='lat' dir='ltr'><strong>censentur,</strong></span> <span class='ocrx_word' id='word_1_162' title='bbox 1342 2362 1469 2417; x_wconf 68' lang='lat' dir='ltr'><strong>quis</strong></span> <span class='ocrx_word' id='word_1_163' title='bbox 1538 2346 1598 2399; x_wconf 90' lang='lat' dir='ltr'><strong>in</strong></span> <span class='ocrx_word' id='word_1_164' title='bbox 1644 2346 1846 2400; x_wconf 88' lang='lat' dir='ltr'><strong>nostra</strong></span> <span class='ocrx_word' id='word_1_165' title='bbox 1875 2345 2035 2414; x_wconf 85' lang='lat' dir='ltr'><strong>pote-</strong></span> 
     </span>
    </p>
   </div>
   <div class='ocr_carea' id='block_1_25' title="bbox 379 2432 2038 2511">
    <p class='ocr_par' dir='ltr' id='par_1_25' title="bbox 379 2432 2038 2511">
     <span class='ocr_line' id='line_1_25' title="bbox 379 2432 2038 2511; baseline -0.007 -13"><span class='ocrx_word' id='word_1_166' title='bbox 379 2445 529 2498; x_wconf 85' lang='lat' dir='ltr'><strong>state</strong></span> <span class='ocrx_word' id='word_1_167' title='bbox 559 2444 698 2496; x_wconf 91' lang='lat' dir='ltr'><strong>sunt</strong></span> <span class='ocrx_word' id='word_1_168' title='bbox 730 2438 943 2511; x_wconf 89' lang='lat' dir='ltr'><strong>posita.</strong></span> <span class='ocrx_word' id='word_1_169' title='bbox 978 2437 1323 2493; x_wconf 83' lang='lat' dir='ltr'><strong>Retinentur</strong></span> <span class='ocrx_word' id='word_1_170' title='bbox 1364 2434 1519 2491; x_wconf 90' lang='lat' dir='ltr'><strong>enim</strong></span> <span class='ocrx_word' id='word_1_171' title='bbox 1570 2432 1821 2504; x_wconf 87' lang='lat' dir='ltr'><strong>ratione,</strong></span> <span class='ocrx_word' id='word_1_172' title='bbox 1852 2435 1910 2489; x_wconf 89' lang='lat' dir='ltr'><strong>et</strong></span> <span class='ocrx_word' id='word_1_173' title='bbox 1949 2446 2038 2488; x_wconf 86' lang='lat' dir='ltr'><strong>re-</strong></span> 
     </span>
    </p>
   </div>
   <div class='ocr_carea' id='block_1_26' title="bbox 378 2528 1113 2597">
    <p class='ocr_par' dir='ltr' id='par_1_26' title="bbox 378 2528 1113 2597">
     <span class='ocr_line' id='line_1_26' title="bbox 378 2528 1113 2597; baseline -0.01 -9"><span class='ocrx_word' id='word_1_174' title='bbox 378 2533 681 2597; x_wconf 83' lang='lat' dir='ltr'><strong>vocantur,</strong></span> <span class='ocrx_word' id='word_1_175' title='bbox 716 2528 766 2584; x_wconf 91' lang='lat' dir='ltr'><strong>si</strong></span> <span class='ocrx_word' id='word_1_176' title='bbox 796 2528 1113 2584; x_wconf 88' lang='lat' dir='ltr'><strong>divertant.</strong></span> 
     </span>
    </p>
   </div>
   <div class='ocr_carea' id='block_1_27' title="bbox 445 2613 2031 2689">
    <p class='ocr_par' dir='ltr' id='par_1_27' title="bbox 445 2613 2031 2689">
     <span class='ocr_line' id='line_1_27' title="bbox 445 2613 2031 2689; baseline -0.007 -10"><span class='ocrx_word' id='word_1_177' title='bbox 445 2622 692 2679; x_wconf 85' lang='lat' dir='ltr'><strong>Lunaris</strong></span> <span class='ocrx_word' id='word_1_178' title='bbox 721 2619 901 2675; x_wconf 90' lang='lat' dir='ltr'><strong>etiam</strong></span> <span class='ocrx_word' id='word_1_179' title='bbox 935 2617 1097 2674; x_wconf 91' lang='lat' dir='ltr'><strong>orbis</strong></span> <span class='ocrx_word' id='word_1_180' title='bbox 1128 2615 1406 2689; x_wconf 86' lang='lat' dir='ltr'><strong>perfectio</strong></span> <span class='ocrx_word' id='word_1_181' title='bbox 1441 2617 1498 2670; x_wconf 91' lang='lat' dir='ltr'><strong>et</strong></span> <span class='ocrx_word' id='word_1_182' title='bbox 1543 2613 1884 2669; x_wconf 86' lang='lat' dir='ltr'><strong>imminutio</strong></span> <span class='ocrx_word' id='word_1_183' title='bbox 1915 2628 2031 2669; x_wconf 91' lang='lat' dir='ltr'><strong>non</strong></span> 
     </span>
    </p>
   </div>
   <div class='ocr_carea' id='block_1_28' title="bbox 379 2702 2032 2785">
    <p class='ocr_par' dir='ltr' id='par_1_28' title="bbox 379 2702 2032 2785">
     <span class='ocr_line' id='line_1_28' title="bbox 379 2702 2032 2785; baseline -0.007 -17"><span class='ocrx_word' id='word_1_184' title='bbox 379 2727 698 2785; x_wconf 86' lang='lat' dir='ltr'><strong>paucarum</strong></span> <span class='ocrx_word' id='word_1_185' title='bbox 724 2708 1119 2764; x_wconf 83' lang='lat' dir='ltr'><strong>mutationum</strong></span> <span class='ocrx_word' id='word_1_186' title='bbox 1140 2708 1447 2772; x_wconf 86' lang='lat' dir='ltr'><strong>causaest,</strong></span> <span class='ocrx_word' id='word_1_187' title='bbox 1472 2707 1539 2760; x_wconf 91' lang='lat' dir='ltr'><strong>ut</strong></span> <span class='ocrx_word' id='word_1_188' title='bbox 1561 2720 1629 2759; x_wconf 88' lang='lat' dir='ltr'><strong>ex</strong></span> <span class='ocrx_word' id='word_1_189' title='bbox 1655 2702 1916 2776; x_wconf 89' lang='lat' dir='ltr'><strong>piscibus</strong></span> <span class='ocrx_word' id='word_1_190' title='bbox 1945 2706 2032 2758; x_wconf 85' lang='lat' dir='ltr'><strong>te-</strong></span> 
     </span>
    </p>
   </div>
   <div class='ocr_carea' id='block_1_29' title="bbox 378 2793 2031 2873">
    <p class='ocr_par' dir='ltr' id='par_1_29' title="bbox 378 2793 2031 2873">
     <span class='ocr_line' id='line_1_29' title="bbox 378 2793 2031 2873; baseline -0.007 -16"><span class='ocrx_word' id='word_1_191' title='bbox 378 2801 558 2858; x_wconf 90' lang='lat' dir='ltr'><strong>stacei</strong></span> <span class='ocrx_word' id='word_1_192' title='bbox 589 2798 842 2873; x_wconf 80' lang='lat' dir='ltr'><strong>generis,</strong></span> <span class='ocrx_word' id='word_1_193' title='bbox 875 2801 933 2854; x_wconf 88' lang='lat' dir='ltr'><strong>et</strong></span> <span class='ocrx_word' id='word_1_194' title='bbox 960 2797 1261 2870; x_wconf 89' lang='lat' dir='ltr'><strong>plerisque</strong></span> <span class='ocrx_word' id='word_1_195' title='bbox 1291 2793 1602 2850; x_wconf 86' lang='lat' dir='ltr'><strong>arboribus</strong></span> <span class='ocrx_word' id='word_1_196' title='bbox 1633 2796 2031 2863; x_wconf 78' lang='lat' dir='ltr'><strong>constat,quss</strong></span> 
     </span>
    </p>
   </div>
   <div class='ocr_carea' id='block_1_30' title="bbox 374 2880 2031 2958">
    <p class='ocr_par' dir='ltr' id='par_1_30' title="bbox 374 2880 2031 2958">
     <span class='ocr_line' id='line_1_30' title="bbox 374 2880 2031 2958; baseline -0.006 -11"><span class='ocrx_word' id='word_1_197' title='bbox 374 2894 648 2947; x_wconf 89' lang='lat' dir='ltr'><strong>crescunt</strong></span> <span class='ocrx_word' id='word_1_198' title='bbox 675 2893 732 2945; x_wconf 89' lang='lat' dir='ltr'><strong>et</strong></span> <span class='ocrx_word' id='word_1_199' title='bbox 762 2888 1131 2952; x_wconf 89' lang='lat' dir='ltr'><strong>decrescunt,</strong></span> <span class='ocrx_word' id='word_1_200' title='bbox 1167 2890 1339 2958; x_wconf 90' lang='lat' dir='ltr'><strong>atque</strong></span> <span class='ocrx_word' id='word_1_201' title='bbox 1397 2883 1832 2956; x_wconf 87' lang='lat' dir='ltr'><strong>quodammodo</strong></span> <span class='ocrx_word' id='word_1_202' title='bbox 1875 2880 2031 2938; x_wconf 75' lang='lat' dir='ltr'><strong>lunae</strong></span> 
     </span>
    </p>
   </div>
   <div class='ocr_carea' id='block_1_31' title="bbox 379 2975 1295 3048">
    <p class='ocr_par' dir='ltr' id='par_1_31' title="bbox 379 2975 1295 3048">
     <span class='ocr_line' id='line_1_31' title="bbox 379 2975 1295 3048; baseline -0.007 -11"><span class='ocrx_word' id='word_1_203' title='bbox 379 2979 804 3037; x_wconf 89' lang='lat' dir='ltr'><strong>mutationibus</strong></span> <span class='ocrx_word' id='word_1_204' title='bbox 837 2975 1295 3048; x_wconf 87' lang='lat' dir='ltr'><strong>compatiuntur.</strong></span> 
     </span>
    </p>
   </div>
   <div class='ocr_carea' id='block_1_32' title="bbox 442 3058 2029 3131">
    <p class='ocr_par' dir='ltr' id='par_1_32' title="bbox 442 3058 2029 3131">
     <span class='ocr_line' id='line_1_32' title="bbox 442 3058 2029 3131; baseline -0.006 -8"><span class='ocrx_word' id='word_1_205' title='bbox 442 3068 746 3125; x_wconf 89' lang='lat' dir='ltr'><strong>Interdum</strong></span> <span class='ocrx_word' id='word_1_206' title='bbox 779 3082 913 3124; x_wconf 91' lang='lat' dir='ltr'><strong>vero</strong></span> <span class='ocrx_word' id='word_1_207' title='bbox 946 3064 1224 3121; x_wconf 82' lang='lat' dir='ltr'><strong>divinitus</strong></span> <span class='ocrx_word' id='word_1_208' title='bbox 1252 3070 1485 3119; x_wconf 73' lang='lat' dir='ltr'><strong>cometis</strong></span> <span class='ocrx_word' id='word_1_209' title='bbox 1543 3059 1896 3128; x_wconf 87' lang='lat' dir='ltr'><strong>conﬂantur,</strong></span> <span class='ocrx_word' id='word_1_210' title='bbox 1928 3058 2029 3131; x_wconf 87' lang='lat' dir='ltr'><strong>qui</strong></span> 
     </span>
    </p>
   </div>
   <div class='ocr_carea' id='block_1_33' title="bbox 373 3147 2026 3230">
    <p class='ocr_par' dir='ltr' id='par_1_33' title="bbox 373 3147 2026 3230">
     <span class='ocr_line' id='line_1_33' title="bbox 373 3147 2026 3230; baseline -0.007 -16"><span class='ocrx_word' id='word_1_211' title='bbox 373 3158 582 3215; x_wconf 90' lang='lat' dir='ltr'><strong>mortis</strong></span> <span class='ocrx_word' id='word_1_212' title='bbox 615 3172 817 3230; x_wconf 85' lang='lat' dir='ltr'><strong>regum</strong></span> <span class='ocrx_word' id='word_1_213' title='bbox 854 3155 1023 3228; x_wconf 90' lang='lat' dir='ltr'><strong>signa</strong></span> <span class='ocrx_word' id='word_1_214' title='bbox 1083 3170 1199 3226; x_wconf 71' lang='lat' dir='ltr'><strong>prae</strong></span> <span class='ocrx_word' id='word_1_215' title='bbox 1257 3167 1319 3208; x_wconf 92' lang='lat' dir='ltr'><strong>se</strong></span> <span class='ocrx_word' id='word_1_216' title='bbox 1361 3151 1593 3218; x_wconf 89' lang='lat' dir='ltr'><strong>ferunt;</strong></span> <span class='ocrx_word' id='word_1_217' title='bbox 1628 3165 1752 3220; x_wconf 68' lang='lat' dir='ltr'><strong>quae</strong></span> <span class='ocrx_word' id='word_1_218' title='bbox 1786 3147 2026 3221; x_wconf 90' lang='lat' dir='ltr'><strong>quidem</strong></span> 
     </span>
    </p>
   </div>
   <div class='ocr_carea' id='block_1_34' title="bbox 373 3236 2029 3313">
    <p class='ocr_par' dir='ltr' id='par_1_34' title="bbox 373 3236 2029 3313">
     <span class='ocr_line' id='line_1_34' title="bbox 373 3236 2029 3313; baseline -0.007 -10"><span class='ocrx_word' id='word_1_219' title='bbox 373 3248 447 3303; x_wconf 86' lang='lat' dir='ltr'><strong>iis</strong></span> <span class='ocrx_word' id='word_1_220' title='bbox 477 3247 537 3302; x_wconf 85' lang='lat' dir='ltr'><strong>in</strong></span> <span class='ocrx_word' id='word_1_221' title='bbox 564 3245 859 3303; x_wconf 89' lang='lat' dir='ltr'><strong>sideribus</strong></span> <span class='ocrx_word' id='word_1_222' title='bbox 890 3259 1006 3299; x_wconf 91' lang='lat' dir='ltr'><strong>non</strong></span> <span class='ocrx_word' id='word_1_223' title='bbox 1039 3243 1489 3313; x_wconf 68' lang='lat' dir='ltr'><strong>apparent,qua:</strong></span> <span class='ocrx_word' id='word_1_224' title='bbox 1520 3239 1593 3293; x_wconf 91' lang='lat' dir='ltr'><strong>ah</strong></span> <span class='ocrx_word' id='word_1_225' title='bbox 1623 3236 1792 3292; x_wconf 88' lang='lat' dir='ltr'><strong>initio</strong></span> <span class='ocrx_word' id='word_1_226' title='bbox 1835 3240 2029 3292; x_wconf 87' lang='lat' dir='ltr'><strong>creata</strong></span> 
     </span>
    </p>
   </div>
   <div class='ocr_carea' id='block_1_35' title="bbox 2137 642 3817 722">
    <p class='ocr_par' dir='ltr' id='par_1_35' title="bbox 2137 642 3817 722">
     <span class='ocr_line' id='line_1_35' title="bbox 2137 642 3817 722; baseline 0.006 -24"><span class='ocrx_word' id='word_1_227' title='bbox 2137 642 2239 699; x_wconf 92' lang='lat' dir='ltr'><strong>illa</strong></span> <span class='ocrx_word' id='word_1_228' title='bbox 2271 646 2343 701; x_wconf 89' lang='lat' dir='ltr'><strong>ab</strong></span> <span class='ocrx_word' id='word_1_229' title='bbox 2374 661 2441 703; x_wconf 91' lang='lat' dir='ltr'><strong>eo</strong></span> <span class='ocrx_word' id='word_1_230' title='bbox 2475 649 2672 718; x_wconf 88' lang='lat' dir='ltr'><strong>petere</strong></span> <span class='ocrx_word' id='word_1_231' title='bbox 2729 647 3131 703; x_wconf 86' lang='lat' dir='ltr'><strong>detrectarunt</strong></span> <span class='ocrx_word' id='word_1_232' title='bbox 3196 663 3327 720; x_wconf 69' lang='lat' dir='ltr'><strong>quas</strong></span> <span class='ocrx_word' id='word_1_233' title='bbox 3374 651 3427 706; x_wconf 92' lang='lat' dir='ltr'><strong>ei</strong></span> <span class='ocrx_word' id='word_1_234' title='bbox 3478 651 3817 722; x_wconf 88' lang='lat' dir='ltr'><strong>peculiaria</strong></span> 
     </span>
    </p>
   </div>
   <div class='ocr_carea' id='block_1_36' title="bbox 2139 735 3822 807">
    <p class='ocr_par' dir='ltr' id='par_1_36' title="bbox 2139 735 3822 807">
     <span class='ocr_line' id='line_1_36' title="bbox 2139 735 3822 807; baseline 0.006 -18"><span class='ocrx_word' id='word_1_235' title='bbox 2139 735 2378 800; x_wconf 79' lang='lat' dir='ltr'><strong>sunt&quot;:</strong></span> <span class='ocrx_word' id='word_1_236' title='bbox 2414 736 2909 807; x_wconf 82' lang='lat' dir='ltr'><strong>quemadmodum</strong></span> <span class='ocrx_word' id='word_1_237' title='bbox 2942 738 3119 793; x_wconf 91' lang='lat' dir='ltr'><strong>etiam</strong></span> <span class='ocrx_word' id='word_1_238' title='bbox 3158 754 3229 794; x_wconf 88' lang='lat' dir='ltr'><strong>ex</strong></span> <span class='ocrx_word' id='word_1_239' title='bbox 3261 739 3446 797; x_wconf 86' lang='lat' dir='ltr'><strong>libera</strong></span> <span class='ocrx_word' id='word_1_240' title='bbox 3472 741 3659 797; x_wconf 84' lang='lat' dir='ltr'><strong>Mosis</strong></span> <span class='ocrx_word' id='word_1_241' title='bbox 3683 760 3822 800; x_wconf 86' lang='lat' dir='ltr'><strong>ora-</strong></span> 
     </span>
    </p>
   </div>
   <div class='ocr_carea' id='block_1_37' title="bbox 2138 824 3817 904">
    <p class='ocr_par' dir='ltr' id='par_1_37' title="bbox 2138 824 3817 904">
     <span class='ocr_line' id='line_1_37' title="bbox 2138 824 3817 904; baseline 0.006 -25"><span class='ocrx_word' id='word_1_242' title='bbox 2138 824 2297 881; x_wconf 91' lang='lat' dir='ltr'><strong>tione</strong></span> <span class='ocrx_word' id='word_1_243' title='bbox 2328 831 2583 895; x_wconf 86' lang='lat' dir='ltr'><strong>constat,</strong></span> <span class='ocrx_word' id='word_1_244' title='bbox 2617 843 2730 899; x_wconf 92' lang='lat' dir='ltr'><strong>qua</strong></span> <span class='ocrx_word' id='word_1_245' title='bbox 2760 844 2875 883; x_wconf 91' lang='lat' dir='ltr'><strong>non</strong></span> <span class='ocrx_word' id='word_1_246' title='bbox 2910 844 3042 884; x_wconf 89' lang='lat' dir='ltr'><strong>raro</strong></span> <span class='ocrx_word' id='word_1_247' title='bbox 3092 828 3446 897; x_wconf 87' lang='lat' dir='ltr'><strong>intercessit,</strong></span> <span class='ocrx_word' id='word_1_248' title='bbox 3480 832 3817 904; x_wconf 83' lang='lat' dir='ltr'><strong>quominus</strong></span> 
     </span>
    </p>
   </div>
   <div class='ocr_carea' id='block_1_38' title="bbox 2143 911 3822 977">
    <p class='ocr_par' dir='ltr' id='par_1_38' title="bbox 2143 911 3822 977">
     <span class='ocr_line' id='line_1_38' title="bbox 2143 911 3822 977; baseline 0.006 -10"><span class='ocrx_word' id='word_1_249' title='bbox 2143 911 2417 968; x_wconf 87' lang='lat' dir='ltr'><strong>Israelem</strong></span> <span class='ocrx_word' id='word_1_250' title='bbox 2453 918 2608 970; x_wconf 91' lang='lat' dir='ltr'><strong>Deus</strong></span> <span class='ocrx_word' id='word_1_251' title='bbox 2645 912 3035 973; x_wconf 88' lang='lat' dir='ltr'><strong>internecioni</strong></span> <span class='ocrx_word' id='word_1_252' title='bbox 3067 917 3233 973; x_wconf 88' lang='lat' dir='ltr'><strong>daret</strong></span> <span class='ocrx_word' id='word_1_253' title='bbox 3264 918 3457 976; x_wconf 72' lang='lat' dir='ltr'><strong>“.Hoc</strong></span> <span class='ocrx_word' id='word_1_254' title='bbox 3486 933 3555 974; x_wconf 88' lang='lat' dir='ltr'><strong>ex</strong></span> <span class='ocrx_word' id='word_1_255' title='bbox 3577 920 3822 977; x_wconf 89' lang='lat' dir='ltr'><strong>Aarone</strong></span> 
     </span>
    </p>
   </div>
   <div class='ocr_carea' id='block_1_39' title="bbox 2140 1003 3815 1078">
    <p class='ocr_par' dir='ltr' id='par_1_39' title="bbox 2140 1003 3815 1078">
     <span class='ocr_line' id='line_1_39' title="bbox 2140 1003 3815 1078; baseline 0.005 -21"><span class='ocrx_word' id='word_1_256' title='bbox 2140 1017 2375 1074; x_wconf 89' lang='lat' dir='ltr'><strong>quoque</strong></span> <span class='ocrx_word' id='word_1_257' title='bbox 2426 1003 2696 1076; x_wconf 88' lang='lat' dir='ltr'><strong>colligere</strong></span> <span class='ocrx_word' id='word_1_258' title='bbox 2752 1010 2860 1075; x_wconf 89' lang='lat' dir='ltr'><strong>est,</strong></span> <span class='ocrx_word' id='word_1_259' title='bbox 2919 1005 3017 1078; x_wconf 91' lang='lat' dir='ltr'><strong>qui</strong></span> <span class='ocrx_word' id='word_1_260' title='bbox 3081 1022 3215 1062; x_wconf 92' lang='lat' dir='ltr'><strong>cum</strong></span> <span class='ocrx_word' id='word_1_261' title='bbox 3271 1007 3451 1064; x_wconf 89' lang='lat' dir='ltr'><strong>Mosis</strong></span> <span class='ocrx_word' id='word_1_262' title='bbox 3481 1008 3815 1065; x_wconf 85' lang='lat' dir='ltr'><strong>consilium</strong></span> 
     </span>
    </p>
   </div>
   <div class='ocr_carea' id='block_1_40' title="bbox 2139 1094 3821 1165">
    <p class='ocr_par' dir='ltr' id='par_1_40' title="bbox 2139 1094 3821 1165">
     <span class='ocr_line' id='line_1_40' title="bbox 2139 1094 3821 1165; baseline 0.004 -18"><span class='ocrx_word' id='word_1_263' title='bbox 2139 1097 2402 1163; x_wconf 89' lang='lat' dir='ltr'><strong>secutus,</strong></span> <span class='ocrx_word' id='word_1_264' title='bbox 2435 1108 2637 1150; x_wconf 87' lang='lat' dir='ltr'><strong>acerra</strong></span> <span class='ocrx_word' id='word_1_265' title='bbox 2662 1094 2971 1151; x_wconf 89' lang='lat' dir='ltr'><strong>incensum</strong></span> <span class='ocrx_word' id='word_1_266' title='bbox 3024 1095 3276 1152; x_wconf 85' lang='lat' dir='ltr'><strong>Domino</strong></span> <span class='ocrx_word' id='word_1_267' title='bbox 3325 1097 3663 1165; x_wconf 88' lang='lat' dir='ltr'><strong>obtulisset,</strong></span> <span class='ocrx_word' id='word_1_268' title='bbox 3701 1098 3821 1153; x_wconf 91' lang='lat' dir='ltr'><strong>hoc</strong></span> 
     </span>
    </p>
   </div>
   <div class='ocr_carea' id='block_1_41' title="bbox 2140 1183 3819 1259">
    <p class='ocr_par' dir='ltr' id='par_1_41' title="bbox 2140 1183 3819 1259">
     <span class='ocr_line' id='line_1_41' title="bbox 2140 1183 3819 1259; baseline 0.005 -23"><span class='ocrx_word' id='word_1_269' title='bbox 2140 1184 2310 1254; x_wconf 91' lang='lat' dir='ltr'><strong>pacto</strong></span> <span class='ocrx_word' id='word_1_270' title='bbox 2353 1183 2687 1255; x_wconf 82' lang='lat' dir='ltr'><strong>exasperati</strong></span> <span class='ocrx_word' id='word_1_271' title='bbox 2730 1184 3193 1257; x_wconf 87' lang='lat' dir='ltr'><strong>rebellantisque</strong></span> <span class='ocrx_word' id='word_1_272' title='bbox 3241 1185 3446 1259; x_wconf 88' lang='lat' dir='ltr'><strong>populi</strong></span> <span class='ocrx_word' id='word_1_273' title='bbox 3489 1186 3819 1244; x_wconf 87' lang='lat' dir='ltr'><strong>interitum</strong></span> 
     </span>
    </p>
   </div>
   <div class='ocr_carea' id='block_1_42' title="bbox 2142 1272 2517 1343">
    <p class='ocr_par' dir='ltr' id='par_1_42' title="bbox 2142 1272 2517 1343">
     <span class='ocr_line' id='line_1_42' title="bbox 2142 1272 2517 1343; baseline 0.011 -18"><span class='ocrx_word' id='word_1_274' title='bbox 2142 1272 2422 1343; x_wconf 89' lang='lat' dir='ltr'><strong>repressit</strong></span> <span class='ocrx_word' id='word_1_275' title='bbox 2452 1273 2517 1329; x_wconf 86' lang='grc'><strong>¹⁹.</strong></span> 
     </span>
    </p>
   </div>
   <div class='ocr_carea' id='block_1_43' title="bbox 2211 1396 3821 1474">
    <p class='ocr_par' dir='ltr' id='par_1_43' title="bbox 2211 1396 3821 1474">
     <span class='ocr_line' id='line_1_43' title="bbox 2211 1396 3821 1474; baseline 0.004 -22"><span class='ocrx_word' id='word_1_276' title='bbox 2211 1396 2377 1453; x_wconf 89' lang='lat' dir='ltr'><strong>Multi</strong></span> <span class='ocrx_word' id='word_1_277' title='bbox 2408 1398 2584 1455; x_wconf 90' lang='lat' dir='ltr'><strong>etiam</strong></span> <span class='ocrx_word' id='word_1_278' title='bbox 2615 1415 2815 1457; x_wconf 87' lang='lat' dir='ltr'><strong>eorum</strong></span> <span class='ocrx_word' id='word_1_279' title='bbox 2848 1400 2951 1474; x_wconf 87' lang='lat' dir='ltr'><strong>qui</strong></span> <span class='ocrx_word' id='word_1_280' title='bbox 2974 1400 3044 1457; x_wconf 89' lang='lat' dir='ltr'><strong>ad</strong></span> <span class='ocrx_word' id='word_1_281' title='bbox 3080 1399 3299 1458; x_wconf 88' lang='lat' dir='ltr'><strong>bellum</strong></span> <span class='ocrx_word' id='word_1_282' title='bbox 3343 1401 3821 1474; x_wconf 81' lang='lat' dir='ltr'><strong>proficisceban-</strong></span> 
     </span>
    </p>
   </div>
   <div class='ocr_carea' id='block_1_44' title="bbox 2142 1488 3821 1566">
    <p class='ocr_par' dir='ltr' id='par_1_44' title="bbox 2142 1488 3821 1566">
     <span class='ocr_line' id='line_1_44' title="bbox 2142 1488 3821 1566; baseline 0.004 -23"><span class='ocrx_word' id='word_1_283' title='bbox 2142 1491 2400 1555; x_wconf 89' lang='lat' dir='ltr'><strong>tur,cum</strong></span> <span class='ocrx_word' id='word_1_284' title='bbox 2418 1488 2534 1545; x_wconf 90' lang='lat' dir='ltr'><strong>sibi</strong></span> <span class='ocrx_word' id='word_1_285' title='bbox 2562 1505 2595 1545; x_wconf 91' lang='lat' dir='ltr'><strong>a</strong></span> <span class='ocrx_word' id='word_1_286' title='bbox 2617 1488 2732 1546; x_wconf 92' lang='lat' dir='ltr'><strong>Deo</strong></span> <span class='ocrx_word' id='word_1_287' title='bbox 2757 1489 3003 1546; x_wconf 90' lang='lat' dir='ltr'><strong>victoria</strong></span> <span class='ocrx_word' id='word_1_288' title='bbox 3024 1492 3321 1564; x_wconf 89' lang='lat' dir='ltr'><strong>promissa</strong></span> <span class='ocrx_word' id='word_1_289' title='bbox 3349 1500 3525 1561; x_wconf 87' lang='lat' dir='ltr'><strong>esset,</strong></span> <span class='ocrx_word' id='word_1_290' title='bbox 3548 1509 3821 1566; x_wconf 87' lang='lat' dir='ltr'><strong>eamque</strong></span> 
     </span>
    </p>
   </div>
   <div class='ocr_carea' id='block_1_45' title="bbox 2140 1577 3824 1653">
    <p class='ocr_par' dir='ltr' id='par_1_45' title="bbox 2140 1577 3824 1653">
     <span class='ocr_line' id='line_1_45' title="bbox 2140 1577 3824 1653; baseline 0.005 -22"><span class='ocrx_word' id='word_1_291' title='bbox 2140 1592 2205 1634; x_wconf 78' lang='lat' dir='ltr'><strong>se</strong></span> <span class='ocrx_word' id='word_1_292' title='bbox 2255 1593 2402 1649; x_wconf 87' lang='lat' dir='ltr'><strong>pene</strong></span> <span class='ocrx_word' id='word_1_293' title='bbox 2441 1577 2566 1648; x_wconf 91' lang='lat' dir='ltr'><strong>jam</strong></span> <span class='ocrx_word' id='word_1_294' title='bbox 2619 1578 2864 1651; x_wconf 89' lang='lat' dir='ltr'><strong>adeptos</strong></span> <span class='ocrx_word' id='word_1_295' title='bbox 2916 1580 3209 1648; x_wconf 88' lang='lat' dir='ltr'><strong>viderent,</strong></span> <span class='ocrx_word' id='word_1_296' title='bbox 3261 1581 3506 1653; x_wconf 89' lang='lat' dir='ltr'><strong>insuper</strong></span> <span class='ocrx_word' id='word_1_297' title='bbox 3553 1586 3615 1639; x_wconf 88' lang='lat' dir='ltr'><strong>et</strong></span> <span class='ocrx_word' id='word_1_298' title='bbox 3663 1581 3824 1639; x_wconf 87' lang='lat' dir='ltr'><strong>forte</strong></span> 
     </span>
    </p>
   </div>
   <div class='ocr_carea' id='block_1_46' title="bbox 2144 1668 3826 1745">
    <p class='ocr_par' dir='ltr' id='par_1_46' title="bbox 2144 1668 3826 1745">
     <span class='ocr_line' id='line_1_46' title="bbox 2144 1668 3826 1745; baseline 0.004 -24"><span class='ocrx_word' id='word_1_299' title='bbox 2144 1669 2446 1738; x_wconf 89' lang='lat' dir='ltr'><strong>sperantes</strong></span> <span class='ocrx_word' id='word_1_300' title='bbox 2478 1670 2543 1723; x_wconf 86' lang='lat' dir='ltr'><strong>ut</strong></span> <span class='ocrx_word' id='word_1_301' title='bbox 2570 1671 2725 1723; x_wconf 89' lang='lat' dir='ltr'><strong>terra</strong></span> <span class='ocrx_word' id='word_1_302' title='bbox 2755 1668 3109 1740; x_wconf 89' lang='lat' dir='ltr'><strong>potirentur,</strong></span> <span class='ocrx_word' id='word_1_303' title='bbox 3145 1685 3271 1742; x_wconf 66' lang='lat' dir='ltr'><strong>qua;</strong></span> <span class='ocrx_word' id='word_1_304' title='bbox 3311 1669 3485 1727; x_wconf 88' lang='lat' dir='ltr'><strong>melle</strong></span> <span class='ocrx_word' id='word_1_305' title='bbox 3533 1671 3826 1745; x_wconf 78' lang='lat' dir='ltr'><strong>laetaque</strong></span> 
     </span>
    </p>
   </div>
   <div class='ocr_carea' id='block_1_47' title="bbox 2143 1755 3829 1831">
    <p class='ocr_par' dir='ltr' id='par_1_47' title="bbox 2143 1755 3829 1831">
     <span class='ocr_line' id='line_1_47' title="bbox 2143 1755 3829 1831; baseline 0.004 -21"><span class='ocrx_word' id='word_1_306' title='bbox 2143 1755 2437 1811; x_wconf 80' lang='lat' dir='ltr'><strong>difflueret</strong></span> <span class='ocrx_word' id='word_1_307' title='bbox 2465 1759 2556 1826; x_wconf 93' lang='lat' dir='ltr'><strong>(ut</strong></span> <span class='ocrx_word' id='word_1_308' title='bbox 2603 1756 2703 1829; x_wconf 85' lang='lat' dir='ltr'><strong>qui</strong></span> <span class='ocrx_word' id='word_1_309' title='bbox 2752 1773 2815 1814; x_wconf 92' lang='lat' dir='ltr'><strong>se</strong></span> <span class='ocrx_word' id='word_1_310' title='bbox 2864 1756 3027 1813; x_wconf 91' lang='lat' dir='ltr'><strong>illam</strong></span> <span class='ocrx_word' id='word_1_311' title='bbox 3078 1758 3393 1831; x_wconf 90' lang='lat' dir='ltr'><strong>aliquando</strong></span> <span class='ocrx_word' id='word_1_312' title='bbox 3426 1776 3829 1830; x_wconf 73' lang='lat' dir='ltr'><strong>possessores</strong></span> 
     </span>
    </p>
   </div>
   <div class='ocr_carea' id='block_1_48' title="bbox 2143 1840 3829 1919">
    <p class='ocr_par' dir='ltr' id='par_1_48' title="bbox 2143 1840 3829 1919">
     <span class='ocr_line' id='line_1_48' title="bbox 2143 1840 3829 1919; baseline 0.004 -21"><span class='ocrx_word' id='word_1_313' title='bbox 2143 1840 2316 1899; x_wconf 88' lang='lat' dir='ltr'><strong>aDeo</strong></span> <span class='ocrx_word' id='word_1_314' title='bbox 2362 1842 2772 1917; x_wconf 89' lang='lat' dir='ltr'><strong>audivissent),</strong></span> <span class='ocrx_word' id='word_1_315' title='bbox 2820 1850 3055 1918; x_wconf 90' lang='lat' dir='ltr'><strong>propter</strong></span> <span class='ocrx_word' id='word_1_316' title='bbox 3101 1851 3339 1919; x_wconf 88' lang='lat' dir='ltr'><strong>peccata</strong></span> <span class='ocrx_word' id='word_1_317' title='bbox 3381 1863 3510 1919; x_wconf 70' lang='lat' dir='ltr'><strong>quae</strong></span> <span class='ocrx_word' id='word_1_318' title='bbox 3559 1848 3829 1905; x_wconf 80' lang='lat' dir='ltr'><strong>interve-</strong></span> 
     </span>
    </p>
   </div>
   <div class='ocr_carea' id='block_1_49' title="bbox 2069 1932 3833 2010">
    <p class='ocr_par' dir='ltr' id='par_1_49' title="bbox 2069 1932 3833 2010">
     <span class='ocr_line' id='line_1_49' title="bbox 2069 1932 3833 2010; baseline 0.003 -22"><span class='ocrx_word' id='word_1_319' title='bbox 2069 1932 2116 1999; x_wconf 88' lang='lat' dir='ltr'><strong>B</strong></span> <span class='ocrx_word' id='word_1_320' title='bbox 2150 1937 2379 1995; x_wconf 88' lang='lat' dir='ltr'><strong>nerant.</strong></span> <span class='ocrx_word' id='word_1_321' title='bbox 2414 1934 2682 1991; x_wconf 89' lang='lat' dir='ltr'><strong>funditus</strong></span> <span class='ocrx_word' id='word_1_322' title='bbox 2712 1936 3181 2003; x_wconf 86' lang='lat' dir='ltr'><strong>succubuerunt,</strong></span> <span class='ocrx_word' id='word_1_323' title='bbox 3216 1935 3565 1993; x_wconf 66' lang='lat' dir='ltr'><strong>Palaestinos</strong></span> <span class='ocrx_word' id='word_1_324' title='bbox 3607 1941 3833 2010; x_wconf 72' lang='lat' dir='ltr'><strong>praeter</strong></span> 
     </span>
    </p>
   </div>
   <div class='ocr_carea' id='block_1_50' title="bbox 2147 2024 3825 2100">
    <p class='ocr_par' dir='ltr' id='par_1_50' title="bbox 2147 2024 3825 2100">
     <span class='ocr_line' id='line_1_50' title="bbox 2147 2024 3825 2100; baseline 0.004 -22"><span class='ocrx_word' id='word_1_325' title='bbox 2147 2024 2236 2079; x_wconf 85' lang='lat' dir='ltr'><strong>fas</strong></span> <span class='ocrx_word' id='word_1_326' title='bbox 2256 2024 2559 2096; x_wconf 83' lang='lat' dir='ltr'><strong>aggressi;</strong></span> <span class='ocrx_word' id='word_1_327' title='bbox 2592 2029 2927 2098; x_wconf 88' lang='lat' dir='ltr'><strong>terramque</strong></span> <span class='ocrx_word' id='word_1_328' title='bbox 2957 2026 3249 2083; x_wconf 89' lang='lat' dir='ltr'><strong>desertam</strong></span> <span class='ocrx_word' id='word_1_329' title='bbox 3293 2026 3643 2100; x_wconf 86' lang='lat' dir='ltr'><strong>corporibus</strong></span> <span class='ocrx_word' id='word_1_330' title='bbox 3690 2029 3825 2086; x_wconf 88' lang='lat' dir='ltr'><strong>suis</strong></span> 
     </span>
    </p>
   </div>
   <div class='ocr_carea' id='block_1_51' title="bbox 2144 2112 3822 2189">
    <p class='ocr_par' dir='ltr' id='par_1_51' title="bbox 2144 2112 3822 2189">
     <span class='ocr_line' id='line_1_51' title="bbox 2144 2112 3822 2189; baseline 0.004 -21"><span class='ocrx_word' id='word_1_331' title='bbox 2144 2112 2512 2169; x_wconf 90' lang='lat' dir='ltr'><strong>intraverunt</strong></span> <span class='ocrx_word' id='word_1_332' title='bbox 2568 2113 2842 2186; x_wconf 72' lang='lat' dir='ltr'><strong>&#39;°,atque</strong></span> <span class='ocrx_word' id='word_1_333' title='bbox 2889 2114 2949 2170; x_wconf 90' lang='lat' dir='ltr'><strong>in</strong></span> <span class='ocrx_word' id='word_1_334' title='bbox 3007 2120 3203 2172; x_wconf 84' lang='lat' dir='ltr'><strong>Mosen</strong></span> <span class='ocrx_word' id='word_1_335' title='bbox 3261 2120 3320 2173; x_wconf 92' lang='lat' dir='ltr'><strong>et</strong></span> <span class='ocrx_word' id='word_1_336' title='bbox 3379 2118 3561 2174; x_wconf 91' lang='lat' dir='ltr'><strong>Deum</strong></span> <span class='ocrx_word' id='word_1_337' title='bbox 3610 2117 3822 2189; x_wconf 90' lang='lat' dir='ltr'><strong>ipsum</strong></span> 
     </span>
    </p>
   </div>
   <div class='ocr_carea' id='block_1_52' title="bbox 2145 2202 3821 2276">
    <p class='ocr_par' dir='ltr' id='par_1_52' title="bbox 2145 2202 3821 2276">
     <span class='ocr_line' id='line_1_52' title="bbox 2145 2202 3821 2276; baseline 0.003 -17"><span class='ocrx_word' id='word_1_338' title='bbox 2145 2202 2329 2259; x_wconf 89' lang='lat' dir='ltr'><strong>multa</strong></span> <span class='ocrx_word' id='word_1_339' title='bbox 2359 2203 2682 2275; x_wconf 68' lang='lat' dir='ltr'><strong>saepissime</strong></span> <span class='ocrx_word' id='word_1_340' title='bbox 2711 2203 3074 2276; x_wconf 89' lang='lat' dir='ltr'><strong>debacchati,</strong></span> <span class='ocrx_word' id='word_1_341' title='bbox 3106 2204 3228 2262; x_wconf 86' lang='lat' dir='ltr'><strong>haec</strong></span> <span class='ocrx_word' id='word_1_342' title='bbox 3259 2223 3294 2263; x_wconf 91' lang='lat' dir='ltr'><strong>a</strong></span> <span class='ocrx_word' id='word_1_343' title='bbox 3335 2212 3453 2263; x_wconf 91' lang='lat' dir='ltr'><strong>Deo</strong></span> <span class='ocrx_word' id='word_1_344' title='bbox 3502 2216 3558 2263; x_wconf 86' lang='lat' dir='ltr'><strong>et</strong></span> <span class='ocrx_word' id='word_1_345' title='bbox 3594 2207 3821 2264; x_wconf 88' lang='lat' dir='ltr'><strong>Davide</strong></span> 
     </span>
    </p>
   </div>
   <div class='ocr_carea' id='block_1_53' title="bbox 2144 2292 3819 2367">
    <p class='ocr_par' dir='ltr' id='par_1_53' title="bbox 2144 2292 3819 2367">
     <span class='ocr_line' id='line_1_53' title="bbox 2144 2292 3819 2367; baseline 0.004 -19"><span class='ocrx_word' id='word_1_346' title='bbox 2144 2292 2533 2351; x_wconf 90' lang='lat' dir='ltr'><strong>audiverunt:</strong></span> <span class='ocrx_word' id='word_1_347' title='bbox 2560 2293 2715 2350; x_wconf 81' lang='lat' dir='ltr'><strong>Nihil</strong></span> <span class='ocrx_word' id='word_1_348' title='bbox 2742 2293 2987 2366; x_wconf 75' lang='lat' dir='ltr'><strong>proﬁciet</strong></span> <span class='ocrx_word' id='word_1_349' title='bbox 3035 2294 3303 2351; x_wconf 74' lang='lat' dir='ltr'><strong>inimicm</strong></span> <span class='ocrx_word' id='word_1_350' title='bbox 3349 2297 3407 2351; x_wconf 86' lang='lat' dir='ltr'><strong>in</strong></span> <span class='ocrx_word' id='word_1_351' title='bbox 3436 2312 3520 2364; x_wconf 78' lang='lat' dir='ltr'><strong>eo,</strong></span> <span class='ocrx_word' id='word_1_352' title='bbox 3561 2301 3618 2352; x_wconf 82' lang='lat' dir='ltr'><strong>et</strong></span> <span class='ocrx_word' id='word_1_353' title='bbox 3647 2296 3819 2367; x_wconf 73' lang='lat' dir='ltr'><strong>ﬁlius</strong></span> 
     </span>
    </p>
   </div>
   <div class='ocr_carea' id='block_1_54' title="bbox 2141 2380 3817 2455">
    <p class='ocr_par' dir='ltr' id='par_1_54' title="bbox 2141 2380 3817 2455">
     <span class='ocr_line' id='line_1_54' title="bbox 2141 2380 3817 2455; baseline 0.004 -19"><span class='ocrx_word' id='word_1_354' title='bbox 2141 2380 2463 2451; x_wconf 78' lang='lat' dir='ltr'><strong>iniquitatis</strong></span> <span class='ocrx_word' id='word_1_355' title='bbox 2492 2398 2604 2439; x_wconf 80' lang='lat' dir='ltr'><strong>non</strong></span> <span class='ocrx_word' id='word_1_356' title='bbox 2633 2387 2871 2455; x_wconf 79' lang='lat' dir='ltr'><strong>apponet</strong></span> <span class='ocrx_word' id='word_1_357' title='bbox 2906 2398 3101 2441; x_wconf 81' lang='lat' dir='ltr'><strong>nocere</strong></span> <span class='ocrx_word' id='word_1_358' title='bbox 3146 2385 3199 2439; x_wconf 83' lang='lat' dir='ltr'><strong>ei</strong></span> <span class='ocrx_word' id='word_1_359' title='bbox 3218 2383 3290 2446; x_wconf 63' lang='lat'><strong>’1.</strong></span> <span class='ocrx_word' id='word_1_360' title='bbox 3320 2384 3465 2439; x_wconf 84' lang='lat' dir='ltr'><strong>Item</strong></span> <span class='ocrx_word' id='word_1_361' title='bbox 3492 2402 3505 2440; x_wconf 92' lang='lat'>:</span> <span class='ocrx_word' id='word_1_362' title='bbox 3540 2384 3817 2443; x_wconf 73' lang='lat' dir='ltr'><strong>Inimico:</strong></span> 
     </span>
    </p>
   </div>
   <div class='ocr_carea' id='block_1_55' title="bbox 2140 2469 3815 2544">
    <p class='ocr_par' dir='ltr' id='par_1_55' title="bbox 2140 2469 3815 2544">
     <span class='ocr_line' id='line_1_55' title="bbox 2140 2469 3815 2544; baseline 0.002 -17"><span class='ocrx_word' id='word_1_363' title='bbox 2140 2471 2255 2539; x_wconf 80' lang='lat' dir='ltr'><strong>eius</strong></span> <span class='ocrx_word' id='word_1_364' title='bbox 2310 2469 2542 2527; x_wconf 84' lang='lat' dir='ltr'><strong>induam</strong></span> <span class='ocrx_word' id='word_1_365' title='bbox 2598 2473 2915 2544; x_wconf 75' lang='lat' dir='ltr'><strong>confusione</strong></span> <span class='ocrx_word' id='word_1_366' title='bbox 2967 2472 3035 2529; x_wconf 79' lang='grc'><strong>³³.</strong></span> <span class='ocrx_word' id='word_1_367' title='bbox 3097 2474 3289 2531; x_wconf 88' lang='lat' dir='ltr'><strong>Item:</strong></span> <span class='ocrx_word' id='word_1_368' title='bbox 3344 2473 3483 2533; x_wconf 85' lang='lat' dir='ltr'><strong>Odia</strong></span> <span class='ocrx_word' id='word_1_369' title='bbox 3540 2474 3815 2531; x_wconf 71' lang='lat' dir='ltr'><strong>habente:</strong></span> 
     </span>
    </p>
   </div>
   <div class='ocr_carea' id='block_1_56' title="bbox 2141 2559 3025 2634">
    <p class='ocr_par' dir='ltr' id='par_1_56' title="bbox 2141 2559 3025 2634">
     <span class='ocr_line' id='line_1_56' title="bbox 2141 2559 3025 2634; baseline 0.002 -18"><span class='ocrx_word' id='word_1_370' title='bbox 2141 2577 2263 2617; x_wconf 83' lang='lat' dir='ltr'><strong>eum</strong></span> <span class='ocrx_word' id='word_1_371' title='bbox 2303 2559 2363 2616; x_wconf 81' lang='lat' dir='ltr'><strong>in</strong></span> <span class='ocrx_word' id='word_1_372' title='bbox 2391 2562 2585 2634; x_wconf 84' lang='lat' dir='ltr'><strong>fugam</strong></span> <span class='ocrx_word' id='word_1_373' title='bbox 2613 2569 2929 2619; x_wconf 79' lang='lat' dir='ltr'><strong>convertam</strong></span> <span class='ocrx_word' id='word_1_374' title='bbox 2960 2562 3025 2618; x_wconf 67' lang='lat'><strong>’3.</strong></span> 
     </span>
    </p>
   </div>
   <div class='ocr_carea' id='block_1_57' title="bbox 2210 2678 3809 2752">
    <p class='ocr_par' dir='ltr' id='par_1_57' title="bbox 2210 2678 3809 2752">
     <span class='ocr_line' id='line_1_57' title="bbox 2210 2678 3809 2752; baseline 0.004 -21"><span class='ocrx_word' id='word_1_375' title='bbox 2210 2681 2495 2735; x_wconf 62' lang='lat' dir='ltr'><strong>Prmterea</strong></span> <span class='ocrx_word' id='word_1_376' title='bbox 2511 2678 2683 2736; x_wconf 90' lang='lat' dir='ltr'><strong>etiam</strong></span> <span class='ocrx_word' id='word_1_377' title='bbox 2708 2678 2944 2736; x_wconf 89' lang='lat' dir='ltr'><strong>sceleris</strong></span> <span class='ocrx_word' id='word_1_378' title='bbox 2965 2679 3094 2750; x_wconf 86' lang='lat' dir='ltr'><strong>ejus</strong></span> <span class='ocrx_word' id='word_1_379' title='bbox 3120 2695 3278 2752; x_wconf 87' lang='lat' dir='ltr'><strong>ergo,</strong></span> <span class='ocrx_word' id='word_1_380' title='bbox 3313 2679 3470 2752; x_wconf 90' lang='lat' dir='ltr'><strong>quod</strong></span> <span class='ocrx_word' id='word_1_381' title='bbox 3492 2679 3554 2737; x_wconf 90' lang='lat' dir='ltr'><strong>in</strong></span> <span class='ocrx_word' id='word_1_382' title='bbox 3595 2681 3809 2737; x_wconf 88' lang='lat' dir='ltr'><strong>Uriam</strong></span> 
     </span>
    </p>
   </div>
   <div class='ocr_carea' id='block_1_58' title="bbox 2139 2765 3811 2845">
    <p class='ocr_par' dir='ltr' id='par_1_58' title="bbox 2139 2765 3811 2845">
     <span class='ocr_line' id='line_1_58' title="bbox 2139 2765 3811 2845; baseline 0.002 -22"><span class='ocrx_word' id='word_1_383' title='bbox 2139 2765 2470 2823; x_wconf 89' lang='lat' dir='ltr'><strong>admissum</strong></span> <span class='ocrx_word' id='word_1_384' title='bbox 2500 2774 2608 2837; x_wconf 80' lang='lat' dir='ltr'><strong>est,</strong></span> <span class='ocrx_word' id='word_1_385' title='bbox 2669 2784 2874 2845; x_wconf 81' lang='lat' dir='ltr'><strong>parum</strong></span> <span class='ocrx_word' id='word_1_386' title='bbox 2931 2768 3139 2839; x_wconf 88' lang='lat' dir='ltr'><strong>abfuit,</strong></span> <span class='ocrx_word' id='word_1_387' title='bbox 3170 2770 3317 2841; x_wconf 90' lang='lat' dir='ltr'><strong>quin</strong></span> <span class='ocrx_word' id='word_1_388' title='bbox 3366 2767 3811 2840; x_wconf 81' lang='lat' dir='ltr'><strong>Hierosolyma,</strong></span> 
     </span>
    </p>
   </div>
   <div class='ocr_carea' id='block_1_59' title="bbox 2138 2854 3810 2932">
    <p class='ocr_par' dir='ltr' id='par_1_59' title="bbox 2138 2854 3810 2932">
     <span class='ocr_line' id='line_1_59' title="bbox 2138 2854 3810 2932; baseline 0.002 -19"><span class='ocrx_word' id='word_1_389' title='bbox 2138 2855 2411 2913; x_wconf 85' lang='lat' dir='ltr'><strong>thalamis</strong></span> <span class='ocrx_word' id='word_1_390' title='bbox 2441 2854 2796 2929; x_wconf 55' lang='lat' dir='ltr'><strong>suis,)tque</strong></span> <span class='ocrx_word' id='word_1_391' title='bbox 2827 2857 2999 2913; x_wconf 89' lang='lat' dir='ltr'><strong>etiam</strong></span> <span class='ocrx_word' id='word_1_392' title='bbox 3033 2858 3246 2915; x_wconf 85' lang='lat' dir='ltr'><strong>calceis</strong></span> <span class='ocrx_word' id='word_1_393' title='bbox 3297 2858 3564 2930; x_wconf 90' lang='lat' dir='ltr'><strong>privatus</strong></span> <span class='ocrx_word' id='word_1_394' title='bbox 3594 2876 3810 2932; x_wconf 84' lang='lat' dir='ltr'><strong>perse-</strong></span> 
     </span>
    </p>
   </div>
   <div class='ocr_carea' id='block_1_60' title="bbox 2136 2946 3730 3018">
    <p class='ocr_par' dir='ltr' id='par_1_60' title="bbox 2136 2946 3730 3018">
     <span class='ocr_line' id='line_1_60' title="bbox 2136 2946 3730 3018; baseline 0.001 -16"><span class='ocrx_word' id='word_1_395' title='bbox 2136 2946 2429 3003; x_wconf 89' lang='lat' dir='ltr'><strong>cutionem</strong></span> <span class='ocrx_word' id='word_1_396' title='bbox 2462 2950 2781 3018; x_wconf 88' lang='lat' dir='ltr'><strong>pateretur,</strong></span> <span class='ocrx_word' id='word_1_397' title='bbox 2813 2951 2869 3003; x_wconf 87' lang='lat' dir='ltr'><strong>et</strong></span> <span class='ocrx_word' id='word_1_398' title='bbox 2897 2948 2957 3002; x_wconf 89' lang='lat' dir='ltr'><strong>in</strong></span> <span class='ocrx_word' id='word_1_399' title='bbox 2988 2947 3220 3003; x_wconf 89' lang='lat' dir='ltr'><strong>deserto</strong></span> <span class='ocrx_word' id='word_1_400' title='bbox 3254 2953 3629 3017; x_wconf 86' lang='lat' dir='ltr'><strong>pernoctaret</strong></span> <span class='ocrx_word' id='word_1_401' title='bbox 3660 2947 3730 3004; x_wconf 82' lang='grc'><strong>²⁴.</strong></span> 
     </span>
    </p>
   </div>
   <div class='ocr_carea' id='block_1_61' title="bbox 2207 3034 3813 3109">
    <p class='ocr_par' dir='ltr' id='par_1_61' title="bbox 2207 3034 3813 3109">
     <span class='ocr_line' id='line_1_61' title="bbox 2207 3034 3813 3109; baseline 0.003 -19"><span class='ocrx_word' id='word_1_402' title='bbox 2207 3034 2353 3102; x_wconf 88' lang='lat' dir='ltr'><strong>Quid</strong></span> <span class='ocrx_word' id='word_1_403' title='bbox 2377 3035 2573 3092; x_wconf 87' lang='lat' dir='ltr'><strong>verbis</strong></span> <span class='ocrx_word' id='word_1_404' title='bbox 2603 3052 2751 3108; x_wconf 90' lang='lat' dir='ltr'><strong>opus</strong></span> <span class='ocrx_word' id='word_1_405' title='bbox 2783 3041 2893 3106; x_wconf 88' lang='lat' dir='ltr'><strong>est,</strong></span> <span class='ocrx_word' id='word_1_406' title='bbox 2914 3036 2986 3093; x_wconf 89' lang='lat' dir='ltr'><strong>ad</strong></span> <span class='ocrx_word' id='word_1_407' title='bbox 3018 3052 3087 3093; x_wconf 88' lang='lat' dir='ltr'><strong>ea</strong></span> <span class='ocrx_word' id='word_1_408' title='bbox 3108 3037 3415 3109; x_wconf 84' lang='lat' dir='ltr'><strong>sigillatim</strong></span> <span class='ocrx_word' id='word_1_409' title='bbox 3447 3054 3813 3095; x_wconf 86' lang='lat' dir='ltr'><strong>enumeran-</strong></span> 
     </span>
    </p>
   </div>
   <div class='ocr_carea' id='block_1_62' title="bbox 2135 3125 3808 3200">
    <p class='ocr_par' dir='ltr' id='par_1_62' title="bbox 2135 3125 3808 3200">
     <span class='ocr_line' id='line_1_62' title="bbox 2135 3125 3808 3200; baseline 0.001 -19"><span class='ocrx_word' id='word_1_410' title='bbox 2135 3126 2231 3193; x_wconf 92' lang='lat' dir='ltr'><strong>da,</strong></span> <span class='ocrx_word' id='word_1_411' title='bbox 2266 3140 2393 3196; x_wconf 58' lang='lat' dir='ltr'><strong>quae</strong></span> <span class='ocrx_word' id='word_1_412' title='bbox 2423 3125 2496 3182; x_wconf 88' lang='lat' dir='ltr'><strong>ab</strong></span> <span class='ocrx_word' id='word_1_413' title='bbox 2518 3125 2875 3195; x_wconf 87' lang='lat' dir='ltr'><strong>omnimoda,</strong></span> <span class='ocrx_word' id='word_1_414' title='bbox 2930 3129 2988 3183; x_wconf 91' lang='lat' dir='ltr'><strong>et</strong></span> <span class='ocrx_word' id='word_1_415' title='bbox 3038 3126 3378 3184; x_wconf 91' lang='lat' dir='ltr'><strong>hominibus</strong></span> <span class='ocrx_word' id='word_1_416' title='bbox 3424 3127 3808 3200; x_wconf 83' lang='lat' dir='ltr'><strong>impervesti—</strong></span> 
     </span>
    </p>
   </div>
   <div class='ocr_carea' id='block_1_63' title="bbox 2135 3213 3809 3291">
    <p class='ocr_par' dir='ltr' id='par_1_63' title="bbox 2135 3213 3809 3291">
     <span class='ocr_line' id='line_1_63' title="bbox 2135 3213 3809 3291; baseline 0.004 -23"><span class='ocrx_word' id='word_1_417' title='bbox 2135 3213 2314 3287; x_wconf 88' lang='lat' dir='ltr'><strong>gabili</strong></span> <span class='ocrx_word' id='word_1_418' title='bbox 2344 3214 2444 3270; x_wconf 90' lang='lat' dir='ltr'><strong>Dei</strong></span> <span class='ocrx_word' id='word_1_419' title='bbox 2474 3215 2759 3286; x_wconf 84' lang='lat' dir='ltr'><strong>sapientia</strong></span> <span class='ocrx_word' id='word_1_420' title='bbox 2799 3219 2856 3271; x_wconf 90' lang='lat' dir='ltr'><strong>et</strong></span> <span class='ocrx_word' id='word_1_421' title='bbox 2910 3215 3147 3284; x_wconf 90' lang='lat' dir='ltr'><strong>virtute,</strong></span> <span class='ocrx_word' id='word_1_422' title='bbox 3177 3216 3429 3289; x_wconf 89' lang='lat' dir='ltr'><strong>denique</strong></span> <span class='ocrx_word' id='word_1_423' title='bbox 3469 3219 3669 3291; x_wconf 88' lang='lat' dir='ltr'><strong>sagaci</strong></span> <span class='ocrx_word' id='word_1_424' title='bbox 3701 3218 3809 3274; x_wconf 89' lang='lat' dir='ltr'><strong>illa</strong></span> 
     </span>
    </p>
   </div>
   <div class='ocr_carea' id='block_1_64' title="bbox 370 3303 3808 3401">
    <p class='ocr_par' dir='ltr' id='par_1_64' title="bbox 370 3303 3808 3401">
     <span class='ocr_line' id='line_1_64' title="bbox 370 3303 3808 3401; baseline -0.004 -10"><span class='ocrx_word' id='word_1_425' title='bbox 370 3341 532 3401; x_wconf 90' lang='lat' dir='ltr'><strong>sunt,</strong></span> <span class='ocrx_word' id='word_1_426' title='bbox 566 3335 668 3391; x_wconf 90' lang='lat' dir='ltr'><strong>sed</strong></span> <span class='ocrx_word' id='word_1_427' title='bbox 693 3332 890 3388; x_wconf 89' lang='lat' dir='ltr'><strong>divino</strong></span> <span class='ocrx_word' id='word_1_428' title='bbox 924 3303 1169 3387; x_wconf 74' lang='lat' dir='ltr'><strong>numine</strong></span> <span class='ocrx_word' id='word_1_429' title='bbox 1200 3303 1358 3384; x_wconf 89' lang='lat' dir='ltr'><strong>nunc</strong></span> <span class='ocrx_word' id='word_1_430' title='bbox 1377 3303 1893 3398; x_wconf 66' lang='lat' dir='ltr'><strong>proceduntmunc</strong></span> <span class='ocrx_word' id='word_1_431' title='bbox 1924 3325 2026 3381; x_wconf 89' lang='lat' dir='ltr'><strong>de-</strong></span> <span class='ocrx_word' id='word_1_432' title='bbox 2057 3303 2107 3366; x_wconf 65' lang='grc' dir='ltr'>υ</span> <span class='ocrx_word' id='word_1_433' title='bbox 2138 3303 2505 3401; x_wconf 41' lang='grc' dir='ltr'><strong>Ρτογίάηθηδξα</strong></span> <span class='ocrx_word' id='word_1_434' title='bbox 2553 3304 3175 3401; x_wconf 42' lang='grc' dir='ltr'><strong>νανξθὼᾴθίξθνηυῑιξυνν</strong></span> <span class='ocrx_word' id='word_1_435' title='bbox 3198 3310 3269 3401; x_wconf 57' lang='lat' dir='ltr'><strong>ft</strong></span> <span class='ocrx_word' id='word_1_436' title='bbox 3324 3306 3440 3362; x_wconf 69' lang='grc' dir='ltr'><strong>ἆιίο</strong></span> <span class='ocrx_word' id='word_1_437' title='bbox 3470 3310 3653 3379; x_wconf 63' lang='lat' dir='ltr'><strong>atque</strong></span> <span class='ocrx_word' id='word_1_438' title='bbox 3684 3307 3808 3364; x_wconf 67' lang='grc' dir='ltr'><strong>81ίο</strong></span> 
     </span>
    </p>
   </div>
   <div class='ocr_carea' id='block_1_65' title="bbox 373 3412 2025 3489">
    <p class='ocr_par' dir='ltr' id='par_1_65' title="bbox 373 3412 2025 3489">
     <span class='ocr_line' id='line_1_65' title="bbox 373 3412 2025 3489; baseline -0.007 -8"><span class='ocrx_word' id='word_1_439' title='bbox 373 3440 491 3481; x_wconf 90' lang='lat' dir='ltr'><strong>nuo</strong></span> <span class='ocrx_word' id='word_1_440' title='bbox 516 3416 1445 3489; x_wconf 84' lang='lat' dir='ltr'><strong>dissolvuntur.Quandoquidem</strong></span> <span class='ocrx_word' id='word_1_441' title='bbox 1480 3415 1582 3472; x_wconf 93' lang='lat' dir='ltr'><strong>illa</strong></span> <span class='ocrx_word' id='word_1_442' title='bbox 1612 3430 1842 3486; x_wconf 91' lang='lat' dir='ltr'><strong>quoque</strong></span> <span class='ocrx_word' id='word_1_443' title='bbox 1877 3412 2025 3470; x_wconf 87' lang='lat' dir='ltr'><strong>stel-</strong></span> 
     </span>
    </p>
   </div>
   <div class='ocr_carea' id='block_1_66' title="bbox 373 3504 2029 3582">
    <p class='ocr_par' dir='ltr' id='par_1_66' title="bbox 373 3504 2029 3582">
     <span class='ocr_line' id='line_1_66' title="bbox 373 3504 2029 3582; baseline -0.007 -14"><span class='ocrx_word' id='word_1_444' title='bbox 373 3513 451 3580; x_wconf 90' lang='lat' dir='ltr'><strong>la,</strong></span> <span class='ocrx_word' id='word_1_445' title='bbox 485 3504 613 3582; x_wconf 72' lang='lat' dir='ltr'><strong>quae</strong></span> <span class='ocrx_word' id='word_1_446' title='bbox 641 3511 751 3567; x_wconf 92' lang='lat' dir='ltr'><strong>sub</strong></span> <span class='ocrx_word' id='word_1_447' title='bbox 783 3508 1054 3565; x_wconf 64' lang='lat' dir='ltr'><strong>humanae</strong></span> <span class='ocrx_word' id='word_1_448' title='bbox 1087 3505 1482 3577; x_wconf 88' lang='lat' dir='ltr'><strong>salutarisque</strong></span> <span class='ocrx_word' id='word_1_449' title='bbox 1510 3504 1748 3561; x_wconf 91' lang='lat' dir='ltr'><strong>Domini</strong></span> <span class='ocrx_word' id='word_1_450' title='bbox 1792 3504 2029 3575; x_wconf 86' lang='lat' dir='ltr'><strong>propter</strong></span> 
     </span>
    </p>
   </div>
   <div class='ocr_carea' id='block_1_67' title="bbox 370 3593 2023 3669">
    <p class='ocr_par' dir='ltr' id='par_1_67' title="bbox 370 3593 2023 3669">
     <span class='ocr_line' id='line_1_67' title="bbox 370 3593 2023 3669; baseline -0.007 -10"><span class='ocrx_word' id='word_1_451' title='bbox 370 3621 479 3660; x_wconf 88' lang='lat' dir='ltr'><strong>nos</strong></span> <span class='ocrx_word' id='word_1_452' title='bbox 506 3604 564 3658; x_wconf 90' lang='lat' dir='ltr'><strong>in</strong></span> <span class='ocrx_word' id='word_1_453' title='bbox 596 3617 770 3659; x_wconf 89' lang='lat' dir='ltr'><strong>carne</strong></span> <span class='ocrx_word' id='word_1_454' title='bbox 802 3597 1132 3659; x_wconf 88' lang='lat' dir='ltr'><strong>Nativitatis</strong></span> <span class='ocrx_word' id='word_1_455' title='bbox 1186 3606 1417 3669; x_wconf 87' lang='lat' dir='ltr'><strong>tempus</strong></span> <span class='ocrx_word' id='word_1_456' title='bbox 1466 3613 1500 3652; x_wconf 95' lang='lat' dir='ltr'><strong>a</strong></span> <span class='ocrx_word' id='word_1_457' title='bbox 1544 3595 1729 3667; x_wconf 90' lang='lat' dir='ltr'><strong>Magis</strong></span> <span class='ocrx_word' id='word_1_458' title='bbox 1759 3593 1885 3651; x_wconf 90' lang='lat' dir='ltr'><strong>visa</strong></span> <span class='ocrx_word' id='word_1_459' title='bbox 1913 3596 2023 3662; x_wconf 89' lang='lat' dir='ltr'><strong>est,</strong></span> 
     </span>
    </p>
   </div>
   <div class='ocr_carea' id='block_1_68' title="bbox 368 3683 2025 3757">
    <p class='ocr_par' dir='ltr' id='par_1_68' title="bbox 368 3683 2025 3757">
     <span class='ocr_line' id='line_1_68' title="bbox 368 3683 2025 3757; baseline -0.005 -8"><span class='ocrx_word' id='word_1_460' title='bbox 368 3710 484 3749; x_wconf 94' lang='lat' dir='ltr'><strong>non</strong></span> <span class='ocrx_word' id='word_1_461' title='bbox 518 3709 584 3748; x_wconf 85' lang='lat' dir='ltr'><strong>ex</strong></span> <span class='ocrx_word' id='word_1_462' title='bbox 615 3690 918 3747; x_wconf 86' lang='lat' dir='ltr'><strong>stellarum</strong></span> <span class='ocrx_word' id='word_1_463' title='bbox 951 3704 1198 3745; x_wconf 87' lang='lat' dir='ltr'><strong>numero</strong></span> <span class='ocrx_word' id='word_1_464' title='bbox 1241 3691 1385 3757; x_wconf 88' lang='lat' dir='ltr'><strong>erat,</strong></span> <span class='ocrx_word' id='word_1_465' title='bbox 1445 3700 1591 3756; x_wconf 88' lang='lat' dir='ltr'><strong>quas</strong></span> <span class='ocrx_word' id='word_1_466' title='bbox 1644 3683 1813 3740; x_wconf 89' lang='lat' dir='ltr'><strong>initio</strong></span> <span class='ocrx_word' id='word_1_467' title='bbox 1870 3689 2025 3740; x_wconf 88' lang='lat' dir='ltr'><strong>Deus</strong></span> 
     </span>
    </p>
   </div>
   <div class='ocr_carea' id='block_1_69' title="bbox 373 3772 2026 3852">
    <p class='ocr_par' dir='ltr' id='par_1_69' title="bbox 373 3772 2026 3852">
     <span class='ocr_line' id='line_1_69' title="bbox 373 3772 2026 3852; baseline -0.007 -14"><span class='ocrx_word' id='word_1_468' title='bbox 373 3781 627 3838; x_wconf 81' lang='lat' dir='ltr'><strong>creavit:</strong></span> <span class='ocrx_word' id='word_1_469' title='bbox 661 3779 815 3852; x_wconf 89' lang='lat' dir='ltr'><strong>quod</strong></span> <span class='ocrx_word' id='word_1_470' title='bbox 851 3778 1227 3849; x_wconf 87' lang='lat' dir='ltr'><strong>perspicuum</strong></span> <span class='ocrx_word' id='word_1_471' title='bbox 1260 3782 1379 3831; x_wconf 91' lang='lat' dir='ltr'><strong>erat</strong></span> <span class='ocrx_word' id='word_1_472' title='bbox 1408 3773 1494 3831; x_wconf 91' lang='lat' dir='ltr'><strong>vel</strong></span> <span class='ocrx_word' id='word_1_473' title='bbox 1518 3790 1587 3830; x_wconf 86' lang='lat' dir='ltr'><strong>ex</strong></span> <span class='ocrx_word' id='word_1_474' title='bbox 1624 3790 1690 3830; x_wconf 91' lang='lat' dir='ltr'><strong>eo</strong></span> <span class='ocrx_word' id='word_1_475' title='bbox 1722 3773 1873 3844; x_wconf 90' lang='lat' dir='ltr'><strong>quod</strong></span> <span class='ocrx_word' id='word_1_476' title='bbox 1902 3772 2026 3843; x_wconf 91' lang='lat' dir='ltr'><strong>jam</strong></span> 
     </span>
    </p>
   </div>
   <div class='ocr_carea' id='block_1_70' title="bbox 367 3860 2026 3937">
    <p class='ocr_par' dir='ltr' id='par_1_70' title="bbox 367 3860 2026 3937">
     <span class='ocr_line' id='line_1_70' title="bbox 367 3860 2026 3937; baseline -0.005 -11"><span class='ocrx_word' id='word_1_477' title='bbox 367 3872 439 3925; x_wconf 90' lang='lat' dir='ltr'><strong>ab</strong></span> <span class='ocrx_word' id='word_1_478' title='bbox 494 3872 624 3926; x_wconf 90' lang='lat' dir='ltr'><strong>ortu</strong></span> <span class='ocrx_word' id='word_1_479' title='bbox 687 3869 758 3923; x_wconf 89' lang='lat' dir='ltr'><strong>ad</strong></span> <span class='ocrx_word' id='word_1_480' title='bbox 820 3882 1117 3936; x_wconf 89' lang='lat' dir='ltr'><strong>occasum,</strong></span> <span class='ocrx_word' id='word_1_481' title='bbox 1171 3866 1296 3937; x_wconf 89' lang='lat' dir='ltr'><strong>jam</strong></span> <span class='ocrx_word' id='word_1_482' title='bbox 1359 3868 1564 3919; x_wconf 89' lang='lat' dir='ltr'><strong>contra</strong></span> <span class='ocrx_word' id='word_1_483' title='bbox 1611 3863 1683 3918; x_wconf 92' lang='lat' dir='ltr'><strong>ab</strong></span> <span class='ocrx_word' id='word_1_484' title='bbox 1751 3860 2026 3932; x_wconf 84' lang='lat' dir='ltr'><strong>aquilone</strong></span> 
     </span>
    </p>
   </div>
   <div class='ocr_carea' id='block_1_71' title="bbox 373 3948 2027 4020">
    <p class='ocr_par' dir='ltr' id='par_1_71' title="bbox 373 3948 2027 4020">
     <span class='ocr_line' id='line_1_71' title="bbox 373 3948 2027 4020; baseline -0.005 -4"><span class='ocrx_word' id='word_1_485' title='bbox 373 3961 444 4016; x_wconf 92' lang='lat' dir='ltr'><strong>ad</strong></span> <span class='ocrx_word' id='word_1_486' title='bbox 467 3963 733 4015; x_wconf 89' lang='lat' dir='ltr'><strong>austrum</strong></span> <span class='ocrx_word' id='word_1_487' title='bbox 764 3972 941 4012; x_wconf 89' lang='lat' dir='ltr'><strong>cursu</strong></span> <span class='ocrx_word' id='word_1_488' title='bbox 981 3955 1377 4020; x_wconf 88' lang='lat' dir='ltr'><strong>contenderet,</strong></span> <span class='ocrx_word' id='word_1_489' title='bbox 1411 3951 1557 4008; x_wconf 90' lang='lat' dir='ltr'><strong>alias</strong></span> <span class='ocrx_word' id='word_1_490' title='bbox 1604 3951 1781 4007; x_wconf 90' lang='lat' dir='ltr'><strong>etiam</strong></span> <span class='ocrx_word' id='word_1_491' title='bbox 1822 3948 2027 4007; x_wconf 88' lang='lat' dir='ltr'><strong>delite-</strong></span> 
     </span>
    </p>
   </div>
   <div class='ocr_carea' id='block_1_72' title="bbox 371 4038 2025 4121">
    <p class='ocr_par' dir='ltr' id='par_1_72' title="bbox 371 4038 2025 4121">
     <span class='ocr_line' id='line_1_72' title="bbox 371 4038 2025 4121; baseline -0.008 -14"><span class='ocrx_word' id='word_1_492' title='bbox 371 4049 730 4121; x_wconf 85' lang='lat' dir='ltr'><strong>sceret,alias</strong></span> <span class='ocrx_word' id='word_1_493' title='bbox 752 4049 1095 4119; x_wconf 90' lang='lat' dir='ltr'><strong>emergeret.</strong></span> <span class='ocrx_word' id='word_1_494' title='bbox 1128 4045 1245 4101; x_wconf 93' lang='lat' dir='ltr'><strong>Nec</strong></span> <span class='ocrx_word' id='word_1_495' title='bbox 1283 4044 1441 4099; x_wconf 89' lang='lat' dir='ltr'><strong>enim</strong></span> <span class='ocrx_word' id='word_1_496' title='bbox 1476 4043 1532 4099; x_wconf 89' lang='lat' dir='ltr'><strong>id</strong></span> <span class='ocrx_word' id='word_1_497' title='bbox 1557 4046 1854 4098; x_wconf 90' lang='lat' dir='ltr'><strong>astrorum</strong></span> <span class='ocrx_word' id='word_1_498' title='bbox 1883 4038 2025 4096; x_wconf 89' lang='lat' dir='ltr'><strong>ordo</strong></span> 
     </span>
    </p>
   </div>
   <div class='ocr_carea' id='block_1_73' title="bbox 369 4142 893 4208">
    <p class='ocr_par' dir='ltr' id='par_1_73' title="bbox 369 4142 893 4208">
     <span class='ocr_line' id='line_1_73' title="bbox 369 4142 893 4208; baseline -0.01 -12"><span class='ocrx_word' id='word_1_499' title='bbox 369 4142 500 4208; x_wconf 84' lang='lat' dir='ltr'><strong>fert,</strong></span> <span class='ocrx_word' id='word_1_500' title='bbox 531 4144 634 4195; x_wconf 92' lang='lat' dir='ltr'><strong>aut</strong></span> <span class='ocrx_word' id='word_1_501' title='bbox 665 4142 893 4194; x_wconf 89' lang='lat' dir='ltr'><strong>natura.</strong></span> 
     </span>
    </p>
   </div>
   <div class='ocr_carea' id='block_1_74' title="bbox 439 4217 2021 4300">
    <p class='ocr_par' dir='ltr' id='par_1_74' title="bbox 439 4217 2021 4300">
     <span class='ocr_line' id='line_1_74' title="bbox 439 4217 2021 4300; baseline -0.007 -15"><span class='ocrx_word' id='word_1_502' title='bbox 439 4228 692 4300; x_wconf 86' lang='lat' dir='ltr'><strong>Objiciat</strong></span> <span class='ocrx_word' id='word_1_503' title='bbox 721 4242 852 4283; x_wconf 86' lang='lat' dir='ltr'><strong>vero</strong></span> <span class='ocrx_word' id='word_1_504' title='bbox 880 4240 1083 4282; x_wconf 91' lang='lat' dir='ltr'><strong>eorum</strong></span> <span class='ocrx_word' id='word_1_505' title='bbox 1117 4224 1264 4281; x_wconf 90' lang='lat' dir='ltr'><strong>forte</strong></span> <span class='ocrx_word' id='word_1_506' title='bbox 1295 4220 1592 4294; x_wconf 91' lang='lat' dir='ltr'><strong>quispiam</strong></span> <span class='ocrx_word' id='word_1_507' title='bbox 1619 4219 1721 4292; x_wconf 92' lang='lat' dir='ltr'><strong>qui</strong></span> <span class='ocrx_word' id='word_1_508' title='bbox 1768 4217 2021 4275; x_wconf 85' lang='lat' dir='ltr'><strong>astrolo-</strong></span> 
     </span>
    </p>
   </div>
   <div class='ocr_carea' id='block_1_75' title="bbox 372 4310 2025 4394">
    <p class='ocr_par' dir='ltr' id='par_1_75' title="bbox 372 4310 2025 4394">
     <span class='ocr_line' id='line_1_75' title="bbox 372 4310 2025 4394; baseline -0.008 -18"><span class='ocrx_word' id='word_1_509' title='bbox 372 4321 528 4394; x_wconf 87' lang='lat' dir='ltr'><strong>giam</strong></span> <span class='ocrx_word' id='word_1_510' title='bbox 565 4317 861 4374; x_wconf 85' lang='lat' dir='ltr'><strong>mordicus</strong></span> <span class='ocrx_word' id='word_1_511' title='bbox 892 4319 1153 4383; x_wconf 88' lang='lat' dir='ltr'><strong>tuentur,</strong></span> <span class='ocrx_word' id='word_1_512' title='bbox 1187 4313 1247 4368; x_wconf 91' lang='lat' dir='ltr'><strong>in</strong></span> <span class='ocrx_word' id='word_1_513' title='bbox 1306 4326 1510 4367; x_wconf 90' lang='lat' dir='ltr'><strong>eorum</strong></span> <span class='ocrx_word' id='word_1_514' title='bbox 1570 4325 1697 4382; x_wconf 81' lang='lat' dir='ltr'><strong>quae</strong></span> <span class='ocrx_word' id='word_1_515' title='bbox 1749 4310 2025 4365; x_wconf 83' lang='lat' dir='ltr'><strong>adversus</strong></span> 
     </span>
    </p>
   </div>
   <div class='ocr_carea' id='block_1_76' title="bbox 367 4399 2025 4477">
    <p class='ocr_par' dir='ltr' id='par_1_76' title="bbox 367 4399 2025 4477">
     <span class='ocr_line' id='line_1_76' title="bbox 367 4399 2025 4477; baseline -0.007 -13"><span class='ocrx_word' id='word_1_516' title='bbox 367 4419 548 4465; x_wconf 81' lang='lat' dir='ltr'><strong>artem</strong></span> <span class='ocrx_word' id='word_1_517' title='bbox 582 4422 750 4463; x_wconf 87' lang='lat' dir='ltr'><strong>suam</strong></span> <span class='ocrx_word' id='word_1_518' title='bbox 793 4411 1211 4477; x_wconf 89' lang='lat' dir='ltr'><strong>congeruntur,</strong></span> <span class='ocrx_word' id='word_1_519' title='bbox 1266 4399 1826 4464; x_wconf 88' lang='lat' dir='ltr'><strong>recriminationem,</strong></span> <span class='ocrx_word' id='word_1_520' title='bbox 1877 4414 2025 4471; x_wconf 63' lang='lat' dir='ltr'><strong>pras-</strong></span> 
     </span>
    </p>
   </div>
   <div class='ocr_carea' id='block_1_77' title="bbox 359 4487 2024 4567">
    <p class='ocr_par' dir='ltr' id='par_1_77' title="bbox 359 4487 2024 4567">
     <span class='ocr_line' id='line_1_77' title="bbox 359 4487 2024 4567; baseline -0.007 -13"><span class='ocrx_word' id='word_1_521' title='bbox 359 4497 714 4554; x_wconf 87' lang='lat' dir='ltr'><strong>dictionibus</strong></span> <span class='ocrx_word' id='word_1_522' title='bbox 733 4493 1026 4567; x_wconf 89' lang='lat' dir='ltr'><strong>plerisque</strong></span> <span class='ocrx_word' id='word_1_523' title='bbox 1051 4494 1227 4547; x_wconf 88' lang='lat' dir='ltr'><strong>finem</strong></span> <span class='ocrx_word' id='word_1_524' title='bbox 1260 4506 1435 4547; x_wconf 91' lang='lat' dir='ltr'><strong>suum</strong></span> <span class='ocrx_word' id='word_1_525' title='bbox 1461 4487 1753 4561; x_wconf 91' lang='lat' dir='ltr'><strong>obtigisse</strong></span> <span class='ocrx_word' id='word_1_526' title='bbox 1771 4488 2024 4557; x_wconf 79' lang='lat' dir='ltr'><strong>tandem;</strong></span> 
     </span>
    </p>
   </div>
   <div class='ocr_carea' id='block_1_78' title="bbox 356 4578 2027 4658">
    <p class='ocr_par' dir='ltr' id='par_1_78' title="bbox 356 4578 2027 4658">
     <span class='ocr_line' id='line_1_78' title="bbox 356 4578 2027 4658; baseline -0.007 -14"><span class='ocrx_word' id='word_1_527' title='bbox 356 4588 694 4658; x_wconf 90' lang='lat' dir='ltr'><strong>idcircoque</strong></span> <span class='ocrx_word' id='word_1_528' title='bbox 724 4583 1026 4641; x_wconf 89' lang='lat' dir='ltr'><strong>nonnullis</strong></span> <span class='ocrx_word' id='word_1_529' title='bbox 1048 4579 1396 4637; x_wconf 90' lang='lat' dir='ltr'><strong>hominibus</strong></span> <span class='ocrx_word' id='word_1_530' title='bbox 1445 4578 1668 4634; x_wconf 83' lang='lat' dir='ltr'><strong>frustra</strong></span> <span class='ocrx_word' id='word_1_531' title='bbox 1713 4583 1773 4634; x_wconf 90' lang='lat' dir='ltr'><strong>et</strong></span> <span class='ocrx_word' id='word_1_532' title='bbox 1808 4587 2027 4633; x_wconf 86' lang='lat' dir='ltr'><strong>temere</strong></span> 
     </span>
    </p>
   </div>
   <div class='ocr_carea' id='block_1_79' title="bbox 2136 3391 3806 3468">
    <p class='ocr_par' dir='ltr' id='par_1_79' title="bbox 2136 3391 3806 3468">
     <span class='ocr_line' id='line_1_79' title="bbox 2136 3391 3806 3468; baseline 0.004 -20"><span class='ocrx_word' id='word_1_533' title='bbox 2136 3392 2303 3449; x_wconf 88' lang='lat' dir='ltr'><strong>modo</strong></span> <span class='ocrx_word' id='word_1_534' title='bbox 2322 3393 2356 3448; x_wconf 86' lang='lat' dir='ltr'><strong>fi</strong></span> <span class='ocrx_word' id='word_1_535' title='bbox 2370 3397 2678 3463; x_wconf 90' lang='lat' dir='ltr'><strong>unt,prout</strong></span> <span class='ocrx_word' id='word_1_536' title='bbox 2699 3391 2783 3449; x_wconf 88' lang='lat' dir='ltr'><strong>illi</strong></span> <span class='ocrx_word' id='word_1_537' title='bbox 2807 3393 3395 3468; x_wconf 84' lang='lat' dir='ltr'><strong>placet,singulisque</strong></span> <span class='ocrx_word' id='word_1_538' title='bbox 3420 3396 3806 3454; x_wconf 83' lang='lat' dir='ltr'><strong>conducibile</strong></span> 
     </span>
    </p>
   </div>
   <div class='ocr_carea' id='block_1_80' title="bbox 2134 3482 3800 3556">
    <p class='ocr_par' dir='ltr' id='par_1_80' title="bbox 2134 3482 3800 3556">
     <span class='ocr_line' id='line_1_80' title="bbox 2134 3482 3800 3556; baseline 0.003 -18"><span class='ocrx_word' id='word_1_539' title='bbox 2134 3488 2222 3539; x_wconf 88' lang='lat' dir='ltr'><strong>est</strong></span> <span class='ocrx_word' id='word_1_540' title='bbox 2244 3482 2272 3538; x_wconf 85' lang='lat'><strong>?</strong></span> <span class='ocrx_word' id='word_1_541' title='bbox 2304 3482 2554 3540; x_wconf 90' lang='lat' dir='ltr'><strong>Proinde</strong></span> <span class='ocrx_word' id='word_1_542' title='bbox 2584 3499 2719 3539; x_wconf 91' lang='lat' dir='ltr'><strong>cum</strong></span> <span class='ocrx_word' id='word_1_543' title='bbox 2753 3483 3085 3541; x_wconf 85' lang='lat' dir='ltr'><strong>divinorum</strong></span> <span class='ocrx_word' id='word_1_544' title='bbox 3127 3485 3492 3556; x_wconf 88' lang='lat' dir='ltr'><strong>judiciorum</strong></span> <span class='ocrx_word' id='word_1_545' title='bbox 3538 3486 3800 3544; x_wconf 90' lang='lat' dir='ltr'><strong>altitudo</strong></span> 
     </span>
    </p>
   </div>
   <div class='ocr_carea' id='block_1_81' title="bbox 2133 3573 3799 3649">
    <p class='ocr_par' dir='ltr' id='par_1_81' title="bbox 2133 3573 3799 3649">
     <span class='ocr_line' id='line_1_81' title="bbox 2133 3573 3799 3649; baseline 0.002 -20"><span class='ocrx_word' id='word_1_546' title='bbox 2133 3573 2284 3630; x_wconf 87' lang='lat' dir='ltr'><strong>nulli</strong></span> <span class='ocrx_word' id='word_1_547' title='bbox 2306 3573 2609 3630; x_wconf 85' lang='lat' dir='ltr'><strong>hominum</strong></span> <span class='ocrx_word' id='word_1_548' title='bbox 2634 3575 2971 3646; x_wconf 84' lang='lat' dir='ltr'><strong>cogitationi</strong></span> <span class='ocrx_word' id='word_1_549' title='bbox 2993 3576 3189 3647; x_wconf 88' lang='lat' dir='ltr'><strong>pervia</strong></span> <span class='ocrx_word' id='word_1_550' title='bbox 3210 3578 3288 3632; x_wconf 87' lang='lat' dir='ltr'><strong>sit</strong></span> <span class='ocrx_word' id='word_1_551' title='bbox 3307 3576 3374 3643; x_wconf 67' lang='grc'><strong>1⁵,</strong></span> <span class='ocrx_word' id='word_1_552' title='bbox 3397 3592 3579 3649; x_wconf 89' lang='lat' dir='ltr'><strong>quam</strong></span> <span class='ocrx_word' id='word_1_553' title='bbox 3613 3577 3799 3633; x_wconf 86' lang='lat' dir='ltr'><strong>nimi-</strong></span> 
     </span>
    </p>
   </div>
   <div class='ocr_carea' id='block_1_82' title="bbox 2132 3661 3805 3738">
    <p class='ocr_par' dir='ltr' id='par_1_82' title="bbox 2132 3661 3805 3738">
     <span class='ocr_line' id='line_1_82' title="bbox 2132 3661 3805 3738; baseline 0.002 -19"><span class='ocrx_word' id='word_1_554' title='bbox 2132 3679 2261 3720; x_wconf 88' lang='lat' dir='ltr'><strong>rum</strong></span> <span class='ocrx_word' id='word_1_555' title='bbox 2292 3667 2395 3719; x_wconf 85' lang='lat' dir='ltr'><strong>aut</strong></span> <span class='ocrx_word' id='word_1_556' title='bbox 2422 3661 2755 3720; x_wconf 89' lang='lat' dir='ltr'><strong>intellectus</strong></span> <span class='ocrx_word' id='word_1_557' title='bbox 2777 3663 3076 3725; x_wconf 87' lang='lat' dir='ltr'><strong>humanus</strong></span> <span class='ocrx_word' id='word_1_558' title='bbox 3133 3666 3367 3738; x_wconf 89' lang='lat' dir='ltr'><strong>assequi</strong></span> <span class='ocrx_word' id='word_1_559' title='bbox 3415 3673 3517 3722; x_wconf 92' lang='lat' dir='ltr'><strong>aut</strong></span> <span class='ocrx_word' id='word_1_560' title='bbox 3546 3671 3805 3723; x_wconf 76' lang='lat' dir='ltr'><strong>natura-</strong></span> 
     </span>
    </p>
   </div>
   <div class='ocr_carea' id='block_1_83' title="bbox 2131 3753 3801 3828">
    <p class='ocr_par' dir='ltr' id='par_1_83' title="bbox 2131 3753 3801 3828">
     <span class='ocr_line' id='line_1_83' title="bbox 2131 3753 3801 3828; baseline 0.003 -20"><span class='ocrx_word' id='word_1_561' title='bbox 2131 3753 2277 3809; x_wconf 91' lang='lat' dir='ltr'><strong>lium</strong></span> <span class='ocrx_word' id='word_1_562' title='bbox 2310 3769 2504 3809; x_wconf 91' lang='lat' dir='ltr'><strong>rerum</strong></span> <span class='ocrx_word' id='word_1_563' title='bbox 2533 3754 2716 3810; x_wconf 90' lang='lat' dir='ltr'><strong>series</strong></span> <span class='ocrx_word' id='word_1_564' title='bbox 2745 3771 3086 3827; x_wconf 80' lang='lat' dir='ltr'><strong>expromere</strong></span> <span class='ocrx_word' id='word_1_565' title='bbox 3131 3756 3292 3812; x_wconf 89' lang='lat' dir='ltr'><strong>nullo</strong></span> <span class='ocrx_word' id='word_1_566' title='bbox 3356 3755 3530 3812; x_wconf 91' lang='lat' dir='ltr'><strong>modo</strong></span> <span class='ocrx_word' id='word_1_567' title='bbox 3580 3757 3801 3828; x_wconf 85' lang='lat' dir='ltr'><strong>possit,</strong></span> 
     </span>
    </p>
   </div>
   <div class='ocr_carea' id='block_1_84' title="bbox 2133 3842 3811 3915">
    <p class='ocr_par' dir='ltr' id='par_1_84' title="bbox 2133 3842 3811 3915">
     <span class='ocr_line' id='line_1_84' title="bbox 2133 3842 3811 3915; baseline 0.004 -17"><span class='ocrx_word' id='word_1_568' title='bbox 2133 3842 2233 3915; x_wconf 91' lang='lat' dir='ltr'><strong>qui</strong></span> <span class='ocrx_word' id='word_1_569' title='bbox 2264 3859 2480 3914; x_wconf 62' lang='lat' dir='ltr'><strong>quaeso,</strong></span> <span class='ocrx_word' id='word_1_570' title='bbox 2514 3844 2640 3900; x_wconf 84' lang='lat' dir='ltr'><strong>ﬁeri</strong></span> <span class='ocrx_word' id='word_1_571' title='bbox 2672 3849 2882 3914; x_wconf 85' lang='lat' dir='ltr'><strong>potest,</strong></span> <span class='ocrx_word' id='word_1_572' title='bbox 2919 3848 2983 3901; x_wconf 90' lang='lat' dir='ltr'><strong>ut</strong></span> <span class='ocrx_word' id='word_1_573' title='bbox 3014 3862 3083 3903; x_wconf 81' lang='lat' dir='ltr'><strong>ex</strong></span> <span class='ocrx_word' id='word_1_574' title='bbox 3103 3845 3409 3902; x_wconf 87' lang='lat' dir='ltr'><strong>elementis</strong></span> <span class='ocrx_word' id='word_1_575' title='bbox 3435 3854 3661 3903; x_wconf 71' lang='lat' dir='ltr'><strong>naturas</strong></span> <span class='ocrx_word' id='word_1_576' title='bbox 3693 3847 3811 3904; x_wconf 85' lang='lat' dir='ltr'><strong>oh-</strong></span> 
     </span>
    </p>
   </div>
   <div class='ocr_carea' id='block_1_85' title="bbox 2132 3932 3807 4008">
    <p class='ocr_par' dir='ltr' id='par_1_85' title="bbox 2132 3932 3807 4008">
     <span class='ocr_line' id='line_1_85' title="bbox 2132 3932 3807 4008; baseline 0.005 -21"><span class='ocrx_word' id='word_1_577' title='bbox 2132 3932 2344 4001; x_wconf 82' lang='lat' dir='ltr'><strong>noxiis,</strong></span> <span class='ocrx_word' id='word_1_578' title='bbox 2377 3948 2619 4005; x_wconf 67' lang='lat' dir='ltr'><strong>queque</strong></span> <span class='ocrx_word' id='word_1_579' title='bbox 2647 3932 2796 3989; x_wconf 89' lang='lat' dir='ltr'><strong>nihil</strong></span> <span class='ocrx_word' id='word_1_580' title='bbox 2827 3934 3087 4007; x_wconf 88' lang='lat' dir='ltr'><strong>amplius</strong></span> <span class='ocrx_word' id='word_1_581' title='bbox 3118 3940 3391 3993; x_wconf 81' lang='lat' dir='ltr'><strong>assecuta</strong></span> <span class='ocrx_word' id='word_1_582' title='bbox 3420 3940 3583 4004; x_wconf 89' lang='lat' dir='ltr'><strong>sunt,</strong></span> <span class='ocrx_word' id='word_1_583' title='bbox 3613 3952 3807 4008; x_wconf 86' lang='lat' dir='ltr'><strong>quam</strong></span> 
     </span>
    </p>
   </div>
   <div class='ocr_carea' id='block_1_86' title="bbox 2132 4024 3808 4100">
    <p class='ocr_par' dir='ltr' id='par_1_86' title="bbox 2132 4024 3808 4100">
     <span class='ocr_line' id='line_1_86' title="bbox 2132 4024 3808 4100; baseline 0.004 -21"><span class='ocrx_word' id='word_1_584' title='bbox 2132 4025 2289 4095; x_wconf 89' lang='lat' dir='ltr'><strong>quod</strong></span> <span class='ocrx_word' id='word_1_585' title='bbox 2347 4024 2421 4080; x_wconf 91' lang='lat' dir='ltr'><strong>iis</strong></span> <span class='ocrx_word' id='word_1_586' title='bbox 2479 4041 2608 4097; x_wconf 74' lang='lat' dir='ltr'><strong>quae</strong></span> <span class='ocrx_word' id='word_1_587' title='bbox 2667 4028 2806 4081; x_wconf 90' lang='lat' dir='ltr'><strong>sunt</strong></span> <span class='ocrx_word' id='word_1_588' title='bbox 2859 4031 3268 4097; x_wconf 90' lang='lat' dir='ltr'><strong>aceensentur,</strong></span> <span class='ocrx_word' id='word_1_589' title='bbox 3327 4027 3571 4100; x_wconf 88' lang='lat' dir='ltr'><strong>quidam</strong></span> <span class='ocrx_word' id='word_1_590' title='bbox 3612 4029 3808 4085; x_wconf 86' lang='lat' dir='ltr'><strong>futuri</strong></span> 
     </span>
    </p>
   </div>
   <div class='ocr_carea' id='block_1_87' title="bbox 2134 4113 2919 4187">
    <p class='ocr_par' dir='ltr' id='par_1_87' title="bbox 2134 4113 2919 4187">
     <span class='ocr_line' id='line_1_87' title="bbox 2134 4113 2919 4187; baseline 0.003 -17"><span class='ocrx_word' id='word_1_591' title='bbox 2134 4113 2440 4187; x_wconf 88' lang='lat' dir='ltr'><strong>scientiam</strong></span> <span class='ocrx_word' id='word_1_592' title='bbox 2475 4114 2863 4186; x_wconf 82' lang='lat' dir='ltr'><strong>polliceantur</strong></span> <span class='ocrx_word' id='word_1_593' title='bbox 2889 4117 2919 4172; x_wconf 78' lang='lat' dir='ltr'><strong>‘I</strong></span> 
     </span>
    </p>
   </div>
   <div class='ocr_carea' id='block_1_88' title="bbox 2204 4220 3811 4300">
    <p class='ocr_par' dir='ltr' id='par_1_88' title="bbox 2204 4220 3811 4300">
     <span class='ocr_line' id='line_1_88' title="bbox 2204 4220 3811 4300; baseline 0.006 -24"><span class='ocrx_word' id='word_1_594' title='bbox 2204 4220 2410 4277; x_wconf 81' lang='lat' dir='ltr'><strong>Mirum</strong></span> <span class='ocrx_word' id='word_1_595' title='bbox 2441 4238 2579 4278; x_wconf 86' lang='lat' dir='ltr'><strong>vero</strong></span> <span class='ocrx_word' id='word_1_596' title='bbox 2609 4222 2669 4279; x_wconf 91' lang='lat' dir='ltr'><strong>ni</strong></span> <span class='ocrx_word' id='word_1_597' title='bbox 2702 4238 3049 4296; x_wconf 85' lang='lat' dir='ltr'><strong>progressus</strong></span> <span class='ocrx_word' id='word_1_598' title='bbox 3073 4225 3498 4293; x_wconf 88' lang='lat' dir='ltr'><strong>ulterius,beus</strong></span> <span class='ocrx_word' id='word_1_599' title='bbox 3520 4229 3811 4300; x_wconf 81' lang='lat' dir='ltr'><strong>tu,quis-</strong></span> 
     </span>
    </p>
   </div>
   <div class='ocr_carea' id='block_1_89' title="bbox 2135 4312 3806 4387">
    <p class='ocr_par' dir='ltr' id='par_1_89' title="bbox 2135 4312 3806 4387">
     <span class='ocr_line' id='line_1_89' title="bbox 2135 4312 3806 4387; baseline 0.005 -21"><span class='ocrx_word' id='word_1_600' title='bbox 2135 4312 2269 4384; x_wconf 92' lang='lat' dir='ltr'><strong>quis</strong></span> <span class='ocrx_word' id='word_1_601' title='bbox 2288 4312 2478 4383; x_wconf 88' lang='lat' dir='ltr'><strong>es,qui</strong></span> <span class='ocrx_word' id='word_1_602' title='bbox 2503 4313 2678 4369; x_wconf 89' lang='lat' dir='ltr'><strong>astris</strong></span> <span class='ocrx_word' id='word_1_603' title='bbox 2695 4315 3122 4385; x_wconf 88' lang='lat' dir='ltr'><strong>promotionem</strong></span> <span class='ocrx_word' id='word_1_604' title='bbox 3147 4315 3481 4372; x_wconf 86' lang='lat' dir='ltr'><strong>futurorum</strong></span> <span class='ocrx_word' id='word_1_605' title='bbox 3520 4318 3806 4387; x_wconf 87' lang='lat' dir='ltr'><strong>ascrihis,</strong></span> 
     </span>
    </p>
   </div>
   <div class='ocr_carea' id='block_1_90' title="bbox 2133 4401 3808 4476">
    <p class='ocr_par' dir='ltr' id='par_1_90' title="bbox 2133 4401 3808 4476">
     <span class='ocr_line' id='line_1_90' title="bbox 2133 4401 3808 4476; baseline 0.004 -20"><span class='ocrx_word' id='word_1_606' title='bbox 2133 4405 2400 4473; x_wconf 89' lang='lat' dir='ltr'><strong>tempora</strong></span> <span class='ocrx_word' id='word_1_607' title='bbox 2420 4416 2655 4472; x_wconf 83' lang='lat' dir='ltr'><strong>quoque</strong></span> <span class='ocrx_word' id='word_1_608' title='bbox 2676 4401 2937 4473; x_wconf 87' lang='lat' dir='ltr'><strong>adjicias,</strong></span> <span class='ocrx_word' id='word_1_609' title='bbox 2961 4407 3018 4458; x_wconf 92' lang='lat' dir='ltr'><strong>et</strong></span> <span class='ocrx_word' id='word_1_610' title='bbox 3039 4418 3107 4459; x_wconf 89' lang='lat' dir='ltr'><strong>ea</strong></span> <span class='ocrx_word' id='word_1_611' title='bbox 3128 4407 3184 4460; x_wconf 91' lang='lat' dir='ltr'><strong>te</strong></span> <span class='ocrx_word' id='word_1_612' title='bbox 3218 4421 3321 4476; x_wconf 91' lang='lat' dir='ltr'><strong>pro</strong></span> <span class='ocrx_word' id='word_1_613' title='bbox 3345 4404 3525 4460; x_wconf 89' lang='lat' dir='ltr'><strong>animi</strong></span> <span class='ocrx_word' id='word_1_614' title='bbox 3542 4405 3808 4462; x_wconf 86' lang='lat' dir='ltr'><strong>arbitrio</strong></span> 
     </span>
    </p>
   </div>
   <div class='ocr_carea' id='block_1_91' title="bbox 2135 4488 3809 4567">
    <p class='ocr_par' dir='ltr' id='par_1_91' title="bbox 2135 4488 3809 4567">
     <span class='ocr_line' id='line_1_91' title="bbox 2135 4488 3809 4567; baseline 0.004 -21"><span class='ocrx_word' id='word_1_615' title='bbox 2135 4505 2294 4546; x_wconf 89' lang='lat' dir='ltr'><strong>nunc</strong></span> <span class='ocrx_word' id='word_1_616' title='bbox 2319 4488 2684 4559; x_wconf 90' lang='lat' dir='ltr'><strong>subtrahere,</strong></span> <span class='ocrx_word' id='word_1_617' title='bbox 2741 4506 2897 4546; x_wconf 88' lang='lat' dir='ltr'><strong>nunc</strong></span> <span class='ocrx_word' id='word_1_618' title='bbox 2941 4492 3248 4551; x_wconf 78' lang='lat' dir='ltr'><strong>diffindere</strong></span> <span class='ocrx_word' id='word_1_619' title='bbox 3296 4493 3611 4565; x_wconf 79' lang='lat' dir='ltr'><strong>praedices:</strong></span> <span class='ocrx_word' id='word_1_620' title='bbox 3674 4511 3809 4567; x_wconf 88' lang='lat' dir='ltr'><strong>quo</strong></span> 
     </span>
    </p>
   </div>
   <div class='ocr_carea' id='block_1_92' title="bbox 2133 4577 3807 4656">
    <p class='ocr_par' dir='ltr' id='par_1_92' title="bbox 2133 4577 3807 4656">
     <span class='ocr_line' id='line_1_92' title="bbox 2133 4577 3807 4656; baseline 0.004 -22"><span class='ocrx_word' id='word_1_621' title='bbox 2133 4582 2333 4634; x_wconf 91' lang='lat' dir='ltr'><strong>tamen</strong></span> <span class='ocrx_word' id='word_1_622' title='bbox 2358 4577 2704 4652; x_wconf 86' lang='lat' dir='ltr'><strong>intersignio</strong></span> <span class='ocrx_word' id='word_1_623' title='bbox 2761 4580 3008 4638; x_wconf 79' lang='lat' dir='ltr'><strong>facultas</strong></span> <span class='ocrx_word' id='word_1_624' title='bbox 3054 4580 3157 4637; x_wconf 91' lang='lat' dir='ltr'><strong>illa</strong></span> <span class='ocrx_word' id='word_1_625' title='bbox 3215 4581 3610 4655; x_wconf 88' lang='lat' dir='ltr'><strong>dignoscitur,</strong></span> <span class='ocrx_word' id='word_1_626' title='bbox 3663 4600 3807 4656; x_wconf 68' lang='lat' dir='ltr'><strong>qua</strong></span> 
     </span>
    </p>
   </div>
   <div class='ocr_carea' id='block_1_93' title="bbox 364 4663 3806 4744">
    <p class='ocr_par' dir='ltr' id='par_1_93' title="bbox 364 4663 3806 4744">
     <span class='ocr_line' id='line_1_93' title="bbox 364 4663 3806 4744; baseline -0.001 -11"><span class='ocrx_word' id='word_1_627' title='bbox 364 4672 874 4734; x_wconf 85' lang='lat' dir='ltr'><strong>condemnandam</strong></span> <span class='ocrx_word' id='word_1_628' title='bbox 897 4676 954 4727; x_wconf 90' lang='lat' dir='ltr'><strong>et</strong></span> <span class='ocrx_word' id='word_1_629' title='bbox 982 4669 1403 4741; x_wconf 86' lang='lat' dir='ltr'><strong>explodendam</strong></span> <span class='ocrx_word' id='word_1_630' title='bbox 1435 4665 1725 4722; x_wconf 81' lang='lat' dir='ltr'><strong>videri.At</strong></span> <span class='ocrx_word' id='word_1_631' title='bbox 1754 4663 2019 4722; x_wconf 86' lang='lat' dir='ltr'><strong>vicissim</strong></span> <span class='ocrx_word' id='word_1_632' title='bbox 2051 4677 2100 4740; x_wconf 80' lang='grc' dir='ltr'><strong>ί]</strong></span> <span class='ocrx_word' id='word_1_633' title='bbox 2130 4667 2261 4723; x_wconf 71' lang='lat' dir='ltr'><strong>vitae</strong></span> <span class='ocrx_word' id='word_1_634' title='bbox 2293 4670 3221 4743; x_wconf 68' lang='lat' dir='ltr'><strong>praeest,cunctaquesuppeditat</strong></span> <span class='ocrx_word' id='word_1_635' title='bbox 3245 4685 3260 4726; x_wconf 88' lang='lat'>:</span> <span class='ocrx_word' id='word_1_636' title='bbox 3287 4671 3806 4744; x_wconf 81' lang='lat' dir='ltr'><strong>quemadmodum</strong></span> 
     </span>
    </p>
   </div>
   <div class='ocr_carea' id='block_1_94' title="bbox 363 4754 2019 4834">
    <p class='ocr_par' dir='ltr' id='par_1_94' title="bbox 363 4754 2019 4834">
     <span class='ocr_line' id='line_1_94' title="bbox 363 4754 2019 4834; baseline -0.007 -12"><span class='ocrx_word' id='word_1_637' title='bbox 363 4767 584 4834; x_wconf 90' lang='lat' dir='ltr'><strong>audiet,</strong></span> <span class='ocrx_word' id='word_1_638' title='bbox 616 4768 799 4820; x_wconf 89' lang='lat' dir='ltr'><strong>artem</strong></span> <span class='ocrx_word' id='word_1_639' title='bbox 830 4760 993 4817; x_wconf 79' lang='lat' dir='ltr'><strong>illam</strong></span> <span class='ocrx_word' id='word_1_640' title='bbox 1026 4759 1420 4814; x_wconf 88' lang='lat' dir='ltr'><strong>mutationum</strong></span> <span class='ocrx_word' id='word_1_641' title='bbox 1478 4755 1631 4812; x_wconf 90' lang='lat' dir='ltr'><strong>aeris</strong></span> <span class='ocrx_word' id='word_1_642' title='bbox 1673 4754 2019 4828; x_wconf 83' lang='lat' dir='ltr'><strong>magistram</strong></span> 
     </span>
    </p>
   </div>
   <div class='ocr_carea' id='block_1_95' title="bbox 364 4842 2021 4924">
    <p class='ocr_par' dir='ltr' id='par_1_95' title="bbox 364 4842 2021 4924">
     <span class='ocr_line' id='line_1_95' title="bbox 364 4842 2021 4924; baseline -0.008 -13"><span class='ocrx_word' id='word_1_643' title='bbox 364 4870 514 4922; x_wconf 87' lang='lat' dir='ltr'><strong>esse,</strong></span> <span class='ocrx_word' id='word_1_644' title='bbox 546 4869 673 4924; x_wconf 74' lang='lat' dir='ltr'><strong>quas</strong></span> <span class='ocrx_word' id='word_1_645' title='bbox 700 4850 843 4909; x_wconf 84' lang='lat' dir='ltr'><strong>solis</strong></span> <span class='ocrx_word' id='word_1_646' title='bbox 873 4854 932 4906; x_wconf 92' lang='lat' dir='ltr'><strong>et</strong></span> <span class='ocrx_word' id='word_1_647' title='bbox 962 4850 1112 4905; x_wconf 85' lang='lat' dir='ltr'><strong>lunae</strong></span> <span class='ocrx_word' id='word_1_648' title='bbox 1170 4847 1464 4903; x_wconf 82' lang='lat' dir='ltr'><strong>defectum</strong></span> <span class='ocrx_word' id='word_1_649' title='bbox 1512 4843 1846 4916; x_wconf 88' lang='lat' dir='ltr'><strong>portendat,</strong></span> <span class='ocrx_word' id='word_1_650' title='bbox 1882 4842 2021 4899; x_wconf 89' lang='lat' dir='ltr'><strong>alia-</strong></span> 
     </span>
    </p>
   </div>
   <div class='ocr_carea' id='block_1_96' title="bbox 364 4931 2019 5015">
    <p class='ocr_par' dir='ltr' id='par_1_96' title="bbox 364 4931 2019 5015">
     <span class='ocr_line' id='line_1_96' title="bbox 364 4931 2019 5015; baseline -0.007 -16"><span class='ocrx_word' id='word_1_651' title='bbox 364 4958 479 5015; x_wconf 89' lang='lat' dir='ltr'><strong>que</strong></span> <span class='ocrx_word' id='word_1_652' title='bbox 499 4938 841 5012; x_wconf 90' lang='lat' dir='ltr'><strong>hujusmodi</strong></span> <span class='ocrx_word' id='word_1_653' title='bbox 866 4938 1139 4994; x_wconf 64' lang='lat' dir='ltr'><strong>humana</strong></span> <span class='ocrx_word' id='word_1_654' title='bbox 1161 4935 1293 4992; x_wconf 68' lang='lat' dir='ltr'><strong>vitae</strong></span> <span class='ocrx_word' id='word_1_655' title='bbox 1315 4932 1482 4990; x_wconf 90' lang='lat' dir='ltr'><strong>utilia</strong></span> <span class='ocrx_word' id='word_1_656' title='bbox 1519 4932 1831 5004; x_wconf 67' lang='lat' dir='ltr'><strong>praedicere</strong></span> <span class='ocrx_word' id='word_1_657' title='bbox 1851 4931 2019 4999; x_wconf 83' lang='lat' dir='ltr'><strong>sciat,</strong></span> 
     </span>
    </p>
   </div>
   <div class='ocr_carea' id='block_1_97' title="bbox 364 5021 2019 5098">
    <p class='ocr_par' dir='ltr' id='par_1_97' title="bbox 364 5021 2019 5098">
     <span class='ocr_line' id='line_1_97' title="bbox 364 5021 2019 5098; baseline -0.008 -10"><span class='ocrx_word' id='word_1_658' title='bbox 364 5038 424 5088; x_wconf 89' lang='lat' dir='ltr'><strong>at</strong></span> <span class='ocrx_word' id='word_1_659' title='bbox 444 5045 649 5087; x_wconf 91' lang='lat' dir='ltr'><strong>eorum</strong></span> <span class='ocrx_word' id='word_1_660' title='bbox 679 5044 804 5098; x_wconf 68' lang='lat' dir='ltr'><strong>quis</strong></span> <span class='ocrx_word' id='word_1_661' title='bbox 835 5027 1032 5084; x_wconf 91' lang='lat' dir='ltr'><strong>divino</strong></span> <span class='ocrx_word' id='word_1_662' title='bbox 1086 5041 1118 5082; x_wconf 92' lang='lat' dir='ltr'><strong>e</strong></span> <span class='ocrx_word' id='word_1_663' title='bbox 1172 5028 1319 5081; x_wconf 90' lang='lat' dir='ltr'><strong>nutu</strong></span> <span class='ocrx_word' id='word_1_664' title='bbox 1378 5021 1712 5094; x_wconf 88' lang='lat' dir='ltr'><strong>dependent</strong></span> <span class='ocrx_word' id='word_1_665' title='bbox 1742 5024 2019 5076; x_wconf 88' lang='lat' dir='ltr'><strong>eventum</strong></span> 
     </span>
    </p>
   </div>
   <div class='ocr_carea' id='block_1_98' title="bbox 368 5111 2017 5195">
    <p class='ocr_par' dir='ltr' id='par_1_98' title="bbox 368 5111 2017 5195">
     <span class='ocr_line' id='line_1_98' title="bbox 368 5111 2017 5195; baseline -0.007 -17"><span class='ocrx_word' id='word_1_666' title='bbox 368 5122 736 5195; x_wconf 90' lang='lat' dir='ltr'><strong>portendere,</strong></span> <span class='ocrx_word' id='word_1_667' title='bbox 766 5136 882 5176; x_wconf 91' lang='lat' dir='ltr'><strong>non</strong></span> <span class='ocrx_word' id='word_1_668' title='bbox 913 5118 1054 5176; x_wconf 91' lang='lat' dir='ltr'><strong>item</strong></span> <span class='ocrx_word' id='word_1_669' title='bbox 1102 5114 1405 5173; x_wconf 91' lang='lat' dir='ltr'><strong>didicerit:</strong></span> <span class='ocrx_word' id='word_1_670' title='bbox 1456 5117 1524 5168; x_wconf 88' lang='lat' dir='ltr'><strong>ut</strong></span> <span class='ocrx_word' id='word_1_671' title='bbox 1571 5116 1794 5167; x_wconf 90' lang='lat' dir='ltr'><strong>taceam</strong></span> <span class='ocrx_word' id='word_1_672' title='bbox 1829 5111 2017 5167; x_wconf 89' lang='lat' dir='ltr'><strong>malo-</strong></span> 
     </span>
    </p>
   </div>
   <div class='ocr_carea' id='block_1_99' title="bbox 364 5200 2019 5283">
    <p class='ocr_par' dir='ltr' id='par_1_99' title="bbox 364 5200 2019 5283">
     <span class='ocr_line' id='line_1_99' title="bbox 364 5200 2019 5283; baseline -0.007 -14"><span class='ocrx_word' id='word_1_673' title='bbox 364 5229 519 5276; x_wconf 89' lang='lat' dir='ltr'><strong>rum,</strong></span> <span class='ocrx_word' id='word_1_674' title='bbox 550 5228 675 5283; x_wconf 80' lang='lat' dir='ltr'><strong>quze</strong></span> <span class='ocrx_word' id='word_1_675' title='bbox 727 5207 1068 5265; x_wconf 88' lang='lat' dir='ltr'><strong>hominibus</strong></span> <span class='ocrx_word' id='word_1_676' title='bbox 1114 5204 1542 5278; x_wconf 88' lang='lat' dir='ltr'><strong>impenderent,</strong></span> <span class='ocrx_word' id='word_1_677' title='bbox 1600 5200 1728 5271; x_wconf 90' lang='lat' dir='ltr'><strong>jam</strong></span> <span class='ocrx_word' id='word_1_678' title='bbox 1772 5201 2019 5272; x_wconf 87' lang='lat' dir='ltr'><strong>jamque</strong></span> 
     </span>
    </p>
   </div>
   <div class='ocr_carea' id='block_1_100' title="bbox 366 5289 2019 5375">
    <p class='ocr_par' dir='ltr' id='par_1_100' title="bbox 366 5289 2019 5375">
     <span class='ocr_line' id='line_1_100' title="bbox 366 5289 2019 5375; baseline -0.007 -18"><span class='ocrx_word' id='word_1_679' title='bbox 366 5299 935 5375; x_wconf 85' lang='lat' dir='ltr'><strong>urgereocciperent,</strong></span> <span class='ocrx_word' id='word_1_680' title='bbox 970 5298 1247 5369; x_wconf 73' lang='lat' dir='ltr'><strong>pleraque</strong></span> <span class='ocrx_word' id='word_1_681' title='bbox 1297 5310 1329 5349; x_wconf 92' lang='lat' dir='ltr'><strong>a</strong></span> <span class='ocrx_word' id='word_1_682' title='bbox 1376 5292 1493 5348; x_wconf 91' lang='lat' dir='ltr'><strong>Deo</strong></span> <span class='ocrx_word' id='word_1_683' title='bbox 1543 5289 2019 5362; x_wconf 85' lang='lat' dir='ltr'><strong>precibus,jeju-</strong></span> 
     </span>
    </p>
   </div>
   <div class='ocr_carea' id='block_1_101' title="bbox 366 5378 2020 5459">
    <p class='ocr_par' dir='ltr' id='par_1_101' title="bbox 366 5378 2020 5459">
     <span class='ocr_line' id='line_1_101' title="bbox 366 5378 2020 5459; baseline -0.007 -13"><span class='ocrx_word' id='word_1_684' title='bbox 366 5392 508 5459; x_wconf 88' lang='lat' dir='ltr'><strong>niis,</strong></span> <span class='ocrx_word' id='word_1_685' title='bbox 541 5400 596 5446; x_wconf 89' lang='lat' dir='ltr'><strong>et</strong></span> <span class='ocrx_word' id='word_1_686' title='bbox 626 5386 1005 5453; x_wconf 88' lang='lat' dir='ltr'><strong>orationibus,</strong></span> <span class='ocrx_word' id='word_1_687' title='bbox 1066 5383 1236 5453; x_wconf 79' lang='lat' dir='ltr'><strong>ﬂexo,</strong></span> <span class='ocrx_word' id='word_1_688' title='bbox 1284 5382 1344 5437; x_wconf 90' lang='lat' dir='ltr'><strong>in</strong></span> <span class='ocrx_word' id='word_1_689' title='bbox 1395 5378 1608 5436; x_wconf 75' lang='lat' dir='ltr'><strong>melius</strong></span> <span class='ocrx_word' id='word_1_690' title='bbox 1655 5384 2020 5436; x_wconf 88' lang='lat' dir='ltr'><strong>commutata</strong></span> 
     </span>
    </p>
   </div>
   <div class='ocr_carea' id='block_1_102' title="bbox 362 5467 2016 5541">
    <p class='ocr_par' dir='ltr' id='par_1_102' title="bbox 362 5467 2016 5541">
     <span class='ocr_line' id='line_1_102' title="bbox 362 5467 2016 5541; baseline -0.004 -9"><span class='ocrx_word' id='word_1_691' title='bbox 362 5484 624 5536; x_wconf 78' lang='lat' dir='ltr'><strong>essezut</strong></span> <span class='ocrx_word' id='word_1_692' title='bbox 648 5494 718 5535; x_wconf 84' lang='lat' dir='ltr'><strong>ex</strong></span> <span class='ocrx_word' id='word_1_693' title='bbox 771 5474 1159 5533; x_wconf 80' lang='lat' dir='ltr'><strong>Ninivitarum</strong></span> <span class='ocrx_word' id='word_1_694' title='bbox 1219 5470 1599 5527; x_wconf 90' lang='lat' dir='ltr'><strong>conversione</strong></span> <span class='ocrx_word' id='word_1_695' title='bbox 1637 5467 2016 5541; x_wconf 90' lang='lat' dir='ltr'><strong>perspicuum</strong></span> 
     </span>
    </p>
   </div>
   <div class='ocr_carea' id='block_1_103' title="bbox 2130 4757 3804 4833">
    <p class='ocr_par' dir='ltr' id='par_1_103' title="bbox 2130 4757 3804 4833">
     <span class='ocr_line' id='line_1_103' title="bbox 2130 4757 3804 4833; baseline 0.004 -22"><span class='ocrx_word' id='word_1_696' title='bbox 2130 4757 2308 4811; x_wconf 73' lang='lat' dir='ltr'><strong>etiarn</strong></span> <span class='ocrx_word' id='word_1_697' title='bbox 2341 4771 2407 4811; x_wconf 91' lang='lat' dir='ltr'><strong>ex</strong></span> <span class='ocrx_word' id='word_1_698' title='bbox 2441 4771 2508 4814; x_wconf 90' lang='lat' dir='ltr'><strong>eo</strong></span> <span class='ocrx_word' id='word_1_699' title='bbox 2559 4759 2713 4831; x_wconf 91' lang='lat' dir='ltr'><strong>quod</strong></span> <span class='ocrx_word' id='word_1_700' title='bbox 2769 4758 2968 4815; x_wconf 88' lang='lat' dir='ltr'><strong>futura</strong></span> <span class='ocrx_word' id='word_1_701' title='bbox 3025 4775 3141 4816; x_wconf 92' lang='lat' dir='ltr'><strong>non</strong></span> <span class='ocrx_word' id='word_1_702' title='bbox 3193 4760 3393 4816; x_wconf 90' lang='lat' dir='ltr'><strong>minus</strong></span> <span class='ocrx_word' id='word_1_703' title='bbox 3424 4776 3606 4833; x_wconf 89' lang='lat' dir='ltr'><strong>quam</strong></span> <span class='ocrx_word' id='word_1_704' title='bbox 3644 4777 3804 4833; x_wconf 72' lang='lat' dir='ltr'><strong>prs:-</strong></span> 
     </span>
    </p>
   </div>
   <div class='ocr_carea' id='block_1_104' title="bbox 2131 4845 3800 4923">
    <p class='ocr_par' dir='ltr' id='par_1_104' title="bbox 2131 4845 3800 4923">
     <span class='ocr_line' id='line_1_104' title="bbox 2131 4845 3800 4923; baseline 0.005 -23"><span class='ocrx_word' id='word_1_705' title='bbox 2131 4845 2320 4901; x_wconf 85' lang='lat' dir='ltr'><strong>sentia</strong></span> <span class='ocrx_word' id='word_1_706' title='bbox 2351 4853 2657 4919; x_wconf 87' lang='lat' dir='ltr'><strong>perspecta</strong></span> <span class='ocrx_word' id='word_1_707' title='bbox 2698 4852 2756 4904; x_wconf 89' lang='lat' dir='ltr'><strong>et</strong></span> <span class='ocrx_word' id='word_1_708' title='bbox 2811 4848 3043 4922; x_wconf 83' lang='lat' dir='ltr'><strong>cognita</strong></span> <span class='ocrx_word' id='word_1_709' title='bbox 3099 4848 3294 4906; x_wconf 88' lang='lat' dir='ltr'><strong>habet.</strong></span> <span class='ocrx_word' id='word_1_710' title='bbox 3334 4852 3523 4923; x_wconf 90' lang='lat' dir='ltr'><strong>Atque</strong></span> <span class='ocrx_word' id='word_1_711' title='bbox 3580 4857 3649 4906; x_wconf 85' lang='lat' dir='ltr'><strong>ut</strong></span> <span class='ocrx_word' id='word_1_712' title='bbox 3681 4851 3800 4909; x_wconf 89' lang='lat' dir='ltr'><strong>hoc</strong></span> 
     </span>
    </p>
   </div>
   <div class='ocr_carea' id='block_1_105' title="bbox 2129 4933 3801 5010">
    <p class='ocr_par' dir='ltr' id='par_1_105' title="bbox 2129 4933 3801 5010">
     <span class='ocr_line' id='line_1_105' title="bbox 2129 4933 3801 5010; baseline 0.005 -19"><span class='ocrx_word' id='word_1_713' title='bbox 2129 4933 2381 5007; x_wconf 87' lang='lat' dir='ltr'><strong>exempli</strong></span> <span class='ocrx_word' id='word_1_714' title='bbox 2413 4937 2604 5008; x_wconf 88' lang='lat' dir='ltr'><strong>gratia</strong></span> <span class='ocrx_word' id='word_1_715' title='bbox 2650 4938 2962 5009; x_wconf 87' lang='lat' dir='ltr'><strong>proferam,</strong></span> <span class='ocrx_word' id='word_1_716' title='bbox 3014 4938 3112 4994; x_wconf 87' lang='lat' dir='ltr'><strong>ille</strong></span> <span class='ocrx_word' id='word_1_717' title='bbox 3169 4939 3411 5010; x_wconf 90' lang='lat' dir='ltr'><strong>quidem</strong></span> <span class='ocrx_word' id='word_1_718' title='bbox 3457 4939 3801 4999; x_wconf 86' lang='lat' dir='ltr'><strong>bellaturus</strong></span> 
     </span>
    </p>
   </div>
   <div class='ocr_carea' id='block_1_106' title="bbox 2129 5023 3794 5101">
    <p class='ocr_par' dir='ltr' id='par_1_106' title="bbox 2129 5023 3794 5101">
     <span class='ocr_line' id='line_1_106' title="bbox 2129 5023 3794 5101; baseline 0.005 -23"><span class='ocrx_word' id='word_1_719' title='bbox 2129 5023 2219 5079; x_wconf 90' lang='lat' dir='ltr'><strong>vel</strong></span> <span class='ocrx_word' id='word_1_720' title='bbox 2249 5023 2428 5080; x_wconf 90' lang='lat' dir='ltr'><strong>etiam</strong></span> <span class='ocrx_word' id='word_1_721' title='bbox 2449 5030 2676 5082; x_wconf 86' lang='lat' dir='ltr'><strong>vastum</strong></span> <span class='ocrx_word' id='word_1_722' title='bbox 2726 5042 2888 5083; x_wconf 89' lang='lat' dir='ltr'><strong>mare</strong></span> <span class='ocrx_word' id='word_1_723' title='bbox 2934 5029 3289 5100; x_wconf 88' lang='lat' dir='ltr'><strong>trajecturus</strong></span> <span class='ocrx_word' id='word_1_724' title='bbox 3340 5028 3794 5101; x_wconf 85' lang='lat' dir='ltr'><strong>proficiscitur:</strong></span> 
     </span>
    </p>
   </div>
   <div class='ocr_carea' id='block_1_107' title="bbox 2130 5112 3803 5190">
    <p class='ocr_par' dir='ltr' id='par_1_107' title="bbox 2130 5112 3803 5190">
     <span class='ocr_line' id='line_1_107' title="bbox 2130 5112 3803 5190; baseline 0.005 -21"><span class='ocrx_word' id='word_1_725' title='bbox 2130 5112 2227 5169; x_wconf 91' lang='lat' dir='ltr'><strong>hic</strong></span> <span class='ocrx_word' id='word_1_726' title='bbox 2256 5130 2390 5170; x_wconf 90' lang='lat' dir='ltr'><strong>vero</strong></span> <span class='ocrx_word' id='word_1_727' title='bbox 2420 5116 2875 5173; x_wconf 88' lang='lat' dir='ltr'><strong>astronomicam</strong></span> <span class='ocrx_word' id='word_1_728' title='bbox 2906 5121 3093 5175; x_wconf 87' lang='lat' dir='ltr'><strong>artem</strong></span> <span class='ocrx_word' id='word_1_729' title='bbox 3135 5120 3458 5190; x_wconf 86' lang='lat' dir='ltr'><strong>professus,</strong></span> <span class='ocrx_word' id='word_1_730' title='bbox 3490 5117 3542 5175; x_wconf 89' lang='lat' dir='ltr'><strong>si</strong></span> <span class='ocrx_word' id='word_1_731' title='bbox 3574 5135 3803 5177; x_wconf 89' lang='lat' dir='ltr'><strong>consu-</strong></span> 
     </span>
    </p>
   </div>
   <div class='ocr_carea' id='block_1_108' title="bbox 2129 5201 3793 5282">
    <p class='ocr_par' dir='ltr' id='par_1_108' title="bbox 2129 5201 3793 5282">
     <span class='ocr_line' id='line_1_108' title="bbox 2129 5201 3793 5282; baseline 0.005 -25"><span class='ocrx_word' id='word_1_732' title='bbox 2129 5201 2305 5270; x_wconf 89' lang='lat' dir='ltr'><strong>latur,</strong></span> <span class='ocrx_word' id='word_1_733' title='bbox 2343 5204 2647 5261; x_wconf 89' lang='lat' dir='ltr'><strong>victoriam</strong></span> <span class='ocrx_word' id='word_1_734' title='bbox 2706 5221 2937 5278; x_wconf 90' lang='lat' dir='ltr'><strong>semper</strong></span> <span class='ocrx_word' id='word_1_735' title='bbox 2982 5211 3041 5263; x_wconf 89' lang='lat' dir='ltr'><strong>et</strong></span> <span class='ocrx_word' id='word_1_736' title='bbox 3088 5211 3278 5264; x_wconf 90' lang='lat' dir='ltr'><strong>tutam</strong></span> <span class='ocrx_word' id='word_1_737' title='bbox 3329 5208 3793 5282; x_wconf 81' lang='lat' dir='ltr'><strong>navigationem,</strong></span> 
     </span>
    </p>
   </div>
   <div class='ocr_carea' id='block_1_109' title="bbox 2130 5291 3802 5370">
    <p class='ocr_par' dir='ltr' id='par_1_109' title="bbox 2130 5291 3802 5370">
     <span class='ocr_line' id='line_1_109' title="bbox 2130 5291 3802 5370; baseline 0.005 -23"><span class='ocrx_word' id='word_1_738' title='bbox 2130 5291 2519 5350; x_wconf 86' lang='lat' dir='ltr'><strong>astronomiea</strong></span> <span class='ocrx_word' id='word_1_739' title='bbox 2577 5293 2808 5366; x_wconf 82' lang='lat' dir='ltr'><strong>sphaera</strong></span> <span class='ocrx_word' id='word_1_740' title='bbox 2830 5295 2991 5368; x_wconf 86' lang='lat' dir='ltr'><strong>prius</strong></span> <span class='ocrx_word' id='word_1_741' title='bbox 3011 5312 3140 5353; x_wconf 90' lang='lat' dir='ltr'><strong>eum</strong></span> <span class='ocrx_word' id='word_1_742' title='bbox 3163 5297 3223 5353; x_wconf 90' lang='lat' dir='ltr'><strong>in</strong></span> <span class='ocrx_word' id='word_1_743' title='bbox 3249 5313 3421 5353; x_wconf 89' lang='lat' dir='ltr'><strong>usum</strong></span> <span class='ocrx_word' id='word_1_744' title='bbox 3450 5296 3802 5370; x_wconf 84' lang='lat' dir='ltr'><strong>fabrefacta,</strong></span> 
     </span>
    </p>
   </div>
   <div class='ocr_carea' id='block_1_110' title="bbox 2127 5382 3806 5461">
    <p class='ocr_par' dir='ltr' id='par_1_110' title="bbox 2127 5382 3806 5461">
     <span class='ocr_line' id='line_1_110' title="bbox 2127 5382 3806 5461; baseline 0.008 -26"><span class='ocrx_word' id='word_1_745' title='bbox 2127 5382 2441 5453; x_wconf 88' lang='lat' dir='ltr'><strong>promittit.</strong></span> <span class='ocrx_word' id='word_1_746' title='bbox 2489 5383 2775 5441; x_wconf 69' lang='lat' dir='ltr'><strong>Caeterum</strong></span> <span class='ocrx_word' id='word_1_747' title='bbox 2825 5384 2911 5440; x_wconf 90' lang='lat' dir='ltr'><strong>illi</strong></span> <span class='ocrx_word' id='word_1_748' title='bbox 2994 5386 3173 5444; x_wconf 88' lang='lat' dir='ltr'><strong>rebus</strong></span> <span class='ocrx_word' id='word_1_749' title='bbox 3219 5403 3290 5443; x_wconf 87' lang='lat' dir='ltr'><strong>ex</strong></span> <span class='ocrx_word' id='word_1_750' title='bbox 3347 5388 3569 5459; x_wconf 89' lang='lat' dir='ltr'><strong>majore</strong></span> <span class='ocrx_word' id='word_1_751' title='bbox 3630 5396 3806 5461; x_wconf 88' lang='lat' dir='ltr'><strong>parte</strong></span> 
     </span>
    </p>
   </div>
   <div class='ocr_carea' id='block_1_111' title="bbox 2126 5475 3804 5561">
    <p class='ocr_par' dir='ltr' id='par_1_111' title="bbox 2126 5475 3804 5561">
     <span class='ocr_line' id='line_1_111' title="bbox 2126 5475 3804 5561; baseline 0.008 -35"><span class='ocrx_word' id='word_1_752' title='bbox 2126 5475 2331 5527; x_wconf 81' lang='lat' dir='ltr'><strong>contra</strong></span> <span class='ocrx_word' id='word_1_753' title='bbox 2352 5488 2531 5544; x_wconf 89' lang='lat' dir='ltr'><strong>quam</strong></span> <span class='ocrx_word' id='word_1_754' title='bbox 2578 5476 2933 5548; x_wconf 87' lang='lat' dir='ltr'><strong>promissum</strong></span> <span class='ocrx_word' id='word_1_755' title='bbox 2983 5477 3189 5561; x_wconf 82' lang='lat' dir='ltr'><strong>fuerat,</strong></span> <span class='ocrx_word' id='word_1_756' title='bbox 3235 5478 3442 5551; x_wconf 90' lang='lat' dir='ltr'><strong>gestis,</strong></span> <span class='ocrx_word' id='word_1_757' title='bbox 3484 5483 3804 5539; x_wconf 83' lang='lat' dir='ltr'><strong>revertun-</strong></span> 
     </span>
    </p>
   </div>
   <div class='ocr_carea' id='block_1_112' title="bbox 434 5665 2029 5748">
    <p class='ocr_par' dir='ltr' id='par_1_112' title="bbox 434 5665 2018 5748">
     <span class='ocr_line' id='line_1_112' title="bbox 434 5665 2018 5748; baseline 0 0"><span class='ocrx_word' id='word_1_758' title='bbox 434 5675 479 5748; x_wconf 64' lang='grc' dir='ltr'>η</span> <span class='ocrx_word' id='word_1_759' title='bbox 507 5676 689 5748; x_wconf 70' lang='lat' dir='ltr'><strong>Jonas.</strong></span> <span class='ocrx_word' id='word_1_760' title='bbox 720 5690 806 5748; x_wconf 60' lang='grc' dir='ltr'>ιιι,</span> <span class='ocrx_word' id='word_1_761' title='bbox 842 5674 869 5728; x_wconf 76' lang='grc' dir='ltr'>ί</span> <span class='ocrx_word' id='word_1_762' title='bbox 903 5667 1193 5748; x_wconf 57' lang='grc' dir='ltr'><strong>δίειμι-,3⁸</strong></span> <span class='ocrx_word' id='word_1_763' title='bbox 1221 5666 1401 5748; x_wconf 57' lang='lat' dir='ltr'><strong>Exed-</strong></span> <span class='ocrx_word' id='word_1_764' title='bbox 1430 5681 1569 5748; x_wconf 66' lang='grc' dir='ltr'>ςινιις</span> <span class='ocrx_word' id='word_1_765' title='bbox 1602 5665 1689 5721; x_wconf 75' lang='lat'><strong>“-</strong></span> <span class='ocrx_word' id='word_1_766' title='bbox 1770 5666 2018 5748; x_wconf 44' lang='lat' dir='ltr'><strong>&quot;suae:</strong></span> 
     </span>
    </p>
   </div>
   <div class='ocr_carea' id='block_1_113' title="bbox 2142 5665 3782 5748">
    <p class='ocr_par' dir='ltr' id='par_1_113' title="bbox 2142 5670 3782 5748">
     <span class='ocr_line' id='line_1_113' title="bbox 2142 5670 3782 5748; baseline 0.008 -23"><span class='ocrx_word' id='word_1_767' title='bbox 2142 5687 2166 5748; x_wconf 85' lang='lat'><strong>:,</strong></span> <span class='ocrx_word' id='word_1_768' title='bbox 2200 5670 2269 5726; x_wconf 79' lang='grc'><strong>47</strong></span> <span class='ocrx_word' id='word_1_769' title='bbox 2299 5688 2466 5748; x_wconf 82' lang='lat' dir='ltr'><strong>seqq.</strong></span> <span class='ocrx_word' id='word_1_770' title='bbox 2542 5673 2591 5709; x_wconf 75' lang='grc' dir='ltr'>³ο</span> <span class='ocrx_word' id='word_1_771' title='bbox 2614 5673 2787 5748; x_wconf 80' lang='lat' dir='ltr'><strong>Deut.</strong></span> <span class='ocrx_word' id='word_1_772' title='bbox 2808 5692 2947 5746; x_wconf 82' lang='lat' dir='ltr'><strong>xm,</strong></span> <span class='ocrx_word' id='word_1_773' title='bbox 2976 5676 3001 5731; x_wconf 93' lang='grc'><strong>1</strong></span> <span class='ocrx_word' id='word_1_774' title='bbox 3028 5691 3194 5748; x_wconf 89' lang='lat' dir='ltr'><strong>seqq.</strong></span> <span class='ocrx_word' id='word_1_775' title='bbox 3273 5675 3319 5712; x_wconf 78' lang='grc'><strong>²¹</strong></span> <span class='ocrx_word' id='word_1_776' title='bbox 3342 5676 3782 5738; x_wconf 83' lang='lat' dir='ltr'><strong>Psal.Lxxxvm</strong></span> 
     </span>
    </p>
   </div>
   <div class='ocr_carea' id='block_1_114' title="bbox 366 5725 2029 5822">
    <p class='ocr_par' dir='ltr' id='par_1_114' title="bbox 366 5725 2020 5813">
     <span class='ocr_line' id='line_1_114' title="bbox 366 5725 2020 5813; baseline -0.002 -16"><span class='ocrx_word' id='word_1_777' title='bbox 366 5740 465 5800; x_wconf 85' lang='lat'><strong>23.</strong></span> <span class='ocrx_word' id='word_1_778' title='bbox 510 5725 806 5805; x_wconf 43' lang='lat' dir='ltr'><strong>Targa.&quot;</strong></span> <span class='ocrx_word' id='word_1_779' title='bbox 830 5725 1046 5813; x_wconf 46' lang='lat' dir='ltr'><strong>cxxxi,‘</strong></span> <span class='ocrx_word' id='word_1_780' title='bbox 1074 5741 1159 5797; x_wconf 90' lang='grc'><strong>10.</strong></span> <span class='ocrx_word' id='word_1_781' title='bbox 1236 5739 1282 5775; x_wconf 72' lang='grc'><strong>³³</strong></span> <span class='ocrx_word' id='word_1_782' title='bbox 1312 5736 1465 5795; x_wconf 89' lang='lat' dir='ltr'><strong>Psal.</strong></span> <span class='ocrx_word' id='word_1_783' title='bbox 1502 5725 1770 5807; x_wconf 74' lang='lat' dir='ltr'><strong>Lxxxvm,</strong></span> <span class='ocrx_word' id='word_1_784' title='bbox 1806 5740 1893 5794; x_wconf 78' lang='grc'><strong>24.</strong></span> <span class='ocrx_word' id='word_1_785' title='bbox 1972 5739 2020 5776; x_wconf 71' lang='grc'><strong>²⁴</strong></span> 
     </span>
    </p>
   </div>
   <div class='ocr_carea' id='block_1_115' title="bbox 2142 5725 3803 5822">
    <p class='ocr_par' dir='ltr' id='par_1_115' title="bbox 2142 5725 3803 5822">
     <span class='ocr_line' id='line_1_115' title="bbox 2142 5725 3803 5822; baseline 0.007 -22"><span class='ocrx_word' id='word_1_786' title='bbox 2142 5725 2280 5817; x_wconf 47' lang='lat' dir='ltr'><strong>sig.</strong></span> <span class='ocrx_word' id='word_1_787' title='bbox 2300 5725 2402 5815; x_wconf 54' lang='lat' dir='ltr'><strong>li,“</strong></span> <span class='ocrx_word' id='word_1_788' title='bbox 2413 5725 2653 5819; x_wconf 54' lang='lat' dir='ltr'><strong>i&#39;seqqf</strong></span> <span class='ocrx_word' id='word_1_789' title='bbox 2669 5725 2787 5785; x_wconf 64' lang='lat'><strong>&quot;&#39;5&#39;</strong></span> <span class='ocrx_word' id='word_1_790' title='bbox 2800 5725 3210 5822; x_wconf 46' lang='lat'><strong>1133:5753.</strong></span> <span class='ocrx_word' id='word_1_791' title='bbox 3342 5725 3366 5734; x_wconf 82' lang='grc'><strong>’</strong></span> <span class='ocrx_word' id='word_1_792' title='bbox 3387 5725 3497 5736; x_wconf 72' lang='grc'><strong>’“”</strong></span> <span class='ocrx_word' id='word_1_793' title='bbox 3514 5725 3803 5756; x_wconf 71' lang='grc'><strong>”’““”“²</strong></span> 
     </span>
    </p>
   </div>
  </div>
