4054 6440
261 430 292 489 1
305 427 421 488 349

1595 417 2016 481 'THESAURI
2063 418 2205 479 LlB.
2257 421 2356 482 ιν.

3529 421 3689 489 1350

260 567 383 618 tur.
417 561 535 616 Hoc
567 561 760 614 autem
795 553 1223 613 astronomieus
1271 552 1486 610 assolet
1515 569 1704 626 agerc,
1738 553 1788 610 si
1820 554 1916 624 qui
1953 555 2004 621 Α
2038 561 2244 611 terram
2297 555 2629 628 signiﬁcant
2660 575 2674 626 ;
2735 558 2977 616 alternis
3034 559 3359 616 exorientes
3423 566 3479 618 et
3538 563 3686 618 occi-

262 650 429 708 illum
464 647 790 705 consulturi
823 647 1054 702 adeunt.

335 741 518 796 Nemo
549 741 702 795 enim
763 754 896 794 eum
958 737 1111 792 ultro
1169 739 1444 800 accersat,
1507 734 1607 807 qui
1649 733 1921 790 adfutura

266 831 462 888 tristia
483 829 559 885 sit
591 829 1113 901 prmnuntiaturus,
1147 827 1424 898 quoniam
1449 841 1520 881 ne
1545 824 1756 880 Saulus
1791 823 1923 896 qui-

261 921 396 976 dem
435 917 837 990 Pythonissam
900 915 1290 988 quaesivisset,
1334 915 1383 970 si
1445 914 1596 968 mala
1642 913 1744 969 illa
1774 930 1921 984 prae-

260 1008 672 1064 nuntiaturam
706 1005 1086 1077 praescivisset
1116 1005 1315 1075 “,qum
1351 1003 1408 1058 in
1444 1008 1738 1076 posterum
1772 1003 1920 1089 sub:

261 1100 456 1155 iturus
486 1101 631 1162 erat,
661 1096 929 1168 quamvis
963 1095 1088 1165 ipse
1121 1095 1205 1149 vel
1234 1093 1316 1149 sic
1349 1094 1406 1148 in
1449 1093 1579 1165 ipsa
1627 1093 1746 1148 fere
1780 1093 1919 1149 mall

259 1187 386 1243 acie
429 1186 770 1258 procedens,
802 1190 1085 1255 tanquam
1120 1183 1372 1254 propriis
1428 1183 1653 1239 viribus
1712 1183 1918 1249 fretus,

261 1277 721 1348 haudquaquam
754 1273 1025 1346 praelium
1060 1273 1372 1339 distulerit,
1399 1290 1586 1344 neque
1617 1273 1824 1345 legatis
1847 1273 1919 1329 ad

260 1366 612 1422 Palaestinos
647 1364 844 1418 missis
877 1363 1092 1418 fcedera
1123 1362 1374 1434 petierit.
1403 1364 1566 1426 Quod
1599 1362 1648 1418 si
1681 1362 1920 1434 quando

261 1475 400 1513 vera
432 1454 859 1527 praenuntiasse
885 1452 1377 1524 deprehendatur,
1435 1451 1491 1504 id
1552 1467 1918 1522 nequaquam

258 1554 557 1606 astrorum
619 1543 1083 1600 revolutionibus
1141 1541 1453 1612 contingit,
1512 1545 1614 1596 aut
1671 1542 1809 1611 quia
1841 1542 1922 1596 sic

263 1635 608 1692 eorumdcm
642 1651 702 1689 se
736 1633 881 1687 situs
938 1631 1137 1694 habet,
1199 1635 1256 1685 et
1307 1637 1498 1684 motus
1528 1647 1548 1691 ;
1579 1629 1676 1684 sed
1715 1629 1922 1684 indus-

261 1727 410 1796 triae,
444 1726 561 1779 imo
596 1724 809 1792 potius,
840 1721 1008 1776 utita
1037 1721 1251 1786 dicam,
1287 1719 1635 1788 conjecturae
1677 1719 1923 1775 astrolo-

263 1831 474 1888 gorum
511 1813 748 1868 inventa
779 1814 937 1876 sunt,
973 1811 1070 1880 qui
1125 1825 1358 1878 semper
1407 1808 1630 1878 optima
1675 1825 1920 1880 queque

263 1907 382 1961 sibi
417 1900 856 1976 pronuntianda
886 1898 1406 1968 interrogantibus,
1439 1901 1496 1953 et
1526 1899 1921 1968 promittenda

263 2001 624 2066 proponunt.

340 2090 488 2139 Nam
525 2084 808 2154 perpetua
840 2095 1032 2135 rerum
1065 2095 1332 2135 verarum
1358 2077 1654 2150 prmdictio
1687 2079 1920 2150 prepria

262 2174 368 2230 Dei
403 2177 510 2243 est,
546 2180 600 2226 et
657 2170 1070 2242 prophetarum
1132 2169 1283 2239 ejus,
1315 2171 1453 2224 nota
1485 2183 1498 2222 :
1532 2167 1633 2239 qui
1694 2169 1920 2223 futuro-

265 2280 426 2326 rum,
466 2279 592 2332 quae
627 2258 921 2316 vaticinati
957 2263 1120 2329 sunt,
1154 2256 1382 2312 nullum
1445 2274 1559 2313 non
1609 2273 1742 2313 vere
1773 2275 1918 2328 prai-

264 2352 484 2406 dixisse
517 2349 1058 2422 deprehenduntur.

338 2440 501 2505 Quod
537 2441 583 2494 si
618 2438 752 2510 quis
794 2438 888 2492 vix
947 2437 1183 2493 tandem
1242 2437 1362 2493 veri
1408 2438 1548 2509 quid
1605 2435 1917 2509 aliquando

265 2530 696 2600 conjectaverit.
733 2529 840 2583 hoc
873 2529 1001 2598 ejus
1033 2528 1315 2582 indicium
1349 2532 1454 2592 est,
1507 2527 1607 2598 qui
1651 2526 1920 2599 quamvis

265 2626 451 2675 artem
479 2618 798 2690 sagittandi
830 2618 1026 2672 minus
1084 2616 1315 2683 calleat,
1375 2617 1511 2687 quia
1558 2625 1751 2673 tamen
1805 2615 1920 2672 tela

265 2725 422 2780 ετορο
447 2714 601 2764 recta
631 2709 690 2762 in
723 2723 969 2778 scopum
1001 2706 1218 2778 dirigit,
1278 2705 1593 2777 aliquando
1641 2707 1812 2762 etiam
1847 2707 1918 2762 ab

259 2814 327 2854 eo
363 2816 477 2854 non
512 2798 759 2853 aberret.

337 2891 414 2940 Ex
448 2886 739 2941 contrario
799 2884 974 2941 etiam
1036 2884 1133 2954 qui
1194 2885 1316 2940 visu
1374 2901 1515 2941 sano
1570 2888 1674 2954 est,
1709 2885 1754 2942 si
1802 2903 1918 2944 uno

265 2992 443 3030 cursu
479 2978 636 3030 recta
663 2974 817 3030 viam
851 2974 1188 3046 porrexerit,
1221 2977 1450 3030 tantum
1509 2975 1674 3031 abest
1730 2981 1796 3031 ut
1825 2993 1920 3032 su-

265 3065 578 3137 percilium
614 3064 778 3121 tollat
808 3065 1399 3138 magniﬁcentiusque
1467 3065 1536 3121 de
1593 3082 1652 3121 se
1683 3066 1918 3136 sentiat,

265 3171 398 3210 cum
437 3155 630 3227 potius
661 3155 829 3210 etiam
867 3154 1000 3210 aliis
1033 3153 1467 3220 aberrantibus,
1515 3155 1638 3227 ipse
1697 3155 1920 3227 pudore

264 3243 659 3298 suffundatur.

2034 643 2258 701 dentes.

2103 731 2267 795 Quod
2299 739 2488 790 autem
2525 735 2575 793 is
2609 753 2720 792 non
2753 737 2882 794 sine
2903 755 3009 794 suo
3036 738 3186 794 malo
3214 739 3685 812 faciat,quisquis

2033 824 2679 896 pseudoprophetarum
2707 827 2951 883 vanitati
2979 829 3536 890 subscribit.beatus
3561 833 3684 887 Mo-

2033 928 2128 966 ses
2188 919 2393 970 auctor
2449 919 2558 982 est,
2623 917 2708 972 vel
2768 917 2960 989 potius
3013 918 3140 988 ipse.
3199 918 3370 987 Deus,
3434 920 3533 990 qui
3583 936 3688 990 per

2033 999 2232 1056 Mosen
2264 1001 2498 1058 locutus
2530 1009 2618 1059 est
2649 1023 2669 1059 .'
2719 1006 2942 1073 Quando
3011 1009 3283 1078 ingressus
3330 1007 3514 1077 fueris
3573 1014 3688 1063 ter-

2032 1107 2173 1160 ram,
2207 1109 2369 1162 quam
2402 1095 2662 1150 Dominus
2720 1099 2861 1152 Deus
2919 1107 3046 1152 tuus
3104 1097 3257 1153 dabit
3305 1098 3425 1166 tibi,
3461 1115 3590 1155 cave
3620 1115 3686 1155 ne

2033 1181 2256 1237 imitari
2311 1185 2450 1238 velis
2501 1185 2940 1242 abominationes
2988 1185 3223 1242 illarum
3275 1189 3548 1256 gentium.
3581 1189 3688 1244 Nec

2032 1271 2356 1327 inveniatur
2383 1277 2441 1328 in
2473 1278 2524 1329 te
2553 1277 2648 1345 qui
2675 1277 2866 1332 lustret
2894 1277 3082 1347 ﬁlium
3113 1294 3296 1342 suum,
3358 1287 3454 1333 aut
3502 1279 3684 1344 ﬁliam

2031 1359 2231 1416 ducens
2259 1379 2356 1434 per
2396 1365 2622 1435 ignem:
2685 1371 2788 1421 aut
2843 1369 2938 1437 qui
2990 1368 3194 1423 ariolos
3247 1368 3573 1435 sciscitatur,
3633 1375 3687 1424 et

2030 1453 2271 1510 observet
2302 1458 2539 1524 somnia,
2573 1464 2734 1528 atque
2793 1461 3054 1526 auguria,
3113 1475 3213 1516 nec
3269 1461 3339 1514 sit
3378 1461 3687 1530 maleﬁcus,

2030 1558 2130 1596 nec
2159 1544 2492 1613 incantator,
2549 1562 2724 1618 neque
2772 1549 2875 1617 qui
2928 1548 3207 1620 Pythones
3261 1550 3541 1619 consulat,
3587 1564 3688 1603 nec

2031 1631 2266 1699 divinos,
2291 1639 2572 1706 etquaerat
2603 1653 2634 1690 a
2669 1638 2902 1691 mortuis
2933 1639 3236 1693 veritatem.
3294 1638 3488 1694 Omnia
3537 1643 3689 1695 enim

2033 1718 2151 1776 hazc
2173 1722 2533 1778 abominetur
2560 1725 2824 1780 Dominus
2857 1727 3012 1780 ".Ad
3048 1726 3166 1782 haec
3198 1725 3308 1781 alio
3336 1727 3396 1782 in
3431 1728 3554 1783 loco
3589 1727 3671 1783 sic

2033 1810 2111 1864 ait
2146 1828 2158 1865 :
2197 1809 2494 1882 Perfectus
2523 1812 2630 1869 eris
2678 1823 2729 1870 et
2785 1815 2987 1886 absque
3042 1814 3270 1870 macula
3299 1833 3421 1871 cum
3454 1817 3687 1872 Domino

2032 1900 2136 1955 Deo
2168 1900 2481 1959 tuo.Gentes
2500 1903 2647 1959 enim
2678 1905 2818 1970 ista,
2842 1921 3080 1976 quarum
3117 1905 3419 1976 possidebis
3449 1910 3682 1974 terram,

2032 2005 2274 2057 augures
2302 1995 2352 2045 et
2383 1991 2599 2048 divinos
2664 1993 2934 2048 audiunt.
2993 1995 3064 2048 Tu
3123 2003 3312 2050 autem
3371 2011 3402 2049 a
3461 1997 3689 2052 Domino

2032 2079 2134 2133 Deo
2165 2086 2256 2133 tuo
2287 2080 2454 2134 aliter
2483 2083 2770 2136 institutus
2785 2099 2841 2137 es
2865 2081 3189 2137 3°.Proinde
3212 2083 3688 2156 nullumturpius

2031 2167 2223 2221 scelus
2246 2167 2420 2237 objici
2445 2169 2718 2240 cuiquam
2755 2175 2964 2242 potest,
2999 2187 3174 2241 quam
3212 2172 3261 2226 si
3328 2173 3398 2226 ad
3434 2174 3689 2242 pseudo-

2031 2257 2369 2326 prophetas,
2402 2259 2457 2312 et
2488 2257 2851 2314 divinaculos
2883 2261 3143 2314 animum
3187 2259 3462 2332 appellat.
3497 2267 3690 2334 Atque

2030 2345 2388 2416 paradoxum
2423 2346 2658 2417 quidem
2692 2347 2952 2419 aliquod,
2987 2354 3042 2404 et
3071 2366 3103 2404 a
3161 2353 3465 2405 communi
3509 2351 3692 2407 homi-

2031 2449 2175 2488 num
2210 2434 2485 2504 opinione
2511 2435 2961 2505 alienum,Deus
2983 2437 3324 2494 hominibus
3348 2438 3688 2510 bujusmodi

2029 2539 2146 2579 non
2178 2540 2306 2580 raro
2329 2525 2615 2597 suggerit,
2649 2543 2764 2597 quo
2789 2526 2907 2581 veri
2931 2529 3108 2583 etiam
3161 2528 3378 2599 aliquid
3421 2546 3688 2600 praenun-

2031 2612 2196 2683 tient,
2233 2613 2401 2670 utvel
2425 2614 2534 2669 hoc
2557 2614 2773 2670 indicio
2810 2616 3102 2672 manifesti
3155 2617 3314 2686 ﬁant,
3347 2619 3687 2689 quicunque

2031 2702 2192 2758 illius
2225 2703 2536 2774 promissis
2556 2721 2685 2760 vere
2709 2704 3061 2761 innituntur.
3121 2707 3181 2762 Id
3215 2707 3367 2762 enim
3431 2724 3533 2779 per
3563 2709 3684 2764 Mo-

2029 2805 2154 2845 sem
2179 2807 2412 2862 quoque
2436 2791 2592 2847 hunc
2613 2792 2673 2847 in
2699 2795 2937 2848 modum
2963 2793 3145 2850 dixit:
3171 2794 3691 2852 Siverosurrexerit

2027 2879 2088 2933 in
2119 2879 2302 2937 medio
2333 2881 2740 2953 tuiprophetes,
2787 2887 2885 2938 aut
2927 2884 3022 2954 qui
3074 2887 3350 2941 somnium
3403 2885 3604 2942 vidisse
3632 2901 3688 2942 se

2033 2969 2207 3040 dicat,
2241 2973 2292 3025 et
2319 2971 2657 3042 praedixerit
2712 2973 2931 3041 signum
2986 2977 3150 3044 atque
3190 2979 3512 3046 portentum
3562 2991 3577 3032 :
3636 2979 3687 3031 et

2031 3060 2274 3115 evenerit
2305 3060 2445 3131 quod
2477 3062 2687 3116 locutus
2715 3065 2815 3127 est,
2846 3067 2899 3118 et
2930 3062 3137 3119 dixerit
3182 3063 3287 3119 tibi
3310 3081 3323 3118 :
3377 3065 3599 3130 Eamus,
3632 3069 3687 3121 et

2031 3163 2328 3220 sequamur
2356 3147 2484 3206 deos
2514 3150 2721 3206 alienos
2748 3166 2878 3222 quos
2903 3152 3144 3223 ignoras,
3167 3161 3220 3208 et
3241 3152 3546 3209 serviamus
3577 3154 3679 3220 eis,

2032 3254 2140 3294 non
2174 3239 2364 3294 audies
2397 3239 2559 3295 verba
2605 3241 2884 3313 prophetae
2931 3241 3087 3296 illius
3129 3249 3226 3298 aut
3272 3244 3628 3299 somniatoris
3663 3258 3678 3298 :

335 3334 497 3399 Quod
549 3333 596 3387 si
653 3332 784 3404 quis
840 3332 1078 3388 videndi
1137 3331 1411 3389 facultate
1472 3333 1734 3406 privatus
1802 3349 1919 3390 uno
1949 3317 1992 3384 C
2033 3328 2167 3400 quia
2194 3332 2369 3385 lentat
2395 3345 2487 3386 vos
2514 3331 2779 3386 Dominus
2810 3333 2946 3386 Deus
2984 3337 3179 3402 vester,
3226 3342 3290 3389 ut
3333 3333 3526 3405 palam
3558 3334 3678 3404 ﬁat,

262 3439 442 3478 cursu
470 3422 624 3477 viam
657 3422 800 3476 citra
833 3421 1248 3478 offendiculum
1284 3424 1604 3492 transierit,
1639 3440 1753 3479 non
1778 3441 1920 3480 ocu-

263 3512 360 3579 lis,
397 3513 498 3568 sed
530 3512 676 3566 torte
734 3513 966 3568 fortuna
1025 3511 1386 3568 curriculum
1437 3511 1780 3584 hujusmodi
1826 3513 1921 3569 ab-

259 3601 512 3656 solvisse
543 3601 898 3657 censebitur.

335 3699 411 3746 At
445 3708 572 3746 vero
606 3691 654 3748 si
680 3691 1079 3760 juxtaChristi
1099 3691 1479 3748 sententiam:
1532 3695 1703 3748 Nemo
1747 3701 1918 3764 potest

263 3780 369 3838 Deo
393 3783 600 3836 servire
629 3790 684 3836 et
713 3796 1046 3837 mammonae
1076 3780 1142 3844 27,
1160 3780 1255 3836 ille
1280 3781 1654 3837 dissentanea
1678 3798 1918 3850 prorsus

257 3874 314 3924 et
349 3887 420 3926 cx
454 3869 738 3925 diametro
772 3870 1162 3941 repugnantia
1220 3871 1480 3940 molitur,
1538 3872 1640 3944 qui
1691 3870 1826 3938 Deo,
1863 3875 1919 3927 et

259 3961 437 4016 rebus
471 3959 540 4016 ab
574 3961 670 4016 illo
703 3961 932 4026 creatis,
967 3978 1186 4032 sequam
1248 3963 1576 4018 futurorum
1629 3960 1915 4033 cognitio-

257 4064 394 4105 nem
431 4049 720 4105 attribuit.

329 4143 454 4193 Hoc
480 4139 656 4194 etiam
683 4139 1058 4210 perspicuum
1083 4155 1150 4193 ex
1184 4156 1248 4195 eo
1292 4144 1401 4205 est,
1426 4139 1576 4212 qucd
1601 4139 1915 4212 propheta-

258 4232 738 4298 rum,Patrumve
761 4227 861 4299 qui
881 4229 1032 4284 inter
1052 4227 1415 4284 Christianos
1451 4228 1664 4284 virtute
1694 4228 1915 4285 caeteris

254 4318 674 4387 praeluxerunt,
709 4316 909 4373 nullus
941 4321 1233 4373 astrorum
1276 4322 1503 4374 motum
1554 4318 1914 4385 dimetiatur,

263 4424 459 4481 neque
488 4408 914 4465 elementorum
945 4425 1120 4465 usum
1153 4408 1446 4465 curiosius
1496 4409 1775 4482 inquirat;
1805 4409 1915 4465 hu-

254 4511 616 4570 manamque
648 4502 916 4555 naturam
949 4500 1020 4554 ad
1055 4515 1123 4554 ea
1153 4499 1484 4572 compellat,
1509 4515 1638 4570 quae
1673 4499 1917 4556 minime

255 4583 684 4659 decent,neque
703 4589 870 4644 vanis
895 4588 1244 4661 imposturis
1271 4588 1696 4656 innitatur,sed
1730 4588 1911 4645 divini

2028 3426 2216 3474 utrum
2245 3419 2498 3488 diligatis
2528 3435 2653 3476 eum
2681 3436 2870 3478 annon
2927 3423 2981 3476 in
3046 3430 3152 3479 toto
3201 3425 3362 3480 corde
3391 3427 3443 3479 et
3487 3423 3546 3479 in
3575 3426 3690 3480 tota

2028 3509 2217 3562 anima
2255 3513 2438 3563 vestra
2470 3510 2537 3565 3’.

2101 3596 2211 3652 Sed
2243 3601 2299 3652 et
2327 3597 2664 3668 Stephanus
2696 3599 2815 3670 ille,
2850 3600 2950 3672 qui
2978 3601 3207 3674 primus
3230 3606 3362 3674 post
3384 3602 3683 3660 Christum

2029 3701 2240 3756 passus
2272 3691 2382 3754 est,
2415 3686 2786 3743 Hebraeorum
2829 3691 3166 3746 concionem
3209 3692 3687 3764 objurgans,quaa

2027 3775 2284 3831 caedibus
2325 3778 2598 3847 gaudeat,
2665 3779 2893 3850 Deoque
2948 3778 3198 3845 difﬁdat,
3259 3780 3386 3851 ejus
3432 3781 3687 3852 denique

2027 3864 2304 3920 mandata
2325 3867 2810 3938 transgrediatur,
2844 3885 2958 3941 quo
2986 3874 3246 3941 tempore
3278 3869 3520 3941 quidam
3555 3871 3685 3941 ejus

2027 3955 2517 4026 congregationis,
2551 3971 2680 4027 quae
2711 3956 3141 4014 Libertinorum
3193 3957 3512 4026 dicebatur,
3547 3976 3685 4014 eum

2027 4045 2386 4114 quaerebant,
2419 4062 2523 4100 nec
2555 4046 2878 4117 sapientiae,
2912 4055 2968 4103 et
2997 4046 3230 4120 spiritui
3264 4065 3378 4119 quo
3410 4047 3686 4119 loqueba-

2027 4137 2143 4202 tnr,
2172 4135 2445 4192 resistere
2503 4140 2794 4208 poterant,
2846 4155 2980 4193 cum
3035 4138 3151 4194 alia
3210 4139 3509 4210 pleraque,
3554 4143 3682 4196 tum

2027 4223 2150 4279 haec
2182 4225 2240 4279 in
2272 4224 2482 4296 primis
2513 4225 2583 4281 de
2634 4225 3038 4283 Israelitarum
3097 4233 3272 4300 gente
3331 4228 3585 4284 disserit.
3618 4230 3687 4284 Et

2024 4315 2265 4370 vitulum
2294 4314 2550 4387 fecerunt
2578 4317 2638 4370 in
2668 4315 2857 4373 diebus
2887 4317 3035 4386 illis,
3095 4323 3151 4373 et
3193 4319 3508 4375 obtulerunt
3556 4319 3680 4374 hos-

2023 4403 2167 4459 tiam
2195 4405 2512 4471 simulacro,
2543 4411 2597 4461 et
2624 4407 2960 4463 laetabantur
2985 4410 3043 4462 in
3091 4409 3354 4478 operibus
3409 4425 3680 4465 manuum

2023 4507 2255 4548 suarum
2285 4511 2304 4548 :
2334 4497 2598 4551 convertit
2625 4503 2812 4552 autem
2841 4498 3006 4566 Deus,
3029 4502 3079 4554 et
3101 4498 3334 4555 tradidit
3358 4515 3447 4556 eos
3477 4503 3683 4555 servire

2024 4582 2242 4638 militiae
2257 4583 2402 4650 coeli,
2417 4588 2557 4641 sicut
2577 4588 2845 4658 scriptum
2865 4596 2946 4644 est
2973 4591 3032 4643 in
3060 4587 3210 4644 libro
3249 4589 3643 4660 prophetarum
3668 4604 3683 4643 :

255 4672 516 4746 Spiritus
545 4677 900 4734 revelatione
931 4694 1024 4732 res
1065 4678 1295 4734 futuras
1325 4677 1658 4749 praevideat,
1705 4692 1921 4749 easque
1953 4685 1997 4748 D
2031 4672 2308 4745 Numquid
2337 4675 2591 4730 victimas
2637 4684 2687 4732 et
2742 4677 2955 4732 hostias
3009 4678 3288 4732 obtulisti:
3347 4676 3488 4731 mihi
3517 4678 3686 4732 annis

257 4764 383 4820 suis
447 4766 808 4837 temporibus
876 4771 1183 4823 eventuras
1227 4768 1452 4839 absque
1518 4767 1635 4822 ullo
1720 4783 1914 4823 errore

260 4855 622 4922 pronuntiet,
655 4856 794 4927 quia
825 4857 1106 4912 nimirum
1135 4857 1291 4912 Deus
1321 4857 1448 4928 ipse
1471 4873 1572 4929 per
1592 4855 1826 4913 illorum
1849 4874 1913 4912 os

256 4939 644 5014 loquebatur:
679 4961 826 5017 quos
857 4946 1030 5001 etiam
1065 4946 1270 5002 audire
1301 4951 1390 5002 est
1419 4945 1476 5000 in
1533 4945 1912 5017 astrologiam

259 5033 541 5107 tanquam
579 5035 988 5106 perniciosam,
1022 5035 1151 5090 falsi
1183 5041 1499 5102 amantem,
1533 5039 1710 5108 atque
1761 5052 1912 5090 mru-

261 5124 688 5193 scatricem,bis
712 5124 1305 5181 verbisinvehentcs:
1370 5130 1498 5181 "ac
1541 5125 1681 5182 dicit
1719 5124 1913 5180 Domi-

258 5225 400 5266 nus:
434 5213 603 5268 Juzta
634 5215 754 5268 vias
781 5214 1024 5284 gentium
1055 5215 1224 5269 nolite
1277 5213 1514 5284 discere,
1565 5221 1615 5270 et
1662 5231 1695 5270 a
1737 5214 1914 5283 signis

260 5300 386 5355 caeli
427 5302 606 5358 nolite
634 5311 872 5359 metuere
903 5319 1022 5374 quia
1056 5305 1248 5358 timent
1277 5305 1626 5376 gentes,quia
1657 5305 1800 5374 leges
1813 5318 1914 5374 po-

256 5389 514 5457 pulorum
569 5409 722 5449 vanw
778 5397 904 5449 sunt
964 5392 1028 5448 93.
1089 5393 1231 5449 Nam
1291 5394 1437 5449 facta
1488 5403 1622 5449 sunt
1654 5393 1822 5464 signa
1852 5392 1911 5447 in

262 5474 476 5547 lucem,
508 5485 566 5537 et
598 5483 657 5538 in
715 5489 1000 5554 tempora,
1055 5487 1113 5539 et
1168 5482 1454 5538 Creatoris
1516 5483 1759 5538 nutibus
1818 5497 1907 5538 ce-

258 5565 441 5625 dunt:
466 5574 524 5626 et
549 5575 880 5644 temporum
914 5572 1268 5628 mutationes
1302 5573 1373 5628 iis
1408 5571 1508 5642 qui
1553 5576 1695 5628 sunt
1735 5587 1914 5643 super

328 5739 372 5821 ’f
398 5743 430 5799 Ι
460 5748 600 5817 Res.
633 5762 828 5821 xxvm,
862 5750 1089 5821 teeqq.
1185 5745 1231 5783 ³⁷
1260 5746 1467 5821 Matth.
1518 5763 1596 5818 γι,
1635 5746 1728 5805 24.

247 5807 294 5845 ⁸⁸
328 5814 512 5874 Deut.
545 5807 672 5889 im,
699 5807 826 5877 1ο3ξ
897 5817 947 5856 ³³
972 5807 1100 5879 Καὶ.
1131 5836 1230 5892 vn,
1261 5819 1454 5877 41-43.

1823 5743 1868 5782 ³⁸
1895 5749 2106 5806 Jerem.
2139 5761 2194 5818 χ,
2226 5745 2282 5811 2,
2313 5741 2371 5800 3.

2023 4761 2392 4834 quadraginta
2423 4765 2482 4818 in
2511 4765 2741 4833 deserto,
2776 4764 2971 4821 domus
3001 4766 3223 4820 Israel?
3282 4767 3342 4821 Et
3373 4767 3686 4837 suscepistis

2025 4852 2471 4920 tabernaculum,
2530 4852 2786 4920 Moloch,
2836 4859 2888 4908 et
2933 4854 3108 4910 Sidus
3161 4856 3260 4910 Dei
3305 4856 3474 4911 vestri
3518 4861 3686 4912 Rern-

2021 4941 2208 5013 pham,
2241 4943 2452 5011 ﬁguras
2481 4957 2617 5013 quas
2648 4931 2878 5014 fecistis,
2911 4943 3144 5000 adorare
3173 4961 3286 5002 eas.
3333 4945 3393 5001 Et
3445 4948 3684 5016 transfe-

2022 5047 2143 5086 ram
2174 5046 2264 5087 vos
2294 5039 2454 5086 trans
2485 5030 2823 5102 Babylonem
2859 5031 2928 5086 ³⁸.

2097 5120 2303 5177 Parum
2335 5136 2488 5187 vero,
2522 5124 2624 5176 aut
2683 5119 2830 5176 nihil
2887 5121 3082 5178 diil'crt
3142 5123 3192 5179 is
3255 5124 3358 5197 qui
3409 5123 3684 5181 militiam

2023 5209 2174 5281 cceli,
2208 5209 2316 5265 hoc
2350 5214 2439 5264 est
2462 5208 2685 5279 stellas,
2716 5210 2939 5280 adorat,
2974 5212 3045 5267 ab
3101 5229 3168 5268 eo
3219 5215 3318 5285 qui
3369 5214 3693 5270 subscribit

2022 5304 2080 5355 et
2101 5299 2421 5371 acquiescit
2442 5299 2513 5353 iis
2545 5300 2648 5371 qui
2669 5316 2737 5356 ex
2755 5299 2992 5356 illarum
3043 5303 3365 5360 curiosiore
3398 5303 3683 5374 disquisi-

2020 5388 2179 5443 tione
2210 5405 2303 5442 res
2336 5389 2564 5443 futuras
2596 5388 3012 5460 vaticinantur,
3037 5393 3194 5462 quod
3236 5391 3445 5447 divina:
3477 5396 3688 5464 poten-

2021 5478 2136 5545 tias,
2169 5479 2414 5548 ejusque
2469 5477 2656 5534 solius
2714 5481 3018 5552 proprium
3069 5498 3284 5538 munus
3344 5486 3454 5553 est,
3509 5486 3687 5554 atque

2020 5583 2224 5625 eorum
2257 5567 2472 5638 quibus
2505 5567 2613 5624 hoc
2644 5567 2746 5625 illa
2775 5571 3158 5628 concesserit.

2453 5740 2515 5778 '99
2542 5741 2711 5804 Deut.
2742 5761 2904 5817 xvm,
2936 5746 3097 5803 9-11.
3211 5746 3260 5783 ³ο
3285 5749 3435 5807 Ibid.
3471 5747 3561 5819 13,
3597 5746 3689 5805 14η
