4054 6390
376 368 528 431 1351

1699 366 2009 435 ΝΙΟΕΤιΕ
2054 369 2494 438 CHONIATJE.

3646 377 3818 439 1352

410 504 710 574 ,Οὴτίειυε
733 509 928 564 autem
952 507 1115 582 ipsos
1146 508 1326 566 etiam
1350 510 1644 567 daemonas
1665 508 2025 579 increpabat,
2059 518 2113 584 Α
2144 509 2297 566 valla
2319 516 2773 569 commorantur.
2792 513 3212 587 Saepenumero
3237 513 3412 570 etiam
3466 512 3827 585 equitaturi,

370 595 629 650 dicentes
658 614 670 652 :
706 598 845 665 Quid
874 598 1031 653 nobis
1060 608 1110 655 et
1144 600 1276 667 tibi,
1308 601 1435 657 Jesu
1491 600 1599 655 Fili
1649 600 1786 655 Dei?
1835 599 2035 654 venisti

373 686 480 740 huc
508 696 634 742 ante
664 697 870 758 tempus
929 700 1175 761 torquere
1226 706 1323 745 nos
1360 689 1459 746 33‘?
1520 690 1733 746 Paulus
1799 705 2034 761 quoque

376 776 656 845 puellam,
690 795 816 847 quae
860 796 893 832 a
955 778 1269 851 Pythonieo
1337 780 1551 850 spiritu
1607 779 1949 846 vexabatur,
1977 782 2034 833 ct

375 862 707 920 clamabat:
739 866 842 921 Isti
870 869 1116 923 homines
1142 870 1287 924 servi
1347 871 1448 925 Dei
1494 872 1701 925 excetsi
1749 872 1900 935 sunt,
1933 867 2034 938 qui

373 958 718 1009 annuntiant
748 956 892 1011 vobis
922 958 1075 1013 uiam
1130 959 1328 1013 salutis
1357 957 1421 1013 3‘.
1485 962 1748 1030 Cumque
1781 975 1880 1027 per
1912 957 2031 1011 dies

377 1044 597 1097 multos
631 1045 781 1099 idem
816 1052 1032 1116 ageret,
1063 1053 1336 1119 satagens
1369 1047 1489 1114 ille,
1522 1050 1591 1103 ad
1635 1047 2028 1119 spiritumque

375 1148 710 1199 conversus,
745 1137 982 1205 inquit:
1044 1138 1311 1208 Praecipio
1362 1137 1465 1192 tibi
1517 1136 1577 1192 in
1636 1135 1866 1193 nomine
1904 1136 2030 1192 Jesu

376 1219 598 1288 Christi,
631 1224 788 1277 exire
816 1223 884 1278 ab
914 1241 987 1278 ea
1015 1222 1085 1279 ³⁵.
1141 1225 1301 1289 Quod
1353 1234 1406 1281 et
1452 1241 1588 1281 cum
1639 1227 1795 1282 dicto
1847 1224 1980 1280 fecit
2012 1240 2027 1279 :

374 1325 562 1380 neque
602 1310 658 1364 id
694 1312 1137 1386 injuria,neque
1169 1315 1323 1370 enim
1353 1316 1583 1387 propria
1622 1321 1679 1372 et
1710 1316 1888 1373 insita
1918 1319 2031 1373 dss-

375 1399 649 1455 monibus
678 1405 769 1455 est
804 1406 1131 1458 futurorum
1190 1405 1493 1476 praedictio
1552 1404 1710 1477 [(56)
1772 1408 1873 1463 sed
1912 1408 2032 1463 vio-

366 1485 556 1541 lentia:
604 1489 820 1559 potius,
863 1496 920 1546 et
945 1497 1272 1563 prmtexlus
1293 1494 1540 1565 species,
1576 1512 1687 1567 qua
1711 1496 2037 1553 minutissi-

370 1592 548 1644 mam,
576 1579 785 1648 vixque
820 1580 1108 1637 tantillum
1135 1583 1401 1638 veritatis
1450 1584 1770 1655 imaginem
1828 1585 2035 1656 praevi-

370 1664 554 1737 dent],
600 1672 660 1721 ut
688 1683 756 1722 ex
784 1669 869 1724 eis
902 1669 1113 1740 priscis
1167 1672 1419 1726 oraculis
1473 1679 1725 1740 constat,
1777 1691 2035 1746 quorum

378 1752 492 1808 alia
523 1760 589 1810 ut
622 1754 941 1825 plurimum
1005 1760 1185 1814 dubia
1245 1766 1408 1827 sunt,
1470 1760 1588 1816 alia
1648 1766 1904 1819 maxima
1946 1753 2037 1818 sui

375 1849 541 1913 parte
572 1847 895 1903 mendaciis
926 1853 1182 1916 scatent,
1213 1856 1269 1905 et
1327 1868 1529 1907 eorum
1587 1853 1685 1923 qui
1730 1853 1803 1908 iis
1852 1854 2040 1910 credi-

376 1931 1001 2006 derunt,plerosquein
1032 1938 1185 1994 mala
1213 1939 1554 1996 discrimina
1601 1949 2036 2028 protruserunt,

373 2037 442 2075 ex
470 2022 687 2093 quibus
721 2024 887 2079 nulla
919 2033 1042 2081 arte
1073 2043 1370 2099 cmergere
1393 2036 1809 2100 poterant.Jam
1844 2032 1889 2087 si
1923 2022 2040 2087 die;

366 2126 563 2166 mones
578 2113 925 2168 substantia}
943 2117 1324 2172 sintrationis
1342 2120 2040 2193 participes,etqumcun-

371 2206 495 2256 ctos
520 2202 679 2257 orbis
702 2205 948 2275 angulos
974 2205 1481 2280 circumvoliti-nt[
1509 2211 1621 2282 (57)
1644 2219 1817 2283 atque
1832 2215 2036 2268 etiam-

377 2307 521 2345 num
543 2290 699 2347 velut
727 2300 1017 2350 extremos
1052 2296 1430 2365 pristinarum
1465 2307 1814 2371 apostaseon
1850 2301 2034 2357 rebel-

381 2378 730 2452 linnumquc
752 2398 927 2438 sonos
951 2401 1102 2455 saepe
1124 2388 1557 2455 retineant,imo
1574 2390 1748 2445 etiam
1767 2408 1879 2446 non
1905 2408 2034 2447 raro

370 2484 438 2523 ea
460 2486 584 2541 quae
609 2476 892 2527 eventura
924 2478 1085 2537 sunt,
1110 2474 1321 2531 melius
1348 2493 1526 2548 quam
1569 2494 1675 2535 nos
1704 2478 1816 2550 ipsi
1841 2482 2033 2551 conje-

385 2562 563 2630 ctcnt]
589 2577 602 2614 :
627 2569 681 2615 ul
708 2561 1029 2632 plurimum
1053 2567 1307 2635 profecto
1338 2566 1517 2621 stellae
1548 2573 1719 2625 mutas
1742 2575 1903 2635 sunt,
1928 2585 2034 2626 nec

375 2650 706 2705 futurorum
743 2651 1062 2723 quidquam
1099 2654 1462 2727 intelligunt,
1496 2675 1686 2730 neque
1717 2676 1910 2715 rerum
1939 2676 2035 2715 na-

368 2742 538 2794 turas
570 2749 924 2811 perscrutari
961 2750 1232 2814 possunt,
1266 2755 1321 2799 ut
1353 2746 1784 2815 daemones,scd
1821 2748 2030 2819 hujus-

377 2826 535 2882 modi
566 2834 768 2900 artem,
802 2832 1068 2901 quamvis
1094 2840 1292 2889 nostro
1338 2836 1550 2891 sarculo
1609 2837 1941 2906 obscuram,
1974 2843 2033 2895 et

374 2919 448 2973 ab
479 2916 767 2988 imperitis
802 2921 1138 2977 hominibus
1171 2922 1581 2994 proﬂuentem,
1617 2925 1783 2981 multi
1826 2943 2030 2984 eorum

375 3005 471 3075 qui
502 3007 573 3061 ad
608 3016 870 3080 tempora
927 3017 1129 3066 nostra
1188 3020 1594 3083 pervenerunt,
1658 3018 1911 3071 maximo
1969 3017 2028 3072 in

374 3095 559 3165 pretio
582 3096 820 3168 habent,
855 3097 1045 3170 iisque
1076 3116 1137 3155 se
1169 3102 1523 3173 adjungunt,
1556 3103 1652 3174 qui
1696 3105 1839 3159 artis
1871 3105 2031 3163 illius

369 3184 645 3255 peritiam
682 3186 794 3241 sibi
823 3188 1146 3254 vindicant,
1177 3193 1461 3262 tanquam
1504 3192 1652 3248 veris
1704 3193 2029 3250 futurorum

2144 616 2279 656 cum
2302 618 2500 660 eorum
2528 621 2652 677 quae
2673 604 3082 676 equitantibus
3105 605 3438 661 necessaria
3471 610 3615 660 sunt
3651 609 3830 677 parte

2145 691 2648 765 accincti,paatem
2677 711 2855 750 manu
2889 700 3212 768 gestarent,
3245 711 3395 767 equo
3416 697 3541 764 jam
3570 695 3639 750 ad
3674 695 3827 749 sub-

2144 779 2375 835 sellium
2411 786 2626 853 stante,
2666 783 2823 839 horae
2865 783 3391 855 intempestivitate
3432 785 3686 839 revocati
3722 799 3831 855 pe-

2144 868 2395 941 demque
2425 871 2766 939 referentes,
2797 872 3159 945 propositum
3195 881 3395 928 contra
3455 872 3634 927 animi
3682 889 3826 927 sen-

2145 959 2381 1016 tentiam
2419 966 2832 1031 mutaverunt;
2866 978 2934 1018 ac
2965 962 3016 1016 si
3050 963 3208 1034 regio
3242 961 3450 1028 illa,ad
3486 979 3671 1033 quam
3708 961 3830 1016 iter

2146 1048 2547 1119 instituerant,
2581 1052 2885 1107 chasmate
2919 1052 3165 1124 disjecta
3196 1051 3465 1120 esset,vel
3488 1053 3673 1107 etiam
3703 1068 3826 1107 cce-

2143 1136 2277 1192 lesti
2299 1144 2514 1195 terrore
2537 1141 2785 1212 jamjam
2820 1141 3190 1197 concutiendi
3223 1146 3440 1197 essent.

2144 1282 2415 1356 Πάρεργον
2445 1301 2514 1339 ex
2564 1283 2760 1341 Niceta
2817 1284 2948 1355 ipso
3002 1286 3074 1340 de
3121 1287 3378 1340 vanitate
3436 1284 3826 1357 Ethnophro-

2416 1373 2579 1424 num,
2614 1357 2671 1411 in
2706 1372 2957 1428 persona
2989 1357 3278 1414 Manuelis
3309 1360 3519 1429 imper.

2216 1482 2430 1536 Nicetas
2490 1479 2781 1536 Choniates
2847 1481 3155 1537 Annalium
3210 1481 3507 1548 Manuelis,
3584 1481 3696 1538 lib.
3759 1499 3825 1552 ιι,

2148 1569 2289 1636 Quia
2318 1584 2463 1637 vero,
2497 1571 2701 1642 inquit,
2733 1571 3048 1642 potentibus
3103 1574 3219 1642 fere
3268 1572 3525 1626 omnibus
3559 1580 3683 1626 tum
3717 1588 3825 1627 no-

2146 1663 2302 1725 strae,
2332 1665 2449 1714 tum
2469 1660 2774 1730 superioris
2796 1660 2981 1716 aetatis
3038 1660 3309 1731 placitum
3361 1668 3460 1726 est,
3509 1659 3825 1717 stellarum

2147 1752 2556 1819 progressiones
2608 1764 2661 1805 et
2718 1749 3169 1822 retrogressiones
3228 1756 3515 1821 certosque
3566 1751 3821 1821 positus,

2149 1838 2634 1908 conﬁgurationes,
2674 1856 2941 1906 accessus,
3000 1856 3266 1908 recessus,
3325 1850 3636 1909 eceteraque
3687 1854 3826 1910 qua!

2148 1938 2447 1998 nugatores
2479 1929 2575 1983 isti
2603 1928 2665 1983 in
2696 1929 2898 1983 divinae
2925 1928 3294 2000 providentiae
3329 1930 3593 1999 fraudem
3645 1930 3819 1999 afﬁr-

2150 2024 2321 2088 mant,
2356 2036 2420 2075 ac
2448 2019 2869 2075 dissimulanter
2893 2020 3125 2090 fatalem
3166 2022 3418 2075 omnium
3462 2035 3661 2075 rerum
3709 2036 3816 2076 ne-

2145 2110 2450 2163 cessitatem
2478 2112 2749 2176 statuunt,
2781 2108 2853 2164 ad
2881 2110 3205 2177 felicitatem
3237 2109 3625 2179 humanosque
3644 2124 3820 2164 rasus

2145 2199 2381 2253 multum
2412 2199 2618 2262 valere,
2650 2196 2874 2253 Manucl
2903 2198 3163 2253 idoneum
3190 2197 3434 2253 exeundi
3461 2202 3687 2270 tempus
3717 2200 3817 2253 in.

2145 2287 2339 2358 quirit,
2372 2287 2539 2359 idque
2570 2288 2924 2344 Constantino
2981 2288 3298 2344 denuntiat.
3357 2288 3465 2343 Sed
3517 2288 3654 2361 quid
3700 2289 3817 2357 ﬁt?

2145 2376 2394 2431 Nondum
2423 2376 2493 2430 ad
2543 2392 2793 2432 occasum
2848 2379 3106 2445 vergebat
3160 2377 3261 2444 sol,
3320 2376 3598 2431 Munuelis
3651 2377 3821 2445 iussu

2141 2465 2297 2520 homo
2353 2473 2664 2531 revocatur,
2712 2465 2781 2520 ob
2844 2464 3250 2521 incommodum
3308 2467 3553 2530 exitum,
3617 2466 3822 2523 minus

2139 2555 2326 2624 fausto
2350 2553 2593 2608 siderum
2621 2553 2824 2625 positu,
2856 2570 2957 2609 nec
2984 2555 3271 2610 subtiliter
3298 2561 3351 2609 et
3383 2562 3651 2609 accurate
3679 2572 3823 2626 per-

2140 2645 2360 2715 quisito.
2421 2645 2628 2700 Rursus
2685 2645 2860 2714 igitur
2918 2644 3101 2699 thema
3151 2642 3540 2713 constituitur,
3594 2645 3822 2714 regulae

2139 2732 2508 2787 consuluntur
2547 2750 2561 2799 ;
2609 2737 2727 2803 post
2785 2732 3001 2801 longam
3048 2736 3333 2787 astrorum
3382 2732 3819 2802 indagationem

2139 2822 2372 2891 Angelus
2413 2821 2551 2889 exit,
2598 2838 2725 2876 cum
2765 2822 3129 2892 beneﬁcorum
3177 2822 3422 2877 siderum
3470 2824 3757 2877 comitatu
3803 2840 3824 2880 :

2138 2910 2229 2964 sed
2256 2910 2358 2965 illa
2413 2911 2566 2966 hora:
2622 2909 2921 2967 observatio
2981 2914 3197 2966 tantum
3261 2911 3527 2966 Romanis
3560 2914 3811 2983 pro/uit,

2135 3000 2490 3070 priorumqae
2519 2999 2717 3054 ducum
2744 3004 2933 3055 errata
2965 3001 3047 3055 ita
3081 3002 3349 3066 rorrerit,
3374 3004 3426 3055 et
3457 3009 3687 3073 accepta
3722 3002 3817 3057 de-

2137 3091 2400 3144 trimenta
2429 3093 2676 3159 resarsit,
2732 3098 2793 3145 ut
2842 3090 3237 3146 Constantinus
3299 3092 3504 3146 statim
3558 3091 3815 3147 hostium

2140 3178 2400 3233 manibus
2429 3182 2742 3249 caperetur,
2780 3183 2892 3235 etc.
2928 3180 3027 3251 (De
3056 3196 3243 3250 pugna
3294 3181 3663 3236 Constantini
3691 3182 3815 3236 An-

373 3272 799 3343 conjectoribus
825 3292 836 3329 :
866 3277 1137 3347 quamvis
1164 3276 1395 3333 illorum
1420 3295 1704 3351 responsa
1738 3280 2028 3354 perspicui

2146 3268 2277 3337 geli,
2311 3283 2470 3339 quem
2500 3271 2733 3324 Manuel
2762 3269 2957 3325 ducem
2985 3268 3304 3339 designaret
3336 3272 3641 3338 exercitus,
3674 3286 3815 3327 con-

374 3361 525 3416 nihil
557 3361 918 3431 contineant,
952 3366 1228 3436 quodque
1261 3366 1499 3439 pr0pius
1532 3385 1792 3440 nnquam
1840 3374 1907 3427 ad
1939 3387 2035 3428 ve-

368 3450 600 3504 ritatem
635 3452 893 3508 accedat.
922 3452 1322 3510 Nihilominus
1382 3457 1623 3514 auribus
1679 3461 2032 3532 prurientes,

367 3539 579 3610 etquia
604 3538 660 3595 in
690 3540 1170 3598 verbolortassis
1219 3561 1336 3600 uno
1383 3561 1521 3602 vera
1568 3548 1860 3617 dixerunt,
1898 3556 2037 3623 puta

366 3629 427 3683 in
462 3628 766 3686 nocturnis
793 3631 1044 3687 visionib
1068 3634 1285 3705 us.jam
1310 3634 1381 3691 iis
1404 3652 1533 3707 quae
1564 3638 2031 3714 simpliciterilli,

365 3724 422 3774 et
454 3719 513 3773 in
540 3735 751 3790 genere
782 3720 1006 3792 dicunt,
1047 3739 1159 3778 non
1197 3741 1369 3780 secus
1432 3730 1605 3798 atque
1654 3728 1870 3785 divinis
1901 3746 2034 3787 ora-

364 3806 511 3863 culis
543 3808 717 3864 ﬁrlem
750 3811 1122 3881 adhibentes,
1171 3812 1419 3870 libenter
1488 3816 1897 3888 acquiescunt,
1956 3822 2028 3876 ad

363 3915 583 3971 eosque
606 3916 668 3955 se
700 3903 1031 3971 conferunt,
1067 3904 1361 3961 interdum
1397 3905 1572 3962 etiam
1597 3907 2028 3982 illorumjussu

363 4004 434 4043 ne
468 3988 665 4044 divina
700 3991 937 4062 quidem
970 3991 1212 4049 delubra
1239 3995 1678 4067 ingrediuntur.

432 4076 563 4132 Vidi
596 4094 727 4135 vero
759 4083 1157 4137 Romanorum
1220 4082 1393 4140 etiam
1455 4086 1837 4157 imperatores
1897 4092 2025 4160 (nec

362 4167 517 4223 enim
553 4184 757 4224 omnes
783 4171 1057 4242 culpandi
1094 4173 1254 4244 sunt)
1315 4173 1416 4246 qui
1476 4175 1726 4246 negotiis
1759 4177 2016 4249 urgenti-

363 4253 494 4324 bus,
529 4255 823 4311 neminem
856 4273 1056 4314 eorum
1081 4259 1138 4314 in
1173 4261 1489 4317 consilium
1523 4262 1891 4335 adhiberent,
1914 4267 2026 4338 qui

360 4342 449 4398 vel
482 4344 791 4415 sapientia,
821 4347 909 4402 vel
944 4345 1119 4419 longa
1167 4349 1249 4404 rei
1314 4349 1586 4407 militaris
1638 4354 2016 4428 experientia,

362 4430 617 4488 celebres
649 4434 1018 4502 haberentur,
1048 4439 1142 4492 sed
1175 4439 1248 4494 ab
1301 4438 1732 4513 astrologorum
1777 4443 2023 4514 judiciis

364 4526 664 4593 tantopere
682 4525 1284 4600 dependerent,atque
1307 4528 1380 4585 iis
1404 4546 1528 4601 qua:
1554 4547 1622 4586 ex
1651 4532 2021 4602 planetarum

2141 3360 2229 3413 ira
2270 3359 2562 3430 Bogerium
2596 3375 2786 3431 regem
2814 3359 3106 3419 Siculum).

2846 3490 2926 3543 De
2954 3489 3095 3557 fato.

2213 3611 2386 3667 Porro
2421 3611 2601 3668 fatum
2631 3611 2812 3667 Graeci
2840 3611 2920 3668 ita
2950 3611 3420 3681 introducebant,
3471 3612 3818 3669 Necessita-

2143 3703 2253 3755 tem
2273 3700 2724 3772 fingebant,quaa
2759 3700 2931 3756 rebus
2964 3705 3238 3773 prmesset
3283 3701 3584 3769 omnibus,
3630 3702 3815 3773 cujus

2139 3789 2291 3846 filias
2332 3796 2471 3860 tres,
2534 3790 2863 3859 Lachelam,
2923 3792 3152 3861 Clotho,
3213 3796 3270 3847 et
3325 3795 3585 3863 Atropon
3649 3797 3817 3848 esset

2135 3880 2450 3937 dicebant:
2509 3880 2590 3935 ita
2646 3886 2710 3935 ut
2759 3883 3088 3937 Necessitas
3142 3882 3356 3937 futuris
3413 3883 3814 3953 prospiceret,

2137 3967 2385 4025 Lacheia
2443 3974 2657 4025 sortem
2719 3971 3258 4041 superinduceret;
3320 3970 3524 4026 Clotho
3582 3970 3810 4027 iisdem

2134 4059 2348 4125 nendo,
2383 4060 2701 4130 fusumque
2752 4060 3285 4130 circumvolvendo,
3348 4060 3527 4116 robur
3569 4066 3630 4115 et
3664 4078 3813 4132 pon-

2132 4147 2244 4202 dus
2266 4148 2499 4204 adderet
2534 4167 2548 4217 ;
2580 4150 2831 4221 Atropos
2875 4150 3128 4221 denique
3184 4150 3266 4205 ita
3309 4150 3721 4215 conﬁrmaret,
3753 4155 3817 4207 et

2132 4237 2554 4306 constabiliret,
2586 4243 2649 4293 ut
2681 4239 2899 4294 mutari
2933 4247 2988 4294 et
3048 4239 3256 4295 inverti
3315 4238 3477 4295 nullo
3528 4256 3813 4311 unquam

2136 4328 2311 4383 modo
2342 4332 2597 4398 possent.
2632 4329 2712 4384 Ex
2745 4345 2862 4400 quo
2922 4328 3119 4397 ﬁebat,
3177 4333 3241 4383 ut
3299 4328 3347 4384 si
3378 4344 3584 4385 recens
3618 4335 3810 4386 natus

2131 4433 2278 4488 puer
2309 4418 2434 4474 fuso
2466 4418 2628 4474 fatali
2658 4420 2727 4475 ad
2763 4418 3039 4474 subulam
3071 4420 3346 4475 manibus
3390 4420 3805 4489 tractandam,

2128 4505 2216 4562 vel
2249 4506 2501 4563 cultrum
2535 4509 2849 4578 sutorium,
2881 4507 2969 4565 vel
3000 4509 3258 4580 denique
3304 4508 3466 4564 coria
3508 4509 3810 4566 dentibus

361 4610 725 4683 inspectione
755 4597 1235 4686 praedicerentur,
1260 4597 1682 4676 velut—circulis
1734 4624 1928 4680 aureis
1958 4623 2015 4681 in
2048 4629 2097 4695 D
2130 4597 2495 4695 exiende‘nd“
2517 4597 2846 4695 {’ffsﬁnatus
2866 4598 3402 4695 essetinul'f’m???
3425 4598 3810 4695 θθνξρθδξίῗξν

359 4716 531 4757 nares
565 4701 822 4771 insertis,
856 4702 1462 4764 circumducerentur.

434 4791 789 4860 Hujusmodi
823 4799 976 4849 certe
1010 4810 1174 4865 reges
1205 4794 1381 4852 simul
1404 4802 1460 4854 et
1482 4796 1693 4855 fallunt
1718 4803 1776 4857 et
1807 4800 2017 4858 fallun-

361 4882 478 4944 tur,
510 4894 644 4935 cum
686 4895 755 4937 ea
811 4898 937 4953 quae
996 4883 1166 4951 fiunt,
1228 4884 1431 4955 procul
1489 4903 1522 4941 a
1576 4888 1708 4955 Deo,
1767 4890 2031 4963 ejusque

361 4966 724 5037 providentia
755 4969 1060 5043 ablegent:
1089 4979 1265 5044 atque
1296 4973 1376 5030 ita
1406 4976 1660 5047 receptis
1700 4980 1851 5049 apud
1907 4997 2013 5038 nos

361 5056 669 5112 sententiis
701 5062 757 5114 et
786 5060 1076 5118 institutis
1137 5063 1616 5122 manifestissime
1660 5075 2010 5142 repugnent,

359 5147 440 5201 ita
458 5151 522 5203 ut
546 5147 825 5222 inlongos
852 5170 1082 5210 menses
1106 5154 1159 5209 id
1185 5155 1482 5222 dilferant,
1515 5158 1672 5229 quod
1715 5158 1805 5215 vel
1840 5160 2013 5220 hodie

360 5236 483 5291 fieri
518 5244 743 5308 potest:
777 5257 847 5295 ex
877 5242 1103 5313 hocque
1163 5243 1290 5301 loco
1349 5246 1407 5301 in
1469 5246 1645 5303 alium
1688 5249 2010 5309 ﬁnitimum

2131 4685 2274 4756 quin
2310 4690 2493 4742 artem
2528 4685 2687 4742 illam
2750 4691 3061 4755 exerceret,
3117 4704 3243 4757 quis
3298 4686 3383 4742 illi
3441 4692 3598 4743 sorte
3652 4689 3812 4744 obti-

2123 4776 2413 4844 gerat,sed
2440 4791 2565 4831 eam
2604 4775 2706 4832 lati
2737 4777 3069 4848 fune,quasi
3098 4777 3328 4833 obtorto
3353 4776 3503 4832 collo
3535 4777 3811 4849 rapieba-

2123 4866 2242 4920 tur.

2772 4955 2851 5010 De
2881 4954 3139 5026 augurio.

2192 5079 2520 5151 Augurium
2581 5084 2782 5137 autem
2840 5086 2932 5137 est
2988 5080 3320 5138 futurorum
3412 5081 3811 5154 praesagium,

2122 5168 2280 5239 quod
2309 5169 2382 5224 ab
2410 5170 2605 5225 avium
2655 5171 2869 5237 volatu,
2934 5172 3156 5244 quiete,
3189 5176 3247 5227 et
3284 5172 3510 5243 garritu
3565 5171 3807 5245 colligi-

2119 5264 2235 5313 tur.
2294 5258 2427 5314 Fuit
2498 5260 2652 5316 enim
2729 5260 3044 5332 aliquando
3132 5260 3480 5330 hujusmodi
3557 5278 3806 5334 quoque

361 5325 611 5385 subinde
641 5330 1051 5403 commigrent,
1086 5334 1184 5388 ubi
1205 5334 1280 5390 ad
1303 5352 1490 5408 pauca
1520 5336 1797 5397 horarum
1831 5340 2011 5399 inter—
2117 5347 2275 5420 apud
2307 5348 2554 5420 Graecos,
2618 5354 2677 5406 et
2727 5325 2874 5407 alias
2929 5355 3133 5423 gentes
3189 5325 3525 5406 futurorum
3576 5325 3804 5407 'obser-

429 5456 477 5492 ⁸³
506 5461 711 5520 Matth.
744 5480 867 5534 vm,
898 5464 990 5535 29,
1066 5462 1115 5499 ⁸⁸
1142 5467 1264 5522 Act.
1296 5485 1413 5542 xvr,
1444 5470 1536 5528 47.
1612 5470 1660 5508 ⁸⁸
1691 5474 1841 5531 Ibid.
1876 5478 1963 5535 18.

577 5603 1451 5696 giaespatiisinterlipqaribus
1483 5612 1753 5696 intersita
1782 5616 2041 5690 fuerunt,
2074 5626 2248 5696 atque
2276 5624 2485 5684 litteris
2515 5626 2713 5685 rubris
2743 5632 2997 5686 exarata.

378 5693 387 5701 -
431 5668 545 5740 (57)
577 5674 650 5731 Ut
679 5668 1068 5745 précedentia
1098 5675 1293 5736 rubris
1322 5668 1577 5740 exarata.
