4054 6386
220 391 375 451 1353

211 614 305 682 rit,
330 610 685 679 tandemque
707 605 881 661 etiam
903 602 1112 675 pennis
1133 599 1411 656 omnibus
1442 596 1705 652 deciduis
1734 613 1864 652 eva-

208 700 424 757 nuerit.

281 791 398 845 Nisi
436 789 584 860 forte
622 787 904 855 gallorum
957 783 1390 852 gallinaceorum
1421 776 1667 845 tripudia
1728 775 1864 831 soli-

207 880 405 941 stima,
422 892 450 947 q
463 876 622 931 uibus
638 874 692 927 in
708 873 899 928 Gallia
917 887 1039 925 vere
1054 873 1281 925 ineunte
1290 866 1451 938 pueri
1461 865 1531 919 ad
1544 864 1865 919 litterarum

207 967 389 1021 stu-ilia
430 966 769 1031 excitantur,
816 959 1183 1029 auguriorum
1238 964 1551 1011 ramentum
1599 951 1869 1024 quoddam

210 1060 308 1121 sit,
342 1074 375 1111 a
406 1056 601 1111 Solone
638 1053 763 1124 jam
809 1052 945 1106 olim
998 1047 1225 1104 Athenis
1282 1045 1642 1104 institutum;
1679 1045 1739 1097 ut
1790 1050 1873 1096 la-

213 1162 368 1202 ceam
400 1144 575 1199 aniles
596 1144 826 1213 stryges,
850 1140 1110 1205 cornices,
1136 1136 1391 1202 bubones,
1417 1138 1527 1189 etc.

649 1269 727 1322 De
743 1267 993 1338 fortuna.
1027 1260 1337 1335 [Appendix
1379 1256 1444 1331 1.]

290 1398 612 1452 Fortunam
670 1393 849 1448 Graeci
885 1392 1061 1446 rebus
1093 1387 1369 1443 omnibus
1425 1397 1674 1455 praeesse
1736 1396 1874 1435 cen-

213 1488 447 1553 sebant,
481 1483 746 1554 nihilque
781 1481 935 1545 boni,
970 1483 1073 1535 aut
1099 1482 1303 1532 contra
1326 1517 1340 1542 ,
1374 1475 1501 1529 sine
1532 1472 1692 1527 illius
1726 1474 1873 1525 nutu

214 1576 553 1645 contingere
584 1573 919 1642 conjectura
951 1568 1359 1623 ducebantur:
1397 1563 1701 1633 multaque
1731 1562 1873 1615 adeo

214 1664 563 1720 horninibus
595 1662 667 1717 ab
702 1662 902 1716 eadem
934 1658 1021 1712 vel
1047 1658 1105 1712 in
1134 1654 1415 1709 utramvis
1449 1668 1649 1707 aurem
1676 1663 1876 1705 secure

214 1752 672 1814 dormientibus,
698 1765 804 1805 nec
823 1749 927 1802 ulli
958 1761 1193 1802 manum
1217 1743 1373 1814 operi
1401 1739 1871 1802 admoventibus,

1562 375 1666 434 ΤΗ
1676 370 1959 436 ESAURI
1986 374 2136 435 LIB.
2184 376 2283 437 IV.

214 522 387 589 vatio,
422 516 653 574 etiamsi
687 514 903 572 nostris
936 511 1298 583 temporibus
1329 524 1568 580 prorsus
1611 508 1869 563 avolave-
1895 510 1947 575 Α

3480 376 3636 438 1354

2579 512 2649 567 De
2679 512 3028 568 cledonismo.

2050 601 2227 653 Porro
2258 597 2676 670 cledonismus,
2701 617 2802 656 seu
2835 602 3224 673 sortilegium,
3258 601 3452 674 magni
3482 615 3627 671 pon-

1980 685 2137 741 deris
2170 691 2313 754 erat,
2369 688 2521 756 apud
2566 689 2830 744 Hebraeos
2873 689 2932 745 in
2987 691 3216 761 primis.
3254 690 3500 746 Proinde
3531 704 3636 758 per

1982 775 2327 845 prephetam
2384 776 2668 832 Dominus
2697 778 2779 832 sic
2813 777 2895 834 ait
2929 795 2942 833 :
3006 780 3179 851 Regio
3230 788 3424 836 vestra
3466 778 3636 850 plena

1982 872 2068 917 est
2101 863 2480 919 cledonismis
2524 864 2661 919 ³⁶·³⁷.
2708 867 2990 921 Dicuntur
3040 874 3237 923 autem
3281 865 3633 924 cledonismi

1981 968 2246 1007 rumores
2278 953 2382 1019 illi,
2441 970 2688 1024 quorum
2743 960 2939 1010 certus
2971 960 3173 1010 auctor
3220 955 3481 1027 expromi
3513 971 3628 1011 non

1986 1046 2194 1111 potest,
2246 1042 2345 1096 sed
2399 1042 2500 1111 qui
2550 1059 2652 1113 per
2696 1058 2779 1109 se,
2829 1047 2887 1097 et
2936 1048 2999 1097 ut
3041 1044 3121 1097 ita
3177 1044 3392 1109 dicam,
3425 1048 3633 1112 sponte

1982 1129 2199 1200 oppida
2229 1134 2285 1184 et
2336 1131 2510 1185 urbes
2542 1129 3034 1196 circumvolitant,
3065 1137 3121 1186 et
3171 1132 3382 1203 passim
3425 1148 3629 1187 eorum

1983 1217 2203 1289 aliquid
2242 1219 2637 1286 insusurrant,
2673 1236 2800 1290 quas
2833 1220 3174 1284 aversanda,
3208 1218 3294 1273 vel
3318 1220 3490 1275 etiam
3528 1221 3634 1274 mi-

1983 1308 2140 1363 nimc
2170 1306 2311 1364 talia
2336 1312 2493 1364 sunt.
2519 1308 3094 1381 Quicumqueiigitur
3124 1325 3389 1365 rumores
3422 1307 3630 1378 hujus-

1985 1399 2164 1465 modi,
2198 1399 2285 1454 vel
2316 1400 2489 1454 etiam
2523 1399 2779 1454 triviales
2813 1415 2998 1471 nugas
3030 1400 3408 1469 adnotabant,
3442 1415 3629 1470 eoque

1985 1488 2434 1558 detorquebant,
2466 1504 2591 1559 quae
2624 1488 2735 1543 sibi
2768 1488 2913 1558 ipsis
2944 1489 3169 1559 agenda
3192 1494 3377 1553 erant,
3406 1503 3627 1543 rerum-

1986 1598 2099 1652 que
2144 1582 2290 1636 adeo
2347 1581 2609 1652 ipsarum
2664 1580 2902 1647 exitum,
2960 1598 3075 1635 non
3123 1596 3255 1635 eum
3291 1582 3390 1650 qui
3422 1580 3634 1635 divinae

1987 1670 2360 1743 providentiae
2391 1669 2666 1741 placeret,
2716 1671 2815 1726 sed
2865 1686 3040 1741 quem
3093 1686 3355 1726 rumores
3415 1669 3629 1739 hujus-

1988 1759 2166 1819 modi.
2202 1759 2752 1829 occurrentiumque
2791 1758 3099 1813 hominum
3148 1773 3448 1813 sermones
3486 1776 3633 1828 prm—

212 1844 385 1916 quasi
401 1842 599 1896 divina
625 1840 715 1911 (ut
735 1839 928 1904 aiunt)
952 1834 1181 1906 virgula
1194 1831 1561 1904 suppeditari
1583 1830 1871 1884 dicebant.

2000 1848 2288 1916 lixissent,
2322 1846 2672 1902 cledonismi
2722 1847 3088 1903 dicebantur.
3122 1847 3265 1903 Altis
3298 1863 3401 1918 per
3426 1845 3631 1901 cledo-

214 1935 297 1988 Ex
330 1949 450 2005 quo
481 1930 756 1999 evenerit,
793 1934 858 1984 ut
885 1926 1230 1981 Timotheus
1281 1925 1458 1978 urbes
1480 1922 1560 1975 ita
1592 1920 1870 1990 subjuga-

216 2030 327 2089 ret,
361 2038 429 2076 ac
462 2020 511 2076 si
544 2021 776 2074 fortuna
800 2018 932 2073 illas
962 2016 1023 2070 in
1049 2015 1178 2084 ejus
1201 2017 1318 2068 rete
1341 2010 1679 2082 conjiceret,
1707 2007 1876 2078 eique

216 2109 541 2167 dormienti
576 2109 855 2163 traderet.

293 2198 528 2272 Appelli
560 2214 795 2270 quoque
827 2194 1032 2268 pictori
1065 2193 1177 2249 lale
1202 2192 1501 2263 quidpiam
1559 2185 1879 2257 contigisse

213 2292 438 2357 ierunt,
473 2293 537 2343 ut
565 2304 781 2359 equum
834 2286 1180 2341 bellicosum
1214 2282 1400 2337 ardua
1428 2283 1488 2335 et
1532 2281 1725 2334 erecta
1754 2292 1876 2332 cer-

212 2381 365 2448 vice,
401 2378 638 2432 arrectis
687 2376 949 2445 auribus,
989 2373 1250 2429 cruentis
1299 2375 1356 2426 et
1410 2369 1644 2425 acribus
1691 2362 1878 2421 oculis

215 2469 321 2540 qui
384 2466 789 2539 spectantibus
821 2465 1015 2521 furere
1047 2462 1333 2518 currendo
1372 2459 1687 2523 videretur,
1717 2453 1878 2526 pedi-

215 2561 333 2613 bus
400 2558 458 2612 in
512 2571 705 2612 aerem
757 2555 1034 2622 sublatis,
1085 2558 1419 2621 terramque
1467 2546 1731 2602 vicissim
1790 2543 1882 2599 vix

211 2645 528 2703 tantillum
561 2643 983 2707 delibantibus,
1039 2639 1241 2711 auriga
1274 2640 1470 2694 frenos
1519 2636 1880 2696 moderante,

215 2743 276 2792 et
338 2735 621 2791 bellicum
690 2734 826 2805 equi
887 2731 1172 2789 insultum
1239 2729 1485 2785 habenis
1559 2727 1880 2791 coercente,

227 2825 590 2898 depinxerit.
622 2824 887 2894 Cumque
918 2824 1112 2893 imago
1144 2820 1321 2875 rebus
1351 2817 1627 2874 omnibus
1670 2827 1881 2869 conve~

218 2914 530 2970 aientibus
582 2912 875 2968 instructa
933 2913 1103 2976 esset,
1156 2923 1292 2962 eum
1347 2920 1575 2978 spumae
1630 2901 1882 2958 colorem

219 3001 498 3074 reliquit,
543 3000 642 3072 qui
687 3016 756 3056 ex
801 2998 1080 3055 continua
1110 2996 1418 3069 sanguinis
1448 3000 1506 3051 et
1536 3009 1701 3065 aqua:
1734 3005 1886 3046 com-

225 3093 514 3149 mistione
564 3091 723 3145 cerni
756 3092 976 3162 posset,
1026 3103 1158 3143 cum
1213 3084 1507 3142 anhelitus
1546 3082 1784 3154 quidem
1816 3096 1884 3135 ex

217 3199 324 3239 ore
357 3196 575 3253 aquam
626 3180 1019 3250 protruderet,
1070 3181 1245 3248 atque
1288 3175 1498 3247 spiritu
1550 3172 1793 3228 reﬂante
1822 3170 1881 3225 in

213 3288 500 3347 spumam
572 3270 849 3326 violentia
929 3269 1074 3324 freni
1154 3270 1447 3323 irrotaret.
1523 3264 1669 3319 Cum
1745 3277 1881 3333 ergo

200 3366 336 3436 jam
398 3362 470 3416 de
522 3360 755 3429 pictura
806 3357 1100 3412 dubitaret
1131 3361 1377 3428 spongia
1406 3372 1523 3427 qua
1562 3353 1879 3424 depingen-

213 3455 291 3509 do
354 3451 658 3520 utebatur,
718 3448 939 3502 circum
1007 3446 1203 3501 frenos
1275 3446 1497 3499 traxit:
1557 3459 1684 3514 quae
1744 3457 1880 3498 cum

213 3542 451 3599 multos
511 3537 733 3594 colores
790 3552 1012 3607 spumae
1072 3551 1189 3589 non
1258 3533 1560 3588 absimiles
1619 3530 1879 3595 referret,

212 3634 525 3705 picturam
586 3644 692 3682 suo
748 3625 915 3682 facile
963 3624 1153 3681 colore
1199 3622 1508 3678 decoravit.
1556 3622 1745 3691 Atque
1802 3619 1884 3673 ita

214 3722 380 3794 quod
420 3717 652 3771 volebat
711 3714 965 3787 Apelles,
997 3731 1113 3769 non
1167 3717 1289 3769 arte
1334 3712 1416 3781 id,
1461 3710 1562 3766 sed
1598 3710 1744 3765 forte
1774 3709 1886 3763 for-

210 3817 371 3867 tuna
401 3806 667 3879 perfecit.

299 3901 628 3955 Fortunam
678 3911 809 3950 vero
859 3894 1073 3950 statuis
1126 3893 1302 3948 etiam
1350 3890 1736 3955 honorabant,
1778 3903 1888 3958 gu-

216 3986 547 4048 bernaculo
594 3986 756 4041 navis
810 3984 1083 4039 manibus
1133 3982 1258 4053 ejus
1300 3980 1597 4053 imposito,
1652 3982 1718 4034 ut
1759 3993 1886 4048 quas

1984 1937 2244 1993 nismum
2299 1936 2785 2007 interrogationes
2841 1936 2973 1992 illas
3024 1935 3349 2007 intelligere
3392 1936 3632 2007 placuit,

1983 2026 2203 2097 quibus
2245 2023 2650 2097 κριθομάντεις,
2696 2025 2805 2080 hoc
2861 2030 2949 2080 est
3008 2024 3301 2079 hordearii
3352 2029 3538 2089 vates,
3582 2031 3640 2079 et

1984 2115 2374 2191 γαστρίμυθοι,
2422 2116 2532 2171 hoc
2591 2119 2682 2170 est
2738 2114 3115 2185 ventriloqui,
3176 2112 3635 2168 consulebantur

1984 2206 2316 2277 quibusque
2390 2204 2563 2261 iidem
2631 2204 2909 2260 vaticinia
2985 2220 3089 2258 sua
3147 2204 3565 2275 expromebant
3620 2220 3634 2258 :

1986 2296 2489 2368 quemadmodum
2539 2292 3010 2368 ἀποτροπιασμοὶ,
3073 2310 3174 2349 seu
3232 2294 3381 2349 mala
3440 2292 3635 2348 omina

1987 2385 2285 2453 dicuntur,
2329 2387 2376 2441 si
2410 2386 2506 2457 qui
2542 2386 2639 2440 ubi
2675 2386 2931 2457 primum
2957 2400 3231 2456 egressus
3253 2388 3364 2452 est,
3397 2384 3636 2454 pedem-

1988 2490 2103 2545 que
2153 2476 2324 2530 dumo
2375 2474 2579 2530 efferre
2617 2476 2813 2546 cmpit,
2848 2478 3034 2528 atrato
3066 2471 3291 2527 homini
3350 2477 3637 2533 occurrat.

1986 2564 2073 2617 vel
2105 2563 2200 2618 alii
2235 2562 2487 2632 cuipiam
2524 2564 2629 2630 rei,
2663 2563 2833 2633 cujus
2858 2566 3129 2633 aspectus
3175 2559 3344 2616 nobis
3379 2559 3639 2616 insuavis

1993 2661 2046 2708 et
2069 2652 2432 2723 injucundus
2453 2669 2582 2708 esse
2612 2651 2782 2708 solet.

2242 2763 2419 2817 Plura
2457 2761 2524 2816 de
2564 2760 2925 2818 cledonismo.
2961 2759 3275 2832 [Appendix
3310 2758 3394 2833 11.]

2066 2870 2168 2925 Est
2195 2869 2352 2924 enim
2402 2868 2825 2934 cledonismus,
2858 2866 3170 2933 malorum,
3207 2871 3268 2920 ut
3303 2866 3384 2921 ita
3423 2866 3639 2935 dicam,

1992 2960 2329 3013 daemonum
2376 2957 2685 3023 invocatio,
2718 2973 2844 3028 quea
2878 2964 3003 3011 tum
3041 2954 3472 3027 perﬁciebatur,
3504 2970 3636 3011 cum

1992 3046 2080 3102 sol
2113 3064 2146 3102 a
2173 3045 2617 3117 septentrionali
2647 3043 3192 3100 climateaustrinas
3223 3044 3295 3099 ad
3332 3053 3519 3115 partes
3552 3057 3642 3097 se-

1995 3136 2256 3203 cedebat,
2292 3151 2406 3206 quo
2437 3137 2701 3206 tempore
2731 3133 2856 3190 dies
2886 3132 3123 3204 quidem
3169 3131 3471 3200 minuitur,
3530 3148 3642 3186 nox

1914 3215 1957 3283 C
1997 3234 2189 3282 autem
2213 3224 2498 3297 augescit.

2063 3316 2212 3371 Sunt
2242 3330 2413 3387 porro
2453 3312 2721 3368 nonnulli
2752 3329 2986 3384 quoque
3018 3312 3336 3382 daemones,
3369 3315 3434 3366 ut
3476 3316 3640 3367 vetus

1992 3407 2255 3475 quaedam
2317 3405 2576 3475 perhibet
2630 3404 2849 3474 opinio,
2909 3402 3009 3474 qui
3067 3402 3639 3473 materiafcoustent,

1992 3510 2099 3549 nec
2131 3495 2273 3549 solis
2316 3494 2512 3550 radios
2543 3493 2903 3548 intueantur.
2955 3492 3035 3546 Ex
3075 3508 3191 3562 quo
3224 3492 3308 3560 fit,
3356 3499 3418 3547 ut
3468 3496 3640 3547 noctu

1992 3583 2241 3638 insidias
2283 3582 2622 3637 hominibus
2665 3587 2922 3648 struant,
2979 3597 3108 3635 cum
3170 3579 3448 3647 interdiu,
3494 3580 3640 3634 nihil

1995 3687 2166 3744 agere
2226 3672 2453 3742 possint
2513 3671 2649 3741 (58).
2704 3670 2835 3725 Sole
2892 3669 3095 3741 igitur,
3140 3672 3205 3723 ut
3247 3667 3527 3733 diximus,
3568 3670 3641 3725 ad

1994 3766 2262 3816 austrum
2299 3764 2594 3831 vergente,
2646 3776 2762 3832 quo
2813 3765 3072 3830 tempore
3118 3775 3217 3813 aer
3267 3756 3436 3813 nobis
3467 3758 3650 3812 conti-

1995 3866 2145 3922 guus
2177 3849 2426 3921 caligine
2460 3854 2697 3920 propter
2728 3848 2983 3904 hiemem
3016 3847 3363 3903 condensari
3393 3847 3646 3914 videtur,

1995 3945 2135 3996 tunc
2166 3939 2511 4007 huiusmodi
2543 3939 2836 3994 daemones
2877 3937 3124 3993 saltibus
3156 3942 3214 3993 et
3253 3938 3644 3993 subsultatio-

2000 4031 2175 4087 nibus
2233 4029 2591 4102 quibusdam
2635 4028 2905 4099 nequitiae
2952 4045 3073 4083 suae
3115 4028 3407 4098 specimen
3439 4028 3651 4095 edunt,

205 4094 421 4137 rerum
480 4074 921 4130 universitatem
983 4073 1403 4141 moderaretur,
1447 4070 1545 4126 alii
1595 4067 1887 4123 novaculae

208 4167 811 4243 superimponebant,
886 4181 1180 4236 prosperae
1243 4164 1488 4216 fortunae
1540 4158 1885 4215 brevitatem

208 4258 673 4333 significantes:
707 4254 805 4309 alii
849 4253 1110 4325 sphmraa,
1158 4268 1261 4307 seu
1323 4250 1521 4322 globo,
1555 4251 1694 4320 quia
1725 4245 1891 4301 facile

207 4351 563 4409 mutaretur
603 4359 617 4398 :
666 4343 766 4398 alii
816 4342 1004 4397 eidem
1046 4356 1225 4397 cornu
1280 4338 1602 4394 Amaltheae
1652 4337 1888 4410 plenum
2004 4337 3260 4410 ξῇζξίζι’“η“’.⁸-³ζξ⁴ςξ¹ηξ¹⁸ξξζΪζζνξξ-ζῖζξῗξς,

208 4387 1893 4505 ἔὲζέἔὲξὲᾟϐ’ΓῶἔιὶῦζζῶἑνῶἷηίΗιῖξὲἐέξηῖςιῖοᾘ
2002 4387 2229 4443 siliunt.
2275 4387 2562 4441 Feruntur
2618 4387 2777 4441 enim
2825 4387 3157 4456 superiores
3210 4387 3457 4440 virtutes
3511 4401 3647 4441 cum

1668 4469 1682 4497 ’
2002 4474 2340 4505 ιιιηινιὲ-ιῖῑ-ιηε-
2374 4490 2514 4505 nnnn
2561 4479 2614 4505 ηι
2674 4475 2901 4505 αἶηιυηιη
2955 4491 3065 4505 ann
3117 4475 3444 4505 ιιι-ιηυηηαηκῖ
3504 4491 3615 4505 nun

208 4474 582 4505 °"“"°"°"""
631 4474 920 4488 ““””“”’““’
955 4474 1071 4503 ¹““’
1114 4474 1389 4530 ’““’“““ἶ“”’
1444 4474 1682 4497 "ww"
1740 4474 1893 4498 ’⁸”“’
2002 4474 2343 4530 hominibus
2374 4490 2517 4546 pure
2560 4479 2617 4529 et
2674 4475 2901 4529 sincere
2955 4491 3067 4530 non
3116 4475 3469 4539 conversari,
3504 4491 3647 4545 quo-

205 4526 509 4588 Hercules
549 4522 824 4590 Acheloo,
860 4538 1105 4577 manum
1137 4537 1269 4575 cum
1304 4519 1401 4573 liiO
1425 4534 1765 4583 conserens,
1796 4516 1892 4570 de-
1928 4587 1954 4590 _
2002 4564 2110 4590 ﬂ“
2145 4581 2240 4590 Μ*
2299 4563 2470 4590 “nm
2525 4569 2724 4590 “du
2787 4563 3095 4590 “Humum
3131 4563 3377 4590 “Im”
3413 4564 3620 4590 AM“:

306 4563 509 4583 ιυαιυ..
549 4563 800 4577 ..νην-νυ
860 4563 1105 4577 ............
1138 4563 1269 4575 νη..
1304 4563 1399 4573 ...υ
1429 4563 1765 4583 “ww-.-”
1799 4563 1865 4570 π
2028 4564 2041 4577 .
2410 4563 2421 4575 .
2460 4565 2469 4574 .
2925 4563 2937 4576 .
3226 4564 3236 4575 .
3287 4563 3297 4573 .
3610 4564 3620 4574 .

210 4563 523 4675 ῒτέχθναῐε
560 4612 669 4666 hoc
712 4564 876 4681 signo
920 4610 1256 4666 felicitatem
1312 4609 1580 4675 fortunas,
1642 4609 1885 4677 ejusque
1927 4587 1968 4649 θ
2143 4563 3648 4681 ξεῖνεῗῗὲίξῖλῗὲῗίτξἔξηξξευῗξξῗιἨιιηθιξδξξξξ

216 4651 523 4675 ¹’¹“’“²“““”
560 4651 669 4666 "W
705 4651 876 4713 71"“
920 4651 1256 4666 “““““““’“⁶
1313 4651 1580 4675 “””“““”’
1642 4651 1887 4705 ”·¹“”“¹“ἶ
2004 4659 2121 4721 tur,
2154 4663 2206 4709 et
2258 4653 2637 4708 incrassescit
2688 4653 2866 4725 quod,
2901 4654 2959 4707 in
3018 4668 3194 4708 causa
3224 4657 3334 4722 est,
3387 4656 3450 4706 ut
3482 4651 3648 4707 illum

216 4716 557 4767 munerum
605 4700 843 4757 delicms
894 4701 1270 4756 denotabant.
1328 4697 1441 4754 Nec
1482 4698 1744 4764 deerant,
1790 4710 1891 4765 qut
2004 4743 2137 4767 ,κη
2168 4747 2485 4767 __M__A_,
2519 4743 2625 4767 mm

218 4743 557 4767 ³“““”’“““
605 4743 843 4801 “””Ϊ’“”“’
894 4743 1270 4756 ““’““”““’““’“
1328 4743 1440 4799 ’“.”ἶ
1485 4743 1744 4797 “““ῖ“⁷⁷
1793 4743 1891 4765 τ’
2004 4743 2140 4814 igne
2165 4747 2490 4815 expurgant
2518 4743 2648 4814 (59).

218 4811 405 4855 arma
438 4792 654 4846 dextra
685 4807 837 4861 elus,
877 4799 932 4846 et
981 4793 1276 4861 sceptrum
1328 4790 1581 4842 sinistrae
1634 4800 1893 4855 impone-
2562 4850 2593 4862 ἢ
2668 4848 2678 4862 _
2995 4854 3006 4862 .
3049 4848 3062 4862 O

219 4889 389 4951 rent,
428 4881 746 4935 innuentes
788 4879 897 4934 hoc
938 4882 1107 4951 pacto
1160 4875 1455 4932 bellicosis
1502 4873 1644 4930 viris
1694 4890 1872 4944 regna

2556 4850 2631 4904 De
2660 4848 3117 4905 lecanomantet'a.

222 4969 703 5039 forensibusque
740 4968 900 5040 leges
944 4972 1001 5022 et
1044 4966 1270 5036 judicia
1321 4964 1601 5020 beneficio
1650 4963 1896 5017 fortuna:

221 5060 542 5123 obvenire.
576 5058 706 5113 Haec
736 5062 794 5113 et
842 5057 955 5113 alia
1002 5055 1343 5127 hujusmodi
1374 5054 1445 5110 ab
1496 5053 1567 5108 iis
1600 5052 1896 5123 conﬁnge-

224 5158 489 5215 bantur,
523 5147 624 5218 qui
657 5147 901 5201 fortuna:
934 5145 1180 5217 imperio
1213 5160 1423 5214 corpus
1476 5143 1581 5198 hoc
1615 5140 1901 5197 universi-

227 5240 385 5298 tatis
411 5233 832 5304 subjiciebant.

2000 4120 2122 4176 illis
2152 4119 2329 4175 etiam
2373 4118 2800 4189 spectantibus,
2850 4135 2883 4172 a
2912 4118 3129 4188 quibus
3178 4116 3430 4172 invocati
3480 4121 3642 4172 sunt.

2001 4208 2108 4275 Qui
2158 4209 2208 4264 si
2241 4208 2442 4279 epodis
2473 4206 2605 4263 illos
2646 4208 2716 4262 ad
2751 4223 2814 4262 se
2848 4206 3117 4276 pellicere
3165 4211 3479 4277 nequeant,
3513 4205 3645 4275 igne

2000 4297 2157 4353 velut
2209 4298 2267 4351 in
2300 4296 2497 4351 orbem
2532 4297 2958 4359 circumducto,
2996 4297 3188 4351 media
3219 4312 3250 4350 e
3281 4295 3522 4351 ﬂamma
3551 4312 3647 4351 ex-

2083 4961 2160 5012 De
2218 4956 2679 5012 lecanomanteia
2728 4972 2880 5023 vero,
2940 4971 3045 5010 seu
3098 4954 3477 5022 divinatione,
3526 4970 3653 5026 quat

2012 5045 2162 5117 pelvi
2223 5046 2542 5118 peragitur,
2612 5045 2731 5099 haec
2785 5060 3021 5115 quoque
3068 5047 3208 5099 sunt
3265 5061 3300 5099 a
3356 5044 3659 5100 nonnullis

2016 5135 2248 5191 tradita.
2299 5140 2527 5206 Aquam
2589 5134 2850 5205 quidem,
2910 5150 3036 5204 quas
3096 5133 3245 5203 pelvi
3302 5133 3656 5200 infunditur,

2017 5224 2351 5281 substantia
2391 5239 2766 5294 nequaquam
2799 5221 3027 5278 differre
3067 5239 3099 5277 a
3140 5223 3358 5279 steteris
3397 5223 3661 5294 ejusdem

309 5379 443 5438 “.37
479 5379 681 5435 Ezech.
726 5395 824 5447 vn,
854 5378 945 5433 23.

320 5535 449 5615 (ξε)
485 5531 695 5615 Quales
716 5535 818 5615 sai.
849 5531 1044 5615 F0169.
1065 5530 1353 5615 vulgozee
1374 5528 1916 5615 αρίδυερῆηάειηεξ
2071 5529 2215 5615 ,(⁵9)
2264 5528 2466 5615 Quae.

236 5599 461 5670 in‘lib'.
499 5606 571 5660 De
596 5599 932 5660 subtilitate.
980 5599 1209 5676 Eguin.
1245 5602 1346 5658 lib.
1395 5602 1469 5657 De
1516 5601 1738 5657 nobitit.
1774 5619 1812 5657 ι.
1849 5602 1917 5656 lli
2029 5599 2303 5673 pluribus
2334 5616 2367 5655 a
2397 5599 2678 5676 Michaele
2698 5599 2975 5676 _P_sello_in
3001 5599 3102 5676 lib.
3127 5600 3201 5654 De
3219 5600 3535 5676 daemonum
3555 5612 3680 5671 ope-

235 5684 395 5742 olim
434 5678 773 5749 frequentes
806 5675 865 5731 in
901 5670 1227 5732 Armorica.
2032 5670 2265 5743 ratione,
2295 5670 2664 5744 explicantur
2698 5670 3061 5742 [Patrologiae
3092 5676 3230 5727 tom.
3266 5670 3502 5743 CXXIIJ

593 5796 858 5856 PATROL.
907 5797 1017 5855 Gn.
1063 5794 1349 5857 CXXXIX
1364 5839 1377 5852 .
3284 5791 3362 5849 43

2102 5529 2215 5603 (59)
2264 5528 2412 5603 Quae
2432 5526 2526 5603 hic
2578 5527 2649 5603 de
2678 5527 3267 5603 daemonibuspauca
3317 5526 3676 5595 delibantur,
