4054 6390
503 421 658 481 1355

1827 393 2136 466 Nisam
2171 381 2604 464 CHDNIA’l‘jE

502 551 734 625 generis
767 549 938 620 aquis
974 565 986 602 :
1046 547 1196 602 ritus
1228 547 1427 601 autem
1461 533 1517 598 et
1551 539 2002 625 incantationes,
2037 553 2163 611 quae
2196 537 2249 603 Α

3704 403 3814 468 i356

2915 531 3072 590 CAP.
3105 533 3288 590 XLIII.

505 616 556 698 ei
606 616 981 709 adhibentur,
1045 651 1258 706 aquam
1306 639 1498 705 aptam
1555 636 1612 687 et
1650 616 2119 685 accommodata:

2267 628 2708 712 Quadragesima
2734 639 2897 697 tertia
2926 639 3183 706 harcsis,
3214 639 3724 708 Parermencutarum,
3747 643 3816 700 hoc

501 727 774 796 reddunt,
803 744 932 800 quas
958 724 1284 795 malignum
1310 721 1577 794 spiritum
1611 717 1846 775 oracula
1875 717 2150 772 daturum

501 817 768 888 excipiat.
826 813 943 870 Hoc
976 815 1166 868 autem
1204 810 1557 866 daemonium
1592 803 1838 864 formam
1890 805 2065 860 habet
2097 808 2154 858 et

501 911 799 960 terrenum
883 908 995 971 est,
1079 899 1472 956 invocantium
1552 896 1738 967 pactis
1808 889 2150 966 acquiescit.

501 995 885 1065 Posteaquam
911 1007 1038 1047 vero
1065 991 1125 1045 in
1149 1005 1363 1061 aquam
1390 978 1680 1051 inciderit,
1714 981 1902 1057 primo
1928 983 2149 1054 impetu

2262 723 2337 770 est
2385 711 2577 769 eorum
2627 717 2723 785 qui
2781 729 3031 784 perverse
3084 711 3388 783 Scriptura:
3433 711 3814 784 interpretantur,

2333 821 2810 876 Parermeneutae
2841 817 3112 891 quzedam
3149 833 3434 874 sacrarum
3463 819 3814 890 Scripturarum

2263 909 2504 974 Veteris,
2539 905 2778 980 inquam
2813 913 2869 963 et
2916 904 3058 962 Novi
3111 907 3476 974 Testamenti,
3509 907 3671 978 capita
3714 924 3814 978 per-

2263 1015 2458 1069 peram
2515 997 2988 1067 interpretantes,
3033 999 3090 1052 et
3120 993 3191 1052 ad
3221 1013 3451 1068 scopum
3492 993 3590 1051 sibi
3620 996 3811 1066 peculia-

503 1099 715 1139 εοηυω
767 1081 1085 1152 quemdam
1139 1075 1456 1135 Obscurum
1507 1076 1670 1130 edit:
1727 1073 1938 1129 deinde
1997 1085 2152 1143 aqua
2261 1103 2381 1142 rem
2415 1075 2810 1152 traducentes,
2853 1091 3032 1158 atque
3081 1087 3221 1142 adeo
3253 1102 3364 1140 non
3397 1085 3514 1140 sine
3565 1084 3813 1156 pertinacia

501 1168 840 1239 ﬂuctuante,
875 1169 1140 1224 obscuris
1173 1165 1442 1238 quaedam
1473 1171 1646 1220 voces
1692 1162 2151 1217 immurmuran-

497 1261 614 1328 tur,
647 1260 861 1332 quibus
893 1257 1072 1314 futuri
1117 1255 1396 1329 praanotio
1435 1250 1752 1326 colligitur.

573 1350 907 1406 Daemonum
944 1353 1115 1420 porro
1154 1346 1250 1401 alii
1303 1339 1538 1416 quidem
1583 1339 1928 1398 substantia)
1969 1345 2145 1395 acrem

495 1443 634 1498 sunt
694 1437 1025 1510 participes,
1087 1435 1185 1492 alii
1233 1443 1369 1491 vero
1426 1434 1640 1490 terreni
1699 1437 1858 1498 sunt,
1918 1438 1974 1486 et
2035 1429 2146 1486 levi

497 1532 751 1604 quadam
777 1527 1220 1602 reperCussione
1251 1525 1429 1583 tactui
1464 1523 1766 1580 resistunt.

570 1618 920 1693 Porphyrius
968 1626 1120 1674 certe
1173 1633 1236 1673 se
1277 1615 1338 1671 in
1396 1609 1740 1685 hujusmodi
1795 1610 2144 1668 daemoniaca

495 1725 738 1782 corpora
787 1709 940 1780 apud
997 1707 1243 1762 Eluscos
1299 1703 1578 1760 incidisse
1635 1697 1906 1768 testatur,
1967 1705 2144 1772 atque

497 1799 610 1854 alia
657 1797 893 1869 quiiem
926 1794 1125 1850 lucida
1176 1793 1407 1860 vidisse,
1443 1786 1555 1848 alia
1583 1807 1716 1846 vero
1757 1789 2044 1861 tetigisse,
2075 1801 2144 1844 ea

498 1886 774 1941 nimirum
825 1896 952 1956 qua
992 1881 1332 1938 duriuscula
1383 1881 1602 1948 essent,
1654 1879 1955 1950 tactuique
1996 1875 2142 1933 resi-

497 1977 672 2028 stent.
737 1971 912 2028 Addit
957 1973 1198 2042 insuper
1253 1982 1367 2025 non
1420 1969 1619 2024 omnia
1677 1969 1928 2022 rotunda
1988 1981 2138 2032 esse,

494 2078 694 2118 verum
730 2061 1008 2132 pleraque
1037 2059 1312 2131 oblonga,
1345 2055 1629 2114 nonnulla
1659 2059 1830 2113 etiam
1876 2055 2136 2112 rh0m2.is

490 2149 830 2222 persimilis.
866 2149 1074 2214 Qualia
1103 2149 1258 2205 enim
1291 2165 1535 2220 corpora
1563 2152 1724 2217 sunt,
1757 2147 1971 2216 inquit,
2006 2147 2136 2218 qui-

490 2241 602 2295 bus
633 2240 1092 2312 conjunguntur,
1129 2255 1197 2294 ea
1227 2235 1402 2294 talem
1461 2239 1694 2308 quoque
1726 2245 1991 2292 naturam
2026 2245 2132 2292 su-

488 2328 613 2384 bire
636 2329 844 2384 solent.

487 2437 765 2492 Hactenus
809 2435 1088 2508 appendix
1126 2451 1188 2508 il.
1220 2434 1342 2490 Jam
1389 2431 1594 2488 transit
1632 2429 1702 2488 ad
1743 2429 1994 2506 μαντείαν
2039 2448 2134 2488 seu

1105 2505 1524 2563 divinationem.

555 2617 838 2670 Ceterum
876 2611 1120 2686 μαντεία,
1171 2611 1280 2669 hoc
1334 2617 1423 2668 est
1453 2611 1757 2680 divinatio,
1791 2627 1922 2667 cum
1957 2627 2130 2684 gene-

483 2702 657 2758 ralior
713 2704 1147 2774 quodammodo
1204 2703 1302 2771 sit,
1364 2701 1576 2774 partim
1627 2700 2127 2757 incantationibus

480 2792 828 2861 cohaerebat,
861 2793 1074 2864 partim
1107 2793 1180 2847 ab
1229 2789 1348 2848 illis
1379 2787 1790 2862 discrepabat:
1823 2790 1880 2845 et
1911 2805 2012 2862 per
2043 2807 2130 2845 se-

478 2880 668 2952 ipsam
705 2881 978 2953 privatim
1005 2882 1076 2936 ab
1105 2880 1304 2951 impiis
1337 2879 1798 2952 perpetrabaturt

549 2971 597 3024 1.
631 2970 766 3034 Quae
796 2970 950 3026 enim
989 2985 1089 3040 per
1114 2967 1415 3040 ἀνατομήν,
1453 2969 1558 3023 hoc
1587 2973 1678 3023 est
1709 2968 2119 3024 dissectionem

471 3057 866 3124 victimarum,
917 3063 976 3114 et
1007 3075 1108 3130 per
1138 3058 1484 3114 animalium
1533 3057 1930 3126 siderationis,
1961 3063 2124 3113 exto-

472 3163 725 3220 rumque
739 3146 1596 3219 contraetionisinspectionem
1623 3147 1946 3218 peragitur:
1970 3159 2121 3218 quaa-

471 3254 588 3309 que
608 3254 674 3292 os
698 3237 842 3292 illud
869 3239 1026 3309 quod
1053 3232 1422 3307 ὠμοπλάτην,
1455 3235 1564 3291 hoc
1590 3240 1678 3290 est
1697 3241 1964 3306 opertum
1997 3250 2119 3291 sco-

471 3325 728 3396 ptulum,
789 3325 1001 3380 medici
1058 3331 1284 3392 vocant,
1319 3328 1452 3395 post
1511 3324 1638 3393 ejus
1696 3324 2116 3392 decoctionem,

469 3412 1041 3484 caruncularumque
1073 3413 1497 3469 detractionem
1529 3413 1808 3468 attentius
1840 3413 2074 3485 inspicit
2102 3431 2115 3470 :

469 3500 865 3557 incantatione
923 3501 1086 3558 nullo
1131 3505 1304 3558 modo
1361 3503 1566 3571 utitur,
1615 3502 1716 3560 sed
1758 3504 2112 3575 quibusdam

467 3591 830 3659 argumentis
873 3593 1138 3648 futurum
1169 3593 1468 3651 ariolatiir.

533 3683 588 3737 2.
620 3683 754 3744 Qua
786 3697 922 3738 vero
955 3683 1211 3741 vasculis
1243 3699 1399 3756 aqua
1429 3699 1663 3740 comosa
1696 3699 1800 3756 per
1833 3683 2110 3740 feminam

461 3769 742 3840 virginem
777 3771 998 3827 nefarie
1047 3772 1192 3828 hora
1239 3773 1432 3830 noctis
1478 3774 1836 3845 intempesta
1876 3773 2113 3844 repletis

461 3859 734 3927 efﬁcitur,
769 3860 959 3932 iisque
1007 3863 1150 3918 adeo
1183 3862 1242 3917 in
1294 3862 1461 3933 locis,
1494 3876 1620 3935 qua
1651 3879 1686 3918 a
1733 3863 1948 3919 divinis
1980 3877 2110 3918 ora-

465 3945 634 4002 toriis
682 3947 908 4015 dissita,
951 3953 1009 4005 et
1048 3952 1122 4006 ab
1153 3951 1459 4007 hominum
1518 3959 1832 4024 conspectu
1889 3955 2114 4007 remota

467 4035 606 4103 sint,
639 4052 707 4092 ea
759 4039 1194 4109 conjurationes
1243 4045 1302 4094 et
1331 4040 1725 4096 invocationes
1776 4041 2110 4096 daemonum

466 4124 590 4180 suis
612 4126 816 4196 epodis
846 4128 1168 4184 introducit
1201 4145 1214 4186 :
1249 4143 1394 4200 quas
1417 4129 1656 4200 quidem
1684 4130 2112 4186 incantationes

463 4212 780 4283 aliquando
797 4215 1270 4272 suaveolentibus
1302 4218 1664 4272 aromatibus
1689 4217 1970 4274 adhibitis
2002 4219 2109 4274 im-

459 4303 932 4371 murmurabant,
965 4303 1282 4376 aliquando
1315 4307 1493 4360 etiam
1529 4306 1787 4362 humano
1821 4308 2110 4372 sanguine

459 4389 677 4458 infuso,
710 4391 797 4445 vel
821 4391 1097 4464 jugulata
1123 4394 1368 4466 virgine,
1402 4409 1533 4466 quae
1554 4411 1764 4467 aquam
1790 4395 2108 4466 infuderat,

457 4477 549 4532 vel
580 4477 695 4534 alia
724 4481 927 4548 quavis
972 4482 1188 4553 puella,
1247 4485 1619 4555 peragebant.
1683 4485 1860 4558 Porro
1898 4479 2108 4558 hujus-

459 4567 616 4622 modi
675 4571 927 4626 obscena
959 4571 1018 4626 in
1054 4569 1253 4628 lustris
1297 4574 1544 4629 foratum
1597 4576 2103 4646 perpetrabantur,

455 4675 572 4714 non
605 4660 732 4716 sine
789 4661 1083 4720 fovearnm
1143 4663 1514 4731 suifossione,
1558 4667 1774 4737 quibus
1823 4667 1913 4722 lac
1971 4683 2101 4722 cum
2140 4651 2182 4714 Π

453 4747 628 4804 melle
659 4751 1068 4808 infundebant.

523 4836 576 4890 3.
610 4837 895 4895 Triviales
929 4846 1124 4897 autem
1157 4843 1573 4909 divinationes,
1599 4861 1724 4914 quae
1747 4845 1801 4898 in
1835 4845 2021 4900 triviis
2047 4850 2103 4901 et

451 4927 735 4996 compotis
754 4928 1060 4999 fiebant,et
1081 4948 1288 5004 eaquae
1325 4933 1535 5004 priscis
1567 4931 2101 5010 temporibusabéy-

449 5011 860 5087 γαστριμύθοις,
896 5018 1004 5074 hoc
1057 5025 1148 5076 est
1177 5021 1588 5093 ventriloquis,
1624 5025 2094 5095 peragebantur:

449 5117 555 5157 nec
577 5118 693 5160 non
721 5107 975 5165 amuleta
1003 5107 1124 5178 illa,
1155 5126 1282 5181 qua:
1317 5108 1389 5167 de
1420 5115 1671 5182 pectore,
1699 5113 1805 5166 aiis
1837 5118 1895 5168 et
1924 5112 2093 5184 collo,

443 5189 888 5265 dependebant;
923 5205 1096 5268 atque
1145 5197 1288 5256 adeo
1321 5200 1712 5272 imagunculae
1753 5199 1863 5258 illis
1913 5219 2088 5260 cerea

439 5277 512 5334 ad
551 5279 860 5340 hominum
907 5285 1151 5342 formam
1204 5287 1425 5354 efﬁctas,
1488 5307 1637 5362 quas
1694 5291 1873 5348 clavis
1907 5293 2088 5348 utrin-

439 5384 552 5440 que
611 5374 876 5444 trajicere
931 5373 1216 5444 solebant,
1271 5378 1475 5448 epodis
1535 5381 1962 5437 innitebantur.
2007 5383 2090 5440 Ne

437 5457 670 5530 singula
727 5478 1087 5534 percurram,
1130 5480 1258 5534 quae
1310 5483 1426 5522 non
1476 5473 1606 5526 actu
1661 5476 1891 5527 tantum
1925 5473 2088 5530 dete-

435 5547 666 5634 standa,
728 5549 1010 5622 nulloque
1071 5549 1243 5606 modo
1318 5557 1624 5625 agentibus
1688 5552 2086 5618 conducibilia

433 5635 592 5720 sunt,
627 5640 728 5694 sed
762 5640 934 5696 etiam
971 5654 1163 5704 aures,
1190 5639 1474 5713 linguam,
1509 5653 1787 5720 mentem,
1822 5656 1877 5704 et
1909 5649 2081 5706 intel-

429 5714 646 5781 lectum
679 5725 1050 5780 narrantium
1086 5743 1190 5781 sua
1239 5730 1490 5788 t‘cnditate
1521 5714 1933 5807 conspur'cant.

2257 1177 2329 1231 de
2360 1174 2656 1247 plerisque
2686 1171 3237 1246 interpretationum
3287 1187 3475 1229 earum
3529 1173 3812 1228 contenden-

2257 1273 2364 1334 tes,
2422 1281 2571 1335 quas
2615 1265 2708 1318 vix
2741 1263 3003 1320 humana
3060 1275 3228 1320 mens
3283 1261 3505 1332 assequi
3535 1261 3813 1333 cogitatione

2258 1355 2461 1426 possit,
2492 1353 2794 1410 idiotismo
2825 1355 3022 1410 nescio
3055 1370 3193 1424 quo,
3225 1362 3279 1408 et
3309 1351 3632 1416 temeritate,
3657 1351 3810 1406 animi-

2257 1461 2369 1516 que
2389 1438 2739 1516 impotentia
2763 1443 3121 1509 laborantes,
3137 1443 3524 1498 haereticorum
3548 1441 3812 1509 dogmatum

2256 1532 2542 1590 nonnulla
2591 1532 2938 1588 confirmare
2996 1533 3237 1600 audent,
3295 1531 3606 1602 ignorantes
3635 1529 3810 1584 interim

2253 1623 2392 1695 quid
2427 1623 2760 1694 designent.

2565 1731 2840 1787 Haercseo:
2868 1731 3236 1801 praecedentis
3261 1728 3568 1799 con/utalia.

2322 1837 2666 1909 Quicunque
2694 1837 2762 1892 ad
2787 1837 3228 1892 conteneionem
3261 1841 3318 1891 et
3345 1833 3690 1892 ambitionem
3712 1847 3809 1903 pro-

2169 1916 2216 1978 B
2247 1925 2410 1982 clivis
2423 1929 2531 1993 est,
2546 1941 2679 1982 eum
2695 1941 2808 1982 non
2826 1926 3042 1997 injuria
3061 1921 3256 1982 cuncti
3271 1925 3400 1981 odio
3427 1927 3804 1998 prosequuntur.

2249 2015 2470 2071 Vitium
2497 2015 2652 2070 enim
2683 2026 2799 2086 quo
2850 2013 3094 2082 laborat,
3128 2014 3426 2071 diabolicte
3472 2012 3650 2084 procul
3680 2009 3810 2065 dubio

2247 2105 2544 2161 dementias
2557 2107 2796 2160 morbus
2808 2109 2913 2160 est.
2926 2104 3137 2161 Multos
3155 2103 3508 2178 ergolongad
3521 2104 3592 2157 ies
3608 2099 3808 2173 protulit,

2247 2195 2346 2266 qui
2362 2206 2477 2250 non
2496 2198 2726 2250 tantum
2745 2195 2817 2249 de
2839 2208 2900 2250 re
2921 2194 3031 2250 sibi
3057 2207 3292 2265 prorsus
3314 2193 3372 2248 in
3403 2191 3616 2262 cognita
3639 2196 3812 2244 centen-

2245 2285 2468 2354 derent,
2489 2285 2589 2340 sed
2612 2284 2806 2355 atqui,
2829 2283 3062 2340 tametsi
3083 2285 3465 2356 quaestionem
3498 2283 3553 2338 in
3577 2277 3810 2336 censuitc-

2243 2375 2401 2431 tione
2432 2376 2682 2446 positam
2706 2375 2781 2430 ad
2809 2383 3163 2446 germanum
3191 2381 3428 2432 sensum
3451 2378 3686 2429 revocare
3712 2383 3810 2442 pos-

2243 2467 2395 2531 sent,
2429 2473 2554 2520 eam
2573 2467 2768 2519 tamen
2792 2463 2850 2518 in
2872 2465 3238 2520 contrarium
3262 2463 3418 2520 velut
3432 2479 3496 2518 ex
3519 2461 3736 2534 professo
3751 2470 3811 2511 ra-

2241 2561 2462 2628 perent,
2485 2569 2551 2609 ac
2581 2552 2628 2608 si
2661 2557 2954 2620 caverent,-
2982 2569 3055 2610 ne
3079 2553 3139 2609 in
3160 2549 3810 2611 oontradictoriaincurre-

2239 2649 2384 2700 rent.
2403 2647 2478 2697 Ex
2491 2657 2608 2713 quo
2621 2641 2831 2711 evenit,
2848 2641 3334 2714 utplerique,quo
3347 2640 3658 2698 sententiam
3684 2649 3808 2690 suam

2237 2733 2468 2789 facilius
2481 2732 2904 2799 astruerent,in
2921 2742 3224 2803 perversos
3236 2735 3556 2794 dogmatum
3578 2728 3809 2784 anfractus

2237 2821 2493 2896 prolapsi
2550 2820 2786 2890 fuerint,
2827 2821 2969 2875 dum
3019 2821 3360 2892 petulanter
3415 2819 3671 2876 insultare
3713 2820 3808 2877 Deo,

2236 2928 2412 2986 quam
2437 2914 2504 2968 de
2517 2911 2804 2968 sententia
2826 2927 2934 2966 sua
2951 2911 3282 2982 quidquam
3298 2912 3608 2967 diminuerc
3623 2903 3808 2967 malunt,

2235 3008 2300 3059 ut
2330 3000 2600 3058 Manuale
2627 2999 2924 3056 Gomncno
2955 2999 3292 3072 imperante
3335 2999 3557 3057 accidit.

2304 3091 2450 3146 Cum
2494 3089 2651 3145 enim
2683 3089 2898 3160 dogma
2950 3093 3180 3144 motum
3236 3096 3392 3146 esset
3418 3103 3584 3162 super
3611 3085 3688 3140 bis
3717 3095 3809 3137 ver-

2231 3183 2362 3240 bis:
2394 3181 2478 3236 Tu
2510 3190 2572 3235 es
2603 3178 2704 3249 qui
2749 3179 2942 3248 offers,
2978 3181 3034 3234 et
3063 3179 3164 3250 qui
3199 3180 3452 3246 od’erris,
3495 3180 3698 3236 illorum
3737 3175 3808 3247 qui

2159 3285 2200 3350 C
2233 3278 2377 3329 tunc
2407 3269 2561 3325 docti
2583 3267 2951 3324 habebantur
2969 3268 3382 3340 duo(quorum
3408 3270 3630 3326 nomine
3648 3268 3811 3322 nonest

2223 3363 2378 3442 quod
2430 3354 2746 3434 proferam)
2803 3359 2863 3414 in
2910 3360 3203 3416 diversam
3267 3361 3342 3417 ab
3385 3359 3696 3419 orthodoxis
3719 3371 3808 3412 sen-

2222 3457 2459 3516 tentiam
2517 3453 2750 3516 euntes,
2783 3457 2850 3504 ac
2883 3449 2929 3504 si
2975 3450 3142 3506 Patre
3191 3451 3438 3508 interior
3491 3451 3656 3506 Filius
3695 3447 3808 3502 esset

2221 3549 2307 3607 eis
2329 3541 2826 3604 contradixerunt,-
2852 3539 3213 3610 tandemque
3236 3541 3310 3598 de
3330 3541 3542 3613 gradus
3565 3533 3805 3611 dignitatis

2218 3631 2621 3697 ecclesiasticae
2649 3629 2858 3701 deje‘eti
2889 3634 3051 3684 sunt.
3092 3629 3242 3686 Cum
3285 3641 3475 3689 autem
3502 3627 3806 3688 anathemate

2219 3731 2454 3799 buoque
2481 3721 2726 3794 jamJam
2761 3734 2865 3791 pro
2899 3719 3176 3776 tribunali
3213 3722 3457 3778 feriendi
3495 3721 3688 3784 essent,
3715 3729 3810 3769 sen-

2218 3817 2432 3876 tentias
2454 3828 2592 3868 suas
2623 3811 2716 3866 vix
2737 3809 3168 3882 improbarunt,
3187 3810 3246 3866 id
3274 3811 3520 3874 causati.
3545 3825 3601 3864 se
3621 3803 3804 3878 quidem

2218 3905 2332 3965 sibi
2363 3901 2509 3960 satis
2542 3915 2672 3955 esse
2701 3899 2989 3967 conscios,
3033 3913 3210 3971 quam
3247 3904 3611 3958 dissentanea
3639 3917 3666 3957 s
3693 3897 3806 3954 recto

2217 3989 2745 4052 scelestastieornm
2769 3988 3112 4056 dogmatum
3138 4003 3320 4048 sensu
3344 3991 3722 4054 eii'utivissent,
3740 4000 3805 4038 ve-

2217 4098 2350 4138 rum
2399 4079 2666 4139 dedecori
2723 4086 2782 4136 et
2825 4081 3075 4138 infamiae
3129 4078 3241 4139 hoc
3295 4083 3664 4146 ascribentes,
3693 4075 3730 4133 si
3761 4086 3811 4128 ex

2217 4171 2600 4250 ponitudine,
2661 4181 2718 4233 et
2767 4177 3048 4249 tanquam
3109 4175 3450 4250 disciplina,
3482 4174 3810 4245 «δίψει-θυμω

2216 4279 2340 4340 quis
2373 4265 2556 4322 semel
2613 4271 3006 4337 asseruerant,
3067 4265 3399 4337 quamlibet
3447 4261 3618 4320 stulta
3660 4262 3708 4312 et
3743 4252 3814 4348 ab:

2215 4353 2395 4414 surda
2442 4357 2742 4429 dogmata,
2784 4358 3080 4414 mordicus
3139 4357 3476 4413 tuebantur.
3525 4340 3810 4420 Cujusmodi

2213 4449 2368 4504 certe
2395 4447 2624 4504 facinus
2683 4448 2979 4504 dementia
3010 4453 3126 4503 non
3161 4451 3344 4516 caret,
3405 4459 3522 4516 quo
3585 4435 3812 4494 nimirum

2213 4543 2506 4593 contentio
2547 4555 2662 4593 non
2711 4538 2865 4592 bona
2909 4537 2970 4592 in
3028 4539 3226 4601 rebus,
3284 4546 3420 4608 qna:
3469 4547 3578 4587 non
3635 4524 3809 4582 decent,

2213 4631 2533 4682 exercetur.
2568 4623 2785 4698 Majore
2817 4641 2990 4698 porro
3023 4626 3318 4682 dementia
3375 4629 3498 4678 tum
3545 4615 3811 4698 laboratur.

2214 4731 2344 4774 cum
2377 4720 2509 4788 quis
2533 4697 2866 4773 divinarum
2898 4723 3095 4773 rerum
3139 4716 3366 4789 peritis,
3399 4728 3464 4768 ea
3489 4697 3811 4789 duntaxat

2214 4785 2472 4864 medium
2506 4805 2908 4877 efferentibus,
2950 4815 3077 4879 quae
3130 4785 3162 4862 ἆ
3193 4803 3424 4876 Spiritu
3457 4804 3652 4857 sancto
3697 4785 3812 4846 didi-

2210 4901 2438 4966 cerunt,
2475 4895 2650 4952 ﬁdem
2699 4913 2812 4954 non
2867 4899 3063 4968 habet,
3115 4895 3219 4952 sed
3267 4889 3535 4967 Opinioni
3583 4885 3649 4943 ab
3686 4881 3816 4972 4530f”

2209 4987 2396 5044 rantis
2428 4985 2698 5059 profectae
2745 4987 3102 5060 pertinacius
3153 4985 3445 5042 inhaeret:
3493 4976 3658 5050 atque
3684 4970 3750 5024 ita
3773 4970 3815 5060 in

2205 5049 2554 5148 perditionis
2614 5049 2958 5134 barathrum
3011 5075 3192 5131 fracta
3223 5071 3451 5129 cervice
3485 5073 3722 5141 praeceps
3747 5049 3813 5108 αι·

2202 5171 2293 5222 tro
2327 5163 2706 5238 provolvitur.

2835 5257 2994 5314 CAP.
3021 5255 3222 5312 XLIV.

2308 5363 2750 5435 Quadragesima
2781 5367 2992 5436 quarta
3033 5362 3290 5430 haeresis,
3320 5354 3735 5414 Metitianortmt.

2267 5472 2706 5544 Antesignanus
2738 5472 2949 5528 horum
2989 5469 3226 5526 Melitus
3258 5467 3374 5523 fuit
3447 5456 3686 5520 civitatis
3738 5450 3814 5516 ιγ-

2196 5577 2303 5619 con
2362 5561 2421 5616 in
2481 5561 2749 5635 tEgypto,
2802 5561 2914 5618 sub
2945 5553 3327 5617 Alexandrini
3387 5569 3552 5629 papa
3609 5544 3814 5635 dztionc,

2193 5622 2681 5723 episcopustwita
2735 5622 2962 5719 tamen,
3008 5657 3076 5706 ut
3129 5622 3406 5713 ceteris;
3444 5622 3712 5712 tanquam
3762 5622 3816 5678 ab

2191 5741 2580 5798 Alexandrino
2641 5758 2795 5814 papa
2849 5741 3168 5806 secundus,
3231 5735 3460 5793 anteire
3539 5723 3812 5787 videretur-
