4054 6392
241 448 397 511 1357

1586 428 1980 508 THE'SAUHI
2017 427 2169 507 ine.
2218 432 2316 509 1v.

3507 440 3666 516 i358

238 586 555 643 Grassante
602 599 770 654 porro
820 582 1219 654 persecutione
1270 578 1379 637 sub
1434 578 1790 636 DiOcletia‘no
1841 578 1895 635 et
1924 568 1977 648 Α
2008 590 2105 636 cro
2141 578 2378 639 inuitare
2411 580 2752 656 fungantur,
2787 588 3075 642 secundas
3109 591 3304 644 tamen
3339 590 3410 644 ab
3440 589 3558 646 illis
3586 596 3665 647 te-

238 674 606 737 Maximiano,
656 672 749 726 hic
793 687 1026 743 quoque
1076 688 1192 726 una
1246 687 1374 725 cum
1428 676 1594 724 sacro
1645 674 1898 742 martyre

239 766 408 820 Petro
440 768 496 819 et
529 763 658 818 aliis
690 764 1043 831 quibusdam
1077 761 1538 832 comprehensus
1568 766 1678 816 est.

302 854 384 908 Ad
413 854 518 907 hos
582 856 775 908 autem
806 852 1137 907 carceribus
1169 852 1495 905 etiamnum
1550 850 1817 904 detentos
1866 865 1897 903 e

236 942 467 997 clericis
502 940 787 1006 nonnulli,
822 941 921 1011 qui
961 939 1382 1011 persecutionis
1432 940 1694 1010 tempore
1744 937 1893 1008 lapsi

234 1031 728 1095 sacriﬁcaverant,
761 1047 821 1083 se
855 1028 1248 1093 contulerunt,
1285 1033 1545 1099 petentes
1579 1032 1641 1081 u‘t
1670 1028 1738 1081 ad
1801 1043 1891 1081 sa-

231 1118 371 1173 lulls
404 1118 558 1173 viam
584 1119 952 1189 paenitudine
984 1119 1209 1189 regredi
1234 1118 1346 1172 sibi
1378 1117 1601 1172 liceret.
1637 1115 1892 1170 Melitius

231 1209 452 1279 itaque,
485 1208 686 1272 Pelus,
718 1214 775 1262 et
805 1208 1026 1277 aliquot
1065 1207 1182 1272 alii,
1212 1208 1377 1261 nefas
1419 1223 1547 1261 esse
1596 1204 1890 1272 dicebant,

233 1304 298 1352 ut
333 1298 434 1368 qui
467 1298 538 1352 ad
571 1303 895 1353 extremum
939 1312 1127 1367 usque
1176 1312 1290 1350 non
1339 1295 1741 1361 dimicassent,
1788 1294 1890 1348 sed

231 1387 628 1458 persecutioni
688 1386 1138 1440 succumbentes
1218 1384 1671 1449 sacrificassen‘t,
1750 1386 1891 1436 tunc

228 1476 512 1546 temporis
548 1474 1021 1529 admitterentur.
1058 1473 1218 1536 Quod
1248 1474 1297 1527 si
1342 1472 1747 1542 persecutione
1796 1486 1886 1526 se-

230 1566 368 1621 data
438 1565 695 1620 fructum
760 1563 1103 1634 pcenitentia
1174 1561 1416 1629 dignum
1492 1562 1888 1625 ostenderent,

226 1659 370 1710 tunc
400 1658 457 1708 et
485 1651 886 1708 ecclesiastico
919 1652 1117 1718 cmtui,
1152 1654 1211 1705 at
1272 1660 1384 1704 nun
1438 1649 1574 1704 item
1623 1649 1891 1720 pristinis

226 1744 571 1815 honoribus,
641 1742 1114 1797 restituerentur.
1192 1739 1617 1796 Sanctissimus
1689 1742 1893 1794 centra

227 1839 456 1897 Petrus,
496 1839 559 1888 ut
592 1833 695 1902 qui
740 1832 811 1887 ad
869 1830 1333 1885 misericordiam
1377 1832 1586 1882 natura
1641 1842 1890 1900 propen-

2006 674 2200 732 neant,
2261 688 2408 743 quos
2464 673 2789 728 Alexander
2859 674 3218 730 initiaverit:
3282 684 3334 731 et
3395 694 3465 732 ne
3522 677 3674 734 ullos

2003 758 2258 826 initient,
2293 760 2435 815 iisve
2468 762 2814 817 clericorum
2852 765 3089 819 nomina
3123 765 3463 835 subjiciant,
3503 766 3674 822 deni-

2004 854 2118 919 ‘qne
2149 848 2295 903 nihil
2327 851 2652 922 quidquam
2686 852 2745 906 in
2776 852 2936 908 hisce
2961 854 3136 909 rebus
3162 858 3474 912 attentent.
3503 857 3667 919 Quod

2003 937 2051 994 si
2087 939 2185 1009 qui
2222 939 2693 997 illorumevivis
2752 948 3040 1011 excerant,
3103 949 3245 998 tunc
3308 945 3364 999 hi
3427 947 3500 1001 ad
3565 946 3667 1002 de-

2001 1028 2332 1083 functorum
2392 1030 2669 1085 honorem
2712 1031 3126 1102 provehantur.

2073 1125 2177 1179 His
2208 1125 2365 1181 hunc
2400 1126 2458 1181 in
2493 1129 2731 1183 modum
2765 1129 3047 1195 definitis,
3081 1130 3338 1186 Melitius
3392 1133 3665 1202 quidem,

2004 1219 2065 1268 ut
2098 1216 2177 1270 ait
2206 1215 2613 1281 Theodoritus,
2639 1217 2782 1272 nihil
2809 1218 3128 1286 innoVavit,
3159 1218 3217 1275 at
3240 1236 3309 1274 ex
3331 1218 3460 1290 ejus
3483 1222 3661 1278 disci-

2002 1303 2152 1374 pulis
2188 1305 2476 1371 nonnulli,
2516 1324 2650 1363 cum
2683 1308 2953 1363 haeresim
2977 1298 3251 1364 Arianam
3277 1311 3662 1368 asubsecutis

2000 1392 2454 1464 imperatoribus
2487 1397 2892 1453 confirmatam
2934 1397 3222 1464 viderent,
3256 1399 3329 1453 ad
3378 1417 3505 1454 eam
3559 1401 3657 1455 de«

1999 1481 2304 1551 ﬂexerunt,
2341 1484 2437 1539 alii
2471 1501 2603 1539 cum
2659 1502 2760 1556 pro
2808 1484 3053 1542 libidine
3097 1487 3278 1543 vitam
3329 1488 3658 1556 instituere,

2000 1572 2104 1625 nec
2137 1573 2266 1627 aliis
2299 1573 2513 1644 subjici
2544 1572 2779 1643 vellent,
2814 1593 3045 1631 onmem
3080 1577 3319 1633 omnino
3366 1594 3499 1634 cum
3551 1580 3657 1635 Ee-

2000 1659 2169 1715 clesis
2201 1676 2552 1718 consensum
2601 1664 3113 1722 detractaverunt:
3165 1670 3221 1722 et
3270 1671 3553 1738 tanquam
3609 1668 3659 1724 si

1999 1750 2119 1805 suis
2151 1750 2382 1824 legibus
2410 1752 2670 1808 viverent
2703 1753 2949 1809 ridicula
2979 1758 3270 1826 quaedam,
3305 1756 3508 1828 qualia
3524 1763 3661 1813 sunt

2000 1839 2141 1908 haec,
2204 1841 2464 1913 quotidie
2505 1860 2719 1915 corpus
2787 1861 2938 1915 aqua
3015 1838 3301 1915 proluere,
3372 1862 3657 1902 manuum

224 1936 331 1979 sus
374 1926 551 1990 esset,
609 1921 699 1976 his
744 1925 1166 1990 commarlyres
1218 1917 1343 1972 suis
1388 1916 1580 1972 verbis
1626 1917 1882 1971 obtesta-
1917 1944 1964 2010 Β
1999 1927 2206 1998 plausu
2242 1931 2616 2002 quadamque
2676 1929 2987 1987 sanatione
3041 1933 3290 2004 hymnos
3344 1932 3657 1999 ωοάυιειιέί,

223 2012 443 2068 batur:

296 2114 427 2177 Eos,
462 2126 494 2166 ο
527 2112 755 2178 fratres,
818 2107 1295 2181 quandoquidem
1358 2104 1721 2178 paenitudine
1771 2104 1881 2159 du-

224 2206 463 2266 cuntur,
497 2201 880 2256 admittamus
913 2215 1018 2253 nec
1049 2196 1219 2253 cleris
1254 2196 1380 2250 suis
1433 2193 1761 2266 spoliemus,
1808 2200 1880 2249 ne

223 2293 412 2364 pudor
442 2289 675 2345 tandem
724 2292 782 2343 et
828 2285 1155 2358 desperatio
1204 2282 1334 2340 illos
1386 2284 1470 2340 ita
1517 2296 1878 2339 transversos

220 2381 294 2436 ad
332 2381 529 2451 pejora
562 2376 770 2449 rapiat,
799 2383 863 2432 ut
896 2376 1125 2431 nullum
1159 2374 1367 2430 salutis
1400 2373 1725 2430 remedium
1778 2389 1877 2428 su-

218 2467 428 2540 persit.
490 2468 673 2539 lgitur
730 2468 913 2524 oratio
972 2469 1126 2522 Petri
1187 2466 1259 2521 ad
1319 2462 1775 2521 misericordiam
1823 2468 1880 2518 et

218 2556 680 2625 humanitatem,
716 2555 922 2615 Melitii
953 2572 1087 2611 vero
1118 2558 1173 2609 et
1222 2559 1564 2611 ceeterorum
1607 2553 1676 2609 ad
1728 2551 1878 2608 invi-

213 2647 379 2703 diam
407 2652 462 2702 ct
493 2647 742 2716 rigorem
778 2645 1122 2701 inclinabat.

288 2746 434 2799 Cum
474 2745 670 2816 itaque
699 2743 830 2799 illos
863 2744 924 2797 Β.
959 2743 1164 2797 Petrus
1196 2758 1229 2797 a
1260 2742 1554 2796 sententia
1594 2757 1665 2796 ne
1691 2734 1873 2796 latum

209 2832 462 2904 quidem
504 2848 755 2903 unguem
788 2831 1090 2886 deﬂectere
1118 2828 1265 2885 velle
1293 2830 1535 2897 videret,
1574 2829 1763 2885 medio
1819 2829 1875 2884 in

209 2936 455 2977 carcere
510 2918 755 2975 lodicem
825 2935 928 2974 seu
989 2917 1257 2990 pallium,
1337 2917 1485 2989 septi
1564 2918 1896 2989 cujusdam,

206 3012 423 3074 instar,
449 3009 744 3079 expandit,
774 3009 1018 3063 diacono
1043 3006 1587 3078 proclamarejusso
1616 3022 1630 3062 :
1660 3006 1879 3071 Quibus

209 3115 354 3154 mea
385 3096 673 3151 sententia
705 3097 941 3165 arridet,
986 3095 1024 3150 ii
1075 3097 1145 3152 ad
1203 3112 1293 3151 me
1342 3100 1671 3151 transeunt.
1725 3088 1877 3151 Tum

208 3205 355 3244 vero
389 3186 592 3257 paucis
651 3185 970 3241 admodum
1027 3186 1098 3241 ad
1153 3190 1385 3241 Petrum
1438 3182 1878 3241 transeuntibus

206 3276 446 3346 reliqua
476 3276 936 3347 episcorporum,
963 3273 1459 3347 presbyterorum,
1483 3279 1540 3330 et
1562 3276 1877 3330 monachci—
1911 3310 1953 3357 n-

209 3383 348 3422 rum
407 3365 718 3419 multitudo
776 3380 910 3419 cum
991 3356 1207 3419 Melltio
1276 3362 1511 3418 mansit.
1594 3360 1874 3420 Cmterhtll

208 3459 613 3526 posteaquam
669 3452 1048 3509 beatissimus
1093 3452 1302 3507 Petrus
1354 3448 1620 3523 martyrii
1668 3461 1882 3508 corona

204 3544 532 3601 redimitus
592 3546 703 3609 est,
763 3542 1010 3614 ejusque
1067 3542 1190 3597 sedi
1264 3534 1524 3596 Achillas
1597 3542 1878 3613 primum,

206 3633 437 3691 deinde
465 3632 794 3689 Alexander
825 3632 1127 3699 successit,
1188 3624 1444 3685 Melitius
1504 3620 1561 3686 et
1619 3630 1883 3702 plerique

200 3722 306 3780 alii
348 3718 795 3792 exsularejussi
830 3725 989 3777 sunt.
1024 3723 1087 3776 In
1121 3708 1371 3790 singulis
1394 3712 1591 3774 autem
1615 3718 1759 3775 locis
1781 3716 1883 3791 per

200 3828 345 3885 quae
385 3809 641 3866 Melitius
674 3824 807 3865 cum
842 3806 1252 3875 abduCeretur,
1300 3808 1411 3863 iter
1468 3806 1701 3875 laceret,
1763 3807 1879 3880 pri.

199 3898 389 3960 vatus
417 3899 707 3956 Ecclesiae
745 3901 1103 3967 exstruehat,
1155 3898 1600 3970 episcoposque,
1649 3901 1882 3970 presby-

200 3997 407 4058 teros,
459 3995 512 4044 et
572 3990 850 4044 diaconos
912 3989 1348 4043 constituebat:
1400 3987 1500 4057 qui
1553 3988 1878 4060 martyrum

204 4090 459 4155 quoque
488 4077 757 4133 Ecclesiae
790 4095 851 4134 se
886 4079 1142 4134 membra
1176 4078 1445 4149 professi,
1479 4093 1615 4133 cum
1657 4077 1729 4132 iis
1784 4094 1882 4134 ne-

206 4184 528 4247 quaquam
560 4168 1095 4232 communicabaut,
1129 4165 1229 4237 qui
1259 4160 1573 4222 Catiiblicis
1628 4184 1659 4221 a
1718 4167 1882 4223 Petro

206 4258 527 4318 stantibus
587 4257 857 4311 Ecclesiis
918 4261 1223 4326 praeerant.
1296 4254 1679 4326 Pesteaquam
1750 4270 1882 4313 vero

207 4345 559 4424 persecutio
592 4345 877 4411 desmviit,
910 4344 1134 4416 quique
1172 4345 1227 4398 in
1262 4343 1518 4398 metallis
1550 4349 1716 4399 erant
1739 4346 1884 4400 libe-

204 4441 329 4497 rati
368 4439 532 4502 sunt,
554 4432 808 4490 Melitius
828 4432 1243 4489 Alexandriam
1269 4432 1447 4499 venit,
1464 4431 1664 4505 ibique
1686 4449 1883 4504 quam-

200 4531 301 4586 vis
338 4528 406 4582 in
440 4526 552 4580 ﬁde
600 4524 748 4580 nihil
804 4521 1115 4593 innovans,
1168 4522 1453 4595 privatam
1512 4529 1703 4578 tamen
1750 4539 1881 4579 cum

201 4619 348 4678 suis
384 4616 632 4687 synaxin
666 4615 886 4670 faciens
921 4613 1157 4670 mansit.
1194 4620 1379 4684 Atque
1424 4611 1548 4667 haec
1600 4629 1669 4667 ex
1715 4613 1883 4669 beato

198 4705 551 4782 Epiphanio
585 4705 741 4759 dicta
771 4705 911 4759 sint.

282 4807 475 4863 Porro
526 4819 660 4858 cum
722 4802 780 4857 in
835 4818 1050 4874 magna
1097 4800 1197 4855 illa
1248 4799 1481 4855 Nicaena
1542 4800 1763 4872 synodo
1816 4802 1887 4856 de

199 4896 343 4955 Arii
387 4893 767 4964 dogmatibus
797 4892 1216 4963 inquireretur,
1252 4894 1316 4944 ut
1365 4906 1433 4945 ex
1481 4889 1743 4959 ejusdem
1794 4907 1888 4962 sy-

205 4985 364 5046 nodi
402 4985 469 5037 ad
501 4981 924 5036 Alexandrinos
957 4978 1214 5052 Epistola
1244 4982 1490 5045 constat,
1526 4996 1642 5033 una
1662 4982 1891 5035 eadem-

205 5094 333 5151 que
371 5090 551 5146 opera
582 5073 653 5127 de
682 5071 896 5127 Melitio
932 5070 1531 5143 quoqueinquisitum
1556 5075 1663 5125 est.
1699 5074 1890 5143 Atque

203 5162 581 5228 humanius,
615 5160 829 5230 inquit,
866 5166 1036 5214 mota
1071 5158 1293 5228 synodo
1345 5161 1506 5231 (nam
1556 5158 1605 5213 si
1657 5176 1889 5216 summo

194 5261 353 5332 jure
389 5251 630 5323 egisset,
688 5247 850 5305 nulla
907 5246 1166 5303 Melitius
1221 5247 1392 5305 venia
1449 5247 1663 5318 dignus
1725 5253 1890 5318 erat),

199 5349 429 5403 visum
462 5350 550 5396 est
582 5344 646 5395 ut
684 5338 781 5395 ille
813 5337 1009 5394 suain
1044 5337 1189 5392 urbe
1224 5340 1479 5403 maneat,
1513 5341 1570 5391 et
1599 5353 1670 5393 ne
1702 5338 1889 5394 ullum

199 5434 417 5496 sacris
449 5435 549 5486 aut
582 5429 799 5499 initiet,
833 5433 935 5485 aut
957 5427 1250 5497 instituat,
1282 5442 1423 5482 neve
1454 5427 1583 5496 ejus
1617 5428 1694 5483 rei
1756 5446 1891 5502 ergo

193 5530 318 5585 aut
356 5518 524 5575 domi
561 5524 662 5574 aut
696 5518 836 5574 foris
869 5520 1225 5587 compareat,
1260 5516 1360 5570 sed
1396 5515 1653 5582 simplici
1704 5524 1760 5573 et
1790 5519 1893 5575 ho-

198 5608 465 5673 norario
499 5608 735 5663 nomine
794 5608 1041 5662 fruatur.
1112 5606 1218 5668 Qui
1304 5621 1435 5659 vero
1495 5605 1564 5659 ab
1627 5606 1723 5661 illo
1774 5610 1894 5679 jam

194 5697 471 5763 initiati,
507 5696 759 5766 alboque
789 5695 1020 5766 mystici
1055 5699 1238 5749 coetus
1268 5692 1533 5762 inscripti
1558 5700 1717 5764 sunt,
1755 5698 1788 5749 ii
1824 5699 1894 5751 ad

199 5795 455 5852 emtum
487 5786 737 5857 quidum
770 5785 1185 5853 admittuntur,
1225 5788 1402 5854 atque
1432 5783 1653 5840 honore
1700 5790 1756 5839 et
1803 5804 1895 5843 sa-

1990 2018 2391 2074 tintinnabula
2419 2020 2599 2091 (quod
2633 2019 2805 2075 hodie
2855 2038 2887 2075 a
2936 2016 3232 2092 plerisque
3291 2022 3656 2089 observatur}

1990 2104 2226 2161 funibus
2259 2112 2478 2178 aptare,
2513 2106 2704 2178 iisque
2753 2109 2987 2180 signum
3046 2110 3206 2177 dare,
3266 2112 3321 2163 et
3376 2110 3644 2182 quaedam

1987 2192 2114 2265 ejus
2151 2200 2391 2250 moneta
2424 2194 2536 2250 alia
2578 2197 2893 2251 commenti
2954 2199 3127 2252 sunt:
3190 2199 3357 2268 cujus
3407 2198 3643 2269 quidem

1986 2283 2069 2338 rei
2099 2283 2288 2353 gratia
2320 2287 2666 2354 perpetuum
2696 2288 2826 2339 cuni
2871 2283 2990 2340 illis
3049 2286 3262 2357 magno
3319 2285 3640 2344 Athanasio

1988 2370 2207 2427 bellum
2240 2374 2369 2428 fuit.
2402 2376 2697 2428 Hactenus
2727 2370 3132 2429 Theodoritus.

2056 2471 2340 2527 Ceterum
2373 2473 2812 2530 sacratissimus
2862 2475 3221 2531 Athanasius
3269 2476 3327 2533 in
3378 2478 3636 2533 secundo

1985 2561 2358 2633 Apologetico
2392 2580 2492 2635 pro
2526 2580 2634 2619 sua
2664 2564 2726 2618 in
2755 2564 3178 2636 persecutionis
3201 2573 3455 2637 tempore
3474 2567 3634 2638 fuga,

1986 2651 2086 2706 ubi
2120 2659 2247 2722 post
2276 2653 2392 2710 alia
2434 2653 2620 2709 multa
2661 2653 2970 2725 epistolam
3025 2672 3259 2726 quoque
3310 2655 3636 2727 subjuuxit,

1987 2750 2160 2813 quam
2197 2744 2268 2799 ab
2307 2743 2545 2799 Ursacio
2577 2749 2633 2799 et
2660 2743 2921 2815 Valente,
2955 2743 3053 2799 illo
3086 2743 3370 2817 Cibalcos,
3415 2744 3524 2812 vel,
3575 2750 3641 2801 ut

1985 2831 2227 2906 quidam
2258 2835 2476 2898 volunt,
2510 2832 2817 2904 Sigedonis
2858 2833 2917 2887 in
2970 2832 3179 2906 Illyriis
3228 2833 3316 2889 vel
3370 2832 3641 2890 inferiore

1986 2921 2308 2997 Pannonia,
2365 2921 2476 2977 hoc
2534 2926 2666 2978 'vero
2728 2908 2935 2979 Μαι-εδδ
2989 2923 3048 2977 in
3096 2924 3298 2979 eadem
3348 2924 3645 2980 Pannonia

1987 3006 2261 3086 episCOpo
2293 3016 2616 3083 acceperat,
2650 3028 2854 3067 rursus
2874 3012 3219 3084 Apologiam
3243 3030 3412 3069 suam
3439 3012 3643 3069 ordine

1988 3108 2330 3175 prosecutus
2363 3103 2482 3157 ait:
2518 3105 2722 3157 Petrus
2755 3098 2907 3171 apud
2942 3119 3046 3156 nos
3093 3106 3224 3156 ante
3284 3102 3639 3174 persecutio-

1988 3190 2121 3247 nem
2155 3188 2463 3263 episcOpus
2492 3191 2620 3254 fuit,
2655 3194 2959 3262 grassante
2993 3195 3190 3246 autem
3236 3192 3644 3261 persecutione

1995 3282 2267 3353 martyrio
2300 3283 2610 3335 coronatus
2636 3283 2829 3336 est.‘Is
2869 3276 3179 3347 Melitium,
3224 3279 3325 3355 qui
3371 3298 3525 3336 unus
3576 3298 3644 3335 ex

1991 3372 2276 3444 [Egyptiis
2306 3369 2596 3442 episcopis
2627 3362 2938 3440 ferebatur,
2974 3372 3042 3426 de
3075 3364 3279 3427 multis
3321 3366 3642 3427 sceleribus

1992 3448 2321 3515 convictum
2354 3460 2411 3512 in
2448 3452 2746 3514 communi
2780 3456 3191 3531 episcOporum
3215 3450 3436 3532 synodo
3460 3458 3643 3533 depo-

1992 3550 2127 3605 suit.
2164 3547 2265 3603 Hic
2299 3548 2490 3603 autem
2521 3542 2589 3602 ad
2627 3538 2798 3603 aliam
2833 3548 3056 3604 nullam
3110 3551 3396 3622 synodum
3434 3546 3639 3604 confu-

1993 3633 2144 3711 gere,
2180 3634 2368 3709 neque
2399 3630 2470 3693 ad
2502 3636 2808 3709 episcopos
2839 3653 3211 3693 successores
3251 3639 3397 3694 Petri
3432 3638 3550 3694 ulla
3580 3654 3641 3693 se

1991 3727 2256 3799 apologia
2289 3744 2538 3798 purgare
2569 3732 2854 3799 satagens,
2890 3727 3227 3782 schiSmatis
3258 3731 3463 3782 auctor
3512 3728 3642 3807 fuit,

1993 3808 2261 3887 eﬂ'citque
2296 3818 2358 3869 ut
2388 3815 2486 3886 qui
2521 3832 2554 3870 a
2588 3808 2852 3886 partibus
2883 3814 3004 3870 suis
3049 3819 3274 3870 starent
3321 3830 3424 3887 pro
3474 3814 3641 3870 Chri-

1994 3900 2200 3960 stianis
2231 3902 2507 3961 Melitiani
2551 3904 2901 3961 dicerentur.
2964 3900 3094 3960 Haec
3154 3920 3402 3976 magnus
3460 3905 3645 3959 Atha-

1994 3992 2219 4049 nasius.

2064 4090 2416 4147 Sozomenus
2463 4096 2657 4146 autem
2728 4090 2991 4148 historiis
3045 4093 3331 4163 scriptum
3384 4091 3649 4163 reliquit,

1993 4182 2142 4254 quod
2176 4180 2432 4236 Melitius
2465 4181 2717 4251 jamjam
2777 4198 2807 4236 e
2864 4182 3008 4238 vivis
3067 4198 3413 4238 excessurus
3460 4183 3641 4238 Joan-

1995 4288 2124 4327 nem
2158 4271 2470 4342 quemdam
2506 4287 2573 4326 ex
2631 4269 3021 4327 familiaribus
3077 4271 3225 4340 suis,
3289 4275 3494 4342 prater
3548 4270 3648 4327 Ni-

1992 4379 2162 4417 caenae
2195 4362 2400 4434 synodi
2431 4364 2738 4429 statutum,
2774 4362 2886 4417 sibi
2936 4363 2995 4416 in
3055 4366 3242 4436 Lycon
3303 4362 3646 4435 episcopatu

1994 4466 2390 4529 successorem
2434 4451 2753 4519 constituit,
2802 4453 3119 4523 ataxizeque
3167 4468 3269 4507 seu
3319 4452 3649 4509 confusioni

1994 4542 2187 4596 denuo
2214 4532 2530 4596 fenestram
2554 4540 2806 4611 aperuit,
2828 4558 2955 4613 quae
2981 4546 3184 4614 postea
3212 4538 3496 4598 Ecclesiae
3519 4558 3647 4613 per-

1994 4633 2202 4699 vagata
2232 4634 2341 4684 est.

1914 4693 1962 4757 Β
2064 4693 2379 4774 έοὶθυόυω
2412 4723 2633 4787 autem,
2667 4719 2829 4775 beato
2863 4719 3176 4774 Athanasio
3209 4722 3463 4786 auctore,
3489 4718 3644 4789 quod

2001 4825 2133 4864 cum
2169 4808 2400 4862 Nicaeus
2432 4808 2691 4880 synodus
2721 4808 3069 4873 censuisset,
3103 4811 3167 4861 ut
3196 4807 3237 4862 ii
3286 4824 3430 4877 quos
3481 4806 3647 4861 Meli—

2001 4897 2120 4953 tius
2150 4895 2463 4961 initiasset,
2507 4896 2713 4951 horum
2765 4894 3295 4951 ecclesiasticorum
3348 4901 3649 4951 consortes

2001 4990 2219 5051 sescnt,
2254 4986 2577 5041 Alexander
2610 5001 2760 5040 unus
2792 4990 3060 5056 repertus
3085 4991 3192 5050 est,
3225 4985 3325 5056 qui
3384 4990 3649 5041 actorum

2002 5076 2235 5131 tabulas
2267 5078 2573 5146 quaereret,
2608 5091 2677 5129 ne
2728 5073 2985 5130 Melitius
3039 5091 3422 5148 quoscunque
3481 5075 3654 5130 vellet

2001 5164 2057 5219 in
2094 5165 2217 5220 dies
2248 5163 2557 5219 instituere
2586 5163 2696 5218 sibi
2729 5163 2981 5219 liberum
3008 5164 3409 5221 arbitraretur.

2076 5254 2221 5310 Item
2281 5254 2438 5325 quod
2492 5253 2777 5308 Arsenius
2843 5252 3036 5325 (cujus
3098 5270 3339 5310 manum
3399 5254 3660 5310 secuisse

2006 5345 2069 5399 B.
2106 5342 2459 5398 Athanasius
2491 5359 2524 5397 a
2556 5341 2933 5413 schphantis
2966 5342 3159 5398 dictus
3192 5342 3406 5414 fuerat)
3432 5346 3660 5412 Hypse-

2006 5432 2160 5488 leton
2196 5431 2382 5496 urbis,
2414 5446 2614 5486 earum
2648 5430 2845 5496 unius,
2881 5448 3008 5502 qua;
3048 5432 3362 5503 aliquando
3412 5431 3660 5486 subditae

2007 5522 2205 5578 Melite
2240 5521 2488 5585 fuerant,
2520 5521 2755 5575 tandem
2785 5521 3096 5593 episcopus
3144 5522 3271 5587 fuit,
3325 5522 3541 5576 idcirco
3586 5522 3657 5577 ab

2009 5610 2238 5666 Arianis
2271 5608 2520 5677 electus,
2546 5609 2685 5680 quia
2717 5611 3000 5667 adversus
3054 5609 3443 5667 venerabilem
3492 5609 3658 5665 illum

2008 5702 2199 5757 virum
2234 5698 2516 5754 mentitus
2542 5701 2747 5755 fuerat.

2082 5793 2235 5856 Quin
2264 5792 2319 5844 et
2350 5790 2618 5861 Iscbyras
2647 5791 3010 5849 Mareoticus
3036 5792 3241 5849 eadem
3275 5792 3346 5848 de
3377 5807 3553 5848 causa
3584 5790 3654 5845 ad
