4054 6382
473 413 628 472 1359
1790 405 2102 467 NlC-ETJE
2144 404 2567 468 CHONIATJE
3690 415 3808 475 1350

469 545 871 615 episcopatum
921 540 992 596 ab
1038 540 1245 595 iisdem
1298 542 1531 594 evectus
1582 539 1793 607 fuerat,
1843 539 2115 610 quamvis
2145 544 2449 612 Averant,
2499 536 2600 593 sed
2652 536 3039 608 persecutioni
3102 539 3527 596 succumbentes
3576 546 3811 601 sacriﬁca-

469 638 641 688 antea
672 630 973 701 depositus
1007 629 1231 685 fuisset.
2225 634 2449 696 verant,
2485 627 2752 682 infestior
2776 643 2904 683 esse
2938 629 3149 701 pergit,
3181 646 3245 685 eo
3276 631 3499 686 tandem
3531 632 3808 690 inhumani-

538 723 786 787 Quidam
817 721 974 777 enim
998 719 1280 775 Colutbus
1325 719 1579 787 nomine,
1633 719 1935 790 presbyter
1985 717 2116 773 Ale-
2228 722 2363 775 tatis
2400 719 2744 790 prolabitur,
2779 725 2841 774 ut
2872 736 3009 775 cum
3057 720 3273 776 Novato
3325 722 3529 778 sentire
3569 740 3622 779 se
3663 727 3808 781 cuivis

467 813 815 879 xandrinus,
848 816 1129 881 tanquam
1188 808 1567 878 orthodoxus,
1629 825 1759 863 cum
1824 808 2120 879 plerisque
2230 809 2594 881 perspicuum
2629 808 2822 865 faciat.
2859 810 3140 873 Quocirca
3171 827 3242 866 ne
3288 813 3451 868 venia
3497 814 3703 883 quidem
3743 816 3808 870 di-

471 903 602 959 aliis
632 904 691 957 in
715 902 900 972 prima
931 899 1292 971 depositione
1319 899 1441 954 Arii
1492 916 1525 954 a
1574 899 1739 954 beato
1791 899 2118 952 Alexandro
2228 915 2382 971 gnus
2413 898 2629 971 synodo
2662 898 2904 953 Nicena:
2934 898 3097 954 visus
3128 904 3236 969 est,
3285 900 3385 971 qui
3431 900 3559 955 talia
3598 904 3809 958 refracta.

472 992 625 1047 facta
654 991 1096 1060 subscripserat.
1132 992 1335 1043 Postea
1362 1005 1497 1043 vero
1520 988 1927 1058 episcopatum
1962 1002 2118 1041 som-
2232 986 2354 1042 rius
2405 993 2612 1059 praeter
2668 986 2982 1043 Alexandri
3053 986 3411 1045 voluntatem
3489 991 3809 1063 designasset,

474 1082 645 1135 nians
675 1098 707 1134 a
742 1078 956 1135 Melitio
987 1077 1306 1150 superioris
1336 1078 1530 1149 Cynus
1549 1077 1861 1149 episcopus
1892 1086 2120 1132 creatus
2230 1083 2404 1149 atque
2427 1077 2851 1148 discipulorum
2879 1094 3119 1134 suorum
3146 1079 3595 1151 quamplurimos
3623 1081 3813 1136 inAria-

471 1174 582 1225 est.
613 1169 873 1223 Tandem
913 1184 1047 1222 cum
1080 1166 1490 1222 Alexandriam
1541 1168 1745 1223 beatus
1797 1165 2123 1221 Alexander
2233 1183 2439 1221 norum
2501 1166 2752 1222 heresin
2811 1167 3217 1238 provolvisset,
3272 1169 3371 1240 qui
3418 1172 3673 1241 privatam
3716 1173 3810 1240 ejus

470 1258 734 1328 ejusdem
789 1257 998 1328 praesul
1048 1257 1335 1328 synodum
1386 1259 1781 1319 convocasset,
1844 1258 2123 1325 praesente
2232 1256 2565 1327 opinionem
2599 1257 2784 1311 secuti
2820 1257 3267 1328 pertinacius,et
3288 1260 3477 1315 nescio
3499 1276 3616 1330 quae
3636 1259 3808 1327 frivola,

473 1345 874 1403 sacratissimo
931 1346 1205 1417 episcopo
1264 1345 1620 1401 Cordubensi
1683 1343 1881 1407 Hosio,
1945 1358 2119 1413 quem
2234 1351 2320 1415 ut,
2354 1346 2511 1401 verbi
2545 1347 2753 1418 gratia,
2785 1347 3047 1417 quotidie
3076 1364 3290 1418 corpus
3319 1348 3563 1415 abluere,
3595 1349 3809 1420 hymnos-

472 1441 614 1491 tunc
644 1434 924 1507 temporis
955 1452 1021 1490 eo
1056 1436 1658 1511 magnus‘imperator
1702 1436 2124 1489 Constantinus
2234 1452 2345 1505 que
2373 1452 2506 1492 cum
2530 1452 2809 1491 manuum
2834 1436 3143 1506 plausibus
3165 1442 3223 1492 et
3243 1437 3630 1494 saltationibus
3651 1438 3810 1493 modu-

473 1526 737 1591 miserat,
772 1529 836 1579 ut
868 1524 1259 1580 Alexandrum
1293 1530 1349 1579 et
1377 1525 1578 1580 Arium
1622 1525 1773 1579 inter
1820 1539 1882 1579 se
1932 1522 2129 1578 conci-
2236 1524 2345 1580 lari
2375 1525 2691 1580 commenti
2714 1531 2930 1580 essent.
2957 1525 3037 1580 Ex
3056 1526 3274 1596 quibus
3300 1527 3480 1583 cuivis
3503 1527 3807 1597 perspicuum

473 1613 663 1683 liaret,
696 1613 998 1685 depositus
1029 1614 1268 1684 quidem
1300 1613 1534 1683 estipse
1559 1628 1793 1683 quoque
1816 1610 2125 1678 Coluthus,
2239 1615 2324 1681 fit,
2358 1612 2818 1669 misericordiam
2849 1618 2905 1668 et
2928 1612 3353 1670 humanitatem
3388 1616 3576 1670 multis
3615 1616 3664 1669 in
3685 1615 3813 1668 rebus

472 1708 538 1757 ut
570 1701 669 1773 qui
704 1708 912 1772 praeter
940 1718 1192 1758 canones
1223 1719 1254 1756 a
1288 1701 1505 1756 Melitio
1545 1708 1774 1757 creatus
1817 1702 2128 1770 cpiscopus
2239 1702 2438 1773 rigori,
2475 1718 2778 1756 summove
2804 1702 2944 1772 juri,
2988 1704 3410 1774 praeferendam
3456 1720 3590 1771 esse,
3635 1703 3684 1757 in
3725 1702 3812 1771 qui-

474 1792 719 1845 fuisset:
752 1808 868 1844 una
897 1789 1071 1845 etiam
1104 1789 1351 1858 depositi
1383 1794 1520 1844 sunt
1549 1788 1589 1842 ii
1621 1789 1719 1859 qui
1755 1789 1825 1843 ab
1860 1788 1987 1859 ipso
2018 1788 2126 1843 Co-
2240 1791 2350 1845 bus
2378 1792 2701 1862 praesertim
2736 1798 2893 1849 certa
2934 1793 3318 1864 pcenitudinis
3361 1793 3565 1849 indicia
3615 1808 3812 1846 cernua-

472 1879 641 1986 lutbq
670 1879 1210 1986 institutijfueralnt,
1233 1877 1535 1986 atquelille
1560 1879 1791 1986 quidjem
1827 1878 1899 1932 ad
1933 1878 2122 1986 priva:
2157 1921 2204 1986 B
2244 1884 2354 1948 tur,
2390 1880 2637 1952 talisque
2666 1882 2808 1936 adeo
2837 1882 3019 1937 animi
3052 1883 3348 1953 angustia,
3377 1888 3431 1937 et
3452 1880 3628 1937 cordis
3654 1880 3813 1986 contri-

471 1971 596 2023 tum
630 1967 819 2023 locum
853 1966 1039 2037 rediit,
1074 1966 1154 2021 illi
1189 1983 1322 2022 vero
1355 1967 1424 2020 ad
1460 1965 1638 2021 laicos
1681 1966 1873 2021 denuo
1907 1965 2121 2020 redacti
2157 1965 2204 1986 υ
2236 1972 2335 2036 tio,
2372 1971 2559 2041 qualis
2589 1972 2647 2026 in
2684 1972 2755 2027 iis
2796 1975 3164 2040 cernebatur,
3225 1990 3373 2045 quos
3414 1972 3677 2027 maximus
3717 1968 3810 2024 Ale-

473 2065 631 2112 sunt.
666 2056 885 2112 Horum
919 2073 948 2111 e
977 2072 1222 2110 numero
1254 2056 1521 2123 Ischyras
1573 2071 1748 2121 unus,
1809 2054 1948 2125 quia
1996 2070 2123 2125 pre-
2236 2061 2453 2116 xandcr
2480 2062 2548 2116 ad
2591 2061 2879 2117 Melitium
2935 2062 3284 2132 introduxit,
3335 2063 3527 2133 eisque
3579 2060 3667 2132 qui
3712 2074 3809 2113 cum

475 2147 672 2219 sbytcr
698 2163 730 2201 a
758 2144 1000 2201 Colutbo
1024 2144 1331 2201 institutus
1360 2145 1565 2213 fuerat,
1598 2150 1770 2215 atque
1809 2144 2025 2198 idcirco
2057 2144 2128 2198 de
2239 2148 2336 2203 illo
2380 2150 2436 2204 in
2489 2150 2740 2205 vinculis
2780 2152 3232 2207 detinebantur:
3270 2168 3340 2206 ne
3387 2151 3525 2207 forte
3570 2153 3614 2205 si
3655 2149 3733 2219 qui
3769 2162 3813 2199 re

479 2236 666 2307 gradu
698 2236 981 2305 deiectus,
1014 2234 1253 2289 tandem
1302 2234 1375 2289 ab
1425 2231 1658 2289 Arianis
1704 2233 1775 2288 ad
1827 2232 2126 2305 episcopa-
2238 2239 2471 2305 infecta,
2526 2239 2752 2295 dicebat
2806 2239 2924 2308 ille,
2979 2240 3381 2311 remittantur,
3447 2239 3614 2294 nimio
3664 2235 3813 2292 dolore

481 2330 631 2393 tum,
666 2329 731 2380 ut
752 2324 877 2396 jam
909 2322 1049 2392 dixi,
1074 2327 1381 2395 provectus
1410 2328 1516 2378 est.
2241 2330 2681 2397 contabescant,
2720 2346 2898 2400 seque
2931 2330 2988 2385 in
3032 2330 3104 2386 iis
3138 2347 3268 2402 quae
3300 2346 3402 2403 pro
3427 2328 3730 2384 delictorum
3751 2338 3816 2375 ve-

2244 2418 2337 2473 nia
2393 2419 2781 2487 obtestantur,
2840 2419 3134 2492 repulsam
3196 2422 3315 2491 pati
3362 2421 3629 2484 videntes,
3678 2416 3814 2471 Deum

2246 2524 2499 2580 quoque,
2533 2508 2632 2579 qui
2665 2513 2823 2564 totus
2858 2509 2986 2581 ipsa
3019 2509 3416 2566 misericordia
3454 2513 3557 2577 est,
3604 2522 3698 2561 non
3740 2499 3817 2557 mi-

554 2597 729 2654 Nulla
762 2614 866 2653 nos
900 2596 1014 2652 alia
1041 2596 1185 2651 ratio
1217 2597 1416 2662 movit,
1446 2600 1510 2649 ut
1537 2612 1605 2650 ea
1636 2611 1761 2665 quae
1793 2594 1865 2650 de
1916 2591 2130 2650 Melitio
2247 2614 2359 2654 nus
2389 2598 2501 2654 sibi
2537 2599 3062 2655 immisericordem
3097 2602 3450 2671 quandoque
3482 2600 3709 2653 futurum
3749 2608 3818 2663 pu-

479 2690 747 2746 feruntur
765 2689 925 2745 hisce
956 2687 1396 2744 commentariis
1428 2687 1844 2753 insereremus,
1869 2702 2045 2756 quam
2067 2689 2130 2740 ut
2245 2692 2392 2757 teut,
2425 2705 2601 2759 quam
2636 2694 2895 2746 terrenos
2928 2689 2987 2744 in
3020 2689 3129 2745 hoc
3163 2689 3379 2746 saeculo
3411 2687 3705 2744 animarum
3726 2695 3821 2735 sua-

480 2779 727 2834 lectores
757 2782 1196 2851 cognoscerent,
1227 2792 1405 2849 quam
1432 2778 1602 2847 plena
1625 2775 1783 2844 aleae,
1809 2775 1925 2830 imo
1952 2791 2133 2845 supra
2242 2793 2373 2831 rum
2417 2778 2671 2833 medicos
2717 2779 3234 2851 conspicarentur:
3283 2784 3342 2835 et
3391 2778 3522 2833 inde
3562 2778 3741 2831 certam
3779 2768 3819 2820 in

478 2869 665 2924 aleam
694 2885 927 2923 omnem
963 2885 1053 2923 res
1085 2868 1184 2936 sit,
1217 2866 1399 2938 siqui
1459 2882 1591 2920 cum
1646 2882 1715 2920 ex
1765 2866 1896 2936 ipsa
1945 2864 2130 2936 plebe,
2244 2864 2708 2934 desperationem
2767 2866 3046 2937 prolapsi,
3097 2867 3225 2937 jam
3290 2871 3463 2938 caput
3506 2880 3534 2919 e
3597 2854 3819 2933 profundo

477 2962 601 3012 tum
631 2974 759 3012 vero
801 2957 889 3011 vel
952 2956 1199 3011 maxime
1257 2972 1324 3010 ex
1375 2971 1539 3009 sacro
1598 2952 2130 3009 ecclesiasticorum
2244 2954 2589 3024 perditionis
2621 2971 2884 3011 exserere
2916 2971 3030 3011 non
3076 2955 3324 3028 possint.

477 3044 761 3117 catalogo,
791 3045 1006 3117 quibus
1039 3063 1071 3100 a
1100 3045 1216 3100 Deo
1248 3043 1579 3099 animarum
1614 3059 1751 3097 cura
1781 3042 2132 3097 demandata
2315 3043 2593 3099 Caeterum
2628 3044 2751 3099 haec
2783 3050 2841 3099 et
2871 3045 3063 3113 nobis,
3095 3050 3151 3100 et
3206 3051 3343 3101 ante
3406 3061 3505 3099 nos
3560 3040 3688 3108 aliis,
3736 3047 3818 3088 non

477 3140 586 3200 est,
622 3135 948 3207 praepositis
980 3135 1103 3190 suis
1138 3133 1396 3204 obstrepi
1430 3133 1488 3186 in
1548 3130 1960 3186 scbismaticos
2013 3136 2131 3186 tan-
2242 3134 2444 3205 procul
2477 3135 2549 3189 ab
2579 3151 2645 3191 eo
2678 3136 2831 3206 quod
2864 3153 2956 3191 res
2987 3144 3093 3207 est,
3128 3135 3345 3208 piaque
3389 3132 3654 3192 sententia
3694 3128 3816 3182 aber-

479 3224 611 3279 dem
642 3225 837 3279 nescio
893 3223 1159 3279 evadant.
1215 3223 1360 3276 Nam
1422 3221 1471 3275 si
1530 3221 1862 3275 sacerdotes
1917 3220 2126 3291 spiritu
2166 3287 2200 3296 _
2241 3223 2509 3278 rentibus
2542 3224 2890 3293 innotuisse,
2921 3240 2990 3279 ex
3019 3224 3091 3280 iis
3131 3241 3263 3296 quas
3324 3225 3396 3281 ab
3451 3218 3738 3278 Alexandro
3781 3217 3817 3265 el

479 3312 765 3383 superbiae
831 3312 1169 3376 efferantur,
1221 3308 1593 3380 trivialesque
1654 3307 1853 3379 populi
1921 3287 2125 3366 turbas
2160 3287 2202 3352 (ἶ
2242 3311 2462 3367 Melitio
2492 3316 2658 3384 gesta
2683 3287 2969 3382 feruntur,
3011 3287 3206 3385 quivis
3259 3314 3428 3371 facile
3475 3303 3815 3383 deprehendat.

480 3403 820 3466 convocent,
853 3403 1029 3469 atque
1083 3398 1166 3453 ita
1212 3414 1312 3453 eos
1363 3397 1423 3452 in
1457 3400 1664 3451 mutua
1692 3398 1823 3452 odia
1879 3404 2129 3467 arment,
2242 3400 2340 3457 Ille
2370 3400 2526 3458 enim
2558 3418 2693 3457 cum
2724 3402 3106 3459 humanitatis
3138 3402 3378 3474 plenum
3411 3404 3479 3458 de
3509 3401 3573 3456 iis
3600 3396 3683 3470 qui
3727 3406 3816 3463 pef-

482 3504 630 3560 quos
677 3488 879 3542 eadem
915 3486 1093 3541 divini
1125 3486 1377 3556 Spiritus
1415 3485 1603 3558 gratia
1642 3487 2015 3559 conjungere,
2075 3492 2133 3545 et
2245 3490 2564 3546 secutionis
2593 3495 2854 3562 tempore
2887 3491 3038 3564 lapsi
3062 3493 3297 3548 fuerant
3318 3490 3614 3548 consilium
3641 3495 3818 3553 sugges'

480 3579 541 3633 in
575 3593 758 3632 unum
792 3577 958 3647 quasi
991 3593 1204 3649 corpus
1235 3575 1639 3647 conglutinare
1663 3576 1963 3645 debuerat,
1988 3577 2130 3632 dum
2245 3578 2441 3650 sisset,
2475 3580 2751 3652 martyrio
2791 3581 2968 3636 vitam
3002 3581 3212 3636 finivit.
3249 3581 3505 3639 Melitius
3551 3592 3682 3639 vero,
3720 3572 3820 3623 dum

482 3667 540 3722 in
574 3670 769 3739 partes
801 3671 857 3721 et
900 3667 1161 3721 membra
1185 3683 1362 3721 unam
1388 3665 1653 3721 Ecclesia:
1672 3681 2013 3738 compagem
2038 3667 2131 3721 di-
2234 3668 2337 3739 jus
2370 3685 2673 3724 summum
2696 3669 3021 3726 studiosius
3042 3673 3440 3742 persequitur,
3465 3670 3517 3725 id
3543 3662 3823 3723 consecutus

477 3758 707 3823 vidunt,
739 3757 871 3828 quis
898 3756 1014 3826 jam
1050 3757 1208 3827 pacis
1241 3757 1393 3828 apud
1426 3755 1702 3827 pepulum
1740 3772 1921 3826 praeco
1975 3756 2128 3812 futu-
2241 3762 2352 3826 est,
2388 3764 2453 3813 ut
2481 3766 2534 3812 et
2568 3758 2831 3830 martyrii
2864 3776 3080 3815 corona
3114 3760 3413 3827 exciderit,
3444 3764 3499 3815 et
3527 3752 3719 3812 sanctis
3752 3751 3824 3801 1³8·

478 3864 579 3900 rus
604 3850 694 3901 est
722 3845 747 3899 ‘I
777 3852 832 3899 et
870 3863 1274 3917 persuasurus,
1320 3849 1382 3900 ut
1432 3844 1670 3916 spiritus
1719 3845 2131 3914 conjunctione
2243 3845 2433 3900 tribus
2465 3845 2563 3916 qui
2600 3845 2847 3901 Nicaeam
2893 3854 3312 3917 convenerant,
3356 3864 3420 3904 eo
3471 3842 3683 3902 nomine
3727 3848 3824 3891 cou-

479 3935 889 3990 cobzerentiam
935 3934 1283 3990 annulorum
1344 3933 1648 3988 imitetur?
1705 3932 1849 3987 Nam
1912 3932 2129 4004 qualia,
2242 3935 2554 3990 damnatus
2585 3935 2682 4005 sit,
2716 3936 2852 4006 quia
2885 3952 3146 3992 seorsum
3175 3935 3749 4010 parasynagogas,boc
3765 3924 3827 3977 est

479 4041 698 4096 quaeso,
736 4030 877 4080 sunt
903 4040 970 4079 ea
1012 4040 1138 4095 quae
1203 4039 1297 4093 per
1355 4023 1756 4091 ambitionem,
1818 4027 1875 4076 et
1932 4025 2131 4096 magni
2240 4021 2445 4079 illicita
2473 4025 2896 4095 conventicula,
2955 4034 3320 4083 convocaret.
3374 4029 3610 4097 Insuper
3656 4016 3736 4090 qut
3778 4010 3826 4065 ab

480 4114 638 4170 illius
667 4112 973 4169 Alexandri
1025 4114 1248 4177 odium,
1294 4111 1545 4167 Melilius
1600 4116 1968 4168 commentus
2018 4119 2129 4180 est,
2242 4112 2368 4183 ipso
2402 4113 2655 4169 instituti
2691 4115 2943 4183 fuerant,
2975 4117 3269 4172 secundas
3303 4118 3377 4173 ab
3416 4117 3490 4172 iis
3512 4113 3697 4174 tulere,
3723 4114 3827 4176 quo5

479 4220 733 4276 eumque
772 4203 956 4261 secuti
1013 4200 1286 4273 discipuli
1337 4200 1758 4271 designarent?
1817 4201 1916 4257 Ille
1974 4205 2128 4259 enim
2238 4202 2562 4258 Alexander
2590 4204 2946 4270 instituerat,
2979 4212 3155 4276 atque
3196 4206 3341 4262 adeo
3386 4224 3455 4261 ne
3504 4201 3644 4275 quod
3692 4189 3823 4250 eccle-

479 4295 622 4349 dum
652 4309 887 4349 summo
909 4293 1046 4362 jure
1074 4306 1425 4363 summaque
1456 4288 1681 4344 malitia
1710 4292 2002 4346 severitati
2034 4309 2129 4348 ca-
2241 4291 2545 4348 siasticum
2607 4311 2825 4349 munus
2902 4299 3260 4350 attentarent
3328 4295 3689 4351 interdictum
3753 4280 3828 4336 θεῖ-

480 4382 699 4437 nonicae
732 4380 865 4452 plus
898 4396 1060 4451 :equo
1090 4381 1309 4450 studet,
1340 4385 1396 4435 et
1423 4379 1497 4434 iis
1555 4382 1655 4451 qui
1708 4380 2131 4451 persecutionis
2239 4383 2401 4447 Quod
2436 4384 2486 4439 si
2524 4383 2623 4455 qui
2656 4383 2891 4439 illorum
2920 4386 3066 4441 vivis
3094 4388 3463 4454 excederent,
3512 4384 3567 4439 hi
3613 4386 3721 4435 tum
3759 4371 3831 4425 de‘

475 4478 739 4544 tempore
772 4469 920 4541 lapsi
963 4475 1149 4537 erant,
1184 4486 1289 4525 nec
1320 4469 1391 4525 ad
1450 4473 1776 4526 extremum
1832 4476 2127 4527 concerta-
2246 4488 2406 4527 mum
2442 4472 2498 4527 in
2533 4473 2944 4531 defunctorum
2974 4474 3167 4531 locum
3209 4478 3669 4550 surrogarentur.

804 2471 1071 2524 Haereseos
1098 2467 1453 2538 prwcedentz's
1480 2467 1804 2536 confatalia.
