4054 6448
294 368 454 427 1361

1654 368 2060 430 THESAURI
2107 370 2249 431 LIB.
2296 371 2369 430 V.

3564 382 3588 438 1
3604 379 3724 440 362

1267 507 3723 535 *Μ

1027 668 1146 818 Ν
1179 663 1804 818 ξηΟΕΤᾸΕ
1947 662 2451 821 ΟΗΟΝ
2561 668 2812 819 AT
2842 671 3017 822 fE

748 920 1548 1015 THESAURI
1674 921 2700 1016 ORTHODOX/E
2821 925 3253 1019 FIDEI

1568 1111 1895 1196 LIBER
1968 1109 2435 1217 QUINTUS

1183 1286 1550 1344 aovnasns
1594 1288 1923 1356 ARIANOS,
1968 1287 2464 1357 EUNOMIANOS,
2511 1290 2659 1346 me.
2706 1292 2819 1363 (60)

822 1537 1057 1592 CAPUT
1090 1537 1400 1593 PRIMUM.

410 1665 482 1718 De
508 1662 631 1717 Ανίί
657 1680 875 1731 genere,
908 1665 1110 1732 forma,
1152 1665 1375 1729 vestitu,
1404 1672 1455 1719 et
1481 1667 1810 1721 sacerdotio.

347 1788 525 1844 Arius
550 1790 683 1843 Afer
713 1788 1352 1859 genere,Alexandrin:e
1372 1791 1653 1846 diaconus
1671 1792 1938 1848 Ecclesiae

269 1882 391 1935 fuit
422 1899 433 1935 :
466 1881 558 1934 cui
588 1882 734 1935 sacri
768 1880 969 1935 altaris
1003 1881 1328 1935 ministerio
1382 1883 1797 1938 sanctissimus
1832 1889 1935 1939 Pe-

270 2026 393 2095 (60)
430 2024 845 2079 Prutheoricum
899 2024 1049 2079 Petri
1098 2024 1309 2079 Morellz'
1355 2026 1658 2096 Pal-ergon,
1700 2027 1770 2081 ad
1799 2044 1933 2082 can-

895 2096 1047 2150 didos
1087 2098 1329 2151 lectores.

350 2184 515 2247 Quod
564 2183 730 2238 libris
782 2186 1211 2253 superioribus,
1269 2184 1505 2239 candidi
1552 2184 1821 2255 lectores,
1867 2188 1938 2242 de

270 2260 466 2309 sacris
488 2256 818 2321 Naziuzeni,
855 2258 1312 2327 Damascenique
1334 2256 1568 2325 scriptis
1595 2259 1934 2327 praemonui,

269 2328 323 2400 si
360 2329 500 2396 quis
535 2329 829 2400 tersiorem
866 2344 1064 2382 eorum
1100 2333 1425 2382 versionem
1475 2328 1666 2393 vellet,
1710 2330 1939 2400 integra

269 2398 519 2452 Patrum
557 2399 819 2468 ipsorum
853 2416 1027 2470 opera
1068 2401 1116 2453 ei
1152 2400 1421 2455 adeunda
1454 2416 1603 2466 esse,
1641 2401 1792 2455 idem
1828 2398 1935 2457 hoc

269 2470 431 2543 libro
465 2473 669 2543 quinto
702 2470 773 2525 de
806 2471 1234 2526 immortalibus
1268 2473 1328 2525 B.
1365 2473 1656 2526 Athanasii
1705 2474 1935 2543 scriptis

274 2540 619 2606 dicendum,
654 2558 720 2595 ex
767 2543 980 2612 quibus
1038 2560 1183 2611 pene
1234 2550 1392 2597 totus
1441 2544 1688 2598 haustus
1738 2556 1791 2599 et
1824 2540 1933 2600 ex-

267 2617 515 2683 carptus
547 2618 657 2670 est.
692 2612 748 2668 Si
785 2616 917 2683 quis
949 2615 1102 2669 enim
1130 2615 1553 2669 emunctiorein
1580 2615 1794 2671 triviali
1825 2616 1933 2671 hac

270 2700 413 2738 mea
477 2685 843 2739 oraculorum
912 2687 1435 2741 Athanasianorum
1500 2686 1930 2756 interpretatio-

271 2772 410 2811 nem
447 2756 728 2827 requirat,
762 2774 834 2811 ne
865 2758 1266 2828 interpretem,
1315 2774 1532 2828 quaeso,
1586 2759 1713 2827 ejus
1774 2760 1933 2815 adire

269 2829 499 2902 pigeat,
534 2828 916 2902 recentiorem
941 2830 1180 2902 inquam
1215 2828 1404 2902 illum,
1439 2845 1478 2902 ar
1503 2845 1599 2902 me,
1630 2847 1927 2902 nunquam

1966 1542 2019 1607 Α
2051 1543 2178 1596 trus
2209 1558 2450 1613 prorsus
2481 1541 2794 1620 interdixit,
2846 1544 2982 1615 quia
3030 1545 3211 1601 Deum
3271 1546 3529 1603 Verbum
3588 1547 3703 1602 ἕτε-

2051 1628 2323 1703 ροοῦσιον,
2358 1632 2466 1686 hoc
2512 1637 2598 1687 est
2631 1633 2868 1689 diversae
2900 1651 2930 1688 a
2960 1633 3123 1689 Patre
3181 1635 3526 1691 substantia)
3571 1654 3699 1693 esse

2050 1720 2437 1789 proﬁteretur,
2498 1725 2551 1774 ct
2609 1720 2937 1791 hujusmodi
2995 1724 3297 1778 verborum
3348 1730 3616 1795 portenta
3646 1724 3698 1795 ἐξ

2050 1806 2150 1861 οὐκ
2210 1803 2401 1877 ὄντων,
2463 1827 2563 1864 seu
2628 1828 2696 1865 ex
2747 1811 2949 1874 nihilo,
2992 1818 3069 1879 et,
3118 1816 3218 1867 Ἠν
3266 1833 3417 1881 ποτε,
3469 1812 3557 1868 ὅτε
3598 1813 3701 1868 οὐκ

2048 1897 2136 1965 ἦν,
2173 1916 2297 1967 seu,
2328 1898 2460 1953 Fuit
2481 1904 2737 1971 tempus,
2773 1916 2892 1972 quc
2924 1917 3038 1954 non
3075 1901 3180 1955 fuit
3213 1901 3623 1959 introduceret.

2050 2041 2496 2111 Andegavorum
2530 2056 2721 2095 comes
2754 2042 2930 2095 Fulco
2978 2042 3178 2106 Nerra,
3230 2042 3521 2098 Gotofredi
3573 2045 3702 2100 Gri-

2048 2112 2359 2181 sagonellte
2394 2112 2549 2166 [ilius
2581 2112 2863 2172 condidit,
2897 2115 3201 2166 monachis
3233 2130 3299 2167 eo
3331 2130 3396 2168 ex
3433 2115 3534 2169 SS.
3569 2115 3699 2171 Ursi

2051 2182 2415 2248 Locbiensis,
2450 2189 2507 2236 et
2530 2183 2798 2238 Leubacii
2856 2184 3299 2253 Senapariensis
3358 2186 3700 2242 ccenobiolis

2048 2256 2106 2308 in
2131 2270 2313 2315 unum
2350 2255 2702 2323 convocatis)
2735 2270 2767 2308 a
2809 2269 2899 2308 me
2946 2255 3247 2309 inventum
3298 2255 3425 2312 sine
3474 2257 3697 2313 domini

2048 2342 2333 2381 consensu
2370 2331 2426 2380 et
2451 2326 2621 2395 jussu
2658 2325 2956 2396 publicare
2990 2324 3191 2382 nolim.

2118 2398 2278 2472 Quod
2314 2395 2388 2472 s_i__
2415 2397 2508 2472 cui
2540 2395 2773 2472 Paret-gi
2824 2397 3321 2472 hnjnshaliquota
3357 2399 3697 2472 napi-Emam:

2045 2468 2215 2543 taedio
2247 2468 2394 2543 nulli
2424 2471 2520 2536 sit,
2555 2468 2954 2543 mihisuntet
2985 2469 3099 2523 alia
3152 2468 3459 2543 nonnulla,
3511 2488 3696 2543 eaque

2046 2538 2495 2614 variabscripta,
2528 2556 2596 2614 ex
2631 2539 2924 2612 primariis
2976 2547 3260 2614 Locarum
3314 2538 3692 2614 Bellilocique

2047 2610 2281 2685 templis
2297 2610 2865 2685 _emendicata,quaa
2893 2628 3021 2685 cum
3059 2611 3209 2667 Deus
3254 2613 3425 2683 volet,
3459 2610 3695 2685 appare-

2044 2681 2212 2738 bunt.
2267 2683 2407 2737 Nam
2464 2688 2666 2753 prirter
2722 2681 2784 2737 Β.
2854 2682 3158 2739 Athanasii
3217 2681 3569 2755 Opuseulum
3625 2704 3693 2742 ex

2044 2756 2218 2826 Regio
2276 2755 2640 2810 Belliloceusi
2701 2755 2960 2823 cmucpio
3020 2764 3106 2810 est
3167 2754 3307 2810 mihi
3342 2757 3404 2812 B.
3457 2759 3687 2814 Martini

2044 2828 2329 2898 episcopi,
2363 2828 2431 2882 de
2463 2834 2717 2898 quatuor
2765 2827 3086 2898 virtutibus
3119 2832 3469 2897 opusculum
3506 2830 3691 2887 multo

270 2897 409 2954 sine
444 2897 542 2970 illa
575 2901 861 2969 perpetui,
896 2897 1064 2967 quem
1098 2901 1424 2970 discipulus
1455 2897 1792 2957 doctissimo
1819 2903 1932 2958 hu-
1959 2898 2005 2962 B
2046 2897 2434 2970 castigatius,
2462 2897 2636 2969 quam
2687 2898 2837 2968 quod
2898 2897 3068 2970 vulgo
3118 2907 3236 2953 tam
3284 2900 3391 2955 sub
3440 2905 3690 2968 Senecae,

270 2969 743 3042 manissimoque
766 2972 956 3036 debet,
994 2972 1231 3027 honoris
1258 2969 1596 3042 praefatione
1630 2976 1931 3030 nominan-

269 3045 419 3096 dum
456 3041 521 3095 D.
560 3045 787 3095 Petrum
822 3043 1144 3113 Nannium,
1181 3041 1404 3113 regium
1440 3046 1495 3099 in
1531 3047 1929 3102 amoenissime

268 3115 580 3169 Musarum
636 3113 1055 3185 Charitumque
1113 3111 1368 3186 λειμῶνι,
1409 3118 1742 3173 Lovaniensi
1780 3126 1927 3173 Aca-

271 3186 496 3250 demia,
531 3186 624 3239 cui
657 3186 814 3240 docti
864 3203 1067 3241 omnes
1100 3188 1387 3244 secundas
1419 3205 1452 3243 a
1483 3188 1794 3244 Parisiensi
1828 3190 1927 3244 ul-

268 3263 363 3313 tro
392 3256 701 3330 deferunt,
725 3257 1160 3330 humaniorum
1182 3259 1506 3315 litterarum
1542 3262 1927 3330 professorem

266 3344 474 3402 quem,
511 3344 641 3402 eum
676 3328 1082 3402 Cicer‘onianas
1114 3329 1336 3402 aliquot
1381 3331 1438 3386 in
1475 3328 1713 3387 Verrem
1750 3335 1925 3388 actio-

266 3398 378 3455 nes
413 3399 485 3472 in
533 3401 666 3453 aula
698 3398 1051 3472 ABuslidiana
1110 3398 1464 3472 prie—legeret,
1524 3405 1742 3469 audivi,
1776 3422 1926 3459 anno

265 3470 513 3534 Christi,
549 3472 604 3524 ni
638 3470 825 3536 fallor,
864 3470 1355 3546 l5‘46,_a3tatisque
1393 3489 1566 3546 mea:
1592 3475 1677 3540 19,
1742 3491 1926 3546 eoque

267 3546 403 3613 ipso
442 3548 719 3611 tempore,
756 3560 869 3613 quo
903 3543 1215 3598 Mechlinia
1248 3543 1300 3609 (ο
1336 3544 1740 3600 tristissimum
1801 3543 1926 3601 om-

268 3618 617 3689 nium,_quze
644 3614 801 3669 hisce
825 3631 1083 3689 unquam
1107 3615 1291 3689 oculis
1314 3616 1450 3681 vidi,
1475 3616 1925 3689 spectaculum!)

267 3690 342 3742 de
376 3686 890 3758 caelotacta,pene
923 3687 1091 3741 tertia
1143 3688 1232 3742 sui
1265 3693 1425 3758 parte
1475 3688 1533 3742 in
1593 3686 1928 3744 funestissi-l

271 3774 439 3813 mum
472 3757 731 3812 bidental
762 3774 1034 3815 conversa
1064 3763 1174 3813 est.

350 3835 484 3883 Hinc
522 3845 690 3895 porro
724 3829 901 3900 priori
945 3830 1027 3884 illi
1088 3829 1491 3899 superioribus
1548 3829 1715 3885 libris
1747 3831 1927 3886 inter-

270 3903 385 3957 siio
414 3903 487 3955 de
522 3901 577 3955 Β.
614 3901 957 3957 Damasceni
985 3903 1222 3972 scriptis
1243 3901 1499 4027 mrépycp
1524 3903 1928 3970 attexuissem,

271 3977 417 4027 quia
469 3989 582 4027 non
636 3974 833 4027 paucis
889 3974 970 4027 illi
1042 3991 1277 4027 auonue
1346 3976 1455 4027 ibri
1516 3974 1928 4027 Athanasianis

271 3977 417 4044 quia
469 3989 595 4045 non
635 3974 833 4044 paucis
889 3974 970 4028 illi
1042 3991 1277 4045 quoque
1320 3974 1455 4028 libri
1516 3974 1930 4030 Athanasianis

268 4043 918 4115 testimoniis,inspersi
950 4043 1108 4111 sunt,
1145 4043 1198 4100 si
1234 4051 1294 4100 Β.
1328 4045 1515 4100 Patris
1548 4048 1787 4117 scripta,
1822 4047 1929 4101 La-

266 4117 350 4173 tio
384 4134 418 4171 a
453 4120 514 4168 D.
551 4132 676 4171 meo
724 4116 949 4171 Nannio
999 4118 1234 4185 donata,
1288 4133 1450 4172 meas
1480 4116 1538 4171 in
1592 4134 1800 4173 manus
1834 4135 1930 4173 ve-

267 4192 528 4253 nissent,
559 4204 689 4258 quae
719 4189 936 4242 nudius
970 4188 1175 4243 tertius
1206 4188 1459 4258 primum
1488 4189 1625 4255 vidi,
1651 4196 1706 4244 et
1738 4195 1929 4245 tomos

267 4277 482 4315 omnes
515 4275 616 4329 per
643 4266 1020 4314 transennam
1054 4275 1121 4313 eo
1166 4259 1409 4313 consilio
1461 4261 1665 4325 evolvi,
1709 4266 1772 4315 ut
1802 4277 1926 4316 cer-

267 4334 385 4387 tior
423 4332 644 4398 ﬁerem,
680 4348 818 4385 num
851 4347 1094 4385 aureum
1130 4330 1191 4385 B.
1229 4330 1535 4385 Athanasii
1558 4332 1933 4401 Opusculum,

265 4403 429 4474 quod
462 4418 618 4457 mens
652 4403 705 4455 in
773 4419 983 4456 manus
1049 4412 1181 4474 ante
1236 4403 1711 4473 quinquennium
1772 4401 1935 4456 αὐτο-

262 4473 465 4547 γράφῳ
499 4474 953 4547 transcriptione
1007 4473 1232 4540 incidit,
1281 4489 1417 4527 cum
1479 4475 1775 4545 plerisque
1809 4475 1935 4530 aliis

270 4545 482 4602 recens
512 4545 762 4600 inventis
794 4547 1014 4599 editum
1050 4551 1223 4600 esset.
1268 4552 1341 4598 At
1389 4562 1682 4616 nusquam
1715 4549 1843 4617 ejus
1876 4549 1931 4601 in

272 4626 396 4673 toto
431 4617 734 4672 volumine
767 4617 987 4671 mentio
1021 4617 1103 4683 ﬁt,
1151 4618 1251 4671 sed
1304 4618 1588 4688 principis
1646 4621 1934 4674 duntaxat

271 4692 429 4760 ejus,
465 4690 639 4757 cujus
656 4691 890 4745 nomine
909 4689 1195 4757 scriptum
1223 4689 1605 4753 est,Antiochi
1631 4691 1932 4757 nimirum,

272 4762 372 4816 cui
409 4760 875 4833 pulcherrimum
932 4760 1075 4815 illud
1127 4760 1521 4833 Quaestionum
1573 4778 1640 4815 cx
1691 4768 1936 4833 utroque

268 4833 655 4888 Testamento
712 4832 1041 4905 elicitarum
1089 4849 1238 4901 opus
1271 4832 1522 4897 dicatur,
1555 4834 1707 4903 quod
1744 4832 1936 4905 primo

272 4905 420 4960 torni
486 4905 683 4973 quarti
746 4903 871 4958 loco
906 4908 1266 4973 proponitur.
1331 4906 1413 4958 Ad
1469 4903 1760 4959 eumdem‘
1799 4922 1935 4976 ergo

270 4977 630 5031 Antiochum
690 4991 758 5029 ex
810 4976 959 5046 duce
1021 4976 1377 5046 monachum
1437 4984 1609 5046 atque
1662 4976 1932 5032 abbatem

269 5047 617 5122 thistianm
684 5045 821 5101 ﬁdei
880 5044 1254 5122 ρ’τοιχείῳσιν,
1327 5063 1441 5122 seu
1508 5044 1931 5122 institutionem

273 5114 676 5172 δωδεκάτιτλον
713 5134 813 5173 seu
862 5114 1171 5175 duodecim
1214 5117 1472 5189 capitum
1535 5120 1932 5189 inscriptione,

271 5208 406 5247 cum
442 5192 613 5245 ducis
644 5191 833 5260 ipsius
866 5190 991 5245 Vita
1050 5189 1230 5244 habeo
1263 5206 1388 5259 quae
1433 5194 1576 5246 tunc
1607 5192 1839 5246 demum
1875 5192 1931 5245 in

269 5262 486 5332 vulgus
517 5262 782 5327 exibunt,
819 5277 950 5315 cum
988 5261 1357 5316 nobilissimo
1390 5260 1509 5316 viro
1570 5262 1637 5317 D.
1698 5262 1934 5318 Nicolao

269 5333 561 5390 Tricelino
619 5352 650 5388 υ.
722 5332 950 5388 Brossis
1009 5332 1412 5388 Belliloceusis
1484 5338 1541 5387 et
1595 5332 1934 5390 Claritensis

276 5408 768 5460 monasteriorum
820 5404 1015 5460 abbati
1047 5404 1241 5459 visum
1301 5402 1495 5459 fuerit.
1559 5405 1719 5460 Beati
1777 5407 1933 5461 enim

274 5476 579 5531 Athanasii
626 5475 976 5545 opusculum
1034 5475 1199 5544 illud,
1252 5480 1532 5544 tanquam
1586 5476 1932 5531 thesaurum

276 5550 337 5602 iu
375 5547 585 5602 nobilis
616 5547 775 5603 illius
806 5548 1038 5604 abbatis
1068 5564 1207 5618 agro
1255 5547 1388 5616 (hoc
1418 5552 1508 5601 est
1568 5546 1931 5603 Belliloceusi

1962 4226 2005 4292 C

2044 2968 2221 3042 quam
2257 2968 2537 3042 ejusdem
2592 2970 2749 3042 beati
2794 2968 3029 3042 nomine
3089 2974 3331 3042 prostat.
3395 2970 3475 3025 Ex
3534 2974 3694 3041 regia

2040 3040 2210 3112 porro
2242 3041 2300 3114 S.
2335 3041 2593 3114 Virginis
2628 3040 2962 3096 Locbiensis
2994 3040 3248 3114 Basilica
3292 3044 3544 3114 Aureum
3579 3050 3687 3099 Pa-

2040 3113 2256 3168 schasii
2290 3115 2360 3168 de
2395 3112 2767 3168 Eucharistiai
2815 3119 3181 3167 sacramento
3237 3112 3498 3169 libellum
3534 3116 3682 3172 inte-

2037 3202 2204 3255 grum
2238 3190 2400 3249 (nam
2430 3187 2490 3239 in
2521 3202 2588 3240 eo
2623 3201 2796 3255 quem
2828 3184 3064 3239 colonia
3094 3185 3298 3252 edidit,
3329 3186 3444 3241 duo
3502 3188 3689 3244 triave

2036 3256 2175 3312 lolia
2205 3256 2440 3330 desunt,
2471 3274 2598 3327 quae
2629 3273 2702 3330 ex,
2729 3256 3031 3330 Lochiensi
3079 3256 3352 3330 suppleri
3393 3260 3685 3330 possunt).

2038 3334 2175 3382 Item
2234 3326 2505 3382 Latinam
2556 3328 2863 3401 duodecim
2926 3326 3684 3401 priornmuAnde’gavorum

2035 3401 2325 3456 Comitum
2360 3400 2672 3456 Historiam
2706 3401 2761 3453 in
2787 3416 2903 3470 qua
2934 3398 3229 3454 Gotofredi
3275 3398 3685 3467 Grisagonellze

2035 3474 2227 3543 (cuius
2259 3473 2539 3542 originem
2576 3471 2837 3543 plerique
2869 3472 3215 3526 recentiores
3269 3472 3680 3529 Francicarum

2034 3560 2231 3615 rerum
2254 3543 2712 3615 ihistoriographi
2747 3558 2808 3598 se
2841 3543 3111 3615 ignorare
3138 3544 3436 3615 fatentur),
3469 3561 3686 3613 genea-

2033 3614 2183 3684 logia
2217 3612 2536 3683 Martiaque
2567 3612 2750 3685 gesta,
2786 3621 2986 3684 prater
3020 3612 3283 3670 Locbiaci
3318 3612 3522 3686 templi
3555 3634 3685 3674 con-

2035 3686 2417 3740 structionem
2454 3685 2838 3741 ditfusissime
2896 3687 3246 3740 referuntur.
3282 3685 3557 3742 Eamdem
3596 3690 3689 3744 hi-

2036 3759 2274 3813 storiam
2320 3764 2376 3811 et
2410 3758 2670 3812 Latinam
2721 3762 2779 3812 et
2819 3758 3093 3810 Gallicam
3148 3756 3212 3811 D.
3264 3757 3445 3814 Nico].
3508 3761 3689 3815 Bran-

2036 3830 2249 3885 chutus
2284 3829 2695 3884 Lochiensium
2722 3829 3159 3899 prepraeiectus,
3184 3828 3690 3886 Belliloceusium-

2036 3917 2151 3971 que
2176 3902 2357 3969 judex
2393 3900 2532 3954 mihi
2583 3902 3023 3955 exscribendam
3082 3917 3200 3955 una
3243 3915 3377 3956 cum
3439 3901 3694 3958 archivis

2036 3972 2259 4046 aliquot
2309 3972 2575 4027 Ecclesiaa
2628 3972 2966 4046 Lochiensis
2998 3973 3055 4025 in
3097 3973 3178 4046 §0
3207 3973 3395 4046 capita
3443 3974 3695 4046 digestis

2036 4042 2317 4099 tradidit:
2380 4061 2507 4113 quae
2564 4048 2759 4098 tamen
2814 4044 3035 4113 absque
3097 4042 3163 4096 R.
3229 4042 3289 4098 P.
3349 4045 3411 4099 D.
3457 4042 3695 4101 Antonii

2042 4117 2227 4171 Isauri
2259 4114 2318 4169 S.
2351 4115 2621 4186 Cypriani
2663 4114 2878 4169 Pictavi
2935 4115 3183 4178 abbatis,
3243 4118 3301 4169 et
3363 4116 3695 4173 Lochiensis

2043 4187 2307 4243 Ecclesiae
2343 4186 2551 4254 prioris
2602 4187 2898 4258 totiusque
2951 4187 3223 4258 adeoque
3258 4187 3512 4258 capituli
3557 4205 3693 4243 con-

2047 4276 2223 4315 sensu
2257 4265 2315 4313 et
2341 4260 2505 4328 jussu
2546 4257 2839 4318 publicare
2870 4257 3070 4313 nolim.
3097 4256 3475 4314 Archiva'illa
3498 4259 3564 4314 D.
3598 4265 3698 4314 Pe-

2047 4332 2117 4385 tri
2178 4330 2444 4405 Sandillii
2501 4328 2817 4405 αῷτόγραφα
2874 4336 3033 4405 sunt,
3103 4328 3274 4405 cujus
3330 4331 3697 4405 elegantissi-

2048 4418 2207 4458 mum
2241 4400 2963 4473 ecclesiasticae'prosodiae
2995 4404 3241 4473 cpusin
3296 4400 3560 4471 ejusdem
3594 4405 3696 4459 Ec-

2047 4474 2235 4529 clesiae
2269 4473 2446 4527 choro
2487 4477 2772 4538 servatur,
2806 4473 2957 4543 quod
3021 4472 3165 4526 mihi
3215 4472 3692 4530 doctissimorum

2046 4547 2300 4599 virorum
2336 4550 2401 4599 Β.
2437 4544 2729 4599 Francisci
2776 4544 3058 4597 Marronis
3104 4544 3320 4598 ibidem
3357 4548 3609 4601 cantoris
3643 4552 3697 4600 et

2047 4617 2309 4672 canonici
2343 4622 2400 4670 et
2449 4624 2515 4673 D.
2552 4616 2790 4672 Antonii
2840 4616 3178 4676 Baraudini,
3229 4617 3331 4685 qui
3380 4619 3699 4672 canonicus

2046 4694 2103 4743 et
2136 4691 2260 4760 ipse
2294 4688 2567 4760 beatique
2599 4687 2730 4744 Ursi
2765 4686 3193 4760 parochusest,
3241 4689 3520 4759 auspiciis
3547 4688 3695 4744 idem

2048 4761 2113 4815 R.
2148 4754 2210 4815 Ῑ),
2246 4754 2488 4815 Isaurus
2542 4765 2601 4815 et
2645 4754 2835 4814 caeteri
2887 4754 3199 4828 συμμύσται
3254 4754 3394 4812 mihi
3446 4766 3501 4815 et
3532 4760 3702 4815 disci-

2048 4833 2204 4903 pulis
2236 4831 2461 4901 aliquot
2493 4833 2637 4885 meis
2670 4830 3131 4903 exscribendum
3153 4829 3701 4903 tradiderunt.Sunt

2048 4901 2180 4959 vero
2208 4904 2349 4958 mihi
2383 4909 2439 4957 et
2486 4903 2773 4972 opuscula
2825 4901 3045 4969 aliquot
3101 4901 3254 4972 doct.
3296 4901 3548 4967 theologi
3596 4902 3697 4958 Ni-

2046 4974 2191 5030 colai
2225 4971 2587 5029 Bartoloméei
2621 4972 2982 5029 Lochiensis.
3018 4976 3080 5045 Β.
3115 4971 3370 5042 Virginis
3400 4976 3696 5045 evangeli-

2046 5063 2123 5101 ca
2162 5046 2315 5113 apud
2365 5046 2720 5111 Aurelianus,
2783 5045 2922 5098 dum
2984 5044 3221 5106 viveret,
3285 5045 3515 5100 abbatis
3570 5044 3698 5116 qua:

2048 5120 2158 5188 piis
2212 5118 2474 5172 moribus
2518 5123 2574 5172 et
2621 5116 2883 5171 doctrina
2942 5120 3308 5188 venerandus
3339 5120 3417 5188 VD.
3462 5116 3702 5188 Stepha-

2045 5186 2159 5244 nus
2192 5189 2503 5255 Pavonius,
2538 5188 2599 5243 B.
2634 5188 2763 5244 Ursi
2816 5186 3216 5257 proparochus
3271 5187 3415 5242 mihi
3448 5186 3697 5243 commi-

2046 5263 2141 5327 sit,
2178 5278 2308 5331 quae
2340 5276 2471 5314 cum
2510 5268 2660 5316 Deus
2692 5259 3091 5331 voletChristo
3122 5258 3416 5329 Xylonico.
3442 5260 3701 5328 Ennoeis,

2045 5339 2099 5387 et
2133 5329 2350 5388 caeteris
2384 5332 2527 5386 tanti
2556 5333 2665 5385 viri
2694 5333 2815 5401 jam
2855 5329 3078 5399 pridem
3135 5331 3535 5400 prostantibus
3566 5333 3702 5386 scri-

2087 5404 2161 5457 tis
2211 5405 2623 5473 adiungentur.
2666 5402 2945 5457 Tacendze
2982 5418 3092 5455 non
3157 5408 3295 5456 sunt
3356 5402 3700 5473 rhythmich

2087 5421 2161 5457 us
2211 5421 2623 5473 aiunngentur.
2676 5421 2945 5457 tacendae
2982 5421 3092 5455 non
3157 5421 3295 5456 sunt
3356 5421 3698 5473 rnytnmicaa

2045 5421 2256 5529 liatinze
2291 5492 2344 5528 in
2379 5474 2605 5535 singula
2638 5473 2844 5529 Biblici
2870 5473 3073 5542 organi
3107 5479 3298 5542 capita
3321 5474 3698 5544 hypotheses,

2045 5548 2261 5616 quibus
2313 5547 2692 5601 doctissimus
2736 5545 2831 5599 ille
2890 5544 3179 5616 emnobita
3218 5544 3283 5600 D.
3333 5545 3615 5601 Claudius
3664 5565 3699 5603 a

286 5600 1647 5690 monasterio,quovdwsanctissimaai'l‘rinitati,
1672 5600 1930 5676 licmleﬂsti
1967 5600 2010 5663 D
2044 5600 2219 5683 ﬂacu,
2257 5624 2313 5672 D.
2344 5600 2642 5674 Guillelmi
2675 5600 2852 5673 Maini
2894 5615 3187 5682 dimcetes,
3230 5623 3285 5690 et
3315 5616 3373 5672 S.
3432 5600 3698 5690 Catheri:

284 5690 644 5760 hierarchiaz,
700 5689 1117 5763 Dominicoque
1156 5690 1444 5763 sepulcro,
1490 5689 1929 5748 illustrissimus

2043 5707 2128 5746 nae
2180 5689 2664 5762 Bothomagensis
2704 5690 2883 5761 prior,
2940 5687 3398 5759 mouasteriique
3456 5688 3696 5747 Bellilo-
