4054 6454
256 386 425 457 136ὕ

1623 377 2018 453 ἝῌΕΒΑΗΒΙ
2065 376 2212 437 LIB.
2260 375 2336 447 γ.

3548 372 3708 453 iace

336 523 490 585 cum
525 520 676 581 enim
711 518 937 578 Patrem
1001 519 1255 589 perfecte
1313 522 1371 574 et
1421 519 1618 572 exacte
1665 530 1778 570 non
1827 529 1924 569 co-
1955 515 2008 595 Α
2038 514 2253 569 essent.
2287 511 2399 579 Qui
2432 528 2564 567 cum
2598 511 2729 568 aliis
2757 509 3051 586 episcopis
3081 508 3139 579 in
3192 507 3511 577 Palaestina
3569 523 3680 581 con

259 619 538 684 gnoscat,
571 627 639 667 ea
692 611 763 664 de
816 625 997 665 causa
1055 625 1161 666 nec
1210 624 1344 667 eum
1404 606 1650 679 perfecte
1698 618 1928 674 quoque

256 703 467 758 videre
500 704 690 771 potest
719 716 732 766 ;
764 699 883 759 imo
916 712 987 753 ne
1019 714 1187 757 suam
1217 697 1455 769 quidem
1486 694 1677 765 ipsius
1725 708 1924 749 988811-

253 792 434 857 tiam,
470 788 660 861 qualis
690 788 789 857 sit,
819 792 1182 858 perspectam
1216 792 1272 848 et
1320 784 1678 857 exploratam
1725 781 1923 849 habet,

253 897 399 937 cum
439 885 675 950 propter
706 893 811 932 nos
855 877 1040 937 factus
1090 876 1284 941 fuerit,
1349 881 1407 935 ut
1460 890 1564 935 nos
1614 887 1716 949 per
1765 886 1923 935 eum,

251 970 433 1041 quasi
470 968 769 1039 quoddam
806 964 1267 1027 instrumentum
1322 966 1545 1019 crearet
1596 966 1766 1029 Deus,
1819 975 1925 1027 nec

254 1073 529 1129 Unquam
584 1054 951 1117 substitisset
1006 1052 1125 1121 ille,
1183 1052 1296 1113 nisi
1354 1052 1509 1113 Deus
1567 1065 1760 1117 creare
1819 1065 1923 1113 nos

247 1148 567 1207 voluisset.

328 1240 515 1293 Porro
568 1233 820 1307 τρεπτὸν,
878 1250 979 1295 seu
1040 1232 1352 1295 mutationi
1404 1230 1749 1305 obnoxium,
1804 1246 1918 1291 non

251 1328 469 1387 minus
500 1342 673 1396 quam
709 1322 1035 1386 diabolum,
1067 1321 1388 1387 asserebat,
1420 1319 1637 1389 quippe
1665 1318 1762 1388 qui
1818 1334 1925 1372 na—

245 1422 391 1473 tura
429 1413 741 1473 mutationi
774 1412 1023 1476 obnoxia
1049 1416 1294 1478 constet,
1322 1425 1454 1471 cum
1488 1414 1545 1462 et
1573 1408 1825 1479 genitus,
1865 1412 1923 1471 et

244 1505 574 1567 mutationi
610 1504 687 1557 sit
716 1502 1030 1563 obnoxius.

320 1596 445 1651 Nec
474 1594 567 1649 his
588 1598 928 1662 contentus,
980 1599 1041 1651 ut
1099 1589 1493 1649 Theodoritus
1550 1590 1756 1645 auctor
1807 1590 1916 1655 est,

244 1689 459 1743 carnis
491 1699 726 1755 quoque
757 1699 791 1736 a
819 1681 1007 1737 Verbo
1042 1683 1361 1750 assumptus
1395 1677 1736 1749 mysterium
1787 1692 1919 1745 mu-

243 1776 482 1837 tilahat,
520 1790 654 1830 cum
688 1773 909 1827 diceret
937 1787 1153 1844 corpus
1205 1768 1533 1827 inanimum
1576 1784 1610 1823 a
1664 1768 1914 1829 Domino

246 1875 659 1937 assumptum,
717 1862 1201 1931 divinitatemque
1263 1858 1482 1915 muniis
1556 1858 1735 1931 animi
1787 1873 1992 1959 ρετ-Β

244 1958 523 2013 functam
556 1970 698 2009 esse.
734 1951 958 2017 Quibus
988 1949 1180 2004 verbis
1229 1947 1521 2006 divinitati
1579 1945 1912 2017 συμπάθειαν

241 2046 444 2113 illam,
479 2059 584 2099 seu
643 2039 963 2098 naturalem
1022 2054 1155 2111 cum
1235 2053 1474 2107 corpore
1553 2051 1909 2100 ciinsepspm

245 2133 516 2204 afﬁngit.

937 2235 1087 2290 CAP.
1138 2234 1230 2290 IlI.

239 2351 315 2404 De
373 2346 584 2418 synodo
643 2342 1021 2418 Alexandrina
1093 2344 1318 2418 centum
1385 2338 1782 2418 episcoporum,
1844 2339 1905 2415 in

316 2410 433 2489 quo
488 2434 612 2471 cum
672 2418 813 2489 Ario
855 2417 1097 2486 quinque
1170 2412 1502 2489 presbyteri,
1562 2410 1911 2489 totidemque

316 2482 555 2616 dictioni
591 2482 875 2558 ﬂaminia,
918 2482 1018 2545 seu
1061 2484 1240 2555 gradu
1284 2482 1659 2545 eCctesiastina
1716 2482 1914 2553 dejecti

316 2580 431 2616 sun
464 2603 477 2616 .

314 2580 477 2619 sunt.

316 2675 454 2725 Haec
482 2674 540 2723 et
569 2665 911 2738 huiusmodi
937 2665 1175 2722 fuerunt
1223 2663 1441 2735 impuri
1469 2661 1589 2718 Arii
1612 2663 1911 2734 dogmata,

244 2760 473 2831 quibus
505 2757 807 2829 plerosque
847 2753 1057 2813 inretiit
1085 2752 1459 2813 incautiores.
1509 2751 1794 2807 Caeterum
1846 2752 1909 2807 B.

242 2846 579 2905 Alexander
637 2845 890 2914 primum
959 2841 1196 2912 quidem
1265 2840 1800 2901 corhortationibus
1858 2845 1915 2899 et

246 2935 522 2994 consiliis
562 2932 862 2993 hominem
905 2932 977 2987 ab
1036 2930 1302 2993 instituto
1361 2945 1629 2991 revocare
1667 2934 1914 2989 conatus

248 3032 375 3084 est:
413 3024 511 3080 ubi
539 3029 732 3079 autem
782 3021 1069 3093 comperit
1127 3037 1260 3083 eum
1318 3020 1680 3092 impietatem
1743 3037 1914 3083 suam

248 3114 493 3190 publice
536 3110 815 3184 proﬁteri,
867 3110 1159 3183 synodum
1209 3109 1626 3181 provincialem
1680 3116 1912 3175 centum

246 3220 436 3277 prope
483 3202 892 3271 episcoporum
952 3198 1178 3271 coegit:
1244 3200 1300 3257 in
1362 3215 1477 3271 qua
1537 3214 1651 3263 non
1711 3199 1912 3261 Arium

245 3263 470 3361 solum,
504 3263 602 3349 sed
636 3263 885 3351 Arianos
928 3263 1164 3359 quoque
1223 3263 1538 3354 Achillem,
1594 3286 1912 3348 Ethalem,
1946 3263 1988 3330 (ἶ

244 3387 601 3454 Carponem,
636 3378 838 3438 Arium
894 3379 1165 3441 alterum,
1201 3378 1548 3445 Sarmatam,
1601 3378 1906 3444 Euzoium,

241 3474 524 3538 Lucium,
558 3470 794 3539 Menan,
826 3466 1180 3531 Helladium,
1227 3472 1284 3525 et
1331 3467 1533 3527 Caium
1595 3468 1667 3527 de
1726 3468 1906 3538 gradu

245 3563 486 3634 dejecit.

322 3652 404 3707 Ex
435 3649 648 3703 horum
680 3662 851 3718 porro
894 3659 1136 3703 numero
1178 3643 1498 3717 presbyteri
1557 3646 1744 3712 erant,
1792 3659 1911 3708 non

261 3743 393 3813 ipse
426 3737 712 3793 duntaxat
740 3735 935 3802 Arius,
971 3733 1068 3789 sed
1104 3733 1282 3793 etiam
1314 3732 1592 3798 Ethales,
1630 3731 1908 3801 Achilles,

248 3831 506 3899 Carpon,
540 3826 860 3893 Sarmatas,
894 3830 947 3881 et
1011 3822 1179 3881 Arius
1239 3821 1402 3878 alter.
1463 3822 1660 3878 Castori
1713 3825 1908 3883 autem

250 3936 464 3977 omnes
496 3916 745 3979 diaconi.

936 4003 1093 4062 CAP.
1138 4003 1232 4059 IV.

248 4120 321 4173 De
361 4117 702 4172 Arianorum
728 4113 1085 4167 ducentorum
1114 4109 1494 4179 episcoporum
1511 4110 1915 4165 Nicomediensi

391 4195 583 4245 contra
613 4184 949 4240 orthodoxa:
981 4182 1369 4237 homouu‘anos
1419 4182 1768 4252 antisynodo.

318 4292 842 4350 Verumenimvero
916 4288 1093 4345 Arius
1182 4304 1309 4353 quae
1382 4289 1700 4343 subsecuta
1777 4292 1916 4345 sunt

244 4386 472 4447 omnia,
535 4399 603 4437 ea
667 4379 904 4451 scripsit
961 4378 1032 4433 ad
1092 4376 1433 4443 Eusebium,
1494 4377 1595 4447 qui
1655 4378 1910 4449 primum

243 4474 469 4547 Beryti,
504 4471 715 4527 deinde
755 4467 1127 4531 Nicomedis,
1183 4484 1309 4537 quae
1368 4466 1428 4520 in
1486 4466 1761 4536 Bithynia
1806 4476 1911 4536 est,

247 4565 587 4636 episcopus,
618 4559 753 4613 inde
776 4554 1325 4627 Constantinopolin
1351 4555 1682 4635 translatus
1708 4558 1913 4612 fuerat.

2038 600 2339 657 venientes
2371 600 2487 657 Arii
2526 599 2836 675 postulatis
2873 599 3376 668 supscripserunt.

2737 708 2893 763 CAP.
2926 707 2993 762 V.

2026 818 2100 871 De
2132 818 2357 873 Niczna
2388 820 2760 872 trecentorum
2788 816 3187 886 episcoporum,
3219 812 3488 881 auspiciis
3539 812 3697 886 Con-

2099 888 2339 943 stantini
2370 888 2547 959 tltagni
2575 888 2783 959 synodo
2821 883 3036 952 coacta,
3089 887 3560 957 contr-aversisque
3633 883 3699 938 de

2102 959 2329 1029 Pascha
2356 961 2497 1027 festo
2527 959 2821 1028 dogmatis.

2101 1071 2171 1120 At
2201 1068 2410 1123 beatus
2461 1066 2786 1123 Alexander
2844 1064 2965 1121 haec
3022 1065 3144 1132 jam
3202 1066 3332 1118 tuto
3401 1063 3699 1149 supprimi

2029 1156 2261 1212 silentio
2292 1173 2407 1211 non
2443 1172 2612 1226 posse
2648 1163 2823 1220 ratus,
2859 1154 2927 1209 ad
2962 1151 3407 1219 Antiochenam,
3458 1151 3672 1209 Roma-

2027 1264 2168 1303 num
2200 1252 2257 1303 et
2288 1247 2599 1319 plerosque
2630 1246 2778 1301 alios
2820 1242 3098 1316 praesules
3146 1242 3369 1310 scribit,
3424 1258 3680 1311 quorum

2028 1353 2205 1408 opera
2239 1352 2488 1407 magnus
2522 1335 2618 1391 ille
2647 1332 3067 1393 Constantinus
3109 1330 3430 1402 imperator
3475 1330 3690 1389 certior

2028 1426 2123 1481 his
2153 1427 2225 1482 de
2255 1426 2429 1482 rebus
2478 1426 2691 1493 factus,
2744 1440 2853 1478 non
2904 1420 3278 1483 mediocriter
3328 1418 3525 1477 dolere
3569 1436 3691 1475 cae-

2028 1514 2134 1585 pit,
2168 1532 2234 1570 eo
2274 1513 2599 1586 praesertim
2634 1512 2890 1571 nomine.
2922 1510 3078 1582 quod
3136 1510 3193 1563 in
3253 1525 3456 1564 recens
3506 1507 3685 1578 jactis

2026 1600 2160 1656 ﬁdei
2191 1601 2536 1658 Christianae
2571 1596 2973 1659 fundamentis
3002 1597 3348 1667 dogmatum
3398 1593 3693 1658 dieeordia

2025 1689 2242 1745 multos
2283 1690 2357 1746 ab
2414 1687 2801 1760 amplexando
2856 1684 3306 1747 Christianismo
3369 1686 3684 1747 revocaret.

2096 1780 2426 1845 Quinetiam
2486 1794 2618 1834 cum
2674 1776 2865 1836 eidem
2939 1773 3373 1835 renuntiaretur
3451 1770 3682 1833 Pascha

2025 1868 2239 1924 festum
2275 1886 2308 1922 a
2339 1867 2721 1939 quibusdam,
2756 1864 2871 1923 ritu
2902 1865 2975 1937 ab
3005 1880 3071 1921 eo
3103 1863 3200 1933 qui
3233 1860 3450 1933 passim
3497 1860 3689 1923 inole-

2019 1965 2181 2014 verat
2219 1958 2466 2022 diverso,
2529 1955 2829 2021 celebrari,
2892 1953 3005 2008 dici
3065 1968 3180 2008 non
3238 1953 3445 2021 potest,
3501 1966 3681 2021 quam

2020 2046 2274 2118 graviter
2302 2046 2359 2100 id
2395 2045 2756 2115 molesteque
2783 2044 2977 2097 ferret.

2090 2135 2375 2200 Quocirca
2439 2134 2909 2203 sacratissimum
2983 2130 3261 2205 Cordubae
3340 2128 3682 2200 episcopum

2017 2224 2283 2288 Hosium,
2334 2222 2523 2277 virum
2582 2222 2691 2275 ﬁde
2742 2220 3125 2290 moribusque
3173 2216 3680 2289 probatissimum,

2020 2312 2120 2385 qui
2153 2317 2324 2367 antea
2353 2311 2427 2366 iis
2473 2309 2851 2384 inclaruerat,
2903 2324 3031 2378 quae
3077 2322 3255 2378 super
3310 2310 3680 2362 controverso

2019 2403 2295 2473 dogmate
2324 2400 2622 2471 professus
2654 2398 2860 2464 fuerat,
2914 2412 3098 2468 eaque
3150 2392 3220 2450 de
3276 2411 3456 2451 causa
3508 2394 3678 2450 illum

2019 2495 2077 2545 et
2103 2488 2507 2547 benevolentia
2536 2493 2592 2543 et
2632 2487 2852 2542 honore
2893 2484 3377 2557 prosequebatur,
3434 2483 3677 2553 Alexan-

2020 2579 2210 2635 driam
2244 2578 2496 2649 ablegat,
2530 2580 2594 2637 ut
2622 2592 2723 2633 eos
2776 2572 3132 2640 reconciliet,
3182 2572 3284 2644 qui
3332 2573 3675 2640 seditionem

2018 2673 2098 2728 ibi
2135 2689 2312 2745 super
2350 2675 2623 2744 dogmate
2653 2671 3050 2737 concitabant,
3082 2677 3256 2740 atque
3290 2667 3421 2727 illos
3469 2668 3673 2734 etiam,

2021 2763 2214 2832 quiin
2263 2763 2492 2817 Oriente
2549 2762 2622 2817 de
2675 2760 2909 2817 Paschae
2972 2758 3121 2815 festo
3172 2756 3674 2828 digladiabantur.

2021 2851 2291 2918 Quicum
2354 2867 2413 2906 re
2466 2850 2679 2905 infecta
2739 2848 3033 2909 rediisset.
3086 2847 3317 2917 publico
3371 2862 3676 2918 program-

2022 2944 2180 2994 mate
2212 2938 2531 3007 imperator
2560 2935 2763 3004 edixit,
2799 2939 2864 2990 ut
2894 2950 3097 2995 omnes
3126 2932 3380 3004 episcopi
3421 2933 3674 2997 Nicaeam

2022 3026 2305 3100 Bythiniae
2337 3025 2704 3094 metropolim
2739 3024 3134 3080 convenirent.

2092 3115 2387 3186 Quotquot
2417 3114 2615 3185 itaque
2648 3114 2760 3169 sub
2792 3117 3052 3173 Romano
3083 3111 3377 3182 degebant
3411 3111 3677 3181 imperio,

2030 3204 2308 3263 nimirum
2368 3203 2607 3261 trecenti
2684 3201 3005 3263 octodecim
3084 3205 3481 3263 convenerunt
3555 3200 3675 3272 epi-

2028 3295 2210 3365 scopi,
2245 3292 2501 3365 demptis
2532 3292 2624 3358 iis,
2655 3308 2804 3362 quos
2831 3291 2923 3347 vel
2972 3292 3214 3353 morbus
3263 3288 3353 3345 vel
3403 3293 3542 3346 aetas
3591 3291 3680 3345 in-

2017 3399 2363 3453 gravescens
2405 3381 2563 3441 domi
2625 3381 2937 3451 detinebat.
2997 3380 3140 3444 Cum
3195 3378 3350 3445 enim
3410 3378 3673 3439 nondum

2019 3473 2357 3531 civitatibus
2389 3471 2665 3545 omnibus
2697 3471 2820 3531 suis
2854 3470 3161 3541 obtigisset
3209 3469 3544 3541 episcopus,
3604 3485 3670 3535 eo

2019 3563 2237 3633 factum
2270 3565 2379 3629 est,
2411 3566 2474 3616 ut
2506 3559 2705 3632 plures
2734 3559 2792 3619 id
2826 3558 3107 3629 temporis
3130 3575 3243 3623 non
3269 3560 3666 3624 convenerint.

2019 3651 2456 3719 Provinciarum
2491 3650 2647 3706 enim
2683 3647 2807 3706 aliae
2842 3648 2941 3704 uni
2976 3652 3205 3707 tantum
3257 3648 3558 3718 parebant,
3604 3652 3672 3703 ut

2017 3741 2271 3813 Scythia,
2305 3757 2406 3800 seu
2444 3738 2640 3805 Rosia,
2674 3738 2731 3793 in
2757 3737 3102 3793 hodiernum
3132 3752 3318 3806 usque
3341 3736 3521 3804 diem,
3546 3735 3673 3797 aliis

2020 3831 2165 3886 duos
2196 3834 2299 3885 aut
2329 3829 2399 3883 ad
2434 3844 2734 3889 summum
2766 3831 2885 3889 tres
2914 3825 3231 3891 habebant,
3268 3829 3332 3887 ut
3362 3823 3673 3887 Dalmatia.
3766 3888 3771 3897 ι

2021 3918 2347 3976 Posteriore
2377 3935 2511 3974 vero
2545 3923 2808 3987 tempore
2840 3915 3141 3988 plerisque
3173 3931 3289 3975 non
3342 3915 3680 3975 civitatibus

2020 4012 2273 4076 tantum,
2333 4009 2436 4064 sed
2492 4006 2669 4063 etiam
2729 4006 2962 4077 oppidis
3020 4003 3110 4059 sui
3170 4004 3291 4061 dati
3360 4009 3501 4063 sunt
3555 4005 3682 4077 epi-

2026 4097 2210 4171 scopi.

2701 4184 2858 4240 CAP.
2895 4183 2994 4238 VI.

2202 4292 2420 4365 Synodo
2453 4291 2689 4346 Nicena
2729 4289 3348 4365 quinam_prae/uer_int,
3403 4300 3501 4346 aut

2361 4366 2781 4437 convocatorum
2808 4365 2927 4418 vice
2957 4361 3336 4432 inter/uerint.

2094 4472 2227 4526 Jum
2262 4487 2395 4527 vero
2425 4470 2517 4523 his
2546 4468 2647 4540 qui
2680 4470 2750 4524 ad
2787 4469 3100 4524 concilium
3126 4476 3517 4525 convenerant
3543 4488 3682 4542 prm-

2025 4561 2223 4614 fuere:
2280 4558 2572 4615 Macarius
2630 4558 3181 4629 Hierosolymorum,
3233 4564 3291 4614 et
3334 4560 3681 4615 Eustathius

319 4654 537 4710 Coacta
570 4665 740 4720 porro
781 4646 1134 4701 Nicomediae
1176 4632 1431 4717 synodo,
1484 4661 1617 4699 cum
1674 4645 1911 4700 ducenti
1950 4632 1989 4694 ί)
2022 4647 2520 4703 Antiochenorum
2556 4647 2883 4718 pontifices,
2919 4662 3168 4713 quorum
3200 4646 3294 4701 hic
3327 4648 3499 4717 patilo
3526 4654 3682 4715 ante,

251 4740 691 4813 quinquaginta
724 4735 979 4807 episcopi
1010 4751 1076 4789 eo
1135 4734 1563 4801 convenissent,
1626 4735 1915 4790 universis

252 4829 547 4901 episcopis
580 4827 836 4896 scripsit,
866 4832 929 4879 ut
962 4840 1093 4879 cum
1120 4824 1252 4878 Ario
1284 4828 1567 4894 tanquam
1595 4824 1914 4889 orthodoxe

252 4918 798 4976 communicarent:
835 4931 984 4985 quos
1010 4918 1229 4979 tamen,
1264 4913 1324 4968 id
1377 4917 1438 4967 ut
1485 4913 1760 4981 facerent,
1811 4913 1916 4968 ad-

252 5012 467 5065 ducere
501 5024 613 5061 non
650 5005 852 5075 potuit.

321 5103 607 5154 Caeterum
666 5110 800 5148 cum
860 5091 1175 5147 Eusebiaui
1233 5090 1542 5157 instarent,
1614 5091 1914 5163 accitoque

248 5190 409 5255 Ario,
443 5191 499 5241 et
529 5182 1033 5239 excommunicato
1057 5180 1379 5235 Alexandro
1399 5180 1757 5236 Alexandriae
1779 5198 1916 5253 pon-

249 5276 428 5339 tifice,
465 5273 757 5329 bomousii
790 5268 1034 5324 haeresin
1090 5267 1453 5323 anathemati
1503 5269 1910 5340 subjecissent,

250 5364 345 5418 hic
380 5362 643 5417 animum
677 5358 968 5430 recipiens
998 5357 1171 5411 Arius
1202 5356 1427 5428 legatos
1474 5358 1545 5412 ad
1600 5356 1910 5414 Paulinum

251 5453 412 5525 Tyri,
448 5469 552 5506 nec
578 5468 693 5507 non
716 5442 1033 5506 Eusebium
1053 5447 1348 5513 Caasarere,
1374 5463 1501 5518 qua;
1522 5448 1583 5502 in
1606 5447 1914 5507 Palaestina

257 5559 366 5605 εει,
403 5541 810 5611 Patrophilum
844 5537 1262 5610 Scythopoleos
1291 5538 1599 5608 episcopos
1631 5538 1831 5604 mittit,
1881 5555 1915 5593 a

260 5632 479 5700 quibus
512 5630 744 5701 petebat
775 5633 840 5683 ut
889 5626 1001 5684 sibi
1052 5626 1294 5697 suisque
1340 5627 1649 5681 conciones
1696 5627 1766 5681 ad
1813 5643 1914 5697 po-

264 5718 465 5790 pulum
499 5719 711 5774 habere
741 5717 1178 5785 concederetur,
1213 5717 1410 5785 utpote
1443 5714 1545 5786 qui
1592 5716 1914 5788 presbyteri

2027 4736 2325 4792 communi
2359 4752 2559 4791 eorum
2594 4738 2696 4807 qui
2748 4739 3141 4790 convenerant
3189 4735 3415 4789 calculo
3466 4736 3680 4804 dignus

2026 4825 2349 4896 apostolica
2399 4826 2535 4881 sede
2594 4823 2833 4879 habitus
2894 4824 3108 4889 fuerat,
3159 4827 3335 4894 atque
3375 4825 3591 4881 idcirco
3650 4843 3681 4883 e

2025 4914 2281 4970 finitima
2311 4915 2540 4970 Berrma
2579 4913 2950 4969 Antiochiam
3020 4919 3313 4967 evocatus.
3374 4914 3678 4986 Siquidem

2024 5010 2158 5076 post
2186 5004 2505 5072 Domuum,
2537 5002 2633 5072 qui
2670 5001 2840 5056 Paulo
2872 5001 3253 5057 Samosateno
3299 5015 3679 5064 successerat.

2024 5094 2399 5150 Antiochene
2447 5091 2720 5149 Ecclesiae
2773 5091 3085 5163 praefuerat
3142 5092 3394 5149 Timzeus
3470 5094 3681 5152 deinde

2026 5182 2313 5255 Cyrillus:
2346 5187 2470 5237 tum
2516 5179 2743 5245 Vitalis,
2797 5180 2889 5233 cui
2944 5179 3323 5252 Philogonius
3380 5186 3681 5255 successit,

2028 5288 2201 5342 quem
2236 5270 2519 5327 Paulinus
2550 5271 2904 5324 subsecutus
2957 5274 3063 5337 est,
3109 5274 3167 5325 et
3220 5272 3526 5329 Paulinum
3567 5278 3682 5330 Ro.

2026 5378 2240 5417 manus
2272 5363 2322 5417 is
2354 5360 2454 5432 qui
2489 5359 2951 5431 comprehensus
2983 5376 3115 5414 cum
3148 5376 3250 5430 pro
3281 5361 3494 5425 Christi
3541 5364 3675 5421 reli-

2026 5451 2199 5523 gione
2242 5451 2456 5505 tuenda
2507 5447 2784 5521 martyrio
2835 5448 3014 5503 vitam
3065 5449 3314 5516 finisset,
3367 5453 3682 5511 Antiochia

2025 5539 2299 5611 episcopo
2331 5538 2502 5592 Vidua
2534 5538 2735 5591 relicta
2764 5543 2876 5603 est,
2919 5538 3056 5607 quia
3105 5538 3410 5607 nimirum,
3464 5545 3529 5596 ut
3577 5560 3683 5613 par

2026 5632 2135 5695 est,
2197 5643 2298 5697 per
2353 5631 2737 5697 tyrannorum
2792 5624 3227 5697 persecutiones
3273 5628 3674 5701 episcoporum

2024 5715 2227 5772 electio
2259 5713 2443 5770 libera
2467 5729 2582 5776 non
2605 5719 2779 5771 esset.
