  <div class='ocr_page' id='page_1' title='image "/cluster/home/n/w/nwhite01/storage/ocr_20150623/139:no.1/coo.31924054870443/693.png"; bbox 0 0 4054 6450; ppageno 0'>
   <div class='ocr_carea' id='block_1_1' title="bbox 339 401 492 462">
    <p class='ocr_par' dir='ltr' id='par_1_1' title="bbox 339 401 492 462">
     <span class='ocr_line' id='line_1_1' title="bbox 339 401 492 462; baseline 0 -2"><span class='ocrx_word' id='word_1_1' title='bbox 339 402 366 460; x_wconf 74' lang='grc'><strong>1</strong></span> <span class='ocrx_word' id='word_1_2' title='bbox 378 401 492 462; x_wconf 82' lang='grc' dir='ltr'><strong>36Ἰ</strong></span> 
     </span>
    </p>
   </div>
   <div class='ocr_carea' id='block_1_2' title="bbox 1645 389 2423 458">
    <p class='ocr_par' dir='ltr' id='par_1_2' title="bbox 1645 389 2423 458">
     <span class='ocr_line' id='line_1_2' title="bbox 1645 389 2423 458; baseline -0.01 1"><span class='ocrx_word' id='word_1_3' title='bbox 1645 394 1952 458; x_wconf 68' lang='lat' dir='ltr'><strong>NICETIE</strong></span> <span class='ocrx_word' id='word_1_4' title='bbox 1993 389 2423 452; x_wconf 60' lang='lat' dir='ltr'><strong>CHONIATE</strong></span> 
     </span>
    </p>
   </div>
   <div class='ocr_carea' id='block_1_3' title="bbox 3627 393 3804 456">
    <p class='ocr_par' dir='ltr' id='par_1_3' title="bbox 3627 393 3804 456">
     <span class='ocr_line' id='line_1_3' title="bbox 3627 393 3804 456; baseline 0.011 -4"><span class='ocrx_word' id='word_1_5' title='bbox 3627 393 3804 456; x_wconf 68' lang='lat'><strong>1368</strong></span> 
     </span>
    </p>
   </div>
   <div class='ocr_carea' id='block_1_4' title="bbox 413 520 3792 608">
    <p class='ocr_par' dir='ltr' id='par_1_4' title="bbox 413 520 3792 608">
     <span class='ocr_line' id='line_1_4' title="bbox 413 520 3792 608; baseline -0.002 -17"><span class='ocrx_word' id='word_1_6' title='bbox 413 537 471 591; x_wconf 88' lang='lat' dir='ltr'><strong>Id</strong></span> <span class='ocrx_word' id='word_1_7' title='bbox 504 551 640 608; x_wconf 91' lang='lat' dir='ltr'><strong>ergo</strong></span> <span class='ocrx_word' id='word_1_8' title='bbox 673 535 957 607; x_wconf 89' lang='lat' dir='ltr'><strong>temporis</strong></span> <span class='ocrx_word' id='word_1_9' title='bbox 980 534 1338 591; x_wconf 78' lang='lat' dir='ltr'><strong>Antiochiam</strong></span> <span class='ocrx_word' id='word_1_10' title='bbox 1366 535 1601 606; x_wconf 84' lang='lat' dir='ltr'><strong>quidem</strong></span> <span class='ocrx_word' id='word_1_11' title='bbox 1626 530 1992 598; x_wconf 75' lang='lat' dir='ltr'><strong>Eustathius,</strong></span> <span class='ocrx_word' id='word_1_12' title='bbox 2024 528 2078 594; x_wconf 84' lang='grc' dir='ltr'><strong>Α</strong></span> <span class='ocrx_word' id='word_1_13' title='bbox 2109 543 2238 597; x_wconf 71' lang='lat' dir='ltr'><strong>quae</strong></span> <span class='ocrx_word' id='word_1_14' title='bbox 2272 525 2329 579; x_wconf 91' lang='lat' dir='ltr'><strong>in</strong></span> <span class='ocrx_word' id='word_1_15' title='bbox 2363 520 2678 577; x_wconf 77' lang='lat' dir='ltr'><strong>Palaestina</strong></span> <span class='ocrx_word' id='word_1_16' title='bbox 2708 524 2820 588; x_wconf 89' lang='lat' dir='ltr'><strong>est,</strong></span> <span class='ocrx_word' id='word_1_17' title='bbox 2852 520 3196 579; x_wconf 81' lang='lat' dir='ltr'><strong>Narcissum</strong></span> <span class='ocrx_word' id='word_1_18' title='bbox 3229 523 3614 596; x_wconf 84' lang='lat' dir='ltr'><strong>Neroniadis,</strong></span> <span class='ocrx_word' id='word_1_19' title='bbox 3651 545 3792 602; x_wconf 79' lang='lat' dir='ltr'><strong>quae</strong></span> 
     </span>
    </p>
   </div>
   <div class='ocr_carea' id='block_1_5' title="bbox 338 623 1992 691">
    <p class='ocr_par' dir='ltr' id='par_1_5' title="bbox 338 623 1992 691">
     <span class='ocr_line' id='line_1_5' title="bbox 338 623 1992 691; baseline -0.005 -11"><span class='ocrx_word' id='word_1_20' title='bbox 338 625 753 681; x_wconf 79' lang='lat' dir='ltr'><strong>Alexandriam</strong></span> <span class='ocrx_word' id='word_1_21' title='bbox 795 640 929 680; x_wconf 89' lang='lat' dir='ltr'><strong>vero</strong></span> <span class='ocrx_word' id='word_1_22' title='bbox 987 623 1318 680; x_wconf 80' lang='lat' dir='ltr'><strong>Alexander</strong></span> <span class='ocrx_word' id='word_1_23' title='bbox 1367 623 1800 691; x_wconf 78' lang='lat' dir='ltr'><strong>moderabatur,</strong></span> <span class='ocrx_word' id='word_1_24' title='bbox 1859 633 1992 673; x_wconf 91' lang='lat' dir='ltr'><strong>cum</strong></span> 
     </span>
    </p>
   </div>
   <div class='ocr_carea' id='block_1_6' title="bbox 339 709 1991 787">
    <p class='ocr_par' dir='ltr' id='par_1_6' title="bbox 339 709 1991 787">
     <span class='ocr_line' id='line_1_6' title="bbox 339 709 1991 787; baseline -0.004 -19"><span class='ocrx_word' id='word_1_25' title='bbox 339 731 456 786; x_wconf 89' lang='lat' dir='ltr'><strong>quo</strong></span> <span class='ocrx_word' id='word_1_26' title='bbox 489 712 944 768; x_wconf 86' lang='lat' dir='ltr'><strong>familiarissime</strong></span> <span class='ocrx_word' id='word_1_27' title='bbox 987 712 1212 769; x_wconf 82' lang='lat' dir='ltr'><strong>vivebat</strong></span> <span class='ocrx_word' id='word_1_28' title='bbox 1269 730 1520 787; x_wconf 84' lang='lat' dir='ltr'><strong>magnus</strong></span> <span class='ocrx_word' id='word_1_29' title='bbox 1580 711 1677 768; x_wconf 87' lang='lat' dir='ltr'><strong>ille</strong></span> <span class='ocrx_word' id='word_1_30' title='bbox 1733 709 1991 764; x_wconf 85' lang='lat' dir='ltr'><strong>Athana-</strong></span> 
     </span>
    </p>
   </div>
   <div class='ocr_carea' id='block_1_7' title="bbox 341 801 1528 874">
    <p class='ocr_par' dir='ltr' id='par_1_7' title="bbox 341 801 1528 874">
     <span class='ocr_line' id='line_1_7' title="bbox 341 801 1528 874; baseline -0.003 -14"><span class='ocrx_word' id='word_1_31' title='bbox 341 805 494 870; x_wconf 82' lang='lat' dir='ltr'><strong>sius,</strong></span> <span class='ocrx_word' id='word_1_32' title='bbox 527 803 1022 873; x_wconf 88' lang='lat' dir='ltr'><strong>diaconorumque</strong></span> <span class='ocrx_word' id='word_1_33' title='bbox 1051 801 1228 857; x_wconf 90' lang='lat' dir='ltr'><strong>choro</strong></span> <span class='ocrx_word' id='word_1_34' title='bbox 1263 806 1528 874; x_wconf 66' lang='lat' dir='ltr'><strong>praeerat.</strong></span> 
     </span>
    </p>
   </div>
   <div class='ocr_carea' id='block_1_8' title="bbox 412 887 1994 961">
    <p class='ocr_par' dir='ltr' id='par_1_8' title="bbox 412 887 1994 961">
     <span class='ocr_line' id='line_1_8' title="bbox 412 887 1994 961; baseline -0.004 -15"><span class='ocrx_word' id='word_1_35' title='bbox 412 890 699 946; x_wconf 72' lang='lat' dir='ltr'><strong>Caeterum</strong></span> <span class='ocrx_word' id='word_1_36' title='bbox 729 889 868 946; x_wconf 87' lang='lat' dir='ltr'><strong>Julii</strong></span> <span class='ocrx_word' id='word_1_37' title='bbox 899 893 1295 946; x_wconf 82' lang='lat' dir='ltr'><strong>Romanorum</strong></span> <span class='ocrx_word' id='word_1_38' title='bbox 1329 889 1620 961; x_wconf 86' lang='lat' dir='ltr'><strong>pontificis</strong></span> <span class='ocrx_word' id='word_1_39' title='bbox 1643 889 1768 960; x_wconf 85' lang='lat' dir='ltr'><strong>jam</strong></span> <span class='ocrx_word' id='word_1_40' title='bbox 1795 887 1994 942; x_wconf 88' lang='lat' dir='ltr'><strong>decre-</strong></span> 
     </span>
    </p>
   </div>
   <div class='ocr_carea' id='block_1_9' title="bbox 341 976 1990 1051">
    <p class='ocr_par' dir='ltr' id='par_1_9' title="bbox 341 976 1990 1051">
     <span class='ocr_line' id='line_1_9' title="bbox 341 976 1990 1051; baseline -0.001 -19"><span class='ocrx_word' id='word_1_41' title='bbox 341 979 449 1050; x_wconf 90' lang='lat' dir='ltr'><strong>piti</strong></span> <span class='ocrx_word' id='word_1_42' title='bbox 481 978 606 1034; x_wconf 88' lang='lat' dir='ltr'><strong>loco</strong></span> <span class='ocrx_word' id='word_1_43' title='bbox 642 979 808 1033; x_wconf 85' lang='lat' dir='ltr'><strong>Biton</strong></span> <span class='ocrx_word' id='word_1_44' title='bbox 837 985 889 1032; x_wconf 90' lang='lat' dir='ltr'><strong>et</strong></span> <span class='ocrx_word' id='word_1_45' title='bbox 942 979 1288 1035; x_wconf 77' lang='lat' dir='ltr'><strong>Vincentius</strong></span> <span class='ocrx_word' id='word_1_46' title='bbox 1348 977 1664 1051; x_wconf 77' lang='lat' dir='ltr'><strong>presbyteri</strong></span> <span class='ocrx_word' id='word_1_47' title='bbox 1727 976 1990 1032; x_wconf 84' lang='lat' dir='ltr'><strong>aderant.</strong></span> 
     </span>
    </p>
   </div>
   <div class='ocr_carea' id='block_1_10' title="bbox 341 1066 1991 1140">
    <p class='ocr_par' dir='ltr' id='par_1_10' title="bbox 341 1066 1991 1140">
     <span class='ocr_line' id='line_1_10' title="bbox 341 1066 1991 1140; baseline -0.004 -17"><span class='ocrx_word' id='word_1_48' title='bbox 341 1067 731 1123; x_wconf 89' lang='lat' dir='ltr'><strong>Theodoritus</strong></span> <span class='ocrx_word' id='word_1_49' title='bbox 761 1066 1122 1140; x_wconf 72' lang='lat' dir='ltr'><strong>Sylvestrum</strong></span> <span class='ocrx_word' id='word_1_50' title='bbox 1182 1067 1241 1122; x_wconf 91' lang='lat' dir='ltr'><strong>in</strong></span> <span class='ocrx_word' id='word_1_51' title='bbox 1305 1067 1445 1123; x_wconf 81' lang='lat' dir='ltr'><strong>vivis</strong></span> <span class='ocrx_word' id='word_1_52' title='bbox 1503 1067 1678 1122; x_wconf 89' lang='lat' dir='ltr'><strong>etiam</strong></span> <span class='ocrx_word' id='word_1_53' title='bbox 1737 1073 1865 1119; x_wconf 90' lang='lat' dir='ltr'><strong>tum</strong></span> <span class='ocrx_word' id='word_1_54' title='bbox 1899 1079 1991 1118; x_wconf 84' lang='lat' dir='ltr'><strong>su-</strong></span> 
     </span>
    </p>
   </div>
   <div class='ocr_carea' id='block_1_11' title="bbox 341 1151 1991 1227">
    <p class='ocr_par' dir='ltr' id='par_1_11' title="bbox 341 1151 1991 1227">
     <span class='ocr_line' id='line_1_11' title="bbox 341 1151 1991 1227; baseline -0.002 -16"><span class='ocrx_word' id='word_1_55' title='bbox 341 1156 627 1227; x_wconf 88' lang='lat' dir='ltr'><strong>perfuisse</strong></span> <span class='ocrx_word' id='word_1_56' title='bbox 657 1161 859 1211; x_wconf 81' lang='lat' dir='ltr'><strong>auctor</strong></span> <span class='ocrx_word' id='word_1_57' title='bbox 881 1159 987 1210; x_wconf 82' lang='lat' dir='ltr'><strong>est.</strong></span> <span class='ocrx_word' id='word_1_58' title='bbox 1034 1155 1324 1211; x_wconf 89' lang='lat' dir='ltr'><strong>Eusebius</strong></span> <span class='ocrx_word' id='word_1_59' title='bbox 1376 1160 1568 1209; x_wconf 89' lang='lat' dir='ltr'><strong>autem</strong></span> <span class='ocrx_word' id='word_1_60' title='bbox 1598 1152 1887 1223; x_wconf 82' lang='lat' dir='ltr'><strong>Pamphili</strong></span> <span class='ocrx_word' id='word_1_61' title='bbox 1921 1151 1991 1207; x_wconf 88' lang='lat' dir='ltr'><strong>li-</strong></span> 
     </span>
    </p>
   </div>
   <div class='ocr_carea' id='block_1_12' title="bbox 341 1241 1994 1316">
    <p class='ocr_par' dir='ltr' id='par_1_12' title="bbox 341 1241 1994 1316">
     <span class='ocr_line' id='line_1_12' title="bbox 341 1241 1994 1316; baseline -0.003 -16"><span class='ocrx_word' id='word_1_62' title='bbox 341 1246 444 1301; x_wconf 92' lang='lat' dir='ltr'><strong>bro</strong></span> <span class='ocrx_word' id='word_1_63' title='bbox 494 1245 663 1301; x_wconf 89' lang='lat' dir='ltr'><strong>tertio</strong></span> <span class='ocrx_word' id='word_1_64' title='bbox 721 1245 796 1300; x_wconf 80' lang='lat' dir='ltr'><strong>De</strong></span> <span class='ocrx_word' id='word_1_65' title='bbox 823 1246 942 1300; x_wconf 78' lang='lat' dir='ltr'><strong>vita</strong></span> <span class='ocrx_word' id='word_1_66' title='bbox 997 1244 1352 1302; x_wconf 74' lang='lat' dir='ltr'><strong>Constantini</strong></span> <span class='ocrx_word' id='word_1_67' title='bbox 1407 1243 1780 1316; x_wconf 79' lang='lat' dir='ltr'><strong>imperatoris,</strong></span> <span class='ocrx_word' id='word_1_68' title='bbox 1842 1241 1994 1297; x_wconf 84' lang='lat' dir='ltr'><strong>Con-</strong></span> 
     </span>
    </p>
   </div>
   <div class='ocr_carea' id='block_1_13' title="bbox 340 1329 1989 1406">
    <p class='ocr_par' dir='ltr' id='par_1_13' title="bbox 340 1329 1989 1406">
     <span class='ocr_line' id='line_1_13' title="bbox 340 1329 1989 1406; baseline -0.003 -18"><span class='ocrx_word' id='word_1_69' title='bbox 340 1333 930 1406; x_wconf 86' lang='lat' dir='ltr'><strong>stantinOpolitanum</strong></span> <span class='ocrx_word' id='word_1_70' title='bbox 987 1334 1229 1406; x_wconf 85' lang='lat' dir='ltr'><strong>quidem</strong></span> <span class='ocrx_word' id='word_1_71' title='bbox 1291 1333 1624 1406; x_wconf 82' lang='lat' dir='ltr'><strong>pontificem</strong></span> <span class='ocrx_word' id='word_1_72' title='bbox 1675 1349 1710 1388; x_wconf 90' lang='lat' dir='ltr'><strong>a</strong></span> <span class='ocrx_word' id='word_1_73' title='bbox 1768 1329 1989 1400; x_wconf 70' lang='lat' dir='ltr'><strong>synodo</strong></span> 
     </span>
    </p>
   </div>
   <div class='ocr_carea' id='block_1_14' title="bbox 341 1420 1990 1494">
    <p class='ocr_par' dir='ltr' id='par_1_14' title="bbox 341 1420 1990 1494">
     <span class='ocr_line' id='line_1_14' title="bbox 341 1420 1990 1494; baseline -0.004 -16"><span class='ocrx_word' id='word_1_74' title='bbox 341 1421 600 1478; x_wconf 85' lang='lat' dir='ltr'><strong>abfuisse</strong></span> <span class='ocrx_word' id='word_1_75' title='bbox 659 1422 882 1490; x_wconf 89' lang='lat' dir='ltr'><strong>scribit,</strong></span> <span class='ocrx_word' id='word_1_76' title='bbox 945 1427 1184 1494; x_wconf 84' lang='lat' dir='ltr'><strong>propter</strong></span> <span class='ocrx_word' id='word_1_77' title='bbox 1217 1423 1468 1489; x_wconf 84' lang='lat' dir='ltr'><strong>senium,</strong></span> <span class='ocrx_word' id='word_1_78' title='bbox 1531 1427 1590 1478; x_wconf 92' lang='lat' dir='ltr'><strong>at</strong></span> <span class='ocrx_word' id='word_1_79' title='bbox 1621 1437 1831 1477; x_wconf 86' lang='lat' dir='ltr'><strong>nomen</strong></span> <span class='ocrx_word' id='word_1_80' title='bbox 1861 1420 1990 1490; x_wconf 84' lang='lat' dir='ltr'><strong>ejus</strong></span> 
     </span>
    </p>
   </div>
   <div class='ocr_carea' id='block_1_15' title="bbox 341 1510 1987 1584">
    <p class='ocr_par' dir='ltr' id='par_1_15' title="bbox 341 1510 1987 1584">
     <span class='ocr_line' id='line_1_15' title="bbox 341 1510 1987 1584; baseline -0.004 -17"><span class='ocrx_word' id='word_1_81' title='bbox 341 1510 678 1582; x_wconf 86' lang='lat' dir='ltr'><strong>supprimit,</strong></span> <span class='ocrx_word' id='word_1_82' title='bbox 711 1511 880 1582; x_wconf 86' lang='lat' dir='ltr'><strong>cujus</strong></span> <span class='ocrx_word' id='word_1_83' title='bbox 914 1513 1038 1567; x_wconf 88' lang='lat' dir='ltr'><strong>loco</strong></span> <span class='ocrx_word' id='word_1_84' title='bbox 1099 1511 1418 1584; x_wconf 86' lang='lat' dir='ltr'><strong>presbyteri</strong></span> <span class='ocrx_word' id='word_1_85' title='bbox 1481 1511 1719 1582; x_wconf 87' lang='lat' dir='ltr'><strong>quidam</strong></span> <span class='ocrx_word' id='word_1_86' title='bbox 1753 1524 1987 1578; x_wconf 87' lang='lat' dir='ltr'><strong>compa-</strong></span> 
     </span>
    </p>
   </div>
   <div class='ocr_carea' id='block_1_16' title="bbox 341 1594 1991 1672">
    <p class='ocr_par' dir='ltr' id='par_1_16' title="bbox 341 1594 1991 1672">
     <span class='ocr_line' id='line_1_16' title="bbox 341 1594 1991 1672; baseline -0.002 -18"><span class='ocrx_word' id='word_1_87' title='bbox 341 1594 596 1656; x_wconf 28' lang='lat' dir='ltr'><strong>ruerint.‘</strong></span> <span class='ocrx_word' id='word_1_88' title='bbox 625 1602 689 1656; x_wconf 81' lang='lat' dir='ltr'><strong>At</strong></span> <span class='ocrx_word' id='word_1_89' title='bbox 725 1615 860 1656; x_wconf 86' lang='lat' dir='ltr'><strong>vero</strong></span> <span class='ocrx_word' id='word_1_90' title='bbox 911 1617 981 1656; x_wconf 87' lang='lat' dir='ltr'><strong>ex</strong></span> <span class='ocrx_word' id='word_1_91' title='bbox 1029 1601 1234 1672; x_wconf 88' lang='lat' dir='ltr'><strong>synodi</strong></span> <span class='ocrx_word' id='word_1_92' title='bbox 1287 1599 1446 1656; x_wconf 80' lang='lat' dir='ltr'><strong>Actis</strong></span> <span class='ocrx_word' id='word_1_93' title='bbox 1493 1604 1718 1656; x_wconf 85' lang='lat' dir='ltr'><strong>constat</strong></span> <span class='ocrx_word' id='word_1_94' title='bbox 1777 1598 1991 1653; x_wconf 86' lang='lat' dir='ltr'><strong>Metro-</strong></span> 
     </span>
    </p>
   </div>
   <div class='ocr_carea' id='block_1_17' title="bbox 341 1689 1986 1760">
    <p class='ocr_par' dir='ltr' id='par_1_17' title="bbox 341 1689 1986 1760">
     <span class='ocr_line' id='line_1_17' title="bbox 341 1689 1986 1760; baseline -0.002 -17"><span class='ocrx_word' id='word_1_95' title='bbox 341 1689 594 1760; x_wconf 85' lang='lat' dir='ltr'><strong>phanem</strong></span> <span class='ocrx_word' id='word_1_96' title='bbox 627 1689 1213 1760; x_wconf 79' lang='lat' dir='ltr'><strong>Constantinopoleos</strong></span> <span class='ocrx_word' id='word_1_97' title='bbox 1246 1689 1302 1744; x_wconf 91' lang='lat' dir='ltr'><strong>id</strong></span> <span class='ocrx_word' id='word_1_98' title='bbox 1337 1689 1620 1760; x_wconf 88' lang='lat' dir='ltr'><strong>temporis</strong></span> <span class='ocrx_word' id='word_1_99' title='bbox 1649 1689 1986 1759; x_wconf 86' lang='lat' dir='ltr'><strong>episcopum</strong></span> 
     </span>
    </p>
   </div>
   <div class='ocr_carea' id='block_1_18' title="bbox 342 1774 1988 1848">
    <p class='ocr_par' dir='ltr' id='par_1_18' title="bbox 342 1774 1988 1848">
     <span class='ocr_line' id='line_1_18' title="bbox 342 1774 1988 1848; baseline -0.002 -18"><span class='ocrx_word' id='word_1_100' title='bbox 342 1775 548 1846; x_wconf 87' lang='lat' dir='ltr'><strong>fuisse,</strong></span> <span class='ocrx_word' id='word_1_101' title='bbox 580 1777 681 1848; x_wconf 88' lang='lat' dir='ltr'><strong>qui</strong></span> <span class='ocrx_word' id='word_1_102' title='bbox 711 1775 1067 1848; x_wconf 83' lang='lat' dir='ltr'><strong>decrepitam</strong></span> <span class='ocrx_word' id='word_1_103' title='bbox 1100 1779 1174 1832; x_wconf 90' lang='lat' dir='ltr'><strong>ob</strong></span> <span class='ocrx_word' id='word_1_104' title='bbox 1204 1781 1430 1832; x_wconf 64' lang='lat' dir='ltr'><strong>etatem</strong></span> <span class='ocrx_word' id='word_1_105' title='bbox 1465 1776 1524 1830; x_wconf 90' lang='lat' dir='ltr'><strong>in</strong></span> <span class='ocrx_word' id='word_1_106' title='bbox 1570 1774 1794 1848; x_wconf 85' lang='lat' dir='ltr'><strong>synodo</strong></span> <span class='ocrx_word' id='word_1_107' title='bbox 1847 1789 1988 1827; x_wconf 87' lang='lat' dir='ltr'><strong>con—</strong></span> 
     </span>
    </p>
   </div>
   <div class='ocr_carea' id='block_1_19' title="bbox 343 1863 1991 1937">
    <p class='ocr_par' dir='ltr' id='par_1_19' title="bbox 343 1863 1991 1937">
     <span class='ocr_line' id='line_1_19' title="bbox 343 1863 1991 1937; baseline -0.002 -17"><span class='ocrx_word' id='word_1_108' title='bbox 343 1866 531 1920; x_wconf 88' lang='lat' dir='ltr'><strong>sidere</strong></span> <span class='ocrx_word' id='word_1_109' title='bbox 561 1882 676 1920; x_wconf 89' lang='lat' dir='ltr'><strong>non</strong></span> <span class='ocrx_word' id='word_1_110' title='bbox 711 1866 985 1937; x_wconf 88' lang='lat' dir='ltr'><strong>potuerit,</strong></span> <span class='ocrx_word' id='word_1_111' title='bbox 1017 1867 1190 1937; x_wconf 87' lang='lat' dir='ltr'><strong>cujus</strong></span> <span class='ocrx_word' id='word_1_112' title='bbox 1219 1871 1415 1923; x_wconf 87' lang='lat' dir='ltr'><strong>tamen</strong></span> <span class='ocrx_word' id='word_1_113' title='bbox 1444 1866 1628 1922; x_wconf 85' lang='lat' dir='ltr'><strong>vicem</strong></span> <span class='ocrx_word' id='word_1_114' title='bbox 1663 1863 1991 1918; x_wconf 81' lang='lat' dir='ltr'><strong>Alexander</strong></span> 
     </span>
    </p>
   </div>
   <div class='ocr_carea' id='block_1_20' title="bbox 347 1950 1991 2028">
    <p class='ocr_par' dir='ltr' id='par_1_20' title="bbox 347 1950 1991 2028">
     <span class='ocr_line' id='line_1_20' title="bbox 347 1950 1991 2028; baseline -0.002 -19"><span class='ocrx_word' id='word_1_115' title='bbox 347 1953 702 2026; x_wconf 84' lang='lat' dir='ltr'><strong>suppleverit</strong></span> <span class='ocrx_word' id='word_1_116' title='bbox 732 1956 1052 2028; x_wconf 82' lang='lat' dir='ltr'><strong>presbyter,</strong></span> <span class='ocrx_word' id='word_1_117' title='bbox 1093 1957 1262 2027; x_wconf 87' lang='lat' dir='ltr'><strong>cujus</strong></span> <span class='ocrx_word' id='word_1_118' title='bbox 1319 1971 1496 2028; x_wconf 85' lang='lat' dir='ltr'><strong>opera</strong></span> <span class='ocrx_word' id='word_1_119' title='bbox 1549 1959 1607 2009; x_wconf 89' lang='lat' dir='ltr'><strong>et</strong></span> <span class='ocrx_word' id='word_1_120' title='bbox 1663 1950 1991 2008; x_wconf 88' lang='lat' dir='ltr'><strong>ministerio</strong></span> 
     </span>
    </p>
   </div>
   <div class='ocr_carea' id='block_1_21' title="bbox 347 2041 1838 2116">
    <p class='ocr_par' dir='ltr' id='par_1_21' title="bbox 347 2041 1838 2116">
     <span class='ocr_line' id='line_1_21' title="bbox 347 2041 1838 2116; baseline 0 -18"><span class='ocrx_word' id='word_1_121' title='bbox 347 2041 635 2114; x_wconf 75' lang='lat' dir='ltr'><strong>synodicae</strong></span> <span class='ocrx_word' id='word_1_122' title='bbox 666 2043 871 2098; x_wconf 78' lang='lat' dir='ltr'><strong>litterae</strong></span> <span class='ocrx_word' id='word_1_123' title='bbox 905 2045 960 2100; x_wconf 90' lang='lat' dir='ltr'><strong>in</strong></span> <span class='ocrx_word' id='word_1_124' title='bbox 994 2048 1221 2116; x_wconf 89' lang='lat' dir='ltr'><strong>Europa</strong></span> <span class='ocrx_word' id='word_1_125' title='bbox 1264 2042 1838 2100; x_wconf 86' lang='lat' dir='ltr'><strong>transmittebantur.</strong></span> 
     </span>
    </p>
   </div>
   <div class='ocr_carea' id='block_1_22' title="bbox 1011 2168 1322 2225">
    <p class='ocr_par' dir='ltr' id='par_1_22' title="bbox 1011 2168 1322 2225">
     <span class='ocr_line' id='line_1_22' title="bbox 1011 2168 1322 2225; baseline -0.003 -1"><span class='ocrx_word' id='word_1_126' title='bbox 1011 2174 1166 2225; x_wconf 81' lang='lat' dir='ltr'><strong>CAP.</strong></span> <span class='ocrx_word' id='word_1_127' title='bbox 1200 2168 1322 2225; x_wconf 82' lang='lat' dir='ltr'><strong>VII.</strong></span> 
     </span>
    </p>
   </div>
   <div class='ocr_carea' id='block_1_23' title="bbox 454 2291 1890 2368">
    <p class='ocr_par' dir='ltr' id='par_1_23' title="bbox 454 2291 1890 2368">
     <span class='ocr_line' id='line_1_23' title="bbox 454 2291 1890 2368; baseline -0.001 -19"><span class='ocrx_word' id='word_1_128' title='bbox 454 2295 524 2350; x_wconf 84' lang='lat' dir='ltr'><strong>De</strong></span> <span class='ocrx_word' id='word_1_129' title='bbox 551 2295 732 2366; x_wconf 84' lang='lat' dir='ltr'><strong>prima</strong></span> <span class='ocrx_word' id='word_1_130' title='bbox 763 2295 1002 2352; x_wconf 54' lang='lat' dir='ltr'><strong>Nicaeum</strong></span> <span class='ocrx_word' id='word_1_131' title='bbox 1027 2295 1228 2368; x_wconf 82' lang='lat' dir='ltr'><strong>synodi</strong></span> <span class='ocrx_word' id='word_1_132' title='bbox 1247 2293 1514 2350; x_wconf 77' lang='lat' dir='ltr'><strong>sessione.</strong></span> <span class='ocrx_word' id='word_1_133' title='bbox 1541 2297 1796 2364; x_wconf 82' lang='lat' dir='ltr'><strong>Quanam</strong></span> <span class='ocrx_word' id='word_1_134' title='bbox 1825 2291 1890 2348; x_wconf 83' lang='lat' dir='ltr'><strong>de</strong></span> 
     </span>
    </p>
   </div>
   <div class='ocr_carea' id='block_1_24' title="bbox 872 2369 1456 2422">
    <p class='ocr_par' dir='ltr' id='par_1_24' title="bbox 872 2369 1456 2422">
     <span class='ocr_line' id='line_1_24' title="bbox 872 2369 1456 2422; baseline -0.003 0"><span class='ocrx_word' id='word_1_135' title='bbox 872 2383 1042 2422; x_wconf 86' lang='lat' dir='ltr'><strong>causa</strong></span> <span class='ocrx_word' id='word_1_136' title='bbox 1081 2369 1456 2422; x_wconf 79' lang='lat' dir='ltr'><strong>convenerint.</strong></span> 
     </span>
    </p>
   </div>
   <div class='ocr_carea' id='block_1_25' title="bbox 415 2489 1994 2562">
    <p class='ocr_par' dir='ltr' id='par_1_25' title="bbox 415 2489 1994 2562">
     <span class='ocr_line' id='line_1_25' title="bbox 415 2489 1994 2562; baseline -0.001 -17"><span class='ocrx_word' id='word_1_137' title='bbox 415 2491 708 2562; x_wconf 87' lang='lat' dir='ltr'><strong>Quotquot</strong></span> <span class='ocrx_word' id='word_1_138' title='bbox 767 2491 963 2562; x_wconf 83' lang='lat' dir='ltr'><strong>itaque</strong></span> <span class='ocrx_word' id='word_1_139' title='bbox 1023 2491 1082 2546; x_wconf 92' lang='lat' dir='ltr'><strong>in</strong></span> <span class='ocrx_word' id='word_1_140' title='bbox 1146 2490 1493 2562; x_wconf 70' lang='lat' dir='ltr'><strong>praeﬁnitam</strong></span> <span class='ocrx_word' id='word_1_141' title='bbox 1553 2489 1845 2546; x_wconf 87' lang='lat' dir='ltr'><strong>civitatem</strong></span> <span class='ocrx_word' id='word_1_142' title='bbox 1896 2489 1994 2544; x_wconf 82' lang='lat' dir='ltr'><strong>Ni-</strong></span> 
     </span>
    </p>
   </div>
   <div class='ocr_carea' id='block_1_26' title="bbox 345 2580 1992 2650">
    <p class='ocr_par' dir='ltr' id='par_1_26' title="bbox 345 2580 1992 2650">
     <span class='ocr_line' id='line_1_26' title="bbox 345 2580 1992 2650; baseline -0.002 -14"><span class='ocrx_word' id='word_1_143' title='bbox 345 2596 523 2636; x_wconf 68' lang='lat' dir='ltr'><strong>exeam</strong></span> <span class='ocrx_word' id='word_1_144' title='bbox 554 2585 976 2648; x_wconf 88' lang='lat' dir='ltr'><strong>convenerunt,</strong></span> <span class='ocrx_word' id='word_1_145' title='bbox 1005 2580 1064 2636; x_wconf 90' lang='lat' dir='ltr'><strong>in</strong></span> <span class='ocrx_word' id='word_1_146' title='bbox 1097 2580 1612 2646; x_wconf 83' lang='lat' dir='ltr'><strong>consultationem,</strong></span> <span class='ocrx_word' id='word_1_147' title='bbox 1646 2583 1710 2635; x_wconf 90' lang='lat' dir='ltr'><strong>ut</strong></span> <span class='ocrx_word' id='word_1_148' title='bbox 1739 2595 1840 2650; x_wconf 88' lang='lat' dir='ltr'><strong>par</strong></span> <span class='ocrx_word' id='word_1_149' title='bbox 1887 2584 1992 2645; x_wconf 91' lang='lat' dir='ltr'><strong>est,</strong></span> 
     </span>
    </p>
   </div>
   <div class='ocr_carea' id='block_1_27' title="bbox 346 2669 1996 2741">
    <p class='ocr_par' dir='ltr' id='par_1_27' title="bbox 346 2669 1996 2741">
     <span class='ocr_line' id='line_1_27' title="bbox 346 2669 1996 2741; baseline -0.001 -15"><span class='ocrx_word' id='word_1_150' title='bbox 346 2669 736 2737; x_wconf 89' lang='lat' dir='ltr'><strong>adduxerunt,</strong></span> <span class='ocrx_word' id='word_1_151' title='bbox 779 2685 1030 2741; x_wconf 85' lang='lat' dir='ltr'><strong>quanam</strong></span> <span class='ocrx_word' id='word_1_152' title='bbox 1058 2671 1294 2726; x_wconf 86' lang='lat' dir='ltr'><strong>tandem</strong></span> <span class='ocrx_word' id='word_1_153' title='bbox 1330 2671 1401 2726; x_wconf 90' lang='lat' dir='ltr'><strong>de</strong></span> <span class='ocrx_word' id='word_1_154' title='bbox 1447 2686 1626 2726; x_wconf 88' lang='lat' dir='ltr'><strong>causa</strong></span> <span class='ocrx_word' id='word_1_155' title='bbox 1673 2672 1996 2724; x_wconf 80' lang='lat' dir='ltr'><strong>conventus</strong></span> 
     </span>
    </p>
   </div>
   <div class='ocr_carea' id='block_1_28' title="bbox 346 2756 1994 2832">
    <p class='ocr_par' dir='ltr' id='par_1_28' title="bbox 346 2756 1994 2832">
     <span class='ocr_line' id='line_1_28' title="bbox 346 2756 1994 2832; baseline -0.002 -18"><span class='ocrx_word' id='word_1_156' title='bbox 346 2759 684 2829; x_wconf 87' lang='lat' dir='ltr'><strong>hujusmodi</strong></span> <span class='ocrx_word' id='word_1_157' title='bbox 719 2769 1041 2832; x_wconf 82' lang='lat' dir='ltr'><strong>cogeretur.</strong></span> <span class='ocrx_word' id='word_1_158' title='bbox 1073 2762 1260 2831; x_wconf 87' lang='lat' dir='ltr'><strong>Atque</strong></span> <span class='ocrx_word' id='word_1_159' title='bbox 1290 2760 1580 2816; x_wconf 84' lang='lat' dir='ltr'><strong>Eusebius</strong></span> <span class='ocrx_word' id='word_1_160' title='bbox 1630 2759 1893 2830; x_wconf 89' lang='lat' dir='ltr'><strong>quidem,</strong></span> <span class='ocrx_word' id='word_1_161' title='bbox 1922 2756 1994 2811; x_wconf 74' lang='lat' dir='ltr'><strong>li-</strong></span> 
     </span>
    </p>
   </div>
   <div class='ocr_carea' id='block_1_29' title="bbox 347 2847 1999 2920">
    <p class='ocr_par' dir='ltr' id='par_1_29' title="bbox 347 2847 1999 2920">
     <span class='ocr_line' id='line_1_29' title="bbox 347 2847 1999 2920; baseline 0 -17"><span class='ocrx_word' id='word_1_162' title='bbox 347 2849 451 2904; x_wconf 90' lang='lat' dir='ltr'><strong>bro</strong></span> <span class='ocrx_word' id='word_1_163' title='bbox 495 2849 569 2904; x_wconf 83' lang='lat' dir='ltr'><strong>De</strong></span> <span class='ocrx_word' id='word_1_164' title='bbox 614 2848 959 2904; x_wconf 79' lang='lat' dir='ltr'><strong>Constantini</strong></span> <span class='ocrx_word' id='word_1_165' title='bbox 1002 2848 1118 2904; x_wconf 84' lang='lat' dir='ltr'><strong>vita</strong></span> <span class='ocrx_word' id='word_1_166' title='bbox 1166 2854 1356 2916; x_wconf 86' lang='lat' dir='ltr'><strong>tertio,</strong></span> <span class='ocrx_word' id='word_1_167' title='bbox 1411 2865 1473 2905; x_wconf 89' lang='lat' dir='ltr'><strong>se</strong></span> <span class='ocrx_word' id='word_1_168' title='bbox 1521 2847 1779 2920; x_wconf 88' lang='lat' dir='ltr'><strong>primum</strong></span> <span class='ocrx_word' id='word_1_169' title='bbox 1823 2847 1999 2903; x_wconf 85' lang='lat' dir='ltr'><strong>verba</strong></span> 
     </span>
    </p>
   </div>
   <div class='ocr_carea' id='block_1_30' title="bbox 350 2937 1998 3010">
    <p class='ocr_par' dir='ltr' id='par_1_30' title="bbox 350 2937 1998 3010">
     <span class='ocr_line' id='line_1_30' title="bbox 350 2937 1998 3010; baseline 0 -18"><span class='ocrx_word' id='word_1_170' title='bbox 350 2938 404 2992; x_wconf 90' lang='lat' dir='ltr'><strong>in</strong></span> <span class='ocrx_word' id='word_1_171' title='bbox 440 2938 660 3010; x_wconf 83' lang='lat' dir='ltr'><strong>synodo</strong></span> <span class='ocrx_word' id='word_1_172' title='bbox 701 2937 910 2994; x_wconf 85' lang='lat' dir='ltr'><strong>fecisse</strong></span> <span class='ocrx_word' id='word_1_173' title='bbox 967 2943 1238 2996; x_wconf 87' lang='lat' dir='ltr'><strong>testatur.</strong></span> <span class='ocrx_word' id='word_1_174' title='bbox 1299 2940 1360 2996; x_wconf 91' lang='lat' dir='ltr'><strong>Si</strong></span> <span class='ocrx_word' id='word_1_175' title='bbox 1407 2943 1605 2994; x_wconf 88' lang='lat' dir='ltr'><strong>tamen</strong></span> <span class='ocrx_word' id='word_1_176' title='bbox 1655 2937 1998 2993; x_wconf 84' lang='lat' dir='ltr'><strong>Theodorito</strong></span> 
     </span>
    </p>
   </div>
   <div class='ocr_carea' id='block_1_31' title="bbox 346 3027 1996 3098">
    <p class='ocr_par' dir='ltr' id='par_1_31' title="bbox 346 3027 1996 3098">
     <span class='ocr_line' id='line_1_31' title="bbox 346 3027 1996 3098; baseline -0.002 -14"><span class='ocrx_word' id='word_1_177' title='bbox 346 3029 664 3098; x_wconf 89' lang='lat' dir='ltr'><strong>credimus,</strong></span> <span class='ocrx_word' id='word_1_178' title='bbox 697 3029 1044 3085; x_wconf 87' lang='lat' dir='ltr'><strong>Eustathius</strong></span> <span class='ocrx_word' id='word_1_179' title='bbox 1077 3029 1480 3085; x_wconf 86' lang='lat' dir='ltr'><strong>Antiochenus</strong></span> <span class='ocrx_word' id='word_1_180' title='bbox 1512 3027 1822 3098; x_wconf 89' lang='lat' dir='ltr'><strong>episcopus</strong></span> <span class='ocrx_word' id='word_1_181' title='bbox 1875 3028 1996 3096; x_wconf 87' lang='lat' dir='ltr'><strong>pri-</strong></span> 
     </span>
    </p>
   </div>
   <div class='ocr_carea' id='block_1_32' title="bbox 350 3116 2000 3188">
    <p class='ocr_par' dir='ltr' id='par_1_32' title="bbox 350 3116 2000 3188">
     <span class='ocr_line' id='line_1_32' title="bbox 350 3116 2000 3188; baseline -0.001 -16"><span class='ocrx_word' id='word_1_182' title='bbox 350 3134 484 3172; x_wconf 91' lang='lat' dir='ltr'><strong>mus</strong></span> <span class='ocrx_word' id='word_1_183' title='bbox 546 3117 949 3174; x_wconf 90' lang='lat' dir='ltr'><strong>encomiorum</strong></span> <span class='ocrx_word' id='word_1_184' title='bbox 1008 3117 1269 3174; x_wconf 87' lang='lat' dir='ltr'><strong>ﬂosculis</strong></span> <span class='ocrx_word' id='word_1_185' title='bbox 1319 3116 1762 3188; x_wconf 85' lang='lat' dir='ltr'><strong>imperatorium</strong></span> <span class='ocrx_word' id='word_1_186' title='bbox 1823 3119 2000 3186; x_wconf 84' lang='lat' dir='ltr'><strong>caput</strong></span> 
     </span>
    </p>
   </div>
   <div class='ocr_carea' id='block_1_33' title="bbox 347 3203 2000 3276">
    <p class='ocr_par' dir='ltr' id='par_1_33' title="bbox 347 3203 2000 3276">
     <span class='ocr_line' id='line_1_33' title="bbox 347 3203 2000 3276; baseline -0.003 -14"><span class='ocrx_word' id='word_1_187' title='bbox 347 3207 666 3263; x_wconf 85' lang='lat' dir='ltr'><strong>redimivit.</strong></span> <span class='ocrx_word' id='word_1_188' title='bbox 699 3205 774 3263; x_wconf 91' lang='lat' dir='ltr'><strong>Ut</strong></span> <span class='ocrx_word' id='word_1_189' title='bbox 801 3220 1000 3262; x_wconf 86' lang='lat' dir='ltr'><strong>autem</strong></span> <span class='ocrx_word' id='word_1_190' title='bbox 1023 3207 1364 3262; x_wconf 83' lang='lat' dir='ltr'><strong>Theodorus</strong></span> <span class='ocrx_word' id='word_1_191' title='bbox 1387 3205 1832 3276; x_wconf 75' lang='lat' dir='ltr'><strong>Mopsuestiseus</strong></span> <span class='ocrx_word' id='word_1_192' title='bbox 1861 3203 2000 3258; x_wconf 90' lang='lat' dir='ltr'><strong>scri-</strong></span> 
     </span>
    </p>
   </div>
   <div class='ocr_carea' id='block_1_34' title="bbox 2099 609 3791 684">
    <p class='ocr_par' dir='ltr' id='par_1_34' title="bbox 2099 609 3791 684">
     <span class='ocr_line' id='line_1_34' title="bbox 2099 609 3791 684; baseline 0.002 -14"><span class='ocrx_word' id='word_1_193' title='bbox 2099 617 2160 670; x_wconf 92' lang='lat' dir='ltr'><strong>in</strong></span> <span class='ocrx_word' id='word_1_194' title='bbox 2190 613 2392 670; x_wconf 87' lang='lat' dir='ltr'><strong>Cilicia</strong></span> <span class='ocrx_word' id='word_1_195' title='bbox 2431 616 2541 679; x_wconf 85' lang='lat' dir='ltr'><strong>est,</strong></span> <span class='ocrx_word' id='word_1_196' title='bbox 2602 609 2894 682; x_wconf 86' lang='lat' dir='ltr'><strong>hodieque</strong></span> <span class='ocrx_word' id='word_1_197' title='bbox 2953 612 3277 682; x_wconf 88' lang='lat' dir='ltr'><strong>Irenopolis</strong></span> <span class='ocrx_word' id='word_1_198' title='bbox 3331 613 3576 684; x_wconf 88' lang='lat' dir='ltr'><strong>dicitur,</strong></span> <span class='ocrx_word' id='word_1_199' title='bbox 3631 617 3791 673; x_wconf 86' lang='lat' dir='ltr'><strong>Pau-</strong></span> 
     </span>
    </p>
   </div>
   <div class='ocr_carea' id='block_1_35' title="bbox 2098 700 3788 776">
    <p class='ocr_par' dir='ltr' id='par_1_35' title="bbox 2098 700 3788 776">
     <span class='ocr_line' id='line_1_35' title="bbox 2098 700 3788 776; baseline 0.003 -15"><span class='ocrx_word' id='word_1_200' title='bbox 2098 706 2284 762; x_wconf 90' lang='lat' dir='ltr'><strong>linum</strong></span> <span class='ocrx_word' id='word_1_201' title='bbox 2319 703 2474 776; x_wconf 89' lang='lat' dir='ltr'><strong>Tyri,</strong></span> <span class='ocrx_word' id='word_1_202' title='bbox 2506 700 2964 774; x_wconf 84' lang='lat' dir='ltr'><strong>Menophantum</strong></span> <span class='ocrx_word' id='word_1_203' title='bbox 2988 701 3223 774; x_wconf 87' lang='lat' dir='ltr'><strong>Ephesi,</strong></span> <span class='ocrx_word' id='word_1_204' title='bbox 3257 704 3605 764; x_wconf 87' lang='lat' dir='ltr'><strong>Secundum</strong></span> <span class='ocrx_word' id='word_1_205' title='bbox 3642 713 3788 766; x_wconf 86' lang='lat' dir='ltr'><strong>Pto-</strong></span> 
     </span>
    </p>
   </div>
   <div class='ocr_carea' id='block_1_36' title="bbox 2097 791 3780 864">
    <p class='ocr_par' dir='ltr' id='par_1_36' title="bbox 2097 791 3780 864">
     <span class='ocr_line' id='line_1_36' title="bbox 2097 791 3780 864; baseline 0.002 -12"><span class='ocrx_word' id='word_1_206' title='bbox 2097 793 2390 864; x_wconf 88' lang='lat' dir='ltr'><strong>lemaidis,</strong></span> <span class='ocrx_word' id='word_1_207' title='bbox 2423 808 2548 864; x_wconf 66' lang='lat' dir='ltr'><strong>quae</strong></span> <span class='ocrx_word' id='word_1_208' title='bbox 2579 791 2891 864; x_wconf 62' lang='lat' dir='ltr'><strong>[Egyptum</strong></span> <span class='ocrx_word' id='word_1_209' title='bbox 2923 791 3182 864; x_wconf 86' lang='lat' dir='ltr'><strong>attingit,</strong></span> <span class='ocrx_word' id='word_1_210' title='bbox 3215 798 3273 849; x_wconf 89' lang='lat' dir='ltr'><strong>et</strong></span> <span class='ocrx_word' id='word_1_211' title='bbox 3317 795 3604 854; x_wconf 88' lang='lat' dir='ltr'><strong>Theonan</strong></span> <span class='ocrx_word' id='word_1_212' title='bbox 3641 799 3780 855; x_wconf 84' lang='lat' dir='ltr'><strong>Ma-</strong></span> 
     </span>
    </p>
   </div>
   <div class='ocr_carea' id='block_1_37' title="bbox 2100 881 3779 960">
    <p class='ocr_par' dir='ltr' id='par_1_37' title="bbox 2100 881 3779 960">
     <span class='ocr_line' id='line_1_37' title="bbox 2100 881 3779 960; baseline 0.002 -20"><span class='ocrx_word' id='word_1_213' title='bbox 2100 884 2351 940; x_wconf 80' lang='lat' dir='ltr'><strong>maricae.</strong></span> <span class='ocrx_word' id='word_1_214' title='bbox 2395 883 2648 946; x_wconf 85' lang='lat' dir='ltr'><strong>Quorum</strong></span> <span class='ocrx_word' id='word_1_215' title='bbox 2681 895 2815 936; x_wconf 89' lang='lat' dir='ltr'><strong>cum</strong></span> <span class='ocrx_word' id='word_1_216' title='bbox 2849 881 3217 952; x_wconf 87' lang='lat' dir='ltr'><strong>deprehensa</strong></span> <span class='ocrx_word' id='word_1_217' title='bbox 3263 883 3477 940; x_wconf 86' lang='lat' dir='ltr'><strong>fuisset</strong></span> <span class='ocrx_word' id='word_1_218' title='bbox 3529 887 3779 960; x_wconf 85' lang='lat' dir='ltr'><strong>impro-</strong></span> 
     </span>
    </p>
   </div>
   <div class='ocr_carea' id='block_1_38' title="bbox 2097 969 3782 1048">
    <p class='ocr_par' dir='ltr' id='par_1_38' title="bbox 2097 969 3782 1048">
     <span class='ocr_line' id='line_1_38' title="bbox 2097 969 3782 1048; baseline 0.002 -18"><span class='ocrx_word' id='word_1_219' title='bbox 2097 975 2272 1039; x_wconf 85' lang='lat' dir='ltr'><strong>bitas,</strong></span> <span class='ocrx_word' id='word_1_220' title='bbox 2316 976 2454 1028; x_wconf 86' lang='lat' dir='ltr'><strong>tunc</strong></span> <span class='ocrx_word' id='word_1_221' title='bbox 2504 970 2586 1026; x_wconf 90' lang='lat' dir='ltr'><strong>illi</strong></span> <span class='ocrx_word' id='word_1_222' title='bbox 2635 969 2750 1026; x_wconf 89' lang='lat' dir='ltr'><strong>sibi</strong></span> <span class='ocrx_word' id='word_1_223' title='bbox 2799 969 2872 1024; x_wconf 85' lang='lat' dir='ltr'><strong>ab</strong></span> <span class='ocrx_word' id='word_1_224' title='bbox 2920 970 3326 1043; x_wconf 78' lang='lat' dir='ltr'><strong>indignatione</strong></span> <span class='ocrx_word' id='word_1_225' title='bbox 3373 977 3589 1048; x_wconf 88' lang='lat' dir='ltr'><strong>synodi</strong></span> <span class='ocrx_word' id='word_1_226' title='bbox 3641 995 3782 1034; x_wconf 87' lang='lat' dir='ltr'><strong>me-</strong></span> 
     </span>
    </p>
   </div>
   <div class='ocr_carea' id='block_1_39' title="bbox 2097 1059 3781 1137">
    <p class='ocr_par' dir='ltr' id='par_1_39' title="bbox 2097 1059 3781 1137">
     <span class='ocr_line' id='line_1_39' title="bbox 2097 1059 3781 1137; baseline 0.002 -19"><span class='ocrx_word' id='word_1_227' title='bbox 2097 1068 2328 1120; x_wconf 88' lang='lat' dir='ltr'><strong>tuentes</strong></span> <span class='ocrx_word' id='word_1_228' title='bbox 2409 1059 2572 1115; x_wconf 90' lang='lat' dir='ltr'><strong>aliud</strong></span> <span class='ocrx_word' id='word_1_229' title='bbox 2647 1059 2990 1131; x_wconf 69' lang='lat' dir='ltr'><strong>impostursa</strong></span> <span class='ocrx_word' id='word_1_230' title='bbox 3068 1077 3256 1133; x_wconf 87' lang='lat' dir='ltr'><strong>genus</strong></span> <span class='ocrx_word' id='word_1_231' title='bbox 3332 1065 3781 1137; x_wconf 76' lang='lat' dir='ltr'><strong>excogitat-unt.</strong></span> 
     </span>
    </p>
   </div>
   <div class='ocr_carea' id='block_1_40' title="bbox 2097 1148 3786 1220">
    <p class='ocr_par' dir='ltr' id='par_1_40' title="bbox 2097 1148 3786 1220">
     <span class='ocr_line' id='line_1_40' title="bbox 2097 1148 3786 1220; baseline 0.005 -13"><span class='ocrx_word' id='word_1_232' title='bbox 2097 1152 2306 1208; x_wconf 87' lang='lat' dir='ltr'><strong>Secum</strong></span> <span class='ocrx_word' id='word_1_233' title='bbox 2367 1150 2524 1205; x_wconf 89' lang='lat' dir='ltr'><strong>enim</strong></span> <span class='ocrx_word' id='word_1_234' title='bbox 2596 1153 2940 1220; x_wconf 87' lang='lat' dir='ltr'><strong>reputantes</strong></span> <span class='ocrx_word' id='word_1_235' title='bbox 3015 1148 3138 1207; x_wconf 84' lang='lat' dir='ltr'><strong>fore</strong></span> <span class='ocrx_word' id='word_1_236' title='bbox 3217 1156 3280 1206; x_wconf 90' lang='lat' dir='ltr'><strong>ut</strong></span> <span class='ocrx_word' id='word_1_237' title='bbox 3347 1155 3786 1215; x_wconf 86' lang='lat' dir='ltr'><strong>ecclesiasticis</strong></span> 
     </span>
    </p>
   </div>
   <div class='ocr_carea' id='block_1_41' title="bbox 2097 1238 3783 1310">
    <p class='ocr_par' dir='ltr' id='par_1_41' title="bbox 2097 1238 3783 1310">
     <span class='ocr_line' id='line_1_41' title="bbox 2097 1238 3783 1310; baseline 0.004 -13"><span class='ocrx_word' id='word_1_238' title='bbox 2097 1240 2479 1297; x_wconf 88' lang='lat' dir='ltr'><strong>conventibus</strong></span> <span class='ocrx_word' id='word_1_239' title='bbox 2536 1239 2706 1310; x_wconf 89' lang='lat' dir='ltr'><strong>ejeoti</strong></span> <span class='ocrx_word' id='word_1_240' title='bbox 2767 1238 3026 1294; x_wconf 72' lang='lat' dir='ltr'><strong>infamiae</strong></span> <span class='ocrx_word' id='word_1_241' title='bbox 3102 1249 3296 1297; x_wconf 87' lang='lat' dir='ltr'><strong>notam</strong></span> <span class='ocrx_word' id='word_1_242' title='bbox 3369 1243 3783 1303; x_wconf 79' lang='lat' dir='ltr'><strong>incurrerent-</strong></span> 
     </span>
    </p>
   </div>
   <div class='ocr_carea' id='block_1_42' title="bbox 2098 1327 3789 1406">
    <p class='ocr_par' dir='ltr' id='par_1_42' title="bbox 2098 1327 3789 1406">
     <span class='ocr_line' id='line_1_42' title="bbox 2098 1327 3789 1406; baseline 0.004 -20"><span class='ocrx_word' id='word_1_243' title='bbox 2098 1345 2204 1386; x_wconf 87' lang='lat' dir='ltr'><strong>nec</strong></span> <span class='ocrx_word' id='word_1_244' title='bbox 2263 1329 2420 1384; x_wconf 89' lang='lat' dir='ltr'><strong>ullus</strong></span> <span class='ocrx_word' id='word_1_245' title='bbox 2477 1332 2722 1400; x_wconf 83' lang='lat' dir='ltr'><strong>posthac</strong></span> <span class='ocrx_word' id='word_1_246' title='bbox 2777 1327 2893 1382; x_wconf 89' lang='lat' dir='ltr'><strong>sibi</strong></span> <span class='ocrx_word' id='word_1_247' title='bbox 2953 1328 3026 1384; x_wconf 92' lang='lat' dir='ltr'><strong>ob</strong></span> <span class='ocrx_word' id='word_1_248' title='bbox 3092 1328 3466 1401; x_wconf 89' lang='lat' dir='ltr'><strong>impietatem</strong></span> <span class='ocrx_word' id='word_1_249' title='bbox 3523 1334 3789 1406; x_wconf 84' lang='lat' dir='ltr'><strong>dejectis</strong></span> 
     </span>
    </p>
   </div>
   <div class='ocr_carea' id='block_1_43' title="bbox 2097 1415 3790 1485">
    <p class='ocr_par' dir='ltr' id='par_1_43' title="bbox 2097 1415 3790 1485">
     <span class='ocr_line' id='line_1_43' title="bbox 2097 1415 3790 1485; baseline 0.002 -8"><span class='ocrx_word' id='word_1_250' title='bbox 2097 1420 2537 1485; x_wconf 83' lang='lat' dir='ltr'><strong>adhaeresceret,</strong></span> <span class='ocrx_word' id='word_1_251' title='bbox 2583 1415 2802 1472; x_wconf 82' lang='lat' dir='ltr'><strong>idcirco</strong></span> <span class='ocrx_word' id='word_1_252' title='bbox 2857 1433 2993 1472; x_wconf 88' lang='lat' dir='ltr'><strong>cum</strong></span> <span class='ocrx_word' id='word_1_253' title='bbox 3049 1417 3368 1476; x_wconf 89' lang='lat' dir='ltr'><strong>Catholicis</strong></span> <span class='ocrx_word' id='word_1_254' title='bbox 3429 1438 3495 1478; x_wconf 89' lang='lat' dir='ltr'><strong>se</strong></span> <span class='ocrx_word' id='word_1_255' title='bbox 3556 1425 3790 1483; x_wconf 86' lang='lat' dir='ltr'><strong>sentire</strong></span> 
     </span>
    </p>
   </div>
   <div class='ocr_carea' id='block_1_44' title="bbox 2095 1505 3786 1578">
    <p class='ocr_par' dir='ltr' id='par_1_44' title="bbox 2095 1505 3786 1578">
     <span class='ocr_line' id='line_1_44' title="bbox 2095 1505 3786 1578; baseline 0.002 -13"><span class='ocrx_word' id='word_1_256' title='bbox 2095 1510 2410 1572; x_wconf 83' lang='lat' dir='ltr'><strong>ﬁnxerunt,</strong></span> <span class='ocrx_word' id='word_1_257' title='bbox 2445 1521 2770 1576; x_wconf 88' lang='lat' dir='ltr'><strong>omnesque</strong></span> <span class='ocrx_word' id='word_1_258' title='bbox 2825 1509 3033 1578; x_wconf 62' lang='lat' dir='ltr'><strong>praeter</strong></span> <span class='ocrx_word' id='word_1_259' title='bbox 3076 1505 3374 1566; x_wconf 90' lang='lat' dir='ltr'><strong>Theonam</strong></span> <span class='ocrx_word' id='word_1_260' title='bbox 3436 1516 3498 1566; x_wconf 89' lang='lat' dir='ltr'><strong>et</strong></span> <span class='ocrx_word' id='word_1_261' title='bbox 3545 1516 3786 1570; x_wconf 81' lang='lat' dir='ltr'><strong>Secun-</strong></span> 
     </span>
    </p>
   </div>
   <div class='ocr_carea' id='block_1_45' title="bbox 2094 1594 3340 1668">
    <p class='ocr_par' dir='ltr' id='par_1_45' title="bbox 2094 1594 3340 1668">
     <span class='ocr_line' id='line_1_45' title="bbox 2094 1594 3340 1668; baseline -0.002 -13"><span class='ocrx_word' id='word_1_262' title='bbox 2094 1601 2233 1655; x_wconf 89' lang='lat' dir='ltr'><strong>dum</strong></span> <span class='ocrx_word' id='word_1_263' title='bbox 2269 1594 2622 1652; x_wconf 82' lang='lat' dir='ltr'><strong>confessioni</strong></span> <span class='ocrx_word' id='word_1_264' title='bbox 2653 1594 2786 1649; x_wconf 86' lang='lat' dir='ltr'><strong>ﬁdei</strong></span> <span class='ocrx_word' id='word_1_265' title='bbox 2821 1594 3340 1668; x_wconf 85' lang='lat' dir='ltr'><strong>subscripserunt.</strong></span> 
     </span>
    </p>
   </div>
   <div class='ocr_carea' id='block_1_46' title="bbox 2165 1677 3788 1762">
    <p class='ocr_par' dir='ltr' id='par_1_46' title="bbox 2165 1677 3788 1762">
     <span class='ocr_line' id='line_1_46' title="bbox 2165 1677 3788 1762; baseline 0.002 -19"><span class='ocrx_word' id='word_1_266' title='bbox 2165 1688 2296 1744; x_wconf 86' lang='lat' dir='ltr'><strong>Jam</strong></span> <span class='ocrx_word' id='word_1_267' title='bbox 2331 1683 2748 1751; x_wconf 89' lang='lat' dir='ltr'><strong>Theodoritus,</strong></span> <span class='ocrx_word' id='word_1_268' title='bbox 2797 1700 3020 1756; x_wconf 90' lang='lat' dir='ltr'><strong>paucos</strong></span> <span class='ocrx_word' id='word_1_269' title='bbox 3083 1685 3268 1742; x_wconf 84' lang='lat' dir='ltr'><strong>fuisse</strong></span> <span class='ocrx_word' id='word_1_270' title='bbox 3317 1689 3623 1758; x_wconf 61' lang='lat' dir='ltr'><strong>praefatus,</strong></span> <span class='ocrx_word' id='word_1_271' title='bbox 3679 1677 3788 1762; x_wconf 83' lang='lat' dir='ltr'><strong>qui</strong></span> 
     </span>
    </p>
   </div>
   <div class='ocr_carea' id='block_1_47' title="bbox 2095 1772 3788 1850">
    <p class='ocr_par' dir='ltr' id='par_1_47' title="bbox 2095 1772 3788 1850">
     <span class='ocr_line' id='line_1_47' title="bbox 2095 1772 3788 1850; baseline 0.002 -18"><span class='ocrx_word' id='word_1_272' title='bbox 2095 1777 2232 1832; x_wconf 87' lang='lat' dir='ltr'><strong>Ario</strong></span> <span class='ocrx_word' id='word_1_273' title='bbox 2275 1772 2648 1838; x_wconf 79' lang='lat' dir='ltr'><strong>adhaeserint,</strong></span> <span class='ocrx_word' id='word_1_274' title='bbox 2701 1772 3088 1843; x_wconf 88' lang='lat' dir='ltr'><strong>omniumque</strong></span> <span class='ocrx_word' id='word_1_275' title='bbox 3139 1776 3484 1832; x_wconf 87' lang='lat' dir='ltr'><strong>nominibus</strong></span> <span class='ocrx_word' id='word_1_276' title='bbox 3535 1795 3788 1850; x_wconf 72' lang='lat' dir='ltr'><strong>expres&#39;</strong></span> 
     </span>
    </p>
   </div>
   <div class='ocr_carea' id='block_1_48' title="bbox 2095 1860 3786 1936">
    <p class='ocr_par' dir='ltr' id='par_1_48' title="bbox 2095 1860 3786 1936">
     <span class='ocr_line' id='line_1_48' title="bbox 2095 1860 3786 1936; baseline 0.001 -14"><span class='ocrx_word' id='word_1_277' title='bbox 2095 1867 2200 1932; x_wconf 88' lang='lat' dir='ltr'><strong>sis,</strong></span> <span class='ocrx_word' id='word_1_278' title='bbox 2234 1865 2307 1920; x_wconf 91' lang='lat' dir='ltr'><strong>iis</strong></span> <span class='ocrx_word' id='word_1_279' title='bbox 2339 1863 2436 1936; x_wconf 89' lang='lat' dir='ltr'><strong>qui</strong></span> <span class='ocrx_word' id='word_1_280' title='bbox 2473 1865 2595 1934; x_wconf 90' lang='lat' dir='ltr'><strong>jam</strong></span> <span class='ocrx_word' id='word_1_281' title='bbox 2655 1878 2690 1916; x_wconf 89' lang='lat' dir='ltr'><strong>a</strong></span> <span class='ocrx_word' id='word_1_282' title='bbox 2745 1860 3050 1918; x_wconf 89' lang='lat' dir='ltr'><strong>Theodoro</strong></span> <span class='ocrx_word' id='word_1_283' title='bbox 3109 1867 3554 1922; x_wconf 84' lang='lat' dir='ltr'><strong>commemorati</strong></span> <span class='ocrx_word' id='word_1_284' title='bbox 3612 1875 3786 1924; x_wconf 76' lang='lat' dir='ltr'><strong>sunt’</strong></span> 
     </span>
    </p>
   </div>
   <div class='ocr_carea' id='block_1_49' title="bbox 2103 1949 3790 2026">
    <p class='ocr_par' dir='ltr' id='par_1_49' title="bbox 2103 1949 3790 2026">
     <span class='ocr_line' id='line_1_49' title="bbox 2103 1949 3790 2026; baseline 0.003 -17"><span class='ocrx_word' id='word_1_285' title='bbox 2103 1957 2353 2026; x_wconf 88' lang='lat' dir='ltr'><strong>quatuor</strong></span> <span class='ocrx_word' id='word_1_286' title='bbox 2383 1951 2550 2016; x_wconf 87' lang='lat' dir='ltr'><strong>alios,</strong></span> <span class='ocrx_word' id='word_1_287' title='bbox 2581 1949 2952 2006; x_wconf 89' lang='lat' dir='ltr'><strong>Theodorum</strong></span> <span class='ocrx_word' id='word_1_288' title='bbox 3009 1951 3328 2019; x_wconf 71' lang='lat' dir='ltr'><strong>Laodiceae,</strong></span> <span class='ocrx_word' id='word_1_289' title='bbox 3377 1955 3790 2014; x_wconf 81' lang='lat' dir='ltr'><strong>Athanasium</strong></span> 
     </span>
    </p>
   </div>
   <div class='ocr_carea' id='block_1_50' title="bbox 2103 2039 3787 2118">
    <p class='ocr_par' dir='ltr' id='par_1_50' title="bbox 2103 2039 3787 2118">
     <span class='ocr_line' id='line_1_50' title="bbox 2103 2039 3787 2118; baseline 0.002 -18"><span class='ocrx_word' id='word_1_290' title='bbox 2103 2041 2406 2112; x_wconf 87' lang='lat' dir='ltr'><strong>Anazarbi,</strong></span> <span class='ocrx_word' id='word_1_291' title='bbox 2467 2039 2810 2111; x_wconf 81' lang='lat' dir='ltr'><strong>Gregorium</strong></span> <span class='ocrx_word' id='word_1_292' title='bbox 2869 2039 3085 2111; x_wconf 88' lang='lat' dir='ltr'><strong>Beryti,</strong></span> <span class='ocrx_word' id='word_1_293' title='bbox 3144 2046 3202 2096; x_wconf 86' lang='lat' dir='ltr'><strong>et</strong></span> <span class='ocrx_word' id='word_1_294' title='bbox 3261 2041 3492 2100; x_wconf 82' lang='lat' dir='ltr'><strong>Aetium</strong></span> <span class='ocrx_word' id='word_1_295' title='bbox 3564 2047 3787 2118; x_wconf 81' lang='lat' dir='ltr'><strong>Lymes</strong></span> 
     </span>
    </p>
   </div>
   <div class='ocr_carea' id='block_1_51' title="bbox 2104 2129 3783 2205">
    <p class='ocr_par' dir='ltr' id='par_1_51' title="bbox 2104 2129 3783 2205">
     <span class='ocr_line' id='line_1_51' title="bbox 2104 2129 3783 2205; baseline 0.003 -16"><span class='ocrx_word' id='word_1_296' title='bbox 2104 2149 2207 2190; x_wconf 90' lang='lat' dir='ltr'><strong>seu</strong></span> <span class='ocrx_word' id='word_1_297' title='bbox 2243 2130 2549 2204; x_wconf 89' lang='lat' dir='ltr'><strong>Diopoleos</strong></span> <span class='ocrx_word' id='word_1_298' title='bbox 2594 2129 2815 2199; x_wconf 85' lang='lat' dir='ltr'><strong>adjicit,</strong></span> <span class='ocrx_word' id='word_1_299' title='bbox 2864 2129 3077 2184; x_wconf 90' lang='lat' dir='ltr'><strong>deinde</strong></span> <span class='ocrx_word' id='word_1_300' title='bbox 3133 2132 3427 2189; x_wconf 88' lang='lat' dir='ltr'><strong>recentius</strong></span> <span class='ocrx_word' id='word_1_301' title='bbox 3485 2136 3783 2205; x_wconf 81' lang='lat' dir='ltr'><strong>quiddam</strong></span> 
     </span>
    </p>
   </div>
   <div class='ocr_carea' id='block_1_52' title="bbox 2105 2217 3788 2299">
    <p class='ocr_par' dir='ltr' id='par_1_52' title="bbox 2105 2217 3788 2299">
     <span class='ocr_line' id='line_1_52' title="bbox 2105 2217 3788 2299; baseline 0.004 -23"><span class='ocrx_word' id='word_1_302' title='bbox 2105 2229 2314 2294; x_wconf 74' lang='lat' dir='ltr'><strong>praeter</strong></span> <span class='ocrx_word' id='word_1_303' title='bbox 2341 2223 2582 2276; x_wconf 77' lang='lat' dir='ltr'><strong>caeteros</strong></span> <span class='ocrx_word' id='word_1_304' title='bbox 2613 2233 2820 2274; x_wconf 79' lang='lat' dir='ltr'><strong>omnes</strong></span> <span class='ocrx_word' id='word_1_305' title='bbox 2853 2217 2946 2275; x_wconf 90' lang='lat' dir='ltr'><strong>his</strong></span> <span class='ocrx_word' id='word_1_306' title='bbox 2975 2219 3169 2276; x_wconf 85' lang='lat' dir='ltr'><strong>verbis</strong></span> <span class='ocrx_word' id='word_1_307' title='bbox 3199 2221 3512 2293; x_wconf 90' lang='lat' dir='ltr'><strong>adjungit:</strong></span> <span class='ocrx_word' id='word_1_308' title='bbox 3541 2226 3614 2280; x_wconf 89' lang='lat' dir='ltr'><strong>Hi</strong></span> <span class='ocrx_word' id='word_1_309' title='bbox 3640 2242 3788 2299; x_wconf 86' lang='lat' dir='ltr'><strong>ergo</strong></span> 
     </span>
    </p>
   </div>
   <div class='ocr_carea' id='block_1_53' title="bbox 2104 2309 3788 2388">
    <p class='ocr_par' dir='ltr' id='par_1_53' title="bbox 2104 2309 3788 2388">
     <span class='ocr_line' id='line_1_53' title="bbox 2104 2309 3788 2388; baseline 0.002 -18"><span class='ocrx_word' id='word_1_310' title='bbox 2104 2309 2442 2385; x_wconf 80' lang='lat' dir='ltr'><strong>apostolicis</strong></span> <span class='ocrx_word' id='word_1_311' title='bbox 2473 2309 2943 2365; x_wconf 88' lang='lat' dir='ltr'><strong>contradicentes</strong></span> <span class='ocrx_word' id='word_1_312' title='bbox 2987 2309 3304 2382; x_wconf 87' lang='lat' dir='ltr'><strong>dogmatis,</strong></span> <span class='ocrx_word' id='word_1_313' title='bbox 3356 2313 3788 2388; x_wconf 85' lang='lat' dir='ltr'><strong>diversamque</strong></span> 
     </span>
    </p>
   </div>
   <div class='ocr_carea' id='block_1_54' title="bbox 2105 2399 3784 2479">
    <p class='ocr_par' dir='ltr' id='par_1_54' title="bbox 2105 2399 3784 2479">
     <span class='ocr_line' id='line_1_54' title="bbox 2105 2399 3784 2479; baseline 0.004 -21"><span class='ocrx_word' id='word_1_314' title='bbox 2105 2403 2282 2458; x_wconf 84' lang='lat' dir='ltr'><strong>ﬁdem</strong></span> <span class='ocrx_word' id='word_1_315' title='bbox 2317 2400 2590 2473; x_wconf 81' lang='lat' dir='ltr'><strong>professi,</strong></span> <span class='ocrx_word' id='word_1_316' title='bbox 2637 2399 2952 2456; x_wconf 90' lang='lat' dir='ltr'><strong>Catholicis</strong></span> <span class='ocrx_word' id='word_1_317' title='bbox 2995 2417 3125 2456; x_wconf 89' lang='lat' dir='ltr'><strong>eam</strong></span> <span class='ocrx_word' id='word_1_318' title='bbox 3175 2401 3540 2472; x_wconf 82' lang='lat' dir='ltr'><strong>obtulerunt,</strong></span> <span class='ocrx_word' id='word_1_319' title='bbox 3597 2423 3784 2479; x_wconf 84' lang='lat' dir='ltr'><strong>quam</strong></span> 
     </span>
    </p>
   </div>
   <div class='ocr_carea' id='block_1_55' title="bbox 2107 2489 3786 2564">
    <p class='ocr_par' dir='ltr' id='par_1_55' title="bbox 2107 2489 3786 2564">
     <span class='ocr_line' id='line_1_55' title="bbox 2107 2489 3786 2564; baseline 0.002 -16"><span class='ocrx_word' id='word_1_320' title='bbox 2107 2491 2422 2564; x_wconf 87' lang='lat' dir='ltr'><strong>perlectam</strong></span> <span class='ocrx_word' id='word_1_321' title='bbox 2454 2490 2672 2559; x_wconf 88' lang='lat' dir='ltr'><strong>cuncti,</strong></span> <span class='ocrx_word' id='word_1_322' title='bbox 2707 2494 2772 2544; x_wconf 90' lang='lat' dir='ltr'><strong>ut</strong></span> <span class='ocrx_word' id='word_1_323' title='bbox 2802 2489 3065 2561; x_wconf 85' lang='lat' dir='ltr'><strong>spuriam</strong></span> <span class='ocrx_word' id='word_1_324' title='bbox 3099 2495 3158 2548; x_wconf 86' lang='lat' dir='ltr'><strong>et</strong></span> <span class='ocrx_word' id='word_1_325' title='bbox 3187 2493 3585 2550; x_wconf 86' lang='lat' dir='ltr'><strong>adullerinam</strong></span> <span class='ocrx_word' id='word_1_326' title='bbox 3635 2512 3786 2552; x_wconf 79' lang='lat' dir='ltr'><strong>con&#39;</strong></span> 
     </span>
    </p>
   </div>
   <div class='ocr_carea' id='block_1_56' title="bbox 2105 2579 3782 2653">
    <p class='ocr_par' dir='ltr' id='par_1_56' title="bbox 2105 2579 3782 2653">
     <span class='ocr_line' id='line_1_56' title="bbox 2105 2579 3782 2653; baseline 0.001 -16"><span class='ocrx_word' id='word_1_327' title='bbox 2105 2582 2427 2637; x_wconf 85' lang='lat' dir='ltr'><strong>sciderunt.</strong></span> <span class='ocrx_word' id='word_1_328' title='bbox 2461 2580 2670 2634; x_wconf 85' lang='lat' dir='ltr'><strong>Exorto</strong></span> <span class='ocrx_word' id='word_1_329' title='bbox 2702 2583 2900 2634; x_wconf 87' lang='lat' dir='ltr'><strong>autem</strong></span> <span class='ocrx_word' id='word_1_330' title='bbox 2941 2579 3224 2650; x_wconf 89' lang='lat' dir='ltr'><strong>tumultu,</strong></span> <span class='ocrx_word' id='word_1_331' title='bbox 3278 2584 3576 2653; x_wconf 88' lang='lat' dir='ltr'><strong>perterriti</strong></span> <span class='ocrx_word' id='word_1_332' title='bbox 3637 2601 3782 2640; x_wconf 85' lang='lat' dir='ltr'><strong>sur-</strong></span> 
     </span>
    </p>
   </div>
   <div class='ocr_carea' id='block_1_57' title="bbox 2105 2667 3784 2740">
    <p class='ocr_par' dir='ltr' id='par_1_57' title="bbox 2105 2667 3784 2740">
     <span class='ocr_line' id='line_1_57' title="bbox 2105 2667 3784 2740; baseline 0.002 -14"><span class='ocrx_word' id='word_1_333' title='bbox 2105 2674 2400 2735; x_wconf 83' lang='lat' dir='ltr'><strong>rexerunt,</strong></span> <span class='ocrx_word' id='word_1_334' title='bbox 2460 2667 2753 2740; x_wconf 88' lang='lat' dir='ltr'><strong>primique</strong></span> <span class='ocrx_word' id='word_1_335' title='bbox 2823 2669 3092 2724; x_wconf 88' lang='lat' dir='ltr'><strong>omnium</strong></span> <span class='ocrx_word' id='word_1_336' title='bbox 3167 2671 3303 2728; x_wconf 89' lang='lat' dir='ltr'><strong>Ario</strong></span> <span class='ocrx_word' id='word_1_337' title='bbox 3377 2673 3784 2730; x_wconf 84' lang='lat' dir='ltr'><strong>abrenuntia-</strong></span> 
     </span>
    </p>
   </div>
   <div class='ocr_carea' id='block_1_58' title="bbox 2107 2759 3330 2832">
    <p class='ocr_par' dir='ltr' id='par_1_58' title="bbox 2107 2759 3330 2832">
     <span class='ocr_line' id='line_1_58' title="bbox 2107 2759 3330 2832; baseline 0.002 -16"><span class='ocrx_word' id='word_1_338' title='bbox 2107 2770 2260 2832; x_wconf 86' lang='lat' dir='ltr'><strong>runt,</strong></span> <span class='ocrx_word' id='word_1_339' title='bbox 2296 2765 2504 2832; x_wconf 88' lang='lat' dir='ltr'><strong>praeter</strong></span> <span class='ocrx_word' id='word_1_340' title='bbox 2532 2759 2870 2815; x_wconf 86' lang='lat' dir='ltr'><strong>Secundum</strong></span> <span class='ocrx_word' id='word_1_341' title='bbox 2911 2763 2969 2814; x_wconf 89' lang='lat' dir='ltr'><strong>et</strong></span> <span class='ocrx_word' id='word_1_342' title='bbox 3008 2760 3330 2818; x_wconf 87' lang='lat' dir='ltr'><strong>Theonam.</strong></span> 
     </span>
    </p>
   </div>
   <div class='ocr_carea' id='block_1_59' title="bbox 2177 2847 3790 2921">
    <p class='ocr_par' dir='ltr' id='par_1_59' title="bbox 2177 2847 3790 2921">
     <span class='ocr_line' id='line_1_59' title="bbox 2177 2847 3790 2921; baseline 0.004 -17"><span class='ocrx_word' id='word_1_343' title='bbox 2177 2849 2489 2915; x_wconf 69' lang='lat' dir='ltr'><strong>Caeterum,</strong></span> <span class='ocrx_word' id='word_1_344' title='bbox 2523 2852 2587 2904; x_wconf 89' lang='lat' dir='ltr'><strong>ut</strong></span> <span class='ocrx_word' id='word_1_345' title='bbox 2618 2847 3044 2919; x_wconf 86' lang='lat' dir='ltr'><strong>Philostorgius</strong></span> <span class='ocrx_word' id='word_1_346' title='bbox 3083 2851 3278 2921; x_wconf 89' lang='lat' dir='ltr'><strong>primo</strong></span> <span class='ocrx_word' id='word_1_347' title='bbox 3333 2851 3602 2908; x_wconf 73' lang='lat' dir='ltr'><strong>Historiae</strong></span> <span class='ocrx_word' id='word_1_348' title='bbox 3659 2872 3790 2911; x_wconf 63' lang='lat' dir='ltr'><strong>suae</strong></span> 
     </span>
    </p>
   </div>
   <div class='ocr_carea' id='block_1_60' title="bbox 2109 2937 3786 3014">
    <p class='ocr_par' dir='ltr' id='par_1_60' title="bbox 2109 2937 3786 3014">
     <span class='ocr_line' id='line_1_60' title="bbox 2109 2937 3786 3014; baseline 0.003 -19"><span class='ocrx_word' id='word_1_349' title='bbox 2109 2939 2258 2995; x_wconf 91' lang='lat' dir='ltr'><strong>libro</strong></span> <span class='ocrx_word' id='word_1_350' title='bbox 2291 2946 2492 2994; x_wconf 87' lang='lat' dir='ltr'><strong>auctor</strong></span> <span class='ocrx_word' id='word_1_351' title='bbox 2519 2941 2631 3008; x_wconf 85' lang='lat' dir='ltr'><strong>est,</strong></span> <span class='ocrx_word' id='word_1_352' title='bbox 2662 2937 2736 2993; x_wconf 89' lang='lat' dir='ltr'><strong>ab</strong></span> <span class='ocrx_word' id='word_1_353' title='bbox 2767 2939 2901 2993; x_wconf 84' lang='lat' dir='ltr'><strong>Ario</strong></span> <span class='ocrx_word' id='word_1_354' title='bbox 2935 2943 3224 2995; x_wconf 89' lang='lat' dir='ltr'><strong>steterunt</strong></span> <span class='ocrx_word' id='word_1_355' title='bbox 3254 2941 3338 3010; x_wconf 89' lang='lat' dir='ltr'><strong>hi,</strong></span> <span class='ocrx_word' id='word_1_356' title='bbox 3371 2958 3632 3014; x_wconf 88' lang='lat' dir='ltr'><strong>quorum</strong></span> <span class='ocrx_word' id='word_1_357' title='bbox 3673 2961 3786 3001; x_wconf 89' lang='lat' dir='ltr'><strong>no-</strong></span> 
     </span>
    </p>
   </div>
   <div class='ocr_carea' id='block_1_61' title="bbox 2111 3027 3784 3104">
    <p class='ocr_par' dir='ltr' id='par_1_61' title="bbox 2111 3027 3784 3104">
     <span class='ocr_line' id='line_1_61' title="bbox 2111 3027 3784 3104; baseline 0.004 -20"><span class='ocrx_word' id='word_1_358' title='bbox 2111 3027 2272 3084; x_wconf 90' lang='lat' dir='ltr'><strong>mina</strong></span> <span class='ocrx_word' id='word_1_359' title='bbox 2300 3029 2767 3098; x_wconf 88' lang='lat' dir='ltr'><strong>subsequuntur,</strong></span> <span class='ocrx_word' id='word_1_360' title='bbox 2791 3027 3074 3100; x_wconf 86' lang='lat' dir='ltr'><strong>episcopi.</strong></span> <span class='ocrx_word' id='word_1_361' title='bbox 3099 3030 3180 3085; x_wconf 87' lang='lat' dir='ltr'><strong>Ex</strong></span> <span class='ocrx_word' id='word_1_362' title='bbox 3203 3031 3510 3103; x_wconf 83' lang='lat' dir='ltr'><strong>uperiore</strong></span> <span class='ocrx_word' id='word_1_363' title='bbox 3533 3032 3784 3104; x_wconf 87' lang='lat' dir='ltr'><strong>quidem</strong></span> 
     </span>
    </p>
   </div>
   <div class='ocr_carea' id='block_1_62' title="bbox 2111 3115 3786 3190">
    <p class='ocr_par' dir='ltr' id='par_1_62' title="bbox 2111 3115 3786 3190">
     <span class='ocr_line' id='line_1_62' title="bbox 2111 3115 3786 3190; baseline 0.004 -18"><span class='ocrx_word' id='word_1_364' title='bbox 2111 3117 2292 3190; x_wconf 86' lang='lat' dir='ltr'><strong>Libya</strong></span> <span class='ocrx_word' id='word_1_365' title='bbox 2347 3117 2667 3172; x_wconf 89' lang='lat' dir='ltr'><strong>Sentianus</strong></span> <span class='ocrx_word' id='word_1_366' title='bbox 2716 3117 2913 3184; x_wconf 68' lang='lat' dir='ltr'><strong>Bormi,</strong></span> <span class='ocrx_word' id='word_1_367' title='bbox 2968 3115 3225 3174; x_wconf 88' lang='lat' dir='ltr'><strong>Dachius</strong></span> <span class='ocrx_word' id='word_1_368' title='bbox 3285 3119 3624 3187; x_wconf 88' lang='lat' dir='ltr'><strong>Beronices,</strong></span> <span class='ocrx_word' id='word_1_369' title='bbox 3681 3122 3786 3178; x_wconf 83' lang='lat' dir='ltr'><strong>Se-</strong></span> 
     </span>
    </p>
   </div>
   <div class='ocr_carea' id='block_1_63' title="bbox 2113 3205 3784 3278">
    <p class='ocr_par' dir='ltr' id='par_1_63' title="bbox 2113 3205 3784 3278">
     <span class='ocr_line' id='line_1_63' title="bbox 2113 3205 3784 3278; baseline 0.003 -16"><span class='ocrx_word' id='word_1_370' title='bbox 2113 3209 2346 3263; x_wconf 89' lang='lat' dir='ltr'><strong>cundus</strong></span> <span class='ocrx_word' id='word_1_371' title='bbox 2376 3205 2870 3268; x_wconf 89' lang='lat' dir='ltr'><strong>Theuchirorum,</strong></span> <span class='ocrx_word' id='word_1_372' title='bbox 2903 3205 3164 3278; x_wconf 90' lang='lat' dir='ltr'><strong>Zopyrus</strong></span> <span class='ocrx_word' id='word_1_373' title='bbox 3197 3207 3430 3274; x_wconf 87' lang='lat' dir='ltr'><strong>Barces,</strong></span> <span class='ocrx_word' id='word_1_374' title='bbox 3465 3209 3784 3267; x_wconf 89' lang='lat' dir='ltr'><strong>Secundus</strong></span> 
     </span>
    </p>
   </div>
   <div class='ocr_carea' id='block_1_64' title="bbox 344 3273 3788 3364">
    <p class='ocr_par' dir='ltr' id='par_1_64' title="bbox 344 3273 3788 3364">
     <span class='ocr_line' id='line_1_64' title="bbox 344 3273 3788 3364; baseline 0 -14"><span class='ocrx_word' id='word_1_375' title='bbox 344 3295 452 3364; x_wconf 91' lang='lat' dir='ltr'><strong>bit,</strong></span> <span class='ocrx_word' id='word_1_376' title='bbox 509 3295 830 3350; x_wconf 80' lang='lat' dir='ltr'><strong>Alexandro</strong></span> <span class='ocrx_word' id='word_1_377' title='bbox 885 3293 1276 3349; x_wconf 84' lang='lat' dir='ltr'><strong>Alexandrino</strong></span> <span class='ocrx_word' id='word_1_378' title='bbox 1335 3273 1600 3350; x_wconf 82' lang='lat' dir='ltr'><strong>Pontiﬁci</strong></span> <span class='ocrx_word' id='word_1_379' title='bbox 1650 3293 1706 3347; x_wconf 92' lang='lat' dir='ltr'><strong>id</strong></span> <span class='ocrx_word' id='word_1_380' title='bbox 1763 3291 2002 3346; x_wconf 90' lang='lat' dir='ltr'><strong>honoris</strong></span> <span class='ocrx_word' id='word_1_381' title='bbox 2041 3273 2266 3352; x_wconf 79' lang='lat' dir='ltr'><strong>Catius</strong></span> <span class='ocrx_word' id='word_1_382' title='bbox 2297 3294 2702 3360; x_wconf 89' lang='lat' dir='ltr'><strong>Ptolemaidis,</strong></span> <span class='ocrx_word' id='word_1_383' title='bbox 2733 3295 2932 3350; x_wconf 88' lang='lat' dir='ltr'><strong>Theon</strong></span> <span class='ocrx_word' id='word_1_384' title='bbox 2984 3273 3369 3354; x_wconf 64' lang='lat' dir='ltr'><strong>Marmaricae.</strong></span> <span class='ocrx_word' id='word_1_385' title='bbox 3419 3273 3504 3354; x_wconf 82' lang='lat' dir='ltr'><strong>Ex</strong></span> <span class='ocrx_word' id='word_1_386' title='bbox 3557 3301 3788 3356; x_wconf 80' lang='lat' dir='ltr'><strong>Thebis</strong></span> 
     </span>
    </p>
   </div>
   <div class='ocr_carea' id='block_1_65' title="bbox 350 3381 1998 3454">
    <p class='ocr_par' dir='ltr' id='par_1_65' title="bbox 350 3381 1998 3454">
     <span class='ocr_line' id='line_1_65' title="bbox 350 3381 1998 3454; baseline -0.001 -16"><span class='ocrx_word' id='word_1_387' title='bbox 350 3381 502 3438; x_wconf 86' lang='lat' dir='ltr'><strong>ultro</strong></span> <span class='ocrx_word' id='word_1_388' title='bbox 551 3383 811 3438; x_wconf 84' lang='lat' dir='ltr'><strong>delatum</strong></span> <span class='ocrx_word' id='word_1_389' title='bbox 866 3385 970 3449; x_wconf 90' lang='lat' dir='ltr'><strong>est,</strong></span> <span class='ocrx_word' id='word_1_390' title='bbox 1032 3381 1250 3454; x_wconf 90' lang='lat' dir='ltr'><strong>quippe</strong></span> <span class='ocrx_word' id='word_1_391' title='bbox 1297 3381 1399 3454; x_wconf 90' lang='lat' dir='ltr'><strong>qui</strong></span> <span class='ocrx_word' id='word_1_392' title='bbox 1461 3381 1666 3453; x_wconf 88' lang='lat' dir='ltr'><strong>synodi</strong></span> <span class='ocrx_word' id='word_1_393' title='bbox 1729 3382 1998 3452; x_wconf 66' lang='lat' dir='ltr'><strong>cogendae</strong></span> 
     </span>
    </p>
   </div>
   <div class='ocr_carea' id='block_1_66' title="bbox 349 3470 1998 3542">
    <p class='ocr_par' dir='ltr' id='par_1_66' title="bbox 349 3470 1998 3542">
     <span class='ocr_line' id='line_1_66' title="bbox 349 3470 1998 3542; baseline -0.001 -16"><span class='ocrx_word' id='word_1_394' title='bbox 349 3475 466 3526; x_wconf 81' lang='lat' dir='ltr'><strong>dux</strong></span> <span class='ocrx_word' id='word_1_395' title='bbox 496 3477 554 3527; x_wconf 91' lang='lat' dir='ltr'><strong>et</strong></span> <span class='ocrx_word' id='word_1_396' title='bbox 583 3475 787 3527; x_wconf 89' lang='lat' dir='ltr'><strong>auctor</strong></span> <span class='ocrx_word' id='word_1_397' title='bbox 815 3470 1153 3527; x_wconf 83' lang='lat' dir='ltr'><strong>exstitisset.</strong></span> <span class='ocrx_word' id='word_1_398' title='bbox 1184 3470 1351 3526; x_wconf 85' lang='lat' dir='ltr'><strong>Hune</strong></span> <span class='ocrx_word' id='word_1_399' title='bbox 1383 3471 1440 3526; x_wconf 89' lang='lat' dir='ltr'><strong>in</strong></span> <span class='ocrx_word' id='word_1_400' title='bbox 1486 3470 1690 3542; x_wconf 87' lang='lat' dir='ltr'><strong>synodi</strong></span> <span class='ocrx_word' id='word_1_401' title='bbox 1721 3485 1998 3526; x_wconf 86' lang='lat' dir='ltr'><strong>consessu</strong></span> 
     </span>
    </p>
   </div>
   <div class='ocr_carea' id='block_1_67' title="bbox 351 3559 1995 3631">
    <p class='ocr_par' dir='ltr' id='par_1_67' title="bbox 351 3559 1995 3631">
     <span class='ocr_line' id='line_1_67' title="bbox 351 3559 1995 3631; baseline -0.001 -16"><span class='ocrx_word' id='word_1_402' title='bbox 351 3559 549 3615; x_wconf 87' lang='lat' dir='ltr'><strong>omnia</strong></span> <span class='ocrx_word' id='word_1_403' title='bbox 579 3565 644 3615; x_wconf 92' lang='lat' dir='ltr'><strong>ut</strong></span> <span class='ocrx_word' id='word_1_404' title='bbox 691 3575 754 3616; x_wconf 90' lang='lat' dir='ltr'><strong>se</strong></span> <span class='ocrx_word' id='word_1_405' title='bbox 802 3559 1095 3616; x_wconf 59' lang='lat' dir='ltr'><strong>habebant</strong></span> <span class='ocrx_word' id='word_1_406' title='bbox 1147 3560 1350 3616; x_wconf 89' lang='lat' dir='ltr'><strong>ordine</strong></span> <span class='ocrx_word' id='word_1_407' title='bbox 1399 3577 1666 3616; x_wconf 88' lang='lat' dir='ltr'><strong>narrasse</strong></span> <span class='ocrx_word' id='word_1_408' title='bbox 1719 3559 1995 3631; x_wconf 90' lang='lat' dir='ltr'><strong>subjicit:</strong></span> 
     </span>
    </p>
   </div>
   <div class='ocr_carea' id='block_1_68' title="bbox 353 3648 1996 3722">
    <p class='ocr_par' dir='ltr' id='par_1_68' title="bbox 353 3648 1996 3722">
     <span class='ocr_line' id='line_1_68' title="bbox 353 3648 1996 3722; baseline 0.001 -18"><span class='ocrx_word' id='word_1_409' title='bbox 353 3648 673 3722; x_wconf 88' lang='lat' dir='ltr'><strong>multisque</strong></span> <span class='ocrx_word' id='word_1_410' title='bbox 708 3651 850 3706; x_wconf 90' lang='lat' dir='ltr'><strong>adeo</strong></span> <span class='ocrx_word' id='word_1_411' title='bbox 883 3649 1256 3707; x_wconf 90' lang='lat' dir='ltr'><strong>sermonibus</strong></span> <span class='ocrx_word' id='word_1_412' title='bbox 1289 3649 1442 3707; x_wconf 82' lang='lat' dir='ltr'><strong>ultro</strong></span> <span class='ocrx_word' id='word_1_413' title='bbox 1465 3650 1728 3722; x_wconf 89' lang='lat' dir='ltr'><strong>citroque</strong></span> <span class='ocrx_word' id='word_1_414' title='bbox 1755 3649 1996 3718; x_wconf 87' lang='lat' dir='ltr'><strong>habitis,</strong></span> 
     </span>
    </p>
   </div>
   <div class='ocr_carea' id='block_1_69' title="bbox 349 3736 1998 3812">
    <p class='ocr_par' dir='ltr' id='par_1_69' title="bbox 349 3736 1998 3812">
     <span class='ocr_line' id='line_1_69' title="bbox 349 3736 1998 3812; baseline -0.002 -18"><span class='ocrx_word' id='word_1_415' title='bbox 349 3737 653 3810; x_wconf 87' lang='lat' dir='ltr'><strong>episcopos</strong></span> <span class='ocrx_word' id='word_1_416' title='bbox 687 3739 840 3794; x_wconf 86' lang='lat' dir='ltr'><strong>inter</strong></span> <span class='ocrx_word' id='word_1_417' title='bbox 870 3756 932 3795; x_wconf 88' lang='lat' dir='ltr'><strong>se</strong></span> <span class='ocrx_word' id='word_1_418' title='bbox 961 3755 1166 3796; x_wconf 89' lang='lat' dir='ltr'><strong>omnes</strong></span> <span class='ocrx_word' id='word_1_419' title='bbox 1196 3740 1560 3806; x_wconf 84' lang='lat' dir='ltr'><strong>convenisse,</strong></span> <span class='ocrx_word' id='word_1_420' title='bbox 1589 3745 1766 3812; x_wconf 88' lang='lat' dir='ltr'><strong>atque</strong></span> <span class='ocrx_word' id='word_1_421' title='bbox 1795 3736 1998 3808; x_wconf 82' lang='grc' dir='ltr'><strong>ὁμοσύ-</strong></span> 
     </span>
    </p>
   </div>
   <div class='ocr_carea' id='block_1_70' title="bbox 351 3827 1995 3900">
    <p class='ocr_par' dir='ltr' id='par_1_70' title="bbox 351 3827 1995 3900">
     <span class='ocr_line' id='line_1_70' title="bbox 351 3827 1995 3900; baseline 0.002 -20"><span class='ocrx_word' id='word_1_422' title='bbox 351 3847 464 3881; x_wconf 86' lang='grc' dir='ltr'><strong>σιον</strong></span> <span class='ocrx_word' id='word_1_423' title='bbox 492 3828 645 3884; x_wconf 88' lang='lat' dir='ltr'><strong>Patri</strong></span> <span class='ocrx_word' id='word_1_424' title='bbox 675 3827 910 3895; x_wconf 90' lang='lat' dir='ltr'><strong>Filium,</strong></span> <span class='ocrx_word' id='word_1_425' title='bbox 962 3829 1072 3885; x_wconf 91' lang='lat' dir='ltr'><strong>hoc</strong></span> <span class='ocrx_word' id='word_1_426' title='bbox 1120 3833 1210 3885; x_wconf 89' lang='lat' dir='ltr'><strong>est</strong></span> <span class='ocrx_word' id='word_1_427' title='bbox 1251 3830 1517 3900; x_wconf 86' lang='lat' dir='ltr'><strong>ejusdem</strong></span> <span class='ocrx_word' id='word_1_428' title='bbox 1573 3846 1815 3900; x_wconf 88' lang='lat' dir='ltr'><strong>prorsus</strong></span> <span class='ocrx_word' id='word_1_429' title='bbox 1863 3844 1995 3884; x_wconf 90' lang='lat' dir='ltr'><strong>cum</strong></span> 
     </span>
    </p>
   </div>
   <div class='ocr_carea' id='block_1_71' title="bbox 349 3916 1316 3988">
    <p class='ocr_par' dir='ltr' id='par_1_71' title="bbox 349 3916 1316 3988">
     <span class='ocr_line' id='line_1_71' title="bbox 349 3916 1316 3988; baseline 0.003 -18"><span class='ocrx_word' id='word_1_430' title='bbox 349 3916 452 3972; x_wconf 87' lang='lat' dir='ltr'><strong>illo</strong></span> <span class='ocrx_word' id='word_1_431' title='bbox 483 3917 847 3988; x_wconf 68' lang='lat' dir='ltr'><strong>substantiis,</strong></span> <span class='ocrx_word' id='word_1_432' title='bbox 881 3918 1316 3986; x_wconf 83' lang='lat' dir='ltr'><strong>pronuntiasse.</strong></span> 
     </span>
    </p>
   </div>
   <div class='ocr_carea' id='block_1_72' title="bbox 421 4006 1999 4078">
    <p class='ocr_par' dir='ltr' id='par_1_72' title="bbox 421 4006 1999 4078">
     <span class='ocr_line' id='line_1_72' title="bbox 421 4006 1999 4078; baseline 0.001 -18"><span class='ocrx_word' id='word_1_433' title='bbox 421 4006 539 4062; x_wconf 88' lang='lat' dir='ltr'><strong>Soli</strong></span> <span class='ocrx_word' id='word_1_434' title='bbox 595 4011 790 4063; x_wconf 89' lang='lat' dir='ltr'><strong>tamen</strong></span> <span class='ocrx_word' id='word_1_435' title='bbox 861 4007 1220 4078; x_wconf 85' lang='lat' dir='ltr'><strong>quindecim,</strong></span> <span class='ocrx_word' id='word_1_436' title='bbox 1274 4008 1594 4064; x_wconf 90' lang='lat' dir='ltr'><strong>Sozomeno</strong></span> <span class='ocrx_word' id='word_1_437' title='bbox 1651 4012 1820 4076; x_wconf 87' lang='lat' dir='ltr'><strong>teste,</strong></span> <span class='ocrx_word' id='word_1_438' title='bbox 1877 4007 1999 4062; x_wconf 90' lang='lat' dir='ltr'><strong>Arii</strong></span> 
     </span>
    </p>
   </div>
   <div class='ocr_carea' id='block_1_73' title="bbox 350 4096 2000 4170">
    <p class='ocr_par' dir='ltr' id='par_1_73' title="bbox 350 4096 2000 4170">
     <span class='ocr_line' id='line_1_73' title="bbox 350 4096 2000 4170; baseline 0 -19"><span class='ocrx_word' id='word_1_439' title='bbox 350 4097 612 4169; x_wconf 89' lang='lat' dir='ltr'><strong>dogmati</strong></span> <span class='ocrx_word' id='word_1_440' title='bbox 640 4096 1118 4168; x_wconf 88' lang='lat' dir='ltr'><strong>subscripserunt</strong></span> <span class='ocrx_word' id='word_1_441' title='bbox 1149 4114 1160 4152; x_wconf 94' lang='lat'>:</span> <span class='ocrx_word' id='word_1_442' title='bbox 1187 4114 1436 4170; x_wconf 90' lang='lat' dir='ltr'><strong>quorum</strong></span> <span class='ocrx_word' id='word_1_443' title='bbox 1471 4097 1710 4169; x_wconf 90' lang='lat' dir='ltr'><strong>quidem</strong></span> <span class='ocrx_word' id='word_1_444' title='bbox 1735 4096 2000 4169; x_wconf 87' lang='lat' dir='ltr'><strong>plerique</strong></span> 
     </span>
    </p>
   </div>
   <div class='ocr_carea' id='block_1_74' title="bbox 354 4185 1998 4252">
    <p class='ocr_par' dir='ltr' id='par_1_74' title="bbox 354 4185 1998 4252">
     <span class='ocr_line' id='line_1_74' title="bbox 354 4185 1998 4252; baseline 0 -12"><span class='ocrx_word' id='word_1_445' title='bbox 354 4189 580 4240; x_wconf 87' lang='lat' dir='ltr'><strong>mutata</strong></span> <span class='ocrx_word' id='word_1_446' title='bbox 639 4185 948 4240; x_wconf 80' lang='lat' dir='ltr'><strong>confestim</strong></span> <span class='ocrx_word' id='word_1_447' title='bbox 1009 4188 1321 4252; x_wconf 87' lang='lat' dir='ltr'><strong>sententia,</strong></span> <span class='ocrx_word' id='word_1_448' title='bbox 1385 4203 1758 4242; x_wconf 88' lang='lat' dir='ltr'><strong>communem</strong></span> <span class='ocrx_word' id='word_1_449' title='bbox 1818 4187 1998 4241; x_wconf 90' lang='lat' dir='ltr'><strong>totius</strong></span> 
     </span>
    </p>
   </div>
   <div class='ocr_carea' id='block_1_75' title="bbox 351 4273 1998 4347">
    <p class='ocr_par' dir='ltr' id='par_1_75' title="bbox 351 4273 1998 4347">
     <span class='ocr_line' id='line_1_75' title="bbox 351 4273 1998 4347; baseline 0.002 -19"><span class='ocrx_word' id='word_1_450' title='bbox 351 4273 622 4330; x_wconf 69' lang='lat' dir='ltr'><strong>Ecclesiae</strong></span> <span class='ocrx_word' id='word_1_451' title='bbox 691 4290 1043 4330; x_wconf 89' lang='lat' dir='ltr'><strong>consensum</strong></span> <span class='ocrx_word' id='word_1_452' title='bbox 1123 4274 1374 4347; x_wconf 88' lang='lat' dir='ltr'><strong>amplexi</strong></span> <span class='ocrx_word' id='word_1_453' title='bbox 1448 4279 1609 4330; x_wconf 89' lang='lat' dir='ltr'><strong>sunt.</strong></span> <span class='ocrx_word' id='word_1_454' title='bbox 1683 4275 1998 4331; x_wconf 87' lang='lat' dir='ltr'><strong>Sozomeno</strong></span> 
     </span>
    </p>
   </div>
   <div class='ocr_carea' id='block_1_76' title="bbox 350 4362 1999 4436">
    <p class='ocr_par' dir='ltr' id='par_1_76' title="bbox 350 4362 1999 4436">
     <span class='ocr_line' id='line_1_76' title="bbox 350 4362 1999 4436; baseline 0 -18"><span class='ocrx_word' id='word_1_455' title='bbox 350 4362 749 4436; x_wconf 86' lang='lat' dir='ltr'><strong>astipulantur</strong></span> <span class='ocrx_word' id='word_1_456' title='bbox 778 4366 920 4420; x_wconf 84' lang='lat' dir='ltr'><strong>Acta</strong></span> <span class='ocrx_word' id='word_1_457' title='bbox 959 4364 1189 4436; x_wconf 82' lang='lat' dir='ltr'><strong>synodi,</strong></span> <span class='ocrx_word' id='word_1_458' title='bbox 1243 4381 1370 4436; x_wconf 67' lang='lat' dir='ltr'><strong>quae</strong></span> <span class='ocrx_word' id='word_1_459' title='bbox 1419 4364 1634 4436; x_wconf 86' lang='lat' dir='ltr'><strong>passim</strong></span> <span class='ocrx_word' id='word_1_460' title='bbox 1687 4365 1999 4419; x_wconf 87' lang='lat' dir='ltr'><strong>circumfe-</strong></span> 
     </span>
    </p>
   </div>
   <div class='ocr_carea' id='block_1_77' title="bbox 351 4451 1998 4526">
    <p class='ocr_par' dir='ltr' id='par_1_77' title="bbox 351 4451 1998 4526">
     <span class='ocr_line' id='line_1_77' title="bbox 351 4451 1998 4526; baseline 0.001 -19"><span class='ocrx_word' id='word_1_461' title='bbox 351 4461 578 4507; x_wconf 90' lang='lat' dir='ltr'><strong>runtur.</strong></span> <span class='ocrx_word' id='word_1_462' title='bbox 625 4451 703 4507; x_wconf 88' lang='lat' dir='ltr'><strong>lis</strong></span> <span class='ocrx_word' id='word_1_463' title='bbox 748 4451 903 4507; x_wconf 89' lang='lat' dir='ltr'><strong>enim</strong></span> <span class='ocrx_word' id='word_1_464' title='bbox 961 4457 1190 4509; x_wconf 87' lang='lat' dir='ltr'><strong>constat</strong></span> <span class='ocrx_word' id='word_1_465' title='bbox 1237 4451 1650 4524; x_wconf 85' lang='lat' dir='ltr'><strong>septemdecim</strong></span> <span class='ocrx_word' id='word_1_466' title='bbox 1697 4455 1998 4526; x_wconf 84' lang='lat' dir='ltr'><strong>episcOpos</strong></span> 
     </span>
    </p>
   </div>
   <div class='ocr_carea' id='block_1_78' title="bbox 351 4541 1999 4614">
    <p class='ocr_par' dir='ltr' id='par_1_78' title="bbox 351 4541 1999 4614">
     <span class='ocr_line' id='line_1_78' title="bbox 351 4541 1999 4614; baseline 0.002 -18"><span class='ocrx_word' id='word_1_467' title='bbox 351 4559 462 4596; x_wconf 84' lang='lat' dir='ltr'><strong>una</strong></span> <span class='ocrx_word' id='word_1_468' title='bbox 495 4556 630 4597; x_wconf 90' lang='lat' dir='ltr'><strong>cum</strong></span> <span class='ocrx_word' id='word_1_469' title='bbox 659 4541 794 4596; x_wconf 88' lang='lat' dir='ltr'><strong>Ario</strong></span> <span class='ocrx_word' id='word_1_470' title='bbox 819 4541 1135 4598; x_wconf 82' lang='lat' dir='ltr'><strong>defecisse:</strong></span> <span class='ocrx_word' id='word_1_471' title='bbox 1163 4558 1414 4612; x_wconf 88' lang='lat' dir='ltr'><strong>quorum</strong></span> <span class='ocrx_word' id='word_1_472' title='bbox 1441 4559 1542 4598; x_wconf 80' lang='lat' dir='ltr'><strong>sex</strong></span> <span class='ocrx_word' id='word_1_473' title='bbox 1561 4545 1616 4597; x_wconf 90' lang='lat' dir='ltr'><strong>in</strong></span> <span class='ocrx_word' id='word_1_474' title='bbox 1639 4545 1768 4614; x_wconf 89' lang='lat' dir='ltr'><strong>ejus</strong></span> <span class='ocrx_word' id='word_1_475' title='bbox 1791 4542 1999 4600; x_wconf 71' lang='lat' dir='ltr'><strong>haeresi</strong></span> 
     </span>
    </p>
   </div>
   <div class='ocr_carea' id='block_1_79' title="bbox 2106 3383 3789 3462">
    <p class='ocr_par' dir='ltr' id='par_1_79' title="bbox 2106 3383 3789 3462">
     <span class='ocr_line' id='line_1_79' title="bbox 2106 3383 3789 3462; baseline 0.002 -21"><span class='ocrx_word' id='word_1_476' title='bbox 2106 3384 2388 3458; x_wconf 73' lang='lat' dir='ltr'><strong>Egyptiis</strong></span> <span class='ocrx_word' id='word_1_477' title='bbox 2418 3383 2694 3439; x_wconf 86' lang='lat' dir='ltr'><strong>Melitius.</strong></span> <span class='ocrx_word' id='word_1_478' title='bbox 2729 3383 2811 3437; x_wconf 84' lang='lat' dir='ltr'><strong>Ex</strong></span> <span class='ocrx_word' id='word_1_479' title='bbox 2853 3383 3158 3440; x_wconf 65' lang='lat' dir='ltr'><strong>Palaestina</strong></span> <span class='ocrx_word' id='word_1_480' title='bbox 3209 3387 3588 3458; x_wconf 88' lang='lat' dir='ltr'><strong>Patrophilus</strong></span> <span class='ocrx_word' id='word_1_481' title='bbox 3637 3391 3789 3462; x_wconf 80' lang='lat' dir='ltr'><strong>Scy-</strong></span> 
     </span>
    </p>
   </div>
   <div class='ocr_carea' id='block_1_80' title="bbox 2107 3471 3781 3548">
    <p class='ocr_par' dir='ltr' id='par_1_80' title="bbox 2107 3471 3781 3548">
     <span class='ocr_line' id='line_1_80' title="bbox 2107 3471 3781 3548; baseline 0.002 -18"><span class='ocrx_word' id='word_1_482' title='bbox 2107 3473 2432 3546; x_wconf 83' lang='lat' dir='ltr'><strong>thopoleos,</strong></span> <span class='ocrx_word' id='word_1_483' title='bbox 2465 3471 2758 3529; x_wconf 80' lang='lat' dir='ltr'><strong>Eusebius</strong></span> <span class='ocrx_word' id='word_1_484' title='bbox 2790 3472 3186 3542; x_wconf 63' lang='lat' dir='ltr'><strong>Caesariensis,</strong></span> <span class='ocrx_word' id='word_1_485' title='bbox 3211 3476 3314 3547; x_wconf 90' lang='lat' dir='ltr'><strong>qui</strong></span> <span class='ocrx_word' id='word_1_486' title='bbox 3351 3477 3654 3548; x_wconf 83' lang='lat' dir='ltr'><strong>Pamphili</strong></span> <span class='ocrx_word' id='word_1_487' title='bbox 3689 3481 3781 3534; x_wconf 81' lang='lat' dir='ltr'><strong>di-</strong></span> 
     </span>
    </p>
   </div>
   <div class='ocr_carea' id='block_1_81' title="bbox 2107 3560 3772 3637">
    <p class='ocr_par' dir='ltr' id='par_1_81' title="bbox 2107 3560 3772 3637">
     <span class='ocr_line' id='line_1_81' title="bbox 2107 3560 3772 3637; baseline 0.002 -18"><span class='ocrx_word' id='word_1_488' title='bbox 2107 3569 2238 3619; x_wconf 89' lang='lat' dir='ltr'><strong>ctus</strong></span> <span class='ocrx_word' id='word_1_489' title='bbox 2270 3565 2378 3618; x_wconf 89' lang='lat' dir='ltr'><strong>est.</strong></span> <span class='ocrx_word' id='word_1_490' title='bbox 2427 3560 2507 3616; x_wconf 83' lang='lat' dir='ltr'><strong>Ex</strong></span> <span class='ocrx_word' id='word_1_491' title='bbox 2561 3560 2853 3616; x_wconf 73' lang='lat' dir='ltr'><strong>Phoenicia</strong></span> <span class='ocrx_word' id='word_1_492' title='bbox 2910 3561 3192 3618; x_wconf 88' lang='lat' dir='ltr'><strong>Paulinus</strong></span> <span class='ocrx_word' id='word_1_493' title='bbox 3247 3563 3407 3637; x_wconf 85' lang='lat' dir='ltr'><strong>Tyri,</strong></span> <span class='ocrx_word' id='word_1_494' title='bbox 3464 3567 3772 3637; x_wconf 81' lang='lat' dir='ltr'><strong>Amphion</strong></span> 
     </span>
    </p>
   </div>
   <div class='ocr_carea' id='block_1_82' title="bbox 2106 3649 3777 3725">
    <p class='ocr_par' dir='ltr' id='par_1_82' title="bbox 2106 3649 3777 3725">
     <span class='ocr_line' id='line_1_82' title="bbox 2106 3649 3777 3725; baseline 0.004 -18"><span class='ocrx_word' id='word_1_495' title='bbox 2106 3650 2416 3724; x_wconf 89' lang='lat' dir='ltr'><strong>Sigedonis</strong></span> <span class='ocrx_word' id='word_1_496' title='bbox 2446 3649 2706 3722; x_wconf 80' lang='lat' dir='ltr'><strong>(6i).-Ex</strong></span> <span class='ocrx_word' id='word_1_497' title='bbox 2753 3649 2956 3706; x_wconf 88' lang='lat' dir='ltr'><strong>Cilicia</strong></span> <span class='ocrx_word' id='word_1_498' title='bbox 3004 3649 3318 3708; x_wconf 87' lang='lat' dir='ltr'><strong>Narcissus</strong></span> <span class='ocrx_word' id='word_1_499' title='bbox 3363 3653 3777 3725; x_wconf 88' lang='lat' dir='ltr'><strong>Irenopoleos,</strong></span> 
     </span>
    </p>
   </div>
   <div class='ocr_carea' id='block_1_83' title="bbox 2107 3739 3777 3811">
    <p class='ocr_par' dir='ltr' id='par_1_83' title="bbox 2107 3739 3777 3811">
     <span class='ocr_line' id='line_1_83' title="bbox 2107 3739 3777 3811; baseline 0.003 -15"><span class='ocrx_word' id='word_1_500' title='bbox 2107 3740 2466 3798; x_wconf 84' lang='lat' dir='ltr'><strong>Athanasius</strong></span> <span class='ocrx_word' id='word_1_501' title='bbox 2523 3739 2832 3802; x_wconf 86' lang='lat' dir='ltr'><strong>Anazarbi,</strong></span> <span class='ocrx_word' id='word_1_502' title='bbox 2884 3740 3374 3797; x_wconf 87' lang='lat' dir='ltr'><strong>Tarcondimatus</strong></span> <span class='ocrx_word' id='word_1_503' title='bbox 3422 3744 3636 3811; x_wconf 55' lang='lat' dir='ltr'><strong>(Egon.</strong></span> <span class='ocrx_word' id='word_1_504' title='bbox 3693 3745 3777 3800; x_wconf 83' lang='lat' dir='ltr'><strong>Ex</strong></span> 
     </span>
    </p>
   </div>
   <div class='ocr_carea' id='block_1_84' title="bbox 2107 3829 3780 3902">
    <p class='ocr_par' dir='ltr' id='par_1_84' title="bbox 2107 3829 3780 3902">
     <span class='ocr_line' id='line_1_84' title="bbox 2107 3829 3780 3902; baseline 0.002 -16"><span class='ocrx_word' id='word_1_505' title='bbox 2107 3829 2473 3902; x_wconf 87' lang='lat' dir='ltr'><strong>Cappadocia</strong></span> <span class='ocrx_word' id='word_1_506' title='bbox 2503 3829 2802 3896; x_wconf 89' lang='lat' dir='ltr'><strong>Leontius,</strong></span> <span class='ocrx_word' id='word_1_507' title='bbox 2835 3831 3188 3900; x_wconf 87' lang='lat' dir='ltr'><strong>Longianus,</strong></span> <span class='ocrx_word' id='word_1_508' title='bbox 3239 3837 3297 3886; x_wconf 88' lang='lat' dir='ltr'><strong>et</strong></span> <span class='ocrx_word' id='word_1_509' title='bbox 3345 3831 3637 3888; x_wconf 87' lang='lat' dir='ltr'><strong>Eulalius.</strong></span> <span class='ocrx_word' id='word_1_510' title='bbox 3695 3836 3780 3890; x_wconf 80' lang='lat' dir='ltr'><strong>Ex</strong></span> 
     </span>
    </p>
   </div>
   <div class='ocr_carea' id='block_1_85' title="bbox 2107 3917 3776 3994">
    <p class='ocr_par' dir='ltr' id='par_1_85' title="bbox 2107 3917 3776 3994">
     <span class='ocr_line' id='line_1_85' title="bbox 2107 3917 3776 3994; baseline 0.002 -20"><span class='ocrx_word' id='word_1_511' title='bbox 2107 3925 2311 3983; x_wconf 89' lang='lat' dir='ltr'><strong>Ponto,</strong></span> <span class='ocrx_word' id='word_1_512' title='bbox 2362 3917 2610 3973; x_wconf 89' lang='lat' dir='ltr'><strong>Basilius</strong></span> <span class='ocrx_word' id='word_1_513' title='bbox 2658 3918 2929 3984; x_wconf 71' lang='lat' dir='ltr'><strong>Amasits,</strong></span> <span class='ocrx_word' id='word_1_514' title='bbox 2983 3919 3243 3974; x_wconf 88' lang='lat' dir='ltr'><strong>Melitius</strong></span> <span class='ocrx_word' id='word_1_515' title='bbox 3294 3923 3776 3994; x_wconf 86' lang='lat' dir='ltr'><strong>Sebastopoleos.</strong></span> 
     </span>
    </p>
   </div>
   <div class='ocr_carea' id='block_1_86' title="bbox 2105 4006 3777 4084">
    <p class='ocr_par' dir='ltr' id='par_1_86' title="bbox 2105 4006 3777 4084">
     <span class='ocr_line' id='line_1_86' title="bbox 2105 4006 3777 4084; baseline 0.002 -19"><span class='ocrx_word' id='word_1_516' title='bbox 2105 4010 2188 4065; x_wconf 79' lang='lat' dir='ltr'><strong>Ex</strong></span> <span class='ocrx_word' id='word_1_517' title='bbox 2219 4006 2506 4080; x_wconf 82' lang='lat' dir='ltr'><strong>Bithynia,</strong></span> <span class='ocrx_word' id='word_1_518' title='bbox 2539 4007 2834 4072; x_wconf 71' lang='lat' dir='ltr'><strong>Theognis</strong></span> <span class='ocrx_word' id='word_1_519' title='bbox 2866 4007 3090 4078; x_wconf 66' lang='lat' dir='ltr'><strong>Nicaeae,</strong></span> <span class='ocrx_word' id='word_1_520' title='bbox 3122 4009 3304 4065; x_wconf 88' lang='lat' dir='ltr'><strong>Maris</strong></span> <span class='ocrx_word' id='word_1_521' title='bbox 3353 4011 3777 4084; x_wconf 88' lang='lat' dir='ltr'><strong>Chalcedonis,</strong></span> 
     </span>
    </p>
   </div>
   <div class='ocr_carea' id='block_1_87' title="bbox 2107 4097 3778 4171">
    <p class='ocr_par' dir='ltr' id='par_1_87' title="bbox 2107 4097 3778 4171">
     <span class='ocr_line' id='line_1_87' title="bbox 2107 4097 3778 4171; baseline 0.002 -15"><span class='ocrx_word' id='word_1_522' title='bbox 2107 4099 2390 4156; x_wconf 85' lang='lat' dir='ltr'><strong>Eusebius</strong></span> <span class='ocrx_word' id='word_1_523' title='bbox 2419 4097 2788 4164; x_wconf 77' lang='lat' dir='ltr'><strong>Nicomediae,</strong></span> <span class='ocrx_word' id='word_1_524' title='bbox 2825 4097 3071 4168; x_wconf 84' lang='lat' dir='ltr'><strong>Magnus</strong></span> <span class='ocrx_word' id='word_1_525' title='bbox 3103 4099 3345 4171; x_wconf 90' lang='lat' dir='ltr'><strong>quidam</strong></span> <span class='ocrx_word' id='word_1_526' title='bbox 3391 4103 3778 4171; x_wconf 80' lang='lat' dir='ltr'><strong>cognomine,</strong></span> 
     </span>
    </p>
   </div>
   <div class='ocr_carea' id='block_1_88' title="bbox 2107 4186 3780 4264">
    <p class='ocr_par' dir='ltr' id='par_1_88' title="bbox 2107 4186 3780 4264">
     <span class='ocr_line' id='line_1_88' title="bbox 2107 4186 3780 4264; baseline 0.003 -20"><span class='ocrx_word' id='word_1_527' title='bbox 2107 4189 2207 4260; x_wconf 89' lang='lat' dir='ltr'><strong>qui</strong></span> <span class='ocrx_word' id='word_1_528' title='bbox 2238 4187 2493 4242; x_wconf 91' lang='lat' dir='ltr'><strong>Luciano</strong></span> <span class='ocrx_word' id='word_1_529' title='bbox 2528 4186 2769 4258; x_wconf 85' lang='lat' dir='ltr'><strong>martyri</strong></span> <span class='ocrx_word' id='word_1_530' title='bbox 2813 4187 3124 4244; x_wconf 85' lang='lat' dir='ltr'><strong>familiaris</strong></span> <span class='ocrx_word' id='word_1_531' title='bbox 3175 4189 3387 4262; x_wconf 88' lang='lat' dir='ltr'><strong>fuerat,</strong></span> <span class='ocrx_word' id='word_1_532' title='bbox 3432 4191 3780 4264; x_wconf 86' lang='lat' dir='ltr'><strong>virtuteque</strong></span> 
     </span>
    </p>
   </div>
   <div class='ocr_carea' id='block_1_89' title="bbox 2107 4276 3778 4352">
    <p class='ocr_par' dir='ltr' id='par_1_89' title="bbox 2107 4276 3778 4352">
     <span class='ocr_line' id='line_1_89' title="bbox 2107 4276 3778 4352; baseline 0.002 -19"><span class='ocrx_word' id='word_1_533' title='bbox 2107 4277 2324 4342; x_wconf 87' lang='lat' dir='ltr'><strong>clarus,</strong></span> <span class='ocrx_word' id='word_1_534' title='bbox 2359 4281 2422 4330; x_wconf 90' lang='lat' dir='ltr'><strong>ut</strong></span> <span class='ocrx_word' id='word_1_535' title='bbox 2451 4277 2549 4348; x_wconf 91' lang='lat' dir='ltr'><strong>qui</strong></span> <span class='ocrx_word' id='word_1_536' title='bbox 2585 4276 2833 4330; x_wconf 83' lang='lat' dir='ltr'><strong>maxime</strong></span> <span class='ocrx_word' id='word_1_537' title='bbox 2867 4293 2879 4332; x_wconf 94' lang='lat'>:</span> <span class='ocrx_word' id='word_1_538' title='bbox 2912 4293 2979 4332; x_wconf 85' lang='lat' dir='ltr'><strong>ex</strong></span> <span class='ocrx_word' id='word_1_539' title='bbox 3010 4293 3122 4347; x_wconf 91' lang='lat' dir='ltr'><strong>quo</strong></span> <span class='ocrx_word' id='word_1_540' title='bbox 3169 4279 3348 4334; x_wconf 88' lang='lat' dir='ltr'><strong>etiam</strong></span> <span class='ocrx_word' id='word_1_541' title='bbox 3409 4279 3610 4352; x_wconf 86' lang='lat' dir='ltr'><strong>Magni</strong></span> <span class='ocrx_word' id='word_1_542' title='bbox 3673 4299 3778 4338; x_wconf 84' lang='lat' dir='ltr'><strong>co-</strong></span> 
     </span>
    </p>
   </div>
   <div class='ocr_carea' id='block_1_90' title="bbox 2107 4365 2792 4437">
    <p class='ocr_par' dir='ltr' id='par_1_90' title="bbox 2107 4365 2792 4437">
     <span class='ocr_line' id='line_1_90' title="bbox 2107 4365 2792 4437; baseline -0.003 -15"><span class='ocrx_word' id='word_1_543' title='bbox 2107 4382 2356 4437; x_wconf 86' lang='lat' dir='ltr'><strong>gnomen</strong></span> <span class='ocrx_word' id='word_1_544' title='bbox 2391 4365 2638 4436; x_wconf 88' lang='lat' dir='ltr'><strong>adeptus</strong></span> <span class='ocrx_word' id='word_1_545' title='bbox 2654 4369 2792 4420; x_wconf 86' lang='lat' dir='ltr'><strong>erat.</strong></span> 
     </span>
    </p>
   </div>
   <div class='ocr_carea' id='block_1_91' title="bbox 2752 4453 3116 4512">
    <p class='ocr_par' dir='ltr' id='par_1_91' title="bbox 2752 4453 3116 4512">
     <span class='ocr_line' id='line_1_91' title="bbox 2752 4453 3116 4512; baseline 0.011 -5"><span class='ocrx_word' id='word_1_546' title='bbox 2752 4453 2908 4508; x_wconf 89' lang='lat' dir='ltr'><strong>CAP.</strong></span> <span class='ocrx_word' id='word_1_547' title='bbox 2955 4454 3116 4512; x_wconf 87' lang='lat' dir='ltr'><strong>VIII.</strong></span> 
     </span>
    </p>
   </div>
   <div class='ocr_carea' id='block_1_92' title="bbox 2108 4543 3781 4614">
    <p class='ocr_par' dir='ltr' id='par_1_92' title="bbox 2108 4543 3781 4614">
     <span class='ocr_line' id='line_1_92' title="bbox 2108 4543 3781 4614; baseline 0.002 -13"><span class='ocrx_word' id='word_1_548' title='bbox 2108 4546 2183 4602; x_wconf 80' lang='lat' dir='ltr'><strong>De</strong></span> <span class='ocrx_word' id='word_1_549' title='bbox 2204 4543 2328 4600; x_wconf 80' lang='lat' dir='ltr'><strong>Arii</strong></span> <span class='ocrx_word' id='word_1_550' title='bbox 2354 4545 2947 4611; x_wconf 74' lang='lat' dir='ltr'><strong>excommunicatinne,</strong></span> <span class='ocrx_word' id='word_1_551' title='bbox 2979 4560 3092 4598; x_wconf 85' lang='lat' dir='ltr'><strong>una</strong></span> <span class='ocrx_word' id='word_1_552' title='bbox 3119 4561 3245 4600; x_wconf 85' lang='lat' dir='ltr'><strong>cum</strong></span> <span class='ocrx_word' id='word_1_553' title='bbox 3294 4544 3573 4601; x_wconf 75' lang='lat' dir='ltr'><strong>librorum</strong></span> <span class='ocrx_word' id='word_1_554' title='bbox 3627 4549 3781 4614; x_wconf 74' lang='lat' dir='ltr'><strong>eius,</strong></span> 
     </span>
    </p>
   </div>
   <div class='ocr_carea' id='block_1_93' title="bbox 348 4615 1995 4704">
    <p class='ocr_par' dir='ltr' id='par_1_93' title="bbox 348 4629 1995 4704">
     <span class='ocr_line' id='line_1_93' title="bbox 348 4629 1995 4704; baseline 0.001 -17"><span class='ocrx_word' id='word_1_555' title='bbox 348 4629 740 4704; x_wconf 88' lang='lat' dir='ltr'><strong>perstiterint,</strong></span> <span class='ocrx_word' id='word_1_556' title='bbox 775 4629 1044 4686; x_wconf 87' lang='lat' dir='ltr'><strong>undecim</strong></span> <span class='ocrx_word' id='word_1_557' title='bbox 1076 4639 1266 4686; x_wconf 87' lang='lat' dir='ltr'><strong>autem</strong></span> <span class='ocrx_word' id='word_1_558' title='bbox 1317 4630 1672 4700; x_wconf 88' lang='lat' dir='ltr'><strong>palinodiam</strong></span> <span class='ocrx_word' id='word_1_559' title='bbox 1725 4637 1995 4688; x_wconf 85' lang='lat' dir='ltr'><strong>canentes</strong></span> 
     </span>
    </p>
   </div>
   <div class='ocr_carea' id='block_1_94' title="bbox 2114 4615 3700 4704">
    <p class='ocr_par' dir='ltr' id='par_1_94' title="bbox 2179 4615 3700 4688">
     <span class='ocr_line' id='line_1_94' title="bbox 2179 4615 3700 4688; baseline 0.001 -16"><span class='ocrx_word' id='word_1_560' title='bbox 2179 4618 2237 4672; x_wconf 86' lang='lat' dir='ltr'><strong>in</strong></span> <span class='ocrx_word' id='word_1_561' title='bbox 2262 4615 2568 4688; x_wconf 69' lang='lat' dir='ltr'><strong>primisque</strong></span> <span class='ocrx_word' id='word_1_562' title='bbox 2610 4615 2836 4686; x_wconf 70' lang='lat' dir='ltr'><strong>Thaliae,</strong></span> <span class='ocrx_word' id='word_1_563' title='bbox 2854 4632 2951 4671; x_wconf 83' lang='lat' dir='ltr'><strong>seu</strong></span> <span class='ocrx_word' id='word_1_564' title='bbox 2983 4616 3236 4672; x_wconf 81' lang='lat' dir='ltr'><strong>Convivii</strong></span> <span class='ocrx_word' id='word_1_565' title='bbox 3272 4617 3700 4688; x_wconf 79' lang='lat' dir='ltr'><strong>improbatione.</strong></span> 
     </span>
    </p>
   </div>
   <div class='ocr_carea' id='block_1_95' title="bbox 349 4720 1993 4793">
    <p class='ocr_par' dir='ltr' id='par_1_95' title="bbox 349 4720 1993 4793">
     <span class='ocr_line' id='line_1_95' title="bbox 349 4720 1993 4793; baseline -0.001 -16"><span class='ocrx_word' id='word_1_566' title='bbox 349 4738 526 4777; x_wconf 87' lang='lat' dir='ltr'><strong>manu</strong></span> <span class='ocrx_word' id='word_1_567' title='bbox 589 4721 822 4793; x_wconf 89' lang='lat' dir='ltr'><strong>quidem</strong></span> <span class='ocrx_word' id='word_1_568' title='bbox 884 4721 1363 4793; x_wconf 88' lang='lat' dir='ltr'><strong>subscripserint,</strong></span> <span class='ocrx_word' id='word_1_569' title='bbox 1423 4720 1615 4778; x_wconf 87' lang='lat' dir='ltr'><strong>animo</strong></span> <span class='ocrx_word' id='word_1_570' title='bbox 1689 4738 1822 4778; x_wconf 89' lang='lat' dir='ltr'><strong>vero</strong></span> <span class='ocrx_word' id='word_1_571' title='bbox 1881 4739 1993 4777; x_wconf 90' lang='lat' dir='ltr'><strong>non</strong></span> 
     </span>
    </p>
   </div>
   <div class='ocr_carea' id='block_1_96' title="bbox 346 4811 507 4866">
    <p class='ocr_par' dir='ltr' id='par_1_96' title="bbox 346 4811 507 4866">
     <span class='ocr_line' id='line_1_96' title="bbox 346 4811 507 4866; baseline 0.012 -2"><span class='ocrx_word' id='word_1_572' title='bbox 346 4811 507 4866; x_wconf 90' lang='lat' dir='ltr'><strong>item.</strong></span> 
     </span>
    </p>
   </div>
   <div class='ocr_carea' id='block_1_97' title="bbox 418 4899 1996 4972">
    <p class='ocr_par' dir='ltr' id='par_1_97' title="bbox 418 4899 1996 4972">
     <span class='ocr_line' id='line_1_97' title="bbox 418 4899 1996 4972; baseline 0.001 -19"><span class='ocrx_word' id='word_1_573' title='bbox 418 4899 680 4956; x_wconf 87' lang='lat' dir='ltr'><strong>Socrates</strong></span> <span class='ocrx_word' id='word_1_574' title='bbox 718 4901 799 4956; x_wconf 91' lang='lat' dir='ltr'><strong>ait</strong></span> <span class='ocrx_word' id='word_1_575' title='bbox 852 4900 1112 4972; x_wconf 89' lang='lat' dir='ltr'><strong>quinque</strong></span> <span class='ocrx_word' id='word_1_576' title='bbox 1160 4901 1476 4972; x_wconf 88' lang='lat' dir='ltr'><strong>ipiscopos,</strong></span> <span class='ocrx_word' id='word_1_577' title='bbox 1523 4900 1836 4956; x_wconf 88' lang='lat' dir='ltr'><strong>Eusebium</strong></span> <span class='ocrx_word' id='word_1_578' title='bbox 1898 4900 1996 4956; x_wconf 90' lang='lat' dir='ltr'><strong>Ni-</strong></span> 
     </span>
    </p>
   </div>
   <div class='ocr_carea' id='block_1_98' title="bbox 349 4988 1996 5061">
    <p class='ocr_par' dir='ltr' id='par_1_98' title="bbox 349 4988 1996 5061">
     <span class='ocr_line' id='line_1_98' title="bbox 349 4988 1996 5061; baseline 0.002 -20"><span class='ocrx_word' id='word_1_579' title='bbox 349 4988 644 5054; x_wconf 61' lang='lat' dir='ltr'><strong>comediae,</strong></span> <span class='ocrx_word' id='word_1_580' title='bbox 692 4989 992 5061; x_wconf 89' lang='lat' dir='ltr'><strong>Theognin</strong></span> <span class='ocrx_word' id='word_1_581' title='bbox 1043 4989 1268 5056; x_wconf 68' lang='lat' dir='ltr'><strong>Nicaeae,</strong></span> <span class='ocrx_word' id='word_1_582' title='bbox 1343 4988 1526 5045; x_wconf 91' lang='lat' dir='ltr'><strong>Marin</strong></span> <span class='ocrx_word' id='word_1_583' title='bbox 1593 4989 1996 5056; x_wconf 88' lang='lat' dir='ltr'><strong>Chalcedonis,</strong></span> 
     </span>
    </p>
   </div>
   <div class='ocr_carea' id='block_1_99' title="bbox 351 5076 2000 5150">
    <p class='ocr_par' dir='ltr' id='par_1_99' title="bbox 351 5076 2000 5150">
     <span class='ocr_line' id='line_1_99' title="bbox 351 5076 2000 5150; baseline 0.002 -19"><span class='ocrx_word' id='word_1_584' title='bbox 351 5076 644 5132; x_wconf 87' lang='lat' dir='ltr'><strong>Theonam</strong></span> <span class='ocrx_word' id='word_1_585' title='bbox 679 5076 1058 5146; x_wconf 67' lang='lat' dir='ltr'><strong>Marmaricae,</strong></span> <span class='ocrx_word' id='word_1_586' title='bbox 1085 5084 1259 5150; x_wconf 89' lang='lat' dir='ltr'><strong>atque</strong></span> <span class='ocrx_word' id='word_1_587' title='bbox 1277 5078 1605 5134; x_wconf 89' lang='lat' dir='ltr'><strong>Secundum</strong></span> <span class='ocrx_word' id='word_1_588' title='bbox 1626 5078 2000 5134; x_wconf 86' lang='lat' dir='ltr'><strong>Ptolemaidis</strong></span> 
     </span>
    </p>
   </div>
   <div class='ocr_carea' id='block_1_100' title="bbox 351 5166 1994 5238">
    <p class='ocr_par' dir='ltr' id='par_1_100' title="bbox 351 5166 1994 5238">
     <span class='ocr_line' id='line_1_100' title="bbox 351 5166 1994 5238; baseline 0.001 -18"><span class='ocrx_word' id='word_1_589' title='bbox 351 5166 636 5238; x_wconf 85' lang='lat' dir='ltr'><strong>asynodo</strong></span> <span class='ocrx_word' id='word_1_590' title='bbox 681 5167 1011 5224; x_wconf 88' lang='lat' dir='ltr'><strong>secessisse.</strong></span> <span class='ocrx_word' id='word_1_591' title='bbox 1073 5167 1412 5224; x_wconf 87' lang='lat' dir='ltr'><strong>Theodorus</strong></span> <span class='ocrx_word' id='word_1_592' title='bbox 1473 5173 1666 5224; x_wconf 86' lang='lat' dir='ltr'><strong>autem</strong></span> <span class='ocrx_word' id='word_1_593' title='bbox 1727 5167 1994 5238; x_wconf 89' lang='lat' dir='ltr'><strong>Mopsue-</strong></span> 
     </span>
    </p>
   </div>
   <div class='ocr_carea' id='block_1_101' title="bbox 353 5258 2000 5326">
    <p class='ocr_par' dir='ltr' id='par_1_101' title="bbox 353 5258 2000 5326">
     <span class='ocr_line' id='line_1_101' title="bbox 353 5258 2000 5326; baseline 0.002 -16"><span class='ocrx_word' id='word_1_594' title='bbox 353 5258 551 5313; x_wconf 72' lang='lat' dir='ltr'><strong>stizeus</strong></span> <span class='ocrx_word' id='word_1_595' title='bbox 611 5260 811 5313; x_wconf 86' lang='lat' dir='ltr'><strong>auctor</strong></span> <span class='ocrx_word' id='word_1_596' title='bbox 865 5264 976 5326; x_wconf 88' lang='lat' dir='ltr'><strong>est,</strong></span> <span class='ocrx_word' id='word_1_597' title='bbox 1037 5275 1238 5314; x_wconf 89' lang='lat' dir='ltr'><strong>novem</strong></span> <span class='ocrx_word' id='word_1_598' title='bbox 1292 5263 1522 5316; x_wconf 90' lang='lat' dir='ltr'><strong>tantum</strong></span> <span class='ocrx_word' id='word_1_599' title='bbox 1581 5275 1650 5314; x_wconf 84' lang='lat' dir='ltr'><strong>ex</strong></span> <span class='ocrx_word' id='word_1_600' title='bbox 1725 5258 2000 5314; x_wconf 89' lang='lat' dir='ltr'><strong>omnibus</strong></span> 
     </span>
    </p>
   </div>
   <div class='ocr_carea' id='block_1_102' title="bbox 355 5345 2002 5419">
    <p class='ocr_par' dir='ltr' id='par_1_102' title="bbox 355 5345 2002 5419">
     <span class='ocr_line' id='line_1_102' title="bbox 355 5345 2002 5419; baseline 0.003 -21"><span class='ocrx_word' id='word_1_601' title='bbox 355 5345 560 5413; x_wconf 86' lang='lat' dir='ltr'><strong>fuisse,</strong></span> <span class='ocrx_word' id='word_1_602' title='bbox 583 5345 800 5417; x_wconf 88' lang='lat' dir='ltr'><strong>quibus</strong></span> <span class='ocrx_word' id='word_1_603' title='bbox 821 5347 1026 5419; x_wconf 85' lang='lat' dir='ltr'><strong>synodi</strong></span> <span class='ocrx_word' id='word_1_604' title='bbox 1053 5347 1283 5403; x_wconf 85' lang='lat' dir='ltr'><strong>decreta</strong></span> <span class='ocrx_word' id='word_1_605' title='bbox 1313 5365 1426 5405; x_wconf 85' lang='lat' dir='ltr'><strong>non</strong></span> <span class='ocrx_word' id='word_1_606' title='bbox 1463 5347 1787 5411; x_wconf 79' lang='lat' dir='ltr'><strong>arriserint,</strong></span> <span class='ocrx_word' id='word_1_607' title='bbox 1812 5347 2002 5418; x_wconf 88' lang='lat' dir='ltr'><strong>iisque</strong></span> 
     </span>
    </p>
   </div>
   <div class='ocr_carea' id='block_1_103' title="bbox 352 5435 1998 5506">
    <p class='ocr_par' dir='ltr' id='par_1_103' title="bbox 352 5435 1998 5506">
     <span class='ocr_line' id='line_1_103' title="bbox 352 5435 1998 5506; baseline 0.001 -16"><span class='ocrx_word' id='word_1_608' title='bbox 352 5436 714 5501; x_wconf 89' lang='lat' dir='ltr'><strong>nominibus,</strong></span> <span class='ocrx_word' id='word_1_609' title='bbox 741 5435 1043 5505; x_wconf 88' lang='lat' dir='ltr'><strong>Theognin</strong></span> <span class='ocrx_word' id='word_1_610' title='bbox 1087 5435 1310 5506; x_wconf 65' lang='lat' dir='ltr'><strong>Nicaeae,</strong></span> <span class='ocrx_word' id='word_1_611' title='bbox 1363 5437 1681 5494; x_wconf 84' lang='lat' dir='ltr'><strong>Eusebium</strong></span> <span class='ocrx_word' id='word_1_612' title='bbox 1733 5437 1998 5492; x_wconf 85' lang='lat' dir='ltr'><strong>Nicome-</strong></span> 
     </span>
    </p>
   </div>
   <div class='ocr_carea' id='block_1_104' title="bbox 353 5523 2000 5596">
    <p class='ocr_par' dir='ltr' id='par_1_104' title="bbox 353 5523 2000 5596">
     <span class='ocr_line' id='line_1_104' title="bbox 353 5523 2000 5596; baseline 0.002 -18"><span class='ocrx_word' id='word_1_613' title='bbox 353 5524 482 5592; x_wconf 70' lang='lat' dir='ltr'><strong>diae,</strong></span> <span class='ocrx_word' id='word_1_614' title='bbox 500 5523 903 5594; x_wconf 84' lang='lat' dir='ltr'><strong>PatrOpbilum</strong></span> <span class='ocrx_word' id='word_1_615' title='bbox 929 5523 1365 5596; x_wconf 88' lang='lat' dir='ltr'><strong>Scythopoleos,</strong></span> <span class='ocrx_word' id='word_1_616' title='bbox 1390 5526 1705 5582; x_wconf 85' lang='lat' dir='ltr'><strong>Eusebium</strong></span> <span class='ocrx_word' id='word_1_617' title='bbox 1729 5529 2000 5583; x_wconf 66' lang='lat' dir='ltr'><strong>Caesareae</strong></span> 
     </span>
    </p>
   </div>
   <div class='ocr_carea' id='block_1_105' title="bbox 2179 4722 3780 4796">
    <p class='ocr_par' dir='ltr' id='par_1_105' title="bbox 2179 4722 3780 4796">
     <span class='ocr_line' id='line_1_105' title="bbox 2179 4722 3780 4796; baseline 0.004 -19"><span class='ocrx_word' id='word_1_618' title='bbox 2179 4727 2463 4778; x_wconf 77' lang='lat' dir='ltr'><strong>Caeterum</strong></span> <span class='ocrx_word' id='word_1_619' title='bbox 2491 4722 2825 4792; x_wconf 89' lang='lat' dir='ltr'><strong>conscripto</strong></span> <span class='ocrx_word' id='word_1_620' title='bbox 2872 4723 3007 4778; x_wconf 80' lang='lat' dir='ltr'><strong>ﬁdei</strong></span> <span class='ocrx_word' id='word_1_621' title='bbox 3055 4724 3344 4796; x_wconf 86' lang='lat' dir='ltr'><strong>symbolo,</strong></span> <span class='ocrx_word' id='word_1_622' title='bbox 3405 4726 3780 4795; x_wconf 87' lang='lat' dir='ltr'><strong>scripturam</strong></span> 
     </span>
    </p>
   </div>
   <div class='ocr_carea' id='block_1_106' title="bbox 2108 4813 3779 4888">
    <p class='ocr_par' dir='ltr' id='par_1_106' title="bbox 2108 4813 3779 4888">
     <span class='ocr_line' id='line_1_106' title="bbox 2108 4813 3779 4888; baseline 0.002 -20"><span class='ocrx_word' id='word_1_623' title='bbox 2108 4813 2344 4885; x_wconf 88' lang='lat' dir='ltr'><strong>quidem</strong></span> <span class='ocrx_word' id='word_1_624' title='bbox 2377 4813 2660 4870; x_wconf 88' lang='lat' dir='ltr'><strong>Eusebius</strong></span> <span class='ocrx_word' id='word_1_625' title='bbox 2693 4813 3063 4884; x_wconf 87' lang='lat' dir='ltr'><strong>Nicomediae,</strong></span> <span class='ocrx_word' id='word_1_626' title='bbox 3099 4831 3215 4870; x_wconf 87' lang='lat' dir='ltr'><strong>una</strong></span> <span class='ocrx_word' id='word_1_627' title='bbox 3243 4831 3378 4870; x_wconf 91' lang='lat' dir='ltr'><strong>cum</strong></span> <span class='ocrx_word' id='word_1_628' title='bbox 3404 4815 3779 4888; x_wconf 86' lang='lat' dir='ltr'><strong>Theognide,</strong></span> 
     </span>
    </p>
   </div>
   <div class='ocr_carea' id='block_1_107' title="bbox 2109 4901 3781 4975">
    <p class='ocr_par' dir='ltr' id='par_1_107' title="bbox 2109 4901 3781 4975">
     <span class='ocr_line' id='line_1_107' title="bbox 2109 4901 3781 4975; baseline 0.002 -17"><span class='ocrx_word' id='word_1_629' title='bbox 2109 4902 2276 4970; x_wconf 87' lang='lat' dir='ltr'><strong>Mari,</strong></span> <span class='ocrx_word' id='word_1_630' title='bbox 2317 4901 2676 4973; x_wconf 85' lang='lat' dir='ltr'><strong>Patrophilo,</strong></span> <span class='ocrx_word' id='word_1_631' title='bbox 2709 4905 2764 4956; x_wconf 91' lang='lat' dir='ltr'><strong>et</strong></span> <span class='ocrx_word' id='word_1_632' title='bbox 2818 4903 3083 4958; x_wconf 90' lang='lat' dir='ltr'><strong>Secundo</strong></span> <span class='ocrx_word' id='word_1_633' title='bbox 3141 4905 3635 4975; x_wconf 85' lang='lat' dir='ltr'><strong>approbaverunt,</strong></span> <span class='ocrx_word' id='word_1_634' title='bbox 3690 4908 3781 4962; x_wconf 86' lang='lat' dir='ltr'><strong>ei-</strong></span> 
     </span>
    </p>
   </div>
   <div class='ocr_carea' id='block_1_108' title="bbox 2111 4990 3778 5064">
    <p class='ocr_par' dir='ltr' id='par_1_108' title="bbox 2111 4990 3778 5064">
     <span class='ocr_line' id='line_1_108' title="bbox 2111 4990 3778 5064; baseline 0.003 -18"><span class='ocrx_word' id='word_1_635' title='bbox 2111 5008 2220 5062; x_wconf 90' lang='lat' dir='ltr'><strong>que</strong></span> <span class='ocrx_word' id='word_1_636' title='bbox 2249 4991 2500 5062; x_wconf 87' lang='lat' dir='ltr'><strong>propriis</strong></span> <span class='ocrx_word' id='word_1_637' title='bbox 2541 4990 2952 5062; x_wconf 78' lang='lat' dir='ltr'><strong>chirographis</strong></span> <span class='ocrx_word' id='word_1_638' title='bbox 3002 4991 3504 5064; x_wconf 71' lang='lat' dir='ltr'><strong>subscripserunt,</strong></span> <span class='ocrx_word' id='word_1_639' title='bbox 3557 5002 3622 5049; x_wconf 86' lang='lat' dir='ltr'><strong>at</strong></span> <span class='ocrx_word' id='word_1_640' title='bbox 3671 5011 3778 5051; x_wconf 76' lang='lat' dir='ltr'><strong>ex—</strong></span> 
     </span>
    </p>
   </div>
   <div class='ocr_carea' id='block_1_109' title="bbox 2111 5079 3778 5156">
    <p class='ocr_par' dir='ltr' id='par_1_109' title="bbox 2111 5079 3778 5156">
     <span class='ocr_line' id='line_1_109' title="bbox 2111 5079 3778 5156; baseline 0.004 -22"><span class='ocrx_word' id='word_1_641' title='bbox 2111 5081 2544 5136; x_wconf 88' lang='lat' dir='ltr'><strong>communicato</strong></span> <span class='ocrx_word' id='word_1_642' title='bbox 2573 5079 2730 5146; x_wconf 84' lang='lat' dir='ltr'><strong>Ario,</strong></span> <span class='ocrx_word' id='word_1_643' title='bbox 2765 5079 3241 5153; x_wconf 87' lang='lat' dir='ltr'><strong>dictionibusque</strong></span> <span class='ocrx_word' id='word_1_644' title='bbox 3301 5082 3373 5136; x_wconf 89' lang='lat' dir='ltr'><strong>iis</strong></span> <span class='ocrx_word' id='word_1_645' title='bbox 3422 5083 3646 5156; x_wconf 89' lang='lat' dir='ltr'><strong>quibus</strong></span> <span class='ocrx_word' id='word_1_646' title='bbox 3696 5086 3778 5140; x_wconf 84' lang='lat' dir='ltr'><strong>ad</strong></span> 
     </span>
    </p>
   </div>
   <div class='ocr_carea' id='block_1_110' title="bbox 2113 5169 3780 5243">
    <p class='ocr_par' dir='ltr' id='par_1_110' title="bbox 2113 5169 3780 5243">
     <span class='ocr_line' id='line_1_110' title="bbox 2113 5169 3780 5243; baseline 0.002 -19"><span class='ocrx_word' id='word_1_647' title='bbox 2113 5169 2465 5226; x_wconf 75' lang='lat' dir='ltr'><strong>iniciendam</strong></span> <span class='ocrx_word' id='word_1_648' title='bbox 2498 5169 2766 5225; x_wconf 82' lang='lat' dir='ltr'><strong>haeresim</strong></span> <span class='ocrx_word' id='word_1_649' title='bbox 2798 5170 3068 5226; x_wconf 87' lang='lat' dir='ltr'><strong>utebatur</strong></span> <span class='ocrx_word' id='word_1_650' title='bbox 3097 5171 3468 5242; x_wconf 88' lang='lat' dir='ltr'><strong>improbatis,</strong></span> <span class='ocrx_word' id='word_1_651' title='bbox 3503 5173 3645 5243; x_wconf 89' lang='lat' dir='ltr'><strong>quin</strong></span> <span class='ocrx_word' id='word_1_652' title='bbox 3701 5174 3780 5228; x_wconf 86' lang='lat' dir='ltr'><strong>li-</strong></span> 
     </span>
    </p>
   </div>
   <div class='ocr_carea' id='block_1_111' title="bbox 2111 5259 3782 5333">
    <p class='ocr_par' dir='ltr' id='par_1_111' title="bbox 2111 5259 3782 5333">
     <span class='ocr_line' id='line_1_111' title="bbox 2111 5259 3782 5333; baseline 0.002 -20"><span class='ocrx_word' id='word_1_653' title='bbox 2111 5259 2214 5314; x_wconf 88' lang='lat' dir='ltr'><strong>bro</strong></span> <span class='ocrx_word' id='word_1_654' title='bbox 2245 5259 2446 5324; x_wconf 87' lang='lat' dir='ltr'><strong>etiam,</strong></span> <span class='ocrx_word' id='word_1_655' title='bbox 2491 5273 2666 5328; x_wconf 76' lang='lat' dir='ltr'><strong>quem</strong></span> <span class='ocrx_word' id='word_1_656' title='bbox 2719 5273 2893 5328; x_wconf 88' lang='lat' dir='ltr'><strong>super</strong></span> <span class='ocrx_word' id='word_1_657' title='bbox 2949 5259 3152 5313; x_wconf 86' lang='lat' dir='ltr'><strong>eadem</strong></span> <span class='ocrx_word' id='word_1_658' title='bbox 3213 5261 3667 5333; x_wconf 82' lang='lat' dir='ltr'><strong>conscripserat,</strong></span> <span class='ocrx_word' id='word_1_659' title='bbox 3719 5267 3782 5317; x_wconf 87' lang='lat' dir='ltr'><strong>et</strong></span> 
     </span>
    </p>
   </div>
   <div class='ocr_carea' id='block_1_112' title="bbox 2111 5346 3782 5417">
    <p class='ocr_par' dir='ltr' id='par_1_112' title="bbox 2111 5346 3782 5417">
     <span class='ocr_line' id='line_1_112' title="bbox 2111 5346 3782 5417; baseline 0.002 -16"><span class='ocrx_word' id='word_1_660' title='bbox 2111 5346 2370 5402; x_wconf 76' lang='lat' dir='ltr'><strong>Thaieian</strong></span> <span class='ocrx_word' id='word_1_661' title='bbox 2407 5347 2464 5399; x_wconf 91' lang='lat' dir='ltr'><strong>in</strong></span> <span class='ocrx_word' id='word_1_662' title='bbox 2491 5346 2829 5417; x_wconf 89' lang='lat' dir='ltr'><strong>scripserat,</strong></span> <span class='ocrx_word' id='word_1_663' title='bbox 2866 5347 3268 5414; x_wconf 82' lang='lat' dir='ltr'><strong>hujuscemodi</strong></span> <span class='ocrx_word' id='word_1_664' title='bbox 3303 5353 3782 5407; x_wconf 80' lang='lat' dir='ltr'><strong>excommunica-</strong></span> 
     </span>
    </p>
   </div>
   <div class='ocr_carea' id='block_1_113' title="bbox 2111 5434 3776 5508">
    <p class='ocr_par' dir='ltr' id='par_1_113' title="bbox 2111 5434 3776 5508">
     <span class='ocr_line' id='line_1_113' title="bbox 2111 5434 3776 5508; baseline 0.004 -20"><span class='ocrx_word' id='word_1_665' title='bbox 2111 5437 2254 5504; x_wconf 83' lang='lat' dir='ltr'><strong>tioni</strong></span> <span class='ocrx_word' id='word_1_666' title='bbox 2321 5436 2608 5490; x_wconf 78' lang='lat' dir='ltr'><strong>Eusebius</strong></span> <span class='ocrx_word' id='word_1_667' title='bbox 2653 5434 3020 5501; x_wconf 67' lang='lat' dir='ltr'><strong>Nicomediae,</strong></span> <span class='ocrx_word' id='word_1_668' title='bbox 3078 5441 3136 5490; x_wconf 90' lang='lat' dir='ltr'><strong>et</strong></span> <span class='ocrx_word' id='word_1_669' title='bbox 3191 5437 3488 5508; x_wconf 86' lang='lat' dir='ltr'><strong>Theognis</strong></span> <span class='ocrx_word' id='word_1_670' title='bbox 3543 5439 3776 5505; x_wconf 63' lang='lat' dir='ltr'><strong>Nica‘ee,</strong></span> 
     </span>
    </p>
   </div>
   <div class='ocr_carea' id='block_1_114' title="bbox 2113 5523 2848 5581">
    <p class='ocr_par' dir='ltr' id='par_1_114' title="bbox 2113 5523 2848 5581">
     <span class='ocr_line' id='line_1_114' title="bbox 2113 5523 2848 5581; baseline -0.004 0"><span class='ocrx_word' id='word_1_671' title='bbox 2113 5525 2484 5581; x_wconf 84' lang='lat' dir='ltr'><strong>subscribere</strong></span> <span class='ocrx_word' id='word_1_672' title='bbox 2519 5523 2848 5579; x_wconf 81' lang='lat' dir='ltr'><strong>uoluerunt.</strong></span> 
     </span>
    </p>
   </div>
   <div class='ocr_carea' id='block_1_115' title="bbox 423 5701 2226 5774">
    <p class='ocr_par' dir='ltr' id='par_1_115' title="bbox 423 5701 2226 5774">
     <span class='ocr_line' id='line_1_115' title="bbox 423 5701 2226 5774; baseline 0.001 -18"><span class='ocrx_word' id='word_1_673' title='bbox 423 5703 536 5771; x_wconf 82' lang='grc'><strong>(61)</strong></span> <span class='ocrx_word' id='word_1_674' title='bbox 571 5702 737 5754; x_wconf 84' lang='lat' dir='ltr'><strong>Forte</strong></span> <span class='ocrx_word' id='word_1_675' title='bbox 767 5701 1004 5756; x_wconf 74' lang='lat' dir='ltr'><strong>Sidonis</strong></span> <span class='ocrx_word' id='word_1_676' title='bbox 1037 5701 1349 5769; x_wconf 85' lang='lat' dir='ltr'><strong>legendum</strong></span> <span class='ocrx_word' id='word_1_677' title='bbox 1381 5709 1492 5772; x_wconf 90' lang='lat' dir='ltr'><strong>est,</strong></span> <span class='ocrx_word' id='word_1_678' title='bbox 1525 5704 1666 5774; x_wconf 89' lang='lat' dir='ltr'><strong>quia</strong></span> <span class='ocrx_word' id='word_1_679' title='bbox 1697 5705 1752 5758; x_wconf 90' lang='lat' dir='ltr'><strong>in</strong></span> <span class='ocrx_word' id='word_1_680' title='bbox 1787 5703 2090 5759; x_wconf 81' lang='lat' dir='ltr'><strong>Pannonia</strong></span> <span class='ocrx_word' id='word_1_681' title='bbox 2120 5709 2226 5759; x_wconf 85' lang='lat' dir='ltr'><strong>est.</strong></span> 
     </span>
    </p>
   </div>
  </div>
