4054 6452
300 386 333 444 1
348 384 473 447 369

379 524 569 587 Quare
596 514 801 571 Arium
833 514 1144 584 imperetur
1172 511 1374 568 exsilio
1411 509 1697 566 multavit.

307 612 484 669 bium
520 623 690 679 porro
715 604 808 661 vel
860 603 974 659 alia
1014 604 1084 658 de
1141 618 1319 657 causa
1372 617 1605 669 exosus,
1634 600 1768 671 quia
1804 601 1975 657 nimi-

306 716 446 756 rum
480 715 515 753 a
538 703 784 769 tyranno
817 693 1045 766 primus
1076 696 1333 757 steterat,
1365 690 1597 762 sibique
1626 689 1739 762 ipsi
1779 690 1971 746 fuerat

302 790 651 854 insidiatus,
678 803 795 841 una
823 800 959 840 cum
1004 780 1263 853 Theogni
1312 780 1577 837 exsulare
1619 780 1818 851 jussit.
1856 780 1970 835 Ita-

306 897 431 953 que
462 876 694 933 Eusebii
736 874 863 930 loco
897 872 1326 928 Nicomediensi
1361 870 1627 925 Ecclesia:
1661 870 1969 939 prafectus

305 973 407 1026 est
439 965 767 1037 Amphion:
801 968 859 1018 et
898 962 1145 1017 Nicaeum
1200 959 1326 1015 loco
1380 958 1737 1029 Theognidis
1786 958 1966 1014 Chre-

304 1068 463 1115 stus.
504 1056 621 1114 Nec
653 1054 732 1108 ita
790 1051 969 1107 multo
1028 1059 1156 1122 post
1215 1050 1382 1105 Arius
1452 1049 1525 1104 ab
1555 1048 1759 1104 exsilio
1810 1064 1968 1104 revo-

302 1155 482 1205 catus
532 1150 645 1206 est.
697 1144 864 1213 eique
922 1140 1046 1196 sola
1101 1141 1341 1210 Egypto
1400 1144 1575 1209 atque
1618 1138 1967 1194 Alexandria

298 1236 691 1293 interdictum
746 1238 853 1297 est,
890 1230 1182 1301 Pauloque
1218 1235 1347 1299 post
1392 1229 1684 1283 Eusebius
1730 1244 1965 1301 quoque

298 1332 366 1385 et
400 1323 719 1395 Theognis,
753 1320 1109 1392 paenitudine
1143 1336 1242 1388 per
1284 1318 1616 1390 hypocrisin
1666 1318 1964 1386 simulata,

300 1432 453 1473 suas
491 1418 735 1482 uterque
773 1414 1117 1481 receperunt
1148 1407 1453 1464 Ecclesias.

382 1505 530 1559 Item
564 1499 982 1570 Philostorgius
1006 1499 1115 1551 sub
1147 1496 1319 1550 tinem
1366 1495 1540 1566 primi
1573 1494 1730 1564 libri,
1764 1498 1967 1551 auctor

301 1600 425 1658 est,
460 1607 661 1646 eorum
696 1588 797 1660 qui
831 1587 1077 1642 Nicaeum
1106 1585 1238 1640 fidei
1295 1584 1789 1654 subscripserant,
1823 1583 1966 1639 alios

302 1683 550 1754 quidem
575 1676 1143 1749 echirographorum
1168 1691 1409 1730 suorum
1427 1678 1663 1745 regione
1689 1673 1965 1729 homousii

302 1773 632 1828 dictionem
673 1768 1032 1835 ascripsisse,
1068 1765 1215 1819 alios
1268 1780 1401 1818 vero
1463 1764 1535 1817 ab
1584 1763 1835 1819 Eusebio
1881 1763 1966 1817 in-

1660 376 2065 439 THESAURI
2108 378 2264 439 LIB.
2310 380 2394 444 ν.

1786 511 1964 566 Euse-
1998 513 2050 580 Α
2078 511 2467 583 jurisjurandi
2509 514 2808 587 opinione,
2852 513 3216 569 accusationi
3274 513 3420 568 ﬁctas
3477 513 3731 570 colorem

3581 372 3745 437 1370

2086 602 2343 658 adderet.
2379 602 2483 659 Illa
2513 604 2668 660 enim
2703 621 2948 676 puerum
2983 603 3288 659 duodecim
3324 620 3509 658 annos
3529 608 3731 660 natum

2084 692 2434 762 producens,
2476 709 2611 748 eum
2641 694 2712 749 ab
2741 693 3042 749 Eustathio
3092 692 3425 763 suscepisse
3478 692 3729 751 dicebat.

2079 783 2361 837 Caeterum
2379 787 2546 837 antea
2563 781 2995 838 clandestinum
3027 786 3301 853 stuprum
3330 783 3400 837 ab
3432 782 3732 838 Eustathio

2080 870 2331 940 quodam
2365 871 2528 927 fabro
2561 889 2736 944 passa
2767 872 3052 942 fuerat,ex
3084 888 3198 942 quo
3230 876 3287 928 et
3309 888 3555 943 puerum
3579 873 3735 927 hunc

2078 965 2442 1031 susceperat.

2152 1048 2453 1105 Eustathio
2481 1049 2677 1121 itaque
2700 1051 2810 1105 hac
2841 1054 2963 1106 arte
2994 1051 3279 1122 deposito,
3316 1050 3728 1120 imperatorem

2074 1137 2484 1194 Constantium
2518 1139 2766 1210 hujusce
2823 1141 2906 1194 rei
2962 1141 3269 1195 certiorem
3332 1139 3617 1206 fecerunt,
3668 1143 3733 1195 ut

2080 1227 2396 1283 Eusebium
2432 1228 2725 1300 Pamphili
2754 1233 3027 1285 Caesareas
3049 1228 3390 1301 episcopum
3422 1229 3481 1283 in
3526 1230 3727 1285 Antio-

2077 1316 2322 1372 chenam
2381 1318 2580 1373 sedem
2635 1322 2991 1389 surrogaret.
3043 1321 3114 1372 At
3169 1318 3455 1374 Eusebius
3520 1318 3724 1375 litteris

2076 1406 2203 1474 ejus
2228 1406 2485 1461 muneris
2516 1407 2941 1478 deprecatorias
2990 1408 3059 1462 ad
3111 1408 3519 1478 imperatorem
3571 1408 3723 1461 scri-

2077 1492 2228 1564 psit;
2263 1494 2401 1564 quia
2424 1494 2705 1549 nimirum
2749 1494 2907 1551 idem
2937 1494 3368 1551 ecclesiasticus
3420 1496 3560 1551 ordo
3605 1513 3721 1550 non

2077 1583 2388 1653 paieretur.
2436 1583 2614 1653 Cujus
2647 1584 2886 1655 probato
2934 1583 3177 1640 consilio
3220 1585 3533 1656 imperator
3587 1601 3724 1640 eum

2077 1672 2309 1727 beatum
2346 1689 2475 1728 esse
2507 1675 2672 1743 dixit,
2725 1674 2940 1744 quippe
3003 1674 3104 1744 qui
3149 1692 3264 1730 non
3324 1676 3500 1731 unius
3561 1674 3722 1731 urbis

2074 1764 2379 1829 duntaxat,
2400 1780 2598 1819 verum
2623 1764 2804 1818 totius
2841 1764 3015 1819 etiam
3049 1764 3205 1820 orbis
3255 1767 3591 1839 episcopatu
3639 1766 3725 1819 di-

301 1864 569 1918 structos
595 1856 995 1926 blasphemam
1026 1854 1309 1907 homreusii
1343 1867 1533 1906 vocem
1558 1850 1681 1906 loco
1695 1856 1966 1908 homousti
2004 1879 2046 1943 Β
2077 1869 2230 1925 gnus
2257 1859 2429 1908 esset.

299 1950 725 2021 supposuisse:
765 1950 971 2016 praeter
1026 1942 1361 1997 Secundum
1396 1949 1453 1995 et
1497 1940 1823 2007 Theonam,
1865 1942 1961 2010 qui

298 2039 485 2096 etiam
505 2054 621 2093 una
649 2052 783 2091 cum
814 2032 946 2087 Ario
1004 2034 1250 2103 ejusque
1293 2029 1649 2101 presbyteris
1701 2029 1761 2084 in
1820 2028 1962 2099 Illy-

297 2131 463 2185 rium
499 2126 737 2198 relegati
770 2127 927 2179 sunt.

377 2217 553 2272 Initio
611 2223 806 2271 autem
851 2212 984 2267 libri
1056 2209 1300 2266 secundi
1358 2208 1564 2264 scribit
1620 2208 1959 2274 Eusebium,

295 2305 630 2377 Theognin,
663 2310 720 2359 et
783 2302 990 2367 Marin,
1038 2316 1240 2356 eorum
1297 2315 1426 2369 quae
1486 2298 1963 2369 subscripserunt

302 2395 676 2468 pmnitudine
706 2392 1009 2458 ductos,ad
1043 2391 1455 2461 imperatorem
1490 2388 1961 2460 venisse,hisque

299 2484 463 2549 apud
506 2499 637 2538 eum
698 2482 889 2537 verbis
928 2495 1095 2535 usos:
1163 2479 1350 2548 lmpii,
1400 2481 1742 2550 imperator.
1784 2480 1841 2531 in
1894 2494 1961 2532 eo

303 2574 554 2639 fuimus,
587 2572 741 2644 quod
775 2571 858 2626 tui
892 2577 1046 2624 metu
1084 2567 1337 2639 perculsi
1375 2567 1659 2637 impietati
1709 2569 1965 2621 subscri-

300 2661 621 2733 pserimus.
654 2660 736 2715 Ex
761 2676 876 2731 quo
909 2660 1127 2714 factum
1159 2658 1256 2723 sit,
1294 2661 1357 2711 ut
1408 2658 1723 2724 imperator
1751 2671 1960 2711 excan-

297 2753 555 2807 descens
582 2767 680 2805 eos
710 2751 769 2804 in
797 2748 1015 2804 Gallias
1046 2763 1149 2803 seu
1197 2746 1460 2801 Galatiae
1499 2745 1786 2801 Ucciduas
1821 2745 1963 2801 rele-

289 2841 475 2916 garit,
499 2841 748 2896 Arianos
780 2844 977 2894 autem
1009 2854 1113 2892 sua
1145 2851 1437 2908 quemque
1470 2836 1657 2907 patria
1682 2836 1960 2891 excedero

283 2930 498 3003 jussit.
529 2930 810 2985 Caeterum
846 2935 1043 2982 exacto
1070 2925 1321 2981 triennio
1353 2925 1698 2980 Eusebianis
1747 2926 1817 2979 ad
1854 2941 1961 2980 sua

291 3018 667 3093 postliminio
702 3018 890 3073 redire
925 3016 1213 3088 permisit.

976 3123 1127 3178 CAP.
1184 3122 1275 3178 IX.

294 3240 375 3291 De
408 3229 1190 3316 Nicomediensi‘ﬁriarioruni
1225 3232 1511 3316 adversus
1557 3231 1956 3316 Hunmousitrnos
1989 3249 2031 3316 ρ

370 3303 698 3360 orthodoxa:
727 3302 1079 3371 antisynodo,
1113 3307 1165 3357 et
1212 3302 1438 3358 insidiis
1490 3305 1551 3358 in
1612 3303 1957 3359 Eustathium

377 3374 788 3432 .Jntiochenum
817 3379 1128 3444 episcOpum
1166 3375 1390 3429 structis

376 3483 578 3540 Ariani
610 3500 678 3539 ex
708 3481 910 3537 Galliis
960 3479 1169 3535 reversi
1217 3476 1601 3535 dueentorum
1662 3481 1957 3554 quinqua-

298 3577 475 3651 ginta
504 3574 910 3645 episcoporum
946 3569 1292 3640 antisynodo
1318 3569 1714 3625 Nicomediam
1748 3586 1959 3627 convo-

296 3670 457 3730 cata,
518 3660 911 3716 Alexandrum
958 3658 1558 3726 excommunicarunt,
1592 3663 1649 3711 et
1697 3675 1827 3713 cum
1889 3676 1955 3714 eo

299 3757 596 3828 quotquot
627 3749 928 3822 ὁμοούσιον
982 3749 1428 3819 profitebantur.
1460 3747 1573 3802 Nec
1622 3746 1803 3803 ullum
1838 3748 1954 3804 im-

299 3844 636 3915 pugnandis
674 3841 804 3895 iidei
834 3838 1131 3894 catholicae
1179 3839 1344 3893 finem
1392 3836 1680 3892 faciebant
1739 3840 1952 3907 Ariani,

295 3934 536 4002 sibique
579 3929 1015 3984 adversantium
1069 3944 1098 3982 e
1151 3928 1341 3983 medio
1404 3926 1838 3982 tollendorum:
1892 3928 1952 3983 in

295 4023 506 4095 primis
542 4026 734 4075 autem
762 4019 986 4074 nullum
1024 4036 1137 4073 non
1173 4019 1483 4073 movebant
1529 4016 1810 4087 lapidem,
1837 4036 1952 4089 quo

290 4112 681 4171 Enstachium
716 4110 1077 4165 Antiocheno
1110 4110 1453 4181 episcopatu
1490 4107 1950 4179 privarent.Qua2

292 4222 388 4260 res
424 4201 743 4257 Eusebium
772 4198 1279 4254 Nicomediensem
1317 4198 1515 4263 movit,
1551 4204 1616 4251 ut
1670 4198 1950 4252 orationis

292 4293 488 4367 gratia
518 4307 580 4346 se
613 4306 730 4345 una
756 4306 887 4344 cum
921 4289 1261 4359 Theognide
1313 4288 1563 4352 Niceno,
1616 4292 1672 4342 et
1728 4287 1951 4361 aliquot

292 4381 428 4437 aliis
454 4379 659 4433 eodem
693 4377 892 4432 morbo
935 4376 1345 4431 laborantibus
1395 4374 1602 4429 [Ellam
1660 4376 1947 4446 proficisci

420 4472 564 4523 eret.

420 4472 564 4523 eret.

290 4470 653 4616 ﬁn(gravibus
684 4558 880 4628 itaque
911 4555 1141 4611 insidiis
1171 4554 1546 4610 Eustachium
1583 4556 1949 4615 adoriuntur.

2150 1942 2396 2014 Eligitur
2423 1959 2581 2013 ergo,
2629 1943 2730 2015 qui
2764 1943 3068 1999 Eustathio
3132 1945 3430 2014 succedat,
3466 1945 3719 2001 Arianus

2074 2032 2333 2099 quidam,
2367 2033 2737 2102 Euphronius
2759 2033 3015 2101 nomine,
3049 2037 3111 2087 ut
3139 2034 3579 2106 Mopsuestaeus,
3618 2036 3723 2093 So-

2073 2124 2284 2184 crates,
2320 2124 2376 2173 et
2398 2119 2758 2175 Sozomenus
2788 2120 3054 2175 scribunt
3087 2141 3100 2189 ;
3130 2125 3192 2175 ut
3234 2126 3428 2176 autem
3454 2123 3721 2179 Theodo-

2073 2208 2183 2261 rito
2215 2213 2271 2261 et
2313 2207 2761 2279 chronographo
2792 2208 3131 2280 TheOphani
3185 2208 3393 2281 placet,
3428 2211 3716 2268 Eulalius.

2070 2297 2238 2352 Solus
2269 2312 2402 2352 vero
2436 2297 2861 2368 Philostorgius
2889 2298 3035 2353 iibro
3058 2299 3435 2355 Historiarum
3464 2304 3718 2356 secundo

2074 2384 2377 2441 Paulinum
2411 2386 2559 2457 Tyro
2588 2385 2958 2441 Antiochiam
2984 2387 3337 2444 translatum
3363 2406 3489 2445 esse
3520 2395 3723 2446 auctor

2073 2481 2181 2531 est.
2214 2475 2497 2530 Caeterum
2521 2481 2815 2531 annuente
2849 2494 3080 2549 quoque
3112 2477 3484 2549 imperatore,
3516 2480 3718 2536 Eusta-

2073 2564 2232 2619 thius
2291 2564 2592 2635 Philippos
2633 2566 2690 2620 in
2742 2565 3139 2621 Macedoniam
3190 2566 3523 2637 abducitur,
3560 2570 3718 2625 unde

2072 2654 2355 2725 originem
2389 2655 2676 2710 trahebat.

2768 2780 2921 2836 CAP.
2958 2784 3028 2836 X.

2072 2908 2248 2975 Quam
2269 2904 2511 2961 subdolis
2539 2907 2755 2961 artibus
2786 2908 2991 2963 Ariani
3045 2907 3423 2964 haresiarchw
3452 2910 3542 2965 sui
3570 2911 3692 2966 redi
3702 2944 3715 2953 -

2143 2983 2263 3033 tum
2288 2978 2355 3031 ab
2376 2978 2576 3032 exsilio
2608 2979 3050 3048 impetraverint,
3082 2984 3134 3034 et
3163 2980 3230 3036 de
3276 2983 3629 3037 intendendis
3660 2985 3718 3038 in

2142 3049 2506 3122 Athanasium
2535 3049 2981 3105 Alexandrinum
3011 3050 3484 3122 archiepiscopum
3515 3055 3721 3109 calum-

2141 3121 2254 3176 niis
2284 3123 2646 3191 cogztaverint
2671 3139 2684 3188 ;
2713 3122 2914 3193 quibus
2945 3126 3169 3177 tandem
3200 3121 3585 3180 Sanctissimus
3633 3130 3721 3180 vir

2143 3194 2662 3265 Hierosolymitanae
2690 3194 2893 3265 synodi
2919 3194 3129 3251 decreto
3158 3196 3305 3267 apud
3362 3197 3605 3252 Treviros
3660 3200 3719 3254 in

2143 3267 2327 3323 Gallia
2355 3267 2617 3320 exsulare
2636 3266 2949 3337 jussusest.

2141 3393 2283 3449 Cum
2320 3393 2514 3465 itaque
2542 3393 2664 3448 haec
2697 3393 3044 3450 Eusebianis
3077 3412 3176 3463 pro
3206 3396 3386 3450 animi
3427 3398 3718 3456 sententia

2069 3483 2511 3551 successissent,
2549 3484 2768 3552 majore
2794 3489 2895 3551 τῆς
2950 3484 3310 3557 καινοτομίας
3344 3503 3445 3542 seu
3501 3505 3722 3543 novan-

2069 3573 2275 3628 darum
2311 3590 2505 3629 rerum
2570 3575 2765 3629 studio
2813 3583 3175 3631 exarserunt.
3208 3577 3500 3647 Siquidem
3532 3579 3711 3635 Euse-

2071 3663 2199 3719 bius
2231 3668 2287 3719 et
2311 3664 2608 3735 Theognis
2639 3681 2702 3720 eo
2756 3666 2825 3719 ad
2879 3682 3047 3720 suam
3085 3667 3409 3738 nequitiam
3447 3668 3713 3739 pellecto,

2067 3757 2155 3810 cui
2191 3754 2435 3809 Nicasnae
2466 3753 2669 3826 synodi
2705 3760 2832 3809 acta
2862 3755 3176 3826 imperator
3234 3759 3519 3814 servanda
3550 3776 3714 3814 com-

2067 3846 2328 3911 miserat,
2366 3844 2600 3915 propria
2622 3844 3007 3915 chirographa
3039 3844 3711 3919 deleverunt,dcincrps~

2067 3949 2177 4004 que
2226 3931 2456 4003 publice
2516 3932 2771 4003 proﬁteri
2815 3938 3135 4005 cmperunt,
3196 3934 3399 3991 Filium
3443 3937 3706 4006 ejusdem

2064 4039 2195 4077 cum
2225 4023 2387 4077 Patre
2417 4023 2756 4077 substantia:
2789 4025 3149 4077 censendum
3202 4040 3314 4078 non
3362 4042 3512 4080 esse.
3546 4026 3707 4088 Quod

2062 4127 2194 4165 etim
2225 4111 2474 4183 graviter
2495 4116 2550 4165 et
2580 4110 2778 4180 iniquo
2812 4112 3008 4166 animo
3058 4112 3230 4167 ferret
3259 4114 3706 4184 Constantinus,

2063 4217 2161 4256 eos
2192 4202 2261 4255 ad
2298 4217 2405 4255 sua
2434 4200 2622 4255 redire
2647 4201 2849 4269 jussit.

2132 4287 2644 4344 Verumenimvero
2667 4288 2746 4342 illi
2772 4289 2845 4343 ad
2866 4288 3095 4360 imperii
3121 4296 3424 4346 consortes
3457 4308 3517 4346 so
3552 4309 3706 4348 rece-

2061 4383 2292 4450 perunt,
2327 4384 2734 4448 contractaque
2783 4395 2912 4432 cum
2958 4378 3077 4434 illis
3136 4379 3552 4449 familiaritate,
3590 4383 3707 4451 pri-

2060 4468 2274 4522 stinam
2307 4463 2637 4539 παῤῥησίαν,
2672 4483 2771 4522 seu
2817 4468 3048 4523 dicendi
3098 4468 3444 4537 libertatem,
3478 4487 3707 4527 resum-

2061 4562 2327 4629 pserunt,
2360 4562 2417 4611 et
2446 4557 2504 4611 in
2540 4556 2927 4612 Athanasium
2958 4560 3229 4630 Magnum
3272 4559 3597 4616 calumnias
3651 4564 3708 4617 et

289 4652 440 4707 Elia
465 4648 619 4703 enim
649 4645 1012 4702 Antiochiam
1040 4644 1251 4701 reversi
1286 4644 1485 4699 multis
1537 4646 1796 4700 nummis
1825 4664 1947 4703 me-
1988 4624 2028 4688 ί)
2056 4645 2304 4701 insidias
2335 4646 2648 4716 instruere,
2672 4651 2848 4719 atque
2881 4649 3023 4702 adeo
3083 4649 3462 4717 antisynodos
3501 4650 3703 4705 adver-

292 4740 568 4797 retricem
602 4737 712 4792 sibi
747 4740 1108 4805 comparant,
1143 4751 1268 4806 quae
1326 4734 1630 4790 hominem
1680 4743 1945 4794 accuset:

291 4836 420 4884 tum
459 4842 594 4881 eum
627 4826 712 4880 illi
748 4825 805 4878 in
830 4825 933 4894 jus
955 4830 1187 4889 vocant,
1221 4823 1321 4894 qui
1353 4828 1593 4879 vocatus
1644 4825 1700 4878 iu
1722 4827 1822 4894 jus
1856 4828 1951 4881 ad-

295 4921 444 4986 fuit;
484 4917 696 4987 partim
729 4915 964 4986 propria
983 4913 1164 4969 fretus
1190 4914 1567 4982 conscientia,
1595 4917 1805 4986 partim
1841 4916 1949 4972 hoc

294 5009 595 5081 plerisque
648 5005 815 5060 malae
875 5003 1240 5059 conscientias
1288 5011 1707 5075 argumentum
1768 5006 1949 5061 videri

296 5104 485 5164 ratus,
513 5097 560 5152 si
596 5095 729 5167 quis
753 5093 938 5164 judici
977 5109 1039 5149 se
1068 5093 1277 5148 sistere
1310 5094 1602 5149 detrectet.

372 5185 633 5242 Postulat
663 5200 800 5255 ergo
828 5182 1197 5237 Eustathius.
1225 5190 1287 5236 ut
1320 5181 1668 5237 muliercula
1692 5182 1793 5238 illa
1813 5201 1948 5255 pec—

293 5276 441 5330 catis
473 5280 684 5329 onusta
703 5276 759 5326 et
785 5270 1161 5326 suﬂ'arcinata
1192 5270 1528 5326 testimonio
1562 5270 1757 5341 aliquo
1771 5271 1946 5328 ﬁdem

295 5366 491 5418 verbis
523 5365 647 5417 suis
673 5360 1038 5432 t'aciat,quod
1064 5360 1300 5431 quidem
1334 5366 1390 5415 et
1422 5359 1650 5432 legibus
1682 5368 1738 5415 et
1770 5378 1945 5418 cano-

297 5456 475 5509 nibus
497 5458 959 5507 consentaneum
994 5460 1136 5505 erat.
1173 5449 1262 5505 Illi
1294 5455 1492 5505 autem
1529 5450 1781 5518 mulieri,
1818 5470 1947 5523 quae

298 5542 639 5615 probatione
670 5541 829 5596 omni
860 5540 1294 5595 destituebatur
1318 5539 1735 5610 jusjurandum
1778 5541 1944 5596 detu-

298 5632 516 5701 lerunt,
540 5646 772 5685 omnem
802 5630 860 5684 in
894 5647 959 5685 eo
983 5629 1192 5701 judicii
1225 5629 1525 5685 veritatem
1577 5629 1946 5685 constituen-

303 5725 411 5775 tes.
446 5717 563 5775 Hoc
593 5723 791 5773 autem
825 5720 905 5774 ita
934 5736 1003 5775 ex
1034 5719 1294 5791 professo
1326 5723 1583 5791 egerant,
1618 5718 1795 5775 utilia
1823 5722 1941 5778 veri

2058 4751 2159 4789 sus
2194 4735 2358 4789 illum
2393 4751 2593 4804 cogere
2632 4743 2954 4807 coeperunt.
3003 4735 3148 4790 Hinc
3183 4753 3351 4807 porro
3408 4753 3607 4792 eorum
3643 4737 3708 4791 li-

2060 4823 2268 4877 bertati
2305 4825 2623 4894 plurimum
2654 4824 2999 4879 incrementi
3030 4826 3294 4880 accessit.

2132 4913 2383 4968 Arianus
2418 4916 2716 4985 presbyter
2744 4912 2803 4967 in
2831 4913 3176 4969 Constantia)
3208 4914 3576 4985 imperatoris
3610 4932 3706 4971 so-

2059 5002 2208 5056 roris
2240 5001 2698 5057 familiaritatem
2756 5018 2817 5056 se
2850 5003 3270 5061 insinuaverat.
3303 5003 3405 5058 Hic
3461 5021 3527 5059 eo
3573 5011 3704 5059 tan-

2059 5091 2188 5145 dem
2216 5090 2461 5145 licentize
2495 5092 2776 5162 prorupit,
2809 5096 2873 5146 ut
2902 5091 3081 5146 libere
3112 5109 3244 5148 cum
3308 5109 3375 5147 ea
3413 5092 3703 5165 colloque-

2060 5186 2239 5251 retur,
2276 5180 2597 5249 Ariumque
2626 5181 2844 5250 injuste
2874 5184 2931 5235 et
2977 5196 3078 5251 per
3124 5181 3396 5238 invidiam
3443 5184 3703 5239 Ecclesia

2058 5271 2308 5341 ejectum
2341 5286 2470 5325 esse
2503 5269 2741 5324 diceret.
2766 5269 2987 5333 Quibus
3020 5271 3211 5326 verbis
3256 5274 3529 5340 adducta,
3578 5290 3702 5345 pre-

2058 5361 2356 5431 sbyterum
2392 5359 2450 5413 in
2486 5356 2767 5413 familiam
2789 5360 3010 5414 ascivit.
3046 5360 3193 5414 Cum
3226 5365 3422 5416 autem
3442 5362 3561 5416 haec
3583 5368 3697 5415 tam

2057 5452 2212 5521 gravi
2250 5451 2451 5506 morbo
2482 5449 2791 5515 laboraret,
2823 5456 2889 5505 ut
2928 5451 3174 5521 jamjam
3217 5452 3502 5508 moritura
3552 5455 3704 5508 vide-

2058 5548 2235 5606 retur,
2270 5558 2302 5594 a
2333 5540 2712 5595 Constantino
2736 5541 2934 5611 fratre,
2980 5541 3083 5611 qui
3114 5540 3272 5596 illam
3308 5541 3368 5596 id
3416 5545 3697 5615 temporis

2055 5629 2353 5697 inviserat,
2378 5634 2700 5685 extremum
2737 5629 2844 5684 hoc
2865 5630 3213 5685 beneﬁcium
3253 5632 3435 5702 petiit,
3468 5639 3533 5688 ut
3565 5651 3698 5706 pre-

2053 5720 2349 5792 sbyterum
2400 5718 2565 5773 illum
2619 5718 2769 5773 inter
2820 5718 3141 5775 familiares
3199 5719 3464 5793 haberet,
3524 5724 3697 5797 eique
