4054 6428
349 377 502 437 1375

1663 375 1968 438 ΝΙΟΕΤιΕ
2013 373 2440 436 ΟΗΟΝΙΑΤλΕ

3623 375 3793 434 1376

346 509 610 564 ximinua
674 513 956 581 tyrannus
1016 510 1316 575 effuderat,
1391 509 1738 580 sinistrique
1811 509 2242 582 cubitiAdem
2284 504 2659 578 appellationi
2713 505 3032 576 imperator
3088 521 3326 578 quoque
3385 507 3792 563 Constantius

348 616 555 654 nervos
615 599 966 665 absciderat,
1034 606 1204 670 atque
1268 615 1385 654 una
1463 617 1593 655 cum
1667 599 1997 669 Paphnutio

341 688 716 760 Egyptiados
747 687 1051 758 episcopos
1102 689 1174 744 ad
1215 688 1548 744 eﬁ’odienda
1589 686 1829 745 metalla
1857 705 1995 745 con-

347 779 740 845 demuaverat,
773 779 843 833 ad
895 778 1194 850 Diopoleos
1253 779 1652 850 episcopatum
1712 782 1994 836 evexerat-

355 869 517 934 Quod
551 884 684 922 cum
715 883 860 938 tegre
891 869 1110 923 ferrent
1170 869 1673 941 Hierosolymitani
1734 870 1808 941 (is
1838 870 1994 925 enim

356 962 488 1028 post
541 956 774 1012 Macarii
813 956 1040 1012 obitum
1103 955 1640 1029 Hierosolymorum
1682 959 1995 1030 episcopus

355 1045 690 1116 designatus
704 1045 1544 1116 fuerat),pmnitudineductus
1573 1055 1659 1102 est
1691 1046 1998 1118 aliumque

357 1135 736 1206 Diopolitanis
767 1134 1103 1206 episcopum
1141 1136 1334 1191 dedit:
1388 1136 1821 1208 Maximutnque
1857 1135 2000 1190 Hie-

349 1223 658 1294 rosolymis
697 1241 934 1280 manere
957 1225 1160 1294 jussit,
1193 1241 1258 1280 ea
1289 1225 1434 1296 lege,
1467 1235 1527 1280 ut
1559 1226 1882 1282 sacerdotio
1915 1243 2000 1280 se-

351 1329 481 1368 cum
547 1314 905 1384 fungeretur,
957 1331 1137 1386 seque
1174 1321 1404 1370 mortuo
1438 1315 1706 1372 Ecclesiae
1741 1314 1992 1386 prmﬁce-

353 1408 534 1459 retur.
595 1402 731 1466 Qum
761 1420 895 1458 cum
928 1404 1284 1470 arrisissent,
1315 1409 1466 1460 tacto
1497 1405 1804 1460 confestim
1839 1421 1995 1460 com-

352 1492 594 1562 probata
623 1496 780 1548 sunt.

424 1591 711 1646 Maximus
736 1591 931 1662 itaque
944 1591 1480 1665 Hierosolymarum
1503 1592 1814 1664 episcopus
1836 1607 1996 1647 crea-

351 1683 470 1744 tus,
505 1679 700 1735 nescio
734 1681 872 1749 quid
935 1679 1281 1736 humanitus
1310 1698 1622 1752 perpessus
1681 1688 1794 1749 est,
1827 1687 2001 1752 atque

350 1785 419 1822 ea
449 1767 504 1822 in
539 1771 760 1839 synodo
819 1786 995 1840 quam
1033 1769 1316 1826 Eusebius
1344 1771 1808 1826 Nicomediensis
1861 1773 1998 1825 Hie-

350 1856 638 1925 rosolyma
663 1864 1100 1926 convocaverat,
1134 1875 1250 1929 quo
1279 1864 1542 1930 tempore
1572 1860 1803 1915 Maximi
1841 1877 2000 1915 mar-
2032 1891 2078 1956 Β

352 1946 487 2016 tyrii
530 1947 794 2000 Encmnia
824 1947 1112 2002 celebrata
1145 1953 1302 2015 sunt,
1329 1949 1631 2004 Athanasii
1681 1950 1874 2021 Magni
1897 1951 1998 2003 de-

358 2035 635 2106 positioni
679 2036 1050 2104 subscripsit.
1079 2042 1285 2092 Postea
1318 2053 1447 2093 vero
1479 2041 1670 2110 topica
1704 2055 1805 2094 seu
1832 2039 2001 2094 locati

356 2126 577 2196 synodo
591 2127 730 2180 Sard
743 2127 918 2181 irensi
936 2133 1277 2192 coacta,una
1291 2144 1422 2182 cum
1441 2144 1506 2182 eo
1521 2129 1998 2186 communicavit.

425 2215 555 2270 Jam
591 2221 721 2287 post
777 2215 1098 2272 Constantii
1134 2217 1382 2283 obitum,
1415 2218 1515 2288 qui
1549 2219 1620 2274 ab
1653 2218 1856 2274 Acacio
1889 2219 2000 2274 Eu-

355 2304 500 2358 sebii
533 2303 826 2375 Pamphili
884 2321 1240 2369 successore,
1272 2309 1512 2376 ejusque
1550 2308 1841 2373 Caesareae,
1873 2325 2004 2380 quae

355 2393 412 2446 in
445 2393 756 2448 Palaestina
785 2398 894 2461 est,
953 2395 1247 2465 episcopo,
1283 2412 1386 2450 nec
1421 2413 1534 2452 non
1589 2413 1620 2450 e
1667 2398 2002 2468 Patrophilo

355 2481 836 2552 Scytb0politano
896 2484 1150 2548 stabant,
1183 2485 1236 2540 ei
1267 2486 1608 2556 objecerunt
1637 2487 1791 2554 quod
1825 2503 1998 2558 quem

358 2572 522 2642 prius
577 2574 949 2644 deposuerat,
995 2590 1128 2628 eum
1164 2579 1362 2645 postea
1395 2575 1757 2647 pmnitudine
1788 2577 2003 2633 ductus

357 2666 702 2716 revocasset.

429 2753 512 2806 Ea
541 2766 677 2821 ergo
704 2753 774 2806 de
833 2769 1011 2808 causa
1051 2753 1367 2809 Maximum
1401 2755 1742 2827 episGOpatu
1784 2755 2005 2826 dejeceo

364 2844 524 2907 runt,
583 2839 1002 2912 Cyrillumque,
1062 2843 1157 2912 qui
1218 2844 1483 2914 ejusdem
1525 2861 1659 2900 cum
1707 2844 1854 2916 ipsis
1887 2845 2005 2900 bte-

359 2945 552 2986 reseos
612 2947 849 2988 consors
892 2931 942 2988 si
1002 2949 1116 2989 non
1175 2939 1352 2999 esset,
1409 2935 1613 2990 saltem
1671 2936 2004 3022 haberetur,

359 3021 706 3076 asciverunt.
768 3023 872 3078 Hic
904 3023 974 3077 de
1007 3023 1262 3093 primatu
1299 3040 1432 3079 cum
1470 3025 1743 3096 praedicto
1800 3021 2006 3081 Acacio

361 3112 679 3178 contendit,
717 3111 836 3166 viro
870 3114 1182 3168 verborum
1226 3114 1854 3184 eiegantia,rerumque
1875 3130 2007 3185 gra-

360 3205 538 3260 vitate
581 3203 920 3276 percelebri,
949 3211 1007 3261 et
1037 3205 1135 3276 qui
1165 3223 1230 3262 ea
1262 3207 1670 3276 consultaneo,
1720 3223 1848 3278 qua:
1879 3208 2009 3264 aliis

365 3295 560 3350 minus
588 3295 761 3350 obvia
808 3301 1028 3361 essent,
1079 3295 1247 3352 facile
1307 3297 1683 3367 perspiceret,
1741 3297 2009 3352 omnium

365 3383 936 3454 perspicacissimus,
999 3384 1520 3456 conjectandisque
1579 3385 1830 3440 aliorum
1879 3401 2011 3441 sen-

365 3470 566 3526 tentiis
601 3471 949 3542 peridoneus
983 3489 995 3527 :
1031 3475 1131 3544 qui
1184 3474 1437 3545 denique
1470 3475 1743 3546 quamvis
1785 3475 2011 3530 nullum

367 3576 483 3614 non
519 3566 774 3616 moveret
803 3561 1080 3633 lapidem,
1115 3579 1232 3634 quo
1267 3581 1299 3618 a
1329 3580 1391 3620 se
1421 3563 1632 3619 callida
1662 3565 2016 3622 adversario-

368 3665 498 3703 rum
531 3650 798 3718 consilia,
831 3650 1225 3723 subdolasque
1256 3652 1500 3709 technas
1533 3652 1889 3718 amoliretur,
1916 3670 2014 3708 eos

366 3743 562 3794 tamen
599 3739 842 3806 placidis
869 3740 1302 3808 oculis,nullam
1318 3758 1432 3814 que
1449 3759 1622 3811 praess
1649 3742 2014 3798 iracundiam

371 3828 688 3884 ferentibus
720 3829 1059 3885 intuebatur
1092 3847 1108 3897 ;
1152 3836 1210 3886 et
1239 3832 1588 3887 adversariis
1647 3831 2018 3888 convicianti-

369 3917 482 3972 bus
510 3919 853 3974 assimulata
885 3919 1138 3991 quadam
1173 3921 1453 3992 patientia
1483 3921 1730 3992 ridebat,
1745 3938 1810 3976 ac
1834 3921 1882 3976 si
1913 3920 2016 3976 lm-

369 4005 550 4062 doriis
580 4015 634 4062 et
663 4007 1032 4063 contumeliis
1065 4007 1248 4064 nullis
1279 4014 1622 4064 moveretur.

441 4105 941 4176 Primatusitaque
955 4105 1196 4162 ambitio
1212 4106 1536 4162 inimicitiis
1559 4124 1685 4178 quas
1705 4107 2014 4163 interAca-

367 4193 523 4247 cium
553 4199 613 4248 et
641 4192 924 4264 Cyrillum
957 4199 1323 4261 exarserunt,
1359 4211 1562 4250 ansam
1594 4195 2016 4266 praebuit.Cum

367 4287 562 4336 autem
596 4281 788 4338 Acacii
847 4283 1165 4338 ambitione
1216 4300 1308 4340 res
1358 4291 1676 4353 gereretur,
1735 4285 2018 4340 Elienses

367 4371 642 4442 Cyrillum
677 4379 1052 4440 accusarunt,
1075 4373 1228 4443 quod
1263 4389 1397 4428 cum
1425 4373 1606 4428 fames
1629 4381 2016 4445 grassaretur,

369 4459 466 4514 ille
522 4476 840 4532 pauperum
903 4466 1178 4532 praetextu
1211 4479 1378 4517 sacra
1409 4462 1662 4518 clinodia
1713 4469 2020 4533 vestesque

369 4550 623 4605 auctioni
657 4551 1304 4621 exposuisset,quarum
1337 4551 1654 4607 nonnullas
1694 4552 2020 4624 negotiator

2107 597 2458 667 suifragatus
2488 599 2595 650 est.
2627 596 2818 665 Atque
2847 596 2920 650 de
2959 595 3176 665 Cyrillo
3207 595 3521 654 hactenus.

2763 720 2920 776 CAP.
2949 720 3094 778 XVI.

2111 828 2182 882 De
2255 827 2568 882 Macedonii
2631 826 3233 898 Constantinopolitani
3285 827 3527 899 episcopi
3574 830 3791 884 crimi-

2179 899 2361 968 nibus,
2393 904 2445 954 et
2475 898 2626 955 ccede
2654 903 2765 954 iam
2803 899 3211 956 Catholicorum
3240 898 3408 970 quam
3431 900 3788 956 Arianorum

2175 970 2244 1027 ob
2273 987 2450 1026 sacrm
2501 973 2852 1040 imperatoris
2905 970 3261 1027 Constantini
3289 987 3466 1043 capsae
3527 973 3787 1028 transla-

2179 1045 2381 1098 tionem
2413 1045 2532 1114 ipso
2561 1045 2624 1097 in
2652 1043 2856 1114 templo
2883 1051 3093 1101 exorta.

2178 1149 2552 1204 Macedonius
2592 1153 2788 1205 autem
2825 1148 3415 1222 Constantinopoleos
3456 1150 3791 1224 episcopus

2109 1254 2244 1294 reus
2275 1238 2491 1294 idcirco
2513 1239 2904 1306 deferebatur,
2938 1239 3080 1310 quia
3109 1239 3410 1294 Eleusium
3445 1241 3787 1312 quemdam

2108 1335 2161 1382 et
2190 1327 2616 1383 Marathonium
2649 1327 2887 1383 sceleris
2936 1333 3234 1384 consortes
3284 1328 3602 1396 habuerat,
3629 1347 3788 1401 quo-

2111 1433 2239 1471 rum
2275 1433 2450 1487 Opera
2482 1417 2913 1472 Homousianos
2971 1418 3251 1473 infestare
3283 1423 3502 1489 posset.
3555 1419 3788 1476 Eorum

2110 1507 2346 1578 quidem
2379 1506 2630 1562 alterum
2663 1523 2730 1562 ex
2760 1505 2996 1579 publico
3029 1505 3286 1564 militum
3319 1506 3789 1578 provincialium

2111 1595 2465 1652 calculatore
2494 1597 2808 1652 diaconum
2841 1596 3075 1665 fecerat,
3121 1595 3520 1668 coenobiisque
3565 1613 3792 1652 mona-

2111 1687 2350 1741 chorum
2385 1693 2439 1741 et
2472 1683 2838 1753 monialium,
2872 1689 3047 1756 atque
3078 1684 3543 1756 ptochotmphiis
3577 1691 3638 1742 et
3671 1703 3789 1741 no-

2111 1776 2386 1831 socomiis
2419 1778 2772 1847 praefecerat,
2807 1773 3023 1847 quippe
3054 1775 3155 1846 qui
3189 1775 3520 1830 divitiarum
3575 1792 3785 1847 quan-

2113 1872 2230 1920 tum
2259 1865 2404 1919 satis
2434 1868 2560 1919 erat
2589 1864 2663 1918 ab
2692 1863 2947 1919 exercitu
2969 1863 3079 1919 sibi
3109 1870 3531 1932 comparasset.
3561 1863 3786 1921 Postea

2115 1969 2245 2008 vero
2277 1953 2347 2007 ad
2381 1952 2730 2008 Nicomedia
2761 1952 3163 2024 episcopatum
3198 1957 3589 2022 promoverat.

2187 2041 2416 2096 Eleusio
2449 2046 2668 2110 autem,
2718 2041 2818 2112 qui
2859 2057 2974 2096 non
3032 2041 3336 2096 instrenuo
3391 2041 3784 2111 imperatoris

2113 2129 2390 2186 comitatu
2424 2129 2758 2196 militasset,
2803 2127 2993 2200 Cyzici
3041 2129 3446 2199 episcopatum
3499 2129 3784 2186 donarat.

2115 2220 2190 2275 Ex
2220 2235 2336 2290 quo
2367 2218 2574 2288 evenit,
2609 2227 2668 2272 ut
2711 2216 2887 2272 malis
2917 2216 3248 2272 innumeris
3305 2217 3660 2272 Novatianos
3690 2219 3784 2274 af-

2115 2308 2438 2378 ﬂictaverit,
2462 2324 2610 2379 quos
2637 2307 2697 2362 in
2724 2305 2929 2378 primis
2960 2307 2997 2360 ii
3021 2315 3157 2362 sunt
3179 2307 3464 2378 aggressi,
3489 2309 3593 2378 qui
3619 2307 3788 2364 Man-

2116 2398 2372 2464 tinaeum,
2401 2396 2512 2452 hoc
2545 2401 2636 2451 est
2667 2395 2964 2451 Ponticam
2998 2395 3358 2462 Heracleam,
3394 2395 3786 2467 reliquasque

2115 2485 2526 2558 Paphlagoniae
2558 2490 2751 2558 partes
2780 2483 3134 2540 incolebant.
3171 2485 3309 2555 Ejus
3333 2485 3488 2540 enim
3522 2485 3784 2542 consilio

2116 2576 2333 2632 milites
2366 2577 2576 2632 armati
2607 2575 2679 2630 ab
2712 2575 3065 2647 imperatore
3099 2574 3261 2630 missi
3295 2580 3457 2644 sunt,
3505 2581 3609 2648 qui
3644 2575 3784 2632 illos

2115 2667 2502 2722 adorirentur.
2535 2665 2816 2732 Quocirca
2874 2663 3106 2720 collatis
3157 2662 3430 2734 utrinque
3471 2664 3785 2734 manibus,

2121 2756 2390 2828 permulti
2422 2755 2700 2828 utrinque
2731 2754 3086 2810 ceciderunt.

2191 2847 2263 2901 Λα
2299 2845 2422 2901 haec
2450 2844 2832 2916 reliquiarum
2867 2844 3065 2916 magni
3098 2841 3260 2898 illius
3293 2842 3351 2896 in
3395 2841 3786 2913 imperatoris

2117 2933 2485 2993 Constantini
2543 2949 2806 3004 capsam,
2841 2950 2955 2988 non
3027 2933 3154 2987 sine
3219 2932 3409 2987 multa
3465 2932 3788 3004 sanguinis

2118 3024 2422 3090 effusione,
2453 3022 2514 3078 in
2533 3024 2720 3079 sancti
2743 3022 3014 3094 martyris
3038 3021 3233 3077 Acacii
3261 3019 3570 3076 basilicam
3593 3027 3789 3077 trans-

2121 3113 2270 3178 tulit,
2330 3111 2616 3184 templum
2676 3113 2736 3168 in
2796 3128 2913 3184 quo
2973 3113 3226 3182 reposita
3285 3109 3479 3174 fuerit,
3539 3110 3786 3166 ruinam

2125 3201 2336 3257 minari
2385 3205 2682 3257 causatus.
2736 3199 3187 3256 Reluctantibus
3217 3200 3373 3255 enim
3435 3199 3787 3268 Catholicis,

2127 3309 2231 3348 nec
2261 3309 2494 3363 capsam
2530 3291 2654 3348 loco
2689 3293 3034 3347 movendam
3069 3306 3198 3347 esse
3243 3289 3792 3358 conclamantibus,

2125 3382 2401 3453 idemque
2430 3381 2540 3436 hoc
2571 3398 2721 3450 esse,
2754 3397 2820 3436 ac
2854 3381 2900 3436 si
2935 3379 3228 3436 tumulum
3263 3380 3524 3449 effodiat,
3569 3396 3797 3452 magna

2126 3471 2402 3543 utrinque
2431 3472 2622 3527 naides
2652 3476 2849 3526 exorta
2874 3474 2984 3526 est:
3009 3471 3215 3541 utipsa
3235 3469 3406 3524 etiam
3431 3469 3590 3524 aedes
3615 3470 3794 3526 beato

2125 3561 2360 3632 martyri
2393 3577 2578 3628 sacra,
2604 3560 2852 3632 ejusque
2873 3558 3154 3624 ambitus,
3176 3575 3382 3614 cruore
3405 3559 3790 3614 redundaret.

2766 3683 2918 3739 CAP.
2970 3683 3138 3738 XVII.

2130 3796 2199 3850 De
2245 3793 2586 3850 Arimincnsi
2637 3794 3010 3862 episcoporum
3058 3790 3486 3862 quadringentis
3536 3791 3796 3860 plurium

2196 3865 2425 3936 synodo,
2457 3864 2902 3935 confessioneque
2932 3862 3060 3933 ﬁdei
3087 3868 3157 3936 ab
3187 3863 3412 3936 Arianis
3441 3862 3592 3936 apud
3621 3864 3794 3918 Nicen

2205 3934 2462 3993 Thraciae
2481 3937 2708 4005 conﬁcta
2733 3943 2784 3990 et
2809 3934 2914 4006 pro
2943 3951 3070 3990 vera
3089 3935 3320 3990 Nicaeae
3348 3934 3640 4004 Bithyniae
3669 3951 3800 4004 sup-

2196 4009 2394 4080 posita.

2202 4113 2422 4185 Duplex
2451 4113 2653 4186 igitur,
2687 4119 2752 4169 ut
2773 4114 2896 4184 jam
2933 4112 3155 4182 monui,
3181 4111 3315 4167 coiit
3347 4112 3637 4181 synodus:
3669 4111 3800 4166 Ari-

2130 4205 2275 4259 mini
2326 4204 2588 4276 quidem,
2624 4209 2686 4258 ut
2737 4203 2806 4258 de
2864 4202 3260 4275 dogmatibus,
3315 4200 3598 4256 Seleuciae
3640 4218 3798 4268 vero,

2132 4302 2190 4348 ut
2223 4295 2294 4348 de
2314 4295 2724 4363 episcoporum
2749 4290 3264 4346 criminationibus
3304 4296 3799 4360 cognosceretur.

2130 4383 2296 4438 Prior
2353 4385 2548 4454 itaque
2591 4382 2980 4438 Ariminensis
3036 4386 3386 4453 congregata
3433 4385 3544 4446 est,
3579 4398 3800 4436 conve-

2131 4478 2464 4543 neruntque
2494 4471 2896 4528 Occidentales
2939 4471 3195 4542 episcOpi
3258 4469 3456 4542 plures
3503 4471 3804 4542 quadrin-

2129 4563 2340 4634 gentis.
2379 4563 2660 4626 Quocirca
2705 4561 2920 4617 Valens
2957 4561 3286 4633 Ligeponis,
3322 4559 3603 4616 Ursacius
3633 4564 3799 4615 Mur-

369 4640 603 4710 quidam
665 4644 964 4711 coemptas
1018 4640 1343 4712 tbymelicse
1375 4641 1608 4695 cuidam
1643 4657 1743 4696 seu
1778 4641 2021 4697 scenica:
2047 4639 2095 4703 D
2127 4663 2226 4715 sae,
2263 4645 2599 4702 Germinius
2657 4645 2879 4713 Sirmii,
2937 4645 3264 4700 Auxentius
3303 4644 3800 4710 Mediolanorum,

368 4729 602 4786 mulieri
632 4729 1018 4786 vendidisset.
1071 4729 1459 4786 Tbeodoritus
1497 4747 1668 4802 porro
1700 4737 1902 4786 auctor
1931 4735 2021 4788 est

367 4818 709 4889 bujusmodi
735 4827 948 4873 vestem
983 4817 1237 4874 Macario
1260 4817 1799 4889 Hierosolymorum
1822 4819 1893 4872 ab
1914 4818 2016 4874 im-

365 4913 630 4978 peratore
660 4907 1044 4962 Constantino
1079 4907 1361 4962 donatum
1401 4906 1603 4974 fuisse,
1634 4923 1750 4978 qua
1781 4923 1902 4963 rem
1931 4925 2023 4964 sa-

372 5011 528 5050 cram
565 4995 784 5051 faciens
835 5002 1114 5062 uteretur,
1150 5012 1254 5051 nec
1285 5013 1318 5051 a
1344 4995 1576 5052 scenica
1601 4995 1866 5066 muliere,
1917 4998 2020 5053 sed

372 5084 668 5154 quondam
698 5085 963 5156 ejusdem
995 5085 1132 5142 artis
1164 5086 1286 5141 viro
1311 5091 1708 5158 comparatam
1746 5087 1947 5142 fuisse.

445 5177 786 5232 Convocatis
812 5192 949 5248 ergo
989 5177 1258 5234 ﬁnitimis
1294 5177 1586 5248 episcOpis
1615 5177 1866 5234 Aeacius
1916 5179 2020 5251 Cy-

373 5263 569 5319 rillum
603 5265 660 5319 in
688 5266 790 5335 jus
812 5268 1036 5321 vocavit
1068 5283 1081 5320 :
1133 5283 1333 5337 quem,
1395 5267 1534 5338 quia
1593 5282 1744 5338 saepe
1783 5273 2024 5324 vocatus

373 5370 486 5408 non
519 5353 970 5425 comparuisset,
996 5354 1530 5424 deposuerunt.Hic
1553 5365 1747 5410 autem
1782 5354 1942 5412 solus
1963 5356 2020 5412 id

369 5445 676 5516 temporis,
733 5449 792 5496 et
820 5442 1042 5510 primus
1089 5451 1298 5513 praeter
1326 5445 1793 5500 ecclesiasticum
1847 5463 2027 5502 cano-

377 5547 502 5588 nem
530 5531 942 5604 appellationis
964 5533 1034 5588 ad
1069 5532 1367 5602 publicum
1402 5538 1592 5590 forum
1627 5552 1865 5604 memor,
1898 5538 1970 5593 iis
1995 5553 2027 5592 a

373 5623 585 5685 quibus
637 5619 942 5688 depositus
1001 5623 1214 5687 fuerat,
1279 5625 1702 5692 provocationis
1757 5624 2024 5682 libellum

374 5709 554 5775 misit,
577 5714 637 5763 et
668 5703 742 5759 ad
779 5707 972 5774 majus
1003 5704 1262 5762 tribunal
1296 5710 1645 5778 provocavit.
1677 5713 1858 5783 Cujus
1891 5714 2028 5784 quis

2129 4741 2186 4792 et
2220 4735 2596 4806 Demophilus
2627 4735 2910 4790 Berrbceae
2943 4735 3000 4790 in
3055 4735 3312 4789 medium
3349 4735 3676 4804 progressi,
3711 4734 3803 4788 Fi-

2130 4825 2276 4880 lium
2314 4825 2464 4878 Patri
2495 4821 2714 4894 ὄμοιον,
2747 4841 2847 4880 seu
2883 4823 3160 4891 similem,
3193 4839 3321 4878 esse
3371 4823 3700 4877 dicendum
3736 4840 3806 4879 ex

2132 4910 2252 4966 Scri
2264 4917 2502 4982 pturaru
2514 4927 2567 4964 m
2593 4910 2926 4980 praescripto
2949 4913 3326 4964 censuerunt.
3349 4904 3559 4969 Οὐσίας
3571 4925 3644 4963 au
3657 4913 3804 4975 tem,

2131 4999 2498 5066 substantias,
2549 4998 2648 5054 ubi
2709 4999 2780 5053 de
2841 4999 2962 5052 Deo
3023 4997 3241 5069 agitur,
3295 4995 3517 5052 nullam
3554 5014 3810 5066 prorsus

2134 5089 2459 5144 faciendam
2529 5103 2658 5142 esse
2733 5087 3088 5142 mentionem
3161 5090 3566 5141 asseruerunt.
3638 5089 3808 5152 Quos

2133 5180 2368 5250 quidem
2403 5194 2472 5234 ea
2501 5177 2558 5233 in
2593 5178 2943 5233 sententiam
2973 5175 3271 5231 mordicus
3302 5175 3673 5245 insistentes,
3709 5198 3807 5254 sy-

2135 5269 2322 5323 nodus
2354 5267 2453 5322 illa
2513 5267 2805 5338 deposuit,
2866 5271 3040 5336 atque
3072 5267 3142 5320 ad
3203 5266 3635 5335 imperatorem,
3700 5273 3810 5341 qui

2135 5373 2239 5430 per
2273 5356 2330 5411 id
2361 5361 2597 5426 tempus
2632 5354 2830 5410 Sirmii
2865 5361 3009 5423 erat,
3041 5351 3267 5424 legatos
3299 5353 3486 5422 misit,
3527 5357 3631 5424 qui
3659 5374 3805 5415 eum

2137 5449 2208 5503 de
2240 5447 2414 5501 rebus
2447 5447 2506 5500 in
2540 5445 2764 5517 synodo
2795 5447 2978 5516 gestis
3035 5442 3340 5498 certiorem
3377 5445 3656 5501 facerent.
3693 5449 3810 5512 Qui

2138 5536 2388 5608 depositi
2416 5535 2665 5601 fuerant,
2697 5534 2942 5590 moleste
2999 5533 3054 5587 id
3091 5535 3358 5602 ferentes,
3393 5531 3616 5604 legatos
3651 5552 3804 5606 prae-

2142 5625 2904 5696 venerunt,imperatorique
2934 5621 3141 5696 synodi
3186 5630 3316 5676 acta
3345 5624 3805 5681 renuntiarunt:

2138 5719 2194 5771 et
2223 5730 2379 5783 eum,
2412 5714 2514 5786 qui
2547 5713 2764 5771 Ariano
2793 5711 3052 5786 dogmati
3108 5711 3344 5783 faveret,
3379 5724 3582 5768 contra
3613 5730 3803 5786 syno-
