4054 6414
243 396 390 456 1377

1588 384 1992 448 THESAURI
2041 385 2185 448 LIB.
2234 390 2309 450 γ.

3509 398 3666 459 1378

240 530 382 584 dum
414 526 841 594 exasperarunt
874 539 888 578 :
924 526 1099 594 atque
1124 522 1207 578 ita
1252 522 1471 594 legatos
1519 523 1647 592 ejus
1695 538 1756 577 re
1802 522 1895 577 in-
1928 529 1977 593 Α
2009 538 2140 578 vero
2173 540 2290 579 non
2322 524 2460 579 item
2490 542 2503 579 :
2537 542 2664 596 qum
2696 542 2829 583 cum
2864 532 3174 600 utramque
3200 529 3259 585 in
3294 537 3514 603 partem
3549 534 3666 604 agi-

243 623 392 681 fecta
422 613 666 669 remisit.
696 611 976 667 Ursacius
1010 627 1167 682 ergo,
1200 610 1308 665 hac
1330 610 1561 666 licentia
1582 610 1903 682 proposita,

240 710 298 764 in
329 707 609 778 oppidum
638 704 898 760 Thracias
932 704 1170 759 nomine
1200 703 1379 760 Nicen
1431 704 1709 774 pervenit,
1773 703 1904 757 Ari-

243 798 642 865 minensisque
673 793 804 850 ﬁdei
841 794 1262 866 expositionem
1296 794 1353 847 in
1387 792 1647 847 Graecum
1690 791 1909 846 idioma

243 886 627 952 transfusam,
661 883 873 938 deinde
905 882 1406 938 subadulteratam
1454 886 1513 935 et
1563 887 1905 952 corruptam

245 974 331 1028 ita
359 973 416 1027 in
452 972 665 1043 vulgus
696 971 912 1037 emisit,
958 987 1024 1026 ac
1069 970 1118 1025 si
1170 970 1243 1025 ab
1295 967 1609 1024 universali
1661 969 1905 1036 synodo,

247 1079 373 1134 qua:
410 1062 606 1117 Nicem
639 1060 1033 1129 convenisset,
1079 1059 1570 1130 proﬁcisceretur,
1627 1056 1909 1111 similitu-

245 1153 382 1207 dine
441 1150 701 1206 nominis
760 1148 1223 1217 simplicioribus
1288 1153 1346 1202 et
1418 1146 1755 1201 rudioribus
1843 1161 1909 1200 os

246 1240 510 1296 oblinere
538 1244 808 1305 conatus,
839 1254 966 1293 eam
999 1252 1128 1293 esse
1169 1237 1300 1291 ﬁdei
1353 1235 1775 1306 expositionem
1821 1250 1909 1289 re-

244 1328 565 1402 putaturis,
598 1343 726 1398 quae
758 1327 911 1397 apud
943 1324 1225 1397 Bithyniae
1250 1324 1497 1380 Nicaeam
1528 1323 1683 1379 edita
1731 1327 1907 1378 esset-

316 1419 462 1475 Cum
498 1422 692 1473 autem
721 1417 1010 1489 synodum
1069 1422 1188 1471 tam
1241 1417 1516 1470 duturnaa
1575 1414 1727 1485 apud
1783 1414 1908 1468 Ari-

245 1509 477 1564 minum
523 1522 685 1562 more
730 1507 858 1577 jam
910 1505 1169 1571 taederet,
1224 1503 1362 1574 quia
1413 1504 1728 1572 imperator
1781 1518 1909 1557 eam

239 1614 526 1669 responso
557 1597 831 1666 dignatus
864 1611 979 1648 non
1010 1594 1220 1662 fuerat,
1253 1594 1293 1647 ii
1344 1594 1446 1664 qui
1480 1591 1689 1645 Filium
1757 1591 1912 1645 Patri

245 1684 473 1759 ὅμοιον,
508 1702 610 1741 seu
654 1684 933 1749 similem,
994 1682 1443 1754 proﬁtebantur,
1504 1680 1698 1736 nescio
1770 1696 1916 1751 quos

249 1776 678 1840 submiserunt,
740 1774 839 1843 qui
898 1788 1031 1826 cum
1107 1771 1375 1826 Patribus
1450 1769 1915 1825 Ariminensibus

252 1865 681 1933 consultarent,
717 1867 998 1933 tanquam
1039 1861 1347 1931 indignum
1380 1865 1555 1925 esset,
1614 1864 1677 1912 ut
1736 1859 1912 1914 unius
1945 1878 1991 1942 Β

248 1952 507 2009 nominis
538 1968 698 2023 ergo,
730 1949 1009 2005 nimirum
1046 1946 1254 2018 οὐσίας,
1287 1964 1390 2002 seu
1444 1945 1812 2016 substantiae,
1878 1963 1912 2001 a

243 2042 429 2098 totius
484 2041 643 2096 orbis
702 2039 1108 2095 sacerdotibus
1188 2035 1565 2091 dissiderent.
1650 2036 1910 2100 Quorum

245 2135 469 2186 ratione
497 2128 733 2186 adducti
768 2130 961 2185 Patres
995 2127 1419 2193 Ariminenses,
1474 2126 1759 2196 scriptum
1793 2123 1910 2179 col-

244 2220 562 2275 laudarunt
592 2219 749 2290 quod
786 2216 1062 2273 Ursacius
1096 2221 1329 2284 Murem,
1358 2219 1413 2270 et
1432 2213 1775 2269 Germinius
1796 2214 1911 2267 Sir-

246 2309 351 2363 mii
383 2309 770 2363 elaborarent.
807 2307 915 2372 Qui
946 2306 1134 2375 veriti,
1168 2322 1241 2361 ne
1263 2304 1510 2360 secundi
1542 2321 1574 2358 a
1598 2303 1819 2374 synodo
1840 2302 1911 2357 ad

249 2398 661 2467 imperatorem
695 2395 861 2451 missi
894 2394 1094 2464 legati,
1119 2393 1171 2450 ei
1201 2393 1605 2465 explanarent,
1630 2407 1906 2464 quaenam

253 2484 664 2555 episcoporum
694 2483 1157 2539 Occidentalium
1190 2483 1263 2537 ab
1297 2482 1466 2537 initio
1490 2481 1796 2549 instantia,
1822 2497 1914 2535 su-

256 2572 516 2644 blatique
535 2572 817 2629 homousii
839 2588 1019 2627 causa
1035 2570 1262 2638 fuisset,
1279 2587 1379 2627 eos
1400 2570 1614 2626 hiemis
1632 2574 1915 2641 praetextu

258 2664 415 2733 apud
433 2663 696 2718 Thraciae
712 2662 891 2716 Nicen
913 2661 1316 2727 detinuerunt,
1357 2664 1916 2731 persuaseruntque,

260 2759 326 2808 ut
349 2755 504 2825 quod
532 2754 839 2809 ediderant
867 2753 1181 2823 scriptum,
1217 2752 1410 2807 Graece
1465 2752 1918 2823 interpretaren-

262 2848 379 2900 tur.
414 2845 535 2908 Quo
567 2843 742 2911 facto,
776 2858 910 2897 mox
958 2841 1030 2897 ad
1081 2840 1334 2896 Orientis
1382 2840 1688 2912 episcopos
1739 2842 1917 2896 mise-

259 2938 419 2987 runt.
443 2935 629 3003 Atque
646 2932 769 2986 haec
783 2931 1023 3002 quidem
1046 2930 1204 2986 hunc
1222 2930 1279 2985 in
1306 2930 1548 2986 modum
1572 2935 1740 3002 gesta
1761 2935 1918 2986 sunt.

893 3040 1046 3095 CAP.
1079 3038 1286 3093 XVIII.

264 3148 339 3202 De
363 3144 691 3201 Seleuciana
738 3153 953 3200 centum
998 3147 1292 3213 sexaginta
1339 3146 1722 3214 episcoporum
1768 3147 1920 3200 anti-

2014 616 2300 679 tarentur,
2335 614 2582 669 dimissa
2613 621 2701 671 est
2730 617 3006 688 synodus.

2088 700 2366 758 Ceterum
2401 705 2674 759 Acaciani
2704 722 2838 762 cum
2886 706 2958 762 iis
3006 725 3040 763 a
3087 709 3297 779 quibus
3360 710 3668 767 dissentie-

2017 790 2177 858 bant,
2212 791 2453 848 ulterius
2492 794 2793 851 considere
2827 795 3157 854 noluerunt.
3182 799 3668 872 Quapropterlilli

2017 882 2352 951 congregati
2383 884 2659 938 Acacium
2682 889 2737 938 et
2753 887 2878 955 ejus
2899 892 3200 943 consortes
3223 890 3620 960 deposuerunt
3652 908 3665 947 :

2018 966 2167 1023 inter
2206 985 2357 1039 quos
2418 977 2543 1027 erat
2592 972 2883 1029 Eudoxius
2932 975 3274 1041 Antiochia,
3326 977 3451 1034 loco
3499 980 3670 1051 cujus

2018 1057 2315 1114 Adrianus
2382 1060 2470 1115 vel
2548 1062 2831 1130 Abienus,
2911 1066 3251 1121 Antiocheni
3327 1067 3464 1123 cleri
3537 1086 3669 1140 pre-

2019 1149 2236 1217 sbyter,
2269 1150 2548 1206 suﬁ'ectus
2579 1156 2667 1207 est
2707 1169 2720 1208 :
2756 1152 2857 1224 qui
2911 1155 3216 1211 confestim
3279 1173 3312 1212 a
3374 1159 3558 1212 Leona
3613 1162 3671 1213 et

2022 1235 2282 1293 Lauricio
2317 1238 2376 1293 in
2408 1239 2676 1296 exsilium
2710 1242 2929 1297 missus
2963 1251 3068 1300 est.

2662 1332 2817 1386 CAP.
2867 1333 3026 1389 XIX.

2023 1415 2374 1488 Constantius
2403 1418 2701 1488 imperawr
2746 1422 2900 1477 Aetio
2959 1424 3417 1481 Anomwanorum
3489 1427 3673 1484 haere-

2091 1487 2309 1543 siarcha
2332 1492 2390 1545 in
2417 1487 2682 1547 exsilium
2712 1497 2851 1560 acto,
2883 1495 3225 1551 Ariminensi
3252 1498 3382 1568 ﬁdei
3417 1516 3523 1569 pro
3572 1501 3669 1554 Ni-

2094 1595 2246 1633 cama
2275 1583 2569 1653 suppositae
2598 1583 2963 1653 subscribens,
2994 1586 3398 1644 Acacianorum
3428 1591 3670 1645 Homaea-

2093 1665 2292 1706 norum
2322 1652 2571 1709 haeresim
2599 1657 2893 1724 amplexus
2931 1662 3026 1711 est.

2096 1735 2242 1792 Cum
2272 1749 2465 1795 autem
2497 1744 2873 1798 Constantius
2924 1752 3238 1816 imperator
3286 1749 3358 1803 ab
3409 1748 3677 1805 Occiduis

2027 1827 2295 1894 partibus
2327 1827 2889 1903 Constantinopolim
2952 1835 3237 1906 rediissel,
3305 1838 3677 1908 primumque

2022 1916 2165 1970 adeo
2222 1918 2352 1987 ejus
2401 1919 2564 1975 urbis
2625 1922 2953 1986 praefectum
3016 1925 3373 1982 Honoratum
3443 1929 3679 1983 nomine

2020 2006 2448 2073 constituisset,
2499 2014 2675 2080 atque
2736 2012 3207 2079 proconsultatus
3266 2015 3676 2086 magistratum

2022 2092 2404 2164 antiquasset,
2433 2097 2699 2151 Acaciani
2732 2114 2798 2154 eo
2851 2116 3093 2171 propere
3152 2108 3454 2173 venerunt,
3501 2112 3553 2159 et
3609 2121 3679 2161 ex

2024 2181 2233 2237 aulicis
2266 2182 2413 2238 alios
2447 2186 2685 2255 quidem
2719 2205 2888 2244 suam
2922 2190 2980 2245 in
3008 2192 3360 2249 sententiam
3404 2194 3678 2263 pellectos

2023 2270 2134 2325 sibi
2158 2271 2723 2344 conciliantes,alios
2747 2283 2943 2334 autem
2972 2279 3382 2338 ecclesiasticis
3404 2284 3573 2340 bonis
3600 2286 3680 2340 ita

2025 2365 2485 2426 corrumpentes,
2516 2360 2622 2416 hac
2654 2367 2775 2419 arte
2809 2365 2922 2420 sibi
2959 2367 3030 2421 ad
3081 2367 3455 2440 imperatoris
3510 2388 3679 2427 aures

2024 2447 2178 2503 viam
2228 2457 2604 2523 aperuerunt,
2666 2458 2839 2526 atque
2899 2473 2997 2512 eos
3054 2461 3157 2530 qui
3208 2460 3448 2517 diversos
3498 2464 3680 2533 partis

2029 2547 2190 2592 erant
2222 2538 2561 2597 calumniati
2593 2548 2768 2599 sunt:
2804 2562 3055 2617 quorum
3089 2548 3285 2603 decem
3319 2551 3390 2605 ad
3428 2551 3683 2622 impera-

2030 2633 2212 2682 torem
2272 2634 2571 2686 venerunt.
2633 2632 2856 2696 Quibus
2927 2639 3312 2707 praesentibus
3370 2657 3487 2695 una
3543 2658 3678 2697 cum

2030 2715 2226 2772 decem
2260 2715 2390 2773 aliis
2422 2719 2492 2774 ab
2522 2720 2874 2779 Ariminensi
2899 2728 3119 2798 synodo
3153 2728 3374 2796 missis,
3408 2731 3525 2786 imo
3549 2729 3681 2787 aliis

2030 2822 2255 2876 quoque
2292 2811 2431 2864 tunc
2465 2809 2521 2864 in
2557 2813 2688 2867 aula
2739 2814 2883 2870 forte
2933 2818 3326 2890 versantibus,
3381 2822 3684 2876 mandavit

2032 2895 2371 2966 imperator,
2409 2905 2471 2955 ut
2502 2917 2679 2973 super
2704 2905 2871 2959 Aetio
2902 2907 3330 2979 anquireretur.

2102 2984 2224 3047 Quo
2284 2987 2430 3043 facto
2490 2990 2684 3047 Aetius
2740 2993 2998 3065 quidem,
3060 2997 3160 3068 qui
3230 2998 3442 3055 Filium
3527 3000 3680 3055 Patri

2030 3071 2277 3144 νόμοιον,
2320 3093 2421 3133 seu
2456 3079 2804 3137 dissimilem
2856 3084 3257 3157 proﬁtebatur,
3317 3087 3376 3142 in
3408 3089 3679 3145 exsilium

612 3165 1292 3249 iungentia:
1309 3165 1927 3249 "iﬁlﬁfﬂtffz‘nﬂ'f‘:
1962 3231 1999 3249 ﬂ
2032 3165 2251 3233 ejeclus
2283 3171 2391 3222 est.
2425 3169 2697 3224 Acaciani
2729 3178 2920 3229 autem
2956 3191 3024 3229 ex
3054 3177 3376 3247 composito
3406 3195 3524 3249 pres
3559 3195 3681 3234 me-

338 3218 566 3289 synodo,
600 3218 661 3289 in
691 3234 798 3288 qua
838 3218 1261 3272 Homaeanorum
1307 3218 1374 3271 ab
1433 3218 1835 3272 Homaeusianis
1873 3223 1927 3272 et

335 3231 1261 3344 ξιξῑῖῗξιῖὲιξέδίῖἑέίὲιξἒπίξςίὶηθέἓπξ
1307 3231 1835 3343 ἵὲαεεὲςωωαδωηκ
1873 3231 1927 3272 δι
1958 3231 2002 3297 C
2043 3254 2341 3326 ditataque
2377 3257 2575 3314 fraude
2609 3260 2973 3331 perfecerunt
3031 3268 3093 3319 ut
3127 3231 3259 3321 ﬁdei
3292 3284 3357 3321 cx
3402 3231 3572 3322 osilio
3604 3269 3690 3323 le—

1231 3330 1246 3351 ,
1296 3330 1308 3341 .
1521 3304 1627 3359 que
1679 3291 1923 3345 Huma-
2183 3351 2191 3359 ,
2501 3350 2513 3359 ,
2570 3348 2580 3358 ,
2655 3350 2665 3359 ,
2816 3351 2851 3359 ,,
2906 3358 2911 3359 γ
2979 3305 3001 3359 Ἀ
3232 3356 3240 3359 Α
3364 3287 3395 3337 p
3574 3356 3618 3359 η

333 3377 539 3417 norum
577 3361 696 3414 dux
719 3365 769 3414 et
798 3369 998 3414 auctor
1028 3361 1087 3414 in
1133 3361 1399 3415 exsilium
1429 3369 1604 3414 actus.

343 3468 461 3523 Nec
488 3483 622 3522 vero
654 3467 732 3521 ita
774 3465 960 3521 multo
1017 3469 1149 3537 post
1205 3464 1464 3536 episcopi
1513 3465 1742 3521 circiter
1791 3482 1924 3521 cen-

264 3563 396 3616 tum
430 3567 487 3614 et
517 3560 818 3628 sexaginta
846 3558 1168 3613 Seleuciam
1222 3557 1458 3613 Isauria!
1506 3560 1925 3625 convenerunt,

275 3647 496 3718 quibus
527 3664 591 3704 se
620 3648 892 3717 adjunxit
936 3647 1179 3718 quidam
1236 3647 1328 3701 vir
1383 3646 1655 3716 illustris,
1715 3651 1772 3703 et
1830 3648 1933 3718 qui

271 3738 528 3793 multum
544 3738 602 3791 in
625 3737 759 3793 aula
779 3737 1153 3808 imperatoria
1170 3740 1417 3809 poterat,
1434 3736 1667 3792 nomine
1690 3736 1932 3805 Leonas,

278 3833 334 3881 et
369 3827 673 3883 Lauricius
724 3826 1168 3898 provincialium
1228 3825 1477 3881 militum
1529 3826 1667 3895 dux,
1708 3827 1807 3897 qui
1864 3828 1935 3881 ab

275 3914 637 3989 imperatore
660 3917 871 3985 jussus
906 3918 1117 3983 fuerat,
1143 3916 1445 3987 suppetias
1467 3915 1671 3971 Leonte
1695 3917 1862 3983 ferre,
1886 3915 1939 3971 si

276 4022 426 4078 opus
457 4010 631 4061 esset.
668 4006 733 4061 In
752 4007 946 4078 prima
964 4013 1160 4062 autem
1185 4006 1465 4075 sessione,
1491 4007 1639 4061 duas
1662 4007 1718 4061 in
1745 4012 1938 4078 partes

279 4101 521 4169 repente
571 4095 737 4151 divisi
765 4102 919 4152 sunt.
947 4099 1136 4168 Atque
1160 4096 1261 4151 uni
1287 4096 1522 4166 quidem
1540 4101 1784 4166 praeerat
1802 4098 1941 4151 Aca-

284 4187 417 4242 cius
455 4188 745 4253 Caesareas,
805 4201 932 4255 quae
980 4184 1040 4239 in
1092 4184 1400 4241 Palaestina
1446 4188 1555 4250 est,
1605 4186 1940 4257 episcopus,

286 4276 541 4346 ejusque
567 4279 884 4339 consortes,
917 4274 1148 4330 duobus
1179 4279 1237 4330 et
1278 4273 1517 4345 triginta
1568 4272 1807 4344 plures:
1856 4273 1942 4329 al-

287 4365 403 4419 teri
436 4368 629 4419 autem
671 4364 954 4436 Georgius
982 4363 1300 4431 Laodiceae,
1332 4378 1459 4433 quas
1504 4362 1562 4417 in
1613 4363 1777 4434 Syria
1831 4367 1939 4434 est,

293 4454 543 4524 ejusque
575 4456 898 4509 consortes.

359 4547 553 4614 Atque
584 4542 645 4598 hi
677 4543 917 4615 quidem
949 4542 1009 4599 in
1035 4542 1256 4599 caeteris
1283 4541 1554 4598 omnibus
1581 4543 1829 4598 Nicaame
1860 4558 1949 4614 sy-

2040 3351 2292 3415 geretur,
2327 3364 2452 3418 qua
2485 3348 2748 3405 Arimino
2780 3351 2957 3406 allata
2990 3357 3194 3424 fuerat,
3228 3356 3283 3410 in
3328 3373 3444 3429 qua
3476 3374 3543 3412 ex
3574 3356 3690 3413 Va-

2041 3432 2216 3488 lentis
2248 3438 2304 3489 et
2333 3434 2551 3492 Ursacii
2585 3439 2835 3508 ambitu,
2867 3440 3164 3513 ὁμοουσίου
3196 3446 3431 3501 nomine
3478 3447 3693 3514 deleto,

2045 3518 2259 3592 ὅμοιον,
2292 3541 2394 3579 seu
2428 3525 2681 3583 similem
2710 3531 3036 3587 secundum
3058 3533 3391 3606 Scripturas
3432 3553 3699 3608 reposue-

2048 3618 2207 3668 runt.

2120 3703 2300 3767 Quam
2336 3704 2659 3777 imperator
2686 3726 2919 3782 quoque
2949 3710 3158 3769 lectam
3186 3715 3490 3787 amplexus
3510 3725 3616 3786 est,
3644 3722 3700 3772 et

2050 3801 2267 3864 quanta
2296 3802 2451 3851 esset
2485 3796 2587 3853 illa
2607 3803 2926 3869 praesulum
2961 3801 3311 3869 "multitudo,
3355 3807 3451 3877 qui
3487 3807 3703 3862 Arimi-

2055 3898 2195 3938 num
2230 3893 2622 3942 convenerant
2651 3888 3141 3963 (quadringentos
3170 3893 3327 3949 enim
3359 3894 3540 3952 fuisse
3569 3914 3705 3968 prse-

2054 3973 2278 4040 monui,
2312 3991 2512 4031 secum
2542 3978 2844 4051 reputans)
2878 3997 2983 4037 nec
3013 3999 3075 4038 se
3104 3982 3512 4040 aberraturum
3568 4003 3701 4044 cau-

2055 4066 2240 4131 satus,
2275 4063 2325 4119 si
2356 4062 2571 4120 Filium
2603 4067 2755 4123 Patri
2787 4069 3041 4126 similem
3072 4088 3203 4128 esse
3258 4073 3494 4141 diceret,
3559 4092 3704 4145 prse-

2055 4154 2259 4208 sertim
2320 4170 2453 4208 cum
2485 4159 2541 4210 el:
2567 4153 2785 4228 ὅμοιον,
2842 4167 2901 4215 et
2957 4158 3297 4231 ὁμοιούσιον,
3331 4168 3386 4219 et
3416 4162 3703 4236 ὅμοῦσιον.

2055 4241 2210 4296 idem
2242 4242 2593 4313 signiﬁcent.
2626 4245 2769 4303 Cum
2801 4247 3000 4321 itaque
3029 4267 3096 4306 ea
3127 4251 3185 4306 in
3213 4254 3504 4309 sententia
3526 4261 3700 4322 esset,

2050 4334 2232 4404 jussit
2253 4334 2561 4407 episcopos
2585 4353 2765 4394 unum
2791 4340 3062 4412 idemque
3080 4344 3296 4399 sentire
3316 4362 3491 4415 super
3504 4364 3702 4403 eorum

2059 4422 2445 4493 confessione,
2478 4426 2580 4498 qui
2611 4428 2684 4483 ad
2713 4428 3041 4487 Ariminum
3087 4440 3513 4491 convenerant:
3566 4440 3705 4494 sub-

2059 4511 2542 4587 scripseruntque
2572 4533 2705 4572 cum
2738 4517 2860 4590 alii,
2903 4524 3032 4577 tum
3081 4523 3278 4581 decem
3327 4524 3409 4580 illi
3462 4532 3555 4595 qui
3606 4528 3705 4583 Se-

292 4600 479 4688 nodo‘
500 4600 946 4689 subscljibentes
1006 4632 1242 4688 unicam
1301 4632 1575 4687 homousii
1632 4600 1947 4688 dictione;n
1980 4603 2027 4668 Β
2061 4600 2247 4658 leucia
2278 4604 2747 4677 adventaverant,
2782 4610 2923 4680 quin
2971 4615 3029 4666 et
3080 4611 3254 4668 Maris
3302 4613 3706 4683 Chalcedonis,

294 4719 738 4793 improbabant,
796 4720 1233 4794 ὁμοιούσιονιιιιθ
1283 4720 1437 4777 Patri
1492 4719 1699 4776 Filium
1749 4720 1952 4778 dicen-

296 4808 444 4865 dum
475 4824 607 4865 esse
636 4810 1087 4881 proﬁtebantur.
1121 4809 1397 4865 Acaciani
1426 4825 1561 4866 vero
1589 4809 1651 4865 in
1680 4826 1751 4867 ea
1789 4814 1955 4867 erant

298 4895 531 4969 haeresi,
565 4903 630 4954 ut
657 4902 715 4955 et
742 4898 1020 4955 homousio
1070 4903 1126 4955 et
1172 4900 1470 4955 homceusio
1499 4915 1568 4955 ex
1624 4915 1791 4971 aequo
1863 4917 1956 4957 re-

287 4985 492 5055 jectis,
552 4990 833 5059 tanquam
900 4987 1277 5054 dictionibus,
1338 5003 1460 5057 quas
1536 5005 1570 5043 a
1642 4988 1956 5059 Scripturis

202 5127 207 5131 .
296 5077 502 5132 aliena:
531 5093 773 5148 prorsus
790 5078 1137 5146 essent,imo
1154 5079 1331 5133 etiam
1349 5076 1598 5149 ἂνομοίῳ
1628 5077 1954 5149 antiquato,

293 5166 510 5224 Filium
543 5166 696 5223 Patri
728 5164 948 5239 ὅμοιον,
968 5182 1073 5223 seu
1092 5165 1347 5222 similem
1371 5166 1563 5238 palam
1608 5177 1953 5225 assererent.

299 5254 398 5312 Est
428 5256 610 5328 enim,
642 5260 708 5312 ut
739 5255 1055 5329 Apostolus
1085 5255 1301 5312 alicubi
1334 5261 1435 5323 ait,
1469 5258 1650 5329 imago
1679 5258 1778 5314 Dei
1805 5259 1956 5314 invi-

302 5346 486 5402 sibilis
508 5346 578 5405 ³⁸.

379 5436 723 5508 Interrogati
752 5452 888 5493 vero
920 5439 1210 5508 quatenus
1240 5451 1372 5492 eum
1404 5434 1560 5490 Patri
1594 5435 1849 5492 similem
1871 5436 1957 5492 di-

297 5532 519 5596 cerent,
555 5525 862 5584 Voluntate
893 5526 1039 5593 sola,
1088 5526 1560 5597 respondebant:
1623 5524 1959 5582 substantia

372 5687 420 5723 ⁸⁵
457 5688 676 5747 Coloss.
714 5707 754 5759 ι,
794 5690 882 5746 45.

2059 4696 2118 4747 et
2148 4690 2416 4765 Ulphilas
2462 4695 2728 4765 Gotthias,
2788 4701 3059 4769 quamvis
3118 4702 3279 4772 prius
3339 4720 3471 4758 cum
3523 4705 3708 4763 Theo-

2062 4779 2223 4852 philo
2254 4784 2517 4854 sentiret,
2551 4785 2608 4840 in
2653 4788 2824 4858 cujus
2867 4788 3272 4861 episcopatum
3321 4800 3706 4864 successerat,

2064 4869 2164 4941 qui
2196 4869 2429 4927 Nicaena
2458 4871 2519 4928 in
2547 4876 2768 4947 synodo
2799 4892 3055 4947 presens
3084 4881 3417 4951 scripserat.

2739 4963 2892 5020 CAP.
2924 4966 3034 5022 XX.

2068 5049 2490 5128 Quinquaginta
2510 5053 2751 5128 episcOpi
2776 5054 3037 5111 Acaciam'
3072 5072 3169 5113 seu
3216 5062 3535 5128 Hammoni,
3568 5063 3709 5117 Ano-

2136 5137 2299 5202 maeos
2337 5122 2593 5202 undecim
2646 5126 2919 5202 episcopos
2976 5128 3039 5183 ob
3095 5133 3246 5185 certa
3298 5122 3549 5202 quaedam
3604 5136 3713 5189 eri~

2138 5194 2294 5248 mina
2318 5195 2503 5264 potius
2540 5194 2707 5267 quam
2734 5194 2986 5268 dogmata
3020 5194 3399 5272 deposuerint.

2139 5280 2211 5336 Ut
2243 5282 2300 5336 in
2334 5298 2561 5337 summa
2589 5285 2806 5357 dicam,
2842 5289 3271 5362 quinquaginta
3299 5292 3557 5364 episcopi
3579 5310 3715 5350 cum

2068 5371 2277 5427 Acacio
2307 5370 2458 5426 hanc
2491 5372 2666 5430 ﬁdem
2732 5376 3176 5449 conﬁrmarunt,
3245 5381 3455 5436 deinde
3512 5397 3715 5439 eorum

2072 5459 2174 5533 qui
2205 5459 2530 5517 Seleuciam
2593 5473 3005 5535 convenerant,
3067 5468 3382 5526 nonnullos
3439 5471 3722 5544 deposue-

2075 5553 2254 5605 runt:
2290 5565 2404 5607 non
2435 5553 2592 5624 quod
2644 5570 2744 5610 eos
2796 5572 2971 5628 super
3026 5565 3395 5617 controverso
3452 5560 3726 5633 dogmate
