4054 6414
260 387 412 448 1381

1603 367 2009 436 THESAURI
2052 367 2203 428 LIB.
2252 366 2326 426 ν.

3530 352 3687 412 1382

261 518 531 575 subditos
563 533 678 572 non
696 516 823 572 sine
843 512 1158 570 calumniis
1189 510 1519 583 improbata
1539 506 1909 571 etdamnata,
1942 508 1992 570 Α
2025 515 2159 556 cum
2208 496 2383 552 fratre
2434 494 2839 579 Valentiniano
2880 491 3123 548 Juniore
3209 487 3389 544 totius
3446 482 3683 554 imperii

266 625 469 664 omnes
540 608 848 678 episcopos
935 604 1006 660 ab
1092 603 1293 659 exsilio
1379 598 1632 657 revocari
1707 594 1910 667 jussit.

265 697 534 754 Revocati
569 707 703 751 sunt
734 713 871 765 ergo
904 711 1036 749 cum
1070 694 1193 758 alii,
1224 698 1348 746 tum
1383 689 1740 744 Athanasius
1780 685 1912 739 Ale-

262 790 609 855 xandrinus,
643 794 701 843 et
726 788 763 841 ii
794 788 890 859 qui
924 791 1157 857 propt3r
1195 802 1329 839 eum
1363 785 1419 837 in
1445 781 1665 854 synodo
1697 777 1914 834 Medio-

263 879 489 935 lanensi
554 877 821 934 exsulare
870 876 1026 946 jussi
1090 876 1336 936 fuerant,
1390 873 1544 927 inter
1600 886 1746 941 quos
1794 873 1915 924 erat

264 969 548 1024 Eusebius
584 966 997 1031 Vercellarum,
1033 982 1157 1035 quae
1218 966 1273 1019 in
1338 960 1573 1033 Liguria
1606 967 1762 1026 sunt,
1795 958 1915 1012 sive

267 1060 420 1129 apud
450 1056 677 1121 Ligules
707 1056 885 1110 Italia:
938 1054 1202 1125 populos.
1258 1053 1399 1107 Item
1458 1050 1683 1105 Lucifer
1727 1045 1913 1101 Caral-

264 1148 453 1203 leruin
472 1145 839 1211 Sardinim,et
866 1144 1122 1199 Hilarius
1143 1139 1632 1210 Pictavarum,qni
1658 1136 1914 1192 secunda

269 1238 324 1292 in
357 1235 669 1306 Aquitania
700 1241 859 1290 sunt.

342 1328 541 1396 Itaque
574 1324 858 1379 Eusebius
889 1328 946 1378 et
974 1323 1201 1378 Lucifer
1231 1339 1263 1375 a
1310 1318 1711 1389 superioribus
1760 1314 1917 1369 The-6

267 1417 354 1470 bis
387 1419 697 1470 redeuntes
720 1414 865 1467 inter
888 1430 950 1467 se
984 1414 1134 1483 pacti
1168 1415 1326 1476 sunt,
1366 1419 1427 1464 ut
1476 1408 1641 1463 aliter
1675 1405 1912 1460 Alexan-

270 1506 482 1570 driam,
517 1504 661 1558 alter
715 1502 1083 1557 Antiochiam
1126 1518 1187 1557 se
1232 1503 1538 1563 conferret,
1574 1498 1671 1551 ubi
1730 1494 1915 1549 consi-

271 1593 415 1647 lium
447 1595 515 1645 de
568 1591 781 1646 divinis
830 1591 1118 1661 dogmatis
1180 1586 1599 1660 componendis
1646 1585 1915 1639 iniretur.

270 1685 454 1752 Atque
488 1680 771 1736 Eusebius
789 1681 1051 1751 quidem,
1086 1677 1265 1733 simul
1292 1682 1470 1749 atque
1511 1673 1917 1731 Alexandriam

268 1771 520 1841 appulit,
571 1771 859 1842 synodum
901 1785 1018 1824 una
1056 1784 1192 1824 cum
1265 1768 1578 1821 Athanasio
1634 1779 1918 1820 convoca-

263 1860 364 1915 vit.

337 1952 475 2004 Cum
510 1966 646 2020 ergo
689 1949 859 2001 Variis
893 1964 960 2002 ex
994 1948 1237 2001 urbibus
1296 1946 1553 2016 episcopi
1614 1944 1919 2000 convenis-

270 2047 416 2104 sent,
448 2037 690 2092 Nicsena
723 2037 925 2106 synodi
955 2038 1186 2091 decreta
1218 2035 1561 2090 confirmata
1594 2039 1766 2089 sunt:
1788 2032 1920 2087 Dei-

269 2145 380 2199 que
410 2143 627 2193 sermo,
659 2127 759 2197 qui
794 2127 965 2181 homo
998 2126 1190 2181 factus
1220 2130 1329 2195 est,
1366 2138 1477 2178 non
1513 2121 1702 2179 solum
1734 2123 1917 2177 incar-

269 2224 468 2285 natus,
503 2219 602 2272 sed
654 2223 710 2271 et
767 2218 962 2274 anima
1001 2215 1268 2272 rationali
1308 2215 1601 2287 praeditus,
1636 2218 1693 2267 et
1741 2214 1922 2285 perie-

271 2312 403 2362 ctus
433 2306 609 2362 homo
640 2305 940 2361 communi
966 2306 1230 2360 omnium
1274 2302 1497 2360 calculo
1529 2300 1921 2373 proclamatus

275 2408 381 2465 est,
433 2401 610 2467 atque
668 2397 812 2450 adeo
881 2394 1139 2466 Spiritus
1197 2400 1440 2449 sanctus
1472 2391 1735 2462 ejusdem
1785 2407 1920 2446 cum

262 2487 433 2542 Patre
463 2489 520 2541 et
555 2483 695 2540 Filio
731 2485 1079 2541 substantias
1108 2500 1236 2540 esse
1267 2484 1707 2539 demonstratus
1738 2484 1847 2536 est.

893 2592 1054 2647 CAP.
1097 2591 1295 2646 XXIV.

263 2703 338 2758 De
368 2702 842 2770 Luciferianorum
872 2698 940 2753 ab
984 2698 1362 2755 Alexandrina
1398 2697 1600 2769 synodo
1657 2696 1923 2752 dissiden-

338 2776 477 2829 tium
502 2769 700 2827 haeresi
708 2772 1010 2841 ,turbz‘sque
1037 2774 1097 2826 in
1126 2770 1465 2827 Antiochena
1496 2770 1736 2826 Ecclesia
1761 2769 1920 2825 obor-

337 2847 431 2912 tis,
464 2853 514 2900 et
547 2845 752 2900 Meletii
781 2843 1012 2898 exsilio.

1950 1880 2001 1944 B

342 2951 488 3006 Cum
522 2953 716 3005 autem
746 2949 974 3004 Lucifer
1002 2948 1373 3004 Antiochiam
1431 2948 1561 3003 ante
1601 2946 1813 3004 Meletii
1845 2946 1918 3001 ab
1972 2994 1979 2999 .

268 3041 472 3097 exsilio
505 3040 758 3094 reditum
785 3040 1177 3106 adventasset,
1207 3037 1657 3110 Catholicosque
1688 3040 1840 3092 inter
1859 3052 1922 3092 se

272 3130 486 3185 divisos
578 3128 1073 3199 deprehendisset.
1144 3129 1371 3183 facinus
1457 3121 1916 3198 haudquaquam

272 3220 434 3291 pium
468 3217 837 3288 designavit:
866 3218 1048 3273 electo
1070 3217 1433 3273 diversarum
1484 3220 1734 3287 partium
1770 3216 1919 3270 Pau-

274 3307 394 3362 lino
417 3307 711 3378 episcopo,
735 3306 904 3377 cujus
938 3306 1215 3361 facinoris
1273 3306 1559 3361 Eusebius
1607 3305 1819 3360 certior
1850 3305 1926 3358 fa-

278 3400 409 3452 ctus
440 3401 638 3467 aperte
668 3394 900 3465 quidem
962 3408 1075 3449 non
1136 3395 1538 3466 improbavit:
1598 3393 1930 3449 Luciferum

279 3486 436 3542 enim
472 3485 878 3541 reverebatur:
923 3487 1192 3538 caeterum
1244 3483 1437 3538 neutri
1487 3483 1632 3553 parti
1665 3496 1929 3538 commu-

280 3575 511 3631 nicavit.
536 3574 765 3638 Quibus
795 3574 1015 3629 auditis
1065 3573 1289 3628 Lucifer
1330 3572 1668 3641 indignatus
1699 3577 1810 3636 est,
1842 3576 1930 3626 ate

280 3678 391 3735 que
423 3664 821 3719 Alexandrinis
852 3663 1058 3735 synodi
1092 3666 1238 3718 Acta
1285 3661 1619 3732 improbare
1668 3661 1931 3728 tentavit,

272 3754 575 3825 vetuitque
606 3768 679 3808 ne
707 3753 838 3821 quis
888 3751 1133 3808 Eusebio
1164 3751 1642 3815 communicaret,
1682 3760 1810 3821 quas
1846 3762 1935 3807 res

282 3843 344 3898 in
376 3858 555 3899 causa
586 3842 694 3898 fuit
725 3843 1011 3898 haereseos
1039 3858 1242 3898 eorum
1277 3841 1377 3914 qui
1410 3842 1484 3897 ab
1531 3843 1658 3909 ejus
1699 3841 1936 3896 nomine

282 3931 627 3988 Luciferiani
652 3932 792 3987 dicti
830 3936 988 3989 sunt.
1014 3931 1123 3995 Qui
1165 3930 1321 3987 enim
1354 3931 1474 3986 haec
1506 3931 1706 4002 iniquo
1737 3928 1934 3985 animo

285 4039 404 4078 una
434 4039 563 4077 cum
589 4020 691 4076 illo
744 4022 1028 4089 tulerunt,
1063 4034 1329 4077 secrsum
1387 4021 1463 4077 ab
1492 4021 1749 4077 Ecclesia
1815 4020 1933 4075 ive-

281 4116 441 4167 runt.
473 4115 615 4166 Cum
652 4115 845 4166 autem
880 4110 1149 4165 Meletius
1179 4109 1498 4165 Ecclesium
1558 4120 1725 4165 suam
1785 4108 1935 4164 reti.

281 4199 476 4267 sisset,
523 4215 739 4268 eosque
783 4216 815 4253 a
873 4198 1085 4268 quibus
1130 4198 1440 4253 amebatur
1485 4198 1753 4268 privatim
1806 4206 1941 4252 eon-

283 4295 555 4361 gregatos
604 4287 947 4357 invenisset,
993 4286 1066 4341 iis
1108 4288 1358 4356 praeiuit.
1407 4286 1694 4342 Ecclesiae
1742 4294 1934 4340 autem

282 4380 531 4435 Euloius
564 4378 864 4449 religionis
891 4377 1116 4431 Arianae
1149 4376 1393 4432 antistes
1428 4376 1752 4447 occupavit.
1789 4380 1936 4429 Pau-

284 4464 445 4522 linus
469 4471 664 4521 autem
691 4465 1030 4520 interiorum
1065 4464 1456 4520 Ecclesiarum
1480 4464 1581 4519 uni
1633 4464 1937 4536 praefectus

283 4561 397 4621 est,
432 4554 629 4610 Euzoii
664 4554 1083 4625 permissu,qui
1114 4554 1415 4609 Paulinum
1452 4558 1825 4609 revereretur.

2021 586 2264 644 Romani
2296 572 2695 656 gubernacula
2752 582 3033 653 suscepit,
3083 587 3256 650 atque
3309 591 3515 631 omnes
3574 572 3675 643 qui

2020 679 2319 753 religionis
2336 661 2866 735 ndmineaValente
2881 676 2939 729 in
2954 671 3226 729 exsilium
3249 669 3407 725 missi
3428 667 3677 733 luerunt,

2025 772 2150 844 lege
2188 771 2323 825 data
2355 769 2661 844 revocavit.
2687 767 2767 821 Ea
2799 762 3122 838 igiturlege
3154 759 3329 816 simul
3364 762 3535 844 atque
3568 756 3682 811 Me-

2022 859 2195 915 letius
2248 842 2617 913 Antiochiam
2662 850 2960 921 remeavit,
3021 834 3490 927 graviqhadam
3556 862 3687 900 con-

2023 951 2284 1007 tentione
2318 947 2571 1021 populus
2629 936 2858 1002 deii'erri
2919 939 3110 1021 cmpit.
3171 937 3312 992 Nam
3375 936 3500 991 sine
3564 928 3682 989 ulla

2028 1058 2191 1095 mora
2222 1042 2508 1110 quotquot
2536 1037 2587 1091 ei
2622 1034 2914 1110 favebant,
2942 1016 3166 1085 nullum
3215 1044 3329 1082 non
3378 1028 3686 1079 moverunt

2022 1104 2301 1201 lapidem,
2323 1104 2650 1181 ut'Paulino
2676 1108 2799 1194 jam
2832 1104 3125 1201 decrepito
3176 1132 3417 1169 consors
3482 1118 3537 1197 et
3568 1112 3683 1201 rol-

2023 1194 2152 1290 lega
2178 1194 2603 1286 corrogaretur.
2656 1204 2898 1267 Paulino
2957 1196 3155 1262 autem
3208 1194 3559 1274 refragante,
3594 1196 3681 1257 di-

2023 1312 2306 1378 centeque
2338 1311 2544 1375 praeter
2578 1316 2832 1378 canones
2864 1298 2973 1352 hoc
3022 1312 3171 1362 esse,
3235 1299 3297 1348 ut
3348 1295 3680 1346 consortem

2024 1372 2308 1462 assumat,
2340 1372 2436 1464 qui
2459 1393 2529 1447 ab
2563 1372 2797 1447 Arianis
2827 1382 3047 1442 electus
3082 1383 3283 1449 fuerit;
3321 1381 3419 1452 qui
3454 1378 3681 1455 Melclio

2028 1485 2315 1549 favebant,
2370 1481 2569 1553 plures
2626 1483 2780 1532 certe
2839 1474 3107 1539 humero,
3169 1471 3224 1526 in
3300 1468 3681 1523 ecclesiarum

2024 1574 2503 1631 suburbanarum
2538 1585 2655 1623 una
2702 1568 2760 1621 in
2810 1560 3121 1637 episcogmli
3181 1558 3457 1615 cathedra
3514 1555 3683 1611 Mele-

2025 1665 2177 1720 tium
2236 1661 2545 1717 collocant.
2594 1652 2739 1712 Cum
2812 1660 3005 1710 autem
3087 1640 3336 1721 pepulus
3412 1644 3691 1718 utrinque

2028 1756 2490 1825 exasperaretur,
2525 1750 2735 1820 resque
2778 1738 3026 1816 jamjam
3060 1742 3128 1797 ad
3164 1734 3511 1795 seditionem
3547 1753 3682 1791 ven-

2032 1820 2499 1908 tura-videretur,
2534 1837 2625 1892 his
2656 1834 2893 1890 tandem
2932 1831 3161 1904 legibus
3220 1829 3373 1884 inter
3417 1843 3478 1884 se
3533 1820 3689 1899 pacti

2033 1934 2451 1987 convenerunt.
2487 1920 2860 1996 Congregatis
2882 1920 3037 1977 enim
3070 1920 3444 1996 episcopatus
3482 1910 3688 1972 suifra-

2032 2022 2255 2092 ganeis,
2286 2019 2477 2089 iisque
2509 2029 2753 2070 numero
2788 2008 3073 2089 sexvinter
3104 2006 3253 2079 quos
3286 1992 3343 2060 et
3374 1998 3686 2061 Flavianus

2033 2107 2568 2179 eratjbrejurando
2599 2120 2697 2159 eos
2727 2093 3493 2163 obstrinxerunt,ncminem
3519 2095 3682 2164 prius

2035 2198 2376 2270 episcopum
2411 2201 2667 2249 creatum
2698 2191 2793 2255 iri,
2816 2205 2992 2270 quam
3014 2186 3297 2240 Paulinus
3329 2187 3385 2237 et
3419 2180 3691 2237 Meletius

2032 2304 2063 2343 e
2090 2286 2237 2341 vivis
2269 2282 2680 2341 excessissent.
2706 2264 2929 2344 Quibus
2964 2273 3351 2347 jurejurando
3384 2272 3690 2328 conﬁrma-

2034 2378 2345 2446 tis,mutua
2376 2374 2526 2429 inter
2557 2389 2655 2428 eos
2677 2366 2965 2425 dissensio
2999 2364 3387 2434 simulta‘squc
3415 2362 3688 2434 ennquie-

2034 2468 2139 2523 vit.

2668 2546 2819 2606 CAP.
2851 2534 3048 2605 Xxvl.

2033 2648 2108 2703 De
2164 2636 2773 2714 Constantinopolitano
2839 2638 3045 2711 synodo
3109 2624 3433 2714 Theodosii
3496 2634 3696 2714 Magni

2104 2718 2256 2787 jussu
2310 2706 2928 2787 co'actaibvmtiumqiig
2958 2711 3225 2787 maximis
3283 2709 3461 2787 turbis
3491 2706 3689 2760 Antio-

2104 2781 2242 2844 chiae
2270 2806 2304 2842 α
2329 2785 2538 2843 Μθιειίἰ
2566 2791 2744 2841 morte
2773 2781 2837 2840 ob
2869 2784 3197 2838 Flavianum
3247 2781 3364 2852 ejus
3418 2794 3692 2852 successo-

2103 2879 2221 2917 rem
2249 2863 2454 2916 exortis
2487 2863 2803 2929 :postremo
2863 2855 2925 2910 de
2991 2853 3198 2929 Isidoro
3237 2849 3688 2929 hieromonacho,

2104 2951 2266 3003 quem
2299 2921 2560 2987 Damasus
2615 2926 3288 2998 Constantinopolitanmn
3335 2925 3538 2979 creavit
3568 2921 3691 2991 epi-

2104 3018 2325 3076 scopum

2109 3115 2204 3168 l-Iis
2236 3113 2318 3168 ita
2362 3110 2677 3167 transactis
2737 3107 3033 3162 Mcletium
3082 3107 3381 3175 rogarunt,
3417 3105 3480 3155 ut
3528 3101 3686 3155 Con-

2036 3200 2469 3272 stantinopolim
2534 3198 2769 3263 veniret,
2821 3195 3112 3266 siquidem
3176 3182 3436 3263 plerique
3495 3194 3552 3272 et
3590 3184 3692 3244 alii

2037 3293 2296 3365 episcopi
2329 3292 2533 3347 eodem
2564 3291 2624 3344 in
2656 3287 2782 3344 loco
2831 3284 3163 3357 congregati
3195 3299 3262 3339 ea
3312 3283 3368 3336 in
3403 3269 3691 3336 sententia

2039 3390 2228 3451 erant,
2263 3387 2327 3437 ut
2350 3381 2666 3453 Gregorius
2696 3379 2982 3434 Nazianzo
3012 3374 3354 3440 translatus,
3387 3371 3689 3451 episcopa-

2040 3473 2123 3529 tui
2157 3462 2804 3545 Constantinopolitano
2841 3463 3376 3539 praeﬁceretur.Nec
3409 3461 3694 3545 itaAmulto

2042 3567 2175 3633 post
2202 3536 2719 3615 cumTheodosius
2754 3536 3001 3626 Magnus
3029 3554 3349 3625 imperator
3373 3536 3693 3607 Ecclesiam

2042 3650 2441 3724 perturbatam
2499 3645 2898 3719 comperisset,
2937 3645 3224 3716 synodum
3284 3643 3693 3715 Constantino-

2044 3722 2157 3813 poli
2221 3732 2610 3810 congregavit,
2663 3728 2725 3790 ut
2782 3733 3013 3789 Nidzsna
3065 3722 3207 3787 fides
3265 3731 3693 3787 observaretur.

2042 3812 2165 3892 Qua
2181 3830 2533 3897 congregata
2557 3822 2793 3880 etfinita
2821 3820 3081 3877 Meletius
3100 3819 3167 3873 ad
3186 3812 3369 3874 Deum
3385 3814 3653 3888 migravit
3680 3830 3693 3870 :

2043 3918 2214 3984 culos
2295 3916 2534 3986 Corpore
2590 3910 2960 3967 Antiochiam
3022 3906 3328 3971 translato,
3392 3905 3696 3962 Fla‘vianus

2044 4007 2173 4077 ejus
2202 4004 2327 4060 loco
2349 4002 2571 4058 electus
2602 4004 2710 4068 est,
2735 3999 2865 4054 vivo
2888 3999 3211 4054 etiamnum
3244 3995 3511 4059 Paulino,
3545 3998 3693 4065 pras-

2042 4100 2130 4150 ter
2181 4098 2352 4165 pacta
2398 4091 2779 4162 jurejurando
2833 4089 3088 4143 firmata.
3124 4086 3202 4140 Ex
3238 4102 3355 4157 quo
3387 4084 3600 4149 evenit,
3635 4088 3700 4138 ut

2043 4186 2542 4243 Antiochenorum
2597 4182 2858 4253 plerique
2916 4177 3393 4235 communionem
3445 4175 3701 4231 Flaviani

2044 4277 2407 4347 defugerem,
2451 4272 2842 4345 privatimque
2874 4290 2907 4325 a
2940 4270 3182 4325 Paulino
3215 4270 3695 4322 convocarentur.

2045 4366 2196 4432 Odin
2219 4364 2345 4435 ipse
2385 4372 2614 4432 quoque
2646 4359 2942 4415 antistites
2975 4359 3127 4415 inter
3158 4374 3221 4414 se
3250 4356 3697 4412 dissentiebant.

2046 4450 2527 4523 Quandoquidem
2562 4450 3079 4522 Egyptii,Arabes,
3115 4452 3172 4503 et
3200 4445 3395 4519 Cyprii
3426 4445 3699 4517 injuriam

2046 4542 2291 4599 Paulino
2323 4541 2546 4596 illatam
2586 4548 2738 4612 agre
2796 4540 3077 4594 ferebant.
3111 4537 3239 4609 Syri
3283 4545 3498 4602 autem,
3534 4533 3705 4589 Palis-

356 4644 640 4700 Girterum
664 4622 964 4699 —Meletius
991 4622 1154 4699 extra
1197 4648 1394 4715 partes
1426 4643 1676 4699 civitatis
1697 4654 1941 4715 synago-
1969 4627 2017 4691 D
2048 4631 2211 4698 stini,
2272 4630 2551 4698 Pmﬂicest
2585 4627 2869 4695 Armenii;
2928 4626 3324 4699 Οερραάοοεε,
3357 4622 3609 4705 ΘειῙεοΐιόνφ,
3648 4631 3703 4677 οι

283 4749 388 4806 gas
412 4749 514 4789 seu
549 4733 957 4789 conventicula
988 4733 1408 4804 habuitmsque
1434 4734 1503 4788 ad
1538 4733 1703 4802 impii
1732 4732 1938 4788 Valen-

284 4823 357 4879 tis
378 4823 753 4893 imperatoris
783 4828 1065 4893 tempora.
1095 4825 1147 4878 Is
1178 4822 1335 4877 enim
1397 4838 1525 4878 cum
1568 4816 1936 4877 Antiochiam

284 4914 562 4981 venisset,
622 4912 865 4967 Paulino
938 4912 1201 4983 quidem,
1258 4912 1361 4968 viri
1400 4911 1579 4968 vitam
1631 4919 1940 4983 moresque

284 5004 588 5068 reveritus,
611 5000 885 5073 pepercit,
919 5000 1217 5057 Metetium
1252 5006 1447 5057 autem
1497 5000 1766 5057 exsulare
1815 5002 1941 5072 jus-

288 5092 384 5149 sit.

918 5181 1078 5237 CAP.
1129 5180 1304 5236 XXV.

543 5288 640 5360 qui
695 5286 794 5344 sub
825 5284 1068 5360 Valente
1106 5282 1191 5360 ob_
1230 5275 1563 5360 religionem
1615 5276 1943 5345 exstiterant

362 5362 457 5416 sub
531 5358 793 5417 Gratiano
851 5370 901 5416 et
980 5358 1364 5415 Valentiniano
1421 5359 1652 5415 Juniore
1711 5364 1945 5417 revocati

357 5442 507 5489 sunt.
562 5436 877 5505 Merumque
931 5433 1111 5505 turbt?
1141 5433 1203 5485 ob
1237 5431 1516 5505 Meletz'um
1564 5432 1709 5503 apud
1743 5432 1939 5489 Αηιὶο-

354 5506 545 5559 chiam
577 5503 801 5570 exortae,
836 5503 1055 5559 tandem
1079 5504 1174 5558 vix
1201 5504 1656 5574 conquieverunt.

281 5291 487 5346 Iterum

359 5611 529 5666 Porro
565 5628 692 5664 cum
727 5611 935 5665 Valens
994 5611 1119 5682 ipse
1178 5609 1432 5666 violenta
1458 5614 1641 5665 morte
1672 5608 1849 5664 vitam
1886 5610 1944 5665 in

284 5698 469 5773 Mysia
493 5699 1180 5772 abrupis:et,Gratianus
1221 5698 1611 5757 Valentiniani
1642 5697 1800 5755 illius
1829 5702 1946 5757 una

2048 4696 2314 4794 plerique
2347 4696 2721 4774 Ponticarum
2763 4734 2794 4772 a
2827 4696 3101 4771 Flaviano
3133 4713 3386 4769 stabant.
3422 4710 3537 4768 Nec
3571 4696 3702 4765 vero

2049 4806 2425 4862 mediocriter
2456 4803 2670 4859 infensi
2702 4812 2864 4857 erant
2918 4801 3113 4855 Romae
3149 4800 3462 4870 episcopus
3495 4799 3551 4851 et
3600 4812 3703 4852 cae.

2047 4896 2155 4953 teri
2185 4892 2605 4959 Occidentales,
2638 4896 2815 4961 atque
2841 4891 2911 4945 ad
2966 4888 3277 4944 Paulinum
3335 4886 3600 4957 quidem,
3640 4888 3706 4941 ut

2048 4985 2475 5040 Antiochenam
2527 4981 2867 5053 episcopum
2911 4978 3268 5043 scribebant;
3299 4974 3557 5031 Flaviani
3600 4991 3705 5030 au-

2048 5080 2169 5131 tem
2201 5072 2556 5128 mentionem
2589 5069 2811 5124 nullam
2836 5068 3161 5124 faciebant:
3202 5064 3533 5136 infensique
3563 5062 3707 5120 adeo

2050 5168 2219 5219 erant
2245 5160 2495 5218 Diodoro
2527 5158 2716 5224 Tarsi,
2748 5161 2807 5213 et
2836 5156 3043 5212 Acacio
3075 5154 3381 5220 Berrhmzs,
3414 5152 3517 5225 qui
3572 5168 3707 5210 eum

2050 5252 2393 5325 elegissent;
2452 5264 2556 5304 nec
2614 5261 2713 5303 eos
2758 5248 2832 5302 ad
2911 5245 3379 5302 eommunionem
3439 5241 3706 5301 admitte-

2052 5345 2217 5400 bant

2127 5431 2275 5495 Quin
2309 5433 2366 5484 et
2428 5428 2539 5500 ipsi
2613 5423 2670 5482 et
2727 5422 3041 5483 Gratianus
3116 5422 3430 5496 imperator
3498 5402 3711 5477 litteris

2055 5519 2381 5577 Orientales
2429 5517 2735 5589 episcopos
2773 5518 2842 5571 ad
2904 5516 3275 5572 Occidentem
3314 5515 3714 5567 convocarunt

2059 5611 2156 5682 qui
2188 5628 2255 5665 ea
2286 5613 2355 5663 de
2388 5606 2451 5664 re
2506 5605 2929 5668 decernerent;
2985 5611 3044 5661 at
3107 5602 3303 5659 nullus
3352 5604 3437 5658 eis
3487 5616 3710 5656 morem

2057 5698 2263 5774 gessit.
