4054 6386
453 400 610 460 1333
1775 375 2088 442 NICETIE
2128 372 2548 437 CHONIATIE
3690 373 3814 434 1334

523 534 808 589 Caeterum
844 524 1178 600 patriarcha
1199 521 1438 578 Photius
1459 513 1803 589 hujusmodi
1835 511 2079 570 scholim

2215 505 2321 562 das
2393 501 2796 560 audiendusve
2866 505 3047 573 patet,
3107 517 3224 573 quo
3302 501 3532 574 quidem
3588 502 3813 574 impietas

453 622 590 679 huic
621 619 795 692 capiti
826 590 1013 674 obiter
1044 613 1312 671 inseruit.
1345 611 1492 666 Nota
1522 609 1794 664 Romanis
1856 601 2108 658 Alexan-
2215 598 2272 692 et
2313 592 2668 692 abominatio
2701 590 3014 692 detegitur,
3048 607 3167 690 qua
3215 593 3446 691 profani
3495 591 3570 648 illl
3599 595 3814 668 episcopi

454 714 746 782 drinaaque
759 709 915 765 sedis
928 707 1328 762 vehementem
1345 695 1965 756 adversusFlavianum
1979 708 2079 748 con

2215 685 2366 740 ultro
2411 699 2542 739 sese
2568 679 2960 749 involverunt,
2995 681 3094 751 qui
3128 680 3408 752 pecunias
3439 682 3494 736 in
3539 698 3668 737 usus
3698 700 3815 755 pau-

454 769 956 868 citationem,quis
989 793 1152 850 nihili
1187 799 1380 847 tamen
1415 791 1567 844 facta
1595 785 1866 858 est,quod
1901 785 2109 854 praeter
2214 771 2779 868 perum-destinatas
2811 769 2882 825 ad
2922 771 3216 868 privatum
3279 771 3520 839 fastum,
3549 778 3601 826 et
3647 788 3813 828 eorum

455 892 740 947 rationem
801 859 954 942 facta
1009 885 1324 940 videretur.
1384 879 1527 944 Quia
1575 877 1732 932 enim
1793 875 2104 930 Flavianus
2213 861 2584 932 obsequium.
2619 861 2716 931 qui
2751 868 3052 915 οοοεοτιθθ
3085 859 3501 930 imperatorum
3545 861 3596 914 id
3629 865 3815 933 tempo-

454 997 487 1036 a
519 978 681 1035 nullo
711 979 1025 1033 damnatus
1057 975 1210 1029 intra
1232 987 1375 1027 suos
1407 969 1552 1024 lines
1585 985 1618 1022 a
1657 965 1782 1021 suis
1805 961 2100 1019 excoleba-

453 1073 573 1136 tur,
605 1085 672 1123 eo
704 1066 898 1136 ﬁebat,
932 1070 995 1120 ut
1025 1062 1245 1120 alienas
1275 1057 1792 1132 expostulationes,
1815 1057 2100 1123 tanquam

453 1163 614 1231 septa
636 1175 743 1213 sua
775 1155 1273 1218 transcendentes,
1304 1152 1502 1206 irritas
1535 1161 1767 1204 manere
1800 1141 1966 1199 facile
1999 1158 2098 1212 pa-

452 1252 687 1303 teretur.

523 1336 748 1391 Mortuo
773 1337 968 1390 autem
1020 1331 1286 1395 Paulino,
1320 1327 1655 1384 Flavianum
1718 1321 1962 1396 populus
1996 1319 2099 1374 ite-

447 1442 576 1483 rum
603 1432 905 1482 aversatus
949 1427 1056 1489 est,
1089 1435 1380 1492 operaque
1440 1422 1497 1472 et
1552 1414 1746 1470 studio
1791 1409 1999 1476 effecit,
2035 1411 2098 1463 ut

445 1517 732 1589 Evagrius
791 1513 1038 1588 propriae
1098 1511 1243 1583 parti
1309 1508 1720 1580 praeficeretur.
1775 1501 1882 1565 Qui
1959 1513 2093 1554 cum

447 1624 632 1680 pauco
690 1611 746 1662 et
804 1607 930 1678 ipse
976 1609 1240 1675 tempore
1297 1597 1736 1669 supervixisset,
1778 1591 1979 1646 nullus
2034 1589 2092 1642 in

446 1700 574 1769 ejus
631 1698 823 1753 locum
880 1695 1163 1750 sutfeetus
1219 1695 1326 1758 est,
1362 1690 1536 1758 idque
1584 1681 1838 1741 Flaviani
1896 1696 2089 1751 opera.

443 1786 954 1844 Verumenimvero
1064 1779 1378 1836 refractarii
1487 1775 1719 1848 quidam
1817 1769 2092 1827 Flaviano

2211 955 2292 1009 ris
2325 958 2514 1022 erant,
2535 959 2816 1024 tanquam
2850 951 3154 1023 palearum
3200 969 3436 1008 acervos
3467 953 3810 1020 eventilanles,

2210 1059 2278 1098 ex
2307 1044 2378 1098 iis
2399 1042 2546 1099 alios
2577 1042 2818 1114 quidem
2849 1058 3188 1097 sermonum
3230 1043 3456 1112 piorum
3488 1047 3542 1097 et
3571 1043 3812 1114 simplici-

2208 1137 2329 1188 tate
2388 1132 2772 1204 gaudentium
2849 1131 3350 1198 conversionibus,
3425 1131 3810 1202 dialecticisque

2206 1221 2570 1292 compendiis
2615 1221 2675 1276 in
2737 1219 3080 1292 perditionis
3134 1220 3474 1277 barathrum
3530 1220 3808 1292 praecipites

2205 1310 2510 1375 dederunt,
2569 1309 2700 1365 aliis
2743 1315 2938 1364 autem
3013 1312 3422 1380 impengentes
3470 1310 3634 1364 retusi
3680 1315 3806 1375 sunt,

2205 1417 2322 1456 non
2350 1418 2518 1456 secus
2549 1407 2722 1469 atque
2753 1402 2797 1455 si
2831 1401 2888 1455 in
2929 1415 3160 1456 murum
3195 1399 3594 1455 Semitamium
3643 1399 3809 1453 dentes

2203 1489 2580 1562 infregissent
2613 1490 2747 1561 (63),
2783 1489 3001 1562 quippe
3033 1489 3130 1560 qui
3182 1489 3401 1543 divitiis
3457 1505 3646 1544 eorum
3699 1505 3806 1560 pru-

2202 1579 2496 1634 dentiores
2537 1585 2759 1642 essent,
2793 1594 2899 1634 nec
2941 1577 3078 1634 ullis
3112 1579 3434 1649 logicorum
3465 1578 3807 1650 epicberema-

2200 1673 2326 1724 tum
2361 1668 2650 1725 machinis
2673 1668 3146 1740 percellerentur.
3183 1667 3297 1722 llos
3328 1683 3464 1723 vero
3494 1667 3806 1740 synodorum

2201 1757 2312 1812 sibi
2343 1768 2874 1813 consentanearum
2908 1757 3348 1824 convocatione,
3383 1774 3601 1814 necnon
3640 1772 3804 1812 eorum

441 1875 738 1932 adversari
799 1876 1126 1945 pergentes,
1176 1867 1417 1941 privatis
1472 1847 1896 1920 conventiculis
1953 1875 2085 1913 οοη.
2124 1882 2167 1947 Β
2200 1863 2490 1903 consensu
2515 1854 2573 1904 et
2602 1849 2794 1904 favore
2822 1848 2921 1919 qui
2951 1847 3136 1903 multa
3158 1854 3395 1918 possent
3425 1851 3572 1921 apud
3595 1850 3806 1918 impera-

439 1965 876 2037 gregabantur;
920 1967 982 2017 at
1027 1961 1125 2017 ille
1176 1959 1396 2014 nullum
1443 1973 1560 2011 non
1607 1951 1855 2009 rationis
1886 1951 2086 2005 funem

441 2054 639 2124 movit,
667 2058 730 2109 ut
760 2053 866 2109 hos
898 2066 1130 2124 quoque
1160 2048 1270 2105 sibi
1302 2045 1654 2116 subjiceret:
1706 2041 1860 2112 quod
1914 2037 2088 2112 paulo

439 2151 644 2219 postea
675 2146 929 2218 perfecit.

510 2237 651 2292 Cum
685 2235 843 2291 enim
868 2231 1259 2305 Theophilum
1291 2225 1753 2284 Alexandrinum
1787 2222 1898 2278 sibi
1919 2223 2086 2277 obse-

439 2325 580 2399 quio
611 2341 718 2381 suo
739 2323 996 2380 amicum
1034 2319 1453 2392 parasset,ejus
1476 2332 1648 2386 Opera
1669 2331 1801 2369 cum
1837 2313 2085 2368 Damaso

437 2419 698 2476 Romano
721 2419 780 2473 in
811 2415 1060 2489 gratiam
1096 2411 1285 2476 rediit,
1315 2410 1572 2482 profecto
1599 2409 1669 2464 ad
1702 2424 1836 2464 eum
1861 2405 2083 2463 Isidoro

435 2473 722 2564 monacho
755 2473 1209 2578 etupresbytero,
1235 2473 1332 2572 qui
1369 2515 1498 2556 cum
1532 2497 1896 2556 Scetensium
1954 2495 2086 2567 phi-
2188 2475 2432 2576 ἀυάίςιίίξ
2461 2474 2644 2534 eluso“
2677 2476 2950 2578 οοὲῑιξιίεν
2985 2476 3077 2530 συί
3111 2476 3346 2578 quoue?
3378 2473 3802 2578 Peccéf't‘hofnf'

433 2597 812 2668 losophorum
846 2611 998 2651 unus
1027 2591 1471 2658 esset,Damaso
1501 2596 1700 2661 gratus
1733 2602 1920 2659 usque
1941 2587 2082 2640 adeo

437 2687 636 2754 fuit,ut
665 2687 789 2741 sine
813 2684 930 2740 ulla
960 2700 1120 2739 mora
1137 2688 1194 2738 et
1215 2681 1522 2738 confestim
1549 2678 1718 2734 illum
1745 2675 2081 2734 Constanti-

437 2775 718 2846 nopoleos
746 2774 1088 2846 episcopum
1120 2773 1536 2828 erearit.Porro
1563 2767 1954 2824 Theodoritus
1986 2781 2083 2819 au-

431 2871 556 2921 ctor
605 2869 696 2920 est
755 2863 1091 2918 Flavianum
1142 2877 1256 2917 non
1307 2876 1442 2915 cum
1497 2859 1743 2914 Damaso
1793 2854 2077 2920 Romano,

433 2953 535 3008 sed
569 2967 704 3008 cum
749 2951 1089 3007 Innocentio
1119 2948 1178 3004 in
1194 2947 1441 3021 gratiam
1466 2943 1728 3011 rediisse,
1752 2942 1928 3014 idque
1950 2955 2082 3012 ope-

429 3059 496 3098 ra
523 3047 581 3098 et
605 3043 802 3098 studio
834 3038 1147 3097 Theodosii
1184 3034 1580 3108 imperatoris,
1606 3031 1804 3088 missis
1840 3032 1911 3086 ad
1949 3029 2076 3085 Fla-

425 3130 664 3186 vianum
731 3129 1096 3186 Berrboeensi
1147 3127 1396 3196 aliisque
1459 3122 1766 3194 episc0pis.
1808 3121 1932 3176 Non
1979 3122 2076 3176 de-

429 3225 589 3288 sunt,
609 3220 825 3292 quibus
857 3219 906 3272 is
941 3219 1038 3288 qui
1059 3217 1211 3270 inter
1241 3219 1443 3269 Patres
1471 3210 1865 3283 Chrysologus
1881 3211 2075 3264 dictus

428 3314 538 3376 est,
574 3326 688 3364 una
709 3323 844 3363 cum
875 3305 1194 3376 Theophilo
1247 3300 1662 3368 Alexandrino,
1713 3300 1899 3356 Acacii
1940 3300 2072 3354 Ber-

429 3397 744 3464 rhmensis,
799 3399 854 3450 et
923 3393 1125 3449 Isidori
1179 3391 1498 3464 presbyteri
1555 3390 1774 3459 studio,
1826 3389 2074 3464 gratiam

427 3485 702 3543 Flaviano
719 3483 1062 3540 conciliasse
1082 3483 1366 3538 videatur.
1846 3461 1849 3462 ν
2064 3461 2074 3471 ’

1056 3590 1203 3646 CAP.
1239 3588 1438 3645 XXVI.

420 3683 699 3742 Invectiva
728 3682 969 3754 digresso
1017 3683 1221 3736 Nicetes
1270 3679 1332 3735 in
1383 3677 1778 3754 analphabetns
1810 3681 2072 3754 sui_tem_-

491 3758 642 3828 poris
673 3750 977 3828 episcopi”1
1004 3769 1258 3828 quorum
1281 3753 1556 3828 imprimis
1582 3766 1750 3828 opera
1800 3750 2072 3828 Androni-

491 3822 587 3884 cus
608 3837 666 3882 et
685 3822 912 3882 Alexin:
940 3822 1208 3880 Coinneni
1237 3825 1295 3878 in
1323 3837 1489 3877 sacra
1519 3822 1852 3892 templorum
1892 3822 2071 3877 clina-

490 3899 586 3954 dia
639 3898 994 3954 invaserunt:
1057 3896 1218 3967 cujus
1273 3894 1559 3964 sacrilegii
1613 3895 1841 3948 Alexius
1900 3910 2071 3950 aurea

494 3969 643 4026 bulla
669 3974 936 4042 paenitere
963 3985 1017 4025 se
1045 3971 1372 4040 protestatus
1399 3973 1498 4020 est.

488 4076 1002 4133 Verumenimvero
1035 4072 1202 4145 impii
1237 4073 1352 4128 Arii
1405 4071 1787 4127 refutationes
1832 4069 2066 4126 interim

418 4165 482 4222 in
505 4165 684 4222 alium
715 4165 909 4221 locum
959 4161 1318 4232 rejiciantur.
1351 4160 1497 4224 Quia
1545 4159 1698 4214 enim
1761 4159 1964 4214 Aetius
2015 4164 2072 4214 et

419 4255 744 4312 Eunomius
776 4253 901 4310 Arii
939 4257 1240 4308 consortes
1287 4251 1539 4318 fuerunt,
1569 4265 1755 4320 operte
1814 4249 2068 4321 pretium

418 4347 682 4402 facturus
711 4343 932 4411 videor,
973 4343 1020 4398 si
1073 4358 1199 4413 quas
1256 4341 1329 4395 ab
1377 4339 1496 4394 illis
1556 4339 1860 4410 designata
1907 4343 2068 4407 sunt,

417 4433 555 4489 huic
593 4431 855 4489 historias
885 4431 1050 4504 prius
1079 4430 1332 4486 inseram
1359 4445 1372 4483 :
1406 4432 1534 4482 tum
1566 4427 1774 4484 deinde
1803 4429 1875 4483 ad
1908 4443 2072 4484 com-

415 4539 654 4580 munem
690 4521 865 4578 lrium
899 4518 1362 4576 confutationem
1378 4517 1698 4588 aggrediar.
1725 4517 1888 4581 Quod
1911 4518 2066 4573 enim

409 4613 677 4686 jaculum
703 4613 834 4686 quis
865 4612 927 4668 in
977 4626 1179 4666 eorum
1244 4624 1426 4663 unum
1476 4607 1784 4679 paraverit,
1820 4609 1876 4662 id
1935 4625 2069 4664 vero
2101 4632 2148 4696 Β

419 4721 532 4760 non
567 4703 823 4760 absurde
879 4703 937 4756 in
1001 4707 1235 4756 caeteros
1295 4712 1526 4768 quoque
1578 4697 1907 4753 deterserit.
1967 4698 2071 4753 Illa

421 4809 596 4864 porro
628 4788 1141 4862 inprasentiarum
1177 4787 1322 4844 mihi
1357 4786 1764 4857 perpendenda
1779 4787 2068 4856 videntur,

419 4895 786 4953 quaecunque
816 4879 928 4950 illi,
967 4877 1185 4950 quibus
1245 4874 1382 4932 cleri
1435 4874 1870 4932 administratio
1919 4884 2074 4932 sorte

421 4969 650 5040 obtigit,
681 4967 958 5024 adversus
989 4983 1126 5023 eum
1157 4965 1594 5034 effutiverunt,a
1623 4981 1740 5036 quo
1767 4966 1839 5020 ad
1871 4971 2072 5038 pasto-

418 5058 540 5116 rale
570 5075 790 5116 munus
819 5058 1002 5116 evecti
1032 5062 1208 5114 sunt:
1240 5061 1298 5112 et
1323 5055 1538 5128 quibus
1570 5071 1706 5112 oves
1737 5071 1875 5112 suas
1905 5057 2070 5112 dam-

418 5148 512 5203 nis
535 5147 1036 5204 attriveruntJmo
1068 5162 1202 5203 vero
1232 5144 1382 5202 liber
1400 5161 1514 5216 quo
1537 5161 1630 5200 res
1651 5143 1724 5199 ab
1753 5142 1873 5200 illis
1898 5151 2072 5216 gestis

419 5239 797 5294 continentur
827 5236 1202 5307 dilucideque
1233 5239 1578 5304 tractantur,
1625 5232 1811 5290 cuivis
1870 5233 2071 5306 legen-

492 5369 543 5405 ³⁸
571 5375 786 5429 Jerem.
821 5384 943 5436 xm,
977 5368 1004 5423 1
1032 5366 1276 5438 ;Ezech,
1309 5383 1504 5436 xxxiv,
1533 5369 1586 5422 2.

490 5513 605 5584 (63)
639 5512 860 5570 Alludit
889 5511 962 5568 ad
992 5509 1214 5566 Horat.:

495 5653 610 5726 (δι)
638 5655 804 5712 Ovid.

1349 5582 1612 5654 Oﬂmdel’
1633 5582 1832 5640 solido.

2201 1946 2348 1993 tores
2372 1944 2619 1994 atterere
2652 1955 2892 2010 prorsus
2949 1939 3332 2006 conabantur,
3367 1955 3472 1994 nec
3510 1940 3682 1994 solum
3710 1934 3804 1990 suis

2197 2041 2296 2082 eos
2327 2027 2568 2083 sedibus
2597 2033 2655 2082 et
2684 2026 2936 2082 ovilibus
2958 2027 3371 2094 deturbabant,
3399 2028 3497 2082 sed
3527 2026 3687 2082 etiam
3716 2041 3804 2095 quo

2189 2115 2325 2186 jure
2355 2132 2586 2188 quaque
2619 2117 2829 2188 injuria
2865 2133 3098 2188 semper
3126 2133 3156 2172 e
3189 2117 3382 2172 medio
3429 2116 3621 2172 tollere
3650 2114 3802 2169 medi-

2196 2207 2490 2273 tabantur,
2515 2205 2828 2262 nonnullos
2859 2207 3036 2262 etiam
3067 2207 3422 2262 commentis
3459 2205 3602 2261 dolis
3648 2211 3699 2260 et
3724 2221 3801 2276 sy-

2195 2295 2527 2366 cophantiis
2557 2295 2936 2366 impetebant,
2982 2300 3039 2350 et
3086 2295 3435 2365 hujusmodi
3465 2295 3672 2352 artibus
3720 2309 3804 2363 op-

2194 2388 2316 2440 tata
2343 2385 2858 2457 consequebantur
2877 2402 2898 2446 ,·
2926 2403 3054 2441 eum
3083 2385 3318 2455 justitia
3372 2385 3684 2440 subsannet
3706 2397 3801 2446 eos,

2195 2581 2298 2620 nes
2333 2564 2561 2619 iniram
2620 2565 3044 2620 excandescere
3105 2582 3220 2622 non
3281 2564 3474 2636 placet
3528 2564 3645 2636 (64),

2195 2653 2488 2726 plerisque
2518 2653 2606 2709 vel
2640 2654 2698 2709 in
2731 2654 3082 2710 diuturnum
3117 2657 3350 2725 tempus
3381 2655 3456 2710 de
3507 2653 3703 2723 iniquis
3737 2651 3802 2704 fa-

2191 2744 2490 2800 cinoribus
2524 2760 2728 2815 pcenas
2769 2749 3029 2816 repetere
3060 2743 3276 2800 differt.
3301 2747 3474 2800 Hunc
3511 2743 3568 2800 in
3600 2739 3800 2797 modum

2193 2841 2452 2904 pastores
2493 2831 2888 2904 desipiebant,
2925 2849 3027 2888 nec
3060 2849 3254 2888 eorum
3292 2832 3464 2904 pauci
3495 2826 3800 2886 vineamDei

2189 2923 2664 2995 corrumpebant.
2698 2923 2983 2986 Quocirca
3023 2921 3310 2979 Dominus
3357 2922 3606 2995 graviter
3633 2919 3684 2976 id
3708 2932 3800 2972 mo-

2189 3013 2454 3084 lesteque
2484 3013 2676 3069 ferens
2708 3030 2809 3084 per
2839 3011 3184 3085 prophetam
3240 3011 3566 3068 exclamat:
3607 3013 3678 3067 Vae
3725 3006 3802 3078 qui

2185 3112 2414 3174 pascunt
2432 3105 2630 3174 seipse:
2645 3101 2712 3158 ³⁸.
2752 3106 2873 3156 lmo
2904 3102 2951 3156 si
2983 3104 3119 3174 quis
3153 3102 3408 3172 penitius
3456 3099 3713 3173 exploret,
3745 3111 3798 3150 ea

2187 3208 2318 3264 quae
2347 3192 2690 3264 bujusmodi
2724 3196 2940 3248 temere
2998 3191 3405 3260 designarunt,
3450 3197 3508 3248 et
3557 3190 3797 3247 adversus

2189 3280 2370 3336 Deum
2433 3281 2761 3336 innumeris
2811 3280 3001 3335 modis
3056 3279 3342 3352 prolocuti
3404 3285 3564 3350 sunt,
3605 3293 3692 3334 eos
3741 3288 3798 3329 ne

2188 3371 2414 3442 seipsos
2445 3369 2680 3442 quidem
2713 3386 2972 3442 pascere,
3024 3386 3129 3426 nec
3159 3369 3310 3426 ovile
3362 3373 3592 3426 tantum
3646 3363 3798 3438 negli-

2186 3475 2342 3532 gere,
2375 3461 2476 3516 sed
2500 3463 2558 3515 et
2587 3461 2668 3516 sei
2677 3477 2816 3530 psos
2845 3465 2903 3514 et
2932 3477 3104 3516 suum
3154 3475 3390 3532 gregem
3425 3477 3459 3516 ιι
3481 3460 3592 3516 Deo
3619 3458 3796 3512 distra-

2184 3551 2360 3614 xisse,
2395 3565 2745 3623 gregemque
2776 3549 2940 3606 nullo
2962 3566 3077 3605 non
3109 3549 3306 3606 herbae
3326 3549 3563 3607 letbalis
3591 3552 3644 3604 et
3673 3559 3798 3600 mor-

2184 3639 2366 3696 tifera
2397 3655 2606 3712 genere
2639 3639 2888 3712 pavisse,
2920 3638 3085 3695 nullo
3117 3654 3234 3694 non
3289 3640 3542 3712 denique
3597 3633 3794 3692 turbido

2186 3745 2291 3785 nec
2323 3728 2610 3785 feculento
2632 3728 2878 3784 ﬂumine
2908 3731 3237 3800 adaquasse
3257 3729 3596 3800 comperiet,
3617 3742 3678 3782 ex
3703 3735 3796 3794 quo

2182 3817 2298 3890 ipsi
2338 3834 2572 3890 quoque
2631 3817 2902 3888 poculum
2967 3817 3288 3890 porrigant,
3319 3821 3598 3890 tanquam
3645 3815 3794 3869 duces

2181 3907 2376 3979 gregis
2399 3906 2627 3972 arietes,
2655 3907 2869 3976 quibus
2896 3923 3109 3963 sonora
3135 3907 3452 3964 sacerdotii
3481 3899 3794 3978 crepitacula

2087 4007 2092 4011 '
2181 3997 2483 4052 incassum
2514 4013 2774 4068 appensa
2824 3998 2962 4053 sint.
2995 3998 3274 4055 Caterum
3321 4001 3589 4070 quamvis
3633 3992 3800 4052 omnis

2181 4085 2263 4139 ita
2283 4087 2620 4154 tractarent,
2658 4089 2722 4140 ut
2754 4086 2905 4141 unde
2929 4085 3008 4140 nil
3033 4092 3240 4157 praeter
3269 4088 3554 4159 privatam
3583 4099 3798 4142 accusa-

2181 4174 2506 4242 tionem,et
2535 4175 2744 4228 animas
2791 4175 3206 4245 plerorumque
3251 4177 3632 4248 perditionem
3685 4187 3802 4228 con-

2181 4268 2584 4334 sequerentur,
2618 4263 2902 4320 nonnulla
2928 4270 3123 4321 tamen
3160 4265 3318 4320 utilia
3337 4266 3802 4338 amplexiquoque

2181 4354 2340 4406 sunt.
2377 4350 2462 4406 Ita
2511 4357 2576 4406 ut
2626 4367 2696 4406 ex
2733 4351 2818 4408 eis
2850 4358 3130 4424 tanquam
3192 4353 3380 4426 spinis
3439 4371 3602 4412 rosas
3633 4354 3800 4408 decer-

2181 4455 2338 4510 pere,
2371 4445 2428 4494 et
2470 4445 2752 4511 tanquam
2792 4450 3130 4512 serpentum
3189 4443 3470 4500 carnibus
3517 4451 3799 4514 panaceam

2180 4528 2493 4584 salutarem
2525 4529 2809 4586 conﬁcere
2851 4530 3040 4598 liceat,
3075 4539 3233 4601 tunc,
3283 4532 3553 4604 inquam,
3581 4548 3704 4588 cum
3756 4530 3802 4582 et

2179 4623 2444 4690 pastores
2499 4623 2560 4674 et
2611 4625 2914 4691 pastorum
2957 4623 3352 4678 mercenaries
3410 4620 3802 4696 deposuerunt,

2183 4711 2474 4779 quotquot
2502 4707 2636 4763 fidei
2681 4709 2857 4765 rudes
2907 4715 2965 4766 et
3020 4711 3258 4783 ignaros
3302 4711 3803 4784 deprehenderunt,

2183 4813 2292 4852 nec
2323 4797 2564 4856 idoneos
2593 4799 2695 4870 qui
2749 4799 2882 4856 ﬁdei
2915 4799 3212 4856 catholica:
3257 4807 3543 4874 praecepta
3580 4795 3804 4856 subdiiis

2184 4885 2306 4940 suis
2324 4901 2394 4940 ex
2413 4902 2615 4941 eorum
2649 4886 2988 4959 praescripto
3029 4887 3402 4958 explicarent.

2255 4974 2766 5032 Verumenimvero
2819 4993 2852 5031 a
2913 4977 3217 5033 nonnullis
3277 4995 3511 5050 quoque
3577 4968 3805 5033 accusati

2184 5067 2342 5132 sunt,
2395 5065 2551 5134 quod
2601 5081 2977 5136 percussores
3013 5069 3070 5121 et
3111 5083 3353 5139 rapaces
3408 5071 3625 5137 essent,
3675 5058 3805 5135 quod

2182 5166 2278 5206 eos
2301 5153 2401 5222 qui
2433 5151 2504 5208 de
2535 5153 2718 5224 gradu
2749 5155 2954 5224 dejecti
2991 5157 3226 5211 fuerant
3253 5157 3323 5212 ad
3356 5153 3802 5213 communionem

2183 5239 2586 5312 admisissent,
2620 5241 2780 5314 quod
2835 5243 3156 5303 seditiones
3205 5245 3621 5312 concitassent,
3676 5235 3807 5313 quod

1358 5512 1573 5580 ἓν·ααίιί
1593 5527 1842 5583 quaerens
1870 5513 2091 5573 illidere
2121 5515 2358 5574 dentem.

1437 5653 1659 5744 ﬁctiles
1670 5665 1907 5744 peccarit
1927 5656 2183 5744 homines
2210 5661 2585 5744 suafulnoiina
2607 5670 2810 5722 mutat.

1362 5724 1600 5796 Jupiter,
1630 5724 1836 5796 exiguo
1855 5737 2097 5802 tempore
2127 5724 2353 5788 inermis
2373 5733 2506 5792 erit.
