4054 6412
249 420 397 483 1385

1588 418 1985 480 THESAURI
2028 418 2178 479 LIB.
2226 417 2302 476 V.

3500 422 3536 482 Ἰ
3548 424 3668 484 386

252 556 494 628 denique
528 555 584 611 in
617 555 852 627 opibus,
885 554 1192 611 elementis
1222 558 1280 611 et
1311 553 1617 627 principiis
1668 570 1737 610 ea
1766 569 1893 623 qure
1926 562 1978 627 Α
2010 552 2135 608 suis
2166 551 2527 617 domesticis,
2577 550 2697 607 illis
2756 551 2992 623 quidem
3025 552 3319 624 hostibus,
3351 557 3408 611 et
3447 555 3669 613 aulico-

252 648 303 701 in
335 646 451 700 vita
482 644 694 700 facturi
722 650 922 700 essent
954 645 1444 715 praemunissent:
1489 660 1615 715 quae
1667 645 1903 715 quidem

254 735 300 791 si
328 752 458 789 cum
504 734 725 789 caeteris
783 732 1051 789 Ecclesiae
1111 734 1496 802 caeremoniis,
1555 750 1686 804 quae
1744 748 1906 788 com-

258 824 416 878 muni
463 823 700 879 utilitati
754 821 1094 891 consulunt,
1154 840 1270 879 non
1328 823 1728 889 evanuissent,
1788 821 1907 876 imo

255 913 299 969 si
328 912 527 967 nullus
560 912 618 967 in
651 912 997 968 hodiernum
1034 926 1223 984 usque
1254 912 1409 969 diem
1467 927 1536 968 ea
1572 916 1908 982 transgres-

261 1020 358 1059 sus
388 1006 565 1069 esset,
598 1018 723 1072 quae
752 1007 906 1058 recta
933 1004 1079 1057 ratio
1112 1002 1462 1074 prescribit,
1491 1006 1549 1058 et
1579 1018 1706 1072 qua:
1757 1005 1909 1055 recte

255 1110 286 1147 a
345 1092 458 1163 piis
517 1093 791 1146 Patribus
839 1092 965 1162 jam
1025 1091 1165 1146 olim
1224 1091 1452 1147 sancita
1508 1097 1668 1154 sunt,
1726 1088 1908 1144 baud-

255 1196 546 1251 quaquam
608 1180 804 1235 nescio
862 1180 1078 1251 quibus
1132 1179 1437 1251 glebarum
1518 1178 1909 1246 occatoribus,

257 1269 625 1340 vectigalium
661 1270 1155 1340 redemptoribus,
1205 1271 1462 1325 ferarum
1510 1267 1910 1334 venatoribus,

254 1358 507 1430 publicis
540 1374 845 1429 procerum
876 1357 1202 1414 aulicorum
1236 1358 1637 1421 consortibus,
1669 1356 1908 1427 dogma-

253 1454 375 1504 tum
408 1446 542 1503 ﬁdei
575 1464 815 1519 prorsus
848 1447 1091 1520 ignaris,
1134 1447 1604 1504 incantatoribus
1662 1446 1913 1514 denique

253 1542 307 1593 et
356 1536 694 1607 raptoribus
750 1535 1116 1607 episcopales
1173 1535 1343 1591 sedes
1400 1534 1915 1591 committerentur

253 1626 498 1698 (65.60):
537 1642 642 1680 nec
674 1625 747 1680 iis
779 1626 876 1696 qui
910 1631 975 1680 ut
1006 1626 1116 1680 hoc
1170 1641 1405 1696 quoque
1461 1624 1674 1693 dicam,
1710 1623 1915 1677 subdi-

254 1722 345 1772 tos
378 1732 540 1782 suos,
572 1714 791 1784 quibus
825 1714 1136 1784 pascendis
1195 1713 1451 1784 praefecti
1511 1717 1672 1783 sunt,
1728 1711 1914 1767 multo

252 1804 603 1860 violentinus
661 1802 939 1874 expilant,
1001 1819 1182 1875 quam
1258 1801 1481 1872 publici
1538 1800 1912 1872 vectigalium

258 1899 578 1960 exactores,
613 1892 753 1947 dum
785 1891 1233 1947 tributariorum
1267 1889 1531 1945 debitum
1566 1907 1679 1944 non
1709 1906 1912 1961 super-

254 1982 475 2038 ﬁciaria
507 1982 663 2052 lana,
698 1980 1135 2052 mulgendoque
1192 1979 1341 2034 lacte
1394 1982 1567 2034 tenus
1598 1977 1909 2045 deﬁniunt,

250 2069 351 2126 sed
387 2070 564 2125 etiam
599 2084 613 2124 :

417 2197 649 2264 Tergom
678 2195 954 2268 diripiunt
984 2197 1162 2263 costis,
1185 2203 1236 2251 cl
1263 2194 1474 2251 viscera
1500 2192 1734 2248 nudant.

322 2345 405 2400 Ex
437 2359 551 2416 quo
583 2344 800 2409 evenit,
835 2351 897 2397 ut
929 2342 1176 2416 pristina
1208 2341 1307 2398 illa
1338 2358 1542 2415 regum
1585 2341 1904 2412 objurgan-

249 2435 460 2490 dorum
492 2432 840 2501 dicendique
872 2434 1019 2487 citra
1049 2433 1328 2503 pudorem
1363 2432 1651 2504 quidlibet
1708 2445 1905 2485 coram

239 2523 329 2579 eis
361 2522 605 2578 libertas
640 2537 878 2593 prorsus
932 2521 1053 2577 illis
1114 2521 1371 2594 perierit,
1435 2520 1719 2592 paucique
1763 2519 1906 2576 adeo

234 2611 530 2682 illosjam
565 2616 903 2666 reverentur
934 2628 947 2667 :
985 2615 1162 2682 atque
1219 2626 1288 2665 ex
1337 2611 1752 2678 consequentia
1784 2625 1904 2663 ma-

235 2701 470 2756 ximum
505 2699 649 2754 illud
685 2699 996 2771 pontiﬁciae
1029 2698 1336 2770 dignitatis
1376 2699 1558 2754 decus
1616 2698 1904 2764 eviluerit,

246 2791 500 2859 ejusque
532 2786 657 2843 loco
690 2804 758 2842 ea
823 2788 1158 2843 introducta
1216 2788 1358 2854 sint,
1392 2804 1520 2859 quae
1564 2804 1730 2842 veros
1772 2804 1908 2858 pon-

245 2880 441 2933 tifices
472 2878 711 2931 omnino
742 2876 1091 2932 dedeceant:
1126 2876 1460 2946 cujusmodi
1494 2880 1634 2931 sunt
1661 2875 1910 2947 impera-

248 2967 485 3023 toribus
519 2963 827 3031 assentari,
859 2970 918 3020 et
973 2964 1170 3021 servili
1227 2981 1386 3020 more
1437 2980 1802 3036 quaecunque
1838 2965 1909 3021 ab

245 3056 374 3112 illis
402 3054 680 3109 dicuntur
711 3059 814 3109 aut
844 3055 994 3108 ﬁunt
1025 3054 1368 3127 approbare,
1425 3052 1754 3126 quamlibet
1811 3055 1912 3110 illa

247 3145 499 3217 flagitiis
529 3142 805 3199 omnibus
837 3143 1213 3214 ﬂagitiosiora
1245 3145 1384 3199 sint.

328 3237 406 3289 Ut
436 3236 688 3300 taceam,
717 3234 871 3303 quod
907 3234 1074 3288 nobis
1103 3249 1358 3305 quoque,
1391 3234 1492 3306 qui
1551 3233 1912 3305 magistrati-

2013 659 2141 698 rum
2172 642 2466 714 plerisque
2494 641 2767 713 perniciei
2801 651 3066 699 auctores
3097 644 3376 718 exitiique
3393 645 3666 713 fuerunt;

2014 735 2231 803 quippe
2264 732 2365 803 qui
2400 737 2679 803 tanquam
2712 737 2830 787 Deo
2886 733 3306 790 succenturiati
3364 735 3668 807 opitulato-

2014 821 2229 891 res,jus
2257 820 2654 892 persuadendi
2687 820 2989 889 haberent,
3022 824 3239 892 quique
3270 822 3415 879 nihil
3448 825 3671 895 absque

2014 911 2210 967 divino
2239 912 2519 968 instinctu
2558 915 2658 967 aut
2682 911 2875 967 dicere
2905 917 3007 968 aut
3047 929 3215 985 agere
3266 920 3669 972 censerentur.

2014 1000 2189 1056 Pauci
2222 1002 2377 1056 enim
2413 1004 2579 1069 sunt,
2607 1000 2711 1070 qui
2768 1017 2870 1072 per
2922 1001 3238 1057 fenestram
3300 1003 3552 1073 pectoris
3582 1004 3676 1058 in-

2016 1090 2358 1161 trospicere,
2419 1090 2804 1161 cordiumque
2893 1090 3278 1162 cogitationes
3336 1102 3674 1164 perspectas

2017 1178 2233 1234 habere
2284 1184 2519 1250 queant.
2582 1179 2693 1235 Sed
2754 1179 2877 1234 haec
2936 1179 3270 1246 hactenus;
3328 1197 3400 1237 ue
3457 1182 3675 1253 quibus

2015 1269 2164 1324 forte
2196 1270 2432 1340 propria
2492 1272 2729 1341 peccata
2784 1269 2843 1323 in
2906 1273 3138 1342 tergum
3189 1270 3451 1340 rejicere,
3483 1271 3677 1327 aliena

2014 1374 2152 1413 vero
2179 1357 2471 1413 anteriore
2504 1356 2774 1413 manticae
2830 1362 2994 1429 parte
3050 1363 3299 1429 gestare,
3332 1375 3519 1430 eaque
3566 1376 3673 1415 cu-

2017 1446 2365 1502 riosioribus
2395 1445 2579 1502 oculis
2610 1445 2935 1518 inspectare
2964 1445 3184 1502 videar.

2621 1587 2773 1641 CAP.
2808 1583 3056 1640 XXVIII.

2019 1708 2092 1765 Dc
2129 1706 2617 1781 Scmz‘arianorum
2692 1708 3075 1777 episcogworum
3122 1708 3423 1781 hypocrisi,
3474 1710 3670 1781 prarci-

2310 1781 2547 1850 puisque
2571 1779 2833 1833 Ιιεενεδροε
2865 1795 3054 1834 eorum
3085 1781 3377 1851 capitibus.

2095 1896 2167 1953 Ut
2196 1913 2332 1968 ergo
2365 1896 2520 1951 unde
2550 1895 2816 1967 digressa
2842 1900 2952 1964 est,
2994 1912 3060 1952 eo
3090 1914 3153 1953 se
3193 1898 3408 1954 referat
3465 1899 3678 1966 oratio,

2024 1986 2328 2042 videamus
2355 2002 2485 2056 quae
2515 1996 2566 2042 et
2621 1986 2821 2058 qualia
2876 1985 3095 2041 fuerint
3151 1986 3252 2041 illa
3297 1988 3492 2057 verba,
3552 2006 3681 2061 qua

2021 2073 2249 2130 Arianae
2315 2072 2431 2128 luis
2491 2078 2954 2146 propugnatores
3035 2074 3313 2129 adversus
3380 2075 3676 2131 Christum

2022 2167 2437 2234 conceperunt,
2470 2166 2526 2215 et
2549 2166 2915 2232 pepererunt,
2949 2162 3471 2235 frequentibusque
3500 2182 3675 2236 syno-

2021 2253 2112 2308 dis
2179 2251 2532 2319 convocatis,
2591 2253 2857 2307 omnium
2943 2252 3186 2307 auribus
3253 2260 3670 2325 exposuerunt,

2020 2341 2273 2413 denique
2303 2346 2587 2411 tanquam
2610 2340 2931 2395 orthodoxa
2957 2342 3306 2398 conﬁrmare
3353 2343 3482 2399 ausi
3513 2349 3673 2411 sunt,

2022 2431 2291 2502 quamvis
2349 2429 2577 2485 interim
2633 2428 2777 2483 nihil
2838 2428 2952 2484 nisi
3012 2446 3231 2486 meram
3312 2431 3672 2502 impietatem

2022 2521 2332 2592 spirarent,
2365 2523 2647 2590 tanquam
2689 2518 3024 2574 adulterina
3045 2524 3102 2575 et
3131 2523 3203 2574 ab
3235 2520 3504 2576 Ecclesia)
3537 2538 3679 2589 apo-

2023 2610 2243 2666 stolicae
2276 2607 2505 2681 placitis
2563 2608 2772 2665 aliena.
2829 2613 2909 2663 Ac
2960 2608 3215 2679 primum
3274 2609 3509 2681 quidem
3545 2611 3680 2682 quis

2021 2700 2326 2773 Theognin
2349 2699 2576 2767 Nicaeae,
2605 2699 2924 2755 Eusebium
2952 2700 3327 2767 Nicomediae,
3360 2706 3536 2772 atque
3566 2701 3681 2756 Eu-

2022 2791 2566 2856 sebiumCaasareaz,
2602 2805 2728 2858 quae
2787 2793 2877 2844 est
2930 2787 2990 2842 in
3048 2788 3381 2855 Palaestina,
3414 2807 3530 2845 non
3582 2806 3681 2845 ac-

2024 2880 2233 2935 cuset?
2257 2880 2353 2949 qui
2387 2877 2658 2933 illiberali
2685 2882 2743 2932 et
2773 2876 3153 2948 pontificibus
3212 2878 3454 2949 indigno
3499 2895 3678 2934 sensu

2025 2968 2252 3042 przediti
2288 2968 2524 3024 fuerint.
2557 2967 2694 3023 Cum
2724 2969 2876 3022 enim
2911 2965 3195 3022 haeretica
3256 2967 3525 3023 factionis
3582 2984 3682 3022 es-

2028 3064 2179 3126 sent,
2207 3062 2661 3128 vererenturque
2694 3072 2767 3112 ne
2826 3056 3077 3127 pr0priis
3133 3056 3410 3113 Ecclesiis
3449 3055 3685 3112 excide-

2026 3152 2177 3215 rent,
2238 3153 2338 3202 aut
2390 3148 2634 3203 infamia
2692 3150 3056 3213 notarentur,
3124 3145 3323 3201 Arium
3406 3146 3686 3202 simulate

2029 3237 2378 3307 abjurarunt
2410 3253 2423 3292 :
2459 3234 2753 3307 pauloque
2781 3238 2937 3307 post,
2960 3250 3122 3289 more
3175 3250 3388 3290 cauum
3421 3236 3492 3290 ad
3550 3252 3682 3306 pro-

249 3325 371 3381 lHJS
411 3322 729 3391 fungimur,
758 3322 1086 3378 libertatem
1119 3340 1352 3379 omnem
1390 3324 1619 3379 dicendi
1651 3323 1913 3379 abstule-
1948 3303 1991 3371 Ο
2030 3331 2225 3398 prium
2278 3325 2567 3382 vomitum
2627 3325 2864 3389 reversi,
2931 3323 3050 3377 Arii
3137 3324 3485 3395 depositioni
3567 3342 3683 3381 non

245 3416 405 3480 rint,
438 3415 611 3481 atque
643 3427 749 3465 nos
783 3427 847 3466 ex
882 3410 1122 3466 sublimi
1166 3412 1472 3483 dignitatis
1504 3413 1686 3485 gradu
1720 3414 1916 3469 detur-

242 3500 548 3569 baverint,
582 3505 638 3554 et
667 3498 833 3555 humi
868 3500 1307 3571 prostraverint,
1351 3517 1416 3556 eo
1479 3501 1733 3571 denique
1791 3504 1921 3557 ade-

242 3592 473 3666 geriut,
514 3593 574 3643 ut
607 3606 724 3644 una
780 3606 914 3643 cum
974 3588 1093 3645 illis
1150 3588 1531 3645 Melitaeorum
1574 3589 1916 3645 catellorum

245 3696 425 3739 more
454 3678 906 3749 imperatoribus
937 3677 1189 3733 blandiri
1222 3678 1408 3734 coacti
1438 3678 1736 3734 fuerimus.
1770 3678 1917 3733 Nam

245 3770 404 3844 quid
439 3767 625 3832 aliud,
659 3783 879 3837 qumso,
913 3766 1280 3833 fecissemus,
1313 3784 1446 3822 cum
1492 3767 1782 3839 primariae
1824 3783 1918 3823 se-

243 3863 341 3918 dis
379 3856 717 3929 pontiﬁcem
750 3862 806 3912 et
836 3865 1092 3926 caeteros,
1127 3863 1192 3913 ut
1217 3858 1418 3913 ordine
1449 3859 1918 3929 subsequuntur,

246 3950 597 4022 episcopos,
634 3945 806 4000 unico
839 3951 981 4000 nutu
1011 3951 1069 4000 et
1097 3946 1273 4001 verbo
1307 3946 1644 4018 permisisse
1700 3946 1920 4003 videre-

243 4040 515 4106 mus,ut
574 4051 743 4090 sacra
800 4034 1053 4091 clinodia
1111 4035 1500 4092 avellerentur
1548 4037 1682 4108 (67),
1733 4036 1920 4108 genti-

244 4132 499 4189 busque
533 4131 811 4195 tanquam
847 4125 1093 4180 canibus
1125 4126 1197 4180 ad
1257 4125 1460 4197 epulas
1505 4125 1797 4196 parandas
1827 4143 1922 4181 ex-

240 4218 665 4293 ponerentur:
699 4230 833 4268 cum
868 4230 975 4269 sua
1006 4213 1218 4285 cuique
1250 4213 1492 4285 privato,
1553 4214 1672 4269 imo
1729 4215 1926 4286 reipu-

237 4307 430 4365 blicm
468 4301 863 4374 quoqueipsi,
929 4307 992 4358 ut
1048 4303 1127 4357 ita
1184 4302 1397 4369 dicam,
1459 4306 1617 4357 sarta
1672 4306 1824 4358 tecta
1871 4309 1929 4358 et

232 4399 503 4467 integra
532 4396 855 4461 manerent,
889 4396 946 4446 et
1002 4393 1061 4446 in
1122 4391 1350 4447 futuros
1382 4407 1524 4447 usus
1557 4409 1591 4448 ε.
1648 4392 1768 4448 suis
1800 4409 1928 4464 pos-

236 4482 604 4545 sessoribus
635 4482 1090 4538 reconderentur
1117 4482 1145 4537 Ἰ

323 4571 597 4630 Omnino
628 4572 678 4626 si
714 4574 931 4626 temere
989 4569 1435 4641 restitissemus,
1486 4574 1712 4629 obtorto
1771 4572 1925 4628 haud

2029 3419 2476 3480 consenserunt,
2509 3414 2612 3470 sed
2644 3413 2969 3469 resilientes
3029 3411 3257 3468 nullum
3308 3413 3514 3470 exinde
3546 3415 3686 3470 ﬁdei

2028 3507 2323 3563 catholicae
2364 3506 2801 3578 impugnandis,
2859 3504 3208 3575 piorumque
3263 3508 3685 3579 oppugnando-

2026 3611 2157 3650 rum
2192 3595 2365 3650 ﬁnem
2400 3596 2682 3649 fecerunt.
2722 3595 2864 3648 [lino
2899 3593 3267 3648 fraudulenta
3325 3595 3427 3649 illa
3478 3600 3685 3649 contra

2027 3684 2400 3739 Eustathium
2434 3683 2701 3749 consilia,
2735 3683 2872 3737 hinc
2904 3682 3238 3753 frequentes
3298 3683 3407 3739 illis
3454 3683 3685 3756 synodi,

2027 3772 2245 3844 quibus
2295 3769 2592 3844 ὁμοούσιον
2654 3771 2831 3827 dictio
2901 3777 3179 3842 tanquam
3264 3789 3297 3827 a
3364 3773 3688 3844 Scripturis

2029 3862 2218 3918 aliena
2272 3862 2621 3917 censebatur
2679 3861 2835 3932 apud
2894 3861 3029 3917 illos
3102 3866 3162 3918 et
3242 3860 3685 3934 explodcbatur,

2029 3952 2276 4023 ejusque
2304 3951 2427 4006 loco
2461 3966 2617 4005 nunc
2649 3947 2989 4021 ὁμοιούσιον,
3050 3967 3207 4006 nunc
3265 3949 3479 4022 ὅμοιον,
3539 3951 3686 4006 alias

2030 4041 2199 4097 etiam
2231 4037 2513 4112 ἀνόμοιον,
2547 4040 2974 4095 obtrudebatur
3003 4058 3016 4095 :
3051 4057 3178 4111 quae
3234 4040 3433 4096 omnia
3470 4039 3684 4095 Filium

2033 4147 2067 4187 a
2096 4130 2430 4186 substantia
2461 4130 2651 4185 Patris
2674 4128 2929 4184 alienum
2966 4129 3206 4184 faciunt.
3264 4129 3331 4184 In
3398 4146 3466 4184 ea
3521 4130 3679 4186 enim

2034 4221 2326 4275 sententia
2357 4223 2542 4284 erant,
2605 4223 2669 4274 ut
2725 4218 2892 4274 Pater
2942 4217 3131 4289 prima
3177 4219 3228 4273 ei
3280 4217 3515 4290 propria
3545 4219 3685 4274 sub-

2035 4310 2255 4364 stantia
2312 4309 2620 4373 diceretur,
2680 4306 2859 4363 Filius
2915 4313 3111 4363 autem
3173 4309 3450 4363 secunda.
3510 4310 3693 4378 Atque

2034 4398 2265 4453 Patrem
2324 4395 2558 4469 quidem
2619 4396 2801 4451 Deum
2865 4396 3098 4466 proprie
3158 4393 3449 4461 dicebant,
3478 4394 3691 4451 Filium

2038 4493 2232 4543 autem
2264 4504 2366 4558 per
2397 4485 2860 4558 homonymiam,
2921 4482 3029 4541 hoc
3087 4491 3196 4551 est,
3246 4484 3562 4556 tequivoce,
3594 4500 3697 4539 no-

2038 4577 2217 4633 minis
2249 4575 2596 4632 substantiae
2628 4581 2683 4632 et
2721 4576 2956 4631 deitatis
2987 4574 3324 4647 participem
3346 4571 3698 4642 csse.Verbi,

235 4663 449 4723 dubie
480 4657 630 4714 collo
689 4660 761 4714 de
819 4658 1101 4714 tribunali
1161 4660 1372 4730 dejecti
1418 4637 1757 4716 fuissemus.
1786 4660 1931 4716 Illud
1962 4637 2007 4737 ,θ
2044 4666 2232 4739 gratia
2261 4672 2439 4721 Deum
2478 4670 2701 4721 patrem
2760 4637 3056 4736 dogmatis
3106 4637 3228 4719 suis
3286 4664 3543 4718 animato
3577 4637 3699 4717 ani;

234 4754 429 4813 enim
463 4746 799 4818 exemplum
823 4746 1223 4818 impudentiae,
1257 4748 1358 4819 qui
1382 4748 1549 4803 nobis
1578 4749 1631 4804 id
1648 4750 1935 4821 temporis

237 4838 571 4903 assidebat
603 4836 921 4909 imperator
968 4837 1116 4892 nihil
1176 4854 1292 4893 non
1346 4854 1537 4895 eorum
1590 4854 1718 4910 quae
1776 4843 1932 4909 pete-

235 4934 511 4993 bantur,
575 4924 728 4981 ultro
789 4925 1165 4983 concedebat.
1223 4928 1411 4991 Quare
1469 4927 1515 4982 si
1560 4927 1693 4997 quis
1724 4927 1935 4982 affectu

240 5017 443 5082 omni
474 5019 853 5081 semoto,rom
886 5014 1119 5086 penitus
1176 5016 1505 5087 perspicere
1562 5014 1717 5077 velit,
1753 5017 1937 5072 eccle-

233 5109 551 5171 siasticos
624 5105 776 5161 baud
846 5104 1023 5159 dubie
1082 5103 1251 5175 plura
1308 5104 1648 5176 designasse
1719 5105 1940 5179 flagitia

240 5195 624 5269 comperiet,
657 5209 834 5265 quam
874 5192 1377 5265 imperatoris(68)
1396 5192 1618 5250 aulicos
1637 5200 1690 5249 et
1713 5195 1940 5251 satelli-

234 5301 374 5353 tes.
417 5288 499 5344 Hi
530 5286 687 5344 enim
721 5299 1109 5357 quaecumque
1166 5284 1398 5356 imperii
1442 5286 1804 5358 magnitudo,
1838 5304 1941 5361 po-

230 5375 515 5441 testatis
548 5373 967 5449 prazcellentia,
1000 5378 1057 5428 et
1113 5373 1384 5429 voluntas
1418 5374 1576 5441 tulit,
1599 5390 1667 5430 ea
1724 5392 1826 5448 per
1856 5377 1942 5432 fas

234 5478 308 5529 el:
351 5464 539 5525 nefas
571 5465 1062 5537 designaverunt;
1088 5461 1148 5517 hi
1177 5466 1372 5519 autem
1397 5468 1453 5518 et
1501 5465 1942 5534 coadjutoribus

326 5582 603 5657 (65~66)_
633 5581 714 5636 De
762 5579 1105 5657 huiusmodi
1155 5580 1487 5657 phorologz's.
1526 5580 1824 5654 Chrysost.
1884 5582 1941 5638 in

233 5652 719 5779 comparatione
750 5655 904 5726 regis
936 5654 1004 5708 ad
1038 5652 1413 5708 monachum.

327 5730 397 5779 (6
452 5725 809 5779 lSacrorum
854 5738 1127 5779 vasorum
1175 5724 1413 5779 distracl

327 5723 472 5795 (67)
500 5723 1127 5783 Sacrorum'vasorum
1175 5724 1618 5783 distractionem
1669 5723 1945 5800 intelligit

608 5844 877 5905 PATROL.
927 5842 1039 5904 Gn.
1083 5843 1400 5907 CXXXIX.

2046 4755 2208 4826 mali,
2244 4755 2451 4812 Filium
2485 4766 2675 4811 autem
2706 4753 2970 4809 inanimo
3001 4756 3058 4808 et
3087 4753 3242 4824 picto
3287 4751 3537 4807 similem
3570 4767 3702 4808 esse

2047 4846 2361 4919 ﬁngebant.

2118 4933 2400 4998 Quocirca
2458 4934 2688 4989 Patrem
2747 4937 2935 4988 Deum
3004 4930 3253 5004 proprie,
3314 4934 3378 4986 ut
3426 4929 3706 4999 diximus,

2050 5023 2263 5081 Filium
2286 5023 2762 5094 vero,quamdum
2797 5021 3043 5079 Deitatis
3074 5021 3391 5095 imaginem
3441 5021 3707 5078 nomina-

2051 5116 2233 5170 bant:
2270 5113 2351 5169 ita
2383 5119 2447 5168 ut
2481 5114 2779 5168 incassum
2815 5111 2957 5166 Filio
3013 5117 3068 5166 et
3125 5110 3442 5167 divinitatis
3475 5116 3532 5167 et
3579 5110 3715 5166 sub-

2053 5203 2283 5260 stantiae
2315 5218 2528 5259 nomen
2573 5201 2942 5275 afﬁngerent.
3002 5200 3150 5266 Quia
3200 5200 3355 5257 enim
3407 5198 3619 5257 Filium
3679 5216 3715 5254 a

2054 5291 2242 5349 Patris
2274 5291 2607 5348 substantia
2656 5290 3066 5362 sejungebant,
3125 5294 3473 5361 Patremque
3531 5289 3713 5343 Deum

2054 5379 2289 5451 proprie
2320 5379 2716 5446 nominantes,
2749 5378 2959 5433 Filium
3010 5377 3084 5432 ab
3138 5377 3264 5447 ejus
3295 5375 3542 5432 essentia
3578 5391 3715 5442 pro-

2054 5469 2375 5525 ﬁtebantur
2404 5466 2684 5536 alienum,
2746 5483 2813 5523 eo
2866 5467 3064 5534 ﬁebat,
3091 5470 3159 5521 ut
3215 5481 3348 5521 eum
3411 5465 3631 5520 frustra
3661 5469 3720 5519 et

2060 5585 2231 5655 cujus
2263 5583 2500 5640 Alexius
2532 5584 2868 5640 Comnenus
2901 5583 2958 5639 in
2990 5586 3179 5639 Aurea
3209 5580 3376 5655 Bulla
3397 5581 3716 5655 _meminit.

2132 5652 2247 5729 (68)
2271 5655 2674 5729 Andronicum
2706 5655 2999 5728 intelligit,
3031 5657 3102 5712 de
3133 5671 3248 5727 quo
3280 5652 3528 5710 Michael
3569 5652 3719 5709 Cho—

2060 5727 2250 5786 niates
2279 5728 2338 5784 in
2371 5728 2664 5785 Monodia.

3308 5843 3393 5935 μ
