4054 6414
477 429 633 491 138⁸1

1798 424 2108 489 NICETIE
2149 417 2573 483 C-HONIATAE

3707 430 3823 498 1388

473 563 602 619 sine
633 560 938 635 hypostasi
994 561 1175 619 Deum
1232 562 1510 632 dicerent,
1567 566 1744 637 atque
1800 562 1943 617 adeo
1994 558 2124 628 ejus
2156 554 2207 622 Α
2241 551 2471 618 dixerit,
2503 551 2661 608 haud
2693 569 2991 626 quaquam
3022 573 3057 613 a
3084 570 3221 615 vero
3251 560 3595 620 aberraverit
3623 580 3635 621 :
3664 582 3823 636 quem-

472 653 758 708 duntaxat
787 652 1177 725 homonymiae
1211 653 1456 719 ratione,
1516 670 1633 725 qua
1672 653 1825 709 inter
1856 668 1917 707 se
1965 648 2130 705 vivus

418 788 429 799 ρ
472 740 651 796 homo
669 746 724 798 et
754 740 945 813 pictus
976 742 1379 811 conferuntur,
1422 741 1793 814 hominisque
1845 738 2128 796 vocabulo

472 832 761 905 mquivoce
784 832 1189 904 designantur.
1222 833 1301 889 Eo
1332 848 1467 903 erga
1524 849 1676 891 vana
1721 843 2128 905 perversorum

471 921 780 978 hominum
804 922 1279 995 cogitataﬂpozov
1301 926 1357 979 et
1382 921 1702 995 ὁμοιούσιον
1764 919 2125 994 spectabant.

472 1014 597 1078 Qua
623 1012 693 1068 de
723 1028 897 1067 causa
926 1012 1275 1069 Semiariani
1323 1028 1556 1085 quoque
1581 1012 1720 1070 dicti
1770 1015 1927 1067 sunt.
1982 1008 2130 1075 Quia

474 1102 634 1158 enim
668 1101 894 1159 Patrem
936 1106 993 1159 et
1021 1102 1233 1159 Filium
1270 1104 1343 1160 ad
1396 1103 1847 1178 inaequalitatem
1897 1101 2123 1173 redige-

469 1191 638 1263 bant,
670 1193 939 1264 Patrique
988 1192 1095 1250 hoc
1152 1195 1516 1260 tribuebant,
1568 1199 1633 1251 ut
1676 1206 1859 1266 supra
1888 1206 2124 1249 omnem

472 1283 814 1355 essentiam,
847 1287 913 1340 ut
938 1283 1257 1356 ingenitus,
1291 1289 1356 1341 ut
1387 1290 1636 1342 aeternus
1692 1288 1848 1341 esset
1878 1302 1893 1351 ς
1945 1281 2127 1337 Filio-

475 1388 587 1444 que
617 1376 841 1444 contra,
876 1377 941 1430 ut
980 1380 1227 1443 creatus,
1288 1380 1355 1431 ut
1412 1380 1610 1447 postea
1658 1390 1782 1431 esse
1835 1373 2124 1444 coepisset,

474 1460 656 1518 fuisse
687 1463 939 1534 denique
995 1466 1249 1537 tempus,
1304 1480 1421 1536 quo
1472 1482 1587 1521 non
1647 1464 1873 1530 fuisset,
1907 1461 2125 1517 idcirco

478 1550 629 1607 ferre
660 1569 776 1608 non
810 1558 1095 1625 poterant,
1129 1557 1194 1610 ut
1215 1553 1515 1626 ὁμοουσίου
1548 1554 1745 1623 dictio,
1778 1553 1911 1608 ﬁdei
1972 1568 2127 1623 sym-

465 1639 601 1696 bolo
654 1641 1038 1712 insereretur,
1100 1660 1217 1715 qua
1264 1644 1503 1715 quidem
1566 1643 1772 1699 Filium
1832 1643 2011 1699 unius
2067 1644 2126 1698 et

471 1732 737 1803 ejusdem
762 1749 897 1789 cum
954 1734 1123 1791 Patre
1182 1735 1524 1792 substantia:
1583 1752 1712 1793 esse
1758 1735 2122 1808 profitemur,

468 1819 578 1876 hac
609 1826 731 1877 arte
761 1827 1111 1894 satagentes,
1174 1828 1241 1879 ut
1299 1841 1466 1882 suam
1513 1826 1572 1881 in
1617 1825 1861 1882 hmresin
1894 1824 2121 1897 Opinio-

2244 643 2562 700 admodum
2596 644 2668 699 de
2700 643 2846 700 Filio
2877 649 2936 700 et
2983 647 3154 705 Patre
3220 666 3455 722 quoque
3508 653 3610 708 dici
3660 662 3825 727 potest.

2241 732 2369 788 Haec
2399 733 2559 816 enim
2590 740 2675 789 est
2707 735 3047 806 quarumvis
3078 754 3277 794 rerum
3336 742 3593 798 assentire
3643 752 3826 817 natura,

2241 826 2307 877 ut
2342 811 2493 894 quod
2525 822 2785 891 genitum
2818 828 2907 880 est
2937 825 2989 881 ei
3021 843 3055 880 a
3083 842 3197 898 quo
3249 829 3507 900 genitum
3560 838 3639 890 est
3677 811 3828 892 simile

2238 912 2428 977 ﬂat,et
2448 917 2621 983 prout
2641 912 2847 968 eadem
2879 914 3180 987 utriusque
3231 920 3486 977 essentia
3525 926 3622 988 est,
3667 925 3828 981 eodem

2238 1016 2470 1072 quoque
2500 1001 2719 1058 honore
2741 1002 3068 1073 afﬁciatur;
3093 1021 3199 1063 nec
3223 1005 3383 1064 illius
3408 1009 3630 1081 quidem
3661 1014 3827 1087 potior,

2237 1089 2413 1162 hujus
2444 1107 2575 1147 vero
2606 1092 2880 1164 deterior,
2940 1098 3040 1150 aut
3103 1094 3261 1153 illius
3295 1098 3531 1169 quidem
3561 1100 3823 1173 antiquior,

2238 1178 2418 1252 hujus
2448 1197 2582 1238 vero
2615 1182 2901 1239 recentior
2931 1185 3187 1241 essentia
3218 1186 3467 1246 dicatur.
3507 1189 3642 1246 Nam
3673 1191 3826 1247 forma

2238 1273 2468 1345 generis
2517 1273 2821 1346 aequaliter
2877 1275 2949 1331 ab
3022 1291 3089 1333 eo
3164 1280 3509 1349 procedunt,
3566 1282 3829 1354 eodemque

2240 1365 2464 1418 naturae
2494 1362 2830 1419 communis
2860 1363 3080 1422 honore
3111 1368 3600 1427 condecorantur:
3645 1376 3703 1426 ut
3733 1388 3829 1427 om.

2239 1468 2344 1508 nes
2376 1452 2640 1509 homines
2673 1455 3088 1511 communione
3120 1457 3483 1515 definitionis
3510 1460 3827 1529 conveniunt,

2243 1540 2567 1615 quamlibet
2596 1543 2654 1598 in
2684 1542 2943 1615 plurima
2971 1544 3274 1603 individua
3303 1547 3473 1604 divisi
3528 1550 3657 1606 sint.
3700 1552 3828 1617 Que-

2237 1646 2489 1703 cumque
2510 1648 2647 1706 ergo
2678 1633 2750 1689 ad
2812 1651 2995 1690 unum
3045 1634 3303 1709 aliquem
3362 1639 3667 1696 terminum
3703 1641 3829 1697 redu-

2237 1725 2471 1792 cuntur,
2532 1722 2778 1794 ejusque
2831 1724 3068 1796 capacia
3125 1730 3284 1795 sunt,
3317 1744 3380 1783 ea
3421 1727 3594 1785 etiam
3647 1729 3831 1802 proprie

2238 1809 2530 1879 homines,
2590 1811 2680 1867 vel
2738 1811 2897 1884 equi,
2951 1811 3037 1869 vel
3086 1813 3283 1883 boves,
3341 1820 3417 1888 et,
3466 1823 3531 1874 ut
3564 1818 3633 1874 ita
3662 1819 3829 1887 dicam,

474 1926 725 1981 nemque
751 1927 1083 1983 perversam
1116 1914 1422 1986 episcopos
1456 1930 1662 1970 omnes
1722 1917 1965 1971 latenter
2008 1914 2122 1987 pel-
2152 1929 2198 1995 Β
2236 1899 2445 1995 Planta?
2476 1904 2532 1955 et
2561 1900 2800 1995 arb°_1'93
2831 1901 3130 1995 ἀίθοηῖυῖξν
3187 1905 3541 1979 omninoque
3597 1905 3832 1979 δμοοῦσιαγ

464 1998 731 2069 licerent,
792 2002 890 2073 qui
949 2004 1218 2074 quamvis
1285 2005 1501 2077 pietate
1575 2004 2118 2073 cohonestarentur,

468 2106 815 2163 morumque
846 2091 1225 2165 simplicitate
1283 2095 1628 2166 gauderent,
1689 2097 1999 2151 verborum
2032 2100 2116 2152 ta-

466 2195 601 2235 men
634 2181 894 2253 strophis
921 2198 1024 2238 seu
1057 2184 1489 2242 inversionibus
1518 2195 1571 2242 et
1603 2184 1939 2259 scphisticis
1961 2203 2119 2242 com-

464 2269 694 2340 pendiis
753 2270 1211 2345 haudquaquam
1280 2274 1668 2345 invigilarcnt,
1742 2277 2118 2348 dicentesque

464 2358 611 2413 nihil
643 2376 769 2416 esse
801 2362 1159 2419 discriminis
1184 2364 1337 2420 inter
1368 2364 1687 2437 ὁμοούσιον,
1712 2364 2028 2438 ὁμοιούσιον
2062 2370 2119 2421 et

463 2445 676 2520 ὅμοιον,
725 2453 1164 2525 cavendumque
1222 2453 1392 2511 nobis
1448 2471 1595 2522 esse,
1659 2471 1729 2510 ne
1789 2457 2114 2512 dictionum

461 2539 715 2596 novitate
743 2541 1023 2598 scandala
1050 2542 1326 2600 Ecclesiis
1381 2546 1787 2602 suborirentur
1841 2553 1895 2602 et
1926 2546 2117 2602 coale-

460 2634 736 2686 scerent:
798 2647 1051 2702 quarum
1111 2632 1348 2706 quidem
1417 2634 1741 2692 dictionum
1827 2635 2115 2694 lenocinio

460 2717 781 2790 impietatis
839 2738 1033 2778 escam
1091 2724 1480 2796 obducebant,
1564 2725 1901 2795 multosque
1954 2725 2115 2782 exitii

461 2809 729 2867 cassibus
762 2809 1168 2883 implicabant.

1088 2974 1250 3034 CAP.
1281 2976 1486 3032 XXIX.

454 3110 526 3171 De
558 3118 1050 3195 Sentiarianprum
1077 3121 1441 3195 proceribus:
1494 3123 1747 3195 falsaque
1772 3194 1775 3195 ν
1802 3122 2106 3180 dictionum

660 3189 961 3267 ὁμοουσίου
989 3200 1041 3250 et
1069 3189 1391 3265 ὄμοιουσίου
1431 3189 1901 3268 ῑηὶενρνὲιαιίοηθ.
1992 3248 1995 3251 ,

2242 1987 2350 2045 hoc
2381 1994 2468 2046 est
2499 1991 2762 2046 essentiae
2816 1993 3228 2050 communione
3259 1997 3589 2053 constantia
3616 1996 3717 2052 dici
3756 2012 3831 2068 po-

2231 2083 2447 2136 terunt.
2507 2082 2901 2153 Quaecumque
2958 2098 3092 2140 vero
3162 2085 3396 2140 termini
3474 2087 3696 2160 capacia
3744 2102 3829 2141 non

2231 2176 2389 2238 sunt,
2424 2174 2566 2241 puta
2593 2168 2852 2226 hominis
2880 2169 2968 2227 vel
2995 2171 3270 2229 animalis
3320 2173 3588 2247 alicujus,
3641 2174 3828 2231 nomine

2230 2263 2426 2314 autem
2459 2259 2581 2315 solo
2604 2259 2873 2316 homines
2903 2260 2992 2316 vel
3024 2261 3261 2337 aliquod
3297 2263 3453 2320 aliud
3507 2264 3707 2321 animal
3755 2281 3832 2337 ap-

2230 2347 2544 2419 pellantur,
2576 2348 2658 2404 ita
2689 2365 2794 2405 nec
2832 2349 3103 2407 homines
3155 2354 3383 2423 proprie
3445 2370 3551 2410 nec
3604 2353 3834 2409 animalia

2234 2438 2347 2494 dici
2379 2455 2412 2494 a
2443 2454 2742 2510 quoquam
2784 2443 3103 2512 poterunt:
3139 2447 3316 2514 atque
3347 2442 3431 2499 ita
3465 2460 3568 2500 nec
3612 2441 3837 2515 amasse

2229 2528 2809 2600 vocabuntur,qualis
2833 2532 2920 2586 est
2941 2530 3135 2603 pictus
3183 2547 3372 2604 equus
3413 2538 3477 2590 et
3516 2534 3702 2602 homo;
3731 2533 3838 2604 quia

2235 2618 2515 2673 nimirum
2550 2634 2622 2674 ne
2652 2621 2720 2674 ad
2754 2620 3002 2677 lormam
3032 2621 3270 2693 quidem
3302 2639 3479 2681 suam
3526 2625 3830 2688 referuntur,
3972 2640 3973 2717 χ

2229 2724 2337 2764 nec
2370 2708 2584 2781 proprii
2640 2708 2875 2766 termini
2945 2712 3183 2784 capacia
3235 2718 3394 2780 sunt,
3452 2719 3593 2787 puta
3647 2714 3831 2769 ratione

2226 2796 2476 2869 praediti,
2506 2800 2564 2853 et
2595 2799 2768 2854 morti
2798 2798 3057 2866 obnoxii,
3118 2804 3294 2873 atque
3352 2804 3566 2859 mentis
3591 2802 3830 2860 scientia-

2225 2902 2338 2959 que
2369 2901 2610 2959 capaces
2644 2903 2658 2942 :
2689 2886 2777 2943 vel
2807 2887 2984 2944 etiam
3018 2889 3344 2963 hinnibilis,
3379 2894 3709 2966 rationeque
3756 2909 3831 2948 ca-

2222 2977 2426 3034 rentis.
2486 2976 2775 3050 Quidquid
2834 2978 2991 3035 enim
3066 2980 3137 3035 ad
3184 2979 3442 3038 hominis
3510 2984 3740 3055 alicujus
3763 2979 3831 3037 vel

2220 3067 2356 3140 equi
2415 3067 2866 3125 similitudinem
2926 3071 3244 3128 statuarius
3302 3073 3702 3142 etl'orrnaverit,
3754 3074 3833 3128 de-

2221 3157 2539 3229 pinxeritve
2570 3158 2775 3230 pictor,
2809 3159 3113 3217 hominem
3174 3161 3414 3233 quidem
3477 3166 3659 3221 dicere
3703 3166 3834 3236 pote-

2222 3249 2321 3315 ris,
2357 3247 2497 3319 quia
2545 3248 2731 3318 figura
2782 3248 3030 3306 formam
3093 3251 3321 3308 imitata
3383 3255 3509 3326 sit;
3571 3259 3627 3311 at
3679 3253 3835 3310 minus

523 3348 657 3423 Iam
678 3356 812 3410 vero
838 3342 945 3426 qui
967 3354 1106 3411 talia
1127 3354 1556 3428 Conﬁngebant,
1589 3373 1850 3429 proceres
1900 3356 2101 3430 impie-

2223 3338 2471 3410 proprie,
2501 3339 2601 3394 sed
2623 3339 2863 3395 abusive
2885 3344 2942 3396 et
2962 3341 3285 3413 mquivoce;
3307 3358 3411 3399 nec
3432 3345 3589 3401 enim
3612 3343 3834 3418 ejusdem

452 3430 594 3497 tatis
624 3432 1010 3515 primariique
1039 3446 1305 3500 auctores
1364 3454 1551 3515 erant,
1606 3448 1671 3502 ut
1729 3447 1829 3519 qui
1862 3451 2102 3504 caeteros

450 3530 507 3587 id
542 3532 825 3605 temporis
855 3532 1154 3591 haereticos
1215 3534 1494 3608 religione
1549 3538 1926 3611 doctrinaque
1955 3557 2103 3612 prae-

450 3620 743 3678 cellerent.
778 3623 1081 3693 Eusebius,
1113 3624 1380 3698 inquam,
1442 3625 1815 3698 Nicomediae,
1873 3633 1931 3685 et
1983 3629 2101 3684 Eu—

451 3712 649 3768 sebius
682 3713 975 3783 Caesareae,
1015 3731 1141 3787 quas
1175 3716 1234 3771 in
1268 3714 1573 3774 Palaestina
1602 3721 1712 3785 est,
1744 3716 1797 3774 is
1855 3716 1956 3790 qui
2007 3735 2098 3775 ec-

455 3801 843 3859 clesiasticam
875 3804 1224 3878 conscripsit
1244 3805 1548 3862 historiam
1578 3825 1595 3878 ;
1621 3804 1914 3880 Theognis
1960 3808 2099 3865 item

453 3889 678 3959 Niczeae,
713 3899 766 3947 et
794 3893 1005 3961 caeteri,
1037 3892 1139 3966 qui
1170 3893 1379 3951 horum
1406 3895 1711 3952 sententiis
1758 3906 1817 3952 et
1870 3894 2102 3969 placitis

452 3979 928 4037 subscribebant.
996 3984 1205 4055 Magna
1279 3983 1435 4041 enim
1516 4000 1649 4042 cum
1734 3985 2104 4059 impudentia

452 4067 746 4141 ὁμοούσιον
777 4070 848 4126 de
894 4072 1238 4145 corporibus
1294 4074 1527 4147 proprie
1573 4074 1820 4148 intelligi
1874 4080 1931 4132 et
1986 4074 2102 4133 diei

450 4158 903 4230 profitebantur,
959 4168 1018 4216 ut
1076 4162 1147 4218 de
1200 4162 1433 4221 homine
1480 4167 1537 4220 et
1585 4165 1802 4221 caeteris
1832 4167 2099 4223 animali-

447 4248 583 4317 bus,
617 4250 688 4305 de
747 4250 1056 4307 arboribus
1107 4252 1247 4308 item
1306 4255 1363 4310 et
1421 4252 1635 4326 plantis
1689 4273 1860 4312 omne
1889 4272 2097 4330 genus,

449 4336 663 4407 quibus
685 4340 1134 4398 communicatio
1192 4345 1249 4398 et
1301 4348 1463 4399 ortus
1522 4360 1590 4399 ex
1643 4343 1935 4402 similibus
1967 4355 2095 4405 est:

454 4423 776 4497 ὁμοιούσιον
809 4432 1001 4486 autem
1035 4432 1211 4488 rebus
1243 4431 1601 4506 incorporeis
1660 4433 1903 4491 insitum
1946 4452 2095 4507 esse,

450 4518 510 4571 et
539 4516 610 4572 de
641 4516 787 4589 ipsis
819 4519 1047 4590 proprie
1078 4519 1214 4587 dici,
1241 4529 1304 4576 ut
1329 4521 1399 4577 de
1432 4521 1543 4578 Deo
1582 4526 1639 4578 et
1694 4523 1921 4597 angelo,
1955 4526 2095 4582 item

450 4606 524 4662 de
555 4610 805 4680 utroque
835 4607 1073 4681 pr0pria
1102 4608 1160 4663 in
1194 4609 1449 4665 essentia
1481 4611 1799 4669 intellecto.

2223 3444 2355 3484 cum
2384 3429 2569 3484 forma
2601 3428 2957 3485 definitionis
2982 3432 3274 3504 particeps
3319 3441 3445 3491 est:
3502 3437 3639 3507 quia
3682 3440 3835 3489 statua

2218 3533 2334 3574 non
2358 3524 2445 3574 est
2468 3516 2683 3574 animal
2703 3518 2928 3575 ratione
2950 3520 3284 3592 prteditum,
3319 3524 3497 3580 morti
3536 3524 3831 3585 obnoxium,

2218 3608 2436 3664 mentis
2469 3611 2523 3663 et
2556 3608 2809 3665 scientia
2842 3624 3059 3680 capax;
3097 3627 3203 3667 nec
3249 3611 3424 3668 etiam
3461 3613 3753 3671 hinnibilis
3788 3616 3833 3666 et

2216 3699 2574 3770 quadrupes,
2608 3697 2801 3770 qualis
2830 3702 2920 3755 est
2949 3700 3109 3755 vivus
3139 3716 3341 3773 equus,
3378 3717 3490 3760 nec

2344 3896 2814 3970 Quadrupedante
2840 3903 3060 3971 putrem
3090 3902 3276 3959 sonitu
3308 3904 3495 3976 quatit
3526 3901 3728 3975 ungula

2895 3988 3171 4045 campum.

2286 4156 2427 4216 Hinc
2459 4176 2596 4233 ergo
2629 4162 3028 4234 consequitur,
3061 4167 3126 4219 ut
3157 4164 3660 4237 quemadmodum
3700 4160 3838 4220 nobis

2210 4250 2832 4323 hominibus,itemque
2855 4250 3102 4321 singulis
3130 4253 3375 4324 angelis,
3410 4254 3677 4329 ipsisque
3723 4252 3837 4308 adeo

2210 4339 2588 4408 animalibus,
2623 4356 2737 4396 una
2765 4341 3056 4415 quaepiam
3090 4344 3362 4416 specifica
3395 4348 3658 4402 essentia
3694 4341 3839 4398 insita

2210 4434 2299 4486 est
2333 4446 2346 4485 :
2382 4429 2464 4485 ita
2491 4427 2667 4485 etiam
2700 4429 2757 4483 in
2791 4430 2981 4487 tribus
3020 4433 3313 4503 personis,
3367 4436 3555 4506 Patre,
3604 4436 3837 4505 inquam,

2212 4519 2375 4587 Filio,
2409 4526 2463 4575 et
2491 4518 2708 4591 Spiritu
2759 4524 2984 4589 sancto,
3019 4537 3136 4577 una
3166 4523 3441 4592 essentia,
3481 4523 3772 4587 divinitas,
3797 4521 3842 4573 et

2212 4613 2423 4665 natura
2450 4607 2613 4665 insit.
2671 4610 2745 4666 At
2799 4609 2986 4681 impii,
3045 4610 3129 4666 illi
3163 4612 3419 4682 Eusebii,
3452 4611 3839 4670 haereticorum

519 4694 590 4753 Et
619 4696 888 4770 quamvis
921 4697 1034 4754 sibi
1058 4698 1200 4755 satis
1218 4700 1436 4756 conscii
1484 4707 1685 4758 essent
1705 4703 2000 4762 veritatem
2034 4716 2097 4762 se
2129 4696 2174 4761 D
2206 4698 2496 4773 primitim,
2525 4699 2667 4756 dum
2698 4696 3047 4757 vocabulum
3080 4699 3232 4757 Deus
3300 4704 3503 4775 prima
3553 4702 3734 4777 patris
3768 4715 3843 4755 εε-

444 4785 559 4841 alio
582 4788 751 4843 modo
784 4786 1015 4856 habere,
1071 4784 1235 4844 falsis
1295 4790 1490 4846 tamen
1551 4791 2097 4851 ratiocinationibus

445 4874 859 4943 abutebantur,
893 4881 959 4933 ut
988 4893 1088 4934 eos
1118 4878 1291 4934 dictis
1314 4880 1440 4935 suis
1472 4879 1786 4953 irretirent,
1821 4884 1919 4954 qui
1977 4901 2096 4940 ver-

440 4964 648 5020 borum
684 4983 926 5023 suorum
987 4984 1227 5026 sensum
1286 4970 1521 5042 assequi
1606 4987 1721 5027 non
1801 4976 2090 5045 poterant.

442 5055 927 5128 Quandoquidem
957 5074 1025 5114 ea
1055 5074 1184 5131 qua:
1242 5059 1567 5117 obtrudunt
1624 5061 1891 5133 puerilia,
1923 5066 1979 5118 et
2018 5063 2090 5121 ab

438 5140 709 5201 Ecclesiae
738 5162 914 5204 sensu
941 5147 1132 5206 aliena
1184 5151 1344 5204 sunt.
1398 5147 1513 5206 Nec
1567 5150 1724 5206 enim
1760 5166 1954 5208 rerum
1988 5170 2090 5226 ap-

434 5233 767 5304 parentium
814 5237 1055 5293 nomina
1105 5237 1318 5311 seipsis
1375 5238 1516 5296 solis
1557 5238 2089 5299 circumscribenda

434 5326 575 5380 sunt
606 5344 619 5394 ;
654 5325 754 5381 sed
789 5326 860 5381 ad
919 5343 986 5381 ea
1043 5343 1279 5400 quoque
1334 5329 1713 5399 traducenda,
1748 5348 1876 5403 qua
1916 5329 2086 5388 intel-

430 5410 585 5471 lectu
620 5415 1042 5487 percipiuntur.
1075 5417 1235 5480 Quod
1267 5418 1422 5476 enim
1490 5419 1625 5478 inde
1675 5422 2079 5493 subveremur,

430 5501 757 5571 periculum
791 5504 1021 5561 nullum
1082 5521 1324 5576 prorsus
1353 5513 1461 5580 est,
1514 5510 1625 5566 nisi
1656 5527 1770 5583 qua
1803 5511 1861 5566 in
1914 5516 2079 5584 parte

424 5588 790 5649 intellectum
849 5594 1046 5667 ipsum
1106 5593 1466 5653 mutilemus.
1524 5600 1582 5653 Si
1640 5600 1775 5671 quis
1823 5602 1979 5657 enim
2007 5603 2077 5658 de

427 5679 647 5751 angelis
673 5680 1137 5754 ὀμοουσιοτητας,
1174 5681 1277 5739 hoc
1323 5691 1434 5754 est,
1492 5690 2073 5750 consubstantialita-

424 5768 714 5837 tem,lmo
770 5787 904 5832 vero
954 5774 1026 5831 de
1083 5769 1302 5844 plantis
1361 5776 1535 5835 etiam
1596 5782 1654 5836 et
1712 5778 2071 5839 animalibus

2207 4789 2407 4844 sentiae
2433 4788 2723 4857 tribuunt,
2755 4805 3011 4861 eumque
3043 4789 3288 4847 alterius
3336 4794 3630 4861 essentiaa,
3694 4795 3841 4861 atque

2205 4878 2445 4935 alterius
2472 4878 2610 4934 item
2651 4876 2864 4934 Filium
2921 4880 3090 4951 quasi
3149 4881 3513 4952 quibusdam
3587 4879 3843 4956 gradibus

2203 4986 2331 5026 esse
2360 4971 2647 5037 statuunt,
2681 4966 2976 5040 ὁμοούσιον
3010 4969 3248 5041 quidem
3309 4970 3623 5045 abrogant,
3687 4981 3844 5040 eoque

2199 5077 2304 5132 pro
2334 5056 2485 5114 virili
2512 5060 2671 5129 parte
2702 5056 3069 5128 adnituntur,
3129 5075 3200 5115 ne
3258 5076 3375 5132 qua
3431 5060 3603 5119 illius
3650 5056 3843 5117 mentio

2199 5147 2457 5219 supersit
2491 5146 2728 5203 :atloco
2751 5145 2910 5204 illius
2934 5145 3133 5220 ὅμοιον
3176 5151 3233 5204 et
3276 5149 3607 5223 ὁμοιοῦσιον
3667 5150 3842 5207 obtru-

2196 5238 2361 5308 dunt,
2394 5234 2531 5293 etsi
2563 5252 2678 5292 non
2731 5236 2944 5308 reipsa,
3004 5237 3214 5294 saltem
3272 5238 3448 5294 verbo
3508 5239 3724 5295 Filiam
3776 5250 3846 5291 es-

2196 5327 2387 5385 sentia
2416 5324 2573 5381 Patri
2605 5323 2857 5382 similem
2889 5326 3257 5398 proﬁtentur.
3298 5327 3408 5384 Sed
3466 5329 3544 5385 de
3605 5328 3701 5385 his
3726 5331 3845 5383 tunc

2195 5416 2453 5491 apertius
2475 5415 2883 5486 tractabimus,
2921 5432 3053 5473 cum
3079 5417 3146 5472 ad
3173 5415 3295 5472 Arii
3333 5417 3590 5489 ejusque
3623 5430 3842 5475 consor-

2189 5510 2336 5566 tium
2372 5510 2428 5562 et
2451 5503 2808 5561 asseclarum
2833 5503 3139 5578 opiniones
3163 5505 3509 5563 refutandus
3565 5505 3843 5581 aggredie-

2191 5598 2457 5656 mur.Hic
2488 5603 2682 5652 autem
2740 5595 2905 5652 locus
2936 5596 3220 5669 postulat,
3254 5601 3321 5653 ut
3369 5614 3433 5653 ea
3490 5611 3840 5655 commemo-

2187 5705 2404 5762 ramus,
2440 5704 2569 5759 qua:
2619 5687 2690 5745 de
2733 5688 2899 5746 Aetio
2931 5692 2989 5746 et
3020 5687 3303 5747 Eunomio
3331 5689 3845 5748 circumferuntur.
