4054 6400
286 442 443 504 1389

939 571 1095 627 CAP.
1127 568 1289 625 XXX.

294 665 365 718 De
398 664 660 719 Aelianus
687 667 735 718 et
765 660 1060 723 Anommis,
1090 661 1286 731 quibus
1347 658 1689 714 Eupnomt‘ani
1727 674 1940 731 quoque

363 743 743 792 ncceusenlur.
810 735 952 789 Aetii
1008 733 1119 787 υἰιίι
1176 738 1230 787 ct
1281 732 1543 787 moribus.
1589 732 1859 798 Stephani
1887 740 1941 784 et

356 812 565 877 ()nugrt
593 808 881 863 tendicu/ts
915 809 971 861 in
1007 822 1278 872 eprscoms
1328 806 1540 873 aliqua!
1582 803 1924 877 orthodoxas.

353 873 573 941 Leontio
632 882 859 935 eviruto.
921 877 1373 948 Anlz'pltonarum
1434 873 1939 931 ecclesiasticarum

359 969 596 1024 origine.

357 1048 493 1111 Qua:
524 1044 593 1098 de
625 1041 784 1096 Aetio
839 1043 894 1094 et
955 1038 1239 1094 Eunomio
1302 1037 1816 1104 circumferuntur,
1877 1052 1945 1091 ea

283 1134 597 1208 Gregorius
627 1132 865 1203 quidem
924 1129 1241 1200 Nyssenus,
1307 1126 1768 1197 Theodorusque
1819 1125 1941 1180 Mo-

284 1228 639 1299 psucstenus
695 1218 989 1291 pluribus,
1048 1215 1413 1288 Epiphanius
1497 1222 1686 1270 autem
1749 1213 1942 1285 Cypri,

282 1314 668 1373 Theodoritus
699 1309 850 1383 Cyri,
883 1314 939 1365 ct
978 1307 1504 1366 ecclesiasticarum
1552 1304 1942 1360 Historiarum

286 1406 605 1478 scriptores
637 1399 1125 1458 succinctioribus
1179 1399 1370 1455 verbis
1430 1395 1724 1467 prosecuti
1782 1399 1941 1464 sunt,

287 1514 358 1553 ex
390 1496 606 1568 quibus
637 1491 912 1548 omnibus
946 1508 1013 1547 ea
1046 1488 1295 1544 mutuati
1344 1505 1572 1556 sumus,
1616 1503 1744 1558 quae
1778 1486 1945 1542 nobis

288 1586 526 1643 utiliora
557 1588 611 1637 et
643 1579 1173 1637 accommodatiora
1202 1579 1328 1632 visa
1352 1581 1513 1632 sunt.

350 1673 659 1731 Sciendum
700 1672 899 1741 itaque
929 1676 1036 1734 est,
1068 1666 1298 1729 Aetium
1346 1665 1688 1734 Antiochia»,
1719 1681 1847 1736 qua:
1887 1663 1947 1719 in

282 1765 455 1838 Syria
484 1768 593 1829 est,
627 1767 822 1816 ortum
859 1758 1061 1825 fuisse,
1096 1763 1290 1827 atque,
1321 1762 1385 1811 ut
1409 1755 1709 1827 Nyssenus
1750 1761 1951 1809 auctor

287 1859 401 1924 est,
435 1851 667 1908 mulieri
727 1849 961 1905 cuidam
1025 1846 1320 1918 Ampelidi
1379 1845 1613 1900 nomine
1658 1844 1947 1912 serviisse,

287 1961 425 2002 cum
460 1940 724 1997 fabrilem
752 1947 938 1995 artem
967 1944 1275 2004 exerceret,
1309 1951 1605 2007 parvoque
1654 1933 1863 1989 malleo
1895 1938 1952 1989 et

284 2050 466 2106 parva
496 2031 709 2088 incude
739 2046 878 2084 vasa
903 2044 1051 2083 aerea
1084 2026 1295 2081 detrita
1342 2024 1668 2090 resarciret,
1701 2028 1825 2078 tum
1861 2024 1942 2078 fo-

283 2122 519 2178 ramina
544 2121 855 2183 obturans,
886 2122 1010 2173 tum
1075 2116 1460 2187 liquefactum
1519 2118 1800 2169 stannum
1857 2113 1942 2168 eis

279 2211 634 2277 infundens,
702 2207 960 2264 lebetum
1037 2205 1292 2276 denique
1370 2202 1666 2260 ventribus
1747 2201 1942 2257 infuso

282 2299 530 2373 plumbo
571 2298 922 2353 mederetur.
960 2294 1027 2351 Et
1055 2300 1249 2351 autem
1312 2290 1799 2363 Mopsuestiensis
1837 2305 1942 2347 au-

284 2395 417 2445 ctor
447 2392 553 2458 est,
588 2396 749 2460 patre
783 2384 881 2442 ille
911 2385 1096 2441 libero
1129 2384 1391 2456 quidem,
1424 2386 1484 2438 at
1539 2381 1781 2439 auriﬁce
1840 2398 1944 2453 pa-

281 2477 622 2552 pilionario,
662 2477 765 2532 hoc
789 2483 896 2542 est,
928 2475 1154 2530 aedibus
1177 2478 1434 2541 carente,
1467 2473 1569 2527 sed
1588 2471 1944 2543 papilionem

279 2584 387 2624 seu
424 2565 871 2623 tabernaculum
906 2564 1044 2637 pilis
1077 2568 1134 2618 et
1153 2563 1294 2619 setis
1317 2566 1678 2626 contextum,
1705 2560 1946 2632 ideoque

277 2657 419 2724 vile,
455 2656 924 2724 circumferente,
957 2659 1128 2724 atque
1187 2654 1328 2708 adeo
1387 2650 1860 2718 circumforaneo,
1894 2658 1949 2706 et

280 2743 556 2801 minutiis
586 2743 944 2815 quibusdam
999 2740 1341 2812 l‘rivolisque
1397 2739 1675 2812 operibus
1728 2740 1949 2795 victum

278 2834 344 2891 in
379 2832 537 2889 diem
572 2831 686 2888 sibi
718 2835 1118 2905 comparante,
1176 2836 1351 2887 natus
1404 2835 1514 2887 est.
1574 2829 1754 2893 Quem
1813 2846 1948 2885 cum

278 2924 448 2980 ﬁlius
480 2926 842 2995 sequeretur,
903 2936 1039 2977 eum
1091 2919 1152 2976 in
1216 2918 1523 2975 artiﬁciolo
1568 2918 1676 2974 hoc
1721 2936 1827 2975 suo
1860 2918 1949 2973 in-

281 3011 532 3078 struxit,
566 3011 682 3067 imo
718 3027 849 3066 vero
909 3010 1117 3083 primis
1183 3025 1414 3081 quoque
1474 3009 1802 3065 litterarum
1858 3025 1953 3063 ru-

282 3102 574 3160 dimentis
608 3101 773 3157 illum
807 3102 1114 3158 instituere
1149 3105 1391 3155 conatus
1450 3110 1552 3167 est,
1589 3105 1953 3170 eatenusque

283 3192 677 3266 promovit,ut
707 3195 1117 3245 contractuum
1141 3190 1317 3246 verba
1357 3189 1686 3245 describere
1732 3193 1950 3260 posset.

276 3283 453 3351 Quod
488 3289 680 3337 autem
739 3282 938 3336 Aetius
996 3282 1221 3336 aurifex
1278 3280 1477 3346 fuerit,
1534 3281 1663 3351 ejus
1723 3294 2026 3375 quoquec

283 3389 539 3431 consors
592 3370 1022 3442 Philostorgius
1080 3371 1248 3426 tertio
1310 3369 1569 3424 Historiae
1626 3386 1744 3424 suae
1804 3369 1950 3424 libro

283 3465 635 3521 auctorest:
660 3461 1084 3532 cCumitaque,
1120 3458 1332 3529 inquit,
1366 3458 1629 3514 animum
1647 3459 1846 3523 Aetius
1878 3458 1949 3512 ad

284 3550 631 3610 auriﬁeium
651 3549 996 3622 appulisset,
1032 3564 1304 3603 summus
1322 3548 1508 3602 evasit
1529 3547 1771 3602 aurifex.
1805 3546 1950 3601 Cum

281 3649 493 3700 autem
527 3656 771 3711 operum
804 3639 917 3694 sibi
950 3638 1399 3694 commissorum
1426 3635 1739 3708 quodpiam
1791 3635 1953 3691 adul-

281 3734 571 3797 terasset,
603 3730 859 3797 acribus,
895 3738 953 3783 ut
978 3746 1083 3800 par
1103 3731 1211 3795 est,
1271 3724 1472 3797 ﬂagris
1521 3724 1814 3782 dissectus
1844 3728 1952 3782 est.

286 3825 510 3880 Postea
541 3836 673 3876 cum
704 3835 767 3875 se
798 3819 905 3876 hac
939 3823 1060 3873 arte
1115 3817 1371 3873 tenuiter
1422 3817 1591 3887 juxta
1634 3819 1691 3870 et
1722 3814 1955 3871 sordide

280 3909 871 3976 vivere,christianos
901 3914 1103 3964 autem
1134 3924 1372 3963 summa
1401 3923 1534 3962 cum
1595 3905 1959 3961 humanitate

280 4002 563 4080 quosvis,
594 4002 839 4057 maxime
900 4005 1101 4057 autem
1161 4017 1281 4056 sua:
1340 3996 1637 4070 religionis
1693 3995 1961 4052 homines

281 4096 570 4166 excipere
600 4092 841 4160 videret,
902 4094 1025 4147 arte
1084 4088 1305 4157 relicta,
1341 4092 1681 4158 mutatoque
1736 4084 1960 4152 habitu,

279 4181 772 4262 philosophicam
831 4185 1006 4250 atque
1086 4180 1228 4233 adeo
1317 4176 1701 4232 christianam
1783 4174 1960 4230 vitam

279 4271 646 4336 ementitus,
702 4268 923 4324 multos
982 4266 1238 4323 asseclas
1288 4266 1528 4322 invenit.
1619 4265 1768 4320 Tum
1828 4279 1963 4319 vero

276 4361 718 4425 Alexandriam
748 4359 1067 4431 profectus,
1101 4373 1234 4411 cum
1294 4371 1511 4428 paucos
1570 4353 1797 4425 aliquot
1841 4351 1966 4408 dies

277 4448 700 4514 Aristotelicis
721 4446 970 4520 argutiis
1003 4446 1330 4502 ediscendis
1360 4444 1744 4516 transegisset
1792 4446 1967 4514 atque

278 4540 526 4615 aliquis
558 4554 688 4594 esse
706 4538 1023 4605 videretur,
1055 4552 1180 4607 quae
1204 4533 1465 4591 hominis
1511 4532 1761 4601 indoles,
1811 4532 1967 4588 dica-

281 4639 447 4696 citas
479 4636 539 4688 et
564 4630 927 4703 impudentia
946 4634 1090 4697 erat,
1126 4646 1243 4684 non
1268 4644 1487 4700 paucos
1530 4626 1772 4683 laudum
1831 4642 1970 4703 suae

285 4741 441 4785 rum
468 4720 881 4777 buccinatores
903 4719 1128 4776 habuit.
1163 4719 1307 4774 Cum
1339 4721 1534 4774 autem
1575 4715 1788 4775 eximiu

293 4820 661 4888 dogmatum
690 4814 1090 4883 propugnator
1117 4807 1417 4874 csset,illis
1448 4805 1685 4879 quidem
1713 4803 1966 4860 subscri-

285 4903 527 4983 psit,ab
551 4900 782 4956 Arianis
804 4916 935 4955 vero
955 4900 1217 4970 secessit,
1252 4897 1408 4970 quod
1454 4897 1655 4952 Arium
1706 4895 1778 4950 ad
1818 4910 1972 4950 com-

285 4993 654 5057 munionem
687 4990 1117 5058 admississent,
1152 4989 1253 5060 qui
1309 4988 1369 5044 in
1428 4987 1561 5043 ﬁdei
1606 4985 1970 5043 confessione

280 5092 361 5150 ad
402 5085 828 5154 imperatorem
866 5079 1313 5135 Constantinum
1354 5077 1575 5149 scripta
1631 5076 1968 5148 pejerasset,

1634 433 2041 497 THESAURI
2085 436 2231 498 LIB.
2278 435 2351 497 V.

1971 564 2025 635 Α
2056 567 2154 624 ille
2182 566 2532 639 Stephanus,
2558 567 2655 638 qui
2688 584 2801 624 non
2834 568 3117 624 haereseos
3149 566 3341 624 solum
3383 567 3707 624 antistitem

3546 434 3705 496 {390

2054 673 2115 713 se
2148 658 2417 728 prmbuit,
2480 674 2679 713 verum
2735 659 3048 713 innumera
3104 673 3338 729 quoque
3393 657 3507 713 alia
3557 657 3711 712 male

2054 748 2401 818 designavit,
2433 747 2653 803 nullam
2688 765 2800 803 non
2834 747 3104 815 nequitia
3147 748 3540 818 fmditatisque
3588 764 3714 818 spe-

2054 833 2198 888 ciem
2236 839 2576 905 persecutus
2612 834 2747 905 :qui
2774 834 3050 889 lectorem
3078 835 3395 905 quemdam
3427 834 3709 891 scelerum

2055 939 2296 979 suorum
2329 924 2745 978 administrum
2778 928 2835 978 et
2865 928 3143 994 tanquam
3176 923 3555 979 emissarium
3615 925 3714 980 ha-

2055 1015 2235 1078 beret,
2270 1015 2370 1085 qui
2404 1030 2471 1069 ea
2501 1014 2572 1068 de
2605 1029 2779 1069 causa
2809 1013 3040 1085 Onager
3070 1015 3440 1084 perapposito
3476 1013 3713 1068 nomine

2056 1104 2377 1174 dicebatur,
2430 1105 2600 1175 cujus
2661 1120 2838 1177 opera
2894 1102 2993 1159 ille
3050 1102 3307 1160 fabulam
3366 1101 3712 1175 hujusmodi

2055 1194 2303 1251 adorsus
2335 1203 2439 1250 est.

2127 1284 2314 1339 Finita
2373 1283 2704 1341 Sardicensi
2763 1285 2984 1357 synodo
3055 1283 3343 1341 Constans
3429 1283 3559 1356 pius
3610 1283 3710 1339 ille

2058 1372 2454 1429 Romanorum
2513 1373 2829 1445 imperator
2885 1372 2959 1427 ad
3041 1388 3387 1444 germanum
3476 1373 3709 1428 fratrem

2058 1477 2228 1518 suum
2260 1462 2664 1518 Constantium
2698 1478 2875 1533 super
2904 1460 3221 1517 Athanasio
3254 1468 3305 1516 et
3340 1461 3520 1517 Paulo
3568 1462 3711 1516 scri-

2058 1557 2275 1625 pserat.
2310 1553 2559 1608 Litteras
2591 1552 2919 1624 Euphratae
2949 1556 3006 1607 et
3051 1550 3392 1608 Vincentius
3449 1550 3711 1622 episcopi

2060 1659 2178 1698 una
2206 1659 2339 1697 cum
2368 1642 2567 1697 Salino
2601 1640 2854 1697 militum
2888 1641 3129 1698 ductore
3168 1639 3549 1712 pertulerant.
3603 1638 3713 1707 Qui

2061 1748 2194 1789 cum
2224 1730 2595 1787 Antiochiam
2653 1730 3037 1801 appulissent,
3098 1730 3197 1785 ubi
3244 1728 3623 1786 Constantius
3652 1727 3713 1782 id

2061 1821 2343 1893 temporis
2374 1824 2552 1890 esset,
2588 1820 2646 1874 in
2708 1816 3033 1890 hospitium
3092 1819 3472 1875 diverterunt.
3522 1817 3719 1873 Detes-

1984 1913 2279 1994 Btandus
2339 1916 2535 1967 autem
2594 1909 2933 1980 Stephanus
2991 1908 3206 1981 Onagri
3259 1923 3434 1980 opera
3460 1907 3720 1963 meretri-

2061 2019 2183 2060 cem
2219 2002 2517 2065 conduxit,
2551 2004 2842 2069 noctuque
2882 1997 2942 2051 in
2999 1996 3402 2066 episcoporum
3453 1996 3713 2053 diverso-

2056 2092 2210 2147 rium
2244 2088 2533 2144 introduci
2556 2088 2739 2156 jussit
2771 2102 2784 2140 :
2817 2090 2993 2155 atque
3017 2090 3301 2155 quosdam
3347 2085 3708 2151 subornavit,

2055 2180 2155 2253 qui
2188 2177 2546 2234 meretricem
2578 2191 2710 2231 cum
2745 2173 3035 2245 episcopis
3056 2189 3185 2230 esse
3215 2172 3709 2229 clamarent.Cum

2055 2273 2248 2326 autem
2281 2265 2548 2323 fortiores
2578 2266 2777 2319 essent
2829 2261 3109 2334 episcopi,
3141 2277 3464 2334 eorumque
3512 2265 3709 2317 contu-

2055 2357 2344 2424 bernales,
2377 2358 2435 2413 et
2466 2352 2832 2412 meretricem
2864 2355 2922 2409 et
2950 2354 3079 2426 ejus
3110 2352 3492 2409 administros
3528 2351 3586 2408 vi
3616 2351 3711 2408 de-

2055 2449 2383 2505 tinuerunt.

2128 2540 2261 2603 Quae
2305 2536 2505 2593 fabula
2562 2534 2739 2592 simul
2797 2538 2973 2607 atque
3030 2534 3100 2588 ad
3158 2531 3479 2589 Constantii
3535 2547 3706 2589 aures

2059 2629 2277 2701 perlata
2307 2632 2397 2683 est
2424 2625 2845 2682 calumniatore
2890 2623 3184 2694 Stephano
3241 2621 3526 2694 deposito,
3589 2638 3707 2677 non

2062 2720 2256 2773 minus
2291 2717 2515 2773 malum
2547 2716 2803 2772 eviratus
2828 2713 3103 2769 Leontius
3124 2712 3185 2767 in
3208 2713 3335 2783 ejus
3365 2710 3555 2767 locum
3594 2713 3714 2767 suf-

2061 2810 2246 2864 fectus
2280 2810 2388 2873 est,
2420 2804 2662 2877 quiiam
2724 2803 3065 2875 presbyterii
3121 2801 3339 2858 honore
3396 2801 3709 2868 exciderat,

2062 2898 2200 2971 quia
2231 2912 2362 2951 cum
2387 2893 2579 2966 puella
2610 2893 2862 2964 quadam
2883 2890 3141 2946 Eustolia
3172 2891 3409 2945 nomine
3455 2890 3715 2961 quotidie

2061 2984 2838 3055 conversabatur,hujusque
2876 2979 3259 3050 turpitudinis
3317 2979 3712 3051 suspicionem

2061 3097 2092 3134 a
2125 3094 2186 3133 se
2218 3075 2571 3131 amoliturus
2588 3072 2777 3129 virilia
2812 3070 2925 3126 sibi
2972 3074 3376 3142 pnesecucrat,
3404 3074 3529 3125 tum
3556 3069 3718 3125 dein-

2062 3183 2203 3239 ceps
2234 3164 2477 3221 liberius
2534 3163 2605 3217 ad
2659 3160 2821 3216 illam
2882 3157 3374 3227 commeabat,iis
3432 3156 3713 3213 nimirum

2066 3256 2344 3313 membris
2376 3253 2658 3325 privatus,
2687 3267 2813 3323 qum
2833 3249 3142 3305 calumnias
3163 3260 3399 3303 causam
3453 3248 3713 3319 praebue-

2067 3352 2220 3402 rant.
2246 3347 2348 3399 Hic
2382 3358 2517 3413 ergo
2536 3340 2855 3397 Constantii
2878 3338 3251 3410 imperatoris
3273 3353 3448 3407 opera
3491 3342 3549 3392 et
3587 3340 3714 3393 stu-

2062 3436 2157 3491 dio
2188 3435 2259 3491 ad
2292 3433 2719 3488 Antiochenum
2754 3429 3154 3502 episcopatum
3209 3436 3440 3483 evectus
3500 3427 3709 3483 fuerat.

2060 3531 2341 3583 Laterum
2375 3540 2475 3596 per
2505 3523 2564 3576 id
2627 3526 2859 3591 tempus
2917 3517 3230 3575 Antiochia:
3288 3517 3594 3588 ﬂorebant,
3654 3523 3713 3574 et:

2060 3618 2273 3673 virtute
2302 3611 2664 3682 scientiaque
2690 3609 2948 3666 celebres
2990 3607 3353 3663 habebantur
3399 3607 3709 3663 Flavianus

2064 3711 2119 3762 et
2152 3704 2456 3768 Diodorus,
2490 3717 2737 3772 quorum
2769 3699 2865 3755 ille
2920 3695 3280 3753 Antiocheno
3318 3695 3709 3768 episcopatui,

2064 3796 2160 3851 hic
2190 3791 2462 3849 Tarsensi
2494 3794 2693 3861 postea
2725 3788 3031 3860 praefectus
3061 3790 3170 3842 est.
3204 3786 3393 3857 Atque
3424 3787 3490 3840 ut
3518 3784 3715 3840 Theo-

2068 3887 2247 3941 dorus
2274 3882 2720 3953 Mopsuestenus
2754 3876 2978 3947 scribit,
3012 3876 3172 3931 illam
3205 3874 3542 3946 psalmodize
3587 3891 3719 3947 spe-

2070 3976 2239 4041 ciem,
2274 3989 2421 4045 quas
2454 3968 2736 4043 antiphon
2753 3984 2817 4023 as
2876 3966 3152 4036 dicimus,
3213 3964 3299 4019 illi
3344 3980 3413 4019 ex
3444 3964 3725 4034 Syrorum

2071 4064 2271 4136 lingua
2300 4062 2360 4117 in
2395 4062 2651 4118 Graecam
2676 4056 3126 4121 transtulerunt,
3158 4062 3212 4111 et
3241 4056 3506 4111 omnium
3548 4068 3730 4125 prope

2074 4155 2181 4212 soli
2214 4151 2544 4210 admirandi
2579 4149 2760 4219 hujus
2814 4146 3006 4219 operis
3065 4145 3342 4201 omnibus
3391 4143 3551 4200 orbis
3584 4143 3734 4197 chri-

2074 4242 2251 4301 stiani
2283 4240 2626 4297 hominibus
2656 4241 2939 4294 Auctores
2970 4237 3391 4308 apparuerunt.
3452 4237 3733 4288 Heterou-

2074 4334 2262 4391 siasta:
2295 4330 2531 4402 quidem
2593 4332 2767 4396 certe,
2800 4325 2910 4381 hoc
2961 4328 3069 4392 est,
3105 4322 3327 4391 Ariani,
3360 4322 3591 4378 diversa
3641 4321 3734 4377 Fi-

2075 4423 2218 4478 lium
2255 4437 2287 4475 a
2318 4420 2485 4474 Patre
2514 4415 2847 4473 substantia
2876 4430 3005 4471 esse
3063 4412 3344 4479 dicentes,
3390 4412 3470 4467 ita
3526 4427 3735 4468 canere

2078 4510 2379 4567 solebant:
2407 4506 2603 4563 Gloria
2632 4505 2787 4559 Patri
2846 4520 2949 4576 per
2990 4502 3203 4559 Filium
3252 4501 3312 4557 in
3344 4501 3566 4572 Spiritu
3597 4516 3736 4556 san-

2079 4604 2192 4656 cto.
2225 4598 2537 4654 Flavianus
2569 4598 2759 4652 autem
2796 4593 3017 4665 primus
3049 4591 3328 4647 cecinisse
3360 4591 3561 4657 fertur,
3595 4587 3733 4644 Glo-

1795 4732 1823 4771 3
1854 4701 1976 4772 Arii
2008 4684 2054 4750 D
2084 4690 2171 4746 ria
2201 4687 2357 4744 Patri
2388 4690 2445 4743 et
2476 4684 2619 4741 Filio
2651 4688 2706 4739 et
2737 4681 2984 4755 Spiritui
3017 4688 3236 4737 sancto.

2701 4773 2856 4829 CAP.
2890 4769 3092 4826 XXXI.

2077 4871 2286 4927 lterum
2317 4866 2380 4922 de
2412 4863 2563 4922 Aetii
2591 4870 2641 4919 et
2671 4858 2938 4917 Eunomii
2988 4859 3101 4914 vita
3149 4863 3203 4914 et
3251 4857 3498 4913 moribus
3537 4871 3737 4929 pauca.

2151 4977 2462 5046 Exceptum
2525 4987 2683 5044 ergo,
2744 4973 2808 5025 ut
2854 4968 2980 5040 jam
3041 4967 3268 5023 dictum
3347 4969 3459 5038 est,
3516 4964 3746 5022 Aetium

2083 5066 2363 5125 Leontius
2422 5063 2733 5119 diaconum
2786 5057 3077 5115 ordinavit
3125 5075 3138 5114 :
3199 5056 3291 5113 cui
3379 5073 3514 5113 cum
3572 5053 3745 5113 multi

2082 5153 2567 5220 contradicerent,
2600 5165 2780 5220 seque
2817 5147 2890 5204 ab
2920 5144 3180 5203 Ecclesia
3205 5161 3543 5202 secessuros
3575 5143 3747 5201 mini‘

285 5190 492 5250 atque
524 5171 639 5229 alia
669 5171 954 5242 cogitans,
989 5169 1103 5225 alia
1135 5169 1474 5241 prolocutus
1532 5174 1703 5224 esset.
1768 5165 1973 5222 Postea

281 5283 438 5328 vero
478 5259 830 5316 Alexandria
859 5259 1167 5316 discedens
1223 5257 1593 5314 Antiochiam
1651 5254 1844 5313 natale
1874 5271 1974 5312 so-

271 5363 412 5420 lum
477 5350 677 5417 rediit,
735 5356 910 5421 atque
969 5366 1001 5404 a
1062 5348 1304 5405 Leontio
1366 5346 1859 5403 Antiochenorum
1917 5344 1973 5401 id

278 5442 597 5517 temporis
631 5440 905 5513 episcopo
936 5443 1211 5510 exceptus
1244 5441 1350 5493 est.
1396 5439 1444 5492 A
1491 5436 1759 5494 discessu
1816 5434 1972 5490 enim

278 5529 516 5606 magni
534 5528 691 5584 illius
708 5523 1975 5600 Eustbathii,EuphroniusArianus,Eusebii

285 5618 785 5687 Nicomediensis
810 5636 985 5689 opera
1006 5620 1055 5674 ei
1080 5620 1433 5690 subrogatus
1468 5621 1578 5672 est.
1613 5613 1973 5687 Euphronio-

282 5732 415 5791 que
466 5708 802 5777 Phlacitus,
866 5708 985 5764 sive
1038 5708 1312 5773 Placitus,
1373 5706 1639 5777 ejusdem
1691 5722 1824 5760 cum
1877 5702 1975 5759 illo

277 5812 630 5871 haereseos,
684 5798 988 5856 successit.
1056 5798 1271 5858 Placito
1330 5797 1528 5870 itaque
1582 5792 1977 5869 impiissimus

2084 5249 2376 5313 terentur,
2408 5245 2463 5299 et
2519 5237 2832 5297 Flavianus
2892 5234 2954 5292 in
3013 5234 3219 5308 primis
3255 5234 3657 5305 Diodorusque
3685 5232 3745 5288 id

2086 5339 2274 5395 facere
2357 5333 2669 5398 tentarent,
2735 5326 3030 5399 Aetiisque
3087 5324 3336 5382 haeresin
3412 5326 3750 5396 arguerent,

2086 5425 2363 5484 Leontius
2393 5420 2604 5495 partim
2637 5418 2698 5474 id
2722 5417 2966 5485 veritus,
2997 5415 3182 5488 partis
3213 5431 3345 5471 eum
3376 5413 3450 5470 ad
3500 5428 3568 5469 ea
3616 5429 3749 5485 quae

2090 5506 2412 5574 subsecuta
2466 5516 2605 5565 sunt
2662 5509 3122 5580 praparaturus,
3182 5520 3318 5561 eum
3360 5519 3395 5558 a
3433 5498 3750 5558 diaconatu

2087 5606 2331 5681 quidem
2390 5598 2657 5667 removit,
2716 5603 2989 5653 caeterum
3049 5595 3333 5666 majorem
3370 5593 3424 5649 ei
3463 5593 3751 5650 honorem

2087 5696 2315 5847 (163:1:
2353 5798 2489 5843 vero
2545 5781 2743 5841 Aetius
2800 5775 3150 5857 temerarius
3206 5779 3265 5835 et
3321 5777 3543 5835 facetus
3602 5776 3750 5844 erat,
