4054 6420
309 423 461 488 1391

1615 403 1932 466 ΝΙΟΕΤΛΕ
1971 401 2405 464 ΟΗΘΝΙΑΤᾹΞ

3587 395 3746 456 1392

308 563 486 631 atque
516 551 774 612 mimicis
827 545 1277 622 thymelicisque
1331 537 1722 605 sermonibus,
1780 535 1960 609 gesti-
1991 537 2044 604 Α
2073 534 2229 631 venti
2260 532 2670 631 contineantur
2696 529 2930 598 loculis,
2988 532 3048 588 et
3101 533 3329 599 cetera,
3365 530 3494 630 .de.
3523 529 3751 631 quibus

307 649 444 714 bus,
474 650 533 702 et
561 643 821 702 cultibus
853 634 1147 694 indecoris
1177 631 1600 690 oblectabatur.
1658 631 1808 682 Nam
1863 642 1960 681 ve-

309 744 399 794 ste
429 737 499 792 ad
534 737 702 791 nates
733 745 920 803 usque
949 725 1180 784 sublata
1207 722 1480 778 manibus
1537 718 1698 774 nuda
1744 717 1964 773 femora

310 827 550 884 feriebat
585 837 600 876 :
635 821 932 892 alteroque
989 816 1133 889 pede
1191 813 1424 869 sublato
1483 813 1540 866 et
1596 811 1793 864 ventre
1840 822 1965 879 per-

311 931 508 982 cusso,
543 911 805 984 pedebat.
866 908 926 963 ln
987 903 1262 961 conviviis
1318 905 1516 957 autem
1548 899 1701 954 inter
1755 900 1965 952 caztera

307 1005 533 1061 ludicra
567 1001 656 1058 his
685 997 958 1057 convivas
989 993 1393 1066 alloquebatur
1440 989 1630 1045 verbis
1665 1003 1680 1042 :
1741 985 1800 1042 Si
1845 984 1964 1041 vul-

309 1093 410 1164 tis,
443 1091 658 1148 docebo
688 1106 814 1155 vos,
847 1086 988 1158 quid
1017 1083 1130 1139 sibi
1168 1081 1308 1137 velit
1336 1083 1549 1151 dogma
1580 1095 1595 1146 ;
1629 1087 1742 1133 tum
1773 1075 1964 1164 tribus

311 1163 532 1238 ventris
563 1178 888 1251 crepitibus
921 1173 1218 1231 similibus
1271 1187 1482 1240 magno
1513 1183 1647 1224 cum
1701 1163 1960 1222 anhelitu

311 1269 569 1336 emissis,
627 1269 714 1324 sic
768 1265 1184 1323 exclamabat:
1245 1266 1415 1326 Ecce,
1473 1255 1963 1328 Orthocyllorum,

309 1361 420 1417 hoc
459 1363 547 1417 est
597 1355 1134 1422 Recticlaudorum,
1181 1352 1414 1423 dogma,
1471 1348 1556 1402 sic
1612 1345 1966 1402 orthodoxos

311 1466 416 1522 per
446 1447 1005 1504 transmutationem
1045 1457 1284 1498 vocans.
1347 1437 1562 1495 Deinde
1616 1435 1804 1491 tribus
1835 1434 1968 1490 aliis

313 1538 709 1596 dissimilibus
740 1536 956 1591 eiﬂatis
989 1551 1002 1590 :
1037 1535 1204 1600 Ecce,
1237 1529 1560 1602 inquiebat,
1595 1532 1652 1582 et
1675 1531 1964 1580 nostrum.

314 1631 515 1696 Quoad
550 1645 684 1695 ergo
716 1627 858 1682 vixit
887 1623 1163 1680 Leontius
1221 1620 1454 1676 Aetium
1499 1615 1842 1687 hujusmodi
1876 1614 1966 1668 lu-

315 1719 490 1775 dicris
523 1715 838 1772 ridiculum
901 1713 1056 1784 apud
1116 1727 1177 1767 se
1243 1709 1468 1764 habuit.
1502 1710 1725 1760 Mortuo
1769 1708 1966 1759 autem

315 1807 551 1864 Leontio
579 1804 1007 1860 Antiochenam
1056 1801 1254 1856 sedem
1299 1795 1598 1852 Eudoxius
1654 1791 1968 1849 Germani-

317 1896 532 1952 ciensis
563 1891 830 1964 arripuit,
866 1905 970 1946 nec
1003 1887 1310 1944 minorein
1342 1885 1547 1958 pretio,
1579 1883 1628 1940 si
1671 1899 1789 1938 non
1843 1897 1965 1936 ma-

308 1987 460 2058 jore,
495 1983 719 2039 Aetium
752 1997 986 2053 quoque
1016 1979 1232 2034 habere
1263 1975 1457 2048 cmpit.

389 2071 611 2144 Impius
642 2087 814 2144 porro
847 2073 1050 2126 Actius
1108 2074 1247 2125 tunc
1304 2063 1586 2136 temporis
1618 2061 1970 2118 Eunomium

319 2161 816 2234 blasphemiarum
850 2176 1092 2216 suarum
1127 2162 1473 2214 assertorem
1508 2153 1734 2219 habuit,
1765 2170 1799 2208 a
1857 2167 1972 2224 quo

318 2251 816 2322 etiamimpietate
846 2254 1161 2322 superatus
1192 2255 1299 2302 est.
1360 2245 1644 2300 Caeterum
1705 2241 1973 2297 Eunomii

321 2347 592 2416 parentes
621 2339 818 2397 liberti
851 2340 1138 2410 majorum
1169 2336 1368 2408 magni
1401 2335 1562 2390 illius
1604 2332 1801 2388 Basilii
1857 2331 1977 2385 fue-

320 2436 462 2488 runt
491 2449 507 2501 ;
539 2432 634 2503 qui
667 2429 876 2503 primis
909 2427 1236 2484 litterarum
1267 2423 1622 2480 rudimentis
1680 2420 1972 2476 imbutum

322 2521 397 2577 ad
427 2521 752 2577 scribarum
786 2517 1363 2588 amanuensiumque
1395 2511 1737 2570 exercitium
1788 2509 1972 2564 dedu-

321 2617 552 2668 xerunt.
582 2609 928 2667 Parentibus
959 2612 1153 2663 autem
1177 2605 1444 2675 mortuis,
1483 2599 1974 2671 Constantinopo-

322 2699 426 2756 lim
447 2696 1009 2773 profectus,maximi
1044 2695 1299 2752 nominis
1357 2692 1587 2749 familiae
1647 2689 1880 2745 cuidam
1915 2703 1976 2743 se

323 2791 791 2862 addixitzeique
835 2805 968 2844 mox
1023 2787 1299 2842 dominus
1353 2783 1670 2838 liberorum
1731 2795 1972 2837 suorum

322 2897 522 2937 curam
556 2879 1126 2942 demandavit.Quos
1150 2874 1450 2948 paedagogi
1475 2873 1589 2927 ritu
1622 2871 1681 2926 in
1741 2886 1978 2942 gymna-

322 2970 410 3026 sia
440 2970 758 3036 deducens,
785 2968 1115 3022 litterarum
1149 2965 1344 3020 studia
1384 2978 1515 3017 cum
1563 2961 1682 3016 illis
1721 2974 1979 3016 commu-

327 3056 1076 3130 niahabuit,atqueexinde
1123 3051 1524 3126 grammaticis
1567 3055 1625 3105 et
1672 3047 1977 3104 rhetoricis

323 3150 544 3204 artibus
576 3147 842 3203 imbutus
874 3149 984 3201 est.
1019 3143 1164 3199 Cum
1224 3147 1420 3196 autem
1475 3155 1608 3194 eum
1659 3137 1978 3208 aliquando

321 3235 741 3308 paterfamilias
775 3235 833 3290 in
866 3233 1081 3289 liberos
1113 3231 1310 3287 nescio
1351 3228 1490 3300 quid
1540 3227 1978 3298 delinquentem

323 3325 832 3397 deprehendisset,
892 3321 1194 3391 injuriam,
1255 3320 1302 3374 si
1355 3317 1775 3384 divulgaretur,
1838 3315 1974 3372 filiis
2014 3309 2058 3377 C

325 3413 450 3468 suis
487 3411 758 3467 dedecori
790 3424 1088 3464 cessuram
1123 3406 1458 3473 arbitratus,
1481 3420 1615 3460 cum
1640 3403 1976 3460 verberibus

324 3499 690 3558 conscissam
724 3503 844 3554 tota
875 3497 1018 3552 urbe
1076 3495 1348 3552 excedere
1397 3495 1598 3566 jussit,
1655 3510 1854 3564 poenas
1902 3493 1974 3548 ab

325 3607 392 3646 eo
424 3607 486 3646 se
515 3588 748 3662 publice
781 3586 1165 3659 repetiturum
1198 3585 1609 3649 comminatus,
1642 3583 1692 3638 si
1739 3599 1871 3638 eum
1904 3582 1976 3638 de

325 3683 528 3736 caetero
569 3678 722 3749 apud
756 3677 1010 3749 aliquem
1039 3676 1365 3732 concivium
1413 3689 1651 3731 suorum
1713 3689 1978 3728 commo-

323 3770 441 3826 rari
477 3768 838 3825 rescisceret.
885 3771 1027 3823 Erro
1087 3765 1284 3836 itaque
1342 3763 1708 3819 Antiochiam
1767 3764 1972 3830 venit;

322 3859 424 3916 ubi
456 3857 731 3919 Arianam
761 3855 1008 3911 haeresin
1037 3853 1364 3926 amplexus,
1425 3870 1490 3909 eo
1550 3853 1787 3908 nomine
1839 3867 1972 3908 cum

321 3948 484 4004 Aetio
516 3951 574 4002 et
605 3945 862 4002 Eudoxio
897 3943 1351 4000 familiaritatem
1409 3942 1523 3998 sibi
1573 3941 1864 3998 contraxit
1893 3982 1908 4009 ,
1943 3957 1976 3996 a

323 4054 436 4110 quo
469 4037 648 4092 etiam
687 4033 940 4106 diaconi,
1003 4049 1252 4105 moxque
1309 4030 1632 4104 presbyteri
1691 4029 1974 4102 dignitate

321 4126 739 4183 cohonestatus
767 4129 874 4180 est.

925 4239 1082 4296 CAP.
1122 4239 1366 4295 XXXII.

323 4361 398 4417 De
453 4359 783 4431 blasphemus
837 4357 979 4414 Aetii
1059 4357 1379 4431 hmresibus,
1439 4371 1683 4428 quorum
1751 4357 1974 4412 nomine

626 4424 806 4497 ἄθεος,
835 4431 933 4487 hoc
958 4434 1038 4487 est
1066 4432 1295 4502 impius,
1324 4424 1503 4486 dictas
1531 4438 1631 4485 est.

395 4550 748 4623 Hujusmodi
805 4567 942 4624 ergo
995 4550 1134 4620 vita,
1193 4549 1464 4606 educatio
1547 4553 1606 4605 et
1678 4549 1972 4606 institutio

324 4641 474 4698 Aetii
504 4648 559 4698 et
588 4639 856 4696 Eunomii
887 4639 1020 4696 fuit.
1057 4639 1336 4695 Caeterum
1399 4637 1579 4694 miser
1635 4638 1836 4695 Aetius
1865 4656 1972 4710 pu-

321 4730 471 4787 blice
501 4730 922 4802 blasphemans
953 4727 1053 4784 Dei
1089 4725 1301 4784 Filium
1357 4727 1594 4795 κτιστὸν,
1647 4727 1736 4781 καὶ
1795 4725 1846 4799 ἐξ
1879 4725 1978 4781 οὐκ

319 4814 513 4890 ὄντων,
549 4817 640 4873 καὶ
672 4815 934 4889 ἂνὸμοιον
967 4817 1046 4888 τῷ
1092 4816 1281 4890 Πατρέ,
1313 4817 1424 4873 hoc
1479 4822 1570 4873 est
1609 4823 1892 4885 creatum,
1922 4825 1979 4874 et

321 4907 494 4967 exiis
553 4927 684 4982 quae
739 4925 852 4964 non
913 4913 1100 4973 erant,
1155 4923 1257 4964 seu
1316 4924 1386 4964 ex
1453 4907 1660 4972 nihilo,
1723 4907 1977 4979 denique

317 4997 848 5054 Patridissimilem
882 4998 1138 5070 profiteri
1171 4997 1366 5070 coepit.
1404 4998 1768 5071 Quapropter
1823 4997 1978 5060 ἄθεος

320 5087 498 5144 etiam
527 5087 717 5143 dictus
740 5092 852 5145 est.
873 5089 1105 5160 Adhaec,
1140 5089 1186 5144 si
1213 5087 1276 5144 Β.
1309 5087 1634 5160 Epiphanio
1657 5089 1974 5157 credimus,

321 5176 416 5232 his
447 5175 641 5233 verbis
673 5177 757 5232 uti
803 5176 1076 5234 solebat:
1139 5180 1225 5236 Ita
1285 5177 1463 5234 Deum
1521 5177 1679 5245 novi,
1735 5181 1798 5233 ut
1850 5177 1978 5249 ipse

321 5265 583 5338 seipsum
611 5270 823 5338 ;atque
848 5265 926 5320 ita
948 5283 1081 5322 eum
1106 5265 1261 5333 novi,
1295 5270 1358 5322 ut
1404 5282 1477 5324 ne
1523 5265 1810 5338 meipsum
1849 5265 1977 5338 qui-

321 5353 476 5410 dem.
506 5354 935 5426 Objicientihus
967 5359 1162 5410 autem
1187 5355 1522 5412 nonnullis:
1587 5356 1767 5412 Dicito
1805 5355 1976 5412 nobis

320 5443 604 5514 primum,
686 5457 812 5514 quae
895 5442 1016 5498 sint
1071 5443 1266 5516 abyssi
1322 5444 1588 5518 vestigia,
1649 5443 1978 5518 quibusque

395 5568 440 5602 ³⁷
469 5571 635 5625 Joan.
669 5583 810 5634 xvn,
839 5568 896 5624 3.

2075 623 2396 690 dubitatur,
2431 638 2567 680 cum
2599 622 2668 679 de
2694 636 2891 677 rerum
2925 624 3139 676 natura
3167 619 3419 692 quaestio
3479 619 3701 675 incidit
3733 634 3747 675 :

2073 719 2130 770 et
2157 713 2241 770 ita
2271 714 2370 769 tibi
2406 713 2478 769 de
2537 717 2652 768 Deo
2709 711 2890 770 verba
2949 709 3186 767 facienti
3240 711 3585 776 credemus,
3619 708 3748 782 ipse

2072 802 2213 858 talia
2272 801 2385 858 sibi
2442 805 2725 873 tanquam
2779 813 3062 872 corporea
3119 803 3178 855 et
3252 797 3518 871 singula,
3593 798 3749 854 inco-

2073 895 2238 963 gnita
2274 907 2426 962 esse,
2481 890 2667 946 Deum
2729 895 2919 946 autem
2976 904 3180 945 eorum
3239 893 3567 944 creatorem
3629 887 3745 943 sibi

2076 986 2443 1053 perspectum
2476 985 2534 1036 et
2563 979 2955 1052 exploratum,
2988 978 3148 1050 quis,
3205 979 3396 1049 cujas,
3428 981 3490 1034 et
3543 977 3748 1050 qualis

2074 1076 2250 1137 esset,
2285 1069 2698 1143 respondebat.
2732 1069 2896 1136 Quod
2937 1068 2986 1124 si
3013 1067 3326 1140 Scriptura:
3375 1065 3748 1124 testimoniis

2075 1160 2537 1228 convinceretur,
2568 1163 2697 1214 tum
2726 1173 2862 1213 vero
2894 1156 3274 1228 blasphemus
3319 1161 3377 1211 et
3435 1155 3750 1227 prephetis

2076 1254 2134 1304 et
2158 1247 2443 1320 apostolis
2495 1246 2902 1316 maledicebat,
2963 1244 3282 1318 aliquando
3340 1244 3434 1299 his
3493 1243 3746 1300 verbis:

2076 1338 2222 1402 Quid
2259 1337 2405 1393 mihi
2436 1336 2662 1393 Veteris
2724 1335 3104 1392 Instrumenti
3160 1335 3339 1390 verba
3390 1333 3595 1390 citas?
3643 1333 3750 1389 ali—

2078 1429 2313 1500 quando
2346 1433 2401 1482 et
2437 1427 2527 1482 his
2551 1443 2565 1482 :
2591 1424 2907 1497 Apostolus
2937 1424 3044 1491 sic,
3078 1428 3143 1479 ut
3173 1423 3348 1478 homo
3381 1420 3750 1479 locutusest.

2076 1517 2220 1572 Cum
2255 1521 2448 1571 autem
2485 1513 2808 1586 discipulos
2840 1531 2979 1570 suos
3012 1513 3264 1582 doceret,
3293 1511 3386 1568 his
3444 1516 3513 1568 ut
3563 1511 3757 1584 pluri-

2080 1621 2242 1659 mum
2278 1605 2470 1660 verbis
2503 1605 2780 1660 utebatur
2811 1619 2825 1658 :
2855 1601 3012 1658 Nihil
3043 1602 3118 1657 ab
3168 1601 3410 1657 homine
3469 1602 3631 1657 Deus
3665 1618 3754 1658 re-

2077 1690 2278 1762 quirit,
2338 1691 2449 1746 nisi
2510 1695 2575 1746 ut
2629 1705 2764 1745 eum
2824 1696 3158 1762 cognoscat,
3233 1687 3750 1761 quemadmodum

2078 1795 2185 1850 ego
2242 1795 2554 1852 cognosco.
2617 1778 2838 1834 Idcirco
2896 1777 3165 1834 Christus
3215 1777 3406 1833 dicere
3464 1775 3750 1834 solebat:

2081 1870 2207 1926 Haec
2235 1873 2311 1926 est
2341 1872 2450 1925 vita
2481 1876 2720 1937 aeterm,
2756 1873 2817 1924 ut
2866 1871 3194 1939 cognoscant
3253 1877 3302 1924 te
3337 1869 3519 1925 solum
3552 1885 3756 1925 verum

1998 1942 2043 2008 Β
2085 1959 2252 2014 Deum
2281 1976 2300 2013 .·
2322 1963 2377 2015 et
2405 1975 2568 2032 quem
2594 1958 2799 2014 misisti
2823 1959 3006 2015 Iesum
3039 1957 3317 2014 Christum
3341 1956 3409 2012 ³⁷.
3462 1958 3757 2014 Utebatur

2081 2047 2174 2103 his
2205 2048 2394 2104 verbis
2428 2064 2440 2102 :
2474 2047 2798 2105 Fornicatio
2843 2055 3140 2118 peccatum
3181 2047 3410 2102 nullum
3444 2051 3559 2104 est.
3593 2048 3757 2112 Que-

2081 2135 2462 2190 madmodum
2524 2137 2682 2190 enim
2733 2151 2866 2192 cum
2925 2135 3252 2207 prurimus,
3313 2135 3512 2191 nescio
3601 2135 3752 2207 quid

2083 2224 2350 2280 naturale
2407 2225 2679 2296 facimus,
2737 2225 2817 2280 ita
2873 2225 3051 2280 etiam
3109 2224 3415 2280 fornicatio
3477 2226 3755 2296 corporei

2081 2329 2227 2370 usus
2256 2313 2600 2386 adimpletio
2629 2319 2717 2370 est
2751 2315 2885 2386 (69}.
2919 2313 3048 2368 Haec
3082 2314 3279 2385 itaque
3311 2319 3368 2370 et
3394 2314 3753 2384 hujusmodi

2083 2401 2430 2472 blaspheme
2459 2409 2618 2471 sunt,
2652 2419 2781 2475 qua!
2805 2399 2965 2466 ἄθεος
2993 2405 3190 2460 Aetius
3219 2403 3454 2477 publice
3481 2405 3757 2474 docebat,

2087 2491 2265 2564 idque
2295 2491 2520 2548 nullius
2550 2492 2928 2548 ecclesiastici
2987 2493 3207 2565 gradus
3265 2493 3580 2565 particeps.
3625 2493 3763 2549 Dia-

2086 2587 2299 2638 conatu
2333 2582 2487 2638 enim
2518 2599 2549 2638 a
2583 2582 2824 2638 Leontio
2853 2583 3076 2654 eiectus
3100 2583 3320 2638 mansit
3359 2581 3570 2648 laicus,
3605 2587 3664 2638 et
3697 2584 3759 2639 in

2093 2669 2518 2726 Acacianorum
2579 2671 2988 2728 haereticorum
3047 2671 3460 2744 episcoporum
3525 2675 3761 2744 synodo

2083 2760 2650 2832 Constantinopolim
2683 2760 3028 2818 Constantio
3050 2761 3380 2834 imperante
3409 2768 3763 2830 convocata,

2084 2849 2144 2904 in
2176 2851 2470 2921 quoddam
2503 2849 2770 2924 Phrygia
2795 2851 3081 2924 oppidum
3131 2850 3428 2923 relegatus
3483 2857 3598 2918 est,
3649 2850 3766 2906 ibi-

2085 2955 2198 3010 que
2226 2939 2453 2995 tamdiu
2507 2945 2905 2996 commoratus
2963 2945 3072 3010 est,
3131 2940 3317 2996 donec
3347 2954 3478 2996 eum
3527 2939 3766 3012 impius

2082 3027 2279 3084 Julius
2309 3027 2380 3083 ab
2412 3028 2616 3084 exsilio
2645 3029 2958 3085 revocavit.

2698 3162 2856 3218 CAP.
2885 3160 3154 3218 XXXIII.

2087 3280 2161 3335 De
2226 3279 2583 3336 Aetianorum
2638 3280 2711 3354 in_
2746 3279 3136 3354 AEunomianos
3193 3280 3525 3354 mutatione,
3589 3285 3775 3354 atque

2445 3350 2712 3408 Eunomii
2739 3351 3042 3407 haeresibus
3074 3357 3127 3408 et
3157 3351 3385 3409 exsilio.

2160 3474 2440 3527 Caeterum
2474 3471 2546 3526 ab
2577 3485 2644 3527 eo
2677 3478 2934 3542 tempore
2965 3469 3347 3528 Aetianorum
3384 3471 3629 3545 quidem
3667 3490 3777 3546 ap-

2090 3552 2326 3632 pellatio
2357 3559 2624 3625 cessavit,
2659 3559 3157 3616 Eunomianorum
3189 3567 3385 3617 autem
3442 3560 3710 3618 invaluit
3745 3579 3760 3617 :

2089 3665 2222 3704 cum
2259 3650 2483 3706 doctori
2511 3649 2780 3721 improbo
2811 3648 3136 3722 discipulus
3167 3649 3494 3722 improbior
3523 3667 3770 3708 succoso

2089 3739 2285 3796 sisset.
2320 3743 2462 3796 Cum
2495 3740 2651 3796 enim
2685 3741 2754 3796 ad
2789 3739 3504 3814 Constantinopolitanam
3550 3743 3768 3800 sedem

2083 3831 2380 3887 Eudoxius
2426 3831 2646 3902 impius
2702 3838 2938 3888 evectus
2993 3838 3104 3902 est,
3140 3831 3494 3889 Eunomium
3541 3849 3760 3891 secum

2083 3918 2311 3974 habuit.
2343 3920 2470 3974 lam
2502 3918 2771 3976 Eleuzius
2803 3920 3139 3990 Cyzicenus,
3198 3937 3334 3977 cum
3379 3922 3768 3979 Macedonia-

2085 4021 2197 4061 nus
2225 4011 2279 4060 et
2308 4004 2706 4061 Semiarianus
2738 4011 2915 4075 esset,
2948 4006 3157 4063 Filium
3217 4008 3372 4063 Patri
3423 4006 3765 4078 epoto-5m»

2083 4111 2214 4150 esse
2241 4094 2470 4151 dicebat
2505 4109 2519 4152 :
2551 4099 2613 4152 et
2643 4097 2914 4167 quamvis
2946 4112 3206 4170 persaepe
3234 4098 3308 4152 ab
3341 4098 3466 4170 ipso
3491 4097 3767 4155 Eudoxio

2082 4189 2140 4240 et
2167 4183 2411 4240 Valente
2443 4185 2796 4258 imperatore
2827 4186 3111 4255 monitus,
3134 4187 3350 4242 adduci
3398 4191 3602 4243 tamen
3637 4206 3767 4246 non

2082 4277 2327 4346 poterat,
2361 4278 2426 4328 ut
2454 4270 2648 4346 ὅμοιον
2688 4273 2836 4330 citra
2864 4278 2965 4342 τῆς
3012 4271 3224 4344 οὐςίας,
3281 4275 3390 4332 hoc
3446 4280 3559 4343 est,
3591 4277 3772 4333 simi-

2084 4364 2196 4420 lem
2232 4365 2358 4421 sine
2389 4364 2659 4420 essentia:
2690 4363 3038 4435 cdjectione,
3070 4365 3419 4437 adiunctum
3474 4381 3610 4423 esse
3669 4369 3773 4424 di-

2084 4459 2260 4511 ceret.
2290 4453 2433 4510 Tum
2461 4470 2598 4510 vero
2625 4452 2814 4510 exsilii
2871 4455 3275 4527 bonorumque
3333 4455 3770 4528 publicationis

2083 4553 2238 4600 metu
2273 4543 2618 4616 perterritus
2650 4543 2981 4599 succubuit.
3017 4543 3308 4600 Reversus
3339 4551 3540 4600 autem
3591 4545 3773 4618 Cyzi-

2089 4651 2225 4692 cum
2258 4635 2509 4707 pristina
2537 4635 2596 4690 in
2631 4637 2926 4692 sententia
2957 4636 3366 4708 perseveravit.
3419 4639 3586 4702 Quod
3621 4656 3768 4698 cum

2089 4725 2418 4782 rcscivisset
2448 4725 2764 4791 Eudoxius,
2793 4724 2894 4780 illo
2925 4725 3216 4798 deposito,
3245 4726 3307 4782 in
3366 4727 3496 4797 ejus
3548 4729 3766 4787 sedem

2087 4817 2440 4873 Eunomium
2483 4815 2842 4887 subrogavit.
2902 4815 3010 4880 Qui
3069 4817 3392 4888 assumptis
3450 4817 3581 4887 ejus
3644 4819 3766 4876 loci

2087 4906 2382 4974 Ecclesiis,
2417 4906 2719 4977 quiescere
2750 4921 2865 4961 non
2895 4905 3100 4976 potuit,
3135 4911 3196 4962 at
3250 4905 3310 4961 in
3359 4907 3764 4966 concionibus

2089 4998 2158 5052 ad
2195 4995 2478 5069 pepulum
2537 4993 2922 5066 sophismatis
2977 4996 3407 5067 verborumque
3455 4995 3766 5056 lenocinio

2088 5091 2258 5142 utens
2287 5085 2585 5140 Aelianam
2621 5083 2889 5140 haeresim
2915 5099 3123 5140 rursus
3149 5085 3209 5140 in
3245 5084 3506 5141 medium
3543 5104 3766 5162 prepo-

2087 5175 2225 5232 suit.

2158 5263 2319 5329 Quod
2381 5279 2512 5320 cum
2576 5263 2840 5336 Cyziceni
2885 5263 3037 5320 ferre
3107 5280 3221 5321 non
3283 5269 3552 5338 possent,
3610 5269 3768 5327 urbe

2085 5353 2254 5410 illum
2273 5356 2611 5424 exegerunt.
2647 5351 2854 5408 Postea
2879 5369 3013 5409 vero
3045 5353 3375 5410 Constantii
3433 5357 3614 5412 etiam
3650 5357 3766 5415 im-

2086 5443 2373 5518 peratoris
2395 5443 2572 5513 jussu
2603 5442 2909 5516 depositus
2936 5447 3044 5499 est.
3072 5444 3456 5502 Constantius
3475 5445 3636 5503 enim
3661 5449 3766 5506 do-

395 5701 506 5771 (69)
535 5705 656 5758 Hoc
687 5701 782 5771 pie
811 5705 867 5759 et
895 5703 1111 5761 diserte
1141 5705 1406 5766 confutet
1433 5707 1493 5764 S.
1528 5707 1740 5767 Athan.
1774 5707 1835 5764 in
1867 5707 2050 5780 Epist.
2085 5709 2157 5766 ad
2190 5708 2466 5781 Ἀμμών.
