  <div class='ocr_page' id='page_1' title='image "/cluster/home/n/w/nwhite01/storage/ocr_20150623/139:no.1/coo.31924054870443/706.png"; bbox 0 0 4054 6410; ppageno 0'>
   <div class='ocr_carea' id='block_1_1' title="bbox 314 383 477 445">
    <p class='ocr_par' dir='ltr' id='par_1_1' title="bbox 314 383 477 445">
     <span class='ocr_line' id='line_1_1' title="bbox 314 383 477 445; baseline -0.018 0"><span class='ocrx_word' id='word_1_1' title='bbox 314 383 477 445; x_wconf 85' lang='grc'><strong>1393</strong></span> 
     </span>
    </p>
   </div>
   <div class='ocr_carea' id='block_1_2' title="bbox 1689 366 2391 436">
    <p class='ocr_par' dir='ltr' id='par_1_2' title="bbox 1689 366 2391 436">
     <span class='ocr_line' id='line_1_2' title="bbox 1689 366 2391 436; baseline -0.014 -1"><span class='ocrx_word' id='word_1_2' title='bbox 1689 369 2082 436; x_wconf 80' lang='lat' dir='ltr'>THESAURI</span> <span class='ocrx_word' id='word_1_3' title='bbox 2121 369 2273 428; x_wconf 86' lang='lat' dir='ltr'>LIB.</span> <span class='ocrx_word' id='word_1_4' title='bbox 2320 366 2391 427; x_wconf 84' lang='lat' dir='ltr'>V.</span> 
     </span>
    </p>
   </div>
   <div class='ocr_carea' id='block_1_3' title="bbox 3572 368 3738 431">
    <p class='ocr_par' dir='ltr' id='par_1_3' title="bbox 3572 368 3738 431">
     <span class='ocr_line' id='line_1_3' title="bbox 3572 368 3738 431; baseline -0.018 0"><span class='ocrx_word' id='word_1_5' title='bbox 3572 368 3738 431; x_wconf 70' lang='grc'><strong>1394</strong></span> 
     </span>
    </p>
   </div>
   <div class='ocr_carea' id='block_1_4' title="bbox 314 499 3733 591">
    <p class='ocr_par' dir='ltr' id='par_1_4' title="bbox 314 499 3733 591">
     <span class='ocr_line' id='line_1_4' title="bbox 314 499 3733 591; baseline -0.004 -16"><span class='ocrx_word' id='word_1_6' title='bbox 314 536 454 591; x_wconf 86' lang='lat' dir='ltr'>gma</span> <span class='ocrx_word' id='word_1_7' title='bbox 484 517 630 573; x_wconf 90' lang='lat' dir='ltr'>illud</span> <span class='ocrx_word' id='word_1_8' title='bbox 655 515 1139 586; x_wconf 78' lang='lat' dir='ltr'>amplectebatur,</span> <span class='ocrx_word' id='word_1_9' title='bbox 1169 515 1321 587; x_wconf 90' lang='lat' dir='ltr'>quod</span> <span class='ocrx_word' id='word_1_10' title='bbox 1353 512 1562 569; x_wconf 86' lang='lat' dir='ltr'>Filium</span> <span class='ocrx_word' id='word_1_11' title='bbox 1609 510 1759 569; x_wconf 88' lang='lat' dir='ltr'>Patri</span> <span class='ocrx_word' id='word_1_12' title='bbox 1809 509 1968 565; x_wconf 88' lang='lat' dir='ltr'>dun-</span> <span class='ocrx_word' id='word_1_13' title='bbox 2002 510 2056 576; x_wconf 77' lang='grc' dir='ltr'><strong>Α</strong></span> <span class='ocrx_word' id='word_1_14' title='bbox 2087 520 2222 560; x_wconf 87' lang='lat' dir='ltr'>cum</span> <span class='ocrx_word' id='word_1_15' title='bbox 2253 502 2374 558; x_wconf 89' lang='lat' dir='ltr'>viro</span> <span class='ocrx_word' id='word_1_16' title='bbox 2398 500 2697 573; x_wconf 84' lang='lat' dir='ltr'>congredi,</span> <span class='ocrx_word' id='word_1_17' title='bbox 2723 500 2834 556; x_wconf 89' lang='lat' dir='ltr'>nisi</span> <span class='ocrx_word' id='word_1_18' title='bbox 2861 499 3106 556; x_wconf 83' lang='lat' dir='ltr'>Placillea</span> <span class='ocrx_word' id='word_1_19' title='bbox 3136 504 3405 575; x_wconf 70' lang='lat' dir='ltr'>Augustae</span> <span class='ocrx_word' id='word_1_20' title='bbox 3426 506 3733 576; x_wconf 87' lang='lat' dir='ltr'>providen-</span> 
     </span>
    </p>
   </div>
   <div class='ocr_carea' id='block_1_5' title="bbox 313 596 1971 679">
    <p class='ocr_par' dir='ltr' id='par_1_5' title="bbox 313 596 1971 679">
     <span class='ocr_line' id='line_1_5' title="bbox 313 596 1971 679; baseline -0.01 -14"><span class='ocrx_word' id='word_1_21' title='bbox 313 612 473 665; x_wconf 83' lang='lat' dir='ltr'>taxat</span> <span class='ocrx_word' id='word_1_22' title='bbox 503 604 697 679; x_wconf 79' lang='grc' dir='ltr'>ὅμοιον</span> <span class='ocrx_word' id='word_1_23' title='bbox 755 622 885 662; x_wconf 89' lang='lat' dir='ltr'>esse</span> <span class='ocrx_word' id='word_1_24' title='bbox 940 606 1252 661; x_wconf 89' lang='lat' dir='ltr'>dicendum</span> <span class='ocrx_word' id='word_1_25' title='bbox 1314 603 1659 659; x_wconf 82' lang='lat' dir='ltr'>astruebnt:</span> <span class='ocrx_word' id='word_1_26' title='bbox 1710 596 1971 670; x_wconf 79' lang='grc' dir='ltr'>ἀνόμοιον</span> 
     </span>
    </p>
   </div>
   <div class='ocr_carea' id='block_1_6' title="bbox 316 689 1972 765">
    <p class='ocr_par' dir='ltr' id='par_1_6' title="bbox 316 689 1972 765">
     <span class='ocr_line' id='line_1_6' title="bbox 316 689 1972 765; baseline -0.008 -12"><span class='ocrx_word' id='word_1_27' title='bbox 316 702 516 753; x_wconf 87' lang='lat' dir='ltr'>autem</span> <span class='ocrx_word' id='word_1_28' title='bbox 548 695 640 750; x_wconf 88' lang='lat' dir='ltr'>vel</span> <span class='ocrx_word' id='word_1_29' title='bbox 672 692 937 765; x_wconf 70' lang='grc' dir='ltr'>ὁμούσιον</span> <span class='ocrx_word' id='word_1_30' title='bbox 997 693 1159 748; x_wconf 88' lang='lat' dir='ltr'>nullo</span> <span class='ocrx_word' id='word_1_31' title='bbox 1215 692 1409 749; x_wconf 89' lang='lat' dir='ltr'>modo.</span> <span class='ocrx_word' id='word_1_32' title='bbox 1470 689 1789 747; x_wconf 86' lang='lat' dir='ltr'>Eunomius</span> <span class='ocrx_word' id='word_1_33' title='bbox 1836 702 1972 758; x_wconf 88' lang='lat' dir='ltr'>ergo</span> 
     </span>
    </p>
   </div>
   <div class='ocr_carea' id='block_1_7' title="bbox 312 777 1972 856">
    <p class='ocr_par' dir='ltr' id='par_1_7' title="bbox 312 777 1972 856">
     <span class='ocr_line' id='line_1_7' title="bbox 312 777 1972 856; baseline -0.007 -13"><span class='ocrx_word' id='word_1_34' title='bbox 312 784 880 856; x_wconf 82' lang='lat' dir='ltr'>Constantinopolim</span> <span class='ocrx_word' id='word_1_35' title='bbox 940 800 1003 840; x_wconf 87' lang='lat' dir='ltr'>se</span> <span class='ocrx_word' id='word_1_36' title='bbox 1062 783 1299 855; x_wconf 86' lang='lat' dir='ltr'>recepit,</span> <span class='ocrx_word' id='word_1_37' title='bbox 1356 786 1414 837; x_wconf 89' lang='lat' dir='ltr'>et</span> <span class='ocrx_word' id='word_1_38' title='bbox 1458 781 1612 853; x_wconf 77' lang='lat' dir='ltr'>apud</span> <span class='ocrx_word' id='word_1_39' title='bbox 1645 777 1972 835; x_wconf 81' lang='lat' dir='ltr'>Eudoxium</span> 
     </span>
    </p>
   </div>
   <div class='ocr_carea' id='block_1_8' title="bbox 313 866 1969 945">
    <p class='ocr_par' dir='ltr' id='par_1_8' title="bbox 313 866 1969 945">
     <span class='ocr_line' id='line_1_8' title="bbox 313 866 1969 945; baseline -0.008 -14"><span class='ocrx_word' id='word_1_40' title='bbox 313 877 540 931; x_wconf 89' lang='lat' dir='ltr'>otiosus</span> <span class='ocrx_word' id='word_1_41' title='bbox 573 874 884 945; x_wconf 88' lang='lat' dir='ltr'>episcopus</span> <span class='ocrx_word' id='word_1_42' title='bbox 914 871 1142 929; x_wconf 83' lang='lat' dir='ltr'>desedit</span> <span class='ocrx_word' id='word_1_43' title='bbox 1174 889 1187 929; x_wconf 89' lang='lat'>:</span> <span class='ocrx_word' id='word_1_44' title='bbox 1223 872 1433 928; x_wconf 89' lang='lat' dir='ltr'>deinde</span> <span class='ocrx_word' id='word_1_45' title='bbox 1466 870 1536 924; x_wconf 88' lang='lat' dir='ltr'>ab</span> <span class='ocrx_word' id='word_1_46' title='bbox 1580 885 1646 925; x_wconf 89' lang='lat' dir='ltr'>eo</span> <span class='ocrx_word' id='word_1_47' title='bbox 1704 866 1969 931; x_wconf 82' lang='lat' dir='ltr'>secessit,</span> 
     </span>
    </p>
   </div>
   <div class='ocr_carea' id='block_1_9' title="bbox 311 960 1970 1037">
    <p class='ocr_par' dir='ltr' id='par_1_9' title="bbox 311 960 1970 1037">
     <span class='ocr_line' id='line_1_9' title="bbox 311 960 1970 1037; baseline -0.007 -17"><span class='ocrx_word' id='word_1_48' title='bbox 311 964 706 1037; x_wconf 77' lang='lat' dir='ltr'>privatimque</span> <span class='ocrx_word' id='word_1_49' title='bbox 763 961 992 1034; x_wconf 87' lang='lat' dir='ltr'>plebem</span> <span class='ocrx_word' id='word_1_50' title='bbox 1040 960 1398 1029; x_wconf 82' lang='lat' dir='ltr'>convocavit,</span> <span class='ocrx_word' id='word_1_51' title='bbox 1459 960 1592 1031; x_wconf 83' lang='lat' dir='ltr'>quia</span> <span class='ocrx_word' id='word_1_52' title='bbox 1652 974 1784 1012; x_wconf 88' lang='lat' dir='ltr'>cum</span> <span class='ocrx_word' id='word_1_53' title='bbox 1819 969 1970 1026; x_wconf 65' lang='lat' dir='ltr'>saepe</span> 
     </span>
    </p>
   </div>
   <div class='ocr_carea' id='block_1_10' title="bbox 312 1050 1967 1125">
    <p class='ocr_par' dir='ltr' id='par_1_10' title="bbox 312 1050 1967 1125">
     <span class='ocr_line' id='line_1_10' title="bbox 312 1050 1967 1125; baseline -0.007 -15"><span class='ocrx_word' id='word_1_54' title='bbox 312 1058 603 1125; x_wconf 78' lang='lat' dir='ltr'>rogasset,</span> <span class='ocrx_word' id='word_1_55' title='bbox 638 1057 703 1108; x_wconf 91' lang='lat' dir='ltr'>ut</span> <span class='ocrx_word' id='word_1_56' title='bbox 736 1056 1054 1123; x_wconf 66' lang='lat' dir='ltr'>praeceptor</span> <span class='ocrx_word' id='word_1_57' title='bbox 1105 1051 1311 1107; x_wconf 87' lang='lat' dir='ltr'>Aetius</span> <span class='ocrx_word' id='word_1_58' title='bbox 1369 1050 1788 1113; x_wconf 71' lang='lat' dir='ltr'>admitteretur,</span> <span class='ocrx_word' id='word_1_59' title='bbox 1834 1060 1967 1101; x_wconf 90' lang='lat' dir='ltr'>cum</span> 
     </span>
    </p>
   </div>
   <div class='ocr_carea' id='block_1_11' title="bbox 310 1134 1965 1211">
    <p class='ocr_par' dir='ltr' id='par_1_11' title="bbox 310 1134 1965 1211">
     <span class='ocr_line' id='line_1_11' title="bbox 310 1134 1965 1211; baseline -0.007 -12"><span class='ocrx_word' id='word_1_60' title='bbox 310 1144 610 1200; x_wconf 86' lang='lat' dir='ltr'>Eudoxius</span> <span class='ocrx_word' id='word_1_61' title='bbox 644 1158 759 1197; x_wconf 89' lang='lat' dir='ltr'>non</span> <span class='ocrx_word' id='word_1_62' title='bbox 782 1142 1137 1210; x_wconf 84' lang='lat' dir='ltr'>exaudierat,</span> <span class='ocrx_word' id='word_1_63' title='bbox 1181 1157 1296 1194; x_wconf 90' lang='lat' dir='ltr'>non</span> <span class='ocrx_word' id='word_1_64' title='bbox 1331 1140 1483 1211; x_wconf 90' lang='lat' dir='ltr'>quod</span> <span class='ocrx_word' id='word_1_65' title='bbox 1517 1137 1665 1193; x_wconf 83' lang='lat' dir='ltr'>Aetii</span> <span class='ocrx_word' id='word_1_66' title='bbox 1696 1134 1965 1191; x_wconf 79' lang='lat' dir='ltr'>haeresim</span> 
     </span>
    </p>
   </div>
   <div class='ocr_carea' id='block_1_12' title="bbox 311 1225 1966 1303">
    <p class='ocr_par' dir='ltr' id='par_1_12' title="bbox 311 1225 1966 1303">
     <span class='ocr_line' id='line_1_12' title="bbox 311 1225 1966 1303; baseline -0.007 -13"><span class='ocrx_word' id='word_1_67' title='bbox 311 1234 576 1290; x_wconf 80' lang='lat' dir='ltr'>eamdem</span> <span class='ocrx_word' id='word_1_68' title='bbox 596 1247 838 1303; x_wconf 87' lang='lat' dir='ltr'>prorsus</span> <span class='ocrx_word' id='word_1_69' title='bbox 853 1245 982 1285; x_wconf 88' lang='lat' dir='ltr'>cum</span> <span class='ocrx_word' id='word_1_70' title='bbox 999 1229 1500 1301; x_wconf 88' lang='lat' dir='ltr'>suaimprobaret,</span> <span class='ocrx_word' id='word_1_71' title='bbox 1525 1227 1625 1283; x_wconf 87' lang='lat' dir='ltr'>sed</span> <span class='ocrx_word' id='word_1_72' title='bbox 1644 1225 1863 1280; x_wconf 89' lang='lat' dir='ltr'>veritus</span> <span class='ocrx_word' id='word_1_73' title='bbox 1895 1240 1966 1279; x_wconf 89' lang='lat' dir='ltr'>ne</span> 
     </span>
    </p>
   </div>
   <div class='ocr_carea' id='block_1_13' title="bbox 307 1314 1963 1395">
    <p class='ocr_par' dir='ltr' id='par_1_13' title="bbox 307 1314 1963 1395">
     <span class='ocr_line' id='line_1_13' title="bbox 307 1314 1963 1395; baseline -0.005 -18"><span class='ocrx_word' id='word_1_74' title='bbox 307 1324 434 1395; x_wconf 90' lang='lat' dir='ltr'>ipse</span> <span class='ocrx_word' id='word_1_75' title='bbox 456 1337 681 1393; x_wconf 91' lang='lat' dir='ltr'>quoque</span> <span class='ocrx_word' id='word_1_76' title='bbox 700 1322 1108 1392; x_wconf 84' lang='lat' dir='ltr'>deponeretur.</span> <span class='ocrx_word' id='word_1_77' title='bbox 1143 1319 1360 1375; x_wconf 86' lang='lat' dir='ltr'>Omnes</span> <span class='ocrx_word' id='word_1_78' title='bbox 1376 1319 1531 1374; x_wconf 90' lang='lat' dir='ltr'>enim</span> <span class='ocrx_word' id='word_1_79' title='bbox 1549 1316 1859 1373; x_wconf 83' lang='lat' dir='ltr'>unanimes</span> <span class='ocrx_word' id='word_1_80' title='bbox 1892 1314 1963 1369; x_wconf 88' lang='lat' dir='ltr'>ab</span> 
     </span>
    </p>
   </div>
   <div class='ocr_carea' id='block_1_14' title="bbox 305 1409 1954 1482">
    <p class='ocr_par' dir='ltr' id='par_1_14' title="bbox 305 1409 1954 1482">
     <span class='ocr_line' id='line_1_14' title="bbox 305 1409 1954 1482; baseline -0.005 -14"><span class='ocrx_word' id='word_1_81' title='bbox 305 1414 490 1481; x_wconf 79' lang='lat' dir='ltr'>Aetio,</span> <span class='ocrx_word' id='word_1_82' title='bbox 507 1417 790 1482; x_wconf 84' lang='lat' dir='ltr'>tanquam</span> <span class='ocrx_word' id='word_1_83' title='bbox 810 1410 1052 1465; x_wconf 78' lang='lat' dir='ltr'>diversas</span> <span class='ocrx_word' id='word_1_84' title='bbox 1076 1409 1403 1473; x_wconf 69' lang='lat' dir='ltr'>sententiae,</span> <span class='ocrx_word' id='word_1_85' title='bbox 1437 1409 1954 1478; x_wconf 88' lang='lat' dir='ltr'>degeneraverant.</span> 
     </span>
    </p>
   </div>
   <div class='ocr_carea' id='block_1_15' title="bbox 891 1525 1372 1583">
    <p class='ocr_par' dir='ltr' id='par_1_15' title="bbox 891 1525 1372 1583">
     <span class='ocr_line' id='line_1_15' title="bbox 891 1525 1372 1583; baseline -0.008 0"><span class='ocrx_word' id='word_1_86' title='bbox 891 1528 1050 1583; x_wconf 84' lang='lat' dir='ltr'>CAP.</span> <span class='ocrx_word' id='word_1_87' title='bbox 1111 1525 1372 1582; x_wconf 82' lang='lat' dir='ltr'>XXXIV.</span> 
     </span>
    </p>
   </div>
   <div class='ocr_carea' id='block_1_16' title="bbox 302 1642 1956 1713">
    <p class='ocr_par' dir='ltr' id='par_1_16' title="bbox 302 1642 1956 1713">
     <span class='ocr_line' id='line_1_16' title="bbox 302 1642 1956 1713; baseline -0.007 -9"><span class='ocrx_word' id='word_1_88' title='bbox 302 1650 375 1704; x_wconf 84' lang='lat' dir='ltr'>De</span> <span class='ocrx_word' id='word_1_89' title='bbox 405 1646 738 1702; x_wconf 80' lang='lat' dir='ltr'>Arianorum</span> <span class='ocrx_word' id='word_1_90' title='bbox 765 1647 825 1699; x_wconf 81' lang='lat' dir='ltr'>in</span> <span class='ocrx_word' id='word_1_91' title='bbox 851 1644 1184 1700; x_wconf 67' lang='lat' dir='ltr'>orthodoxos</span> <span class='ocrx_word' id='word_1_92' title='bbox 1241 1642 1481 1705; x_wconf 61' lang='lat' dir='ltr'>amcitia,</span> <span class='ocrx_word' id='word_1_93' title='bbox 1514 1657 1746 1713; x_wconf 80' lang='lat' dir='ltr'>quorum</span> <span class='ocrx_word' id='word_1_94' title='bbox 1801 1648 1956 1713; x_wconf 80' lang='lat' dir='ltr'>oclo-</span> 
     </span>
    </p>
   </div>
   <div class='ocr_carea' id='block_1_17' title="bbox 371 1711 1955 1790">
    <p class='ocr_par' dir='ltr' id='par_1_17' title="bbox 371 1711 1955 1790">
     <span class='ocr_line' id='line_1_17' title="bbox 371 1711 1955 1790; baseline -0.005 -17"><span class='ocrx_word' id='word_1_95' title='bbox 371 1722 525 1790; x_wconf 77' lang='lat' dir='ltr'>ginta</span> <span class='ocrx_word' id='word_1_96' title='bbox 584 1718 949 1788; x_wconf 80' lang='lat' dir='ltr'>supplicatum</span> <span class='ocrx_word' id='word_1_97' title='bbox 1021 1719 1216 1790; x_wconf 60' lang='lat' dir='ltr'>missos</span> <span class='ocrx_word' id='word_1_98' title='bbox 1291 1711 1534 1790; x_wconf 69' lang='lat' dir='ltr'>Valentis</span> <span class='ocrx_word' id='word_1_99' title='bbox 1600 1711 1955 1781; x_wconf 80' lang='lat' dir='ltr'>imperatoris</span> 
     </span>
    </p>
   </div>
   <div class='ocr_carea' id='block_1_18' title="bbox 363 1786 1394 1861">
    <p class='ocr_par' dir='ltr' id='par_1_18' title="bbox 363 1786 1394 1861">
     <span class='ocr_line' id='line_1_18' title="bbox 363 1786 1394 1861; baseline -0.005 -16"><span class='ocrx_word' id='word_1_100' title='bbox 363 1786 526 1861; x_wconf 67' lang='lat' dir='ltr'>jussu.</span> <span class='ocrx_word' id='word_1_101' title='bbox 555 1786 695 1845; x_wconf 24' lang='lat' dir='ltr'>cum‘</span> <span class='ocrx_word' id='word_1_102' title='bbox 720 1790 942 1859; x_wconf 68' lang='lat' dir='ltr'>navigio</span> <span class='ocrx_word' id='word_1_103' title='bbox 973 1786 1394 1843; x_wconf 78' lang='lat' dir='ltr'>succenderunt.</span> 
     </span>
    </p>
   </div>
   <div class='ocr_carea' id='block_1_19' title="bbox 379 1900 1963 1979">
    <p class='ocr_par' dir='ltr' id='par_1_19' title="bbox 379 1900 1963 1979">
     <span class='ocr_line' id='line_1_19' title="bbox 379 1900 1963 1979; baseline -0.005 -16"><span class='ocrx_word' id='word_1_104' title='bbox 379 1907 555 1963; x_wconf 89' lang='lat' dir='ltr'>Porro</span> <span class='ocrx_word' id='word_1_105' title='bbox 588 1910 718 1979; x_wconf 89' lang='lat' dir='ltr'>post</span> <span class='ocrx_word' id='word_1_106' title='bbox 778 1904 1022 1962; x_wconf 84' lang='lat' dir='ltr'>Eudoxii</span> <span class='ocrx_word' id='word_1_107' title='bbox 1083 1912 1324 1959; x_wconf 88' lang='lat' dir='ltr'>mortem</span> <span class='ocrx_word' id='word_1_108' title='bbox 1385 1900 1764 1957; x_wconf 84' lang='lat' dir='ltr'>Homousiani</span> <span class='ocrx_word' id='word_1_109' title='bbox 1816 1900 1963 1955; x_wconf 85' lang='lat' dir='ltr'>Eva-</span> 
     </span>
    </p>
   </div>
   <div class='ocr_carea' id='block_1_20' title="bbox 308 1991 1958 2070">
    <p class='ocr_par' dir='ltr' id='par_1_20' title="bbox 308 1991 1958 2070">
     <span class='ocr_line' id='line_1_20' title="bbox 308 1991 1958 2070; baseline -0.004 -19"><span class='ocrx_word' id='word_1_110' title='bbox 308 1999 501 2070; x_wconf 84' lang='lat' dir='ltr'>grium</span> <span class='ocrx_word' id='word_1_111' title='bbox 530 2003 811 2070; x_wconf 88' lang='lat' dir='ltr'>tanquam</span> <span class='ocrx_word' id='word_1_112' title='bbox 848 1998 1009 2069; x_wconf 87' lang='lat' dir='ltr'>pium</span> <span class='ocrx_word' id='word_1_113' title='bbox 1042 1996 1155 2051; x_wconf 85' lang='lat' dir='ltr'>sibi</span> <span class='ocrx_word' id='word_1_114' title='bbox 1214 1992 1521 2065; x_wconf 62' lang='lat' dir='ltr'>prwsulem</span> <span class='ocrx_word' id='word_1_115' title='bbox 1575 1991 1910 2063; x_wconf 86' lang='lat' dir='ltr'>delegerunt</span> <span class='ocrx_word' id='word_1_116' title='bbox 1945 2006 1958 2044; x_wconf 90' lang='lat'><strong>:</strong></span> 
     </span>
    </p>
   </div>
   <div class='ocr_carea' id='block_1_21' title="bbox 312 2081 1965 2159">
    <p class='ocr_par' dir='ltr' id='par_1_21' title="bbox 312 2081 1965 2159">
     <span class='ocr_line' id='line_1_21' title="bbox 312 2081 1965 2159; baseline -0.005 -17"><span class='ocrx_word' id='word_1_117' title='bbox 312 2104 489 2159; x_wconf 88' lang='lat' dir='ltr'>quem</span> <span class='ocrx_word' id='word_1_118' title='bbox 549 2086 935 2142; x_wconf 83' lang='lat' dir='ltr'>Eusthathius</span> <span class='ocrx_word' id='word_1_119' title='bbox 994 2083 1312 2140; x_wconf 67' lang='lat' dir='ltr'>Antiochiae</span> <span class='ocrx_word' id='word_1_120' title='bbox 1366 2098 1591 2154; x_wconf 78' lang='lat' dir='ltr'>magnae</span> <span class='ocrx_word' id='word_1_121' title='bbox 1650 2086 1818 2135; x_wconf 84' lang='lat' dir='ltr'>antea</span> <span class='ocrx_word' id='word_1_122' title='bbox 1849 2081 1965 2152; x_wconf 89' lang='lat' dir='ltr'>epi-</span> 
     </span>
    </p>
   </div>
   <div class='ocr_carea' id='block_1_22' title="bbox 312 2168 1961 2247">
    <p class='ocr_par' dir='ltr' id='par_1_22' title="bbox 312 2168 1961 2247">
     <span class='ocr_line' id='line_1_22' title="bbox 312 2168 1961 2247; baseline -0.006 -15"><span class='ocrx_word' id='word_1_123' title='bbox 312 2192 521 2247; x_wconf 84' lang='lat' dir='ltr'>scopus</span> <span class='ocrx_word' id='word_1_124' title='bbox 554 2175 869 2243; x_wconf 80' lang='lat' dir='ltr'>ordinavit,</span> <span class='ocrx_word' id='word_1_125' title='bbox 904 2191 936 2230; x_wconf 90' lang='lat' dir='ltr'>a</span> <span class='ocrx_word' id='word_1_126' title='bbox 990 2172 1294 2243; x_wconf 86' lang='lat' dir='ltr'>Philippis,</span> <span class='ocrx_word' id='word_1_127' title='bbox 1350 2170 1449 2226; x_wconf 91' lang='lat' dir='ltr'>ubi</span> <span class='ocrx_word' id='word_1_128' title='bbox 1507 2168 1837 2239; x_wconf 85' lang='lat' dir='ltr'>exsulabat,</span> <span class='ocrx_word' id='word_1_129' title='bbox 1872 2186 1961 2224; x_wconf 84' lang='lat' dir='ltr'>re-</span> 
     </span>
    </p>
   </div>
   <div class='ocr_carea' id='block_1_23' title="bbox 309 2262 1965 2338">
    <p class='ocr_par' dir='ltr' id='par_1_23' title="bbox 309 2262 1965 2338">
     <span class='ocr_line' id='line_1_23' title="bbox 309 2262 1965 2338; baseline -0.005 -15"><span class='ocrx_word' id='word_1_130' title='bbox 309 2274 551 2325; x_wconf 87' lang='lat' dir='ltr'>vocatus</span> <span class='ocrx_word' id='word_1_131' title='bbox 589 2268 1040 2338; x_wconf 87' lang='lat' dir='ltr'>Jovianijussu,</span> <span class='ocrx_word' id='word_1_132' title='bbox 1075 2266 1253 2338; x_wconf 90' lang='lat' dir='ltr'>idque</span> <span class='ocrx_word' id='word_1_133' title='bbox 1298 2264 1576 2336; x_wconf 87' lang='lat' dir='ltr'>temporis</span> <span class='ocrx_word' id='word_1_134' title='bbox 1635 2262 1965 2318; x_wconf 88' lang='lat' dir='ltr'>Constanti-</span> 
     </span>
    </p>
   </div>
   <div class='ocr_carea' id='block_1_24' title="bbox 308 2353 1964 2432">
    <p class='ocr_par' dir='ltr' id='par_1_24' title="bbox 308 2353 1964 2432">
     <span class='ocr_line' id='line_1_24' title="bbox 308 2353 1964 2432; baseline -0.005 -17"><span class='ocrx_word' id='word_1_135' title='bbox 308 2359 507 2432; x_wconf 92' lang='lat' dir='ltr'>nopoli</span> <span class='ocrx_word' id='word_1_136' title='bbox 539 2374 803 2423; x_wconf 90' lang='lat' dir='ltr'>manens,</span> <span class='ocrx_word' id='word_1_137' title='bbox 836 2361 893 2412; x_wconf 90' lang='lat' dir='ltr'>et</span> <span class='ocrx_word' id='word_1_138' title='bbox 922 2357 1126 2413; x_wconf 81' lang='lat' dir='ltr'>eadem</span> <span class='ocrx_word' id='word_1_139' title='bbox 1160 2371 1360 2412; x_wconf 88' lang='lat' dir='ltr'>secum</span> <span class='ocrx_word' id='word_1_140' title='bbox 1390 2354 1713 2411; x_wconf 85' lang='lat' dir='ltr'>sentientes</span> <span class='ocrx_word' id='word_1_141' title='bbox 1743 2353 1964 2409; x_wconf 83' lang='lat' dir='ltr'>conﬁr-</span> 
     </span>
    </p>
   </div>
   <div class='ocr_carea' id='block_1_25' title="bbox 308 2464 1725 2506">
    <p class='ocr_par' dir='ltr' id='par_1_25' title="bbox 308 2464 1725 2506">
     <span class='ocr_line' id='line_1_25' title="bbox 308 2464 1725 2506; baseline -0.007 -1"><span class='ocrx_word' id='word_1_142' title='bbox 308 2464 498 2506; x_wconf 81' lang='lat' dir='ltr'>mens.</span> <span class='ocrx_word' id='word_1_143' title='bbox 1716 2488 1725 2495; x_wconf 88' lang='lat'>.</span> 
     </span>
    </p>
   </div>
   <div class='ocr_carea' id='block_1_26' title="bbox 377 2531 1963 2608">
    <p class='ocr_par' dir='ltr' id='par_1_26' title="bbox 377 2531 1963 2608">
     <span class='ocr_line' id='line_1_26' title="bbox 377 2531 1963 2608; baseline -0.005 -15"><span class='ocrx_word' id='word_1_144' title='bbox 377 2541 454 2593; x_wconf 81' lang='lat' dir='ltr'>At</span> <span class='ocrx_word' id='word_1_145' title='bbox 481 2536 678 2593; x_wconf 87' lang='lat' dir='ltr'>Ariani</span> <span class='ocrx_word' id='word_1_146' title='bbox 704 2535 1115 2608; x_wconf 82' lang='lat' dir='ltr'>DemOphilum</span> <span class='ocrx_word' id='word_1_147' title='bbox 1175 2534 1459 2600; x_wconf 65' lang='lat' dir='ltr'>Berrboaa,</span> <span class='ocrx_word' id='word_1_148' title='bbox 1493 2549 1619 2605; x_wconf 69' lang='lat' dir='ltr'>quas</span> <span class='ocrx_word' id='word_1_149' title='bbox 1676 2532 1736 2587; x_wconf 91' lang='lat' dir='ltr'>in</span> <span class='ocrx_word' id='word_1_150' title='bbox 1776 2531 1963 2586; x_wconf 88' lang='lat' dir='ltr'>Thra-</span> 
     </span>
    </p>
   </div>
   <div class='ocr_carea' id='block_1_27' title="bbox 313 2623 1968 2696">
    <p class='ocr_par' dir='ltr' id='par_1_27' title="bbox 313 2623 1968 2696">
     <span class='ocr_line' id='line_1_27' title="bbox 313 2623 1968 2696; baseline -0.005 -13"><span class='ocrx_word' id='word_1_151' title='bbox 313 2626 400 2683; x_wconf 78' lang='lat' dir='ltr'>cia</span> <span class='ocrx_word' id='word_1_152' title='bbox 431 2631 540 2696; x_wconf 89' lang='lat' dir='ltr'>est,</span> <span class='ocrx_word' id='word_1_153' title='bbox 572 2627 967 2683; x_wconf 86' lang='lat' dir='ltr'>obtruserant.</span> <span class='ocrx_word' id='word_1_154' title='bbox 999 2626 1146 2682; x_wconf 89' lang='lat' dir='ltr'>Cum</span> <span class='ocrx_word' id='word_1_155' title='bbox 1200 2629 1400 2680; x_wconf 88' lang='lat' dir='ltr'>autem</span> <span class='ocrx_word' id='word_1_156' title='bbox 1470 2640 1537 2679; x_wconf 83' lang='lat' dir='ltr'>ea</span> <span class='ocrx_word' id='word_1_157' title='bbox 1577 2623 1648 2677; x_wconf 91' lang='lat' dir='ltr'>de</span> <span class='ocrx_word' id='word_1_158' title='bbox 1677 2638 1855 2677; x_wconf 89' lang='lat' dir='ltr'>causa</span> <span class='ocrx_word' id='word_1_159' title='bbox 1885 2636 1968 2676; x_wconf 90' lang='lat' dir='ltr'>se-</span> 
     </span>
    </p>
   </div>
   <div class='ocr_carea' id='block_1_28' title="bbox 312 2710 1965 2788">
    <p class='ocr_par' dir='ltr' id='par_1_28' title="bbox 312 2710 1965 2788">
     <span class='ocr_line' id='line_1_28' title="bbox 312 2710 1965 2788; baseline -0.005 -15"><span class='ocrx_word' id='word_1_160' title='bbox 312 2717 590 2773; x_wconf 86' lang='lat' dir='ltr'>ditionem</span> <span class='ocrx_word' id='word_1_161' title='bbox 648 2717 887 2772; x_wconf 83' lang='lat' dir='ltr'>diversae</span> <span class='ocrx_word' id='word_1_162' title='bbox 947 2713 1132 2788; x_wconf 86' lang='lat' dir='ltr'>partis</span> <span class='ocrx_word' id='word_1_163' title='bbox 1201 2713 1471 2770; x_wconf 89' lang='lat' dir='ltr'>homines</span> <span class='ocrx_word' id='word_1_164' title='bbox 1552 2710 1965 2776; x_wconf 89' lang='lat' dir='ltr'>concitassent,</span> 
     </span>
    </p>
   </div>
   <div class='ocr_carea' id='block_1_29' title="bbox 304 2799 1971 2877">
    <p class='ocr_par' dir='ltr' id='par_1_29' title="bbox 304 2799 1971 2877">
     <span class='ocr_line' id='line_1_29' title="bbox 304 2799 1971 2877; baseline -0.005 -15"><span class='ocrx_word' id='word_1_165' title='bbox 304 2805 516 2863; x_wconf 81' lang='lat' dir='ltr'>Valens</span> <span class='ocrx_word' id='word_1_166' title='bbox 556 2806 892 2877; x_wconf 85' lang='lat' dir='ltr'>imperator,</span> <span class='ocrx_word' id='word_1_167' title='bbox 927 2811 1066 2860; x_wconf 90' lang='lat' dir='ltr'>tunc</span> <span class='ocrx_word' id='word_1_168' title='bbox 1098 2820 1282 2875; x_wconf 84' lang='lat' dir='ltr'>agens</span> <span class='ocrx_word' id='word_1_169' title='bbox 1324 2801 1689 2868; x_wconf 81' lang='lat' dir='ltr'>Nicomediae,</span> <span class='ocrx_word' id='word_1_170' title='bbox 1750 2799 1971 2856; x_wconf 85' lang='lat' dir='ltr'>certior</span> 
     </span>
    </p>
   </div>
   <div class='ocr_carea' id='block_1_30' title="bbox 311 2890 1969 2964">
    <p class='ocr_par' dir='ltr' id='par_1_30' title="bbox 311 2890 1969 2964">
     <span class='ocr_line' id='line_1_30' title="bbox 311 2890 1969 2964; baseline -0.006 -11"><span class='ocrx_word' id='word_1_171' title='bbox 311 2897 382 2953; x_wconf 91' lang='lat' dir='ltr'>de</span> <span class='ocrx_word' id='word_1_172' title='bbox 414 2897 506 2953; x_wconf 91' lang='lat' dir='ltr'>his</span> <span class='ocrx_word' id='word_1_173' title='bbox 538 2896 713 2952; x_wconf 89' lang='lat' dir='ltr'>rebus</span> <span class='ocrx_word' id='word_1_174' title='bbox 747 2896 954 2964; x_wconf 84' lang='lat' dir='ltr'>lactus,</span> <span class='ocrx_word' id='word_1_175' title='bbox 988 2893 1208 2950; x_wconf 86' lang='lat' dir='ltr'>milites</span> <span class='ocrx_word' id='word_1_176' title='bbox 1239 2909 1305 2948; x_wconf 91' lang='lat' dir='ltr'>eo</span> <span class='ocrx_word' id='word_1_177' title='bbox 1336 2891 1518 2959; x_wconf 88' lang='lat' dir='ltr'>misit,</span> <span class='ocrx_word' id='word_1_178' title='bbox 1553 2897 1610 2948; x_wconf 92' lang='lat' dir='ltr'>et</span> <span class='ocrx_word' id='word_1_179' title='bbox 1664 2890 1969 2945; x_wconf 87' lang='lat' dir='ltr'>Eusthatio</span> 
     </span>
    </p>
   </div>
   <div class='ocr_carea' id='block_1_31' title="bbox 313 2980 1970 3056">
    <p class='ocr_par' dir='ltr' id='par_1_31' title="bbox 313 2980 1970 3056">
     <span class='ocr_line' id='line_1_31' title="bbox 313 2980 1970 3056; baseline -0.005 -14"><span class='ocrx_word' id='word_1_180' title='bbox 313 2986 373 3042; x_wconf 89' lang='lat' dir='ltr'>in</span> <span class='ocrx_word' id='word_1_181' title='bbox 408 2987 666 3043; x_wconf 74' lang='lat' dir='ltr'>Thraciae</span> <span class='ocrx_word' id='word_1_182' title='bbox 701 2988 928 3056; x_wconf 82' lang='lat' dir='ltr'>Bizyan,</span> <span class='ocrx_word' id='word_1_183' title='bbox 962 2984 1327 3056; x_wconf 86' lang='lat' dir='ltr'>Evagrioque</span> <span class='ocrx_word' id='word_1_184' title='bbox 1355 2982 1514 3038; x_wconf 86' lang='lat' dir='ltr'>aliud</span> <span class='ocrx_word' id='word_1_185' title='bbox 1572 2981 1633 3037; x_wconf 87' lang='lat' dir='ltr'>in</span> <span class='ocrx_word' id='word_1_186' title='bbox 1691 2980 1970 3052; x_wconf 85' lang='lat' dir='ltr'>oppidum</span> 
     </span>
    </p>
   </div>
   <div class='ocr_carea' id='block_1_32' title="bbox 313 3070 1970 3149">
    <p class='ocr_par' dir='ltr' id='par_1_32' title="bbox 313 3070 1970 3149">
     <span class='ocr_line' id='line_1_32' title="bbox 313 3070 1970 3149; baseline -0.006 -16"><span class='ocrx_word' id='word_1_187' title='bbox 313 3078 589 3149; x_wconf 86' lang='lat' dir='ltr'>relegato,</span> <span class='ocrx_word' id='word_1_188' title='bbox 649 3083 893 3133; x_wconf 88' lang='lat' dir='ltr'>cunctas</span> <span class='ocrx_word' id='word_1_189' title='bbox 947 3075 1223 3132; x_wconf 82' lang='lat' dir='ltr'>ecclesias</span> <span class='ocrx_word' id='word_1_190' title='bbox 1280 3070 1622 3146; x_wconf 89' lang='lat' dir='ltr'>Demophilo</span> <span class='ocrx_word' id='word_1_191' title='bbox 1681 3070 1970 3128; x_wconf 86' lang='lat' dir='ltr'>committi</span> 
     </span>
    </p>
   </div>
   <div class='ocr_carea' id='block_1_33' title="bbox 302 3168 506 3239">
    <p class='ocr_par' dir='ltr' id='par_1_33' title="bbox 302 3168 506 3239">
     <span class='ocr_line' id='line_1_33' title="bbox 302 3168 506 3239; baseline 0 -17"><span class='ocrx_word' id='word_1_192' title='bbox 302 3168 506 3239; x_wconf 88' lang='lat' dir='ltr'>jussit.</span> 
     </span>
    </p>
   </div>
   <div class='ocr_carea' id='block_1_34' title="bbox 2086 592 3734 666">
    <p class='ocr_par' dir='ltr' id='par_1_34' title="bbox 2086 592 3734 666">
     <span class='ocr_line' id='line_1_34' title="bbox 2086 592 3734 666; baseline 0.001 -16"><span class='ocrx_word' id='word_1_193' title='bbox 2086 595 2188 665; x_wconf 84' lang='lat' dir='ltr'>tia,</span> <span class='ocrx_word' id='word_1_194' title='bbox 2220 600 2277 649; x_wconf 92' lang='lat' dir='ltr'>et</span> <span class='ocrx_word' id='word_1_195' title='bbox 2299 608 2500 665; x_wconf 88' lang='lat' dir='ltr'>preces</span> <span class='ocrx_word' id='word_1_196' title='bbox 2521 592 3061 648; x_wconf 87' lang='lat' dir='ltr'>obstitissent.Cum</span> <span class='ocrx_word' id='word_1_197' title='bbox 3087 595 3242 649; x_wconf 88' lang='lat' dir='ltr'>enim</span> <span class='ocrx_word' id='word_1_198' title='bbox 3265 596 3470 666; x_wconf 84' lang='lat' dir='ltr'>synodi</span> <span class='ocrx_word' id='word_1_199' title='bbox 3488 595 3734 652; x_wconf 74' lang='lat' dir='ltr'>Nicaeum</span> 
     </span>
    </p>
   </div>
   <div class='ocr_carea' id='block_1_35' title="bbox 2085 682 3736 755">
    <p class='ocr_par' dir='ltr' id='par_1_35' title="bbox 2085 682 3736 755">
     <span class='ocr_line' id='line_1_35' title="bbox 2085 682 3736 755; baseline 0.001 -15"><span class='ocrx_word' id='word_1_200' title='bbox 2085 685 2298 755; x_wconf 85' lang='lat' dir='ltr'>dogma</span> <span class='ocrx_word' id='word_1_201' title='bbox 2320 683 2663 738; x_wconf 82' lang='lat' dir='ltr'>ﬁdelissima</span> <span class='ocrx_word' id='word_1_202' title='bbox 2685 687 3145 749; x_wconf 88' lang='lat' dir='ltr'>conservaret,eo</span> <span class='ocrx_word' id='word_1_203' title='bbox 3165 682 3736 749; x_wconf 85' lang='lat' dir='ltr'>ﬁebat,utvereretur</span> 
     </span>
    </p>
   </div>
   <div class='ocr_carea' id='block_1_36' title="bbox 2084 770 3731 844">
    <p class='ocr_par' dir='ltr' id='par_1_36' title="bbox 2084 770 3731 844">
     <span class='ocr_line' id='line_1_36' title="bbox 2084 770 3731 844; baseline 0.001 -16"><span class='ocrx_word' id='word_1_204' title='bbox 2084 778 2248 842; x_wconf 90' lang='lat' dir='ltr'>ne,ut</span> <span class='ocrx_word' id='word_1_205' title='bbox 2268 772 2386 827; x_wconf 83' lang='lat' dir='ltr'>fere</span> <span class='ocrx_word' id='word_1_206' title='bbox 2410 771 2493 838; x_wconf 82' lang='lat' dir='ltr'>lit,</span> <span class='ocrx_word' id='word_1_207' title='bbox 2525 770 2770 826; x_wconf 88' lang='lat' dir='ltr'>maritus</span> <span class='ocrx_word' id='word_1_208' title='bbox 2795 787 2865 825; x_wconf 88' lang='lat' dir='ltr'>ex</span> <span class='ocrx_word' id='word_1_209' title='bbox 2886 786 2952 826; x_wconf 90' lang='lat' dir='ltr'>eo</span> <span class='ocrx_word' id='word_1_210' title='bbox 2976 771 3266 843; x_wconf 90' lang='lat' dir='ltr'>colloquio</span> <span class='ocrx_word' id='word_1_211' title='bbox 3288 777 3731 844; x_wconf 89' lang='lat' dir='ltr'>perverteretur,</span> 
     </span>
    </p>
   </div>
   <div class='ocr_carea' id='block_1_37' title="bbox 2082 859 3728 932">
    <p class='ocr_par' dir='ltr' id='par_1_37' title="bbox 2082 859 3728 932">
     <span class='ocr_line' id='line_1_37' title="bbox 2082 859 3728 932; baseline 0 -15"><span class='ocrx_word' id='word_1_212' title='bbox 2082 859 2440 932; x_wconf 78' lang='lat' dir='ltr'>diversasque</span> <span class='ocrx_word' id='word_1_213' title='bbox 2470 861 2619 931; x_wconf 87' lang='lat' dir='ltr'>parti</span> <span class='ocrx_word' id='word_1_214' title='bbox 2652 860 3090 916; x_wconf 73' lang='lat' dir='ltr'>adhteresceret.</span> <span class='ocrx_word' id='word_1_215' title='bbox 3120 861 3443 916; x_wconf 89' lang='lat' dir='ltr'>Eunomius</span> <span class='ocrx_word' id='word_1_216' title='bbox 3480 862 3634 918; x_wconf 91' lang='lat' dir='ltr'>enim</span> <span class='ocrx_word' id='word_1_217' title='bbox 3667 862 3728 917; x_wconf 90' lang='lat' dir='ltr'>in</span> 
     </span>
    </p>
   </div>
   <div class='ocr_carea' id='block_1_38' title="bbox 2081 950 3732 1023">
    <p class='ocr_par' dir='ltr' id='par_1_38' title="bbox 2081 950 3732 1023">
     <span class='ocr_line' id='line_1_38' title="bbox 2081 950 3732 1023; baseline 0 -15"><span class='ocrx_word' id='word_1_218' title='bbox 2081 951 2391 1022; x_wconf 89' lang='lat' dir='ltr'>colloquiis</span> <span class='ocrx_word' id='word_1_219' title='bbox 2422 950 2849 1007; x_wconf 87' lang='lat' dir='ltr'>disertissimus</span> <span class='ocrx_word' id='word_1_220' title='bbox 2908 950 3184 1006; x_wconf 87' lang='lat' dir='ltr'>facillime</span> <span class='ocrx_word' id='word_1_221' title='bbox 3215 952 3448 1021; x_wconf 83' lang='lat' dir='ltr'>quidvis</span> <span class='ocrx_word' id='word_1_222' title='bbox 3489 969 3732 1023; x_wconf 86' lang='lat' dir='ltr'>persua-</span> 
     </span>
    </p>
   </div>
   <div class='ocr_carea' id='block_1_39' title="bbox 2079 1038 3732 1113">
    <p class='ocr_par' dir='ltr' id='par_1_39' title="bbox 2079 1038 3732 1113">
     <span class='ocr_line' id='line_1_39' title="bbox 2079 1038 3732 1113; baseline -0.001 -16"><span class='ocrx_word' id='word_1_223' title='bbox 2079 1042 2270 1108; x_wconf 86' lang='lat' dir='ltr'>debat,</span> <span class='ocrx_word' id='word_1_224' title='bbox 2329 1038 2804 1111; x_wconf 89' lang='lat' dir='ltr'>theologiamque</span> <span class='ocrx_word' id='word_1_225' title='bbox 2873 1040 2945 1096; x_wconf 90' lang='lat' dir='ltr'>ad</span> <span class='ocrx_word' id='word_1_226' title='bbox 3034 1040 3230 1095; x_wconf 83' lang='lat' dir='ltr'>nescio</span> <span class='ocrx_word' id='word_1_227' title='bbox 3289 1057 3435 1111; x_wconf 89' lang='lat' dir='ltr'>quas</span> <span class='ocrx_word' id='word_1_228' title='bbox 3492 1040 3732 1113; x_wconf 81' lang='lat' dir='ltr'>syllogi-</span> 
     </span>
    </p>
   </div>
   <div class='ocr_carea' id='block_1_40' title="bbox 2079 1129 3735 1202">
    <p class='ocr_par' dir='ltr' id='par_1_40' title="bbox 2079 1129 3735 1202">
     <span class='ocr_line' id='line_1_40' title="bbox 2079 1129 3735 1202; baseline 0.001 -16"><span class='ocrx_word' id='word_1_229' title='bbox 2079 1147 2341 1187; x_wconf 83' lang='lat' dir='ltr'>smorum</span> <span class='ocrx_word' id='word_1_230' title='bbox 2402 1129 2663 1202; x_wconf 79' lang='lat' dir='ltr'>argutias</span> <span class='ocrx_word' id='word_1_231' title='bbox 2722 1129 3035 1201; x_wconf 86' lang='lat' dir='ltr'>redigebat.</span> <span class='ocrx_word' id='word_1_232' title='bbox 3118 1130 3265 1193; x_wconf 85' lang='lat' dir='ltr'>Quia</span> <span class='ocrx_word' id='word_1_233' title='bbox 3341 1147 3473 1185; x_wconf 90' lang='lat' dir='ltr'>vero</span> <span class='ocrx_word' id='word_1_234' title='bbox 3529 1137 3735 1202; x_wconf 84' lang='lat' dir='ltr'>postea</span> 
     </span>
    </p>
   </div>
   <div class='ocr_carea' id='block_1_41' title="bbox 2078 1218 3730 1291">
    <p class='ocr_par' dir='ltr' id='par_1_41' title="bbox 2078 1218 3730 1291">
     <span class='ocr_line' id='line_1_41' title="bbox 2078 1218 3730 1291; baseline 0 -15"><span class='ocrx_word' id='word_1_235' title='bbox 2078 1238 2191 1277; x_wconf 90' lang='lat' dir='ltr'>non</span> <span class='ocrx_word' id='word_1_236' title='bbox 2244 1219 2694 1291; x_wconf 87' lang='lat' dir='ltr'>conquiescebat</span> <span class='ocrx_word' id='word_1_237' title='bbox 2750 1218 3100 1288; x_wconf 86' lang='lat' dir='ltr'>Eunomius,</span> <span class='ocrx_word' id='word_1_238' title='bbox 3155 1220 3259 1274; x_wconf 88' lang='lat' dir='ltr'>sed</span> <span class='ocrx_word' id='word_1_239' title='bbox 3311 1237 3461 1291; x_wconf 90' lang='lat' dir='ltr'>quos</span> <span class='ocrx_word' id='word_1_240' title='bbox 3519 1220 3730 1276; x_wconf 79' lang='lat' dir='ltr'>edebat</span> 
     </span>
    </p>
   </div>
   <div class='ocr_carea' id='block_1_42' title="bbox 2076 1307 3723 1379">
    <p class='ocr_par' dir='ltr' id='par_1_42' title="bbox 2076 1307 3723 1379">
     <span class='ocr_line' id='line_1_42' title="bbox 2076 1307 3723 1379; baseline 0 -15"><span class='ocrx_word' id='word_1_241' title='bbox 2076 1309 2304 1365; x_wconf 88' lang='lat' dir='ltr'>libellos</span> <span class='ocrx_word' id='word_1_242' title='bbox 2332 1307 2582 1365; x_wconf 88' lang='lat' dir='ltr'>subinde</span> <span class='ocrx_word' id='word_1_243' title='bbox 2614 1307 2965 1378; x_wconf 83' lang='lat' dir='ltr'>ostentabat,</span> <span class='ocrx_word' id='word_1_244' title='bbox 3002 1312 3177 1379; x_wconf 88' lang='lat' dir='ltr'>atque</span> <span class='ocrx_word' id='word_1_245' title='bbox 3208 1310 3289 1364; x_wconf 88' lang='lat' dir='ltr'>ita</span> <span class='ocrx_word' id='word_1_246' title='bbox 3322 1309 3723 1366; x_wconf 85' lang='lat' dir='ltr'>multossuam</span> 
     </span>
    </p>
   </div>
   <div class='ocr_carea' id='block_1_43' title="bbox 2076 1398 3727 1468">
    <p class='ocr_par' dir='ltr' id='par_1_43' title="bbox 2076 1398 3727 1468">
     <span class='ocr_line' id='line_1_43' title="bbox 2076 1398 3727 1468; baseline 0.001 -15"><span class='ocrx_word' id='word_1_247' title='bbox 2076 1399 2133 1454; x_wconf 91' lang='lat' dir='ltr'>in</span> <span class='ocrx_word' id='word_1_248' title='bbox 2167 1398 2515 1455; x_wconf 86' lang='lat' dir='ltr'>sententiam</span> <span class='ocrx_word' id='word_1_249' title='bbox 2548 1403 2906 1454; x_wconf 85' lang='lat' dir='ltr'>transversos</span> <span class='ocrx_word' id='word_1_250' title='bbox 2956 1398 3241 1468; x_wconf 83' lang='lat' dir='ltr'>rapiebat,</span> <span class='ocrx_word' id='word_1_251' title='bbox 3299 1415 3365 1454; x_wconf 88' lang='lat' dir='ltr'>ea</span> <span class='ocrx_word' id='word_1_252' title='bbox 3423 1400 3493 1454; x_wconf 89' lang='lat' dir='ltr'>de</span> <span class='ocrx_word' id='word_1_253' title='bbox 3546 1415 3727 1454; x_wconf 90' lang='lat' dir='ltr'>causa</span> 
     </span>
    </p>
   </div>
   <div class='ocr_carea' id='block_1_44' title="bbox 2075 1487 3727 1558">
    <p class='ocr_par' dir='ltr' id='par_1_44' title="bbox 2075 1487 3727 1558">
     <span class='ocr_line' id='line_1_44' title="bbox 2075 1487 3727 1558; baseline -0.001 -14"><span class='ocrx_word' id='word_1_254' title='bbox 2075 1505 2206 1545; x_wconf 90' lang='lat' dir='ltr'>eum</span> <span class='ocrx_word' id='word_1_255' title='bbox 2239 1490 2556 1558; x_wconf 80' lang='lat' dir='ltr'>imperator</span> <span class='ocrx_word' id='word_1_256' title='bbox 2585 1487 3077 1557; x_wconf 86' lang='lat' dir='ltr'>exsularejussit.</span> <span class='ocrx_word' id='word_1_257' title='bbox 3141 1487 3244 1542; x_wconf 90' lang='lat' dir='ltr'>Ille</span> <span class='ocrx_word' id='word_1_258' title='bbox 3299 1503 3430 1543; x_wconf 88' lang='lat' dir='ltr'>vero</span> <span class='ocrx_word' id='word_1_259' title='bbox 3489 1504 3605 1543; x_wconf 90' lang='lat' dir='ltr'>non</span> <span class='ocrx_word' id='word_1_260' title='bbox 3647 1489 3727 1543; x_wconf 84' lang='lat' dir='ltr'>ita</span> 
     </span>
    </p>
   </div>
   <div class='ocr_carea' id='block_1_45' title="bbox 2075 1576 3726 1649">
    <p class='ocr_par' dir='ltr' id='par_1_45' title="bbox 2075 1576 3726 1649">
     <span class='ocr_line' id='line_1_45' title="bbox 2075 1576 3726 1649; baseline -0.001 -16"><span class='ocrx_word' id='word_1_261' title='bbox 2075 1578 2261 1633; x_wconf 88' lang='lat' dir='ltr'>multo</span> <span class='ocrx_word' id='word_1_262' title='bbox 2318 1582 2632 1649; x_wconf 84' lang='lat' dir='ltr'>postquam</span> <span class='ocrx_word' id='word_1_263' title='bbox 2688 1577 2746 1631; x_wconf 92' lang='lat' dir='ltr'>in</span> <span class='ocrx_word' id='word_1_264' title='bbox 2797 1576 3066 1631; x_wconf 85' lang='lat' dir='ltr'>exsilium</span> <span class='ocrx_word' id='word_1_265' title='bbox 3131 1578 3354 1633; x_wconf 87' lang='lat' dir='ltr'>missus</span> <span class='ocrx_word' id='word_1_266' title='bbox 3390 1584 3476 1632; x_wconf 90' lang='lat' dir='ltr'>est</span> <span class='ocrx_word' id='word_1_267' title='bbox 3520 1578 3726 1633; x_wconf 88' lang='lat' dir='ltr'>evivis</span> 
     </span>
    </p>
   </div>
   <div class='ocr_carea' id='block_1_46' title="bbox 2074 1664 3728 1738">
    <p class='ocr_par' dir='ltr' id='par_1_46' title="bbox 2074 1664 3728 1738">
     <span class='ocr_line' id='line_1_46' title="bbox 2074 1664 3728 1738; baseline -0.001 -15"><span class='ocrx_word' id='word_1_268' title='bbox 2074 1667 2343 1736; x_wconf 85' lang='lat' dir='ltr'>excessit,</span> <span class='ocrx_word' id='word_1_269' title='bbox 2376 1666 2436 1720; x_wconf 93' lang='lat' dir='ltr'>in</span> <span class='ocrx_word' id='word_1_270' title='bbox 2470 1666 2773 1738; x_wconf 89' lang='lat' dir='ltr'>patriaque</span> <span class='ocrx_word' id='word_1_271' title='bbox 2802 1664 3071 1737; x_wconf 87' lang='lat' dir='ltr'>sepultus</span> <span class='ocrx_word' id='word_1_272' title='bbox 3100 1670 3210 1721; x_wconf 89' lang='lat' dir='ltr'>est.</span> <span class='ocrx_word' id='word_1_273' title='bbox 3241 1665 3419 1722; x_wconf 90' lang='lat' dir='ltr'>Vicus</span> <span class='ocrx_word' id='word_1_274' title='bbox 3452 1671 3646 1721; x_wconf 88' lang='lat' dir='ltr'>autem</span> <span class='ocrx_word' id='word_1_275' title='bbox 3675 1666 3728 1722; x_wconf 89' lang='lat' dir='ltr'>is</span> 
     </span>
    </p>
   </div>
   <div class='ocr_carea' id='block_1_47' title="bbox 2073 1755 3728 1828">
    <p class='ocr_par' dir='ltr' id='par_1_47' title="bbox 2073 1755 3728 1828">
     <span class='ocr_line' id='line_1_47' title="bbox 2073 1755 3728 1828; baseline -0.002 -14"><span class='ocrx_word' id='word_1_276' title='bbox 2073 1763 2164 1815; x_wconf 88' lang='lat' dir='ltr'>est</span> <span class='ocrx_word' id='word_1_277' title='bbox 2200 1757 2631 1828; x_wconf 86' lang='lat' dir='ltr'>Cappadocum,</span> <span class='ocrx_word' id='word_1_278' title='bbox 2666 1755 2902 1811; x_wconf 89' lang='lat' dir='ltr'>nomine</span> <span class='ocrx_word' id='word_1_279' title='bbox 2960 1756 3200 1823; x_wconf 82' lang='lat' dir='ltr'>Dacore,</span> <span class='ocrx_word' id='word_1_280' title='bbox 3234 1772 3349 1811; x_wconf 92' lang='lat' dir='ltr'>non</span> <span class='ocrx_word' id='word_1_281' title='bbox 3399 1756 3603 1827; x_wconf 86' lang='lat' dir='ltr'>procul</span> <span class='ocrx_word' id='word_1_282' title='bbox 3649 1757 3728 1811; x_wconf 89' lang='lat' dir='ltr'>ab</span> 
     </span>
    </p>
   </div>
   <div class='ocr_carea' id='block_1_48' title="bbox 1996 1844 2663 1945">
    <p class='ocr_par' dir='ltr' id='par_1_48' title="bbox 1996 1844 2663 1945">
     <span class='ocr_line' id='line_1_48' title="bbox 1996 1844 2663 1945; baseline -0.003 -42"><span class='ocrx_word' id='word_1_283' title='bbox 1996 1883 2041 1945; x_wconf 77' lang='grc' dir='ltr'>Β</span> <span class='ocrx_word' id='word_1_284' title='bbox 2071 1850 2271 1919; x_wconf 82' lang='lat' dir='ltr'>Argan</span> <span class='ocrx_word' id='word_1_285' title='bbox 2302 1844 2663 1902; x_wconf 62' lang='lat' dir='ltr'>Caesariensi.</span> 
     </span>
    </p>
   </div>
   <div class='ocr_carea' id='block_1_49' title="bbox 2679 1960 3134 2017">
    <p class='ocr_par' dir='ltr' id='par_1_49' title="bbox 2679 1960 3134 2017">
     <span class='ocr_line' id='line_1_49' title="bbox 2679 1960 3134 2017; baseline -0.002 -1"><span class='ocrx_word' id='word_1_286' title='bbox 2679 1962 2830 2016; x_wconf 87' lang='lat' dir='ltr'>CAP.</span> <span class='ocrx_word' id='word_1_287' title='bbox 2881 1960 3134 2017; x_wconf 80' lang='lat' dir='ltr'>XXXVI.</span> 
     </span>
    </p>
   </div>
   <div class='ocr_carea' id='block_1_50' title="bbox 2075 2077 3730 2150">
    <p class='ocr_par' dir='ltr' id='par_1_50' title="bbox 2075 2077 3730 2150">
     <span class='ocr_line' id='line_1_50' title="bbox 2075 2077 3730 2150; baseline -0.001 -16"><span class='ocrx_word' id='word_1_288' title='bbox 2075 2081 2149 2134; x_wconf 81' lang='lat' dir='ltr'>De</span> <span class='ocrx_word' id='word_1_289' title='bbox 2196 2080 2441 2150; x_wconf 78' lang='lat' dir='ltr'>privatis</span> <span class='ocrx_word' id='word_1_290' title='bbox 2496 2077 2861 2150; x_wconf 76' lang='lat' dir='ltr'>Theaphronii</span> <span class='ocrx_word' id='word_1_291' title='bbox 2923 2078 3273 2148; x_wconf 72' lang='lat' dir='ltr'>Cappadocis</span> <span class='ocrx_word' id='word_1_292' title='bbox 3357 2084 3411 2133; x_wconf 80' lang='lat' dir='ltr'>et</span> <span class='ocrx_word' id='word_1_293' title='bbox 3470 2080 3730 2150; x_wconf 83' lang='lat' dir='ltr'>Eutychii</span> 
     </span>
    </p>
   </div>
   <div class='ocr_carea' id='block_1_51' title="bbox 2077 2149 3727 2220">
    <p class='ocr_par' dir='ltr' id='par_1_51' title="bbox 2077 2149 3727 2220">
     <span class='ocr_line' id='line_1_51' title="bbox 2077 2149 3727 2220; baseline 0.001 -15"><span class='ocrx_word' id='word_1_294' title='bbox 2077 2149 2695 2220; x_wconf 67' lang='grc' dir='ltr'>σογιειαηίἰηοροιίῑαηί</span> <span class='ocrx_word' id='word_1_295' title='bbox 2722 2149 3053 2220; x_wconf 81' lang='lat' dir='ltr'>discipulum</span> <span class='ocrx_word' id='word_1_296' title='bbox 3086 2150 3351 2206; x_wconf 82' lang='lat' dir='ltr'>Eunomii</span> <span class='ocrx_word' id='word_1_297' title='bbox 3396 2149 3727 2208; x_wconf 63' lang='lat' dir='ltr'>hwresibus.</span> 
     </span>
    </p>
   </div>
   <div class='ocr_carea' id='block_1_52' title="bbox 2147 2267 3730 2340">
    <p class='ocr_par' dir='ltr' id='par_1_52' title="bbox 2147 2267 3730 2340">
     <span class='ocr_line' id='line_1_52' title="bbox 2147 2267 3730 2340; baseline -0.001 -15"><span class='ocrx_word' id='word_1_298' title='bbox 2147 2268 2432 2325; x_wconf 65' lang='lat' dir='ltr'>Caeterum</span> <span class='ocrx_word' id='word_1_299' title='bbox 2479 2267 2932 2339; x_wconf 82' lang='lat' dir='ltr'>Theophronius</span> <span class='ocrx_word' id='word_1_300' title='bbox 2989 2267 3233 2339; x_wconf 88' lang='lat' dir='ltr'>quidam</span> <span class='ocrx_word' id='word_1_301' title='bbox 3289 2268 3601 2340; x_wconf 86' lang='lat' dir='ltr'>Cappadox</span> <span class='ocrx_word' id='word_1_302' title='bbox 3658 2268 3730 2324; x_wconf 88' lang='lat' dir='ltr'>ab</span> 
     </span>
    </p>
   </div>
   <div class='ocr_carea' id='block_1_53' title="bbox 2074 2358 3729 2430">
    <p class='ocr_par' dir='ltr' id='par_1_53' title="bbox 2074 2358 3729 2430">
     <span class='ocr_line' id='line_1_53' title="bbox 2074 2358 3729 2430; baseline 0.001 -17"><span class='ocrx_word' id='word_1_303' title='bbox 2074 2359 2201 2430; x_wconf 86' lang='lat' dir='ltr'>ipso</span> <span class='ocrx_word' id='word_1_304' title='bbox 2237 2359 2508 2415; x_wconf 67' lang='lat' dir='ltr'>heresim</span> <span class='ocrx_word' id='word_1_305' title='bbox 2566 2359 2830 2428; x_wconf 90' lang='lat' dir='ltr'>edoctus,</span> <span class='ocrx_word' id='word_1_306' title='bbox 2889 2359 3167 2428; x_wconf 80' lang='lat' dir='ltr'>Isagogen</span> <span class='ocrx_word' id='word_1_307' title='bbox 3226 2375 3327 2414; x_wconf 90' lang='lat' dir='ltr'>seu</span> <span class='ocrx_word' id='word_1_308' title='bbox 3390 2358 3729 2414; x_wconf 85' lang='lat' dir='ltr'>instructio-</span> 
     </span>
    </p>
   </div>
   <div class='ocr_carea' id='block_1_54' title="bbox 2077 2447 3729 2518">
    <p class='ocr_par' dir='ltr' id='par_1_54' title="bbox 2077 2447 3729 2518">
     <span class='ocr_line' id='line_1_54' title="bbox 2077 2447 3729 2518; baseline 0 -13"><span class='ocrx_word' id='word_1_309' title='bbox 2077 2464 2212 2506; x_wconf 87' lang='lat' dir='ltr'>nem</span> <span class='ocrx_word' id='word_1_310' title='bbox 2245 2449 2304 2504; x_wconf 92' lang='lat' dir='ltr'>in</span> <span class='ocrx_word' id='word_1_311' title='bbox 2340 2465 2467 2505; x_wconf 89' lang='lat' dir='ltr'>eam</span> <span class='ocrx_word' id='word_1_312' title='bbox 2494 2447 2815 2518; x_wconf 85' lang='lat' dir='ltr'>posteritati</span> <span class='ocrx_word' id='word_1_313' title='bbox 2859 2447 3237 2515; x_wconf 84' lang='lat' dir='ltr'>consecravit,</span> <span class='ocrx_word' id='word_1_314' title='bbox 3268 2447 3363 2504; x_wconf 92' lang='lat' dir='ltr'>cui</span> <span class='ocrx_word' id='word_1_315' title='bbox 3413 2449 3488 2504; x_wconf 76' lang='lat' dir='ltr'>De</span> <span class='ocrx_word' id='word_1_316' title='bbox 3515 2449 3729 2505; x_wconf 67' lang='lat' dir='ltr'>exerci-</span> 
     </span>
    </p>
   </div>
   <div class='ocr_carea' id='block_1_55' title="bbox 2075 2536 3732 2609">
    <p class='ocr_par' dir='ltr' id='par_1_55' title="bbox 2075 2536 3732 2609">
     <span class='ocr_line' id='line_1_55' title="bbox 2075 2536 3732 2609; baseline -0.001 -16"><span class='ocrx_word' id='word_1_317' title='bbox 2075 2538 2171 2594; x_wconf 78' lang='lat' dir='ltr'>tiis</span> <span class='ocrx_word' id='word_1_318' title='bbox 2201 2538 2400 2594; x_wconf 74' lang='lat' dir='ltr'>mentis</span> <span class='ocrx_word' id='word_1_319' title='bbox 2428 2537 2662 2593; x_wconf 85' lang='lat' dir='ltr'>titulum</span> <span class='ocrx_word' id='word_1_320' title='bbox 2696 2536 2912 2592; x_wconf 88' lang='lat' dir='ltr'>indidit</span> <span class='ocrx_word' id='word_1_321' title='bbox 2944 2554 2958 2603; x_wconf 90' lang='lat'><strong>;</strong></span> <span class='ocrx_word' id='word_1_322' title='bbox 2988 2537 3113 2609; x_wconf 90' lang='lat' dir='ltr'>qui,</span> <span class='ocrx_word' id='word_1_323' title='bbox 3167 2553 3300 2592; x_wconf 89' lang='lat' dir='ltr'>cum</span> <span class='ocrx_word' id='word_1_324' title='bbox 3355 2538 3732 2609; x_wconf 72' lang='lat' dir='ltr'>praeceptoris</span> 
     </span>
    </p>
   </div>
   <div class='ocr_carea' id='block_1_56' title="bbox 2078 2627 3731 2700">
    <p class='ocr_par' dir='ltr' id='par_1_56' title="bbox 2078 2627 3731 2700">
     <span class='ocr_line' id='line_1_56' title="bbox 2078 2627 3731 2700; baseline -0.001 -16"><span class='ocrx_word' id='word_1_325' title='bbox 2078 2629 2306 2700; x_wconf 84' lang='lat' dir='ltr'>placitis</span> <span class='ocrx_word' id='word_1_326' title='bbox 2338 2628 2603 2684; x_wconf 87' lang='lat' dir='ltr'>insistere</span> <span class='ocrx_word' id='word_1_327' title='bbox 2636 2644 2750 2684; x_wconf 87' lang='lat' dir='ltr'>non</span> <span class='ocrx_word' id='word_1_328' title='bbox 2774 2627 2827 2683; x_wconf 91' lang='lat' dir='ltr'>ei</span> <span class='ocrx_word' id='word_1_329' title='bbox 2858 2627 3132 2699; x_wconf 85' lang='lat' dir='ltr'>placeret,</span> <span class='ocrx_word' id='word_1_330' title='bbox 3193 2629 3515 2684; x_wconf 86' lang='lat' dir='ltr'>recentiora</span> <span class='ocrx_word' id='word_1_331' title='bbox 3566 2644 3731 2700; x_wconf 72' lang='lat' dir='ltr'>quie-</span> 
     </span>
    </p>
   </div>
   <div class='ocr_carea' id='block_1_57' title="bbox 2078 2717 3729 2791">
    <p class='ocr_par' dir='ltr' id='par_1_57' title="bbox 2078 2717 3729 2791">
     <span class='ocr_line' id='line_1_57' title="bbox 2078 2717 3729 2791; baseline -0.001 -17"><span class='ocrx_word' id='word_1_332' title='bbox 2078 2720 2214 2775; x_wconf 87' lang='lat' dir='ltr'>dam</span> <span class='ocrx_word' id='word_1_333' title='bbox 2246 2718 2613 2791; x_wconf 84' lang='lat' dir='ltr'>excogitavit,</span> <span class='ocrx_word' id='word_1_334' title='bbox 2647 2723 2821 2789; x_wconf 90' lang='lat' dir='ltr'>atque</span> <span class='ocrx_word' id='word_1_335' title='bbox 2845 2718 2925 2773; x_wconf 88' lang='lat' dir='ltr'>ita</span> <span class='ocrx_word' id='word_1_336' title='bbox 2946 2718 3203 2790; x_wconf 87' lang='lat' dir='ltr'>scripsit.</span> <span class='ocrx_word' id='word_1_337' title='bbox 3237 2717 3383 2774; x_wconf 81' lang='lat' dir='ltr'>Cum</span> <span class='ocrx_word' id='word_1_338' title='bbox 3442 2718 3729 2774; x_wconf 88' lang='lat' dir='ltr'>Divinitas</span> 
     </span>
    </p>
   </div>
   <div class='ocr_carea' id='block_1_58' title="bbox 2078 2806 3731 2880">
    <p class='ocr_par' dir='ltr' id='par_1_58' title="bbox 2078 2806 3731 2880">
     <span class='ocr_line' id='line_1_58' title="bbox 2078 2806 3731 2880; baseline -0.001 -16"><span class='ocrx_word' id='word_1_339' title='bbox 2078 2825 2195 2864; x_wconf 90' lang='lat' dir='ltr'>non</span> <span class='ocrx_word' id='word_1_340' title='bbox 2229 2813 2553 2880; x_wconf 83' lang='lat' dir='ltr'>praenoscat</span> <span class='ocrx_word' id='word_1_341' title='bbox 2566 2808 2625 2865; x_wconf 86' lang='lat' dir='ltr'>id</span> <span class='ocrx_word' id='word_1_342' title='bbox 2639 2808 2792 2879; x_wconf 90' lang='lat' dir='ltr'>quod</span> <span class='ocrx_word' id='word_1_343' title='bbox 2811 2823 2927 2862; x_wconf 82' lang='lat' dir='ltr'>non</span> <span class='ocrx_word' id='word_1_344' title='bbox 2941 2806 3158 2874; x_wconf 88' lang='lat' dir='ltr'>est,sed</span> <span class='ocrx_word' id='word_1_345' title='bbox 3170 2812 3484 2879; x_wconf 82' lang='lat' dir='ltr'>cognoscat</span> <span class='ocrx_word' id='word_1_346' title='bbox 3504 2807 3565 2862; x_wconf 89' lang='lat' dir='ltr'>id</span> <span class='ocrx_word' id='word_1_347' title='bbox 3575 2808 3731 2879; x_wconf 92' lang='lat' dir='ltr'>quod</span> 
     </span>
    </p>
   </div>
   <div class='ocr_carea' id='block_1_59' title="bbox 2078 2897 3735 2969">
    <p class='ocr_par' dir='ltr' id='par_1_59' title="bbox 2078 2897 3735 2969">
     <span class='ocr_line' id='line_1_59' title="bbox 2078 2897 3735 2969; baseline -0.002 -15"><span class='ocrx_word' id='word_1_348' title='bbox 2078 2902 2190 2967; x_wconf 89' lang='lat' dir='ltr'>est,</span> <span class='ocrx_word' id='word_1_349' title='bbox 2224 2897 2612 2969; x_wconf 73' lang='lat' dir='ltr'>praeteritique</span> <span class='ocrx_word' id='word_1_350' title='bbox 2641 2897 2996 2963; x_wconf 87' lang='lat' dir='ltr'>recordetur,</span> <span class='ocrx_word' id='word_1_351' title='bbox 3030 2912 3096 2952; x_wconf 88' lang='lat' dir='ltr'>eo</span> <span class='ocrx_word' id='word_1_352' title='bbox 3128 2897 3212 2963; x_wconf 84' lang='lat' dir='ltr'>ﬁt,</span> <span class='ocrx_word' id='word_1_353' title='bbox 3247 2900 3311 2951; x_wconf 91' lang='lat' dir='ltr'>ut</span> <span class='ocrx_word' id='word_1_354' title='bbox 3341 2912 3454 2951; x_wconf 91' lang='lat' dir='ltr'>non</span> <span class='ocrx_word' id='word_1_355' title='bbox 3505 2912 3735 2966; x_wconf 87' lang='lat' dir='ltr'>semper</span> 
     </span>
    </p>
   </div>
   <div class='ocr_carea' id='block_1_60' title="bbox 2079 2984 3730 3056">
    <p class='ocr_par' dir='ltr' id='par_1_60' title="bbox 2079 2984 3730 3056">
     <span class='ocr_line' id='line_1_60' title="bbox 2079 2984 3730 3056; baseline -0.002 -14"><span class='ocrx_word' id='word_1_356' title='bbox 2079 2987 2281 3042; x_wconf 91' lang='lat' dir='ltr'>eodem</span> <span class='ocrx_word' id='word_1_357' title='bbox 2314 3003 2376 3042; x_wconf 90' lang='lat' dir='ltr'>se</span> <span class='ocrx_word' id='word_1_358' title='bbox 2407 2986 2580 3043; x_wconf 88' lang='lat' dir='ltr'>modo</span> <span class='ocrx_word' id='word_1_359' title='bbox 2609 2985 2840 3053; x_wconf 85' lang='lat' dir='ltr'>habeat,</span> <span class='ocrx_word' id='word_1_360' title='bbox 2874 3001 3008 3041; x_wconf 88' lang='lat' dir='ltr'>cum</span> <span class='ocrx_word' id='word_1_361' title='bbox 3041 2984 3434 3056; x_wconf 88' lang='lat' dir='ltr'>cognitionem</span> <span class='ocrx_word' id='word_1_362' title='bbox 3463 2985 3535 3039; x_wconf 88' lang='lat' dir='ltr'>ad</span> <span class='ocrx_word' id='word_1_363' title='bbox 3570 2984 3730 3039; x_wconf 85' lang='lat' dir='ltr'>futu-</span> 
     </span>
    </p>
   </div>
   <div class='ocr_carea' id='block_1_61' title="bbox 2080 3072 3731 3144">
    <p class='ocr_par' dir='ltr' id='par_1_61' title="bbox 2080 3072 3731 3144">
     <span class='ocr_line' id='line_1_61' title="bbox 2080 3072 3731 3144; baseline 0 -15"><span class='ocrx_word' id='word_1_364' title='bbox 2080 3090 2211 3129; x_wconf 83' lang='lat' dir='ltr'>rum</span> <span class='ocrx_word' id='word_1_365' title='bbox 2242 3078 2298 3129; x_wconf 91' lang='lat' dir='ltr'>et</span> <span class='ocrx_word' id='word_1_366' title='bbox 2356 3074 2429 3129; x_wconf 91' lang='lat' dir='ltr'>ad</span> <span class='ocrx_word' id='word_1_367' title='bbox 2487 3073 2838 3143; x_wconf 74' lang='lat' dir='ltr'>praeteritum</span> <span class='ocrx_word' id='word_1_368' title='bbox 2898 3079 3209 3129; x_wconf 88' lang='lat' dir='ltr'>convertat.</span> <span class='ocrx_word' id='word_1_369' title='bbox 3266 3073 3370 3128; x_wconf 84' lang='lat' dir='ltr'>His</span> <span class='ocrx_word' id='word_1_370' title='bbox 3427 3073 3629 3144; x_wconf 87' lang='lat' dir='ltr'>itaque</span> <span class='ocrx_word' id='word_1_371' title='bbox 3657 3072 3731 3129; x_wconf 88' lang='lat' dir='ltr'>de</span> 
     </span>
    </p>
   </div>
   <div class='ocr_carea' id='block_1_62' title="bbox 2080 3162 3734 3232">
    <p class='ocr_par' dir='ltr' id='par_1_62' title="bbox 2080 3162 3734 3232">
     <span class='ocr_line' id='line_1_62' title="bbox 2080 3162 3734 3232; baseline -0.001 -13"><span class='ocrx_word' id='word_1_372' title='bbox 2080 3164 2279 3220; x_wconf 89' lang='lat' dir='ltr'>causis</span> <span class='ocrx_word' id='word_1_373' title='bbox 2305 3163 2439 3218; x_wconf 92' lang='lat' dir='ltr'>odio</span> <span class='ocrx_word' id='word_1_374' title='bbox 2468 3162 2705 3218; x_wconf 87' lang='lat' dir='ltr'>habitus</span> <span class='ocrx_word' id='word_1_375' title='bbox 2732 3166 2839 3227; x_wconf 90' lang='lat' dir='ltr'>est,</span> <span class='ocrx_word' id='word_1_376' title='bbox 2869 3167 3043 3232; x_wconf 90' lang='lat' dir='ltr'>atque</span> <span class='ocrx_word' id='word_1_377' title='bbox 3072 3162 3145 3218; x_wconf 89' lang='lat' dir='ltr'>ab</span> <span class='ocrx_word' id='word_1_378' title='bbox 3194 3162 3576 3218; x_wconf 84' lang='lat' dir='ltr'>Eunomianis</span> <span class='ocrx_word' id='word_1_379' title='bbox 3632 3178 3734 3217; x_wconf 90' lang='lat' dir='ltr'>eo-</span> 
     </span>
    </p>
   </div>
   <div class='ocr_carea' id='block_1_63' title="bbox 380 3250 3732 3325">
    <p class='ocr_par' dir='ltr' id='par_1_63' title="bbox 380 3250 3732 3325">
     <span class='ocr_line' id='line_1_63' title="bbox 380 3250 3732 3325; baseline -0.001 -14"><span class='ocrx_word' id='word_1_380' title='bbox 380 3257 512 3312; x_wconf 68' lang='lat' dir='ltr'>Hanc</span> <span class='ocrx_word' id='word_1_381' title='bbox 570 3256 877 3313; x_wconf 86' lang='lat' dir='ltr'>occasione</span> <span class='ocrx_word' id='word_1_382' title='bbox 945 3255 1145 3311; x_wconf 83' lang='lat' dir='ltr'>Ariani</span> <span class='ocrx_word' id='word_1_383' title='bbox 1224 3253 1527 3312; x_wconf 81' lang='lat' dir='ltr'>orthodoxi</span> <span class='ocrx_word' id='word_1_384' title='bbox 1596 3250 1967 3317; x_wconf 82' lang='lat' dir='ltr'>insultantes,</span> <span class='ocrx_word' id='word_1_385' title='bbox 2006 3254 2050 3323; x_wconf 78' lang='grc' dir='ltr'>ο</span> <span class='ocrx_word' id='word_1_386' title='bbox 2079 3270 2332 3325; x_wconf 91' lang='lat' dir='ltr'>rumque</span> <span class='ocrx_word' id='word_1_387' title='bbox 2362 3252 2625 3309; x_wconf 88' lang='lat' dir='ltr'>Ecclesia</span> <span class='ocrx_word' id='word_1_388' title='bbox 2651 3252 2894 3324; x_wconf 89' lang='lat' dir='ltr'>ejectus,</span> <span class='ocrx_word' id='word_1_389' title='bbox 2926 3252 3222 3323; x_wconf 86' lang='lat' dir='ltr'>propriam</span> <span class='ocrx_word' id='word_1_390' title='bbox 3253 3251 3519 3307; x_wconf 68' lang='lat' dir='ltr'>haeresim</span> <span class='ocrx_word' id='word_1_391' title='bbox 3554 3267 3732 3308; x_wconf 88' lang='lat' dir='ltr'>cons-</span> 
     </span>
    </p>
   </div>
   <div class='ocr_carea' id='block_1_64' title="bbox 308 3342 1967 3413">
    <p class='ocr_par' dir='ltr' id='par_1_64' title="bbox 308 3342 1967 3413">
     <span class='ocr_line' id='line_1_64' title="bbox 308 3342 1967 3413; baseline -0.003 -13"><span class='ocrx_word' id='word_1_392' title='bbox 308 3344 470 3401; x_wconf 87' lang='lat' dir='ltr'>mille</span> <span class='ocrx_word' id='word_1_393' title='bbox 503 3342 636 3398; x_wconf 91' lang='lat' dir='ltr'>illos</span> <span class='ocrx_word' id='word_1_394' title='bbox 669 3342 1043 3398; x_wconf 87' lang='lat' dir='ltr'>contumeliis</span> <span class='ocrx_word' id='word_1_395' title='bbox 1073 3342 1358 3399; x_wconf 89' lang='lat' dir='ltr'>lacessere</span> <span class='ocrx_word' id='word_1_396' title='bbox 1401 3347 1722 3413; x_wconf 73' lang='lat' dir='ltr'>coeperunt.</span> <span class='ocrx_word' id='word_1_397' title='bbox 1762 3342 1967 3413; x_wconf 88' lang='lat' dir='ltr'>Itaque</span> 
     </span>
    </p>
   </div>
   <div class='ocr_carea' id='block_1_65' title="bbox 309 3429 1965 3499">
    <p class='ocr_par' dir='ltr' id='par_1_65' title="bbox 309 3429 1965 3499">
     <span class='ocr_line' id='line_1_65' title="bbox 309 3429 1965 3499; baseline -0.005 -8"><span class='ocrx_word' id='word_1_398' title='bbox 309 3436 381 3492; x_wconf 87' lang='lat' dir='ltr'>ab</span> <span class='ocrx_word' id='word_1_399' title='bbox 425 3431 759 3490; x_wconf 87' lang='lat' dir='ltr'>orthodoxis</span> <span class='ocrx_word' id='word_1_400' title='bbox 818 3429 1198 3487; x_wconf 87' lang='lat' dir='ltr'>ecclesiastici</span> <span class='ocrx_word' id='word_1_401' title='bbox 1247 3431 1356 3485; x_wconf 89' lang='lat' dir='ltr'>viri</span> <span class='ocrx_word' id='word_1_402' title='bbox 1414 3430 1727 3499; x_wconf 83' lang='lat' dir='ltr'>octoginta,</span> <span class='ocrx_word' id='word_1_403' title='bbox 1778 3430 1965 3485; x_wconf 88' lang='lat' dir='ltr'>Theo-</span> 
     </span>
    </p>
   </div>
   <div class='ocr_carea' id='block_1_66' title="bbox 310 3518 1964 3593">
    <p class='ocr_par' dir='ltr' id='par_1_66' title="bbox 310 3518 1964 3593">
     <span class='ocr_line' id='line_1_66' title="bbox 310 3518 1964 3593; baseline -0.005 -13"><span class='ocrx_word' id='word_1_404' title='bbox 310 3525 473 3593; x_wconf 92' lang='lat' dir='ltr'>doro,</span> <span class='ocrx_word' id='word_1_405' title='bbox 504 3521 743 3592; x_wconf 84' lang='lat' dir='ltr'>Urbaso,</span> <span class='ocrx_word' id='word_1_406' title='bbox 773 3526 831 3577; x_wconf 91' lang='lat' dir='ltr'>et</span> <span class='ocrx_word' id='word_1_407' title='bbox 859 3520 1197 3577; x_wconf 86' lang='lat' dir='ltr'>Menedemo</span> <span class='ocrx_word' id='word_1_408' title='bbox 1246 3518 1497 3573; x_wconf 88' lang='lat' dir='ltr'>ducibus</span> <span class='ocrx_word' id='word_1_409' title='bbox 1549 3520 1617 3572; x_wconf 90' lang='lat' dir='ltr'>ad</span> <span class='ocrx_word' id='word_1_410' title='bbox 1649 3519 1964 3588; x_wconf 89' lang='lat' dir='ltr'>imperato-</span> 
     </span>
    </p>
   </div>
   <div class='ocr_carea' id='block_1_67' title="bbox 312 3604 1963 3682">
    <p class='ocr_par' dir='ltr' id='par_1_67' title="bbox 312 3604 1963 3682">
     <span class='ocr_line' id='line_1_67' title="bbox 312 3604 1963 3682; baseline -0.005 -13"><span class='ocrx_word' id='word_1_411' title='bbox 312 3630 434 3669; x_wconf 89' lang='lat' dir='ltr'>rem</span> <span class='ocrx_word' id='word_1_412' title='bbox 468 3612 634 3669; x_wconf 87' lang='lat' dir='ltr'>missi</span> <span class='ocrx_word' id='word_1_413' title='bbox 666 3613 823 3679; x_wconf 89' lang='lat' dir='ltr'>sunt,</span> <span class='ocrx_word' id='word_1_414' title='bbox 860 3609 958 3682; x_wconf 89' lang='lat' dir='ltr'>qui</span> <span class='ocrx_word' id='word_1_415' title='bbox 994 3625 1095 3681; x_wconf 87' lang='lat' dir='ltr'>pro</span> <span class='ocrx_word' id='word_1_416' title='bbox 1142 3606 1289 3680; x_wconf 85' lang='lat' dir='ltr'>ipsis</span> <span class='ocrx_word' id='word_1_417' title='bbox 1322 3605 1735 3678; x_wconf 84' lang='lat' dir='ltr'>supplicarent.</span> <span class='ocrx_word' id='word_1_418' title='bbox 1767 3613 1839 3661; x_wconf 85' lang='lat' dir='ltr'>At</span> <span class='ocrx_word' id='word_1_419' title='bbox 1871 3604 1963 3661; x_wconf 87' lang='lat' dir='ltr'>hic</span> 
     </span>
    </p>
   </div>
   <div class='ocr_carea' id='block_1_68' title="bbox 309 3695 1962 3772">
    <p class='ocr_par' dir='ltr' id='par_1_68' title="bbox 309 3695 1962 3772">
     <span class='ocr_line' id='line_1_68' title="bbox 309 3695 1962 3772; baseline -0.005 -14"><span class='ocrx_word' id='word_1_420' title='bbox 309 3703 397 3758; x_wconf 86' lang='lat' dir='ltr'>ira</span> <span class='ocrx_word' id='word_1_421' title='bbox 428 3718 750 3758; x_wconf 88' lang='lat' dir='ltr'>succensus</span> <span class='ocrx_word' id='word_1_422' title='bbox 783 3700 1049 3772; x_wconf 76' lang='lat' dir='ltr'>przel&#39;ecto</span> <span class='ocrx_word' id='word_1_423' title='bbox 1083 3697 1248 3754; x_wconf 89' lang='lat' dir='ltr'>urbis</span> <span class='ocrx_word' id='word_1_424' title='bbox 1306 3695 1628 3763; x_wconf 86' lang='lat' dir='ltr'>mandavit,</span> <span class='ocrx_word' id='word_1_425' title='bbox 1689 3699 1754 3750; x_wconf 92' lang='lat' dir='ltr'>ut</span> <span class='ocrx_word' id='word_1_426' title='bbox 1805 3710 1962 3750; x_wconf 89' lang='lat' dir='ltr'>com-</span> 
     </span>
    </p>
   </div>
   <div class='ocr_carea' id='block_1_69' title="bbox 311 3783 1963 3865">
    <p class='ocr_par' dir='ltr' id='par_1_69' title="bbox 311 3783 1963 3865">
     <span class='ocr_line' id='line_1_69' title="bbox 311 3783 1963 3865; baseline -0.006 -17"><span class='ocrx_word' id='word_1_427' title='bbox 311 3808 557 3865; x_wconf 88' lang='lat' dir='ltr'>prensos</span> <span class='ocrx_word' id='word_1_428' title='bbox 586 3790 717 3847; x_wconf 77' lang='lat' dir='ltr'>iilos</span> <span class='ocrx_word' id='word_1_429' title='bbox 750 3788 1130 3845; x_wconf 89' lang='lat' dir='ltr'>interimeret.</span> <span class='ocrx_word' id='word_1_430' title='bbox 1166 3786 1476 3842; x_wconf 72' lang='lat' dir='ltr'>Praefectus</span> <span class='ocrx_word' id='word_1_431' title='bbox 1509 3791 1703 3840; x_wconf 90' lang='lat' dir='ltr'>autem</span> <span class='ocrx_word' id='word_1_432' title='bbox 1736 3783 1963 3839; x_wconf 90' lang='lat' dir='ltr'>veritus</span> 
     </span>
    </p>
   </div>
   <div class='ocr_carea' id='block_1_70' title="bbox 310 3871 1963 3952">
    <p class='ocr_par' dir='ltr' id='par_1_70' title="bbox 310 3871 1963 3952">
     <span class='ocr_line' id='line_1_70' title="bbox 310 3871 1963 3952; baseline -0.004 -15"><span class='ocrx_word' id='word_1_433' title='bbox 310 3898 381 3937; x_wconf 92' lang='lat' dir='ltr'>ne</span> <span class='ocrx_word' id='word_1_434' title='bbox 410 3881 561 3936; x_wconf 89' lang='lat' dir='ltr'>inter</span> <span class='ocrx_word' id='word_1_435' title='bbox 592 3878 819 3952; x_wconf 83' lang='lat' dir='ltr'>plebem</span> <span class='ocrx_word' id='word_1_436' title='bbox 879 3878 1089 3935; x_wconf 89' lang='lat' dir='ltr'>seditio</span> <span class='ocrx_word' id='word_1_437' title='bbox 1147 3876 1488 3945; x_wconf 89' lang='lat' dir='ltr'>cooriretur,</span> <span class='ocrx_word' id='word_1_438' title='bbox 1521 3873 1687 3930; x_wconf 82' lang='lat' dir='ltr'>tinxit</span> <span class='ocrx_word' id='word_1_439' title='bbox 1739 3890 1799 3930; x_wconf 90' lang='lat' dir='ltr'>se</span> <span class='ocrx_word' id='word_1_440' title='bbox 1829 3871 1963 3930; x_wconf 88' lang='lat' dir='ltr'>illos</span> 
     </span>
    </p>
   </div>
   <div class='ocr_carea' id='block_1_71' title="bbox 309 3969 983 4043">
    <p class='ocr_par' dir='ltr' id='par_1_71' title="bbox 309 3969 983 4043">
     <span class='ocr_line' id='line_1_71' title="bbox 309 3969 983 4043; baseline -0.003 -16"><span class='ocrx_word' id='word_1_441' title='bbox 309 3971 370 4027; x_wconf 91' lang='lat' dir='ltr'>in</span> <span class='ocrx_word' id='word_1_442' title='bbox 402 3969 671 4026; x_wconf 85' lang='lat' dir='ltr'>exsilium</span> <span class='ocrx_word' id='word_1_443' title='bbox 700 3971 983 4043; x_wconf 84' lang='lat' dir='ltr'>relegare.</span> 
     </span>
    </p>
   </div>
   <div class='ocr_carea' id='block_1_72' title="bbox 378 4057 1958 4131">
    <p class='ocr_par' dir='ltr' id='par_1_72' title="bbox 378 4057 1958 4131">
     <span class='ocr_line' id='line_1_72' title="bbox 378 4057 1958 4131; baseline -0.004 -15"><span class='ocrx_word' id='word_1_444' title='bbox 378 4062 582 4131; x_wconf 89' lang='lat' dir='ltr'>Itaque</span> <span class='ocrx_word' id='word_1_445' title='bbox 612 4059 673 4114; x_wconf 91' lang='lat' dir='ltr'>in</span> <span class='ocrx_word' id='word_1_446' title='bbox 705 4059 1006 4130; x_wconf 89' lang='lat' dir='ltr'>navigium</span> <span class='ocrx_word' id='word_1_447' title='bbox 1043 4057 1290 4129; x_wconf 90' lang='lat' dir='ltr'>conjecti</span> <span class='ocrx_word' id='word_1_448' title='bbox 1351 4062 1510 4124; x_wconf 89' lang='lat' dir='ltr'>sunt,</span> <span class='ocrx_word' id='word_1_449' title='bbox 1577 4069 1830 4125; x_wconf 89' lang='lat' dir='ltr'>cumque</span> <span class='ocrx_word' id='word_1_450' title='bbox 1861 4070 1958 4109; x_wconf 88' lang='lat' dir='ltr'>na-</span> 
     </span>
    </p>
   </div>
   <div class='ocr_carea' id='block_1_73' title="bbox 304 4143 1959 4223">
    <p class='ocr_par' dir='ltr' id='par_1_73' title="bbox 304 4143 1959 4223">
     <span class='ocr_line' id='line_1_73' title="bbox 304 4143 1959 4223; baseline -0.004 -18"><span class='ocrx_word' id='word_1_451' title='bbox 304 4152 559 4223; x_wconf 80' lang='lat' dir='ltr'>vigando</span> <span class='ocrx_word' id='word_1_452' title='bbox 620 4149 877 4203; x_wconf 87' lang='lat' dir='ltr'>medium</span> <span class='ocrx_word' id='word_1_453' title='bbox 936 4146 1103 4202; x_wconf 89' lang='lat' dir='ltr'>sinus</span> <span class='ocrx_word' id='word_1_454' title='bbox 1179 4143 1450 4200; x_wconf 86' lang='lat' dir='ltr'>Astaceni</span> <span class='ocrx_word' id='word_1_455' title='bbox 1536 4146 1959 4215; x_wconf 89' lang='lat' dir='ltr'>penetrassent,</span> 
     </span>
    </p>
   </div>
   <div class='ocr_carea' id='block_1_74' title="bbox 306 4234 1962 4311">
    <p class='ocr_par' dir='ltr' id='par_1_74' title="bbox 306 4234 1962 4311">
     <span class='ocr_line' id='line_1_74' title="bbox 306 4234 1962 4311; baseline -0.007 -14"><span class='ocrx_word' id='word_1_456' title='bbox 306 4244 497 4297; x_wconf 66' lang='lat' dir='ltr'>nautae</span> <span class='ocrx_word' id='word_1_457' title='bbox 527 4241 701 4311; x_wconf 88' lang='lat' dir='ltr'>prout</span> <span class='ocrx_word' id='word_1_458' title='bbox 732 4236 844 4292; x_wconf 90' lang='lat' dir='ltr'>sibi</span> <span class='ocrx_word' id='word_1_459' title='bbox 904 4235 1251 4291; x_wconf 89' lang='lat' dir='ltr'>mandatum</span> <span class='ocrx_word' id='word_1_460' title='bbox 1312 4234 1518 4301; x_wconf 87' lang='lat' dir='ltr'>fuerat,</span> <span class='ocrx_word' id='word_1_461' title='bbox 1553 4234 1792 4288; x_wconf 89' lang='lat' dir='ltr'>incenso</span> <span class='ocrx_word' id='word_1_462' title='bbox 1853 4248 1962 4287; x_wconf 85' lang='lat' dir='ltr'>na-</span> 
     </span>
    </p>
   </div>
   <div class='ocr_carea' id='block_1_75' title="bbox 301 4321 1962 4403">
    <p class='ocr_par' dir='ltr' id='par_1_75' title="bbox 301 4321 1962 4403">
     <span class='ocr_line' id='line_1_75' title="bbox 301 4321 1962 4403; baseline -0.005 -18"><span class='ocrx_word' id='word_1_463' title='bbox 301 4330 478 4403; x_wconf 82' lang='lat' dir='ltr'>vigio,</span> <span class='ocrx_word' id='word_1_464' title='bbox 509 4328 624 4399; x_wconf 91' lang='lat' dir='ltr'>ipsi</span> <span class='ocrx_word' id='word_1_465' title='bbox 655 4326 887 4400; x_wconf 89' lang='lat' dir='ltr'>quidem</span> <span class='ocrx_word' id='word_1_466' title='bbox 942 4327 1000 4381; x_wconf 87' lang='lat' dir='ltr'>in</span> <span class='ocrx_word' id='word_1_467' title='bbox 1062 4322 1342 4395; x_wconf 67' lang='lat' dir='ltr'>scapham</span> <span class='ocrx_word' id='word_1_468' title='bbox 1401 4321 1765 4389; x_wconf 86' lang='lat' dir='ltr'>desilierunt,</span> <span class='ocrx_word' id='word_1_469' title='bbox 1798 4322 1962 4377; x_wconf 87' lang='lat' dir='ltr'>navis</span> 
     </span>
    </p>
   </div>
   <div class='ocr_carea' id='block_1_76' title="bbox 305 4410 1957 4484">
    <p class='ocr_par' dir='ltr' id='par_1_76' title="bbox 305 4410 1957 4484">
     <span class='ocr_line' id='line_1_76' title="bbox 305 4410 1957 4484; baseline -0.005 -10"><span class='ocrx_word' id='word_1_470' title='bbox 305 4425 500 4475; x_wconf 86' lang='lat' dir='ltr'>autem</span> <span class='ocrx_word' id='word_1_471' title='bbox 538 4423 683 4473; x_wconf 90' lang='lat' dir='ltr'>nutu</span> <span class='ocrx_word' id='word_1_472' title='bbox 743 4415 901 4471; x_wconf 91' lang='lat' dir='ltr'>venti</span> <span class='ocrx_word' id='word_1_473' title='bbox 956 4415 1071 4469; x_wconf 89' lang='lat' dir='ltr'>huc</span> <span class='ocrx_word' id='word_1_474' title='bbox 1125 4419 1182 4468; x_wconf 91' lang='lat' dir='ltr'>et</span> <span class='ocrx_word' id='word_1_475' title='bbox 1239 4411 1379 4468; x_wconf 89' lang='lat' dir='ltr'>illuc</span> <span class='ocrx_word' id='word_1_476' title='bbox 1423 4410 1638 4484; x_wconf 83' lang='lat' dir='ltr'>agitata</span> <span class='ocrx_word' id='word_1_477' title='bbox 1671 4427 1858 4482; x_wconf 91' lang='lat' dir='ltr'>usque</span> <span class='ocrx_word' id='word_1_478' title='bbox 1888 4411 1957 4466; x_wconf 89' lang='lat' dir='ltr'>ad</span> 
     </span>
    </p>
   </div>
   <div class='ocr_carea' id='block_1_77' title="bbox 303 4500 1958 4580">
    <p class='ocr_par' dir='ltr' id='par_1_77' title="bbox 303 4500 1958 4580">
     <span class='ocr_line' id='line_1_77' title="bbox 303 4500 1958 4580; baseline -0.005 -16"><span class='ocrx_word' id='word_1_479' title='bbox 303 4507 607 4564; x_wconf 88' lang='lat' dir='ltr'>Dacidizen</span> <span class='ocrx_word' id='word_1_480' title='bbox 642 4506 714 4580; x_wconf 89' lang='lat' dir='ltr'>(is</span> <span class='ocrx_word' id='word_1_481' title='bbox 744 4505 1050 4561; x_wconf 84' lang='lat' dir='ltr'>maritimae</span> <span class='ocrx_word' id='word_1_482' title='bbox 1111 4502 1394 4576; x_wconf 81' lang='lat' dir='ltr'>Bithynice</span> <span class='ocrx_word' id='word_1_483' title='bbox 1450 4500 1615 4557; x_wconf 91' lang='lat' dir='ltr'>locus</span> <span class='ocrx_word' id='word_1_484' title='bbox 1668 4502 1779 4572; x_wconf 87' lang='lat' dir='ltr'>est)</span> <span class='ocrx_word' id='word_1_485' title='bbox 1832 4517 1958 4570; x_wconf 85' lang='lat' dir='ltr'>per-</span> 
     </span>
    </p>
   </div>
   <div class='ocr_carea' id='block_1_78' title="bbox 303 4590 2035 4698">
    <p class='ocr_par' dir='ltr' id='par_1_78' title="bbox 303 4590 2035 4698">
     <span class='ocr_line' id='line_1_78' title="bbox 303 4590 2035 4698; baseline -0.006 -43"><span class='ocrx_word' id='word_1_486' title='bbox 303 4599 481 4666; x_wconf 90' lang='lat' dir='ltr'>venit,</span> <span class='ocrx_word' id='word_1_487' title='bbox 515 4598 714 4669; x_wconf 88' lang='lat' dir='ltr'>ibique</span> <span class='ocrx_word' id='word_1_488' title='bbox 746 4612 865 4653; x_wconf 88' lang='lat' dir='ltr'>una</span> <span class='ocrx_word' id='word_1_489' title='bbox 894 4610 1030 4651; x_wconf 90' lang='lat' dir='ltr'>cum</span> <span class='ocrx_word' id='word_1_490' title='bbox 1064 4594 1204 4650; x_wconf 76' lang='lat' dir='ltr'>viris</span> <span class='ocrx_word' id='word_1_491' title='bbox 1237 4608 1385 4664; x_wconf 91' lang='lat' dir='ltr'>quos</span> <span class='ocrx_word' id='word_1_492' title='bbox 1416 4590 1665 4648; x_wconf 87' lang='lat' dir='ltr'>vehebat</span> <span class='ocrx_word' id='word_1_493' title='bbox 1716 4607 1957 4663; x_wconf 88' lang='lat' dir='ltr'>prorsus</span> <span class='ocrx_word' id='word_1_494' title='bbox 1987 4632 2035 4698; x_wconf 71' lang='grc' dir='ltr'><strong>Β</strong></span> 
     </span>
    </p>
   </div>
   <div class='ocr_carea' id='block_1_79' title="bbox 302 4690 759 4760">
    <p class='ocr_par' dir='ltr' id='par_1_79' title="bbox 302 4690 759 4760">
     <span class='ocr_line' id='line_1_79' title="bbox 302 4690 759 4760; baseline -0.007 -15"><span class='ocrx_word' id='word_1_495' title='bbox 302 4690 619 4760; x_wconf 90' lang='lat' dir='ltr'>absumpta</span> <span class='ocrx_word' id='word_1_496' title='bbox 650 4691 759 4742; x_wconf 82' lang='lat' dir='ltr'>est.</span> 
     </span>
    </p>
   </div>
   <div class='ocr_carea' id='block_1_80' title="bbox 926 4801 1335 4858">
    <p class='ocr_par' dir='ltr' id='par_1_80' title="bbox 926 4801 1335 4858">
     <span class='ocr_line' id='line_1_80' title="bbox 926 4801 1335 4858; baseline -0.005 -1"><span class='ocrx_word' id='word_1_497' title='bbox 926 4801 1081 4858; x_wconf 85' lang='lat' dir='ltr'>CAP.</span> <span class='ocrx_word' id='word_1_498' title='bbox 1120 4801 1335 4857; x_wconf 84' lang='lat' dir='ltr'>XXXV.</span> 
     </span>
    </p>
   </div>
   <div class='ocr_carea' id='block_1_81' title="bbox 299 4913 1957 4989">
    <p class='ocr_par' dir='ltr' id='par_1_81' title="bbox 299 4913 1957 4989">
     <span class='ocr_line' id='line_1_81' title="bbox 299 4913 1957 4989; baseline -0.007 -9"><span class='ocrx_word' id='word_1_499' title='bbox 299 4926 448 4980; x_wconf 77' lang='lat' dir='ltr'>Laus</span> <span class='ocrx_word' id='word_1_500' title='bbox 480 4920 737 4979; x_wconf 68' lang='lat' dir='ltr'>Placillae</span> <span class='ocrx_word' id='word_1_501' title='bbox 794 4915 1174 4989; x_wconf 80' lang='lat' dir='ltr'>imperatricis</span> <span class='ocrx_word' id='word_1_502' title='bbox 1230 4916 1362 4986; x_wconf 89' lang='lat'>(70),</span> <span class='ocrx_word' id='word_1_503' title='bbox 1417 4929 1567 4989; x_wconf 66' lang='lat' dir='ltr'>quae</span> <span class='ocrx_word' id='word_1_504' title='bbox 1597 4913 1957 4989; x_wconf 66' lang='lat' dir='ltr'>Theodosium</span> 
     </span>
    </p>
   </div>
   <div class='ocr_carea' id='block_1_82' title="bbox 376 4985 1957 5066">
    <p class='ocr_par' dir='ltr' id='par_1_82' title="bbox 376 4985 1957 5066">
     <span class='ocr_line' id='line_1_82' title="bbox 376 4985 1957 5066; baseline -0.008 -13"><span class='ocrx_word' id='word_1_505' title='bbox 376 5002 640 5066; x_wconf 80' lang='lat' dir='ltr'>Magnum</span> <span class='ocrx_word' id='word_1_506' title='bbox 668 4985 955 5063; x_wconf 71' lang='lat' dir='ltr'>conjugem</span> <span class='ocrx_word' id='word_1_507' title='bbox 983 5005 1147 5044; x_wconf 78' lang='lat' dir='ltr'>suum</span> <span class='ocrx_word' id='word_1_508' title='bbox 1178 4991 1248 5044; x_wconf 83' lang='lat' dir='ltr'>ab</span> <span class='ocrx_word' id='word_1_509' title='bbox 1304 4985 1568 5043; x_wconf 77' lang='lat' dir='ltr'>Eunomii</span> <span class='ocrx_word' id='word_1_510' title='bbox 1622 4985 1826 5042; x_wconf 84' lang='lat' dir='ltr'>Ariani</span> <span class='ocrx_word' id='word_1_511' title='bbox 1851 4987 1957 5043; x_wconf 83' lang='lat' dir='ltr'>col-</span> 
     </span>
    </p>
   </div>
   <div class='ocr_carea' id='block_1_83' title="bbox 377 5067 885 5139">
    <p class='ocr_par' dir='ltr' id='par_1_83' title="bbox 377 5067 885 5139">
     <span class='ocr_line' id='line_1_83' title="bbox 377 5067 885 5139; baseline -0.014 -15"><span class='ocrx_word' id='word_1_512' title='bbox 377 5068 564 5139; x_wconf 82' lang='lat' dir='ltr'>loquio</span> <span class='ocrx_word' id='word_1_513' title='bbox 595 5067 885 5120; x_wconf 77' lang='lat' dir='ltr'>revocavit.</span> 
     </span>
    </p>
   </div>
   <div class='ocr_carea' id='block_1_84' title="bbox 366 5167 1954 5241">
    <p class='ocr_par' dir='ltr' id='par_1_84' title="bbox 366 5167 1954 5241">
     <span class='ocr_line' id='line_1_84' title="bbox 366 5167 1954 5241; baseline -0.007 -7"><span class='ocrx_word' id='word_1_514' title='bbox 366 5175 695 5234; x_wconf 85' lang='lat' dir='ltr'>Eunomius</span> <span class='ocrx_word' id='word_1_515' title='bbox 737 5174 960 5229; x_wconf 87' lang='lat' dir='ltr'>interea</span> <span class='ocrx_word' id='word_1_516' title='bbox 993 5169 1238 5241; x_wconf 88' lang='lat' dir='ltr'>privatis</span> <span class='ocrx_word' id='word_1_517' title='bbox 1266 5168 1327 5224; x_wconf 89' lang='lat' dir='ltr'>in</span> <span class='ocrx_word' id='word_1_518' title='bbox 1366 5168 1592 5224; x_wconf 66' lang='lat' dir='ltr'>edibus</span> <span class='ocrx_word' id='word_1_519' title='bbox 1650 5167 1864 5240; x_wconf 88' lang='lat' dir='ltr'>agebat</span> <span class='ocrx_word' id='word_1_520' title='bbox 1892 5167 1954 5224; x_wconf 89' lang='lat' dir='ltr'>in</span> 
     </span>
    </p>
   </div>
   <div class='ocr_carea' id='block_1_85' title="bbox 298 5256 1954 5339">
    <p class='ocr_par' dir='ltr' id='par_1_85' title="bbox 298 5256 1954 5339">
     <span class='ocr_line' id='line_1_85' title="bbox 298 5256 1954 5339; baseline -0.005 -16"><span class='ocrx_word' id='word_1_521' title='bbox 298 5266 571 5339; x_wconf 80' lang='lat' dir='ltr'>Bithynia</span> <span class='ocrx_word' id='word_1_522' title='bbox 601 5282 632 5322; x_wconf 85' lang='grc' dir='ltr'><strong>θ</strong></span> <span class='ocrx_word' id='word_1_523' title='bbox 664 5262 898 5336; x_wconf 80' lang='lat' dir='ltr'>regione</span> <span class='ocrx_word' id='word_1_524' title='bbox 928 5256 1539 5328; x_wconf 86' lang='lat' dir='ltr'>Constantinopoleos,</span> <span class='ocrx_word' id='word_1_525' title='bbox 1590 5258 1661 5313; x_wconf 88' lang='lat' dir='ltr'>ad</span> <span class='ocrx_word' id='word_1_526' title='bbox 1701 5273 1954 5329; x_wconf 89' lang='lat' dir='ltr'>eumque</span> 
     </span>
    </p>
   </div>
   <div class='ocr_carea' id='block_1_86' title="bbox 296 5347 1955 5431">
    <p class='ocr_par' dir='ltr' id='par_1_86' title="bbox 296 5347 1955 5431">
     <span class='ocr_line' id='line_1_86' title="bbox 296 5347 1955 5431; baseline -0.005 -19"><span class='ocrx_word' id='word_1_527' title='bbox 296 5355 553 5431; x_wconf 85' lang='lat' dir='ltr'>pepulus</span> <span class='ocrx_word' id='word_1_528' title='bbox 607 5354 852 5425; x_wconf 87' lang='lat' dir='ltr'>trajecto</span> <span class='ocrx_word' id='word_1_529' title='bbox 913 5350 1056 5404; x_wconf 79' lang='lat' dir='ltr'>freto</span> <span class='ocrx_word' id='word_1_530' title='bbox 1144 5347 1495 5404; x_wconf 88' lang='lat' dir='ltr'>conﬂuebat.</span> <span class='ocrx_word' id='word_1_531' title='bbox 1582 5347 1692 5401; x_wconf 85' lang='lat' dir='ltr'>Alii</span> <span class='ocrx_word' id='word_1_532' title='bbox 1777 5347 1955 5404; x_wconf 89' lang='lat' dir='ltr'>etiam</span> 
     </span>
    </p>
   </div>
   <div class='ocr_carea' id='block_1_87' title="bbox 295 5436 1949 5507">
    <p class='ocr_par' dir='ltr' id='par_1_87' title="bbox 295 5436 1949 5507">
     <span class='ocr_line' id='line_1_87' title="bbox 295 5436 1949 5507; baseline -0.006 -6"><span class='ocrx_word' id='word_1_533' title='bbox 295 5446 534 5502; x_wconf 89' lang='lat' dir='ltr'>aliunde</span> <span class='ocrx_word' id='word_1_534' title='bbox 588 5441 1032 5499; x_wconf 89' lang='lat' dir='ltr'>conveniebant.</span> <span class='ocrx_word' id='word_1_535' title='bbox 1093 5437 1278 5507; x_wconf 84' lang='lat' dir='ltr'>Cujus</span> <span class='ocrx_word' id='word_1_536' title='bbox 1335 5436 1417 5491; x_wconf 88' lang='lat' dir='ltr'>rei</span> <span class='ocrx_word' id='word_1_537' title='bbox 1475 5437 1633 5492; x_wconf 83' lang='lat' dir='ltr'>fama</span> <span class='ocrx_word' id='word_1_538' title='bbox 1689 5453 1821 5492; x_wconf 88' lang='lat' dir='ltr'>cum</span> <span class='ocrx_word' id='word_1_539' title='bbox 1878 5437 1949 5492; x_wconf 91' lang='lat' dir='ltr'>ad</span> 
     </span>
    </p>
   </div>
   <div class='ocr_carea' id='block_1_88' title="bbox 295 5524 1952 5602">
    <p class='ocr_par' dir='ltr' id='par_1_88' title="bbox 295 5524 1952 5602">
     <span class='ocr_line' id='line_1_88' title="bbox 295 5524 1952 5602; baseline -0.005 -11"><span class='ocrx_word' id='word_1_540' title='bbox 295 5533 607 5591; x_wconf 89' lang='lat' dir='ltr'>Theodosii</span> <span class='ocrx_word' id='word_1_541' title='bbox 639 5532 833 5602; x_wconf 83' lang='lat' dir='ltr'>Magni</span> <span class='ocrx_word' id='word_1_542' title='bbox 865 5544 1035 5586; x_wconf 87' lang='lat' dir='ltr'>aures</span> <span class='ocrx_word' id='word_1_543' title='bbox 1095 5525 1475 5600; x_wconf 80' lang='lat' dir='ltr'>pervenisset,</span> <span class='ocrx_word' id='word_1_544' title='bbox 1522 5524 1806 5598; x_wconf 86' lang='lat' dir='ltr'>gestiebat</span> <span class='ocrx_word' id='word_1_545' title='bbox 1854 5526 1952 5583; x_wconf 90' lang='lat' dir='ltr'>ille</span> 
     </span>
    </p>
   </div>
   <div class='ocr_carea' id='block_1_89' title="bbox 369 5638 965 5710">
    <p class='ocr_par' dir='ltr' id='par_1_89' title="bbox 369 5638 965 5710">
     <span class='ocr_line' id='line_1_89' title="bbox 369 5638 965 5710; baseline -0.008 -13"><span class='ocrx_word' id='word_1_546' title='bbox 369 5639 422 5676; x_wconf 75' lang='grc'>³⁸</span> <span class='ocrx_word' id='word_1_547' title='bbox 450 5640 655 5697; x_wconf 82' lang='lat' dir='ltr'>Matth.</span> <span class='ocrx_word' id='word_1_548' title='bbox 690 5655 844 5710; x_wconf 75' lang='lat' dir='ltr'>xxrv,</span> <span class='ocrx_word' id='word_1_549' title='bbox 874 5638 965 5693; x_wconf 81' lang='lat'>36.</span> 
     </span>
    </p>
   </div>
   <div class='ocr_carea' id='block_1_90' title="bbox 2073 3340 3725 3415">
    <p class='ocr_par' dir='ltr' id='par_1_90' title="bbox 2073 3340 3725 3415">
     <span class='ocr_line' id='line_1_90' title="bbox 2073 3340 3725 3415; baseline -0.002 -15"><span class='ocrx_word' id='word_1_550' title='bbox 2073 3343 2258 3400; x_wconf 85' lang='lat' dir='ltr'>tituit.</span> <span class='ocrx_word' id='word_1_551' title='bbox 2287 3345 2481 3415; x_wconf 86' lang='lat' dir='ltr'>Atque</span> <span class='ocrx_word' id='word_1_552' title='bbox 2509 3341 2827 3415; x_wconf 79' lang='lat' dir='ltr'>Eutychius</span> <span class='ocrx_word' id='word_1_553' title='bbox 2858 3341 3097 3412; x_wconf 90' lang='lat' dir='ltr'>quidam</span> <span class='ocrx_word' id='word_1_554' title='bbox 3129 3340 3725 3412; x_wconf 83' lang='lat' dir='ltr'>Constantinopolita-</span> 
     </span>
    </p>
   </div>
   <div class='ocr_carea' id='block_1_91' title="bbox 2075 3429 3725 3503">
    <p class='ocr_par' dir='ltr' id='par_1_91' title="bbox 2075 3429 3725 3503">
     <span class='ocr_line' id='line_1_91' title="bbox 2075 3429 3725 3503; baseline -0.001 -16"><span class='ocrx_word' id='word_1_555' title='bbox 2075 3449 2191 3488; x_wconf 91' lang='lat' dir='ltr'>nus</span> <span class='ocrx_word' id='word_1_556' title='bbox 2219 3432 2362 3489; x_wconf 87' lang='lat' dir='ltr'>civis</span> <span class='ocrx_word' id='word_1_557' title='bbox 2422 3431 2690 3488; x_wconf 88' lang='lat' dir='ltr'>Eunomii</span> <span class='ocrx_word' id='word_1_558' title='bbox 2756 3429 3082 3501; x_wconf 86' lang='lat' dir='ltr'>discipulus</span> <span class='ocrx_word' id='word_1_559' title='bbox 3143 3431 3436 3503; x_wconf 89' lang='lat' dir='ltr'>propriam</span> <span class='ocrx_word' id='word_1_560' title='bbox 3493 3433 3551 3486; x_wconf 91' lang='lat' dir='ltr'>et</span> <span class='ocrx_word' id='word_1_561' title='bbox 3597 3431 3725 3501; x_wconf 89' lang='lat' dir='ltr'>ipse</span> 
     </span>
    </p>
   </div>
   <div class='ocr_carea' id='block_1_92' title="bbox 2074 3521 3723 3595">
    <p class='ocr_par' dir='ltr' id='par_1_92' title="bbox 2074 3521 3723 3595">
     <span class='ocr_line' id='line_1_92' title="bbox 2074 3521 3723 3595; baseline -0.001 -16"><span class='ocrx_word' id='word_1_562' title='bbox 2074 3528 2273 3594; x_wconf 82' lang='lat' dir='ltr'>postea</span> <span class='ocrx_word' id='word_1_563' title='bbox 2304 3524 2646 3595; x_wconf 89' lang='lat' dir='ltr'>hujusmodi</span> <span class='ocrx_word' id='word_1_564' title='bbox 2706 3524 2780 3579; x_wconf 90' lang='lat' dir='ltr'>de</span> <span class='ocrx_word' id='word_1_565' title='bbox 2835 3539 3017 3579; x_wconf 89' lang='lat' dir='ltr'>causa</span> <span class='ocrx_word' id='word_1_566' title='bbox 3071 3521 3343 3579; x_wconf 75' lang='lat' dir='ltr'>haeresim</span> <span class='ocrx_word' id='word_1_567' title='bbox 3396 3523 3723 3580; x_wconf 83' lang='lat' dir='ltr'>constituit.</span> 
     </span>
    </p>
   </div>
   <div class='ocr_carea' id='block_1_93' title="bbox 2071 3610 3725 3684">
    <p class='ocr_par' dir='ltr' id='par_1_93' title="bbox 2071 3610 3725 3684">
     <span class='ocr_line' id='line_1_93' title="bbox 2071 3610 3725 3684; baseline 0.001 -16"><span class='ocrx_word' id='word_1_568' title='bbox 2071 3611 2424 3668; x_wconf 86' lang='lat' dir='ltr'>Eunomiani</span> <span class='ocrx_word' id='word_1_569' title='bbox 2450 3610 2950 3681; x_wconf 89' lang='lat' dir='ltr'>Constantinopoli</span> <span class='ocrx_word' id='word_1_570' title='bbox 2981 3611 3259 3680; x_wconf 85' lang='lat' dir='ltr'>degentes</span> <span class='ocrx_word' id='word_1_571' title='bbox 3291 3612 3535 3668; x_wconf 88' lang='lat' dir='ltr'>extremi</span> <span class='ocrx_word' id='word_1_572' title='bbox 3558 3614 3725 3684; x_wconf 90' lang='lat' dir='ltr'>judi-</span> 
     </span>
    </p>
   </div>
   <div class='ocr_carea' id='block_1_94' title="bbox 2073 3698 3723 3770">
    <p class='ocr_par' dir='ltr' id='par_1_94' title="bbox 2073 3698 3723 3770">
     <span class='ocr_line' id='line_1_94' title="bbox 2073 3698 3723 3770; baseline 0.001 -13"><span class='ocrx_word' id='word_1_573' title='bbox 2073 3702 2145 3757; x_wconf 92' lang='lat' dir='ltr'>cii</span> <span class='ocrx_word' id='word_1_574' title='bbox 2179 3700 2382 3757; x_wconf 90' lang='lat' dir='ltr'>horam</span> <span class='ocrx_word' id='word_1_575' title='bbox 2413 3699 2554 3756; x_wconf 83' lang='lat' dir='ltr'>Filio</span> <span class='ocrx_word' id='word_1_576' title='bbox 2589 3700 2685 3755; x_wconf 89' lang='lat' dir='ltr'>Dei</span> <span class='ocrx_word' id='word_1_577' title='bbox 2710 3698 3069 3769; x_wconf 83' lang='lat' dir='ltr'>incognitam</span> <span class='ocrx_word' id='word_1_578' title='bbox 3097 3714 3227 3754; x_wconf 89' lang='lat' dir='ltr'>esse</span> <span class='ocrx_word' id='word_1_579' title='bbox 3258 3700 3553 3770; x_wconf 86' lang='lat' dir='ltr'>dicebant,</span> <span class='ocrx_word' id='word_1_580' title='bbox 3571 3702 3723 3758; x_wconf 87' lang='lat' dir='ltr'>male</span> 
     </span>
    </p>
   </div>
   <div class='ocr_carea' id='block_1_95' title="bbox 2070 3788 3726 3860">
    <p class='ocr_par' dir='ltr' id='par_1_95' title="bbox 2070 3788 3726 3860">
     <span class='ocr_line' id='line_1_95' title="bbox 2070 3788 3726 3860; baseline -0.001 -13"><span class='ocrx_word' id='word_1_581' title='bbox 2070 3790 2266 3847; x_wconf 91' lang='lat' dir='ltr'>locum</span> <span class='ocrx_word' id='word_1_582' title='bbox 2298 3789 2687 3860; x_wconf 83' lang='lat' dir='ltr'>intelligentes</span> <span class='ocrx_word' id='word_1_583' title='bbox 2719 3804 2734 3845; x_wconf 89' lang='lat'>:</span> <span class='ocrx_word' id='word_1_584' title='bbox 2794 3789 2958 3845; x_wconf 84' lang='lat' dir='ltr'>Nemo</span> <span class='ocrx_word' id='word_1_585' title='bbox 3014 3790 3168 3844; x_wconf 75' lang='lat' dir='ltr'>novit</span> <span class='ocrx_word' id='word_1_586' title='bbox 3203 3788 3318 3844; x_wconf 78' lang='lat' dir='ltr'>nisi</span> <span class='ocrx_word' id='word_1_587' title='bbox 3353 3789 3522 3846; x_wconf 79' lang='lat' dir='ltr'>Pater</span> <span class='ocrx_word' id='word_1_588' title='bbox 3549 3788 3616 3844; x_wconf 79' lang='grc'>³⁸.</span> <span class='ocrx_word' id='word_1_589' title='bbox 3650 3793 3726 3846; x_wconf 84' lang='lat' dir='ltr'>At</span> 
     </span>
    </p>
   </div>
   <div class='ocr_carea' id='block_1_96' title="bbox 2071 3877 3726 3952">
    <p class='ocr_par' dir='ltr' id='par_1_96' title="bbox 2071 3877 3726 3952">
     <span class='ocr_line' id='line_1_96' title="bbox 2071 3877 3726 3952; baseline 0.001 -17"><span class='ocrx_word' id='word_1_590' title='bbox 2071 3878 2393 3952; x_wconf 81' lang='lat' dir='ltr'>Eutychius</span> <span class='ocrx_word' id='word_1_591' title='bbox 2422 3878 2566 3934; x_wconf 86' lang='lat' dir='ltr'>Filio</span> <span class='ocrx_word' id='word_1_592' title='bbox 2596 3894 2828 3951; x_wconf 91' lang='lat' dir='ltr'>quoque</span> <span class='ocrx_word' id='word_1_593' title='bbox 2858 3877 3060 3933; x_wconf 89' lang='lat' dir='ltr'>horam</span> <span class='ocrx_word' id='word_1_594' title='bbox 3094 3877 3252 3934; x_wconf 87' lang='lat' dir='ltr'>illam</span> <span class='ocrx_word' id='word_1_595' title='bbox 3274 3879 3465 3935; x_wconf 89' lang='lat' dir='ltr'>Patris</span> <span class='ocrx_word' id='word_1_596' title='bbox 3507 3884 3726 3937; x_wconf 84' lang='lat' dir='ltr'>creato-</span> 
     </span>
    </p>
   </div>
   <div class='ocr_carea' id='block_1_97' title="bbox 2072 3968 3723 4042">
    <p class='ocr_par' dir='ltr' id='par_1_97' title="bbox 2072 3968 3723 4042">
     <span class='ocr_line' id='line_1_97' title="bbox 2072 3968 3723 4042; baseline -0.001 -16"><span class='ocrx_word' id='word_1_597' title='bbox 2072 3970 2270 4042; x_wconf 88' lang='lat' dir='ltr'>risque</span> <span class='ocrx_word' id='word_1_598' title='bbox 2302 3970 2394 4025; x_wconf 86' lang='lat' dir='ltr'>sui</span> <span class='ocrx_word' id='word_1_599' title='bbox 2418 3968 2697 4025; x_wconf 85' lang='lat' dir='ltr'>beneﬁcio</span> <span class='ocrx_word' id='word_1_600' title='bbox 2729 3968 3021 4040; x_wconf 87' lang='lat' dir='ltr'>cognitam</span> <span class='ocrx_word' id='word_1_601' title='bbox 3069 3983 3198 4024; x_wconf 88' lang='lat' dir='ltr'>esse</span> <span class='ocrx_word' id='word_1_602' title='bbox 3252 3968 3572 4025; x_wconf 87' lang='lat' dir='ltr'>astruebat.</span> <span class='ocrx_word' id='word_1_603' title='bbox 3607 3973 3723 4025; x_wconf 86' lang='lat' dir='ltr'>Ita-</span> 
     </span>
    </p>
   </div>
   <div class='ocr_carea' id='block_1_98' title="bbox 2072 4056 3723 4132">
    <p class='ocr_par' dir='ltr' id='par_1_98' title="bbox 2072 4056 3723 4132">
     <span class='ocr_line' id='line_1_98' title="bbox 2072 4056 3723 4132; baseline -0.001 -18"><span class='ocrx_word' id='word_1_604' title='bbox 2072 4075 2185 4131; x_wconf 89' lang='lat' dir='ltr'>que</span> <span class='ocrx_word' id='word_1_605' title='bbox 2218 4059 2466 4132; x_wconf 85' lang='lat' dir='ltr'>prol&#39;eclo</span> <span class='ocrx_word' id='word_1_606' title='bbox 2500 4057 2779 4130; x_wconf 83' lang='lat' dir='ltr'>Eutycbio</span> <span class='ocrx_word' id='word_1_607' title='bbox 2809 4058 2880 4113; x_wconf 87' lang='lat' dir='ltr'>ad</span> <span class='ocrx_word' id='word_1_608' title='bbox 2916 4056 3262 4112; x_wconf 87' lang='lat' dir='ltr'>Eunomium</span> <span class='ocrx_word' id='word_1_609' title='bbox 3295 4073 3363 4113; x_wconf 89' lang='lat' dir='ltr'>eo</span> <span class='ocrx_word' id='word_1_610' title='bbox 3423 4057 3520 4113; x_wconf 91' lang='lat' dir='ltr'>ubi</span> <span class='ocrx_word' id='word_1_611' title='bbox 3550 4075 3723 4113; x_wconf 85' lang='lat' dir='ltr'>exsu-</span> 
     </span>
    </p>
   </div>
   <div class='ocr_carea' id='block_1_99' title="bbox 2072 4146 3722 4219">
    <p class='ocr_par' dir='ltr' id='par_1_99' title="bbox 2072 4146 3722 4219">
     <span class='ocr_line' id='line_1_99' title="bbox 2072 4146 3722 4219; baseline -0.002 -14"><span class='ocrx_word' id='word_1_612' title='bbox 2072 4150 2250 4217; x_wconf 85' lang='lat' dir='ltr'>labat,</span> <span class='ocrx_word' id='word_1_613' title='bbox 2286 4148 2703 4219; x_wconf 88' lang='lat' dir='ltr'>nonnullisque</span> <span class='ocrx_word' id='word_1_614' title='bbox 2735 4147 2865 4203; x_wconf 89' lang='lat' dir='ltr'>aliis</span> <span class='ocrx_word' id='word_1_615' title='bbox 2896 4146 3276 4203; x_wconf 84' lang='lat' dir='ltr'>Eunomianis</span> <span class='ocrx_word' id='word_1_616' title='bbox 3307 4163 3426 4202; x_wconf 85' lang='lat' dir='ltr'>una</span> <span class='ocrx_word' id='word_1_617' title='bbox 3454 4162 3589 4203; x_wconf 88' lang='lat' dir='ltr'>cum</span> <span class='ocrx_word' id='word_1_618' title='bbox 3622 4146 3722 4203; x_wconf 90' lang='lat' dir='ltr'>illo</span> 
     </span>
    </p>
   </div>
   <div class='ocr_carea' id='block_1_100' title="bbox 2071 4235 3724 4309">
    <p class='ocr_par' dir='ltr' id='par_1_100' title="bbox 2071 4235 3724 4309">
     <span class='ocr_line' id='line_1_100' title="bbox 2071 4235 3724 4309; baseline -0.002 -14"><span class='ocrx_word' id='word_1_619' title='bbox 2071 4239 2328 4308; x_wconf 85' lang='lat' dir='ltr'>omissis,</span> <span class='ocrx_word' id='word_1_620' title='bbox 2361 4239 2460 4308; x_wconf 90' lang='lat' dir='ltr'>qui</span> <span class='ocrx_word' id='word_1_621' title='bbox 2490 4238 2654 4293; x_wconf 90' lang='lat' dir='ltr'>dubii</span> <span class='ocrx_word' id='word_1_622' title='bbox 2685 4237 3038 4295; x_wconf 84' lang='lat' dir='ltr'>solutionem</span> <span class='ocrx_word' id='word_1_623' title='bbox 3071 4236 3144 4291; x_wconf 89' lang='lat' dir='ltr'>ab</span> <span class='ocrx_word' id='word_1_624' title='bbox 3175 4236 3461 4291; x_wconf 82' lang='lat' dir='ltr'>Eunomio</span> <span class='ocrx_word' id='word_1_625' title='bbox 3502 4235 3724 4309; x_wconf 86' lang='lat' dir='ltr'>accipe-</span> 
     </span>
    </p>
   </div>
   <div class='ocr_carea' id='block_1_101' title="bbox 2071 4324 3724 4397">
    <p class='ocr_par' dir='ltr' id='par_1_101' title="bbox 2071 4324 3724 4397">
     <span class='ocr_line' id='line_1_101' title="bbox 2071 4324 3724 4397; baseline -0.001 -15"><span class='ocrx_word' id='word_1_626' title='bbox 2071 4335 2218 4397; x_wconf 87' lang='lat' dir='ltr'>rent,</span> <span class='ocrx_word' id='word_1_627' title='bbox 2250 4326 2575 4382; x_wconf 87' lang='lat' dir='ltr'>Eunomius</span> <span class='ocrx_word' id='word_1_628' title='bbox 2614 4325 2878 4397; x_wconf 83' lang='lat' dir='ltr'>Eutychii</span> <span class='ocrx_word' id='word_1_629' title='bbox 2910 4325 3258 4381; x_wconf 87' lang='lat' dir='ltr'>sententiam</span> <span class='ocrx_word' id='word_1_630' title='bbox 3297 4324 3487 4395; x_wconf 89' lang='lat' dir='ltr'>magis</span> <span class='ocrx_word' id='word_1_631' title='bbox 3518 4342 3724 4397; x_wconf 86' lang='lat' dir='ltr'>appro-</span> 
     </span>
    </p>
   </div>
   <div class='ocr_carea' id='block_1_102' title="bbox 2070 4413 3728 4487">
    <p class='ocr_par' dir='ltr' id='par_1_102' title="bbox 2070 4413 3728 4487">
     <span class='ocr_line' id='line_1_102' title="bbox 2070 4413 3728 4487; baseline -0.001 -14"><span class='ocrx_word' id='word_1_632' title='bbox 2070 4416 2801 4473; x_wconf 88' lang='lat' dir='ltr'>bavit.Verumenimvero</span> <span class='ocrx_word' id='word_1_633' title='bbox 2859 4431 2993 4472; x_wconf 90' lang='lat' dir='ltr'>eum</span> <span class='ocrx_word' id='word_1_634' title='bbox 3053 4431 3169 4470; x_wconf 92' lang='lat' dir='ltr'>non</span> <span class='ocrx_word' id='word_1_635' title='bbox 3227 4414 3307 4470; x_wconf 89' lang='lat' dir='ltr'>ita</span> <span class='ocrx_word' id='word_1_636' title='bbox 3364 4413 3548 4470; x_wconf 90' lang='lat' dir='ltr'>multo</span> <span class='ocrx_word' id='word_1_637' title='bbox 3595 4421 3728 4487; x_wconf 91' lang='lat' dir='ltr'>post</span> 
     </span>
    </p>
   </div>
   <div class='ocr_carea' id='block_1_103' title="bbox 2067 4503 3725 4576">
    <p class='ocr_par' dir='ltr' id='par_1_103' title="bbox 2067 4503 3725 4576">
     <span class='ocr_line' id='line_1_103' title="bbox 2067 4503 3725 4576; baseline -0.003 -14"><span class='ocrx_word' id='word_1_638' title='bbox 2067 4504 2688 4575; x_wconf 85' lang='lat' dir='ltr'>Eunomius&#39;obiisset,</span> <span class='ocrx_word' id='word_1_639' title='bbox 2721 4504 2772 4561; x_wconf 91' lang='lat' dir='ltr'>is</span> <span class='ocrx_word' id='word_1_640' title='bbox 2802 4505 2905 4576; x_wconf 88' lang='lat' dir='ltr'>qui</span> <span class='ocrx_word' id='word_1_641' title='bbox 2943 4503 3448 4576; x_wconf 89' lang='lat' dir='ltr'>Constantinopoli</span> <span class='ocrx_word' id='word_1_642' title='bbox 3497 4504 3725 4559; x_wconf 67' lang='lat' dir='ltr'>haereti-</span> 
     </span>
    </p>
   </div>
   <div class='ocr_carea' id='block_1_104' title="bbox 2068 4593 3718 4668">
    <p class='ocr_par' dir='ltr' id='par_1_104' title="bbox 2068 4593 3718 4668">
     <span class='ocr_line' id='line_1_104' title="bbox 2068 4593 3718 4668; baseline -0.002 -17"><span class='ocrx_word' id='word_1_643' title='bbox 2068 4596 2152 4651; x_wconf 91' lang='lat' dir='ltr'>cis</span> <span class='ocrx_word' id='word_1_644' title='bbox 2183 4598 2451 4668; x_wconf 68' lang='lat' dir='ltr'>praeerat,</span> <span class='ocrx_word' id='word_1_645' title='bbox 2512 4595 2859 4667; x_wconf 81' lang='lat' dir='ltr'>Eutychium</span> <span class='ocrx_word' id='word_1_646' title='bbox 2914 4610 2980 4650; x_wconf 92' lang='lat' dir='ltr'>eo</span> <span class='ocrx_word' id='word_1_647' title='bbox 3028 4593 3262 4650; x_wconf 90' lang='lat' dir='ltr'>nomine</span> <span class='ocrx_word' id='word_1_648' title='bbox 3293 4609 3527 4659; x_wconf 87' lang='lat' dir='ltr'>exosus,</span> <span class='ocrx_word' id='word_1_649' title='bbox 3559 4594 3718 4664; x_wconf 91' lang='lat' dir='ltr'>quod</span> 
     </span>
    </p>
   </div>
   <div class='ocr_carea' id='block_1_105' title="bbox 2067 4682 3718 4759">
    <p class='ocr_par' dir='ltr' id='par_1_105' title="bbox 2067 4682 3718 4759">
     <span class='ocr_line' id='line_1_105' title="bbox 2067 4682 3718 4759; baseline -0.002 -18"><span class='ocrx_word' id='word_1_650' title='bbox 2067 4686 2140 4741; x_wconf 90' lang='lat' dir='ltr'>ab</span> <span class='ocrx_word' id='word_1_651' title='bbox 2174 4686 2455 4742; x_wconf 87' lang='lat' dir='ltr'>Eunomio</span> <span class='ocrx_word' id='word_1_652' title='bbox 2496 4686 2856 4759; x_wconf 88' lang='lat' dir='ltr'>approbatus</span> <span class='ocrx_word' id='word_1_653' title='bbox 2905 4689 3079 4752; x_wconf 90' lang='lat' dir='ltr'>esset,</span> <span class='ocrx_word' id='word_1_654' title='bbox 3139 4685 3448 4739; x_wconf 88' lang='lat' dir='ltr'>admittere</span> <span class='ocrx_word' id='word_1_655' title='bbox 3503 4682 3718 4752; x_wconf 91' lang='lat' dir='ltr'>noluit,</span> 
     </span>
    </p>
   </div>
   <div class='ocr_carea' id='block_1_106' title="bbox 2066 4772 3713 4847">
    <p class='ocr_par' dir='ltr' id='par_1_106' title="bbox 2066 4772 3713 4847">
     <span class='ocr_line' id='line_1_106' title="bbox 2066 4772 3713 4847; baseline -0.002 -16"><span class='ocrx_word' id='word_1_656' title='bbox 2066 4780 2246 4847; x_wconf 87' lang='lat' dir='ltr'>atque</span> <span class='ocrx_word' id='word_1_657' title='bbox 2277 4774 2361 4830; x_wconf 89' lang='lat' dir='ltr'>ita</span> <span class='ocrx_word' id='word_1_658' title='bbox 2392 4774 2489 4831; x_wconf 89' lang='lat' dir='ltr'>ille</span> <span class='ocrx_word' id='word_1_659' title='bbox 2544 4774 2618 4829; x_wconf 90' lang='lat' dir='ltr'>ad</span> <span class='ocrx_word' id='word_1_660' title='bbox 2668 4775 2960 4845; x_wconf 88' lang='lat' dir='ltr'>propriam</span> <span class='ocrx_word' id='word_1_661' title='bbox 3017 4772 3288 4829; x_wconf 64' lang='lat' dir='ltr'>haeresim</span> <span class='ocrx_word' id='word_1_662' title='bbox 3333 4772 3713 4828; x_wconf 87' lang='lat' dir='ltr'>astruendam</span> 
     </span>
    </p>
   </div>
   <div class='ocr_carea' id='block_1_107' title="bbox 2065 4863 3022 4922">
    <p class='ocr_par' dir='ltr' id='par_1_107' title="bbox 2065 4863 3022 4922">
     <span class='ocr_line' id='line_1_107' title="bbox 2065 4863 3022 4922; baseline -0.004 0"><span class='ocrx_word' id='word_1_663' title='bbox 2065 4865 2325 4922; x_wconf 88' lang='lat' dir='ltr'>secessit.</span> <span class='ocrx_word' id='word_1_664' title='bbox 2356 4864 2464 4920; x_wconf 88' lang='lat' dir='ltr'>Sed</span> <span class='ocrx_word' id='word_1_665' title='bbox 2496 4864 2566 4920; x_wconf 90' lang='lat' dir='ltr'>de</span> <span class='ocrx_word' id='word_1_666' title='bbox 2596 4863 2688 4920; x_wconf 79' lang='lat' dir='ltr'>his</span> <span class='ocrx_word' id='word_1_667' title='bbox 2718 4863 3022 4919; x_wconf 87' lang='lat' dir='ltr'>hactenus.</span> 
     </span>
    </p>
   </div>
   <div class='ocr_carea' id='block_1_108' title="bbox 2652 5004 3123 5062">
    <p class='ocr_par' dir='ltr' id='par_1_108' title="bbox 2652 5004 3123 5062">
     <span class='ocr_line' id='line_1_108' title="bbox 2652 5004 3123 5062; baseline -0.002 -1"><span class='ocrx_word' id='word_1_668' title='bbox 2652 5007 2804 5061; x_wconf 80' lang='lat' dir='ltr'>CAP.</span> <span class='ocrx_word' id='word_1_669' title='bbox 2862 5004 3123 5062; x_wconf 78' lang='lat' dir='ltr'>XXXVII.</span> 
     </span>
    </p>
   </div>
   <div class='ocr_carea' id='block_1_109' title="bbox 2066 5130 3716 5203">
    <p class='ocr_par' dir='ltr' id='par_1_109' title="bbox 2066 5130 3716 5203">
     <span class='ocr_line' id='line_1_109' title="bbox 2066 5130 3716 5203; baseline -0.001 -12"><span class='ocrx_word' id='word_1_670' title='bbox 2066 5134 2206 5203; x_wconf 83' lang='lat' dir='ltr'>Quid</span> <span class='ocrx_word' id='word_1_671' title='bbox 2235 5134 2536 5190; x_wconf 78' lang='lat' dir='ltr'>Eunomius</span> <span class='ocrx_word' id='word_1_672' title='bbox 2566 5133 2643 5187; x_wconf 88' lang='lat' dir='ltr'>ad</span> <span class='ocrx_word' id='word_1_673' title='bbox 2672 5133 3032 5202; x_wconf 67' lang='lat' dir='ltr'>praeceptoris</span> <span class='ocrx_word' id='word_1_674' title='bbox 3063 5130 3209 5188; x_wconf 80' lang='lat' dir='ltr'>Aetii</span> <span class='ocrx_word' id='word_1_675' title='bbox 3255 5133 3497 5190; x_wconf 70' lang='lat' dir='ltr'>haereses</span> <span class='ocrx_word' id='word_1_676' title='bbox 3555 5133 3716 5190; x_wconf 81' lang='lat' dir='ltr'>addi-</span> 
     </span>
    </p>
   </div>
   <div class='ocr_carea' id='block_1_110' title="bbox 2322 5203 3448 5277">
    <p class='ocr_par' dir='ltr' id='par_1_110' title="bbox 2322 5203 3448 5277">
     <span class='ocr_line' id='line_1_110' title="bbox 2322 5203 3448 5277; baseline 0.001 -16"><span class='ocrx_word' id='word_1_677' title='bbox 2322 5205 2494 5261; x_wconf 77' lang='lat' dir='ltr'>derit.</span> <span class='ocrx_word' id='word_1_678' title='bbox 2525 5206 2707 5261; x_wconf 79' lang='lat' dir='ltr'>Mirus</span> <span class='ocrx_word' id='word_1_679' title='bbox 2735 5203 2980 5276; x_wconf 81' lang='lat' dir='ltr'>ejusdem</span> <span class='ocrx_word' id='word_1_680' title='bbox 3007 5204 3448 5277; x_wconf 68' lang='lat' dir='ltr'>anabaptismus.</span> 
     </span>
    </p>
   </div>
   <div class='ocr_carea' id='block_1_111' title="bbox 2133 5349 3715 5423">
    <p class='ocr_par' dir='ltr' id='par_1_111' title="bbox 2133 5349 3715 5423">
     <span class='ocr_line' id='line_1_111' title="bbox 2133 5349 3715 5423; baseline 0.001 -16"><span class='ocrx_word' id='word_1_681' title='bbox 2133 5349 2444 5407; x_wconf 89' lang='lat' dir='ltr'>Sciendum</span> <span class='ocrx_word' id='word_1_682' title='bbox 2468 5366 2637 5421; x_wconf 92' lang='lat' dir='ltr'>porro</span> <span class='ocrx_word' id='word_1_683' title='bbox 2693 5354 2783 5406; x_wconf 89' lang='lat' dir='ltr'>est</span> <span class='ocrx_word' id='word_1_684' title='bbox 2836 5353 3072 5406; x_wconf 69' lang='lat' dir='ltr'>caeteros</span> <span class='ocrx_word' id='word_1_685' title='bbox 3122 5365 3326 5407; x_wconf 90' lang='lat' dir='ltr'>omnes</span> <span class='ocrx_word' id='word_1_686' title='bbox 3374 5350 3715 5423; x_wconf 87' lang='lat' dir='ltr'>scriptores,</span> 
     </span>
    </p>
   </div>
   <div class='ocr_carea' id='block_1_112' title="bbox 2060 5438 3719 5511">
    <p class='ocr_par' dir='ltr' id='par_1_112' title="bbox 2060 5438 3719 5511">
     <span class='ocr_line' id='line_1_112' title="bbox 2060 5438 3719 5511; baseline 0.001 -16"><span class='ocrx_word' id='word_1_687' title='bbox 2060 5439 2213 5495; x_wconf 80' lang='lat' dir='ltr'>inter</span> <span class='ocrx_word' id='word_1_688' title='bbox 2242 5456 2391 5511; x_wconf 91' lang='lat' dir='ltr'>quos</span> <span class='ocrx_word' id='word_1_689' title='bbox 2420 5444 2509 5495; x_wconf 91' lang='lat' dir='ltr'>est</span> <span class='ocrx_word' id='word_1_690' title='bbox 2564 5438 2978 5506; x_wconf 82' lang='lat' dir='ltr'>&#39;l‘heodorilus,</span> <span class='ocrx_word' id='word_1_691' title='bbox 3009 5438 3070 5495; x_wconf 91' lang='lat' dir='ltr'>in</span> <span class='ocrx_word' id='word_1_692' title='bbox 3100 5455 3169 5495; x_wconf 90' lang='lat' dir='ltr'>ea</span> <span class='ocrx_word' id='word_1_693' title='bbox 3216 5454 3345 5494; x_wconf 89' lang='lat' dir='ltr'>esse</span> <span class='ocrx_word' id='word_1_694' title='bbox 3400 5440 3719 5508; x_wconf 88' lang='lat' dir='ltr'>sententia,</span> 
     </span>
    </p>
   </div>
   <div class='ocr_carea' id='block_1_113' title="bbox 2063 5527 3720 5601">
    <p class='ocr_par' dir='ltr' id='par_1_113' title="bbox 2063 5527 3720 5601">
     <span class='ocr_line' id='line_1_113' title="bbox 2063 5527 3720 5601; baseline 0.002 -18"><span class='ocrx_word' id='word_1_695' title='bbox 2063 5533 2129 5584; x_wconf 89' lang='lat' dir='ltr'>ut</span> <span class='ocrx_word' id='word_1_696' title='bbox 2154 5527 2478 5585; x_wconf 90' lang='lat' dir='ltr'>Eunomius</span> <span class='ocrx_word' id='word_1_697' title='bbox 2520 5530 2894 5601; x_wconf 81' lang='lat' dir='ltr'>praeceptoris</span> <span class='ocrx_word' id='word_1_698' title='bbox 2952 5527 3045 5585; x_wconf 87' lang='lat' dir='ltr'>sui</span> <span class='ocrx_word' id='word_1_699' title='bbox 3102 5527 3252 5583; x_wconf 90' lang='lat' dir='ltr'>Aetii</span> <span class='ocrx_word' id='word_1_700' title='bbox 3282 5528 3577 5600; x_wconf 84' lang='lat' dir='ltr'>dogmatis</span> <span class='ocrx_word' id='word_1_701' title='bbox 3602 5545 3720 5587; x_wconf 89' lang='lat' dir='ltr'>non</span> 
     </span>
    </p>
   </div>
   <div class='ocr_carea' id='block_1_114' title="bbox 373 5724 2067 5822">
    <p class='ocr_par' dir='ltr' id='par_1_114' title="bbox 373 5724 2067 5822">
     <span class='ocr_line' id='line_1_114' title="bbox 373 5724 2067 5822; baseline -0.002 -21"><span class='ocrx_word' id='word_1_702' title='bbox 373 5749 487 5822; x_wconf 87' lang='lat'>(70)</span> <span class='ocrx_word' id='word_1_703' title='bbox 517 5748 599 5806; x_wconf 91' lang='lat' dir='ltr'>De</span> <span class='ocrx_word' id='word_1_704' title='bbox 630 5745 880 5803; x_wconf 81' lang='lat' dir='ltr'>Placillae</span> <span class='ocrx_word' id='word_1_705' title='bbox 918 5744 1100 5816; x_wconf 86' lang='lat' dir='ltr'>hujus</span> <span class='ocrx_word' id='word_1_706' title='bbox 1132 5743 1333 5799; x_wconf 83' lang='lat' dir='ltr'>funere</span> <span class='ocrx_word' id='word_1_707' title='bbox 1372 5724 1556 5799; x_wconf 82' lang='lat' dir='ltr'>oratio</span> <span class='ocrx_word' id='word_1_708' title='bbox 1588 5741 1835 5812; x_wconf 79' lang='lat' dir='ltr'>Nysseni</span> <span class='ocrx_word' id='word_1_709' title='bbox 1862 5745 2067 5799; x_wconf 86' lang='lat' dir='ltr'>exstat.</span> 
     </span>
    </p>
   </div>
  </div>
