4054 6410
307 365 465 430 1393

1625 363 1937 429 ΝΙΟΕΤΛΕ
1979 361 2404 428 CHONIATJE

3577 373 3740 438 1396

307 461 711 571 acquiescens,
763 498 1044 556 rectiores
1097 502 1155 555 et
1203 499 1616 556 moderatiores
1673 498 1958 570 quasdam
1993 503 2039 572 Α
2073 503 2282 571 sceret,
2315 502 2535 572 quanto
2567 497 2712 556 bene
2743 498 2976 556 dicendi
3034 499 3344 558 intervallo
3393 503 3464 560 ab
3497 503 3598 560 illo
3630 506 3750 564 dif-

309 589 716 662 blasphemias
771 589 1013 661 insuper
1066 589 1498 662 excogitaverit,
1575 589 1795 660 Deique
1877 587 1968 644 Fi-

310 679 458 736 lium
490 680 738 750 primam
770 665 958 734 Patris
997 683 1054 733 et
1100 679 1452 750 praecipuam
1513 685 1861 746 creaturam,
1893 685 1969 733 at-

315 786 428 841 que
459 769 601 825 adeo
632 767 692 822 in
727 767 996 824 omnibus
1025 765 1286 840 ἀνόμοιον
1315 765 1569 842 τρεπτὸν,
1599 765 1711 837 καὶ,
1748 761 1966 834 δοῦλον,

313 859 424 914 hoc
455 863 544 914 est
574 856 946 925 dissimilem,
980 857 1327 913 mutabilem
1363 861 1422 912 et
1452 873 1680 912 servum
1731 871 1860 912 esse
1891 855 1972 910 di-

315 947 485 1004 xerit.
518 947 965 1002 Sanctissimum
999 951 1197 1004 autem
1237 945 1519 1018 Spiritum
1553 962 1588 1000 a
1643 945 1788 1002 Filio
1832 961 1968 1002 con-

317 1037 553 1092 trariam
587 1035 701 1107 legi
732 1034 960 1090 Domini
995 1035 1212 1090 Christi
1245 1035 1316 1090 de
1347 1035 1702 1106 baptismate
1739 1034 1970 1105 tulisse,

319 1143 451 1182 cum
483 1126 648 1196 dixit,
681 1142 794 1180 non
831 1141 958 1182 esse
1005 1125 1192 1180 tribus
1252 1123 1730 1180 immersionibus
1783 1123 1970 1196 bapti-

317 1217 569 1272 zandum
603 1231 790 1286 neque
819 1215 1164 1270 Trinitatem
1217 1230 1345 1269 esse
1405 1214 1812 1282 invocandam,
1869 1213 1969 1268 sed

320 1304 496 1362 semel
533 1305 948 1376 baptizandum
981 1321 1110 1360 esse
1142 1305 1202 1358 in
1233 1303 1450 1359 Christi
1496 1309 1740 1358 mortem
1788 1323 1802 1371 ;
1863 1319 1972 1358 cae-

321 1401 516 1452 terum
549 1411 680 1450 cum
717 1396 816 1466 qui
862 1393 1194 1466 baptizatur
1252 1406 1479 1464 pectore
1541 1401 1768 1448 tantum
1803 1400 1972 1448 tenus

319 1501 448 1540 esse
479 1485 898 1554 baptizandum
952 1501 1174 1555 aquave
1234 1483 1672 1553 intingcndum.
1741 1482 1971 1541 Castoris

320 1591 454 1630 vero
485 1575 746 1646 corporis
776 1573 1082 1641 membris,
1117 1577 1399 1644 tanquam
1434 1572 1684 1643 impuris
1716 1577 1772 1625 et
1812 1588 1972 1626 exse-

322 1663 581 1732 crandis,
610 1679 825 1734 aquam
858 1661 1117 1733 inspergi
1183 1661 1527 1732 prohibebat
1562 1676 1574 1714 :
1636 1661 1798 1714 ncl'as
1847 1675 1973 1716 esse

324 1759 509 1807 ratus.
543 1751 593 1806 si
625 1753 758 1822 quis
799 1749 1157 1822 genitalibus
1201 1749 1486 1806 membris
1542 1748 1837 1804 charisma
1892 1748 1974 1804 in-

325 1840 717 1912 corruptionis
750 1839 1165 1910 applicandum
1199 1855 1327 1895 esse
1359 1839 1688 1894 contendat.

396 1929 565 1986 Aliud
597 1946 731 1984 vero
756 1929 1038 2000 quiddam
1073 1949 1107 1986 a
1141 1931 1197 1988 Β.
1258 1928 1588 2002 Epiphanio
1648 1928 1883 1984 additur
1917 1927 1976 1982 in

327 2019 398 2074 iis
431 2019 620 2086 libris,
655 2035 804 2088 quos
829 2021 1073 2074 Panaria
1098 2019 1434 2090 inscripsit:
1459 2019 1774 2074 Eunomius
1799 2020 1978 2086 enim,

327 2108 410 2164 ait
439 2109 557 2176 ille,
599 2125 697 2164 eos
722 2107 936 2164 iterum
970 2109 1320 2180 baptizabat,
1375 2109 1475 2181 qui
1529 2110 1653 2180 jam
1703 2107 1980 2180 baptizati

327 2199 560 2254 fuerant
593 2211 606 2254 :
640 2215 775 2254 cum
809 2197 1166 2270 quicumque
1207 2200 1279 2254 ad
1348 2213 1480 2254 eum
1536 2201 1824 2266 venirent,
1864 2214 1978 2253 non

327 2289 520 2346 solum
551 2289 624 2345 ab
656 2289 1016 2356 orthodoxis,
1049 2291 1151 2345 sed
1193 2289 1364 2346 etiam
1423 2290 1493 2344 ab
1543 2287 1856 2357 haereticis,
1890 2293 1980 2344 at-

327 2379 606 2450 queipsis
647 2379 792 2434 adeo
849 2378 1106 2448 Arianis,
1162 2379 1552 2451 rebaptisaret
1590 2379 1823 2434 inverso
1877 2379 1982 2434 ba-

327 2469 733 2540 ptizandcrum
755 2469 945 2542 capite
985 2469 1352 2540 pedibusque
1383 2469 1442 2524 in
1475 2468 1662 2525 altum
1687 2467 1978 2536 sublatis;

328 2564 386 2614 et
413 2559 775 2632 quicumque
821 2559 1106 2630 baptizari
1173 2559 1410 2629 vellent,
1467 2575 1566 2614 eos
1615 2565 1982 2614 sacramento

327 2647 750 2720 obstringebat,
783 2665 845 2705 se
877 2665 1176 2720 nunquam
1211 2649 1282 2704 ab
1317 2647 1506 2720 ipsius
1551 2647 1758 2702 haeresi
1787 2647 1980 2702 defec-

326 2742 490 2792 turos
525 2754 538 2792 :
574 2743 751 2810 atque
807 2737 898 2793 bis
939 2738 1082 2794 adeo
1125 2738 1322 2796 verbis
1381 2737 1696 2793 utebatur:
1758 2737 1816 2792 In
1881 2752 1982 2792 no-

328 2827 486 2884 mine
537 2829 726 2883 Patris
773 2827 1042 2894 increati,
1087 2831 1144 2882 ct
1203 2827 1326 2882 Filii
1387 2826 1590 2893 creati,
1630 2833 1686 2882 et
1731 2826 1983 2897 Spiritus

325 2917 772 2987 sanctiﬁcantis,
831 2917 933 2990 qui
975 2917 1181 2972 aFilio
1237 2925 1466 2972 creatus
1524 2927 1632 2971 est.
1691 2916 1880 2986 Hujus
1903 2915 1982 2970 rei

325 3007 514 3078 gratia
543 3023 678 3062 cum
707 3007 769 3061 in
802 3007 964 3062 labro
993 3007 1379 3076 baptizarent,
1413 3007 1660 3061 exterius
1703 3004 1982 3061 collocato

323 3097 584 3165 homine,
617 3102 789 3168 caput
819 3097 950 3168 ejus
981 3096 1160 3152 semel
1195 3097 1252 3151 in
1285 3113 1500 3170 aquam
1537 3101 1769 3168 pectore
1813 3100 1984 3152 tenus

322 3185 756 3258 immergebant
787 3201 802 3242 :
835 3201 967 3240 cum
1003 3189 1196 3240 autem
1230 3184 1549 3256 aliquando
1575 3185 1886 3251 evenisset,
1911 3188 1978 3240 ut

2075 591 2267 658 ferret,
2301 595 2602 662 tacereque
2633 607 2808 662 quam
2840 591 3094 647 scribere
3123 591 3350 658 mallet,
3389 609 3455 650 eo
3517 595 3747 652 factum

2074 684 2182 748 est,
2218 684 2282 734 ut
2313 679 2598 736 nonnulla
2629 679 2912 736 duntaxat
2951 681 3226 736 Eunomii
3257 684 3454 754 capita
3482 682 3548 739 in
3607 701 3752 742 ora-

2073 771 2230 826 tione
2263 771 2334 828 De
2363 771 2512 827 Filio
2542 769 2894 840 refutaverit,
2944 770 3173 844 hocque
3224 777 3509 844 tanquam
3543 775 3752 848 speci-

2077 876 2208 916 men
2245 860 2676 917 Cont‘utationis
2726 865 3148 920 Anommorum
3204 861 3476 920 ediderit.
3533 868 3750 924 Ευηοτ

2076 950 2234 1006 mius
2263 955 2459 1006 autem
2491 951 2922 1022 Apollinarium
2958 967 3030 1007 ne
3057 952 3464 1009 confutatione
3500 955 3751 1026 quidem

2076 1040 2354 1111 dignatus
2379 1043 2490 1096 est.
2525 1037 2686 1112 Stle
2717 1040 2875 1098 enim
2936 1057 3136 1098 revera
3192 1041 3434 1097 ﬂaccido
3465 1047 3522 1101 et
3552 1041 3748 1100 imbe-

2077 1131 2394 1200 cilli,att|ue
2423 1132 2680 1204 pugione
2707 1133 2796 1201 (ut
2849 1131 2930 1187 ita
2989 1131 3199 1204 dicam)
3261 1133 3532 1204 plumbeo
3565 1133 3748 1191 illum

2077 1237 2390 1292 aggressus
2418 1229 2525 1278 est.
2562 1224 2636 1277 At
2661 1221 2946 1278 Basilium
2989 1223 3250 1295 quinque
3307 1221 3474 1280 libris
3532 1227 3753 1282 confu-

2079 1311 2247 1375 tavit,
2279 1327 2530 1381 quoruru
2565 1313 2729 1377 duos,
2797 1311 2898 1382 qui
2961 1311 3136 1384 primi
3177 1312 3316 1368 editi
3380 1314 3634 1379 fuerant,
3663 1315 3751 1369 sic

2083 1399 2202 1455 mu]
2237 1405 2413 1470 atque
2446 1400 2700 1456 Basilius
2749 1404 2995 1471 accepit,
3053 1418 3169 1472 pra:
3222 1402 3407 1458 animi
3463 1403 3756 1478 angustia

2082 1489 2233 1544 diem
2249 1492 2567 1544 extremum
2589 1489 3011 1562 clausit.Atque
3033 1491 3104 1545 de
3126 1491 3411 1547 Eunumio
3433 1490 3753 1550 hactenus.

2676 1601 2831 1655 CAP.
2890 1598 3141 1656 XXXIX.

2082 1703 2231 1760 Aelii
2267 1706 2609 1782 opusculum,
2637 1705 2702 1762 de
2730 1705 2926 1782 genito
2969 1714 3022 1764 et
3081 1708 3324 1779 ingenito
3370 1709 3610 1778 triginta
3643 1728 3751 1768 sea:

2154 1777 2952 1858 pqralpgisrniahyperbolicis
2981 1777 3259 1852 constans,
3291 1796 3368 1836 ea:
3395 1777 3577 1840 sancti
3608 1784 3752 1856 Epi-

2007 1875 2054 1940 Β
2152 1849 2352 1920 pham’z
2381 1852 2619 1921 scriptis.

2157 1955 2578 2012 Sanctissimus
2615 1973 2784 2028 porro
2819 1957 3188 2030 Epiphanius
3245 1961 3376 2034 Cyri
3435 1961 3762 2035 episcopus

2087 2047 2353 2102 Panariis
2385 2047 2507 2102 suis
2539 2048 2786 2118 impium
2824 2048 3019 2104 nescio
3051 2051 3207 2120 quod
3240 2050 3406 2122 impii
3432 2053 3582 2107 Aetii
3614 2070 3762 2126 epu-

2089 2134 2318 2192 sculum
2351 2136 2558 2192 inserit
2588 2137 2644 2192 in
2678 2137 2746 2190 36
2776 2139 2968 2210 capita
3000 2139 3277 2210 divisum,
3303 2157 3436 2197 cum
3467 2141 3762 2202 Procnmio

2088 2223 2455 2292 hujusmodi.

2159 2313 2638 2388 Quandoquidem
2677 2317 3102 2388 persecutionis
3139 2323 3415 2394 tempore,
3447 2337 3563 2394 qua
3621 2323 3763 2396 qui-

2089 2405 2220 2459 dem
2255 2421 2287 2458 a
2311 2405 2707 2477 Temporariis
2740 2407 2991 2478 impetiti
3030 2426 3260 2479 sumus,
3286 2411 3527 2483 quidam
3553 2414 3770 2484 praedi-

2091 2497 2318 2550 ctorum
2355 2509 2469 2550 una
2500 2511 2632 2550 cum
2697 2496 2995 2569 plerisque
3053 2499 3186 2556 aliis
3245 2517 3280 2556 a
3335 2501 3506 2560 nobis
3553 2502 3764 2574 divisi,

2091 2580 2444 2652 qpusculum
2479 2583 2776 2652 quoddam
2811 2601 2842 2638 a
2874 2585 3044 2640 nobis
3077 2586 3350 2658 privatim
3400 2589 3651 2656 editum,
3688 2591 3766 2646 de

2091 2671 2349 2742 ingenito
2375 2671 2491 2726 Dco
2525 2676 2581 2726 ct
2613 2673 2832 2743 genito,
2892 2675 3296 2732 additionibus
3343 2683 3400 2733 et
3438 2679 3764 2736 detractio-

2091 2759 2267 2814 nibus
2300 2766 2636 2832 corruptum
2680 2762 3015 2830 ediderunt,
3075 2764 3426 2838 vivendique
3483 2770 3761 2841 regulam

2091 2850 2301 2904 rationi
2332 2855 2788 2906 consentaneam
2842 2851 3260 2921 immutarunt,
3317 2855 3493 2928 idque
3549 2864 3763 2928 postea

2089 2939 2148 2994 in
2182 2956 2392 2995 manus
2424 2945 2656 2997 nostras
2684 2959 2719 2996 a
2747 2943 2994 3012 quodam
3029 2946 3213 3000 nostri
3254 2947 3522 3003 studioso
3583 2949 3762 3005 dela-

2090 3032 2214 3084 tum
2247 3030 2473 3098 incidit,
2535 3037 2774 3088 coactus
2833 3048 2964 3088 sum
3025 3038 3308 3108 tanquam
3366 3043 3551 3110 pater,
3605 3055 3761 3112 opu-

2091 3120 2319 3176 sculum
2348 3123 2540 3177 denuo
2595 3127 2976 3196 repurgatum
3035 3125 3108 3180 ad
3166 3142 3270 3182 vos
3315 3127 3570 3198 mittere,
3603 3146 3638 3185 ο
3672 3132 3760 3204 pii

2091 3209 2318 3265 athletae
2373 3213 2429 3266 et
2487 3209 2774 3267 athletrize
2831 3229 3058 3280 omnes,
3113 3219 3177 3270 ut
3231 3218 3605 3288 cognoscatis
3667 3236 3759 3276 re-

389 3300 562 3330 Ηυυιιυ
593 3300 782 3346 uuplw
811 3300 879 3329 au
911 3300 1144 3328 murum
1177 3300 1344 3329 υιιιδυ
1403 3300 1617 3328 νυιιιυυ
1665 3300 1972 3344 αυυψυητι,
2019 3300 2060 3317 υ
2090 3316 2374 3372 sponsum
2415 3317 2450 3354 Β
2680 3317 2713 3356 a
3118 3303 3560 3376 scripturarum
3597 3323 3754 3380 prm-

325 3364 502 3462 alif‘m
533 3363 912 3462 δδρίίῆωθξίθ
945 3364 1192 3462 forma”?
1225 3363 1820 3462 °xcﬁgltar_““t'_Nam
1873 3363 1976 3418 ho'
2086 3363 2304 3460 scripto
2335 3388 2557 3444 editum
2581 3405 2732 3456 esse,
2787 3405 2900 3462 quo
2953 3392 3188 3462 quidem
3247 3363 3439 3450 omnis
3480 3363 3754 3454 hominis

324 3454 488 3552 nilne
517 3469 698 3552 ["090
723 3452 788 3552 in‘
823 3453 979 3552 τοῗδξί
1003 3453 1277 3552 amplam
1309 3451 1585 3552 d_i§tef’t?'
1612 3453 1856 3552 ej_“_3q“‘_’
1877 3467 1974 3552 θεῖ’
2087 3479 2186 3552 qui
2209 3451 2290 3534 .de
2321 3479 2580 3550 ingenito
2612 3451 2728 3535 Deo
2758 3451 2822 3535 et
2845 3451 3040 3551 genito
3088 3451 3545 3540 disserentibusi
3574 3451 3752 3543 vobis

328 3546 448 3618 pite
477 3545 706 3614 educto,
739 3547 798 3599 et
825 3543 1309 3615 sublato,aquam
1341 3543 1419 3598 ita
1465 3543 1874 3610 infundebant,
1909 3547 1973 3600 ut

2090 3567 2480 3622 contradicere
2507 3583 2688 3624 ausus
2719 3568 2915 3638 fuerit,
2950 3569 3375 3640 impudentiam
3423 3573 3756 3632 succinctis

317 3632 1090 3732 pullumaliudmembrum
1114 3633 1448 3732 attingeret.
1490 3635 1632 3732 Nec“
1663 3635 1974 3732 defuerat!t
2083 3656 2581 3713 confutationibus
2616 3632 2922 3713 retundere
2955 3632 3194 3731 possitis
3223 3676 3238 3714 :
3271 3661 3330 3716 in
3389 3661 3597 3732 primis
3644 3681 3758 3720 au-

318 3726 618 3819 fntebeofb
651 3724 750 3795 (Ιυί
776 3723 958 3819 illum}!
993 3723 1288 3819 bFPﬁBmi_
1313 3724 1490 3780 ι’ίῐυῐη
1541 3725 1968 3783 εάίηνθηίτεηί·
2083 3749 2198 3801 tem
2231 3723 2982 3819 praedictosTemporarios:
3015 3751 3194 3804 Porro
3245 3723 3492 3807 dubium
3553 3769 3589 3808 a
3632 3754 3750 3810 du-

317 3813 870 3914 Longiseima‘eni‘?
904 3813 1080 3870 fascia
1109 3830 1241 3914 cui“
1273 3813 1334 3869 in
1367 3831 1542 3870 “sum
1575 3822 1798 3914 Ρῑξτδιῑεξν
1831 3831 1968 3872 θοη·
2079 3835 2196 3904 bio,
2230 3813 2288 3890 et
2317 3835 2671 3892 solutionem
2696 3813 2764 3891 *α
2818 3836 3109 3894 solutione
3159 3839 3519 3910 quibusdam
3573 3844 3754 3914 quasi

313 3913 653 3975 secretaque
682 3901 982 3960 hominem
1017 3919 1051 3958 a
1081 3907 1310 3973 pectore
1343 3919 1529 3974 usque
1580 3905 1651 3959 ad
1682 3909 1970 3962 extremos

2090 3925 2346 3980 versibus
2379 3925 2601 3990 diduxi,
2636 3929 2701 3980 ut
2731 3925 3230 3997 epicherematum
3263 3933 3562 3986 structura
3591 3901 3746 3989 taci-

312 3993 529 4064 pedum
556 3991 834 4049 articulos
865 3990 1258 4056 involvebant,
1293 3995 1418 4046 tum
1451 3992 1660 4049 deinde
1703 3994 1966 4066 superio-

2090 4017 2195 4072 [ius
2225 4021 2282 4072 et
2311 4015 2567 4089 apertius
2599 4017 3197 4090 comprehenderetur
3249 4020 3612 4094 initiumque
3671 4026 3750 4082 ab

313 4099 408 4140 res
436 4083 694 4155 corporis
727 4085 922 4154 partes
953 4095 1104 4153 aqua
1135 4079 1501 4152 proluebant.
2077 4079 2482 4179 ingenitobeo
2515 4079 2764 4178 sumpsi:

2075 4217 2166 4272 Αη
2193 4216 2318 4286 ﬁeri
2342 4215 2516 4287 possit
2547 4224 2606 4272 ut
2661 4218 2944 4359 inqenz’t’as
2982 4218 3136 4346 .Dteus
3195 4236 3267 4276 c1:
3294 4223 3479 4292 genito
3513 4225 3750 4296 ingeni-

2764 4305 2856 4344 um
2901 4305 3025 4346 acza
3055 4333 3069 4346 .

2764 4305 2856 4344 um
2876 4305 3069 4346 ιαειαῑ.

323 3274 562 3347 quidam
593 3273 782 3346 capite
811 3275 879 3329 ad
911 3273 1144 3328 labrum
1177 3273 1344 3329 alliso
1401 3273 1617 3328 vulnus
1665 3272 1972 3344 acciperet,

885 4253 1042 4310 CAP.
1093 4251 1415 4310 XXXVIII.

2151 4378 2200 4434 1.
2232 4377 2292 4432 Si
2329 4377 2478 4432 Deus
2509 4375 2806 4449 ingenitus
2838 4379 2990 4434 omni
3018 4397 3195 4436 causa
3219 4383 3596 4454 praestantior
3629 4392 3752 4462 est,

2076 4471 2228 4521 certe
2260 4466 2633 4538 generatione
2665 4483 2898 4539 quoque
2929 4471 3299 4540 praestantior
3357 4471 3488 4528 erit.
3542 4473 3756 4546 Neque

2075 4553 2228 4609 enim
2259 4555 2410 4627 quod
2447 4555 2572 4626 ipse
2603 4559 2713 4626 est,
2748 4556 2802 4611 id
2838 4556 2910 4611 ab
2942 4555 3064 4612 ulla
3123 4557 3234 4613 alia
3303 4565 3518 4617 natura
3561 4566 3752 4635 cepit,

383 4633 608 4726 Impius
638 4649 813 4726 porro
846 4631 940 4726 ille
969 4629 1396 4726 Philoslorgius
1445 4635 1645 4726 octavo
1700 4632 1964 4726 historiae
1995 4630 2043 4697 D
2074 4661 2264 4716 neque
2295 4644 2421 4716 ipse
2447 4645 2584 4710 sibi,
2619 4649 2684 4700 ut
2731 4646 2828 4716 sit,
2884 4651 3090 4703 auctor
3147 4648 3276 4708 fuit.
3335 4650 3468 4706 Jam
3519 4651 3571 4706 si
3604 4629 3754 4726 sibi,

310 4741 430 4782 suae
461 4723 1055 4797 libroimpiissimum
1091 4721 1247 4776 hunc
1301 4721 1654 4815 Eunomium
1713 4721 1962 4815 laudans
2075 4739 2140 4790 ιιι
2171 4734 2262 4804 sit,
2296 4740 2492 4792 auctor
2526 4736 2650 4808 ipse
2683 4753 2796 4791 non
2831 4737 2958 4802 fuit,
3011 4753 3126 4793 non
3187 4756 3252 4796 eo
3305 4741 3570 4812 quidem,
3601 4721 3754 4815 quia

310 4815 394 4871 ita
432 4814 643 4870 scribit
673 4831 688 4870 :
752 4812 1151 4885 Apollinarius
1207 4811 1647 4868 commentariis
1723 4811 1961 4884 quidem
2073 4829 2286 4881 natura
2317 4825 2716 4892 sitimbeciui,
2754 4825 2856 4881 sed
2885 4827 3026 4898 quia
3057 4843 3292 4884 omnem
3323 4811 3592 4888 ’causam
3618 4811 3750 4891 ‘63-

311 4903 778 4972 conscribendis,
837 4901 1090 4958 Basilius
1149 4905 1346 4958 autem
1423 4901 1804 4958 concionibus
1890 4902 1961 4957 ad
2073 4919 2328 4985 superet,
2362 4915 2461 4988 qui
2494 4915 2618 4976 ﬁeri
2679 4915 2913 4988 poterit,
2971 4921 3035 4972 ut
3093 4919 3225 4989 quis
3259 4923 3529 4976 naturam
3583 4925 3749 4980 sub-

313 4991 599 5066 Ρορυὶιιω
647 4991 936 5048 habendis
985 4990 1352 5051 clarissimus
1408 4991 1518 5046 ἷυῖι
1579 5008 1594 5060 ;
1646 4990 1964 5063 Gregorius
2075 5001 2467 5070 sistentem,in
2491 5004 2620 5074 ejus
2643 5008 3062 5078 naturamque
3081 5011 3145 5062 ut
3193 5007 3546 5066 subsisteret
3577 5029 3748 5070 acce-

310 5099 444 5140 Vet‘o
475 5089 722 5153 utraque
774 5081 894 5170 hac;
952 5082 1024 5138 ab
1085 5085 1331 5154 utroque
1382 5084 1685 5138 mutuatus
1742 5083 1964 5153 majore
2073 5091 2177 5163 pit,
2207 5093 2526 5150 essentiam
2586 5093 2838 5150 transire
2894 5096 3178 5152 concedat
3232 5099 3560 5170 praesertim
3603 5118 3747 5160 cum

313 5188 448 5230 cum
475 5171 788 5226 verborum
849 5169 1136 5244 elegantia
1193 5171 1424 5243 scripsit
1457 5187 1472 5227 :
1515 5175 1687 5243 atque
1717 5171 1964 5228 dicendo
2073 5180 2408 5254 hypostasis
2438 5181 2780 5252 hujusruodi
2805 5169 3249 5254 generationem
3267 5201 3382 5242 non
3405 5187 3752 5248 desideret?

311 5262 549 5335 quidem
595 5277 656 5316 se
714 5258 884 5332 longe
941 5259 1303 5332 Apollinario
1363 5261 1771 5332 maturiorem,
1811 5261 1965 5316 Basi-
2143 5267 2438 5325 2.8iDcus
2462 5269 2590 5326 sine
2613 5269 3088 5341 ﬁneiningenita
3131 5277 3344 5330 natura
3391 5281 3652 5345 maneat,
3689 5285 3753 5337 et

308 5354 505 5425 lioque
533 5349 868 5419 ﬁrmiorem,
901 5353 958 5404 et
984 5349 1476 5410 vehementiorem
1515 5351 1804 5422 praestitit.
1848 5351 1962 5408 Ita-
2073 5359 2344 5429 genitura
2376 5357 2504 5414 sine
2557 5359 2674 5414 ﬁne
2727 5359 3002 5430 genitura
3059 5365 3167 5428 est,
3201 5365 3358 5419 certe
3401 5381 3750 5434 perversum

2075 5449 2146 5504 de
2178 5448 2486 5504 bomousio
2515 5453 2574 5504 ct
2603 5448 2931 5505 homceusio
2962 5452 3176 5522 dogma
3235 5459 3562 5510 evanescat.
3599 5456 3747 5514 Jam

2075 5535 2359 5606 quidquid
2389 5536 2722 5594 substantia
2739 5541 2988 5608 constat,
3012 5539 3090 5596 ita
3107 5540 3402 5607 consistit,
3435 5546 3500 5598 ut
3527 5549 3751 5607 neutra

2075 5628 2132 5680 in
2156 5633 2366 5680 natura
2389 5625 2540 5682 inter
2561 5642 2623 5681 sc
2645 5625 2892 5682 conferri
2918 5643 3168 5699 unquam
3218 5630 3426 5702 possit,
3481 5647 3621 5688 cum
3657 5636 3751 5690 ni-

2075 5714 2290 5770 mirum
2322 5715 2558 5788 propria
2596 5714 2658 5770 in
2689 5719 2908 5772 natura:
2939 5717 3224 5790 dignitate
3261 5719 3389 5778 sine
3434 5721 3750 5798 perduret.

313 4397 686 4474 Apollinarii,
706 4398 921 4474 Basiiii,
955 4395 1298 4474 Gregorii,_et
1329 4396 1587 4474 Eanomii
1612 4399 1966 4474 script-orum

510 4471 661 4526 inter
686 4486 743 4526 se
774 4471 994 4526 collatio
1027 4487 1098 4526 ex
1127 4470 1492 4541 Philoslorgz’o
1519 4469 1754 4526 Ariona.

309 5458 422 5512 que
453 5437 853 5513 Apollinarius
903 5441 961 5493 et
1015 5438 1266 5495 Basilius
1305 5441 1588 5500 adversus
1620 5441 1964 5514 Apologiam

311 5529 470 5586 illam
504 5525 888 5596 scripserunt,
923 5542 1098 5596 quam
1131 5527 1452 5587 Eunomius
1483 5531 1761 5588 ediderat.
1823 5529 1964 5587 Gre-

315 5621 516 5688 gorius
545 5618 742 5668 autem
774 5613 866 5682 (ne
899 5614 1030 5684 quis
1073 5619 1266 5671 tamen
1330 5618 1434 5675 hoc
1489 5621 1560 5674 ad
1594 5619 1962 5692 prudentiam

315 5705 426 5761 viri
473 5701 994 5760 demonstrandam
1049 5703 1159 5760 sibi
1216 5709 1502 5780 assumat)
1554 5726 1688 5765 cum
1747 5725 1965 5781 cogno-
