4054 6424
275 389 436 449 1397

1630 373 2036 442 THESAURI
2086 373 2230 438 LIB.
2282 379 2358 440 V.

3530 384 3558 444 1
3571 383 3689 444 398

343 525 396 578 3.
431 521 489 576 Si
521 526 670 577 Deus
703 517 1040 575 substantia
1069 533 1178 572 sua
1209 514 1509 588 ingenitus
1539 515 1649 584 est,
1683 513 1739 567 in
1769 513 1924 584 quod
1957 513 2010 580 Α
2112 512 2200 568 43.
2235 514 2290 570 Si
2324 518 2535 572 natura
2566 515 2830 586 ingenita
2858 517 3218 587 generationi
3278 533 3389 574 non
3423 518 3596 586 cedit,
3628 519 3687 576 id

275 615 539 688 genitum
569 617 659 668 est
693 612 1152 682 haudquaquam
1213 608 1477 680 genitum
1523 613 1613 660 est
1664 605 1930 660 essentia:

279 703 588 769 divisione,
623 703 722 758 sed
757 717 825 756 ex
881 699 1162 767 essentia,
1219 697 1274 752 vi
1333 697 1504 767 cujus
1533 695 1594 750 id
1631 694 1927 750 subsistit.

276 791 461 845 Unam
495 790 650 844 enim
684 793 740 843 et
772 789 1039 843 eamdem
1073 785 1386 842 essentiam
1423 785 1678 852 genitam
1727 786 1783 837 et
1838 781 1930 836 in-

278 880 532 950 genitam
567 895 708 948 esse,
744 877 904 933 nulla
936 877 1032 950 pia
1091 875 1315 932 ratione
1371 874 1648 945 cuiquam
1689 887 1933 942 persua~

278 970 400 1025 deri
434 972 630 1039 queat.

344 1061 396 1113 4.
431 1060 488 1112 Si
524 1059 578 1114 id
613 1058 896 1129 genitum,
932 1057 1086 1128 quod
1119 1059 1210 1112 est
1238 1054 1593 1127 ingenitum,
1628 1051 1768 1123 quid
1828 1051 1928 1106 ob-

277 1153 418 1215 stat,
451 1148 772 1220 quominus
803 1147 861 1202 id
921 1147 1077 1217 quod
1137 1144 1393 1216 genitum
1450 1147 1560 1210 est,
1605 1141 1929 1212 ingenitum

276 1254 508 1310 quoque
541 1238 674 1293 sit?
733 1236 936 1292 Omnis
998 1238 1150 1291 enim
1211 1239 1415 1290 natura
1466 1232 1700 1304 pronior
1739 1239 1828 1286 est
1859 1230 1928 1285 ad

271 1331 328 1386 id
364 1331 517 1400 quod
552 1329 659 1385 sibi
696 1328 1019 1400 proprium,
1064 1343 1242 1398 quam
1276 1328 1348 1382 ad
1381 1325 1438 1380 id
1503 1325 1658 1396 quod
1705 1325 1927 1395 impro-

273 1420 470 1491 prium
504 1423 610 1474 est.

339 1512 392 1565 5.
430 1511 489 1564 Si
523 1513 674 1565 Deus
707 1512 864 1564 totus
898 1507 1196 1579 ingenitus
1230 1523 1344 1561 non
1379 1508 1487 1571 est,
1523 1503 1670 1558 nihil
1729 1505 1930 1559 obstat

273 1599 594 1670 quominus
651 1599 917 1654 essentia
976 1614 1095 1652 suae
1152 1596 1208 1650 vi
1267 1595 1554 1666 genuerit.
1590 1595 1660 1648 At
1689 1593 1735 1648 si
1769 1597 1930 1648 totus

271 1688 570 1760 ingenitus
602 1694 709 1756 est,
747 1687 1209 1758 haudquaquam
1242 1684 1510 1740 essentia:
1541 1682 1597 1738 vi
1649 1683 1720 1737 ad
1754 1699 1932 1753 gene-

271 1779 563 1833 rationem
596 1777 913 1832 distructus
946 1783 1053 1845 est,
1087 1776 1187 1831 sed
1251 1791 1320 1830 ex
1378 1772 1712 1830 substantia
1768 1771 1928 1842 geni-

267 1871 461 1922 turam
497 1867 788 1938 produxit.

340 1961 396 2012 6.
431 1959 490 2013 Si
515 1959 666 2014 Deus
690 1958 983 2030 ingenitus
1007 1955 1319 2027 generandi
1370 1954 1426 2008 vi
1481 1953 1764 2026 praeditus
1797 1969 1922 2008 om-

271 2047 411 2102 nino
445 2048 616 2113 est,id
651 2048 805 2118 quod
839 2052 925 2102 est
983 2046 1248 2116 genitum
1308 2043 1769 2114 haudquaquam
1828 2059 1921 2097 es-

265 2137 467 2192 sentia:
497 2154 615 2192 suae
636 2137 692 2193 vi
719 2136 981 2208 genitum
1003 2141 1112 2202 est,
1146 2151 1280 2191 eum
1331 2151 1396 2190 ea
1430 2133 1771 2190 substantiae
1805 2149 1923 2188 sua:

264 2229 352 2282 vis
387 2227 626 2281 omnino
663 2227 840 2282 insita
870 2227 967 2291 sit,
1001 2232 1254 2297 generet,
1290 2241 1408 2279 non
1466 2227 1530 2278 ut
1587 2225 1922 2294 generetur.

329 2316 386 2369 7.
424 2314 482 2368 Si
509 2314 926 2384 transﬁgurata
954 2313 1052 2368 Dei
1083 2311 1414 2368 substantia
1443 2310 1627 2366 Filius
1689 2309 1920 2376 dicitur,

263 2420 379 2460 non
413 2421 480 2459 ca
512 2407 666 2458 certe
697 2403 1032 2458 substantia
1089 2403 1214 2472 ejus
1273 2405 1383 2467 est,
1416 2404 1480 2454 ut
1536 2399 1752 2455 mutari
1808 2415 1922 2454 non

263 2494 470 2564 possit,
514 2509 647 2548 cum
681 2509 751 2548 ex
779 2492 1116 2561 hujusmodi
1159 2490 1480 2547 mutatione
1511 2490 1732 2560 species
1793 2489 1923 2544 Filii

262 2584 548 2654 producta
579 2582 672 2638 sit.
706 2587 775 2637 At
832 2582 881 2636 si
935 2581 1037 2636 Dei
1094 2580 1428 2637 substantia
1479 2578 1790 2635 mutationi
1821 2579 1922 2634 oh-

265 2674 442 2730 noxia
473 2691 587 2729 non
621 2677 730 2740 est,
763 2689 866 2728 nec
897 2671 1254 2742 generationi
1293 2671 1605 2742 subjicitur
1637 2687 1650 2725 :
1714 2674 1925 2725 natura

261 2766 394 2821 Filii
436 2766 506 2820 ad
539 2767 756 2820 nudam
789 2768 845 2820 et
877 2762 1205 2834 simplicem
1254 2761 1705 2832 appellationem
1756 2777 1922 2831 pror-

265 2874 362 2912 sus
405 2855 720 2926 redigetur.

333 2947 392 3002 8.
427 2946 486 3001 Si
519 2945 789 3016 genitura
831 2942 1176 3014 spermatice
1224 2941 1484 3013 ingenito
1546 2943 1657 3004 Deo
1715 2941 1922 3007 inerat,

262 3052 327 3091 ea
355 3041 493 3108 post
525 3035 957 3106 generationem
979 3032 1340 3088 extrinsecus
1362 3040 1662 3102 assumpta
1704 3031 1760 3085 in
1820 3030 1924 3085 ho.

263 3128 512 3192 minem,
566 3130 628 3181 ut
685 3126 770 3180 ita
816 3125 1029 3192 dicam,
1092 3124 1275 3178 evasit
1321 3141 1335 3179 :
1403 3127 1556 3178 certe
1638 3124 1925 3194 perfectus

255 3222 344 3270 est
376 3214 566 3270 Filius
605 3232 716 3269 non
752 3214 825 3270 iis
883 3231 951 3269 ex
1009 3214 1226 3285 quibus
1285 3214 1519 3285 genitus
1579 3219 1685 3280 est,
1718 3213 1815 3267 sed
1849 3212 1922 3267 iis
1963 3255 2005 3320 0

257 3322 383 3377 quae
424 3302 766 3372 assumpsit.
830 3306 964 3366 Quae
1023 3305 1178 3358 enim
1239 3320 1308 3358 ex
1375 3303 1446 3358 iis
1504 3319 1629 3374 quae
1663 3301 1803 3357 sunt
1833 3301 1923 3357 sui

255 3391 496 3466 generis
534 3396 866 3456 assumunt,
899 3407 963 3446 ea
1023 3395 1304 3458 tanquam
1365 3409 1434 3447 ex
1495 3393 1749 3462 propriis
1788 3408 1924 3447 con-

259 3481 482 3539 stantia
521 3479 763 3552 perfecti
805 3496 1016 3534 nomen
1056 3478 1438 3534 multifariam
1494 3479 1922 3549 adipiscuntur.

328 3575 378 3626 9.
424 3571 484 3627 Si
517 3571 770 3642 perfecta
802 3572 957 3624 esset
987 3567 1279 3639 genitura,
1341 3570 1493 3622 certe
1554 3569 1610 3621 in
1653 3583 1719 3622 eo
1765 3567 1923 3636 quod

263 3663 523 3729 genitum
557 3664 650 3715 est
675 3658 949 3731 genitura
978 3656 1342 3721 consisteret,
1378 3671 1492 3711 non
1551 3655 1625 3710 iis
1667 3672 1737 3710 ex
1794 3653 1923 3725 qui-

269 3752 379 3806 bus
415 3750 712 3821 ingenitus
744 3749 868 3820 ipse
901 3745 1119 3817 genuit.
1153 3745 1268 3802 Nec
1313 3745 1470 3800 enim
1531 3743 1653 3800 ﬁeri
1711 3748 1922 3816 potest,

266 3846 332 3896 ut
361 3841 562 3912 genita
593 3843 804 3894 natura
836 3837 1098 3908 ingenito
1127 3834 1518 3892 essentialiler
1567 3834 1731 3889 insit.
1777 3833 1924 3889 Nam

268 3929 377 3985 hoc
411 3931 565 3986 idem
626 3928 820 3995 fuerit,
883 3931 1058 3999 atque
1111 3925 1160 3982 si
1221 3925 1522 3996 quidpiam
1565 3941 1693 3980 esse
1722 3928 1778 3980 et
1809 3941 1925 3979 non

267 4037 395 4076 esse
422 4019 645 4074 dicatur
678 4036 691 4085 ;
728 4017 1019 4088 siquidem
1053 4015 1328 4087 genitura
1358 4014 1620 4087 ingenita
1669 4032 1783 4070 non
1815 4018 1924 4082 est,

269 4110 516 4181 etquod
552 4109 875 4175 ingenitum
934 4111 1046 4172 est,
1107 4107 1379 4177 genitura
1437 4122 1550 4160 non
1606 4105 1735 4160 fuit.
1799 4105 1928 4159 Par-

267 4199 416 4254 tium
451 4197 606 4253 enim
642 4195 1062 4252 dissimilitudo
1094 4194 1151 4248 in
1185 4195 1300 4250 Deo
1355 4193 1608 4265 speciem
1659 4193 1930 4264 blasphe-

263 4290 390 4344 mia:
427 4293 484 4343 et
513 4285 882 4342 contumelias
917 4300 1033 4355 prie
1064 4300 1126 4338 se
1159 4285 1290 4338 fert.

342 4381 428 4434 10.
463 4378 520 4431 Si
554 4377 706 4432 Deus
738 4373 1110 4444 omnipotens
1142 4391 1154 4428 :
1192 4389 1326 4428 cum
1369 4372 1445 4428 sit
1501 4372 1772 4441 ingenitae
1823 4389 1925 4428 na-

269 4471 436 4536 turae,
471 4466 667 4537 genita
699 4482 760 4520 se
793 4469 1004 4519 natura
1034 4479 1161 4518 esse
1194 4462 1426 4533 ignorat
1454 4478 1474 4523 ;
1508 4467 1564 4516 et
1611 4463 1658 4517 si
1721 4462 1924 4528 Filius,

265 4575 399 4612 cum
435 4558 512 4612 sit
544 4556 750 4624 genitae
786 4558 1032 4621 natura),
1067 4551 1323 4623 seipsum
1361 4551 1416 4607 id
1472 4568 1601 4607 esse
1653 4554 1805 4622 quod
1839 4558 1928 4608 est

269 4646 593 4718 cognoscit,
626 4645 727 4717 qui
761 4644 887 4699 ﬁeri
949 4646 1164 4713 potest,
1220 4641 1361 4712 quin
1421 4641 1768 4699 homousion
1819 4642 1924 4698 fal-
1960 4614 2002 4677 θ

269 4757 399 4793 sum
435 4739 532 4806 sit,
575 4754 708 4792 cum
769 4733 864 4790 ille
923 4734 1275 4806 ingenitum,
1333 4733 1423 4788 hic
1478 4735 1735 4805 genitqu
1797 4751 1925 4791 esse

269 4830 418 4883 sciat
448 4829 472 4882 ?

345 4919 428 4972 11.
464 4916 518 4970 Si
552 4915 726 4971 dictio
759 4913 1072 4984 ingenitum
1102 4911 1464 4982 hypostasim
1526 4911 1626 4967 Dei
1676 4928 1790 4966 non
1824 4913 1922 4968 de-

267 5012 450 5076 notet,
483 5005 587 5060 sed
614 5019 828 5058 nomen
858 5000 1488 5070 illudincomparabile
1511 5001 1581 5055 ad
1606 5000 1920 5058 humanam

266 5095 604 5165 Opinionem
641 5094 943 5156 referatur,
1007 5106 1072 5143 eo
1128 5089 1212 5153 fit,
1273 5092 1339 5142 ut
1378 5088 1448 5143 iis
1501 5089 1601 5160 qui
1650 5089 1921 5160 Opinione

264 5184 485 5255 aliquid
521 5185 938 5252 assequuntur,
993 5177 1213 5248 gratias
1273 5177 1426 5231 Deus
1487 5181 1641 5249 agat,
1703 5179 1922 5235 ratione

273 5273 565 5343 opinionis
597 5269 866 5343 ingenitae
902 5285 913 5321 :
948 5283 1080 5321 eum
1125 5266 1381 5320 nominis
1440 5267 1620 5338 hujus
1677 5269 1922 5339 dignita-

261 5365 379 5416 tem
414 5362 469 5418 in
506 5359 762 5418 essentia
796 5373 912 5412 non
948 5357 1112 5411 ferat.

339 5452 426 5505 12.
463 5451 520 5506 Si
553 5450 913 5505 extrinsecus
976 5444 1302 5516 ingenitum
1360 5446 1418 5500 in
1479 5447 1594 5503 Deo
1654 5449 1918 5504 conside-

272 5544 452 5605 retur,
487 5541 521 5593 ii
556 5539 654 5610 qui
686 5535 1178 5594 consideravcrint
1209 5551 1273 5589 eo
1293 5537 1444 5605 quod
1481 5537 1917 5594 consideratam

269 5629 446 5684 fuerit
479 5629 906 5702 prmstantiores
928 5630 1116 5690 erunt,
1151 5642 1283 5680 cum
1343 5643 1571 5696 nomen,
1606 5629 1761 5698 quod
1804 5629 1920 5684 Deo

266 5717 823 5787 praestantissimum
855 5716 1116 5773 omnium
1143 5719 1249 5784 est,
1282 5714 1392 5771 sibi
1433 5719 1915 5788 eomparaverint.

2040 601 2231 672 ipsum
2265 608 2370 671 est,
2406 606 2558 676 quod
2591 610 2648 661 et
2679 606 2896 662 dicitur
2929 623 2943 662 :
2978 609 3036 662 at
3057 605 3105 662 si
3127 607 3486 678 generationi
3511 609 3694 676 cedit,

2041 706 2106 747 eo
2137 694 2224 762 ﬁt,
2270 699 2334 750 ut
2386 696 2780 765 generationis
2834 696 3168 754 affectiones
3229 697 3346 753 sint
3393 697 3691 770 hypostasi

2042 782 2230 838 divina
2261 786 2711 855 praestantiores.

2112 874 2199 929 14.
2232 873 2289 928 Si
2342 875 2618 946 geniturae
2678 880 2889 932 natura
2947 876 3336 935 immutabilis
3393 883 3497 947 est,
3559 896 3691 950 pro-

2041 967 2168 1033 pter
2198 982 2329 1020 eum
2360 967 2458 1037 qui
2488 967 2710 1038 genuit,
2746 968 3073 1039 ingenitum
3105 969 3260 1024 haud
3319 970 3496 1025 dubie
3552 971 3697 1029 sub-

2041 1056 2258 1111 stantia
2285 1055 2676 1112 immutabilis
2708 1065 2815 1124 est,
2845 1073 2960 1113 non
2995 1058 3217 1114 ratione
3265 1060 3602 1128 voluntatis,
3637 1065 3696 1117 at

2040 1145 2362 1215 dignitatis,
2395 1163 2522 1217 quas
2554 1147 2895 1204 substantiae
2922 1147 3098 1203 inest.

2114 1236 2200 1291 15.
2235 1235 2294 1291 Si
2349 1251 2559 1292 nomen
2622 1237 2865 1309 ingeniti
2924 1237 3313 1294 substantiam
3375 1238 3690 1310 signiﬁcet,

2040 1325 2244 1380 merito
2276 1325 2615 1381 substantiae
2648 1325 2914 1397 genitura
2945 1326 3296 1398 opponitur:
3358 1333 3417 1383 at
3453 1329 3501 1384 si
3539 1329 3691 1384 nihil

2040 1416 2705 1487 signiﬁcetingenitum,
2737 1418 2918 1473 multo
2965 1419 3154 1490 magis
3214 1419 3483 1489 genitura
3541 1419 3690 1475 nihil

2041 1506 2351 1577 signiﬁcat.
2384 1510 2514 1563 Jam
2548 1506 2649 1578 qui
2681 1507 2801 1563 ﬁeri
2833 1511 3042 1579 potest,
3078 1513 3142 1563 ut
3197 1508 3382 1564 nihilo
3434 1509 3686 1566 nihilum

2041 1600 2370 1666 opponatur
2396 1596 2423 1651 ‘2

2115 1685 2198 1738 16.
2229 1684 2288 1740 Si
2322 1685 2716 1756 pronuntiatio
2773 1686 3038 1758 ingenita
3095 1687 3305 1757 genitae
3352 1690 3692 1760 pronuntia-

2041 1773 2184 1830 tioni
2238 1776 2573 1846 opponitur,
2633 1775 2868 1831 silentio
2944 1777 3480 1846 pronuntiationem
3538 1778 3694 1834 exci-

1959 1897 2006 1959 B
2042 1863 2236 1934 piente
2268 1864 2573 1959 con-tingit,
2628 1869 2690 1920 ut
2747 1865 2848 1920 ﬁat
2894 1868 2951 1920 et
2991 1870 3296 1921 evanescat
3343 1865 3692 1922 christiano-

2035 1969 2166 2008 rum
2200 1969 2336 2023 spes
2367 1952 2425 2008 in
2461 1953 2690 2010 diversa
2752 1954 3230 2024 pronuntiatione
3275 1955 3408 2021 sita,
3443 1973 3559 2013 non
3589 1974 3694 2013 au-

2031 2045 2139 2096 tem
2176 2042 2233 2095 in
2262 2043 2511 2109 naturis,
2574 2059 2701 2113 quae
2763 2043 2845 2097 ita
2894 2057 2955 2097 se
3013 2042 3253 2113 habent,
3285 2047 3350 2098 ut
3381 2045 3691 2104 nominum

2033 2129 2385 2201 signiﬁcatio
2421 2131 2682 2202 requirit.

2108 2220 2194 2274 17.
2252 2219 2308 2273 Si
2359 2221 2432 2274 ad
2494 2219 2838 2276 substantiis
2898 2222 3298 2292 praastantiam
3365 2223 3693 2295 ingenitum

2033 2308 2180 2363 nihil
2214 2308 2460 2380 amplius
2492 2309 2622 2380 ipsa
2645 2309 2919 2380 genitura
2974 2311 3203 2378 tribuit,
3253 2327 3318 2368 eo
3373 2313 3459 2380 fit,
3493 2318 3558 2369 ut
3607 2315 3692 2369 Fi-

2033 2397 2147 2452 lius
2181 2398 2658 2468 pronuntiatione
2688 2400 2814 2455 sola
2845 2405 3134 2472 praestans
3178 2418 3275 2457 eos
3324 2403 3517 2474 seipse
3575 2420 3692 2459 me-

2032 2486 2208 2544 liores
2239 2488 2657 2558 deprehendat,
2719 2490 2818 2560 qui
2879 2491 3174 2560 invocant,
3209 2509 3324 2548 non
3380 2507 3538 2563 eum,
3585 2493 3688 2566 qui

2031 2581 2087 2631 et
2116 2577 2271 2634 Deus
2304 2582 2361 2632 et
2391 2578 2560 2634 Pater
2585 2579 2712 2647 ejus
2743 2581 3070 2636 invocatur.

2107 2666 2192 2722 18.
2230 2667 2289 2722 Si
2325 2670 2532 2722 natura
2565 2667 2826 2740 ingenita
2885 2670 3256 2740 praestantior
3307 2675 3396 2728 est
3446 2689 3686 2744 genera-

2032 2756 2207 2824 tione,
2243 2757 2460 2828 quippe
2491 2775 2620 2827 quzs
2651 2759 2786 2828 jure
2847 2759 3018 2829 quasi
3078 2760 3440 2818 haereditario
3488 2763 3693 2818 sortita

2031 2847 2109 2902 sit
2139 2846 2196 2900 id
2228 2848 2379 2917 quod
2406 2846 2783 2917 praestantius
2819 2853 2928 2916 est,
2960 2865 3026 2904 eo
3060 2849 3140 2916 ﬁt,
3205 2857 3267 2906 ut
3324 2867 3426 2922 per
3454 2868 3516 2908 se
3547 2853 3692 2908 sub-

2032 2937 2250 2992 stantia
2282 2936 2540 3007 ingenita
2570 2936 2668 2992 sit.
2700 2937 2808 3001 Qui
2843 2938 3001 2993 enim
3036 2938 3177 3008 vult,
3211 2956 3325 2995 non
3378 2941 3515 3010 quia
3541 2942 3688 3013 vult,

2030 3025 2246 3080 idcirco
2278 3025 2651 3095 generatione
2682 3027 3058 3097 praestantior
3127 3032 3235 3097 est,
3297 3031 3396 3088 sed
3439 3029 3576 3100 quia
3607 3029 3690 3086 ita

2033 3120 2244 3172 natura
2271 3119 2644 3188 comparatus
2675 3121 2786 3174 est.
2847 3116 3048 3186 Itaque
3107 3117 3440 3174 substantia
3497 3135 3598 3188 per
3627 3136 3690 3174 se

2035 3205 2389 3271 subsistens,
2424 3205 2724 3276 ingenitus
2756 3206 2928 3272 Deus,
2962 3205 3084 3262 ulla
3116 3207 3336 3264 ratione
3385 3208 3688 3277 permittit,

2039 3299 2333 3349 utcontra
2363 3296 2619 3365 seipsam
2663 3293 2960 3365 generatio
3021 3294 3399 3367 intelligatur,
3444 3297 3689 3352 feratur-

2033 3401 2144 3455 que
2176 3401 2280 3456 pro
2312 3384 2552 3440 arbitrio
2593 3389 2652 3441 et
2707 3383 2996 3442 sententia
3054 3400 3254 3441 eorum
3318 3401 3445 3456 quae
3499 3385 3694 3455 genita

2030 3479 2188 3530 sunt.

2104 3563 2190 3617 19.
2225 3561 2281 3616 Si
2319 3562 2644 3633 ingenitum
2698 3564 2758 3618 in
2818 3566 2932 3620 Deo
2990 3565 3376 3635 privationem
3427 3567 3685 3638 denotet,

2033 3650 2133 3722 qui
2177 3649 2299 3706 ﬁeri
2350 3651 2584 3721 poterit,
2648 3655 2712 3706 ut
2768 3651 3019 3709 nihilum
3080 3654 3152 3709 ab
3201 3670 3267 3709 eo
3325 3661 3688 3723 secernatur,

2033 3744 2185 3814 quod
2211 3759 2500 3812 nusquam
2533 3743 2666 3799 est?
2696 3744 2857 3806 Quod
2892 3743 2940 3800 si
2961 3743 3023 3797 τὸ
3055 3742 3136 3812 ὅν,
3170 3762 3268 3801 seu
3302 3746 3358 3801 id
3393 3749 3548 3817 quod
3577 3753 3690 3814 est,

2033 3833 2343 3905 signiﬁcet,
2374 3834 2528 3904 quis,
2563 3850 2775 3902 quaeso,
2808 3839 3015 3903 Deum,
3051 3834 3149 3905 qui
3181 3840 3284 3898 est,
3319 3837 3390 3892 ab
3438 3853 3504 3892 eo
3562 3838 3692 3910 ipso

2036 3923 2193 3995 quod
2228 3922 2350 3993 ipse
2381 3931 2467 3978 est
2498 3922 2839 3992 separabit?

2108 4013 2196 4066 20.
2231 4013 2284 4067 Si
2321 4012 2674 4083 privationes
2700 4011 2846 4068 nihil
2907 4012 3066 4070 aliud
3125 4015 3264 4084 sint,
3298 4032 3472 4086 quam
3531 4018 3697 4074 habi-

2035 4105 2197 4159 tuum
2227 4101 2574 4168 ablationes,
2607 4105 2757 4158 certe
2818 4103 3144 4173 ingenitum
3201 4103 3372 4173 illud,
3432 4108 3590 4178 quod
3631 4109 3692 4164 in

2033 4197 2148 4248 Deo
2179 4196 2288 4257 est,
2322 4196 2419 4248 aut
2448 4192 2684 4248 habitus
2741 4192 3008 4263 privatio,
3065 4198 3157 4248 aut
3215 4195 3558 4265 privationis
3590 4197 3688 4254 ha-

2035 4283 2194 4337 bitus
2227 4286 2334 4336 est.
2367 4281 2499 4337 Jam
2554 4282 2602 4338 si
2664 4282 2901 4338 habitus
2960 4283 3206 4354 privatio
3265 4285 3362 4354 sit,
3424 4286 3528 4356 qui
3559 4287 3686 4342 ﬁeri

2034 4374 2264 4444 poterit,
2311 4375 2376 4427 ut
2411 4372 2566 4441 quod
2601 4388 2716 4428 non
2767 4371 2952 4443 adest,
3002 4376 3280 4444 tanquam
3341 4375 3513 4444 adsit,
3577 4382 3690 4433 Deo

2035 4462 2615 4520 adnumeretur?Sin
2642 4467 2838 4519 autem
2883 4463 3210 4535 ingenitum
3281 4470 3370 4522 est
3429 4465 3690 4538 habitus,

2036 4569 2271 4608 necesse
2303 4555 2392 4608 est
2421 4552 2680 4623 genitam
2715 4553 3106 4609 substantiam
3143 4571 3694 4628 praesupponamus,

2037 4645 2100 4697 ut
2127 4642 2329 4696 habitu
2364 4641 2520 4698 hunc
2551 4642 2609 4697 in
2643 4645 2884 4702 modum
2918 4650 3243 4714 assumpto,
3302 4643 3562 4714 ingenita
3594 4663 3692 4702 no-

2036 4732 2312 4786 minetur.

2103 4826 2193 4876 21.
2227 4821 2284 4877 Si
2316 4823 2511 4894 genita
2548 4823 2816 4894 ingenitze
2849 4823 3189 4878 substantiaa
3225 4824 3515 4897 particeps
3571 4832 3688 4899 est,

2035 4912 2265 4967 habitus
2313 4913 2698 4984 adjectionem
2747 4931 2942 4984 passa,
3003 4913 3156 4969 haud
3209 4914 3383 4970 dubie
3443 4917 3691 4988 ingeniti

2034 5001 2310 5060 facultate
2342 5003 2624 5073 privatur,
2659 5003 2738 5058 ita
2770 5007 2834 5058 ut
2863 5003 3060 5074 genita
3091 5003 3331 5074 quidem
3365 5005 3693 5063 substantia

2035 5092 2134 5158 sit,
2170 5093 2494 5163 ingenitum
2554 5096 2750 5147 autem
2811 5092 3067 5147 habitus.
3131 5094 3291 5158 Quod
3348 5095 3397 5149 si
3423 5096 3692 5164 genitura

2033 5183 2345 5237 transitum
2376 5181 2690 5252 signiﬁcat,
2721 5183 2938 5254 quippe
2972 5199 3096 5253 quae
3129 5183 3399 5239 habitum
3432 5186 3686 5254 denotet,

2032 5270 2120 5326 vel
2154 5288 2220 5326 ex
2254 5271 2509 5327 essentia
2561 5272 2839 5343 quapiam
2903 5277 3156 5342 constat,
3217 5274 3301 5328 vel
3351 5274 3461 5331 hoc
3493 5275 3689 5346 ipsum

2033 5365 2143 5428 est,
2177 5364 2331 5429 quod
2366 5360 2634 5433 genitura
2665 5361 2900 5417 dicitur.

2101 5452 2188 5506 2‘3.
2226 5451 2283 5505 Si
2319 5451 2642 5520 ingenitum
2703 5451 2962 5518 habitus,
3017 5458 3073 5508 et
3132 5454 3398 5523 genitum
3446 5453 3691 5514 habitus

2033 5551 2138 5605 est,
2175 5540 2374 5611 procul
2410 5541 2586 5596 dubio
2619 5543 2881 5596 assentire
2922 5547 3060 5596 sunt
3119 5542 3416 5598 babitihus
3444 5545 3690 5615 priores,

2035 5630 2268 5685 habitus
2290 5635 2485 5685 autem
2545 5631 2816 5687 essentiis
2876 5635 3248 5703 posteriores,
3309 5639 3508 5688 utrum
3549 5652 3685 5708 ergo

2033 5719 2483 5778 honoratiores?
2511 5721 2643 5776 Jam
2672 5721 2720 5776 si
2755 5721 2936 5792 geniti
2983 5737 3160 5780 causa
3217 5722 3294 5778 sit
3349 5723 3681 5796 ingenitum
