4054 6420
317 386 475 450 1399

1634 377 1942 441 NICETE
1987 375 2415 439 CHONIATJE

3589 381 3758 443 1400

320 523 379 576 et
406 517 736 591 genituram
769 532 900 573 esse
956 515 1270 588 signiticet,
1321 530 1449 586 quae
1506 529 1624 569 una
1680 527 1813 569 eum
1870 527 1978 568 sua
2006 513 2061 581 Α
2092 511 2251 568 modi
2281 511 2621 584 praescripto
2655 511 2940 569 immunis
2998 529 3155 569 nunc
3213 530 3384 570 suam
3427 514 3620 587 ipsius
3650 532 3754 572 es-

322 608 512 680 ipsius
541 606 805 663 essentia
857 622 1094 662 causam
1152 604 1429 672 involvat,
1491 611 1643 659 certe
1711 602 1984 674 genitura

326 696 642 753 essentiam
699 697 956 761 denotat,
1010 711 1124 749 non
1180 693 1470 763 habitum,
1533 709 1668 748 cum
1722 692 1984 762 ingenita

332 793 541 844 natura
571 787 718 842 nihil
749 791 804 841 et
834 785 946 857 ipsi
972 784 1301 840 contulerit.
1362 784 1468 847 Qui
1538 783 1663 837 ﬁeri
1711 797 1849 853 ergo
1880 797 1981 852 po-

328 882 465 943 test,
500 881 566 932 ut
597 875 859 947 ingenita
891 879 1099 930 natura
1131 891 1245 930 non
1307 873 1382 929 sit
1438 873 1715 942 essentia,
1744 871 1841 927 sed
1882 870 1984 925 ha-

326 965 489 1023 bitus
509 965 537 1021 ?

398 1058 488 1111 23.
523 1055 583 1111 Si
614 1054 808 1111 omnis
863 1053 1120 1110 essentia
1176 1052 1435 1125 ingenita
1489 1056 1595 1122 est,
1656 1049 1848 1123 qualis
1894 1054 1986 1105 est

326 1146 426 1201 Det
460 1144 896 1216 omnipotentis,
931 1145 1030 1215 qui
1088 1141 1209 1197 fieri
1272 1144 1477 1214 possit,
1511 1147 1575 1196 ut
1631 1141 1806 1196 aliam
1850 1155 1981 1210 pas-

326 1235 476 1291 sioni
504 1233 841 1299 obnoxiam,
875 1234 1051 1288 aliam
1082 1248 1216 1289 vero
1256 1249 1288 1287 a
1343 1232 1611 1304 passione
1656 1230 1983 1286 immunem

326 1323 461 1395 quis
495 1327 722 1379 asserat
751 1322 778 1376 ?
805 1322 932 1377 Jam
962 1322 1010 1376 si
1044 1321 1435 1392 ingenitarum
1471 1326 1691 1376 naturas
1732 1317 1982 1373 functio-

324 1428 464 1467 num
497 1412 682 1467 altera
707 1411 947 1482 quidem
994 1412 1273 1480 perdurat
1321 1410 1394 1465 ab
1452 1409 1612 1464 omni
1656 1409 1984 1480 quantitate

325 1506 385 1556 et
411 1500 713 1573 qualitate,
751 1499 823 1555 ab
853 1499 1014 1555 omni
1060 1499 1316 1570 denique
1373 1497 1703 1554 mutatione
1756 1486 1986 1551 immu-

330 1590 425 1646 nis
458 1591 740 1646 :alteram
772 1605 907 1645 vero
943 1587 1477 1659 perturbationibus
1523 1586 1858 1656 obnoxiam,
1892 1601 1988 1643 ne-

330 1695 427 1735 mo
459 1684 548 1734 est
581 1679 681 1750 qui
722 1682 895 1749 neget
945 1676 1301 1732 immutabili
1352 1676 1609 1731 essentia
1655 1675 1982 1747 praeditam,

329 1773 641 1842 propterea
696 1766 851 1837 quod
911 1770 1205 1820 amantem
1263 1763 1416 1819 ultro
1475 1763 1749 1835 pelliciat,
1809 1767 1874 1818 ut
1920 1779 1989 1818 ex

2088 599 2338 656 sentiam
2371 600 2691 657 secundam
2724 602 2781 655 in
2813 618 2874 658 re
2904 603 3101 673 genita
3164 601 3380 671 videat,
3438 620 3598 661 nunc
3640 621 3757 660 au-

2087 694 2206 744 tem
2240 691 2494 761 primam
2528 692 2584 745 in
2618 690 2900 763 ingenito,
2961 696 3136 763 prout
3193 693 3370 764 primi
3410 699 3468 749 et
3496 695 3757 750 secundi

2089 780 2227 835 ordo
2259 796 2321 834 se
2352 780 2527 837 habet
2553 780 2582 836 ‘?

2159 869 2248 922 33.
2284 870 2345 926 Si
2376 874 2527 925 Deus
2558 869 2820 942 ingenita
2848 876 3062 927 natura
3093 877 3450 943 perseverat,
3508 873 3602 930 sui
3660 875 3760 946 ip-

2091 957 2236 1024 sius,
2274 958 2498 1013 ratione
2552 960 2732 1031 geniti
2789 959 2876 1015 vel
2937 960 3209 1032 ingeniti,
3242 962 3493 1033 cognitio
3545 964 3762 1035 procul

2090 1046 2413 1118 ablegetur.
2449 1049 2556 1114 Qui
2589 1049 2740 1105 enim
2775 1052 3091 1105 essentiam
3118 1066 3286 1107 suam
3315 1051 3374 1105 in
3434 1069 3494 1108 re
3553 1054 3763 1125 genita

2098 1141 2154 1190 et
2187 1137 2445 1208 ingenita
2478 1138 2823 1210 protendere
2854 1140 3229 1206 concesserit,
3253 1142 3305 1196 is
3328 1158 3442 1197 non
3467 1142 3760 1198 animad-

2089 1229 2265 1281 vertit
2294 1244 2356 1282 se
2385 1244 2554 1283 suam
2590 1228 2778 1299 ipsius
2809 1229 3124 1285 essentiam
3183 1232 3366 1302 geniti
3416 1237 3476 1287 et
3499 1232 3760 1304 ingeniti

2091 1316 2322 1387 legibus
2355 1319 2662 1388 subjicere.
2695 1319 2858 1383 Quod
2891 1320 2940 1374 si
2976 1320 3241 1391 genitum
3301 1337 3437 1377 cum
3500 1323 3761 1394 ingeniti

2094 1413 2301 1461 natura
2334 1407 2658 1479 participet,
2692 1413 2965 1465 caeterum
3008 1409 3163 1465 intra
3218 1411 3395 1481 geniti
3454 1411 3761 1468 cancellos

2094 1496 2226 1552 sine
2255 1496 2695 1553 intermissione
2726 1499 3021 1569 perduret,
3069 1514 3187 1570 qua
3245 1500 3418 1555 unica
3467 1502 3763 1572 praeditus

2099 1590 2188 1640 est
2216 1591 2448 1655 natura,
2480 1591 2607 1642 tum
2640 1589 2879 1643 demum
2905 1588 3167 1660 seipsum
3221 1592 3540 1661 cognoscit,
3575 1591 3767 1646 nimi-

2093 1690 2224 1730 rum
2255 1675 2538 1746 ignorans
2569 1676 2915 1745 ingenitum.
2949 1676 3063 1733 Nec
3096 1677 3254 1733 enim
3284 1678 3411 1734 ﬁeri
3442 1684 3659 1750 potest,
3694 1684 3769 1735 ut

2092 1763 2248 1819 idem
2277 1764 2450 1820 homo
2485 1765 2578 1820 sui
2612 1766 2799 1837 ipsius
2830 1766 3225 1839 ingenitaque
3257 1768 3400 1823 adeo
3446 1774 3620 1839 atque
3651 1786 3761 1841 ge-

330 1855 627 1930 prazdictis
657 1858 838 1927 patet.
870 1853 1008 1910 Inde
1038 1856 1421 1925 consequitur
1479 1852 1637 1908 haud
1692 1852 1890 1918 dubie,
1924 1857 1986 1908 ut
2014 1877 2061 1942 Β
2096 1854 2226 1908 nite
2252 1854 2520 1910 essentia:
2579 1856 2973 1927 cognitionem
3034 1856 3442 1929 indipiscatur.
3503 1860 3667 1925 Quod
3705 1859 3764 1915 si

329 1964 395 2002 ea
427 1963 553 2018 quis
603 1945 902 2010 immutat,
962 1943 1225 2016 ingenita
1283 1944 1531 2012 dicatur,
1584 1943 1781 2015 genita
1827 1959 1982 2010 vero,

329 2052 456 2108 quae
488 2034 858 2091 immutatur.

399 2126 492 2179 24.
525 2123 585 2180 Si
616 2127 831 2179 natura
861 2122 1121 2192 ingenita
1172 2121 1251 2178 sit
1307 2121 1515 2193 genitae
1570 2137 1767 2193 causa,
1817 2122 1985 2194 inge-

328 2216 520 2271 nitum
553 2218 751 2270 autem
782 2212 930 2268 nihil
962 2213 1062 2281 sit,
1096 2212 1197 2284 qui
1231 2211 1353 2268 ﬁeri
1385 2215 1594 2284 potest,
1627 2216 1694 2268 ut
1732 2210 1985 2267 nihilum

330 2321 508 2360 causa
535 2303 615 2360 sit
643 2305 772 2374 ejus
804 2302 959 2374 quod
992 2306 1083 2358 est
1112 2301 1139 2356 ‘I

402 2394 493 2460 25,
524 2394 581 2447 Si
613 2392 933 2464 ingenitum
960 2390 1207 2463 privatio
1239 2393 1349 2459 est,
1383 2389 1629 2462 privatio
1687 2395 1881 2447 autem
1922 2407 1990 2447 ea

334 2485 447 2551 est,
477 2498 595 2553 qua
621 2480 885 2551 rejicitur
916 2479 1152 2535 habitus
1192 2494 1205 2536 ε
1235 2484 1509 2535 caeterum
1549 2480 1787 2550 rejectio
1820 2497 1989 2552 pror-

334 2591 441 2632 sus
469 2573 832 2642 dissolvitur,
864 2578 969 2629 aut
995 2572 1207 2628 transit
1240 2572 1299 2626 in
1330 2570 1513 2636 aliud,
1548 2571 1646 2642 qui
1706 2572 1829 2629 ﬁeri
1885 2590 1988 2645 po-

335 2669 475 2733 test,
507 2667 574 2720 ut
606 2663 678 2719 ab
705 2663 908 2719 habitu
953 2662 1261 2718 transitive
1315 2666 1419 2717 aut
1474 2662 1821 2719 dissolutivo
1886 2662 1989 2720 Dei

336 2753 591 2810 essentia
617 2752 866 2823 ingeniti
899 2750 1287 2823 appellatione
1319 2750 1768 2807 denominetur?

403 2843 496 2899 26.
526 2842 586 2898 Si
619 2840 864 2913 ingeniti
908 2840 1191 2896 vocabulo
1250 2840 1499 2913 privatio
1556 2840 1987 2907 denominetur,

333 2949 459 3005 quae
491 2931 553 2987 in
583 2915 768 2987 Deum
802 2946 917 2986 non
950 2930 1261 3002 cadit,quo
1280 2947 1457 2986 sensu
1482 2930 1805 3001 ingenitum
1829 2946 1987 2998 eum,

331 3040 450 3079 non
483 3027 678 3079 autem
705 3022 968 3094 genitum
997 3021 1250 3077 dicimus
1268 3021 1296 3076 ‘2

404 3114 497 3171 27.
529 3111 588 3167 Si
641 3111 971 3183 ingenitum
1030 3111 1090 3166 in
1145 3114 1260 3167 Deo
1315 3111 1542 3167 nudum
1604 3126 1820 3166 nomen
1879 3114 1987 3177 est,

2093 1943 2421 2015 ingenitum
2456 1945 2749 2015 abjectum
2782 1950 2892 2013 est,
2924 1949 2982 2001 et
3010 1946 3388 2018 despicabile,
3434 1948 3575 2020 quia
3626 1965 3765 2003 mu-

2092 2034 2296 2089 tationi
2331 2035 3044 2106 peraccemmodum,inde
3075 2040 3230 2092 certe
3262 2037 3666 2110 consequitur,
3688 2042 3761 2094 ut

2093 2128 2313 2179 naturae
2345 2125 2682 2195 prmetantia
2709 2126 2770 2180 in
2801 2125 3057 2181 essentia
3114 2125 3468 2182 immutabili
3520 2127 3760 2184 consis-

2092 2216 2200 2281 tat,
2231 2229 2363 2267 cum
2390 2216 2716 2285 praesertim
2778 2215 2837 2269 in
2900 2215 3170 2271 confesso
3198 2216 3275 2271 sit
3304 2216 3628 2273 essentiam
3660 2218 3765 2273 in-

2094 2304 2350 2374 genitam
2383 2319 2563 2359 causa
2595 2303 2798 2375 quavis
2829 2303 3300 2361 excellentior-sm
3332 2321 3481 2362 esse.

2167 2393 2258 2448 34.
2288 2393 2347 2448 Si
2377 2393 2450 2448 ab
2492 2393 2655 2448 omni
2712 2398 3005 2465 potestate
3062 2394 3390 2463 ingenitum
3448 2395 3773 2464 eximatur,

2102 2480 2290 2537 multa
2322 2486 2518 2538 autem
2548 2481 2810 2554 ingenita
2842 2482 2983 2547 sint,
3033 2487 3191 2540 certe
3237 2484 3633 2541 immutabilis
3665 2502 3777 2541 eo-

2100 2587 2231 2626 rum
2264 2575 2474 2627 natura
2504 2571 2584 2626 sit
2614 2575 2879 2643 oportet:
2913 2587 3020 2627 nec
3050 2573 3206 2628 enim
3267 2574 3602 2645 cujuspiam
3648 2591 3766 2631 na-

2098 2659 2306 2717 turalis
2339 2659 2632 2716 facultatis
2664 2660 2999 2716 communis
3021 2667 3124 2717 aut
3143 2661 3381 2733 privatae
3398 2662 3773 2722 adminiculo

2098 2751 2283 2807 altera
2316 2750 2554 2822 quidem
2586 2750 2858 2822 faciebat,
2893 2754 3078 2807 altera
3107 2768 3242 2809 vero
3273 2754 3468 2810 ﬁebat.

2168 2842 2257 2896 35.
2286 2842 2344 2895 Si
2376 2840 2569 2896 omnis
2600 2842 2860 2897 essentia
2889 2842 3155 2913 ingenita
3183 2847 3293 2913 est,
3348 2848 3506 2899 certe
3562 2846 3769 2903 omnis

2097 2930 2360 3001 ingenita
2388 2935 2493 3000 est,
2526 2931 2718 2987 omnis
2750 2931 3257 2987 estimmutabilis.
3289 2931 3415 2989 Jam
3468 2932 3519 2989 si
3557 2950 3768 2991 essen-

2097 3020 2244 3075 tiam
2275 3034 2405 3076 esse
2435 3019 2864 3076 immutabilem
2896 3021 3313 3087 concedamus,
3341 3022 3492 3079 actio
3550 3023 3771 3096 utique

2104 3115 2160 3164 et
2186 3109 2382 3181 passio
2413 3109 2575 3165 casui
2599 3113 2658 3165 et
2683 3109 2994 3165 temeritati
3026 3110 3416 3166 ascribentur.
3469 3112 3767 3169 Caeterum

332 3202 494 3259 nuda
533 3217 702 3272 porro
740 3205 799 3257 et
850 3198 1103 3271 simplex
1161 3199 1409 3269 prolatio
1460 3200 1825 3272 hypostasim
1884 3200 1987 3256 Dei
2028 3223 2072 3290 ρ
2103 3214 2238 3290 cum
2283 3197 2469 3290 multa
2517 3196 2647 3290 sint
2702 3198 2964 3290 ingenita
3019 3204 3077 3254 et
3128 3199 3549 3267 immutabilis,
3598 3206 3772 3259 tanto

335 3309 520 3364 supra
551 3306 645 3347 res
673 3305 880 3347 omnes
901 3289 1129 3359 genitas
1184 3288 1428 3356 extollit,
1477 3288 1785 3344 hominum
1831 3294 1988 3346 certe

335 3382 586 3455 prolatio
629 3380 733 3437 Dei
790 3377 1210 3449 omnipotentis
1267 3377 1569 3449 hypostasi
1628 3381 1992 3448 praestantior

340 3476 450 3540 est,
479 3487 549 3527 ea
577 3468 1041 3540 omnipotentem
1073 3467 1358 3539 dignitate
1414 3468 1828 3540 condecorans,
1862 3486 1991 3542 quae

340 3578 475 3619 cum
504 3558 667 3615 nulla
696 3557 809 3613 alia
836 3555 1088 3613 conferri
1117 3560 1311 3628 queat.

408 3653 497 3708 28.
525 3650 583 3704 Si
612 3647 871 3721 ingenito
903 3647 1074 3718 cujus
1101 3663 1278 3703 causa
1308 3663 1416 3702 sua
1473 3647 1695 3704 tributa
1746 3653 1853 3716 est,
1888 3666 1991 3705 na-

340 3747 468 3798 tura
501 3744 697 3796 autem
739 3754 868 3810 quas
926 3754 962 3793 a
1009 3736 1171 3792 nulla
1227 3753 1407 3793 causa
1454 3739 1757 3807 processit,
1814 3755 1995 3794 causa

334 3838 515 3899 caret,
549 3846 615 3886 eo
646 3830 734 3895 ﬁt,
768 3832 834 3882 ut
863 3826 1191 3898 ingenitum
1222 3843 1341 3883 non
1372 3842 1610 3884 causam
1646 3831 1748 3884 sed
1807 3829 1991 3901 hypou

335 3921 544 3978 stasim
580 3917 894 3990 signiticet.

405 4009 496 4064 29.
533 4007 593 4063 Si
623 4005 914 4077 quidquid
948 4005 1163 4060 factum
1197 4009 1307 4073 est,
1343 4005 1415 4059 ab
1447 4005 1561 4061 alio
1624 4005 1841 4062 factum
1882 4012 1989 4077 est,

338 4097 597 4169 ingenita
628 4111 761 4152 vero
792 4093 1125 4165 bypostasis
1164 4111 1270 4150 nec
1295 4111 1329 4149 a
1350 4096 1566 4165 seipsa,
1621 4112 1728 4150 nec
1770 4098 1841 4152 ab
1882 4096 1996 4152 alia

339 4190 493 4243 facta
513 4190 623 4255 est,
652 4183 788 4239 inde
820 4182 1152 4238 necessario
1178 4183 1579 4254 consequitur,
1627 4188 1693 4239 ut
1748 4185 1994 4257 ingeniti

341 4277 577 4335 nomine
609 4276 916 4330 denotetur
944 4274 1217 4330 essentia.

413 4368 502 4422 30.
533 4365 593 4420 Si
625 4363 885 4435 ingenita
942 4362 1279 4435 hypostasis
1337 4379 1457 4419 una
1513 4379 1643 4420 cum
1693 4364 1874 4437 geniti
1914 4382 1999 4423 es-

341 4456 532 4514 sentia
557 4459 840 4524 tanquam
867 4469 1045 4509 causa
1073 4451 1387 4521 elucescat,
1411 4469 1534 4524 quea
1562 4452 1728 4510 nulla
1752 4471 1995 4527 prorsus

342 4561 519 4604 causa
549 4542 849 4599 immutari
885 4541 1091 4614 possit,
1124 4557 1190 4597 eo
1221 4541 1308 4607 fit,
1365 4546 1430 4596 ut
1483 4541 1613 4613 ipsa
1670 4559 1774 4615 per
1815 4561 1877 4601 se
1902 4560 1994 4600 es-

2103 3286 2217 3342 alia
2248 3286 2320 3343 ab
2352 3285 2482 3342 aliis
2515 3286 2820 3342 intervallo
2860 3288 3280 3360 sejunguntur,
3337 3293 3403 3345 ut
3461 3293 3774 3348 numerari

2103 3394 2221 3433 non
2254 3376 2504 3449 possint.
2537 3380 2653 3433 Nec
2713 3378 2871 3434 enim
2930 3378 3059 3434 fieri
3117 3383 3325 3450 potest,
3383 3384 3450 3436 ut
3506 3398 3602 3438 res
3640 3400 3776 3440 ass

2105 3468 2385 3523 distantes
2407 3467 3009 3539 enumerariqusant:
3046 3485 3181 3524 cum
3206 3472 3531 3540 prtessrtim
3569 3473 3778 3530 omnis

2103 3560 2389 3616 distantia
2423 3558 2619 3614 nescio
2651 3574 2831 3629 quam
2862 3558 3138 3628 ingenita
3168 3566 3394 3616 naturae
3452 3562 3776 3633 disjunctaa

2102 3649 2464 3705 functionem
2491 3647 2613 3703 sive
2630 3648 2688 3702 in
2713 3648 3053 3705 universum
3076 3648 3273 3704 sivein
3299 3654 3462 3722 parte
3502 3652 3776 3711 denotet.

2174 3738 2265 3794 36.
2298 3737 2356 3793 Si
2390 3735 2689 3807 ingenitus
2716 3740 2773 3791 et
2799 3736 2953 3792 Deus
3012 3737 3264 3807 quadam
3314 3738 3776 3809 signiﬁcationis

2103 3824 2490 3881 correlatione
2548 3824 2702 3880 idem
2763 3824 3117 3895 significent,
3176 3825 3476 3897 ingenitus
3560 3829 3776 3899 procul

2105 3914 2283 3970 dubio
2313 3913 2513 3986 genuit
2545 3913 2896 3985 ingenitum.
2926 3914 3091 3979 Quod
3124 3914 3175 3969 si
3221 3913 3383 3971 aliud
3437 3917 3774 3988 ingenitus,

2105 4003 2261 4059 aliud
2298 4008 2447 4057 Deus
2477 4001 2787 4073 signiticet,
2847 4018 2963 4059 non
2995 4004 3320 4059 absurdum
3355 4004 3456 4071 sit,
3487 4010 3555 4061 ut
3613 4008 3777 4064 Deus

2105 4093 2288 4149 Deum
2320 4091 2608 4163 genuerit,
2642 4091 2725 4147 ita
2756 4095 2821 4146 ut
2849 4092 2922 4147 ab
2979 4092 3240 4163 ingenita
3294 4094 3553 4150 essentia
3611 4104 3779 4153 uter-

2107 4197 2220 4253 que
2250 4180 2423 4236 vitam
2457 4181 2767 4252 acceperit.
2800 4181 2962 4246 Quod
3022 4181 3073 4236 si
3132 4181 3249 4237 Deo
3281 4182 3585 4254 antiquius
3622 4187 3779 4243 nihil

2105 4278 2215 4341 est,
2247 4276 2312 4327 ut
2342 4278 2496 4327 certe
2527 4272 2671 4327 nihil
2703 4278 2812 4340 est,
2833 4288 2900 4327 eo
2942 4273 3028 4340 ﬁt,
3058 4278 3126 4329 ut
3156 4278 3305 4329 Deus
3354 4279 3412 4330 et
3463 4274 3780 4346 ingenitus

2107 4364 2261 4419 idem
2292 4363 2647 4436 significent,
2703 4364 2782 4418 ita
2849 4369 2916 4418 ut
2967 4364 3233 4435 genitum
3292 4365 3540 4437 ingeniti
3587 4385 3781 4442 capax

2108 4455 2351 4512 minime
2381 4456 2478 4510 sit.
2512 4454 2702 4517 Quare
2732 4454 2859 4510 ﬁeri
2892 4470 3008 4510 non
3044 4460 3255 4527 potest,
3286 4460 3353 4512 ut
3382 4458 3588 4515 eadem
3624 4478 3778 4520 voce

2105 4560 2242 4600 cum
2274 4543 2439 4599 Patre
2467 4559 2575 4598 suo
2600 4543 2832 4615 genitus
2863 4548 3223 4600 enuntietur.

340 4592 531 4692 sentis
562 4635 639 4690 sit
668 4592 1173 4701 incomparabilis;
1205 4592 1333 4701 quis
1363 4592 1994 4703 incomparabilitatem
2027 4592 2071 4657 θ
2180 4633 2333 4689 Deus
2363 4632 2462 4703 qui
2494 4592 2634 4703 pero
2654 4649 2714 4688 se
2760 4632 2993 4703 genitus
3050 4638 3161 4703 est,
3218 4650 3510 4707 quemque
3565 4638 3774 4699 solum

340 4727 532 4798 ipsam
565 4738 680 4779 non
709 4720 1071 4775 extrinsecus
1128 4719 1420 4784 ostendat,
1478 4721 1581 4775 sed
1639 4720 1769 4792 ipsa
1799 4738 1899 4793 per
1932 4739 1996 4779 se

342 4809 823 4884 incomparabilis
897 4811 957 4864 et
1010 4808 1311 4865 inaccessa
1362 4807 1459 4875 sit,
1521 4810 1995 4883 quandoquidem

341 4901 605 4975 ingenita
632 4906 739 4957 est.

417 4991 510 5047 3i.
540 4990 600 5045 Si
629 4990 785 5047 Deus
809 4989 1185 5060 omnipotens
1216 4987 1422 5058 quavis
1462 4992 1672 5044 natura
1728 4995 2003 5060 praeten-

346 5086 464 5141 tior
492 5086 603 5145 est,
632 5080 691 5135 id
726 5078 948 5135 ratione
976 5077 1223 5150 ingeniti
1245 5079 1643 5149 consequitur,
1685 5081 1841 5151 quod
1873 5083 2000 5150 qui-

347 5174 483 5229 dem
515 5167 747 5240 genitis,
780 5171 845 5222 ut
873 5171 1271 5238 permaneant,
1304 5166 1364 5222 in
1397 5183 1576 5223 causa
1604 5174 1712 5226 est.

418 5260 510 5315 32.
540 5257 597 5313 Si
631 5256 960 5327 ingenitum
993 5255 1311 5311 essentiam
1360 5272 1476 5312 non
1534 5256 1846 5328 significet,
1887 5275 2003 5330 qua

349 5348 598 5418 ratione,
629 5360 849 5417 quasso,
881 5344 1214 5416 genitorum
1245 5349 1458 5401 natura
1489 5345 1548 5400 in
1606 5347 1832 5420 integro
1871 5365 2004 5405 con-

349 5436 677 5495 servabitur
696 5433 724 5487 Ἰ

421 5524 482 5578 Si
507 5537 709 5580 eorum
736 5536 867 5591 quas
897 5518 1167 5574 videntur
1197 5520 1343 5575 nihil
1398 5522 1591 5594 seipse
1650 5526 1859 5581 virtuts
1905 5542 2002 5582 se-

358 5611 562 5671 minati
580 5610 879 5680 antiquius
894 5613 1006 5676 est,
1038 5607 1140 5662 sed
1172 5608 1326 5663 intra
1373 5612 1744 5684 praescriptos
1777 5619 1999 5673 natura

360 5699 577 5755 limites
609 5699 830 5763 manet,
860 5696 957 5765 qui
989 5696 1072 5766 ﬁt,
1091 5700 1152 5752 ut
1198 5696 1493 5770 ingenitus
1520 5701 1675 5760 Deus
1697 5707 1767 5760 ab
1800 5703 2001 5776 hujus-

2109 4739 2310 4779 verum
2347 4722 2527 4777 Deum
2558 4722 2579 4743 "
2610 4721 2823 4777 idcirco
2856 4721 3077 4778 missus
3097 4723 3172 4778 ab
3201 4730 3282 4779 eo’
3298 4724 3774 4787 Jesustristus

2110 4817 2245 4869 ante
2274 4813 2485 4868 saecula
2514 4826 2644 4867 vere
2699 4811 3051 4882 subsistens,
3110 4812 3422 4884 genitaque
3481 4820 3775 4887 praeditus

2110 4901 2563 4973 bypostasi,vos
2595 4916 2801 4957 omnes
2831 4900 3022 4957 salvos
3069 4906 3129 4956 et
3182 4901 3376 4960 salvas
3434 4904 3507 4961 ab
3566 4908 3780 4979 impie-

2112 4994 2232 5046 tate
2261 4994 2579 5057 conservet,
2605 4988 2663 5043 in
2702 4988 2933 5045 Christo
2990 4988 3128 5045 Jesu
3186 4989 3488 5048 Salvatore
3544 5004 3777 5066 nostro,

2114 5096 2219 5151 per
2247 5094 2421 5150 quem
2455 5077 2529 5133 sit
2560 5078 2752 5134 omnis
2782 5077 2970 5149 gloria
3016 5077 3177 5133 Patri
3232 5084 3292 5135 et
3346 5080 3486 5151 Deo,
3526 5099 3688 5141 nunc
3718 5093 3784 5144 et

2115 5184 2367 5240 semper,
2399 5170 2457 5223 et
2488 5167 2548 5222 in
2579 5167 2795 5223 saecula
2824 5167 3195 5224 saeculorum.

2772 5273 2927 5329 CAP.
2991 5274 3099 5329 XL.

2125 5364 2381 5445 Ejusdem
2414 5363 2940 5445 {Vicetze-Cltqnz'am
2969 5366 3029 5418 in
3069 5366 3435 5445 praesidentia
3490 5370 3781 5445 Epilogus,

2187 5443 2349 5515 atque
2405 5437 2669 5515 Praefatio
2726 5434 2785 5515 in
2843 5451 2964 5491 eam
3011 5434 3201 5515 quam_
3235 5439 3500 5515 aduersu:
3533 5434 3775 5515 Ἀνίἷιιηξ

2182 5511 2396 5565 Aelium
2428 5520 2478 5564 et
2507 5507 2842 5563 Eunomium
2866 5515 3031 5579 parat
3061 5511 3517 5583 con/uiaticum.

2188 5621 2320 5673 Haec
2351 5621 2441 5672 est
2470 5615 2569 5671 illa
2598 5616 2916 5688 impietatis
2976 5614 3197 5686 planta,
3248 5634 3376 5690 quas
3434 5621 3651 5693 triplici
3684 5641 3781 5683 ra.

2116 5708 2239 5766 dice
2268 5706 2577 5763 innititur:
2602 5704 2661 5761 hi
2711 5708 2852 5763 sunt
2891 5703 3193 5762 Christum
3225 5706 3774 5781 hlasphemantium
