4054 6420
308 398 338 457 1
354 397 469 458 401

1658 392 2068 456 THESAURI
2110 391 2264 453 LIB.
2309 391 2386 454 V.

3574 396 3735 459 1402

314 528 670 601 colophones
705 545 717 585 :
755 527 812 584 lii
844 531 1004 595 sunt,
1037 526 1132 601 qui
1167 526 1342 600 primi
1406 530 1617 583 sancta:
1660 525 1966 583 Trinitatis
1996 526 2051 593 Α
2085 532 2364 582 strarunt.
2401 527 2496 582 Ait
2552 526 2705 582 enim
2767 526 2864 583 ille
2898 542 2911 581 :
2974 528 3085 596 Qui
3139 527 3285 583 videt
3338 544 3445 597 me,
3479 530 3630 586 videt
3682 541 3736 587 et

316 621 492 676 varia
525 621 583 674 in
615 618 920 690 opiniones
950 624 1010 674 et
1070 618 1357 674 essentias
1414 619 1828 674 dissectionem
1881 618 1974 673 in-

321 712 633 775 severunt;
670 707 729 762 hi
770 707 1020 779 denique
1052 713 1207 773 sunt,
1240 707 1337 778 qui
1390 707 1612 762 zizania
1652 706 1971 779 purissimo

324 799 560 871 pietatis
610 796 800 854 tritico
856 798 1407 870 superseminarunt
1462 802 1518 853 et
1572 796 1970 864 excoluerunt,

323 904 451 959 quas
483 888 719 959 quidem
759 889 932 943 Arius
987 887 1293 961 plantavit,
1346 887 1545 944 Aetius
1598 888 1827 958 rigavit,
1869 886 1974 942 Eu-

319 977 556 1033 nomius
592 978 1143 1049 adauxitzquorum
1188 978 1411 1034 fructus
1460 982 1568 1047 est,
1601 983 1666 1033 ut
1686 978 1971 1033 creaturis

314 1067 550 1123 Creator
571 1071 965 1136 accenseatur,
996 1070 1054 1122 et
1107 1066 1291 1123 Filius
1344 1068 1574 1138 quidem
1625 1084 1659 1122 a
1691 1067 1971 1121 substan-

311 1154 396 1210 tia
429 1156 617 1210 Patris
648 1154 951 1225 alienatur,
985 1155 1055 1210 ab
1087 1170 1271 1226 eoque
1301 1155 1553 1225 Spiritus
1613 1155 1967 1228 quihusdam

312 1245 484 1316 quasi
511 1245 789 1316 gradibus
820 1245 1066 1300 diﬂerat.
1103 1245 1384 1300 Caeterum
1446 1244 1507 1300 hi
1565 1245 1805 1315 quidem
1850 1245 1967 1299 t'ru-

309 1345 433 1392 stra
477 1344 530 1389 et
596 1340 813 1390 temere
874 1342 1077 1390 contra
1128 1335 1421 1391 Christum
1482 1335 1872 1401 fremuerunt,
1913 1345 1967 1391 et

307 1425 615 1495 opiniones
634 1424 845 1495 impias
869 1425 923 1479 in
950 1423 1182 1493 cmlum,
1215 1424 1324 1480 hoc
1351 1430 1438 1479 est
1460 1423 1787 1480 divinitatis
1833 1425 1965 1493 ejus

311 1512 681 1570 altitudinem
712 1518 915 1569 contra
945 1530 1123 1585 quam
1160 1531 1264 1585 par
1294 1522 1415 1569 erat
1463 1513 1739 1583 ejaculati
1800 1518 1962 1583 sunt,

310 1603 534 1674 lingua
565 1602 753 1658 instar
776 1602 933 1658 nervi
964 1619 1140 1659 arcus
1166 1603 1393 1658 intenta
1423 1619 1437 1658 :
1474 1602 1571 1657 ille
1626 1618 1759 1658 vero
1803 1608 1967 1657 extra

311 1692 414 1748 teli
439 1695 667 1762 jactum
701 1693 1468 1764 manens(quandoquidem
1486 1692 1809 1747 divinitatis
1838 1694 1965 1763 ejus

310 1780 654 1837 excellentia
684 1781 859 1836 oculos
880 1782 1261 1853 transcendit)
1315 1783 1534 1852 majore
1576 1781 1739 1852 juxta
1772 1785 1829 1836 et
1858 1798 1964 1836 au-

307 1873 565 1944 gustiore
595 1872 779 1943 gloria
836 1872 1223 1944 resplenduit,
1283 1888 1487 1928 eorum
1544 1888 1717 1928 arcus
1761 1876 1958 1927 conte-
1990 1905 2040 1970 Β

304 1967 529 2026 rens,et
548 1962 919 2032 confringens
942 1979 1124 2030 arma,
1146 1965 1203 2017 et
1224 1968 1391 2017 scuta
1418 1962 1770 2016 comburens
1812 1960 1959 2032 igni-

305 2059 376 2105 ta:
408 2049 456 2086 ³ο
486 2050 722 2106 Patrum
781 2050 1089 2123 theologia
1175 2049 1582 2119 adminiculo;
1643 2053 1837 2120 atque,
1897 2053 1961 2105 ut

306 2140 391 2195 ita
413 2140 627 2210 dicam,
657 2140 966 2196 faeculenta
995 2156 1198 2196 eorum
1227 2140 1407 2196 verba
1436 2140 1758 2195 exsiccans.

383 2229 528 2293 Quid
562 2229 715 2285 enim
748 2230 889 2299 Arii,
917 2230 1085 2297 Aetii,
1117 2233 1175 2286 et
1212 2229 1476 2285 Eunomii
1537 2229 1829 2301 dogmatis
1863 2229 1962 2284 fae—

310 2318 604 2376 culentius
636 2323 745 2389 est,
779 2337 905 2391 quas
937 2320 1177 2391 quidem
1208 2324 1333 2374 tum
1365 2319 1424 2374 in
1483 2318 1729 2374 historia
1786 2318 1857 2374 de
1887 2318 1962 2374 iis

301 2409 648 2465 elucubrata
679 2408 1255 2480 comprehendimus,
1285 2413 1412 2463 tum
1473 2406 1791 2463 dilucidius
1829 2424 1957 2464 ora-

308 2500 472 2556 tione
512 2500 779 2571 sequenti
813 2498 1280 2571 explanabimus,
1338 2498 1423 2554 eis
1471 2498 1764 2554 contraria
1822 2498 1961 2553 sub-

296 2587 647 2659 jungentes,
681 2592 744 2643 ut
773 2588 1007 2643 inanem
1043 2603 1247 2643 eorum
1277 2586 1693 2658 loquacitatem
1738 2585 1962 2642 refella-

307 2692 464 2745 mus,
493 2682 550 2732 et
580 2693 651 2732 ne
683 2677 815 2748 quis
847 2676 907 2732 in
937 2693 1006 2733 ea
1034 2677 1343 2749 impingat,
1377 2693 1505 2747 quas
1562 2676 1659 2732 isti
1714 2675 1840 2731 sine
1870 2692 1962 2731 ra-

300 2771 468 2825 tione
489 2773 546 2825 et
588 2769 877 2841 sapientia
935 2774 1137 2828 contra
1182 2769 1441 2825 Verbum
1499 2773 1558 2824 et
1612 2767 1960 2840 sapientiam

292 2859 718 2915 eil'utiverunt?

962 2970 1115 3024 CAP.
1149 2968 1299 3025 XLI.

298 3079 585 3142 Capitibus
615 3078 889 3132 haereseon
917 3076 1058 3143 Arii,
1093 3075 1356 3131 Eunomiz‘
1411 3083 1462 3131 et
1512 3074 1656 3131 Aeli:
1695 3074 1961 3145 expositis

363 3153 489 3279 {iam
526 3149 601 3204 ad
656 3153 861 3205 seriam
904 3149 1219 3205 earumdem
1264 3150 1702 3219 con/utationem
1760 3164 1956 3218 aggre-

454 3239 544 3278 ur.

454 3239 544 3278 ur.

357 3328 698 3399 Objiciebat
726 3329 922 3395 Arius,
981 3331 1048 3383 ut
1103 3333 1161 3384 et
1215 3330 1345 3400 ejus
1400 3330 1636 3386 asseclae
1674 3328 1876 3385 Aetius
1900 3332 1956 3385 et

293 3418 629 3479 Eunomius
663 3434 676 3472 :
714 3416 838 3473 Non
872 3432 1102 3486 semper
1134 3421 1283 3471 Deus
1319 3418 1483 3472 Pater
1512 3418 1641 3485 fuit,
1692 3420 1795 3474 sed
1854 3418 1961 3473 fuit

292 3517 558 3581 tempus,
589 3524 704 3580 quo
734 3507 898 3563 Pater
928 3523 1041 3561 non
1075 3505 1200 3561 fuit.
1234 3506 1395 3568 Quod
1442 3507 1492 3560 si
1528 3506 1698 3561 Pater
1727 3521 1962 3575 semper

295 3607 354 3660 et
395 3600 465 3655 ab
497 3598 665 3653 initio
696 3613 812 3652 non
847 3596 1040 3665 fuerit,
1073 3610 1263 3666 neque
1283 3592 1466 3649 Filius
1512 3595 1585 3649 ab
1622 3594 1788 3649 initio
1820 3610 1958 3650 con-

294 3701 717 3759 temporaneus
745 3691 1184 3755 eoseternusque
1213 3684 1390 3749 Patri,
1424 3684 1523 3739 sed
1565 3688 1691 3739 tum
1725 3685 1959 3740 demum

295 3784 530 3854 postea,
566 3794 699 3832 cum
735 3778 845 3832 Deo
902 3791 1004 3847 per
1055 3774 1268 3830 Filium
1322 3772 1583 3845 angelos,
1633 3777 1691 3829 et
1746 3790 1873 3839 nos,
1905 3779 1962 3831 et

295 3869 509 3928 omnia
538 3885 670 3940 qua
699 3871 839 3925 sunt
868 3866 929 3922 in
959 3865 1199 3936 mundo,
1233 3881 1429 3922 creare
1486 3864 1704 3937 placuit
1736 3881 1751 3923 :
1806 3871 1961 3922 certe

296 3965 572 4019 creatura
606 3958 734 4025 fuit,
777 3960 953 4029 atque
1014 3960 1269 4029 paternae
1329 3955 1673 4011 substantia:
1732 3972 1957 4027 expers.

301 4056 487 4106 Porro
536 4046 792 4103 Verbum
847 4047 1038 4101 dictus
1091 4054 1200 4115 est,
1256 4045 1480 4101 ratione
1535 4049 1959 4116 creaturarum,

302 4152 441 4211 quae
467 4141 604 4191 sunt
635 4136 876 4191 rationis
909 4133 1235 4205 participes,
1278 4133 1556 4188 nimirum
1616 4135 1959 4206 angelorum

302 4235 363 4286 et
413 4227 644 4292 nostri;
696 4224 996 4295 Sapientia
1046 4239 1201 4294 vero,
1259 4239 1455 4279 eorum
1512 4224 1754 4294 ratione,
1814 4242 1961 4297 quos

303 4317 641 4376 divinarum
674 4320 731 4370 et
762 4314 1150 4369 humanarum
1184 4329 1382 4368 rerum
1414 4313 1742 4386 cognitione
1777 4314 1962 4369 int'or-

302 4408 490 4464 mavit
519 4425 532 4475 ;
565 4404 747 4460 Filius
779 4405 1030 4475 denique
1059 4408 1296 4475 propter
1324 4419 1446 4471 eos,
1507 4420 1655 4475 quos
1712 4403 1960 4476 adopta-

298 4499 409 4555 vit.

383 4587 452 4641 Et
483 4584 621 4657 quia
644 4583 898 4639 Verbum
956 4581 1117 4638 aliud
1176 4585 1284 4650 est,
1340 4582 1500 4654 quod
1557 4583 1717 4640 Patri
1761 4584 1958 4653 inest;

303 4676 465 4752 quod
499 4676 743 4731 insitum
774 4690 1010 4747 quoque
1050 4675 1288 4743 dicitur,
1322 4676 1566 4745 ejusque
1618 4677 1960 4732 substantiae

303 4767 612 4842 proprium
638 4782 652 4820 :
684 4765 943 4835 itemque
974 4764 1155 4834 aliud,
1188 4764 1346 4836 quod
1376 4764 1436 4819 in
1466 4770 1682 4820 terram
1716 4765 1961 4821 descen-

304 4858 418 4923 dit,
451 4871 805 4926 carnemque
837 4855 1183 4926 assumpsit,
1216 4856 1372 4925 quod
1422 4859 1481 4909 et
1521 4855 1962 4926 participatione

299 4946 567 5003 Verbum
630 4944 755 5013 Dei,
807 4951 1078 5016 Deusque
1163 4943 1382 4999 dicitur
1437 4944 1959 5014 (quemadmodum

291 5035 449 5112 justi
470 5051 702 5107 quoque
724 5040 851 5090 tum
876 5034 977 5089 Dei
1002 5033 1260 5102 ﬁlii,tnm
1285 5034 1363 5089 dii
1386 5034 1706 5105 vocantur),
1743 5034 1961 5106 quippe

302 5127 467 5199 quod
501 5123 783 5180 mutabile
811 5129 1020 5179 natura
1042 5125 1138 5189 sit,
1172 5139 1278 5178 nec
1328 5123 1546 5178 Patrem
1595 5123 1809 5188 videat,
1853 5139 1959 5179 nec

302 5233 445 5274 eum
478 5215 629 5271 norit
660 5212 759 5286 qui
792 5212 1078 5284 principio
1133 5216 1311 5283 caret,
1370 5212 1585 5284 quippe
1643 5214 1799 5285 quod
1847 5214 1958 5271 sub

296 5305 661 5382 principium
694 5304 880 5359 cadat.

382 5395 758 5464 Perspicuum
788 5396 984 5447 autem
1043 5394 1133 5447 est
1189 5406 1287 5446 eos
1345 5394 1402 5445 et
1457 5390 1687 5446 Christo
1719 5391 1831 5464 ipsi
1864 5392 1962 5447 ad-

291 5483 543 5553 versari,
574 5490 627 5539 et
659 5482 731 5537 iis
791 5481 891 5553 qui
950 5481 1146 5552 ipsum
1204 5478 1497 5548 viderunt,
1558 5481 1729 5553 eique
1784 5483 1959 5539 mini.

368 5625 418 5659 3°
447 5623 599 5680 Psal.
634 5641 758 5694 va,
793 5625 879 5679 10.
958 5624 1005 5661 ‘0
1029 5624 1195 5680 Jom.
1223 5640 1338 5689 xiv,
1371 5625 1425 5680 9.
1523 5625 1567 5660 ⁴¹
1600 5625 1746 5682 ibid.
1782 5627 1868 5681 10.

1971 5627 2023 5662 ⁴²
2051 5628 2221 5686 Joan.
2255 5629 2380 5697 1,4.

2083 618 2304 671 Patrem
2330 616 2394 671 ‘°.
2429 618 2570 672 item
2607 619 2756 686 :Ego
2787 619 2845 672 in
2879 621 3066 683 Patre,
3124 622 3174 673 et
3233 620 3394 673 Pater
3451 622 3510 674 in
3546 637 3633 676 me
3664 620 3733 691 ἀί,

2082 707 2294 778 quibus
2350 706 2546 762 verbis
2601 707 2803 762 eadem
2865 707 3172 778 utriusque
3229 709 3560 765 substantia
3601 727 3731 781 per-

2081 797 2281 869 spicue
2312 797 2739 853 subindicatur.
2799 797 2868 851 Et
2925 797 3278 867 evangelista
3341 799 3595 854 Joannes
3626 818 3730 855 ex-

2080 886 2293 942 clamat
2326 903 2339 941 :
2372 888 2433 943 In
2461 888 2737 958 principio
2769 878 2897 942 erat
2950 887 3216 954 Verbum,
3257 893 3309 945 et
3347 890 3583 944 Verbum
3614 893 3733 945 erat

2077 980 2223 1050 apud
2245 980 2435 1047 Deum,
2466 981 2520 1032 ct
2552 982 2692 1032 Deus
2720 980 2833 1032 erat
2874 977 3105 1033 Verbum
3136 978 3219 1035 ‘3:
3284 993 3532 1050 moxque
3576 978 3733 1035 dicta

2079 1070 2437 1124 conﬁrmans
2469 1067 2792 1125 subinfert:
2825 1070 2920 1124 llic
2971 1075 3100 1123 erat
3156 1068 3219 1123 in
3275 1070 3553 1140 principio
3584 1070 3732 1141 apud

2076 1159 2247 1215 Deum
2293 1158 2361 1225 ‘3,
2394 1159 2512 1215 sive
2543 1160 2601 1214 in
2632 1159 2768 1217 Deo.
2804 1158 3179 1230 Ulteriusque
3240 1174 3587 1230 progressus
3626 1158 3732 1213 do-

2077 1254 2186 1316 cet,
2220 1250 2375 1320 quod
2419 1251 2744 1321 Um'genz‘tus
2774 1250 2951 1315 illius,
2985 1250 3086 1319 qui
3122 1256 3201 1303 est
3256 1249 3317 1302 in
3370 1247 3502 1303 sinu
3544 1248 3732 1305 Patris

2076 1340 2191 1409 ipse
2246 1342 2530 1394 enarravit
2579 1338 2645 1392 Η.
2709 1338 2906 1409 Itaque
2959 1338 3008 1392 si
3056 1354 3185 1393 vere
3242 1336 3382 1392 dicit
3436 1336 3725 1405 Christus,

2075 1446 2211 1485 cum
2244 1431 2326 1485 ait
2359 1448 2372 1486 :
2405 1432 2513 1501 Ego
2542 1433 2602 1484 in
2633 1431 2813 1497 Putre,
2841 1436 2891 1483 et
2923 1429 3087 1484 Pater
3116 1426 3174 1482 in
3222 1444 3330 1494 me,
3392 1434 3448 1482 et
3496 1443 3723 1493 germa-

2078 1536 2190 1574 nus
2233 1520 2362 1590 ejus
2421 1517 2766 1589 discipulus,
2828 1533 2962 1571 cum
3044 1517 3230 1583 docet,
3318 1516 3378 1571 in
3438 1515 3722 1587 principio

2076 1609 2258 1664 fuisse
2290 1607 2548 1664 Verbum
2575 1613 2633 1663 et
2663 1622 2895 1679 semper
2918 1605 3101 1661 fuisse
3142 1605 3297 1677 apud
3354 1605 3564 1671 Deum,
3595 1604 3723 1660 Ari-

2074 1714 2187 1752 ana
2243 1714 2345 1751 ora
2428 1698 2855 1761 obmutescant,
2912 1712 3039 1765 qua
3120 1694 3471 1764 injustitiam
3520 1699 3724 1750 contra

2072 1784 2257 1841 Deum
2288 1785 2613 1857 loquuntur
2644 1803 2658 1842 :
2691 1790 2864 1855 atque
2895 1785 2952 1839 in
2992 1782 3193 1855 primis
3221 1784 3438 1853 Aetius,
3479 1783 3578 1854 qui
3638 1782 3720 1838 la-

2072 1873 2231 1930 boris
2261 1874 2353 1930 sui
2381 1874 2696 1931 vanitatem
2722 1891 2836 1929 non
2861 1874 3061 1945 paucis
3084 1873 3373 1944 capitibus
3396 1888 3523 1943 quas
3542 1888 3723 1942 supra

2068 1963 2207 2019 huic
2238 1964 2493 2020 historiae
2523 1963 2995 2029 interseruimus,
3050 1962 3349 2034 patefecit,
3408 1962 3547 2016 dum
3582 1977 3724 2017 con-

2066 2053 2303 2110 ﬁrmare
2329 2062 2576 2109 conatur
2630 2053 2838 2108 Filium
2898 2052 2970 2107 ab
3026 2050 3284 2123 ingenito
3342 2052 3511 2106 Patre
3554 2050 3721 2120 geni-

2067 2148 2194 2198 tum
2232 2159 2345 2198 non
2377 2159 2526 2207 esse,
2572 2142 2712 2214 quia
2766 2142 3094 2213 ingenitum
3163 2156 3395 2211 quoque
3452 2157 3487 2194 a
3539 2155 3719 2211 gene-

2068 2233 2290 2287 ratione
2320 2231 2579 2286 alienum
2610 2231 2705 2286 sit.
2736 2230 2863 2287 Jam
2896 2230 2943 2286 si
2978 2229 3161 2285 Filius
3197 2227 3536 2301 unigenitus
3567 2243 3717 2283 sem-
3822 2262 3825 2265 ‹

2070 2338 2171 2393 per
2197 2321 2253 2375 in
2287 2320 2417 2377 sinu
2480 2320 2667 2376 Patris
2723 2323 2833 2388 est,
2895 2318 3064 2374 Pater
3120 2318 3322 2385 utique
3371 2334 3602 2389 semper
3632 2325 3720 2373 est

2069 2411 2257 2480 Pater,
2291 2418 2348 2468 et
2381 2413 2558 2468 Filius
2589 2412 2639 2468 ei
2669 2415 3016 2478 coaeternus,
3048 2414 3112 2465 ut
3141 2410 3242 2483 qui
3289 2409 3550 2480 ejusdem
3583 2423 3718 2462 cum

2065 2504 2169 2560 illo
2201 2503 2279 2559 sit
2303 2507 2545 2571 naturae,
2579 2518 2685 2559 nec
2717 2504 2791 2557 ab
2824 2517 2891 2557 eo
2923 2502 3181 2571 separari
3214 2499 3422 2571 possit.

2138 2603 2343 2660 Relata
2371 2602 2527 2658 enim
2560 2618 2628 2657 ex
2660 2617 2861 2657 eorum
2895 2617 3140 2656 numero
3172 2604 3336 2669 sunt,
3386 2614 3515 2669 quae
3573 2612 3722 2652 sem-

2068 2710 2171 2765 per
2200 2692 2379 2749 simul
2439 2708 2553 2747 una
2610 2697 2766 2760 sunt,
2828 2706 3007 2761 seque
3063 2695 3267 2745 mutuo
3315 2688 3716 2744 introducunt.

2067 2782 2175 2839 Ubi
2203 2798 2338 2855 ergo
2371 2782 2561 2852 Pater,
2593 2781 2674 2836 ibi
2704 2786 2760 2836 et
2789 2779 2989 2835 Filius.
3053 2781 3195 2834 Item
3245 2778 3403 2850 quod
3435 2776 3719 2849 principio

2067 2878 2239 2940 caret,
2271 2888 2460 2943 neque
2491 2875 2755 2928 creatura
2785 2875 2893 2939 est,
2927 2885 3115 2941 neque
3147 2873 3383 2941 propter
3438 2884 3546 2923 nos
3596 2866 3716 2921 fac-

2066 2966 2191 3018 tum
2222 2971 2327 3018 est.
2365 2962 2472 3028 Qui
2502 2962 2657 3017 enim
2689 2960 2761 3016 ab
2801 2968 3012 3015 aeterno
3069 2961 3178 3024 est,
3228 2973 3483 3028 quonam
3544 2956 3717 3011 modo

2067 3055 2173 3110 sub
2205 3058 2396 3109 ortum
2431 3053 2618 3122 cadet,
2679 3051 3150 3123 principiumque
3207 3046 3562 3104 habentibus
3620 3062 3718 3102 ac-

2066 3150 2380 3201 censeutur
2397 3143 2426 3199 ?

2139 3239 2382 3306 Insuper
2411 3238 2471 3290 et
2496 3232 2781 3295 Verbum,
2811 3235 2870 3287 et
2902 3229 3222 3303 Sapientia,
3253 3233 3309 3286 et
3365 3228 3547 3285 Filius
3594 3233 3719 3285 erat

2071 3329 2300 3394 natura,
2331 3327 2388 3380 et
2418 3340 2643 3396 semper
2691 3323 2820 3394 ipsa
2875 3321 2996 3376 haec
3063 3320 3262 3376 omnia
3308 3324 3431 3375 erat
3460 3319 3716 3374 Verbum

2070 3416 2329 3486 quidem,
2389 3413 2528 3486 quia
2585 3411 2979 3485 generationis
3039 3408 3333 3466 aﬂ'ectioni
3382 3424 3496 3465 non
3545 3409 3719 3464 obno-

2068 3505 2221 3573 xius,
2253 3503 2391 3574 quia
2421 3504 2797 3574 conjunetus,
2828 3507 2884 3558 et
2914 3501 3333 3566 enuntiativus,
3388 3500 3542 3555 unde
3591 3499 3670 3554 ait
3703 3514 3717 3555 :

2073 3593 2257 3648 Verba
2285 3607 2409 3663 qum
2433 3608 2531 3663 ego
2561 3593 2754 3662 loquor
2774 3590 2947 3657 vobis,
2980 3608 3020 3645 α
3048 3589 3251 3661 meipso
3282 3606 3393 3645 non
3432 3590 3624 3661 loquor
3652 3589 3718 3661 “,

2069 3688 2128 3737 et
2151 3680 2263 3737 alio
2291 3681 2414 3736 loco
2433 3682 2514 3736 ait
2536 3681 2605 3735 ad
2632 3685 2859 3735 Patrem
2884 3697 2905 3735 :
2934 3678 3282 3748 Mani/esteat
3317 3693 3515 3734 nomen
3563 3685 3720 3734 tuum

2069 3770 2385 3826 hominibus
2414 3769 2481 3837 ⁴⁶,
2517 3769 2797 3824 nimirum
2830 3783 3038 3823 nomen
3084 3767 3473 3839 paternitatis.
3536 3767 3718 3823 Isaias

2070 3876 2303 3933 quoque
2334 3859 2529 3932 Magni
2560 3857 2789 3915 consilii
2823 3856 3095 3930 angelum
3127 3861 3291 3914 vocat
3336 3855 3402 3924 ‘7,
3436 3857 3716 3913 nimirum

2068 3952 2280 4006 Patris.
2314 3948 2614 4020 Sapientia
2667 3964 2801 4003 vero
2852 3952 2994 4015 erat,
3054 3950 3336 4018 tanquam
3387 3946 3716 4003 divinarum

2069 4044 2126 4096 et
2155 4040 2548 4096 humanarum
2575 4054 2772 4093 rerum
2804 4038 2988 4093 dator.
3021 4036 3151 4092 Jam
3195 4035 3294 4107 qui
3351 4036 3470 4091 fieri
3506 4040 3717 4107 potest,

2071 4138 2134 4186 ut
2167 4130 2357 4200 opifex
2389 4127 2889 4199 rationesignoret
2918 4142 3119 4182 eorum
3154 4142 3281 4197 quae
3312 4125 3489 4180 fecit?
3542 4125 3720 4182 Filius

2072 4221 2343 4293 denique,
2377 4219 2513 4289 quia
2548 4217 2697 4274 Patri
2755 4215 2998 4289 aequalis
3058 4222 3165 4285 est,
3220 4216 3545 4272 secundum
3581 4217 3720 4272 sub-

2071 4311 2349 4367 stantiam
2374 4325 2503 4365 eum
2529 4324 2593 4364 eo
2627 4312 2730 4377 est,
2763 4323 2868 4364 nec
2927 4307 3001 4362 ab
3061 4307 3187 4377 ejus
3245 4305 3375 4362 sinu
3418 4304 3585 4360 avelli
3620 4323 3721 4377 po-

2067 4404 2199 4458 test.

2144 4504 2212 4556 At
2239 4515 2376 4555 vero
2417 4498 2582 4554 locus
2637 4496 2776 4553 ille:
2831 4498 2968 4553 Novi
3023 4498 3265 4563 Patrem,
3323 4498 3374 4552 et
3419 4512 3723 4552 sermonem

2072 4591 2188 4660 eius
2217 4589 2467 4658 servo“,
2524 4604 2657 4645 eum
2715 4589 2789 4644 ab
2842 4588 3100 4643 essentia
3160 4590 3402 4658 paterna
3440 4587 3719 4658 sejungit,

1994 4650 2037 4714 Ι)
2072 4650 2370 4751 aliumque
2402 4650 2653 4735 a'Verbo
2685 4678 2993 4750 praetendit
3033 4693 3047 4732 ε
3107 4650 3259 4746 ί]ιῖοά
3319 4675 3430 4745 ipsi
3473 4650 3718 4730 11131th

2073 4775 2127 4827 et
2150 4785 2496 4842 germanum
2530 4769 2630 4824 Dei
2657 4769 2911 4823 Verbum
2940 4782 3069 4823 esse
3099 4765 3323 4821 volunt.
3369 4769 3444 4820 At
3499 4780 3722 4820 sermo-

2017 4923 2027 4931 _
2072 4876 2205 4916 nem
2235 4859 2501 4915 Christus
2524 4857 2633 4914 hoc
2665 4857 2789 4913 loco
2815 4856 3176 4912 voluntatem
3200 4853 3460 4926 appellat
3508 4854 3720 4910 Patris.

2070 4949 2186 5005 Nec
2232 4948 2490 5004 absimili
2544 4949 2768 5004 ratione
2822 4945 2987 5001 locus
3046 4945 3182 5001 ille:
3246 4945 3374 5000 Ante
3430 4945 3723 5012 luci/erum

2067 5038 2237 5110 genui
2267 5049 2319 5095 le
2347 5037 2414 5104 ‘9,
2448 5054 2562 5093 non
2621 5035 2997 5107 temporalem
3056 5033 3487 5107 generationem
3530 5034 3723 5091 intro-

2070 5129 2254 5195 ducit,
2286 5129 2387 5184 sed
2420 5129 2530 5183 hoc
2560 5125 2775 5194 innuit,
2809 5124 3306 5197 quemadmodum
3338 5129 3542 5181 venter
3599 5127 3720 5192 Dei,

2070 5218 2119 5273 si
2152 5218 2246 5289 pie
2274 5216 2658 5289 intelligatur,
2716 5216 2775 5271 id
2835 5215 3159 5287 genuinum
3217 5219 3275 5269 et
3332 5214 3720 5270 consubstan-

2071 5307 2208 5363 tiale
2266 5322 2395 5362 esse
2451 5306 2724 5372 ostendit,
2783 5305 2940 5377 quod
3009 5303 3341 5377 cognitione
3406 5303 3716 5373 concepit:

2068 5395 2150 5451 ita
2179 5399 2237 5451 et
2266 5412 2480 5464 sermo,
2513 5410 2629 5466 quo
2655 5401 2810 5451 Dens
2844 5393 3075 5458 Filium,
3107 5392 3365 5464 angelos,
3414 5397 3471 5449 et
3529 5393 3715 5449 homi-

2070 5502 2174 5543 nes
2200 5485 2541 5558 alloquitur,
2574 5484 2942 5542 dialecticum
2973 5500 3305 5541 sermonem
3324 5484 3562 5539 denotat
3586 5483 3719 5556 :qui

2474 5628 2698 5711 “Albid.
2728 5631 2784 5688 2.
2886 5630 2935 5666 ⁴⁶
2964 5630 3111 5688 Ibid.
3147 5634 3233 5689 18.
3332 5634 3377 5670 ⁴³
3401 5637 3564 5696 Joan.
3598 5656 3715 5711 xxv,

299 5700 390 5756 tO.
468 5695 517 5730 4°
546 5697 716 5753 Joan.
749 5713 886 5767 xvn,
919 5697 973 5754 6.
1054 5696 1101 5733 ‘7
1134 5703 1247 5753 Isa.
1281 5699 1435 5767 tx,6.
1513 5695 1562 5731 43
1588 5697 1759 5754 Joan.
1792 5714 1910 5765 VIII,
1955 5700 2044 5755 55.
2122 5700 2169 5737 4°
2203 5695 2348 5760 Psal.
2380 5717 2493 5772 cxx,
2526 5702 2579 5761 3.
