4054 6426
320 358 480 436 1403

1641 343 1954 410 NICETIE
1994 341 2416 412 CHONIATJE

3591 348 3744 430 uo;

320 495 558 568 propter
587 506 695 547 nos
723 487 984 546 humano
1016 498 1174 545 more
1229 480 1558 553 disponitur
1610 482 1668 536 et
1706 477 1972 536 etforma-
2003 477 2060 552 Α
2087 481 2146 568 et
2167 476 2532 568 singulares:
2567 493 2672 536 nec
2703 477 2955 552 simplex
2984 478 3081 536 ille
3103 485 3210 548 est,
3264 478 3436 551 cujus
3494 480 3744 539 essentia

323 595 442 652 tur,
477 600 606 640 cum
643 597 758 638 non
792 593 1098 649 possemus
1127 573 1240 634 alio
1302 573 1476 630 modo
1527 571 1755 632 divinos
1799 569 1980 644 perci-

323 692 462 748 pere
492 686 814 730 sermones.

402 763 514 820 Sed
547 778 618 818 ne
651 755 956 816 mutabiiis
1012 754 1251 826 quidem
1303 752 1547 817 dicetur,
1602 749 1699 822 qui
1750 749 1809 804 in
1850 746 1983 804 sinu

327 852 536 920 Patris,
571 849 673 922 qui
705 847 1066 918 unigenitus,
1095 841 1198 915 qui
1227 841 1474 913 denique
1511 839 1667 896 Patri
1726 837 1983 895 consub-

330 939 625 1000 stantialis
657 942 764 996 est.
795 934 1037 993 Mutatio
1067 933 1222 990 enim
1243 936 1298 989 et
1315 930 1578 988 alteratio
1611 945 1807 984 rerum
1829 943 1985 984 crea-

327 1040 520 1090 tarum
553 1037 658 1088 est.

401 1125 580 1180 Nemo
615 1136 784 1192 porro
809 1123 920 1187 est,
955 1118 1055 1190 qui
1107 1117 1292 1174 Deum
1325 1133 1358 1172 a
1398 1113 1720 1174 mutatione
1751 1117 1808 1170 et
1841 1111 1984 1169 alte-

337 1217 563 1272 rations
584 1211 838 1270 alienum
864 1227 992 1268 esse
1017 1216 1203 1280 neget.
1237 1207 1366 1263 Jam
1397 1206 1446 1262 si
1490 1204 1670 1261 Filius
1719 1203 1984 1276 ejusdem

334 1323 466 1362 cum
501 1304 666 1360 Patre
699 1299 1043 1356 substantia:
1077 1303 1416 1370 naturaeque
1465 1296 1560 1364 sit,
1595 1294 1756 1351 haud
1806 1294 1985 1350 dubie

331 1408 536 1452 natura
569 1407 804 1464 quoque
827 1395 976 1446 Deus
1015 1393 1140 1444 est:
1181 1391 1352 1460 prout
1388 1385 1486 1446 ille
1526 1400 1757 1456 quoque
1807 1383 1984 1439 disci-

331 1485 528 1558 pulus,
562 1481 662 1555 qui
693 1497 873 1553 supra
905 1482 1108 1550 pectus
1139 1475 1372 1534 Domini
1435 1473 1722 1547 recubuit,
1755 1473 1849 1529 his
1893 1473 1982 1528 in-

334 1577 492 1631 dicat
521 1571 726 1628 Verbis
758 1587 771 1626 :
806 1570 871 1624 Et
902 1571 1046 1624 Deus
1099 1570 1224 1623 erat
1263 1565 1511 1623 Verbum.
1569 1563 1729 1634 Quod
1764 1563 1812 1620 si
1847 1579 1982 1619 con-

336 1669 447 1720 stet
475 1661 732 1717 Verbum
765 1657 1034 1728 ejusdem
1067 1671 1199 1710 cum
1233 1657 1404 1710 Patre
1444 1653 1782 1708 substantiae
1835 1667 1984 1725 esse,

333 1750 737 1825 principioque
767 1763 888 1804 una
916 1762 1049 1801 cum
1082 1743 1181 1799 illo
1211 1759 1427 1813 carere,
1485 1758 1600 1797 non
1659 1749 1850 1796 autem
1891 1757 1984 1796 eo-

2087 567 2387 640 dividitur,
2413 573 2468 624 et
2497 586 2789 643 acorpore
2814 569 2902 625 vel
2933 569 3134 626 anima
3179 569 3536 643 sejungitur.
3585 569 3739 626 Alio-

2087 657 2188 730 qui
2222 659 2470 731 objectio
2515 659 2662 716 illa:
2718 660 2930 716 Eratnc
2989 664 3186 730 antea,
3247 676 3318 714 an
3359 675 3492 716 vero
3544 664 3743 731 postea

2087 747 2245 804 fuit?
2276 749 2348 806 iis
2379 751 2668 817 convenit,
2717 768 2842 823 quae
2900 753 3164 824 tempore
3221 749 3414 806 metiri
3467 737 3740 806 solemus.

2087 843 2272 895 Antea
2303 839 2458 897 enim
2489 845 2546 898 et
2578 843 2778 916 postea
2808 839 3084 912 temporis
3119 843 3313 910 partes
3349 844 3508 894 sunt.
3569 841 3744 894 Porro

2090 928 2160 983 ad
2197 946 2324 1001 quae
2355 934 2589 1002 tempus
2623 947 2738 986 non
2771 929 3072 1004 pertingit,
3104 929 3220 986 imo
3276 946 3411 985 vero
3445 945 3514 984 ne
3565 945 3744 985 saecu-

2090 1016 2212 1072 lum
2239 1018 2496 1091 quidem,
2531 1019 2622 1075 cui
2657 1018 2943 1091 tripertita
2974 1017 3075 1087 illa
3127 1017 3408 1076 distantia
3470 1019 3746 1090 temporis

2091 1105 2290 1176 ignota
2321 1112 2430 1174 est,
2463 1107 2564 1178 qui
2597 1107 2722 1163 fieri
2751 1111 2964 1179 potest,
2999 1111 3064 1162 ut
3106 1107 3178 1163 iis
3236 1107 3750 1164 accommodentur

2088 1194 2350 1268 illa,quae
2386 1195 2632 1269 tempori
2667 1197 2920 1254 obnoxia
2949 1195 3140 1256 sunt?

2163 1305 2446 1362 Caeterum
2474 1305 2768 1377 praedictis
2789 1305 2898 1362 hoc
2947 1309 3113 1377 pacto
3170 1304 3468 1363 adversari
3514 1305 3744 1362 solent:

2091 1395 2362 1452 Genitum
2396 1399 2456 1452 et
2485 1395 2810 1468 ingenitum
2836 1399 2975 1452 sunt
3004 1411 3174 1451 voces
3222 1395 3616 1466 homonyma.
3651 1395 3741 1450 Ιη-

2091 1483 2358 1556 genitum
2389 1484 2543 1542 enim
2577 1485 2734 1542 idem
2765 1486 2919 1557 quod
2947 1485 3294 1554 increatum,
3325 1489 3382 1543 et
3419 1484 3748 1559 ingenitum

2091 1573 2250 1646 quod
2279 1582 2537 1632 creatum
2568 1592 2683 1630 non
2739 1579 2844 1644 est,
2905 1575 3406 1646 quemadmodum
3455 1574 3746 1648 genitum,

2092 1663 2242 1734 quod
2268 1663 2532 1734 genitum
2563 1667 2672 1730 est,
2707 1672 2759 1719 et
2789 1663 3079 1736 genitum,
3111 1665 3267 1738 quod
3318 1669 3582 1720 creatum
3634 1669 3746 1720 est.

2094 1752 2428 1823 Ingenitum
2461 1753 2634 1809 etiam
2658 1752 3372 1826 proipsaingencratione
3395 1757 3452 1808 et
3493 1768 3561 1808 eo
3597 1753 3750 1828 quod

336 1847 469 1900 dem
501 1839 788 1912 principio
820 1837 1090 1928 coepisse,
1135 1852 1250 1928 quo
1273 1924 1283 1928 _
1309 1839 1614 1928 creaturae-
1643 1832 1853 1905 solent,
1887 1831 1988 1928 qui
2019 1863 2066 1928 Β
2098 1840 2356 1912 genitum
2393 1859 2509 1897 non
2531 1846 2640 1912 est,
2673 1847 2738 1898 ut
2773 1841 3066 1916 genitum,
3099 1859 3203 1914 pro
3259 1841 3660 1914 ερηειιεηίοηρ,
3700 1847 3755 1900 ει

336 1931 464 1988 fieri
495 1933 704 2002 potest,
735 1931 800 1982 ut
834 1927 1018 1994 Pater,
1053 1925 1148 1997 qui
1198 1923 1484 1998 principio
1542 1921 1715 1978 etiam
1775 1926 1986 1990 careat,

333 2023 386 2076 ei
418 2022 496 2076 sit
526 2018 883 2090 incognitus,
919 2017 1018 2088 qui
1051 2022 1102 2069 et
1137 2015 1324 2072 Patris
1355 2020 1411 2069 et
1444 2014 1537 2069 sui
1593 2011 1986 2085 cognitionem

329 2111 520 2181 ipsius
550 2108 681 2164 aliis
713 2105 1196 2178 impertit,juxta
1252 2103 1397 2163 illud
1435 2121 1448 2159 :
1499 2105 1566 2159 Et
1619 2103 1711 2159 cui
1757 2103 1987 2159 valuerit

327 2201 502 2258 Filius
533 2197 776 2256 revelare
802 2196 870 2252 ⁵ο.

959 2305 1120 2364 CAP.
1161 2305 1352 2362 XLIII.

328 2417 680 2478 Eunomiam'
703 2415 1044 2474 dilemmatis
1081 2414 1405 2482 confatalia,
1439 2428 1546 2487 qua
1576 2413 1780 2487 Filium
1823 2413 1986 2487 Patri

399 2496 736 2549 coaeternum
768 2504 880 2546 esse
907 2504 976 2545 ea:
1033 2489 1395 2544 Nazianzeno
1449 2485 1502 2544 et
1549 2485 1760 2544 caeteris
1792 2485 1986 2542 catho-

401 2565 525 2622 licis
550 2563 765 2636 probat.

401 2690 574 2746 Arius
599 2693 658 2744 et
686 2687 1028 2759 Eunomius,
1064 2691 1129 2743 ut
1157 2686 1370 2742 Filium
1417 2685 1572 2742 Patri
1629 2688 1984 2742 coaeternum

329 2795 460 2836 esse
491 2781 794 2852 negarent,
827 2779 938 2834 hoc
961 2777 1022 2832 in
1054 2776 1308 2850 spectem
1343 2773 1804 2832 addubitationis
1850 2788 1986 2844 pro-

331 2869 526 2924 blema
555 2867 976 2940 proponebant.

402 2957 582 3013 Filius
612 2973 748 3012 cum
781 2960 1144 3026 nasceretur,
1177 2956 1379 3013 aderat
1409 2952 1522 3011 sibi
1577 2953 1711 3025 ipsi,
1757 2951 1986 3010 necne?

329 3048 433 3104 Cui
465 3047 702 3120 quidem
730 3045 1058 3104 dilemmati
1091 3046 1408 3118 abruptum
1443 3043 1724 3115 utrinque
1783 3042 1986 3114 praeci-

332 3139 543 3212 pitium
573 3139 746 3196 inest.
779 3139 839 3193 Si
876 3138 1029 3194 enim
1058 3139 1172 3193 sibi
1203 3137 1464 3193 adfuisse
1521 3136 1814 3202 dicamus,
1844 3139 1986 3190 tunc

2097 1949 2164 1988 eo
2188 1932 2339 2006 quod
2375 1932 2639 2004 genitum
2693 1935 2782 1988 est
2839 1931 3125 2004 accipitur
3171 1949 3186 1988 :
3247 1931 3753 2006 quemadmodum

2095 2023 2295 2077 album
2334 2039 2435 2093 pro
2493 2022 2781 2090 albedine,
2841 2025 2898 2078 et
2937 2037 3004 2078 eo
3054 2021 3211 2094 quod
3261 2020 3600 2078 dealbatam
3645 2027 3754 2078 est.

2099 2112 2300 2183 Itaque
2333 2129 2466 2168 cum
2499 2111 2709 2184 triplex
2739 2111 2816 2171 sit
2871 2111 3116 2184 ingeniti
3173 2112 3475 2184 genitique
3515 2111 3756 2186 signiﬁc

2094 2201 2268 2272 catio,
2301 2200 2350 2256 si
2380 2217 2486 2274 pro
2515 2201 2770 2258 increato
2799 2205 2858 2256 et
2886 2205 3081 2258 creato
3113 2199 3235 2260 haec
3291 2199 3534 2258 nomina
3581 2218 3755 2258 usur-

2097 2307 2225 2365 pes,
2256 2307 2361 2348 nos
2393 2307 2628 2364 quoque
2659 2296 2854 2350 tecum
2888 2290 3203 2348 fatebimur
3232 2289 3561 2362 ingenitum
3619 2307 3754 2346 cum

2094 2381 2294 2453 genito
2325 2379 2482 2436 idem
2523 2396 2640 2436 non
2683 2395 2834 2452 esse,
2893 2379 3004 2436 hoc
3060 2383 3170 2449 est,
3228 2379 3554 2446 increatum
3619 2396 3752 2438 cum

2095 2475 2288 2534 creato
2332 2487 2346 2527 :
2380 2469 2474 2526 sin
2505 2475 2702 2528 autem
2728 2487 2829 2541 pro
2863 2485 2929 2526 eo
2952 2468 3054 2542 qui
3084 2468 3308 2544 genuit,
3341 2472 3398 2524 et
3427 2469 3524 2541 qui
3585 2469 3752 2543 geni-

2092 2564 2190 2618 tus
2221 2564 2330 2630 est,
2358 2576 2474 2618 non
2507 2564 2662 2619 recte
2691 2558 3057 2616 identitatem
3092 2559 3162 2614 de
3190 2557 3381 2616 medio
3401 2557 3585 2628 tollis,
3623 2577 3751 2632 quae

2095 2649 2240 2706 nihil
2273 2649 2434 2706 aiiud
2467 2653 2577 2717 est,
2612 2651 2792 2721 quam
2826 2655 3047 2706 naturis
3094 2647 3415 2719 specimen,
3465 2647 3755 2704 nimirum

2093 2744 2159 2799 ut
2189 2737 2351 2796 nulla
2381 2735 2792 2799 immutatione
2846 2738 3000 2794 facta
3057 2737 3327 2810 genitura
3383 2737 3462 2795 sit
3503 2738 3756 2811 genitori

2093 2828 2324 2885 similis.

2164 2939 2418 2992 Rursum
2455 2936 2506 2991 si
2535 2935 2869 3015 ingenitum
2901 2939 2960 2992 et
2989 2936 3256 3010 genitum
3287 2951 3392 3007 pro
3441 2935 3756 3009 ingenera-

2091 3027 2252 3086 tionc
2272 3031 2328 3083 et
2358 3028 2732 3100 generatione
2763 3043 2986 3094 sumas,
3023 3044 3140 3085 non
3169 3027 3326 3082 idem
3358 3027 3473 3091 sibi
3503 3027 3708 3084 volunt
3739 3047 3756 3097 ;

2094 3123 2154 3176 at
2189 3118 2236 3176 si
2267 3135 2370 3191 pro
2424 3119 2650 3176 naturis
2706 3118 2825 3174 illis
2883 3119 2944 3176 in
3001 3119 3217 3192 quibus
3275 3119 3648 3192 ingeneratio
3705 3124 3761 3177 et

330 3208 430 3302 qui
475 3228 688 3284 Filium
749 3227 1128 3300 simplicitate
1195 3225 1351 3282 Patri
1421 3223 1984 3281 consubstantialem
2019 3208 2392 3302 Cgfmeralio
2429 3209 2917 3302 Αοο-τξξδξάθταοξυνι
2974 3209 3118 3279 qni“
3177 3209 3371 3302 OPSW
3438 3213 3759 3282 quominus

327 3318 783 3382 introducimus,
814 3316 1090 3372 eumdem
1123 3331 1240 3371 una
1279 3331 1413 3370 cum
1446 3313 1592 3370 Filio
1625 3329 1753 3370 esse
1787 3313 1980 3370 nasci-

327 3423 442 3480 que
465 3405 900 3462 conﬁtebimur.
929 3405 1030 3460 Sin
1059 3403 1321 3460 adfuisse
1353 3420 1658 3476 negemus,
1693 3403 1800 3460 hoc
1833 3419 1981 3475 quo-

329 3511 444 3569 que
477 3498 644 3566 pacto
680 3493 738 3548 id
797 3493 1282 3562 adulterabimus,
1317 3493 1470 3564 quod
1529 3509 1594 3548 ea
1651 3493 1710 3548 in
1770 3499 1983 3549 natura

331 3583 584 3657 simplex
605 3587 663 3640 et
691 3582 1131 3655 compositionis
1159 3599 1366 3655 expers
1397 3587 1486 3640 est
1518 3601 1531 3640 :
1569 3589 1744 3654 atque
1783 3599 1901 3639 una
1929 3582 1982 3640 ei

331 3677 535 3733 eadem
559 3692 730 3748 opera
761 3692 891 3732 eum
925 3673 974 3747 ἐξ
1009 3672 1110 3729 οὐκ
1138 3672 1331 3746 ὄντων,
1355 3675 1410 3730 id
1467 3679 1577 3742 est,
1638 3692 1708 3731 ex
1747 3675 1821 3730 iis
1853 3690 1984 3747 quas

333 3783 450 3822 non
483 3771 642 3834 sunt,
675 3781 776 3822 seu
809 3764 1013 3834 nihilo,
1048 3765 1203 3838 quod
1228 3765 1325 3821 isti
1356 3764 1577 3831 volunt,
1630 3765 1987 3836 processisse

331 3855 760 3912 contendimus.
821 3855 966 3910 Nam
1070 3854 1170 3927 qui
1244 3854 1358 3910 sibi
1457 3853 1572 3926 ipsi
1647 3869 1780 3910 cum
1859 3871 1988 3910 nas-

333 3946 520 4002 scitur
549 3962 664 4001 non
697 3946 885 4013 adest,
941 3945 992 4000 is
1051 3943 1214 4000 nullo
1271 3961 1513 4016 prorsus
1555 3945 1724 4000 modo
1755 3948 1888 4000 est:
1922 3949 1988 4000 ut

334 4035 435 4108 qui
468 4042 636 4092 antea
668 4051 782 4090 non
813 4039 984 4100 esset,
1019 4038 1220 4106 postea
1247 4049 1379 4090 vero
1413 4037 1607 4100 natus,
1641 4049 1711 4089 ex
1753 4032 1827 4088 iis
1860 4049 1986 4104 quas

332 4143 448 4182 non
483 4129 626 4182 sunt
655 4131 848 4182 ortum
873 4124 1162 4182 habuerit.
1197 4127 1398 4196 Itaque
1454 4124 1607 4196 quod
1670 4123 1805 4179 inde
1836 4124 1984 4180 infe-

333 4223 490 4288 runt,
525 4217 635 4272 hoc
668 4219 781 4284 est,
813 4216 997 4274 fuisse
1047 4217 1280 4286 tempus
1337 4230 1472 4270 cum
1533 4213 1714 4270 Filius
1748 4231 1862 4270 non
1895 4231 1986 4272 es-

334 4311 439 4364 set.

403 4399 685 4451 Caeterum
719 4395 790 4452 ad
836 4394 1180 4466 hujusmodi
1221 4395 1468 4450 dubium
1531 4395 1990 4460 retundendum,

331 4487 534 4542 Patres
575 4485 697 4540 haec
725 4485 1014 4541 Eunomia
1047 4485 1306 4545 vicissim
1341 4484 1654 4556 objiciunt,
1685 4491 1742 4542 et
1773 4483 1832 4541 in
1871 4485 1988 4555 pri-

2091 3299 2248 3358 idem
2281 3297 2452 3356 sint?
2513 3297 2653 3356 Vide
2723 3297 2904 3368 enim,
2981 3298 3250 3368 Eunomi,
3335 3305 3750 3376 argumentum

2092 3392 2258 3449 tuum
2292 3389 2408 3444 alia
2431 3389 2858 3463 inversumvia.
2884 3391 2989 3446 Est
3009 3387 3166 3462 quod
3189 3389 3428 3461 sapiens
3449 3391 3746 3460 dicamus,

2089 3479 2368 3553 estquod
2401 3483 2461 3536 et
2492 3478 2819 3553 insipiens;
2878 3479 3224 3552 hujusmodi
3277 3497 3450 3554 porro
3507 3482 3751 3550 nomina

2089 3587 2204 3634 non
2238 3571 2392 3626 idem
2424 3569 2814 3642 signiﬁcant;
2873 3585 3009 3626 nam
3069 3585 3184 3642 qua
3239 3569 3300 3625 in
3360 3587 3422 3626 re
3461 3569 3754 3642 insipiens

2093 3675 2226 3716 cum
2261 3658 2525 3730 sapiente
2553 3657 2710 3714 idem
2753 3657 3011 3714 dixeris?
3060 3657 3243 3716 nihilo
3301 3661 3497 3719 minus
3547 3665 3750 3718 tamen

2091 3749 2152 3805 in
2213 3749 2417 3806 eodem
2474 3747 2712 3804 homine
2769 3748 3236 3818 considerantur,
3297 3766 3404 3806 nec
3459 3753 3754 3810 essentias

2097 3837 2412 3906 dissecant,
2447 3840 2505 3892 at
2561 3837 2621 3891 in
2674 3837 2949 3894 essentiis
3005 3837 3376 3896 dissecantur
3425 3857 3440 3912 ;
3485 3839 3594 3896 hoc
3647 3847 3757 3913 est,

2099 3945 2214 3984 non
2247 3927 2422 3984 aliam
2444 3925 2760 3982 essentiam
2792 3925 3102 3999 insipiens,
3135 3933 3310 4002 atque
3325 3928 3500 3984 aliam
3523 3931 3761 4002 sapiens

2095 4016 2418 4074 introducit
2450 4032 2464 4071 :
2499 4017 3021 4090 quemadmodum,
3053 4019 3213 4076 verbi
3269 4021 3478 4094 gratia,
3512 4020 3674 4078 Deus
3704 4027 3764 4096 et

2097 4107 2290 4164 homo.

2165 4214 2282 4271 Cur
2309 4217 2508 4272 autem
2539 4214 2722 4272 olius
2779 4214 3024 4288 ingenili
3069 4215 3300 4274 nomine
3361 4215 3623 4274 divinam
3668 4219 3765 4275 de-

2097 4305 2296 4377 signes
2325 4303 2642 4361 essentiam
2665 4305 2694 4360 ‘I
2723 4305 2837 4361 Cur
2875 4321 2992 4362 non
3048 4321 3214 4376 mque
3269 4305 3764 4374 immortalitatis,

2098 4393 2443 4458 clementiae,
2475 4400 2534 4449 et
2561 4393 2989 4452 immutationis
3027 4410 3238 4452 nomen
3280 4394 3539 4453 assumis
3560 4396 3587 4450 ‘I
3628 4397 3767 4453 Hinc

2099 4484 2252 4538 enim
2286 4483 2488 4538 eodem
2525 4481 2842 4538 locutionis
2901 4499 3112 4554 genere
3166 4484 3236 4538 de
3291 4485 3402 4540 Deo
3458 4484 3767 4546 dicuntur.

333 4576 448 4633 mis
470 4591 740 4632 summus
771 4573 868 4630 ille
897 4573 1205 4646 theologus
1262 4573 1610 4645 Gregorius:
1668 4578 1786 4646 Age
1833 4591 1987 4640 vero,
2025 4595 2069 4660 Ι)
2103 4573 2265 4640 Quod
2301 4571 2348 4628 si
2380 4573 2561 4642 dicas,
2597 4571 2864 4640 Eunomi,
2914 4571 3445 4641 immortalitatem,
3501 4574 3772 4634 clemen-

332 4665 603 4735 Eunomi,
628 4663 830 4731 tibine,
860 4679 993 4719 cum
1029 4663 1374 4729 nascereris,
1435 4665 1664 4732 aderas,
1716 4679 1992 4735 nuncque

335 4757 496 4824 ades,
531 4772 603 4812 an
663 4759 938 4812 neutrum
995 4751 1256 4809 borum?
1312 4755 1495 4810 Item:
1555 4754 1676 4819 Quo
1735 4760 1994 4826 tempore

338 4843 622 4900 maternis
649 4842 948 4900 doloribus
981 4843 1039 4898 in
1067 4841 1259 4898 lucem
1291 4841 1546 4902 emissus
1577 4859 1660 4910 es,
1711 4844 1995 4903 aderasne

335 4935 384 4992 ei
421 4949 598 5004 quem
629 4937 892 4990 materna
949 4931 1123 4988 vulva
1177 4932 1384 5001 edidit,
1444 4949 1719 5005 nuncque
1779 4934 1992 5006 pubesa

333 5022 492 5080 centi
524 5026 580 5076 et
610 5020 980 5078 barbescenti
1004 5022 1145 5078 ades
1172 5025 1194 5079 Ρ
1223 5038 1294 5076 an
1329 5037 1462 5078 vero
1493 5037 1682 5094 neque
1728 5019 1995 5080 nascenti

333 5113 563 5174 aderas,
597 5125 790 5182 neque
820 5127 978 5168 nunc
1009 5112 1173 5178 ades,
1206 5126 1340 5168 cum
1399 5127 1581 5182 genus
1640 5109 1858 5183 lanugo
1886 5110 1993 5168 tibi

338 5199 698 5272 quibusdam
732 5199 902 5271 quasi
922 5199 1164 5256 ﬂoribus
1181 5199 1468 5272 exornat?
1507 5205 1681 5272 atque
1733 5200 1840 5258 hoc
1871 5218 1995 5258 mo-

337 5291 412 5349 do
445 5295 688 5360 utraque
717 5289 860 5358 haec,
892 5295 1032 5346 tunc
1064 5291 1293 5360 aderas,
1327 5295 1385 5347 et
1427 5307 1584 5348 nunc
1641 5291 1800 5359 ades,
1849 5292 1998 5352 falsa

342 5394 472 5435 esse
504 5379 888 5439 demonstrat.
940 5379 1056 5436 Nec
1109 5379 1264 5440 enim
1313 5381 1435 5437 fieri
1495 5385 1705 5452 potest,
1768 5387 1830 5437 ut
1874 5382 1997 5443 hac

338 5473 588 5538 utraque
615 5469 676 5524 in
710 5483 808 5526 eos
839 5472 1195 5540 competant,
1229 5469 1328 5539 qui
1387 5475 1594 5530 natura
1653 5471 1811 5540 unici
1854 5476 1996 5532 sunt

416 5639 465 5696 ιο
493 5639 698 5696 Matth.
730 5655 809 5704 χι,
840 5642 930 5695 27.

2105 4663 2274 4730 tiam,
2307 4665 2364 4718 et
2393 4661 2951 4730 immutabilitatem,
2986 4661 3058 4717 de
3097 4661 3290 4727 brutis
3346 4665 3522 4720 etiam
3573 4668 3634 4720 et
3667 4667 3768 4722 ho-

2107 4752 2367 4810 minibus
2400 4751 2716 4814 enuntiari.
2741 4751 3068 4821 ingenitum
3101 4760 3296 4810 autem
3327 4753 3436 4813 soli
3498 4757 3616 4810 Deo
3675 4772 3772 4828 pe-

2105 4841 2324 4900 culiare
2355 4857 2504 4911 esse,
2557 4841 2783 4908 audies,
2831 4857 2902 4896 ne
2955 4845 3068 4898 Deo
3127 4841 3369 4914 quidem
3428 4843 3768 4916 ingenitum

2107 4932 2370 4992 attribui.
2404 4931 2705 5003 Siquidem
2731 4948 2798 4988 ex
2836 4932 3167 4996 Graecorum
3217 4932 3586 5005 philosOpbis
3641 4936 3770 4994 Ari-

2105 5021 2343 5085 stoteles
2376 5022 2615 5094 quidem
2673 5021 2998 5094 ingenitum
3045 5021 3118 5076 de
3176 5023 3426 5080 materia
3465 5026 3770 5098 praedicat,

2106 5111 2268 5174 Plato
2299 5128 2433 5168 vero
2463 5111 2752 5170 essentias
2783 5110 3074 5182 ingenitas
3103 5115 3293 5168 vocat.
3329 5112 3504 5170 Porro
3561 5114 3773 5174 Manes

2107 5205 2222 5262 duo
2255 5201 2542 5275 principia
2591 5201 2928 5268 introducit,
2989 5219 3174 5260 unum
3225 5203 3468 5274 quidem
3517 5204 3774 5276 bonum,

2107 5293 2354 5348 alterum
2384 5308 2516 5348 vero
2547 5290 2770 5347 malum
2807 5307 2820 5347 :
2853 5295 2912 5346 et
2943 5291 3086 5346 illud
3121 5291 3353 5364 quidem
3409 5293 3626 5362 lucem,
3661 5297 3775 5367 hoq

2104 5399 2240 5438 vero
2261 5380 2770 5452 tenebraszatque
2827 5379 2973 5438 adeo
3018 5396 3087 5436 ex
3133 5382 3285 5438 bono
3310 5381 3598 5439 bonorum
3635 5387 3772 5442 ton-

2107 5479 2212 5539 tes,
2236 5475 2295 5528 at
2321 5487 2389 5526 ex
2412 5468 2564 5526 malo
2599 5470 2888 5528 malorum
2923 5471 3075 5528 rivos
3109 5471 3459 5543 proﬂuxisse
3489 5473 3592 5532 ait.
