4054 6378
276 352 428 417 1405

908 489 1062 543 CAP.
1085 485 1276 541 XLIII.

272 598 344 652 Dc
381 599 500 653 Deo
528 598 578 651 et
609 596 868 664 materia,
909 595 1079 721 [Deugr
1106 608 1206 648 nec
1239 592 1481 664 deﬁniri,
1532 609 1630 649 nec
1680 609 1927 666 compre-

929 681 1011 721 zen
1060 682 1275 721 inesse.

929 681 1077 722 aena:
1103 682 1275 738 posse.

343 786 555 841 Adbzec
587 783 788 854 objicit
827 783 1145 839 Eunomius
1180 800 1193 839 :
1244 783 1422 840 Dicite
1466 784 1659 852 nobis,
1706 799 1924 855 quaeso,

274 875 324 931 si
352 874 681 945 ingenitum
715 877 972 928 essentia
1004 873 1100 928 Dei
1140 889 1253 927 non
1286 876 1397 939 est,
1452 873 1732 943 quidnam
1766 871 1925 927 aliud

276 964 533 1021 essentia
569 963 662 1019 Dei
687 963 763 1017 sit
789 962 1129 1019 ?Advcrsus
1162 978 1337 1034 quam
1391 962 1772 1033 quaestionem
1804 962 1927 1019 hmo

271 1061 411 1111 sunt
441 1054 807 1127 opponenda.
842 1054 924 1107 An
956 1070 1087 1107 vero
1145 1058 1331 1123 tuam,
1390 1053 1543 1109 bone
1586 1052 1691 1120 vir,
1727 1070 1928 1109 essen-

274 1145 413 1199 tiam
453 1148 510 1198 et
542 1147 808 1197 naturam
848 1142 1053 1198 nosti?
1109 1160 1179 1197 an
1242 1142 1516 1210 formicae,
1549 1159 1625 1197 an
1667 1142 1926 1197 culicis?

275 1234 551 1289 Cmterum
588 1233 693 1287 hoc
722 1232 825 1285 tibi
857 1232 1112 1286 vicissim
1146 1232 1334 1286 dicam
1360 1249 1372 1285 :
1397 1238 1521 1287 Duo
1552 1235 1693 1286 sunt
1723 1248 1924 1287 eorum

282 1340 411 1394 quae
440 1326 580 1377 sunt
612 1327 890 1389 extrema,
927 1326 1077 1376 Deus
1120 1325 1175 1377 et
1233 1321 1497 1390 materia,
1558 1320 1653 1376 ille
1687 1320 1923 1393 quidem

283 1418 669 1481 ascendendo,
708 1417 827 1471 haec
856 1433 987 1471 vero
1019 1416 1458 1471 descendendo:
1493 1420 1740 1488 postque
1797 1433 1923 1471 ma-

281 1508 483 1562 teriam
520 1506 661 1560 nihil
694 1506 931 1561 omnino
964 1514 1243 1576 superest.
1279 1506 1553 1568 Quaenam
1615 1522 1751 1575 ergo
1796 1522 1924 1559 ma-

278 1599 433 1652 teriae
464 1595 719 1651 essentia
752 1596 826 1651 sit
856 1599 875 1651 ἓ
910 1599 994 1651 An
1025 1612 1157 1650 vero
1211 1611 1277 1651 ea
1334 1600 1423 1649 est
1477 1594 1734 1665 idipsum
1770 1594 1922 1665 quod

274 1694 382 1755 est,
417 1704 487 1741 an
522 1686 581 1741 id
612 1686 765 1757 quod
794 1684 1062 1741 nonest?
1120 1685 1265 1740 Nam
1316 1686 1364 1739 si
1406 1685 1484 1740 sit
1539 1685 1594 1739 id
1630 1683 1785 1755 quod
1816 1689 1923 1755 est,

277 1776 569 1851 quomodo
624 1778 805 1830 forma
864 1774 1071 1829 caret?
1113 1776 1320 1829 Forma
1369 1775 1525 1829 enim
1577 1776 1784 1829 notitia
1841 1782 1928 1830 est

1614 350 1716 419 ΤΗ
1728 345 2011 412 ESAURI
2039 350 2189 411 LIB.
2238 352 2308 414 V.

1951 486 2003 555 Α
2034 486 2187 556 quod
2221 488 2553 561 cujuspiam
2594 489 2747 547 alius
2779 507 2956 548 causa
2989 507 3103 547 non
3138 495 3245 561 est,
3279 492 3377 549 sed
3432 491 3490 546 id
3525 489 3683 562 quod

3528 351 3686 423 1406

2034 574 2425 647 antiquiorem
2458 580 2650 653 seipse
2681 598 2918 637 causam
2954 598 3069 639 non
3129 582 3326 639 liabet.
3378 581 3677 652 Siquidem

2031 663 2274 740 ἀπάτορα
2305 686 2560 742 quoque,
2594 670 2701 726 hoc
2734 676 2841 742 est,
2875 672 3044 728 Patre
3074 676 3368 728 carentem
3427 688 3542 727 non
3593 670 3684 725 di-

2032 756 2223 813 cimus
2255 774 2388 813 eum
2424 760 2521 831 qui
2556 760 2681 816 Filii
2740 761 2911 816 Pater
2970 778 3087 817 non
3150 761 3370 831 audiat,
3421 761 3521 816 sed
3580 759 3682 831 qui

2033 844 2252 901 nulloa
2307 851 2479 903 Patre
2534 850 2928 920 processerit:
2985 856 3042 907 et
3094 848 3353 925 ἄναρχον,
3417 851 3525 907 hoc
3572 854 3682 920 est,

2036 935 2329 1008 principio
2361 947 2674 1009 carentem,
2709 956 2821 995 non
2855 941 2956 1012 qui
3016 942 3258 997 aliarum
3295 940 3682 998 essentiarum

2032 1024 2386 1096 principium
2418 1028 2876 1101 haudquaquam
2903 1031 3092 1101 fuerit,
3127 1032 3230 1088 sed
3272 1032 3444 1102 cujus
3475 1045 3680 1086 essen-

2031 1115 2111 1171 tia
2139 1133 2372 1173 omnem
2406 1121 2722 1175 essentiam
2782 1125 3112 1192 exsuperet.
3173 1121 3297 1177 Non
3329 1121 3483 1177 enim
3518 1137 3680 1176 com—

2032 1206 2236 1261 munia
2268 1211 2408 1262 sunt
2438 1208 2559 1263 hanc
2594 1208 2848 1276 nomina,
2882 1209 2960 1265 ita
2996 1214 3057 1265 ut
3084 1210 3347 1282 ingenita
3377 1219 3431 1266 et
3461 1210 3680 1281 genita,

2031 1296 2169 1353 item
2206 1297 2494 1369 principio
2527 1298 2784 1354 carentia
2840 1305 2898 1355 et
2955 1316 3071 1355 non
3129 1299 3406 1366 carentia,
3439 1316 3543 1370 pro
3576 1300 3681 1355 iis-

2030 1386 2157 1441 dem
2188 1386 2249 1442 in
2292 1388 2486 1457 specie
2534 1388 2911 1459 accipiantur.
2972 1389 3119 1446 Nam
3180 1388 3679 1459 quemadmodum

2029 1476 2310 1543 Adeamus,
2344 1476 2571 1533 etiamsi
2603 1494 2670 1533 ex
2701 1476 2921 1533 carnali
2951 1478 3163 1549 copula
3186 1478 3376 1533 decies
3409 1477 3680 1534 millenos

2032 1566 2388 1636 suscepisset
2418 1564 2653 1633 liberos,
2687 1566 2840 1623 haud
2879 1571 3074 1624 tamen
3097 1569 3220 1639 ipse
3243 1567 3581 1638 hujusmodi
3612 1583 3681 1623 ex

2031 1654 2241 1726 copula
2269 1655 2503 1727 genitus
2525 1658 2832 1724 diceretur,
2890 1674 3078 1729 neque
3134 1675 3346 1713 nomen
3399 1659 3524 1726 ejus
3578 1657 3678 1728 qui

2032 1744 2266 1815 genitus
2290 1762 2359 1800 ex
2386 1745 2594 1816 copula
2613 1762 2727 1801 non
2756 1751 2867 1812 est,
2895 1763 3030 1802 cum
3070 1746 3139 1802 iis
3164 1748 3262 1817 qui
3287 1747 3467 1817 geniti
3488 1749 3684 1801 essent

275 1834 477 1923 eorum
512 1882 639 1936 quae
662 1869 820 1921 sunt.
868 1864 968 1919 Sin
1025 1871 1215 1918 autem
1250 1864 1324 1918 sit
1374 1864 1431 1917 id
1482 1864 1635 1934 quod
1670 1881 1784 1920 non
1816 1870 1921 1931 est,
1958 1847 2003 1913 Β
2035 1834 2662 1936 θθωτξῗξληθ,δξί¹δθτ,ίῗί,²
2694 1834 2775 1936 ξω
2807 1840 2865 1890 et
2889 1852 3236 1936 ῗυρτθωυδ,
3260 1836 3387 1936 ἣξξῆ
3415 1834 3684 1936 Βῗυῗ,(³¹’

271 1957 365 2028 qui
400 1956 558 2020 ﬁgat
580 1972 611 2009 a
635 1953 997 2025 philosophis
1022 1954 1330 2008 deiiciatur
1351 1957 1632 2026 tanquam
1665 1956 1720 2011 id
1765 1957 1920 2028 quod

273 2044 600 2102 est?lllam
653 2044 807 2098 enim
869 2041 1071 2110 ἀζώην,
1126 2042 1233 2097 hoc
1291 2048 1379 2098 est
1431 2045 1547 2099 vita
1603 2051 1918 2112 carentem,

269 2139 501 2201 vocant,
535 2138 591 2188 et
629 2132 1055 2204 incorpoream,
1117 2141 1289 2204 atque
1345 2133 1488 2189 adeo
1540 2134 1920 2207 bypostaseos

277 2223 779 2297 imaginationem,
810 2238 932 2277 eam
992 2223 1262 2293 denique,
1291 2239 1416 2295 quae
1472 2240 1606 2280 cum
1642 2224 1783 2279 nihil
1821 2226 1919 2292 sit,

274 2315 470 2371 omnia
527 2317 719 2368 tamen
779 2327 908 2367 esse
965 2311 1227 2384 fingitur,
1279 2314 1546 2369 essentia
1602 2315 1919 2387 ludicrum,

272 2403 493 2459 idolum
526 2407 583 2459 et
613 2402 822 2457 umbra
843 2417 1076 2473 semper
1098 2403 1349 2475 fugiens,
1383 2407 1557 2474 atque
1589 2404 1648 2460 in
1678 2405 1732 2459 id
1767 2407 1919 2476 quod

281 2511 397 2549 non
431 2496 519 2549 est
550 2507 873 2547 recurrens.
896 2491 1160 2547 Edissere
1211 2492 1352 2547 mihi
1411 2510 1679 2564 quaenam
1715 2497 1793 2551 sit
1842 2513 1926 2551 ra-

285 2586 366 2638 tio
415 2581 693 2646 materiae,
752 2585 1009 2651 tuncque
1072 2580 1333 2638 vicissim
1419 2582 1525 2637 tibi
1604 2584 1924 2642 edisseram

278 2688 543 2742 quzenam
605 2671 678 2725 sit
736 2671 1005 2725 essentiee
1052 2670 1256 2725 divinae
1314 2671 1594 2729 deﬁnitio.
1655 2677 1815 2741 Quod
1876 2677 1925 2733 si

276 2778 478 2818 eorum
508 2778 637 2833 qum
670 2765 808 2815 sunt
838 2764 1159 2815 extremum
1194 2760 1449 2830 ignoras,
1483 2766 1776 2833 quomodo
1809 2767 1926 2838 pri-

277 2868 440 2907 mum
495 2850 737 2922 adipisci
809 2854 865 2905 et
912 2850 1404 2921 comprehendere
1451 2853 1678 2909 conaris
1734 2855 1762 2910 ?
1814 2860 1929 2929 Age

275 2940 488 3007 vero,si
516 2940 575 2995 in
594 2939 803 2994 cmlum
827 2939 1310 3009 volaretentares,
1345 2958 1417 2995 an
1449 2945 1650 2999 statim
1684 2946 1753 3001 ad
1801 2949 1928 3017 ejus

278 3030 806 3086 circumferentiam
828 3028 1357 3084 nullointermedio
1407 3032 1649 3111 propius
1702 3037 1933 3091 accede-

280 3118 640 3175 res?nonne
700 3118 803 3173 tibi
857 3117 1113 3190 primum
1151 3121 1441 3177 secandus
1500 3128 1652 3179 esset
1708 3142 1825 3192 aer,
1870 3135 1930 3182 ut

282 3210 363 3265 sic
396 3209 467 3264 ad
499 3225 656 3275 eum,
689 3223 865 3279 quem
889 3224 1167 3265 vocamus
1198 3210 1465 3265 aetherem
1513 3213 1742 3268 venires
1775 3220 1929 3271 tum—
1970 3219 2013 3286 (ς

282 3315 396 3371 que.
420 3298 631 3354 deinde
662 3296 920 3366 trajectis
987 3299 1266 3355 omnibus
1321 3299 1569 3371 sphtsris
1620 3304 1689 3358 ad
1737 3304 1932 3377 ipsum

282 3388 412 3446 coeli
446 3386 731 3443 ambitum
758 3386 1161 3457 pertingeres?

359 3477 455 3533 Dei
486 3476 884 3531 definitionem
920 3475 1203 3547 postulas,
1238 3481 1519 3551 tanquam
1545 3482 1777 3555 ignores
1808 3502 1933 3546 eam

286 3584 413 3623 esse
443 3566 799 3623 definitionis
833 3569 1126 3635 naturam,
1187 3571 1250 3623 ut
1309 3567 1613 3627 definitum
1671 3574 1931 3635 definiat.

285 3659 356 3712 At
387 3656 670 3711 definiens
688 3658 758 3711 ad
784 3655 1006 3711 deﬁniti
1030 3656 1251 3712 scilicet
1294 3659 1594 3732 fastigium
1636 3666 1932 3727 ascendit:

287 3748 363 3802 ita
394 3750 460 3801 ut
492 3746 643 3801 Deus
700 3745 1112 3802 definientibus
1166 3747 1405 3805 inferior
1446 3750 1543 3808 sit.
1578 3754 1723 3819 Quid
1747 3755 1774 3810 ?
1805 3759 1933 3813 Ari-

284 3834 549 3892 stotelem
582 3852 697 3891 non
729 3836 920 3903 audis,
953 3853 1082 3891 cum
1103 3837 1183 3892 ait
1212 3838 1402 3895 simile
1433 3857 1535 3912 per
1555 3842 1744 3899 simile
1775 3862 1932 3903 eom-

283 3926 568 3993 prehendi
602 3942 617 3981 :
650 3931 1030 3997 oportercque
1089 3933 1153 3983 ut
1210 3945 1567 4002 cognoscens
1622 3936 1691 3990 ad
1741 3938 1937 4009 cogni-

278 4020 403 4071 tum
430 4017 751 4088 quamdam
778 4016 965 4071 ideam
990 4020 1045 4071 et
1067 4017 1506 4076 similitudinem
1566 4022 1817 4083 habeat?
1861 4032 1933 4085 Et

280 4111 432 4160 recte
465 4104 707 4176 quidem
740 4105 1025 4160 hactenus
1087 4106 1368 4162 ariolatur
1412 4110 1823 4185 philosophus,
1856 4116 1931 4172 si-

278 4194 514 4268 quidem
550 4205 614 4248 ut
644 4193 802 4247 canit
825 4194 1200 4263 Empedocles
1233 4211 1248 4250 :
1298 4196 1472 4253 Terra
1520 4204 1737 4258 terram
1780 4206 1933 4262 vidc-

274 4302 423 4351 mus,
457 4288 518 4339 ut
549 4300 702 4355 aqua
732 4299 969 4349 aquam,
1003 4283 1213 4339 aethere
1235 4285 1530 4359 aztherem,
1563 4291 1763 4348 anima
1804 4296 1929 4350 ani-

276 4392 454 4442 mam,
487 4390 552 4429 eo
583 4373 735 4445 quod
769 4378 858 4427 est
896 4373 954 4427 id
1014 4375 1169 4444 quod
1224 4379 1333 4443 est,
1395 4386 1586 4433 mente
1646 4389 1925 4456 mentem,

273 4469 476 4521 natura
504 4467 796 4529 naturam,
816 4461 1060 4517 materia
1082 4465 1408 4535 materiam,
1444 4468 1619 4523 forrra
1658 4471 1924 4545 formam,

270 4559 324 4609 et
356 4569 536 4608 unum
572 4568 709 4606 uno.
745 4551 872 4606 Ilaec
895 4553 1049 4607 enim
1084 4554 1283 4609 omnia
1316 4555 1483 4611 nobis
1531 4557 1755 4629 insunt,
1807 4552 1922 4619 ma?
1953 4596 2000 4663 Β

272 4643 403 4663 n__,f_
466 4642 644 4663 '____-
702 4658 910 4663 ____-__
967 4646 1164 4663 ___1_-_-
1230 4644 1367 4663 -__2,,

272 4643 431 4712 teria,
466 4642 673 4709 forma,
698 4658 932 4713 corpus,
967 4646 1192 4714 natura,
1226 4644 1442 4715 anima,
1478 4662 1666 4718 mens,
1712 4667 1918 4709 unum.

269 4731 460 4787 Unum
494 4730 648 4786 enim
683 4746 788 4785 nos
822 4748 1056 4801 quoque
1079 4748 1327 4789 sumus:
1376 4752 1488 4791 non
1540 4741 1730 4795 tamen
1792 4760 1923 4814 pro-

268 4821 390 4893 prie
424 4838 438 4876 :
473 4838 605 4876 nam
644 4819 885 4876 unitatis
929 4837 1033 4875 seu
1095 4823 1526 4893 conjunctionis
1569 4831 1793 4889 ratione
1827 4836 1928 4893 uni

268 4912 541 4967 dicimur.

904 4997 1056 5053 CAP.
1093 4997 1279 5057 XLIV.

264 5125 572 5206 Iugeri-itum
604 5138 714 5206 esse
751 5122 935 5206 Deum,
970 5126 1219 5206 quamvis
1250 5128 1597 5197 unigenitum
1638 5138 1917 5206 genuerit,

338 5196 552 5279 filium
585 5202 767 5279 annua
791 5196 1129 5279 ingenitum”
1156 5214 1271 5279 non,
1322 5196 1456 5269 ease,
1489 5196 1736 5276 quamvis
1767 5196 1917 5279 ejus;

336 5268 460 5323 dem
499 5284 623 5322 cum
657 5269 820 5321 Putre
850 5267 1176 5323 substantiae
1205 5272 1295 5326 sit.

336 5391 670 5464 Ingenitum
707 5408 877 5464 porro
911 5407 1023 5446 non
1061 5391 1114 5448 id
1139 5409 1268 5449 esse
1299 5396 1576 5471 dicimus,
1610 5404 1762 5473 quod
1817 5406 1922 5462 mi-

266 5482 425 5539 nime
480 5486 740 5554 generat,
803 5482 903 5537 sed
963 5483 1117 5556 quod
1179 5483 1419 5541 minime
1475 5490 1735 5559 genitum
1787 5498 1918 5550 est:

268 5571 781 5644 quemadmodum,
838 5572 995 5629 verbi
1028 5574 1236 5647 gratia,
1278 5576 1673 5652 incausatum,
1712 5600 1829 5639 non
1861 5584 1918 5641 id

335 5688 379 5721 5‘
412 5686 561 5743 Psal.
595 5702 707 5757 CIX,
734 5687 786 5745 3.

2036 1924 2324 1996 propitius
2355 1923 2454 1983 ille
2487 1925 2629 1980 mihi
2657 1926 2753 1991 sit,
2813 1924 2915 1997 qui
2970 1942 3005 1980 a
3055 1942 3147 1982 me
3189 1924 3683 1982 similitudinibus

2035 2014 2147 2069 sub
2178 2030 2413 2070 sensum
2448 2015 2791 2070 cadentibus
2822 2014 3166 2085 delineatur)
3190 2031 3306 2071 non
3336 2014 3685 2070 abalienavit

2035 2121 2068 2160 a
2098 2119 2162 2159 se
2193 2102 2437 2174 ingeniti
2468 2120 2704 2170 nomen,
2737 2103 2912 2159 etiam
2947 2103 2992 2157 si
3053 2104 3414 2176 unigenitum
3468 2102 3679 2159 Filium

2033 2198 2166 2251 ante
2198 2192 2527 2249 Luciferum
2555 2192 2838 2264 genuerit,
2896 2197 2964 2249 ut
3018 2211 3183 2250 sacra
3238 2196 3485 2249 testatur
3531 2192 3681 2248 Scri-

2035 2288 2207 2353 ptura
2237 2281 2300 2338 δί.
2333 2281 2447 2338 Nec
2478 2282 2635 2338 enim
2667 2282 2834 2338 Pater
2864 2298 2929 2338 eo
2984 2284 3140 2354 quod
3197 2282 3418 2355 genuit,
3467 2282 3680 2338 idcirco

2036 2372 2108 2429 ab
2140 2371 2577 2443 ingeneratione
2607 2372 2854 2431 excidit:
2899 2374 2998 2431 sed
3038 2373 3177 2445 quia
3231 2390 3345 2429 non
3408 2390 3477 2429 ex
3506 2388 3686 2431 causa

2033 2463 2327 2532 ingenitus
2357 2467 2415 2518 et
2445 2478 2733 2534 generans
2765 2464 3118 2523 constitutus
3157 2468 3265 2521 est.

2108 2551 2431 2609 Eunomius
2478 2556 2701 2619 autem,
2759 2554 2899 2609 dum
2960 2560 3152 2611 tenere
3235 2557 3434 2610 censet
3492 2551 3691 2625 genita

2037 2658 2173 2699 cum
2206 2642 2279 2697 iis
2312 2642 2372 2696 in
2405 2643 2683 2701 omnibus
2735 2642 3098 2714 participare,
3157 2659 3282 2714 quae
3333 2647 3688 2714 genuerunt,

2040 2732 2174 2788 inde
2206 2736 2473 2789 astruere
2502 2732 2752 2798 videtur,
2793 2733 3052 2801 genitum
3112 2732 3343 2802 Filium,
3378 2732 3514 2805 quia
3554 2749 3688 2793 cum

2039 2823 2204 2878 Patre
2234 2821 2495 2893 ingenito
2528 2821 2862 2893 participat,
2896 2822 3221 2894 ingenitum
3255 2838 3485 2894 quoque
3536 2824 3689 2879 tutus

2040 2929 2171 2969 rum
2199 2928 2213 2967 :
2247 2912 2464 2983 quibus
2496 2912 2688 2968 verbis
2717 2913 2971 2971 ostendit
3001 2930 3060 2969 se
3090 2912 3149 2969 in
3183 2900 3358 2969 rebus
3414 2912 3694 2984 theologi-

2040 3000 2124 3056 cis
2156 3004 2485 3056 Graecorum
2521 3004 2816 3057 versatum
2848 3016 2997 3069 esse,
3058 3000 3245 3071 iisque
3313 3000 3464 3056 male
3503 3000 3691 3059 abuti.

2042 3089 2130 3145 Illi
2163 3089 2319 3146 enim
2354 3091 2605 3149 unitates
2636 3093 2848 3145 vocant
2901 3090 3189 3147 essentias
3254 3089 3402 3159 illas,
3462 3107 3589 3161 qua:
3621 3090 3693 3145 ab

2044 3196 2161 3235 uno
2193 3179 2539 3250 procedunt.
2575 3182 2715 3235 Item
2753 3184 2998 3246 mentes,
3030 3196 3159 3251 quas
3190 3196 3222 3236 a
3253 3181 3442 3252 prima
3474 3184 3690 3234 mente.

2045 3271 2190 3326 Item
2225 3270 2390 3335 vitas,
2423 3285 2551 3340 quae
2583 3286 2617 3327 a
2647 3268 2786 3325 vita.
2821 3269 2964 3326 Item
2996 3285 3063 3329 ea
3094 3287 3221 3341 qua:
3267 3278 3424 3337 sunt,
3457 3285 3585 3340 quae
3617 3270 3689 3323 ab

2042 3376 2108 3415 eo
2141 3359 2296 3431 quod
2329 3364 2436 3415 est.
2480 3363 2667 3430 Atque
2724 3358 2938 3415 idcirco
2999 3360 3162 3415 addit
3201 3359 3523 3430 ingenitum
3555 3374 3693 3429 quo-

2043 3465 2157 3521 que
2185 3449 2259 3505 ab
2286 3447 2549 3520 ingenito
2581 3449 2914 3519 procedere.

2110 3538 2215 3595 Cui
2247 3538 2486 3609 quidem
2522 3539 2873 3608 respondere
2929 3538 3118 3608 quivis
3166 3542 3361 3610 queat,
3405 3554 3469 3593 ea
3503 3554 3629 3609 quae
3662 3555 3695 3595 a

2040 3628 2344 3701 quibusvis
2397 3630 2752 3698 generantur
2809 3626 3267 3697 haudquaquam
3327 3626 3694 3695 hereditario

2031 3717 2168 3789 jure
2199 3716 2585 3795 proprietates
2614 3732 2815 3770 eorum
2848 3715 3143 3786 indipisci,
3168 3716 3268 3772 sed
3302 3716 3691 3773 substantias:

2041 3808 2516 3882 quandoquidem
2550 3808 2759 3865 Sethus
2820 3807 2995 3864 homo
3043 3809 3279 3880 quidem
3312 3809 3441 3873 fuit,
3473 3809 3690 3880 quippe

2040 3899 2138 3971 qui
2167 3898 2237 3954 ab
2270 3898 2609 3969 hujusmodi
2642 3898 2896 3954 essentia
2924 3898 3209 3970 originem
3244 3898 3501 3966 traxerit,
3526 3903 3688 3954 caete-

2037 4005 2168 4045 rum
2201 3988 2448 4059 hujusce
2479 3988 2761 4060 particeps
2796 4004 2910 4043 non
2944 3988 3073 4057 fuit,
3107 3994 3173 4043 ut
3213 3987 3358 4047 citra
3413 3988 3683 4060 copulam

2037 4077 2329 4135 carnalem
2364 4082 2537 4134 natus
2570 4078 2761 4135 fuerit.
2793 4077 3141 4149 Hujusmodi
3173 4079 3327 4133 enim
3361 4079 3686 4150 proprietas

2036 4170 2173 4225 Adae
2206 4170 2417 4225 creatio
2449 4167 2601 4237 fuit;
2630 4172 2686 4224 et
2718 4168 2839 4223 Eva:
2866 4168 3003 4238 tilia,
3039 4168 3253 4225 femina
3272 4168 3505 4241 quidem
3538 4174 3686 4239 erat,

2034 4276 2235 4316 verum
2280 4276 2395 4315 non
2441 4262 2603 4314 costa
2657 4274 2688 4313 e
2738 4257 2915 4313 latere
2969 4257 3282 4313 subducta.
3342 4258 3471 4313 Haec
3529 4257 3686 4313 enim

2035 4348 2359 4419 proprietas
2392 4348 2519 4404 Evae
2551 4347 2661 4403 fuit
2695 4364 2708 4403 :
2770 4348 3259 4418 quemadmodum
3311 4347 3515 4402 Adami
3550 4363 3688 4419 pro-

2034 4438 2225 4507 prium
2263 4437 2370 4492 fuit
2400 4438 2663 4510 genitum
2700 4453 2813 4493 non
2845 4453 2993 4501 esse,
3029 4438 3130 4493 sed
3189 4438 3529 4493 formatum.
3575 4437 3687 4494 Ge-

2035 4529 2158 4583 nita
2192 4527 2348 4582 enim
2382 4530 2671 4585 essentius
2702 4526 3070 4582 hmrcditario
3094 4529 3227 4598 jure
3249 4529 3532 4592 obtinent,
3570 4546 3684 4585 non

2034 4622 2226 4673 autem
2287 4617 2666 4688 proprietates
2720 4617 2991 4675 essentiis
3070 4618 3433 4673 inhaerentes.
3493 4619 3677 4684 Quare

2032 4724 2348 4779 supremus
2377 4706 2475 4764 ille
2507 4707 2660 4764 Deus
2691 4707 2763 4763 ab
2793 4707 3233 4779 ingeneratione
3291 4725 3406 4764 non
3444 4708 3678 4779 excidit,

2039 4797 2306 4868 quamvis
2337 4797 2547 4853 Filium
2595 4796 2903 4867 genuerit:
2967 4813 3154 4869 neque
3211 4797 3444 4869 genitus
3502 4796 3686 4855 Filius

2035 4888 2095 4942 in
2129 4886 2454 4957 ingenitum
2486 4888 2881 4958 degeneravit,
2950 4887 3083 4958 quia
3140 4887 3212 4944 ab
3264 4887 3519 4959 ingenito
3551 4905 3684 4961 pro-

2033 4976 2228 5033 cessit.

2668 5104 2821 5159 CAP.
2876 5104 3051 5163 XLV.

2032 5220 2157 5278 Atia
2217 5220 2481 5277 Ennomii
2537 5220 2790 5298 obiectio,
2847 5225 3333 5298 ῇαινβηιηηοηῖεη
3389 5241 3505 5282 esse
3584 5241 3685 5298 quo

2383 5291 2620 5347 essentia
2652 5291 2734 5345 vel
2765 5294 2917 5347 actio
2946 5294 3316 5365 signiﬁcetur.

2102 5406 2452 5478 Ilujusmodi
2495 5406 2795 5479 problems
2851 5407 3314 5466 malitiosissime
3373 5413 3686 5473 conﬁctam

2032 5496 2369 5553 subinferre
2402 5497 2551 5565 solet
2575 5496 2916 5553 Eunomius.
2952 5499 3096 5555 Cum
3144 5500 3299 5555 enim
3327 5502 3685 5563 Filium'non

2032 5588 2102 5643 ad
2125 5588 2391 5644 eamdem
2419 5603 2551 5643 cum
2590 5586 2757 5643 Patre
2779 5589 3174 5645 substantiam
3201 5591 3491 5649 adducere
3528 5595 3683 5665 velit,
