4054 6398
317 368 469 429 1407

1618 366 1927 432 NICETIE
1967 365 2395 429 CHONIATIE

3584 374 3752 435 1408

321 510 376 561 et
405 506 515 562 hoc
542 505 762 573 multis,
796 510 860 561 ut
891 506 1002 561 sibi
1051 505 1299 573 videtur,
1359 506 1680 563 rationibus
1740 503 1964 577 probet,
1995 507 2054 570 A
2088 503 2226 559 tiam
2267 518 2369 558 seu
2403 502 2865 576 replicationem,
2923 522 2989 562 ea
3048 507 3120 563 de
3151 524 3331 564 causa
3364 524 3523 565 nunc
3561 507 3756 565 altero

320 596 438 652 imo
470 614 603 652 vero
635 588 1056 668 quaestionibus
1089 597 1437 667 quibusdam
1497 595 1774 652 obsoletis
1844 599 1971 651 uta-

316 689 433 755 tur,
467 690 641 757 atque
675 688 755 741 ita
795 688 1097 758 proprium
1158 689 1370 757 dogma
1441 690 1742 758 proponat,
1803 684 1971 755 quasi

315 775 367 829 ei
397 775 720 831 contradici
753 792 867 830 non
901 776 1108 847 possit,
1136 793 1202 831 eo
1227 777 1312 842 ﬁt,
1348 781 1410 831 ut
1443 793 1514 832 ne
1548 792 1703 832 nunc
1733 774 1971 847 quidem

316 870 474 921 recta
504 865 806 920 nominum
871 864 1298 936 signiﬁcatione
1351 871 1570 921 utatur.
1633 870 1764 921 Haec
1812 864 1970 919 enim

318 955 433 1009 duo
466 954 725 1022 domina,
760 955 1016 1011 essentia
1042 961 1099 1011 et
1129 957 1299 1020 actio,
1325 955 1486 1012 nullo
1510 957 1668 1012 valut
1689 955 1973 1010 interme-

320 1043 417 1098 dio
438 1049 682 1116 usurpat
710 1050 962 1112 ;censet,
987 1046 1181 1101 nescio
1204 1062 1319 1117 quo
1337 1046 1572 1101 doctore
1602 1062 1766 1111 usus,
1801 1060 1973 1099 omne

319 1149 531 1189 nomen
564 1132 649 1188 vel
678 1134 944 1189 essentia:
975 1135 1417 1206 signiﬁcativum
1473 1152 1622 1199 esse,
1654 1134 1738 1189 vel
1791 1133 1970 1190 actio-

317 1223 430 1280 nis.
464 1223 609 1289 Quia
637 1241 769 1281 vero
809 1224 1151 1295 hujusmodi
1180 1227 1487 1282 nominum
1523 1225 1842 1280 insinuatio
1898 1223 1971 1279 ab

316 1312 414 1367 illo
445 1313 570 1368 solo
596 1314 852 1384 cognita,
884 1314 973 1369 vel
1006 1315 1201 1387 potius
1259 1315 1478 1383 efﬁcta,
1534 1314 1971 1387 quodammodo

314 1402 389 1458 ad
418 1402 689 1457 haeresim
724 1404 1102 1459 astruendam
1138 1406 1402 1460 conferre
1457 1405 1709 1470 videtur,
1756 1403 1970 1459 idcirco

314 1492 638 1562 interrogat
664 1510 676 1548 ε
707 1493 895 1548 Patris
915 1494 1149 1550 nomine
1170 1494 1503 1550 essentiane
1522 1510 1588 1549 ac
1610 1493 1762 1549 actio
1784 1493 1972 1565 signi-

315 1580 562 1636 ﬁcetur?
594 1585 657 1635 ut
688 1581 736 1636 si
770 1581 1086 1637 essentiam
1146 1582 1465 1654 signiﬁcari
1522 1582 1813 1649 dicamus,
1873 1580 1973 1638 ille

316 1671 451 1725 inde
483 1669 718 1734 inferat,
753 1670 796 1726 si
830 1672 967 1741 quid
1007 1675 1213 1741 prseter
1266 1672 1487 1727 Patrem
1548 1672 1645 1741 sit,
1705 1672 1971 1726 essentia;

318 1759 377 1814 id
413 1776 526 1814 non
552 1776 680 1814 esse
714 1777 726 1815 :
751 1775 885 1815 cum
909 1761 1221 1817 essentiam
1261 1762 1425 1817 Pater
1450 1762 1561 1816 sibi
1582 1777 1973 1831 prtesumpse-

2084 608 2244 648 nunc
2283 591 2549 664 utrisque
2579 596 3005 667 tempestiviter
3034 601 3091 652 et
3133 598 3396 669 apposite
3453 599 3756 655 abutitur.

2082 682 2410 754 Utrumque
2441 688 2635 740 autem
2677 685 2909 756 utrique
2940 685 3119 740 nullis
3151 686 3520 759 exigentibus
3563 704 3755 759 nego-

2081 771 2183 826 tiis
2216 770 2523 843 praeponit.
2576 773 2838 845 Exempli
2896 774 3087 846 gratia
3143 775 3240 830 hic
3297 775 3623 848 praepositae
3666 777 3758 832 in-

2081 863 2308 916 stantiae
2364 876 2469 916 seu
2510 862 2871 917 contentioni
2933 863 3328 921 resistentium
3357 882 3460 920 seu
3493 865 3757 935 replica-

2081 949 2299 1005 tionem
2333 950 2533 1006 statim
2595 951 2924 1022 subjunxit.
2982 953 3129 1009 Nam
3185 954 3232 1009 si
3292 958 3543 1025 utraque
3585 956 3755 1010 refu-

2081 1043 2303 1107 tentur,
2336 1040 2553 1111 quibus
2587 1043 2939 1097 metuendus
2970 1041 3066 1098 ille
3096 1042 3184 1097 vir
3231 1048 3527 1098 certamen
3590 1042 3753 1099 elato

2083 1128 2393 1200 supercilio
2424 1131 2730 1201 ingressus
2760 1137 2873 1199 est,
2908 1133 3330 1188 hocinstantire
3368 1133 3584 1189 ascribi
3622 1150 3751 1189 me-

2081 1220 2190 1298 rito
2236 1219 2421 1291 possit
2480 1237 2493 1275 :
2544 1225 2603 1276 at
2659 1221 2707 1276 si
2768 1226 3019 1293 utraque
3075 1228 3412 1292 sumantur,
3463 1229 3521 1280 et
3579 1239 3753 1281 more

2084 1308 2399 1379 peritorum
2436 1311 2698 1382 pugilum
2722 1328 2897 1383 supra
2918 1317 3083 1368 stans
3105 1312 3479 1368 adversarius
3502 1314 3753 1384 dejicie-

2080 1401 2197 1461 tur,
2230 1396 2443 1464 quibus
2474 1398 2645 1468 dejici
2706 1414 2878 1470 posse
2940 1399 3097 1456 visus
3152 1405 3261 1467 est,
3318 1400 3426 1457 hoc
3480 1417 3619 1457 vero
3674 1403 3751 1457 ad

2080 1483 2532 1559 ἀντι-παράστασιν
2564 1505 2667 1544 εθυ
2699 1490 3091 1546 resistentium
3124 1491 3397 1561 pertinet.

2152 1579 2479 1635 Eunomius
2507 1596 2645 1652 ergo
2699 1582 2952 1637 alienare
3010 1581 3210 1638 volens
3243 1599 3277 1639 a
3306 1583 3476 1639 Patre
3507 1584 3752 1655 Filium,

2081 1684 2297 1738 eosque
2326 1669 2690 1725 diversarum
2723 1671 3112 1727 essentiarum
3138 1689 3268 1728 esse
3309 1678 3546 1744 putans,
3607 1676 3756 1741 quia

2084 1758 2325 1813 nomina
2357 1759 2429 1813 iis
2463 1760 2691 1815 diversa
2720 1768 2884 1827 sunt,
2916 1761 3092 1816 aliam
3134 1761 3373 1834 quidem
3423 1765 3752 1821 essentiam

320 1848 416 1904 rit.
452 1850 655 1919 Itaque
684 1847 732 1902 si
762 1847 946 1915 Pater,
980 1855 1272 1920 quatenus
1321 1854 1510 1921 Pater,
1568 1852 1823 1905 essentia
1874 1851 1971 1919 sit,
2007 1881 2051 1945 Β
2084 1846 2305 1902 nomini
2335 1853 2521 1904 Patris
2552 1849 2802 1916 afﬁnxit,
2830 1851 2949 1904 imo
2979 1867 3112 1906 vero
3170 1850 3416 1908 diversis
3467 1853 3755 1911 essentiis

318 1936 522 2004 Filius,
556 1947 845 2008 quatenus
872 1938 1071 2006 Filius,
1105 1939 1358 1995 essentia
1417 1956 1532 1994 non
1573 1943 1701 1995 est:
1749 1939 1837 1995 sin
1872 1956 1973 1996 ve-

318 2026 438 2091 riti,
472 2042 543 2080 ne
575 2026 784 2081 Filium
835 2028 1091 2095 essentia
1150 2033 1443 2083 carentem
1504 2028 1974 2096 introducamus,

316 2114 503 2172 Patris
563 2115 802 2172 nomine
859 2116 1143 2172 actionem
1199 2116 1518 2187 signiﬁcari
1573 2117 1973 2187 proﬁteamur,

314 2209 436 2260 tum
459 2220 564 2258 nos
596 2203 791 2259 acrius
821 2205 1054 2276 urgebit
1082 2204 1200 2271 ille,
1234 2212 1408 2276 atque
1441 2206 1512 2260 ad
1545 2206 1761 2276 dogma
1800 2222 1975 2260 suum

316 2293 815 2364 comprobandum
854 2294 1094 2350 alliciet.
1126 2294 1272 2349 Nam
1305 2294 1354 2349 si
1388 2294 1535 2349 nihil
1570 2294 1727 2349 aliud
1769 2300 1978 2366 praeter

315 2382 626 2452 actionem,
661 2383 899 2438 nomine
957 2382 1148 2439 Patris
1198 2383 1525 2451 denotatur,
1588 2398 1828 2440 necesse
1886 2388 1977 2439 est

317 2471 541 2543 aliquid
567 2487 717 2537 esse,
749 2473 907 2543 quod
941 2482 1128 2529 actum
1162 2473 1351 2529 fuerit.
1386 2473 1553 2529 Actio
1602 2473 1762 2529 enim
1793 2472 1974 2529 alicu-

306 2561 409 2632 jus
430 2564 515 2617 est
546 2561 702 2632 quod
725 2562 939 2633 agitur.
978 2565 1107 2617 Jam
1140 2562 1282 2633 quid
1313 2562 1474 2618 aliud
1508 2562 1583 2618 ab
1618 2561 1726 2616 hoc
1779 2562 1974 2618 nomi-

317 2666 390 2705 ne
424 2654 666 2721 paterno
699 2655 891 2706 actum
925 2656 1036 2716 est,
1070 2658 1277 2723 praeter
1309 2651 1518 2707 Filium
1543 2649 1570 2705 ?
1596 2651 1655 2707 Si
1685 2650 1842 2706 enim
1875 2652 1978 2706 Pa-

314 2743 406 2794 ter
436 2738 563 2793 Filii
594 2738 781 2810 Pater,
817 2745 874 2795 et
905 2740 1074 2796 Pater
1104 2740 1254 2796 actio
1309 2744 1420 2808 est,
1480 2748 1632 2796 certe
1688 2738 1866 2795 Filius
1913 2739 1973 2795 id

317 2828 450 2895 erit,
484 2828 639 2898 quod
668 2828 944 2900 agitur.Si
975 2845 1111 2901 ergo
1142 2830 1288 2885 alter
1328 2829 1470 2903 agit,
1526 2833 1584 2885 et
1638 2828 1787 2885 alter
1846 2828 1971 2901 agi-

316 2922 433 2987 tur,
470 2933 596 2989 quas
632 2918 805 2973 verba
835 2920 1078 2975 diversae
1108 2925 1248 2975 sunt
1293 2919 1584 2985 essentia,
1625 2927 1688 2973 ut
1738 2918 1797 2973 in
1831 2918 1973 2974 arti-

319 3010 428 3063 bus
462 3012 720 3081 apparet,
783 3013 937 3065 certe
995 3009 1237 3067 diversae
1296 3024 1531 3080 quoque
1577 3026 1610 3063 a
1643 3012 1802 3064 Patre
1833 3009 1973 3063 sub-

319 3097 550 3153 stantiae
582 3098 764 3153 Filius
790 3102 876 3154 est
912 3114 924 3154 :
959 3100 1452 3169 quemadmodum
1486 3103 1545 3154 et
1567 3101 1760 3153 statua
1784 3096 1972 3152 diver-

317 3203 445 3243 sam
481 3188 656 3244 habet
686 3204 720 3243 a
751 3188 1030 3243 statuario
1061 3191 1359 3244 naturam.

386 3242 836 3347 Magnusiporro
878 3242 1066 3331 Pater
1118 3274 1212 3331 ille
1246 3242 1584 3347 vGregorius
1626 3275 1965 3347 ambiguam
2004 3242 2049 3310 θ

312 3364 582 3421 Eunomii
615 3366 1000 3436 quaestionem
1034 3365 1319 3421 subvertit
1351 3382 1364 3421 :
1399 3370 1456 3421 et
1508 3370 1818 3437 utramque
1861 3367 1967 3423 ob-

305 3453 583 3524 jectionis
615 3458 840 3524 partem
878 3458 941 3509 ut
988 3454 1325 3523 absurdam,
1356 3454 1641 3510 destruxit
1692 3454 1784 3511 his
1836 3472 1962 3511 νει-ο

310 3541 442 3597 bis:
479 3541 676 3614 Neque
705 3559 841 3599 vero
889 3544 1159 3600 essentia:
1216 3545 1402 3612 Pater,
1471 3561 1660 3616 neque
1720 3546 1965 3601 actionis

310 3651 523 3692 nomen
557 3641 667 3703 est,
699 3637 801 3693 sed
858 3636 1118 3706 habitus,
1177 3641 1236 3693 et
1292 3637 1448 3694 modi
1494 3641 1647 3709 quod
1696 3656 1758 3694 se
1788 3639 1966 3695 habet

309 3724 493 3781 Filius
515 3726 583 3781 ad
617 3742 772 3794 eum,
809 3742 842 3783 a
873 3743 989 3798 quo
1022 3726 1457 3784 denominatur.
1504 3728 1720 3783 Deinde
1767 3744 1967 3800 quem-

310 3815 630 3871 admodum
688 3820 965 3872 strenuus
1003 3814 1217 3888 aliquis
1278 3816 1450 3874 miles
1509 3818 1693 3874 armis
1748 3819 1966 3890 quibus

309 3904 635 3960 instructus
663 3914 783 3961 erat
815 3906 1125 3961 subactum
1166 3905 1395 3963 hostem
1454 3908 1644 3963 denuo
1697 3909 1961 3980 aggredi-

310 3998 429 4063 tur,
459 3999 517 4049 et
545 3994 740 4066 gladio
770 4012 801 4051 e
858 3996 1134 4051 manibus
1186 3996 1434 4068 abjecto,
1493 3997 1724 4054 hastam
1763 3999 1964 4054 adver-

310 4084 448 4140 sarii
483 4085 710 4155 arripit,
748 4101 865 4156 qua
922 4084 1091 4139 illum
1150 4086 1520 4154 transfodiat,
1579 4088 1962 4158 quemadmo-

310 4172 477 4240 dum,
510 4173 667 4228 verbi
700 4172 902 4242 gratia,
932 4173 1136 4229 fecisse
1185 4175 1370 4229 fertur
1426 4175 1592 4230 rufus
1648 4175 1747 4231 ille
1805 4176 1964 4231 Davi-

309 4262 413 4315 des
442 4265 499 4316 et
530 4260 771 4332 pulcher
799 4267 1060 4334 aspectu,
1096 4262 1205 4319 hoc
1234 4268 1324 4321 est
1355 4265 1565 4336 agendi
1604 4270 1662 4320 et
1709 4274 1964 4321 contem-

307 4348 509 4419 plandi
562 4350 800 4406 solertia
847 4350 1060 4408 clarus.
1120 4354 1283 4416 Quod
1362 4353 1520 4409 enim
1580 4353 1709 4409 rufo
1769 4355 1960 4411 colore

309 4437 572 4494 sullusus
632 4440 827 4505 fuerit,
886 4441 1282 4498 certissimum
1344 4441 1597 4498 assiduas
1680 4443 1843 4499 illius
1897 4445 1958 4500 in

309 4528 535 4600 agendo
566 4529 868 4586 industriae
908 4530 1239 4602 symbolum
1264 4531 1409 4588 fuit:
1456 4533 1613 4603 quod
1663 4549 1794 4589 vero
1829 4534 1958 4606 pul-

2083 1938 2313 1994 diversa
2359 1956 2595 2010 quoque
2651 1940 2892 1996 nomina
2948 1940 3205 1997 tribuit:
3261 1959 3329 1998 ea
3386 1942 3538 1998 male
3595 1943 3754 1999 acci-

2084 2027 2270 2099 piens,
2305 2046 2432 2101 qure
2460 2049 2491 2085 a
2522 2029 2892 2101 philosophis
2924 2029 3243 2097 dicuntur;
3276 2031 3357 2086 ait
3389 2032 3545 2087 enim
3580 2036 3749 2089 πείθ-

2081 2115 2203 2171 lum
2237 2127 2291 2172 et
2317 2124 2471 2175 terra
2501 2118 2748 2175 diversis
2779 2123 2833 2174 et
2894 2118 3388 2190 appellationibus
3447 2125 3503 2176 et
3542 2138 3748 2177 essen-

2079 2216 2182 2271 tiis
2213 2212 2489 2269 differunt
2532 2224 2546 2276 ;
2587 2209 2790 2265 eodem
2824 2224 2960 2280 ergo
2994 2209 3165 2265 modo
3193 2213 3363 2266 Pater
3392 2214 3452 2265 et
3505 2210 3694 2267 Filius
3731 2229 3747 2281 ;

2082 2318 2335 2377 quorum
2390 2300 2546 2355 enim
2606 2298 2847 2354 nomina
2912 2298 3145 2355 diversa
3202 2303 3362 2368 sunt,
3423 2316 3628 2357 eorum
3690 2306 3755 2358 et

2079 2392 2343 2450 assentire
2376 2390 2637 2445 diversae.

2152 2482 2321 2537 Pater
2351 2483 2539 2535 autem
2594 2477 2910 2548 Gregorius
2967 2478 3048 2534 ita
3103 2479 3418 2550 respondet
3448 2496 3462 2535 :
3495 2480 3648 2546 Quia
3682 2479 3749 2536 in

2082 2572 2305 2643 magnis
2335 2566 2662 2624 luminibus
2693 2568 2953 2637 cascutis,
2989 2568 3257 2637 Eunomi,
3292 2569 3488 2642 aspice
3524 2569 3600 2625 ad
3635 2570 3756 2625 mi-

2079 2661 2242 2716 nima
2275 2676 2289 2728 ;
2324 2656 2738 2713 communibus
2768 2657 3078 2713 hominum
3133 2657 3514 2729 opinionibus
3565 2658 3751 2716 ﬁdem

2080 2749 2605 2817 adhibe,nimirum
2633 2764 2645 2802 :
2672 2748 2966 2819 Quidquid
2991 2748 3276 2820 gignitur,
3300 2749 3459 2805 Patri
3484 2751 3752 2806 consub-

2078 2839 2350 2897 stantiale
2380 2843 2468 2895 est
2498 2855 2511 2906 ;
2545 2837 2841 2893 hominem
2874 2838 3028 2893 enim
3055 2838 3252 2907 homo,
3284 2854 3474 2911 equus
3496 2856 3750 2911 equum,

2078 2929 2399 3001 delphinus
2428 2927 2771 2998 delphinum
2793 2934 3035 2999 generat
3060 2945 3073 2983 :
3097 2933 3156 2982 et
3175 2927 3300 2984 haec
3344 2928 3548 2984 omnia
3586 2929 3754 2985 inter

2078 3037 2141 3077 se
2172 3015 2698 3074 consubstantialia
2720 3021 2878 3073 sunt.
2912 3017 3418 3081 Quemadmodum
3470 3034 3611 3091 ergo
3644 3035 3752 3091 ge-

2079 3110 2274 3166 nitura
2302 3108 2363 3163 in
2386 3107 2478 3163 his
2510 3123 2545 3161 a
2576 3114 2811 3178 parente
2834 3106 3066 3163 diversa
3126 3122 3242 3162 non
3302 3108 3517 3172 evadit,
3551 3110 3658 3164 sed
3694 3110 3747 3164 ei

2078 3200 2273 3271 potius
2306 3197 2574 3265 cohaeret,
2634 3196 2882 3267 ejusque
2939 3199 3209 3251 naturam
3274 3196 3487 3263 induit,
3519 3198 3602 3253 ita
3661 3203 3746 3267 et,

2078 3290 2128 3346 si
2158 3288 2350 3343 Patris
2382 3285 2618 3343 nomine
2665 3284 2983 3341 essentiam
3043 3285 3366 3357 signiﬁcari
3425 3288 3747 3358 concedas,

2079 3377 2289 3433 Filium
2323 3376 2476 3431 Patri
2509 3373 2971 3447 conglutinabis,
3028 3382 3087 3430 et.
3141 3376 3695 3433 consubstantiabis
3728 3395 3745 3435 :

2078 3464 2552 3538 quandoquidem
2583 3462 2993 3520 substantialis
3045 3462 3240 3519 Patris
3297 3465 3576 3537 genitura
3633 3473 3748 3521 est.

2076 3554 2357 3620 Quocirca
2388 3551 2439 3609 si
2462 3551 2870 3608 communium
2931 3552 3263 3620 notionum,
3295 3557 3354 3608 et
3401 3554 3492 3608 vis
3524 3553 3745 3610 horum

2074 3643 2494 3701 vocabulorum
2528 3642 2675 3696 ratio
2707 3640 3014 3710 habeatur,
3047 3640 3297 3697 cohaeret
3342 3641 3500 3697 Patri
3532 3641 3748 3714 Filius,

2073 3750 2179 3789 nec
2211 3733 2283 3789 ab
2316 3749 2382 3789 eo
2428 3731 2697 3787 diversus
2752 3735 2864 3785 est.
2924 3729 2998 3786 Ut
3053 3729 3208 3785 enim
3271 3730 3503 3801 genitor
3561 3731 3745 3788 homo

2072 3823 2268 3895 genito
2300 3821 2459 3894 prior
2488 3826 2597 3886 est,
2657 3819 2737 3874 ita
2797 3819 2964 3875 Pater
3018 3825 3077 3875 et
3140 3818 3321 3875 Filius
3352 3818 3531 3875 simul
3563 3822 3747 3879 ambo

2075 3917 2252 3968 sunt:
2284 3912 2387 3966 sed
2422 3926 2529 3965 nos
2558 3910 2630 3964 ab
2661 3925 2727 3964 eo
2759 3908 2914 3980 quod
2975 3921 3168 3980 patres
3232 3925 3349 3964 non
3380 3925 3646 3978 eramus,
3681 3912 3745 3968 id

2073 4000 2312 4057 tandem
2340 3999 2675 4065 evasimus;
2711 4003 3067 4069 quapropter
3099 4004 3162 4052 ut
3193 3996 3465 4054 homines
3503 4001 3747 4072 generis

2074 4089 2517 4163 praerogativam
2550 4086 2609 4142 in
2644 4087 2796 4142 ﬁlios
2826 4086 3132 4153 habemus,
3169 4096 3227 4142 at
3256 4094 3320 4142 ut
3352 4095 3550 4160 patres
3594 4104 3743 4146 con-

2074 4177 2490 4235 substantiales
2511 4175 2631 4231 illis
2654 4180 2711 4231 et
2731 4176 3204 4246 contemporauei
3226 4193 3435 4232 sumus
3464 4193 3478 4231 :
3534 4195 3749 4250 supre-

2074 4286 2209 4325 mus
2239 4274 2435 4324 autem
2465 4266 2731 4323 omnium
2769 4271 2940 4333 Deus,
2965 4282 3101 4321 cum
3139 4266 3211 4321 ab
3244 4274 3457 4322 aeterno
3518 4267 3598 4322 sit
3632 4269 3750 4324 Pa-

2072 4364 2181 4424 ter,
2214 4357 2422 4413 Filium
2471 4354 2725 4427 tempori
2782 4371 2897 4411 non
2949 4354 3290 4421 obnoxium,
3325 4355 3560 4428 sibique
3589 4374 3744 4413 coas-

2072 4450 2305 4504 ternum
2338 4446 2620 4502 habet.Ex
2650 4462 2766 4516 quo
2798 4445 3197 4515 consequitur,
3230 4446 3279 4501 si
3339 4448 3459 4502 vim
3520 4446 3741 4505 horum

2072 4534 2490 4593 vocabulorum
2523 4540 2773 4606 spectes,
2809 4539 2873 4589 ut
2904 4534 3084 4590 Filius
3145 4552 3180 4591 a
3234 4535 3407 4591 Patre
3464 4536 3743 4594 diversus

307 4618 447 4673 cher
463 4625 728 4689 aspectu,
761 4619 1116 4691 perspicacis
1144 4620 1600 4689 animiejusdem
1647 4639 1960 4694 argumen-
1992 4615 2037 4680 D
2071 4641 2372 4696 nunquam
2408 4624 2584 4679 fuerit
2624 4640 2733 4679 nec
2783 4624 3039 4679 essentia
3084 4640 3189 4679 nec
3241 4622 3587 4697 συνυπάρξει,
3622 4624 3743 4683 hoc

304 4711 430 4762 tum
455 4707 1002 4764 manifestissimum
1029 4709 1270 4764 exstitit.
1291 4709 1394 4765 Hic
1410 4711 1565 4766 enim
1585 4710 1762 4766 simul
1785 4716 1960 4783 atque

302 4796 481 4851 funda
505 4796 841 4852 Goliathum
874 4798 1106 4868 dejecit,
1138 4797 1331 4870 gladio
1379 4801 1510 4870 ejus
1567 4801 1774 4871 vagina
1811 4803 1953 4857 edu-

300 4886 791 4956 cto,tyrannicum
823 4885 967 4941 illud
998 4886 1051 4943 ei
1081 4892 1257 4959 caput
1286 4888 1558 4944 abscidit.

372 4972 484 5027 Sed
539 4973 656 5028 base
708 4974 1163 5030 studiosioribus
1231 4976 1602 5033 discutienda
1663 4977 1952 5051 relinquo.

300 5060 436 5124 Quae
462 5077 632 5132 porro
649 5079 716 5118 ex
739 5063 1037 5121 rhetorum
1063 5065 1325 5121 fontibus
1348 5067 1687 5136 depromere
1737 5086 1951 5141 possu-

300 5168 455 5217 mus,
488 5153 639 5207 eain
673 5155 931 5212 medium
983 5155 1374 5227 proferantur.
1407 5157 1548 5214 Cum
1608 5159 1765 5215 enim
1813 5159 1956 5215 divi-

296 5241 528 5297 nusille
558 5240 648 5296 vir
708 5242 828 5298 haec
890 5244 1005 5299 duo
1063 5245 1460 5302 instrumenta
1518 5248 1834 5305 rhetorices
1879 5250 1949 5305 ad

295 5329 654 5399 objectiones
689 5332 1157 5389 adversariorum
1217 5337 1604 5393 confutandas
1664 5339 1953 5410 praecipua

293 5433 420 5473 esse
461 5422 660 5487 sciret,
705 5421 989 5476 nimirum
1047 5417 1288 5475 ἔνστασιν
1359 5431 1417 5480 et
1472 5424 1946 5499 ἆντιπκράστασιν,

290 5500 348 5556 id
383 5516 468 5563 est
498 5508 839 5565 instantiam
894 5524 997 5563 seu
1058 5513 1517 5583 contentionem,
1560 5521 1617 5572 et
1671 5516 1950 5573 resisten-

365 5664 409 5701 ⁸³
442 5673 464 5725 1
496 5670 635 5742 Reg.
669 5669 894 5740 xvr,51.

2068 4720 2176 4785 est,
2207 4713 2730 4780 consubsistentia,
2763 4712 2936 4769 liceat
2965 4717 3120 4768 certe
3172 4714 3460 4770 actionem
3493 4731 3743 4788 quoque

2069 4804 2281 4873 dicere,
2315 4804 2364 4859 si
2394 4802 2480 4857 ita
2507 4802 2759 4858 videtur.
2819 4805 2893 4856 At
2950 4801 3072 4856 ﬁeri
3109 4808 3319 4873 potest,
3368 4809 3431 4858 ut
3462 4802 3558 4860 his
3591 4807 3738 4861 sub-

2067 4893 2361 4964 scribatis,
2397 4892 2548 4948 ultro
2606 4891 2853 4963 pedibus
2912 4896 3175 4947 nostram
3249 4891 3313 4947 in
3371 4894 3737 4952 sententiam

2066 4982 2208 5038 ituri
2239 5001 2258 5038 :
2290 4998 2398 5038 nos
2427 4986 2623 5038 autem
2682 4980 2790 5061 hoc
2848 4996 3082 5053 quoque
3138 4981 3308 5036 modo
3368 4981 3480 5037 tela
3541 4989 3741 5041 vestra

2066 5072 2455 5128 retundimus.

2703 5158 2863 5216 CAP.
2896 5157 3088 5215 XLVI.

2062 5251 2188 5322 Ipsa
2214 5265 2286 5305 ea:
2316 5251 2531 5305 actione
2561 5244 2855 5322 ὁμοούσιον
2887 5246 3221 5322 etucescere,
3255 5246 3355 5305 hoc
3412 5256 3514 5317 est,
3564 5250 3745 5310 simul

2259 5331 2423 5392 atque
2455 5323 2616 5376 Pater
2642 5321 2778 5393 μαι,
2807 5319 3057 5388 genitum
3083 5321 3136 5375 ei
3163 5321 3371 5375 Filium
3397 5336 3533 5376 esse.

2132 5429 2195 5483 At
2229 5444 2362 5483 vero
2395 5427 2788 5498 interrogatis,
2815 5442 3132 5496 quemnam
3182 5426 3349 5483 Pater
3385 5427 3597 5500 egerit,
3632 5434 3747 5503 qui

2063 5517 2302 5589 quidem
2334 5515 2411 5572 sit
2443 5517 2617 5585 actio,
2649 5517 2700 5572 ei
2732 5531 2846 5571 non
2884 5514 3198 5586 absimilis,
3234 5532 3409 5586 quam
3442 5517 3504 5572 in
3534 5521 3743 5577 archi-
