4054 6382
257 364 416 425 1409

1597 363 2004 429 THESAURI
2046 370 2196 433 LIB.
2245 375 2318 436 V.

3512 378 3671 440 1410

240 501 418 563 tecto,
452 496 690 564 fatomo,
725 498 777 550 et
806 494 1089 550 statuario
1118 493 1406 552 videmus.
1443 499 1559 551 Hoc
1602 495 1744 551 illud
1787 501 1898 566 est,
1932 506 1984 571 Α
2016 503 2073 555 et
2102 504 2171 558 ad
2205 503 2370 563 illum
2415 507 2768 566 referuntur.
2828 510 3029 579 Itaque
3086 509 3273 581 major
3329 513 3498 566 Pater
3558 514 3672 579 est,

243 590 399 661 quod
425 585 686 659 ὁμοῦσιον
716 603 874 642 voco.
906 585 1052 641 Nam
1101 586 1152 641 si
1183 587 1346 641 Pater
1364 590 1453 641 est
1475 586 1601 641 Filii
1649 592 1819 644 Pater
1851 593 1909 643 et

254 678 349 734 hic
381 679 620 748 quidem
650 693 850 744 causa,
883 674 980 730 ille
1001 692 1132 731 vero
1165 682 1473 731 causatum
1531 675 1614 731 vel
1640 677 1905 742 etl‘ectus,

248 768 513 838 ejusdem
538 771 732 821 tamen
768 770 989 820 natura:
1022 765 1195 820 ambo
1225 771 1279 819 et
1312 765 1577 836 ejusdem
1618 766 1905 821 substan-

252 859 344 912 tiae
378 861 540 921 sunt,
574 854 683 910 hoc
715 855 910 926 ipsum
946 854 1114 909 Pater
1142 854 1275 926 egit,
1307 856 1592 910 nimirum
1654 857 1908 911 consub-

254 945 590 1004 stantialem
629 944 941 1015 ;quamvis
1006 942 1228 1015 alioqui
1283 944 1529 1000 actionis
1572 944 1768 1017 opinio
1800 944 1910 1000 hac

257 1038 316 1093 in
351 1052 412 1091 re
448 1035 805 1106 perabsurda
832 1032 926 1089 sit.
960 1032 1105 1099 Quia
1133 1032 1288 1088 enim
1322 1033 1663 1106 periculosis
1721 1034 1910 1089 nomi-

254 1127 431 1181 nibus
464 1125 609 1180 etin
656 1122 947 1195 theologia
994 1123 1293 1178 inusitatis
1353 1139 1498 1179 usus
1551 1127 1660 1190 est,
1693 1123 1911 1179 idcirco

254 1218 486 1273 videtur
516 1216 655 1271 utile
686 1216 743 1270 in
804 1221 964 1287 parte
1034 1215 1319 1283 futurum,
1380 1215 1429 1270 si
1474 1216 1913 1271 consideremus

257 1307 500 1379 quinam
534 1304 609 1361 sit
638 1321 839 1360 eorum
874 1321 1103 1360 sensus.
1136 1308 1269 1359 Haec
1300 1306 1454 1358 enim
1515 1305 1629 1359 tria
1686 1321 1749 1360 se
1782 1321 1914 1359 mu-

254 1401 355 1452 tuo
389 1394 671 1465 subsequi
732 1393 1003 1449 videntur
1061 1390 1237 1460 οὐσία,
1299 1389 1561 1467 ἐνέργεια,
1620 1393 1709 1446 καὶ
1764 1391 1913 1462 svsp-

256 1483 552 1559 γοῦμενον,
584 1483 695 1539 hoc
726 1489 815 1539 est
845 1485 1121 1548 essentia,
1156 1483 1327 1551 actio,
1361 1487 1418 1537 et
1458 1500 1626 1552 opus.
1662 1484 1763 1537 Est
1820 1500 1918 1537 au-

260 1581 380 1630 tem
413 1573 562 1629 actio
592 1571 704 1628 alia
743 1573 1011 1628 essentia:
1058 1587 1431 1639 concurrens,
1487 1572 1600 1626 alia
1657 1577 1915 1643 postmo-

254 1664 393 1718 dum
429 1663 734 1733 acquisita.
782 1663 1007 1726 Quibus
1048 1677 1181 1733 ergo
1206 1661 1478 1716 essentiis
1502 1662 1651 1715 actio
1676 1676 1917 1716 concur-

255 1752 563 1820 rit,earum
596 1751 857 1806 actiones
907 1767 1135 1822 quoque
1192 1750 1453 1805 indivisae
1513 1753 1673 1818 sunt,
1703 1750 1919 1820 quibus

259 1846 459 1897 autem
494 1839 871 1912 postmodum
905 1839 1135 1906 accidit,
1162 1855 1362 1894 earum
1398 1840 1655 1894 actiones
1688 1855 1921 1910 quoque

261 1931 621 2004 posteriores
658 1946 670 1984 :
706 1935 769 1984 ut
826 1928 1001 1984 homo
1053 1929 1312 1984 essentia
1377 1928 1615 1999 quidem
1662 1934 1768 1994 est,
1803 1927 1923 1998 agit

266 2026 464 2075 autem
507 2018 979 2088 respirationem,
1036 2029 1091 2073 et
1148 2017 1483 2072 aedificium.
1540 2018 1751 2071 llorum
1787 2015 1924 2071 alte-

262 2127 420 2174 rum,
456 2107 738 2162 nimirum
773 2107 1101 2178 respiratio,
1136 2106 1456 2172 concurrit,
1489 2104 1733 2160 alterum
1766 2120 1921 2171 vero,

263 2198 489 2253 scilicet
523 2196 855 2265 aediﬁcatio,
915 2195 1203 2268 posterior
1258 2201 1316 2251 et
1346 2195 1597 2251 ascititia
1637 2197 1746 2250 est.
1798 2195 1921 2258 Quo

261 2289 348 2356 fit,
385 2293 449 2344 ut
480 2288 633 2358 quod
668 2288 740 2343 ab
768 2287 996 2342 actione
1027 2287 1244 2359 agitur,
1279 2303 1406 2358 quae
1450 2285 1684 2357 quidem
1718 2299 1921 2339 essen-

260 2378 357 2433 tia:
387 2376 709 2444 concurrit,
769 2382 1080 2431 concurrat
1136 2379 1192 2431 et
1250 2374 1448 2447 ipsum
1509 2374 1815 2438 nimirum,
1859 2374 1924 2426 ut

260 2466 648 2539 respiratione
679 2483 775 2522 cor
835 2465 1227 2537 refrigeretur.
1300 2463 1443 2519 Nam
1510 2462 1687 2520 simul
1746 2467 1923 2533 atque

264 2556 519 2628 respirat
543 2555 781 2627 aliquis,
818 2555 1028 2609 hausto
1079 2554 1360 2609 exteriore
1415 2569 1565 2617 aere,
1614 2551 1923 2621 laxatoque

263 2646 667 2715 mollijecoris
698 2660 960 2716 corpore,
995 2646 1145 2715 quod
1177 2646 1408 2715 puriore
1438 2642 1651 2715 spiritu
1684 2641 1921 2714 plenum

266 2745 376 2801 est,
410 2734 791 2791 circumfovet
840 2750 958 2801 cor,
1022 2750 1124 2788 nec
1184 2732 1466 2787 exsiccari
1516 2732 1705 2788 calore
1760 2730 1921 2787 sinit.

263 2824 596 2883 Ediﬁcatio
631 2828 849 2894 autem,
883 2823 1014 2894 quia
1044 2829 1245 2894 postea
1285 2822 1597 2894 contingit,
1629 2837 1693 2876 eo
1745 2821 1829 2890 fit,
1861 2824 1925 2875 ut

262 2914 564 2969 dividatur
584 2929 816 2985 quoque
839 2913 989 2983 quod
1019 2912 1229 2983 agitur.
1265 2910 1543 2976 Quocirca
1587 2910 1755 2965 Pater
1784 2909 1921 2965 Gre-

258 3004 463 3075 gorius
488 3003 566 3057 ita
600 3003 790 3057 infert.
824 3001 1137 3056 Consentio
1170 3000 1297 3066 tibi,
1330 2999 1605 3068 Eunomi,
1639 2999 1739 3071 qui
1770 2998 1921 3055 Patri

259 3110 474 3149 nomen
494 3092 743 3149 actionis
767 3089 1723 3163 imposueris.Consubstantialem
1752 3104 1922 3161 porro

262 3185 404 3256 egit,
440 3180 705 3251 quamvis
731 3179 947 3252 alioqui
975 3179 1221 3236 actionis
1245 3178 1356 3235 hac
1404 3179 1459 3233 in
1489 3195 1545 3233 re
1567 3177 1762 3251 opinio
1795 3194 1924 3250 per-

1952 1896 1999 1960 Β

2018 590 2155 659 quia
2188 609 2365 649 eausa
2396 602 2505 666 est,
2540 597 2848 667 ambobus,
2882 598 3025 652 Filio
3089 599 3324 669 quidem
3359 598 3681 669 generatio-

2018 677 2129 747 nis,
2161 684 2400 752 Spiritui
2434 693 2629 741 autem
2664 686 3076 757 processionis.
3133 685 3391 743 Ecclesia
3421 704 3573 758 ergo,
3609 689 3678 742 ut

2017 767 2243 827 dictum
2276 780 2386 842 est,
2416 792 2483 832 eo
2515 793 2691 832 sensu
2725 776 3039 832 dictionem
3071 778 3253 848 major
3282 776 3529 848 accepit.

2088 863 2160 916 At
2184 863 2525 932 Eunomius,
2558 882 2692 922 cum
2726 871 2934 922 caetera
2963 865 3179 933 turbet,
3215 871 3388 937 atque
3429 866 3673 922 confun-

2020 951 2142 1021 dat,
2174 957 2301 1010 tum
2336 956 2657 1027 poculentaa
2708 956 2846 1012 huic
2905 973 3064 1026 aquae
3105 955 3513 1027 salsuginosos
3544 972 3675 1011 ser-

2021 1057 2224 1098 mones
2269 1061 2407 1101 suos
2465 1046 2776 1102 immiscet.
2840 1045 2982 1100 lluic
3040 1045 3193 1100 enim
3248 1044 3674 1117 propositioni:

2021 1134 2191 1186 Pater
2213 1135 2400 1205 major
2419 1135 2562 1190 Filio
2585 1141 2695 1199 est,
2727 1135 2867 1206 quia
2915 1151 3096 1191 causa
3119 1158 3133 1202 ε
3157 1133 3357 1189 statim
3400 1133 3514 1188 alia
3544 1133 3683 1188 sub-

2016 1222 2252 1294 jungit:
2295 1228 2482 1280 Causa
2513 1224 2800 1280 naturalis
2831 1228 2937 1292 est,
2973 1224 3320 1295 moxqueita
3365 1222 3675 1279 ratiocina-

2027 1317 2143 1366 tur.
2176 1312 2347 1370 Pater
2394 1317 2582 1385 major
2637 1320 2745 1382 est,
2807 1313 2947 1385 quia
2991 1329 3191 1383 causa,
3250 1328 3429 1368 causa
3484 1316 3677 1367 autem

2025 1405 2353 1474 naturalis;
2390 1412 2511 1461 tum
2543 1405 2876 1460 concludit:
2912 1410 3063 1477 Ergo
3120 1404 3284 1460 Pater
3342 1409 3551 1458 natura
3584 1403 3679 1457 Fi-

2024 1491 2102 1547 lio
2136 1495 2325 1564 major
2354 1500 2463 1562 est,
2497 1495 2688 1566 majus
2722 1493 2857 1549 inde
2896 1493 3247 1558 attribuens,
3311 1509 3427 1548 non
3487 1506 3678 1547 causas

2028 1587 2088 1636 ut
2118 1589 2271 1638 recta
2295 1587 2504 1638 suadet
2534 1584 2699 1639 ratio.
2759 1582 2877 1638 Hoc
2935 1582 3146 1638 etenim
3208 1581 3321 1637 sibi
3373 1580 3496 1635 vult
3550 1581 3681 1649 ejus

2030 1672 2355 1743 dogmakut
2386 1673 2609 1729 Patrem
2654 1672 2903 1744 primam
2964 1672 3281 1727 essentiam
3335 1670 3528 1737 faciat,
3588 1668 3683 1723 F1-

2029 1759 2172 1815 lium
2216 1763 2559 1829 secundam,
2612 1762 2893 1833 Spiritum
2947 1760 3220 1815 tertiam:
3266 1759 3471 1814 Nescio
3528 1774 3681 1825 vero,

2032 1849 2224 1922 inquit
2257 1868 2503 1923 magnus
2562 1851 2659 1906 ille
2716 1851 3055 1922 Gregorius,
3116 1853 3313 1904 utrum
3369 1848 3482 1903 sibi
3537 1846 3683 1917 ipsis

2030 1938 2140 1996 hoc
2171 1940 2480 2011 imponant
2536 1939 2919 2011 sophismate,
2980 1955 3053 1992 an
3112 1937 3186 1992 iis
3228 1938 3300 1992 ad
3331 1953 3478 2008 quos
3508 1936 3685 1992 verba

2030 2029 2275 2085 faciunt.
2311 2035 2453 2085 Nam
2487 2047 2612 2100 qua:
2637 2029 2707 2084 de
2731 2027 2925 2099 aliquo
2956 2027 3256 2092 dicuntur,
3289 2042 3355 2081 ea
3384 2042 3498 2080 non
3540 2026 3685 2081 sim-

2029 2118 2255 2188 pliciter
2285 2118 2394 2172 dici
2429 2134 2661 2189 quoque
2695 2121 2965 2187 poterunt
3017 2116 3088 2170 de
3144 2131 3210 2171 eo
3264 2118 3415 2184 quod
3459 2116 3509 2169 ei
3540 2116 3684 2171 sub-

2021 2209 2242 2280 jectum
2275 2207 2488 2274 est,sed
2523 2205 2898 2276 perspicuum
2932 2208 3040 2274 est,
3075 2203 3355 2275 quidnam
3415 2203 3486 2259 de
3531 2219 3680 2274 quo-

2030 2296 2414 2369 quedicatur.
2472 2296 2775 2361 Quomodo
2835 2310 2972 2366 ergo
3031 2294 3306 2365 praefatus
3365 2298 3455 2349 est
3485 2294 3679 2349 Euno-

2028 2388 2181 2442 mins
2201 2402 2389 2458 quave
2404 2383 3221 2456 sopbismatumspeciesuam
3260 2382 3565 2439 contexuit
3595 2399 3685 2438 ca-

2028 2477 2310 2548 ptionem,
2340 2491 2651 2547 progressu
2677 2472 2960 2530 orationis
2992 2472 3241 2542 dicetur,
3274 2473 3373 2528 ubi
3397 2472 3681 2528 nimirum

2028 2565 2331 2637 sophisma
2362 2564 2665 2620 refellitur.
2689 2563 2775 2618 Ad
2806 2562 3087 2618 orationis
3145 2578 3315 2633 porro
3375 2562 3681 2617 continua-

2026 2656 2247 2709 tionem
2283 2655 2481 2709 statim
2517 2670 2752 2725 quoque
2785 2656 2984 2707 nostra
3015 2652 3406 2723 subjungetur
3437 2668 3470 2706 a
3511 2651 3682 2706 nobis

2031 2745 2432 2801 ratio.Auditis
2463 2745 2791 2801 Eunomius
2823 2744 2895 2799 iis
2942 2760 3069 2815 qua}
3119 2743 3191 2798 ab
3248 2742 3565 2798 Aristotele
3622 2743 3680 2797 in

2037 2835 2359 2906 Categoriis
2389 2835 2608 2907 scripta
2639 2838 2810 2889 sunt:
2846 2833 3240 2904 Quaecumque
3265 2831 3336 2887 de
3365 2832 3561 2904 aliquo
3596 2832 3683 2886 di-

2028 2929 2261 2994 cuntur,
2294 2941 2361 2980 ea
2390 2926 2459 2981 de
2493 2940 2559 2980 eo
2613 2940 2845 2996 quoque
2904 2922 3016 2977 dici
3074 2926 3364 2993 poterunt,
3424 2922 3578 2993 quod
3633 2922 3685 2977 ei

2029 3014 2357 3085 subjectum
2391 3016 2517 3078 est;
2550 3010 2671 3066 haec
2702 3010 2876 3065 verba
2935 3008 3095 3064 nullo
3146 3009 3370 3079 judicio
3421 3009 3684 3064 adhibito

2029 3102 2457 3174 exeepit,atque
2481 3101 2794 3156 dictionem
2830 3114 3189 3171 quiscumque
3236 3099 3307 3153 ad
3354 3098 3553 3153 omnia
3598 3115 3690 3153 re—

2031 3193 2167 3247 tulit
2195 3210 2206 3246 :
2236 3208 2347 3263 quo
2372 3192 2586 3246 factum
2613 3194 2719 3259 est,
2752 3193 2836 3258 ut,
2870 3206 3003 3243 cum
3053 3186 3392 3243 Aristoteles
3435 3188 3685 3244 vocabu-

251 3273 518 3329 nbsu’da
548 3271 640 3325 είί·
676 3269 820 3324 Nam
855 3271 911 3323 in
973 3269 1075 3324 ma
1133 3268 1362 3324 ἃοίῖοηθ
1413 3268 1702 3340 1305terius
1747 3268 1801 3322 id
1836 3274 1921 3323 εει
1953 3273 1995 3339 C
2036 3281 2158 3337 lum
2182 3282 2292 3337 hoc
2322 3280 2689 3353 usurpaverit
2714 3280 2772 3334 in
2806 3279 2878 3334 iis
2912 3295 3037 3351 quae
3070 3278 3293 3334 ratione
3346 3277 3688 3334 substantiae

260 3361 424 3434 quod
459 3358 668 3427 agitur.
702 3358 1049 3412 IEdiflcandi
1090 3359 1243 3412 enim
1305 3374 1400 3413 ars
1432 3358 1743 3412 aedificium
1780 3375 1923 3429 pra:-

260 3455 432 3507 cedat
463 3452 716 3521 Oportet,
749 3451 920 3517 atque
952 3463 985 3500 a
1018 3462 1079 3500 se
1140 3444 1285 3516 ipsis
1334 3451 1683 3516 separentur
1731 3446 1923 3502 archi-

262 3545 456 3595 tectus
484 3544 541 3593 et
570 3536 903 3592 aediﬁcium.
940 3535 1000 3589 In
1024 3534 1133 3589 hac
1158 3550 1313 3602 vero,
1345 3550 1464 3605 qua
1512 3534 1583 3587 de
1613 3550 1771 3587 nunc
1802 3533 1923 3604 agi-

265 3646 405 3684 mus
427 3628 801 3692 actione,non
834 3626 915 3680 ita
941 3640 1001 3679 se
1033 3623 1206 3678 habet
1239 3622 1293 3676 id
1342 3622 1498 3693 quod
1553 3622 1765 3693 agitur.
1800 3626 1924 3676 Non

262 3720 424 3774 enim
460 3717 623 3788 prius
662 3717 771 3770 fuit
804 3718 993 3781 Pater,
1025 3718 1148 3768 tum
1184 3711 1394 3767 deinde
1450 3710 1927 3766 consubstantia-

268 3808 385 3863 lem
420 3804 688 3869 absolvit,
727 3821 830 3860 nec
864 3819 928 3859 eo
962 3802 1232 3858 absoluto
1267 3802 1530 3856 diversus
1589 3800 1793 3868 evasit,
1828 3800 1930 3855 sed

270 3894 454 3961 simul
486 3902 660 3966 atque
686 3895 854 3949 Pater
882 3894 1009 3958 fuit,
1044 3893 1277 3965 genitus
1337 3896 1424 3948 est
1482 3890 1684 3962 Filius,
1728 3891 1929 3947 ambo-

269 4004 385 4060 que
418 3984 955 4041 consubstantiales
989 3985 1242 4040 fuerunt.

880 4112 1032 4168 CAP.
1090 4110 1317 4167 XLVII.

268 4232 398 4288 Alia
446 4232 706 4287 Eunomii
761 4229 1059 4298 50phistica
1115 4229 1362 4301 objcclz'o.
1418 4228 1684 4301 adversus
1743 4229 1931 4301 Patris

345 4311 398 4360 et
428 4303 561 4359 Filii
614 4299 1276 4358 consubstantialilatem.
1334 4301 1442 4355 [loc
1499 4299 1819 4355 Aristotelis
1872 4302 1931 4354 in

346 4374 655 4442 Culegoriis
689 4376 805 4429 loco
838 4374 981 4427 male
1010 4374 1313 4439 intellecto,
1344 4370 1618 4427 nimirum
1655 4388 1667 4425 :
1706 4392 1729 4423 α
1763 4376 1927 4441 Qua?-

341 4463 569 4519 cumque
602 4447 674 4501 de
703 4444 890 4516 aliquo
920 4445 1201 4519 dicuntur,
1235 4460 1298 4498 ea
1327 4443 1391 4498 de
1435 4459 1534 4519 co_
1553 4459 1762 4514 quoque
1817 4443 1933 4498 dici

338 4516 621 4591 poterunt,
662 4526 805 4590 quod
836 4520 887 4571 ei
917 4518 1218 4586 subjectum
1275 4524 1436 4591 csa“.
1464 4588 1472 4591 _
1496 4516 1794 4571 Eunomia:
1820 4521 1927 4571 Pa-

351 4603 495 4648 trem
512 4590 650 4645 Filio
669 4587 884 4644 natura
912 4591 1181 4658 majorem
1203 4602 1316 4642 esse
1345 4587 1519 4642 dixit.

346 4720 490 4774 Cum
520 4716 803 4773 Dominus
837 4720 1035 4771 noster
1064 4715 1239 4771 Jesus
1280 4714 1545 4770 Christus
1576 4714 1632 4770 in
1684 4716 1934 4787 Evange-

276 4808 372 4864 liis
406 4807 639 4873 dixerit,
670 4806 840 4862 Paler
870 4822 1025 4861 meas
1081 4805 1265 4876 major
1301 4820 1387 4859 me
1442 4808 1519 4859 est
1560 4805 1625 4870 ⁸³,
1680 4804 1935 4860 Ecclesia

276 4898 596 4955 dictionem
628 4899 806 4966 major
837 4897 909 4953 ob
936 4896 1149 4952 Filium
1208 4895 1397 4952 solum
1452 4895 1735 4966 prolatam
1771 4895 1935 4951 intel-

275 4989 441 5045 lexit.
473 4987 749 5054 Quamvis
781 4988 937 5043 enim
998 4985 1242 5041 honoris
1299 4983 1690 5057 aequalitatem
1745 4984 1805 5040 in
1838 4984 1938 5040 tri-

278 5078 392 5133 bus
425 5076 713 5149 personis,
766 5077 1147 5146 eamdemque
1199 5074 1444 5146 gloriam
1510 5079 1566 5129 et
1614 5074 1936 5130 claritatem

281 5168 689 5238 praedicemus,
720 5163 837 5220 alia
894 5168 1092 5220 tamen
1144 5164 1366 5219 ratione
1399 5165 1624 5219 Patrem
1659 5164 1934 5236 majorem

281 5261 340 5312 et
369 5255 514 5312 Filio
546 5260 604 5311 et
626 5253 847 5326 Spiritu
881 5257 1086 5308 sancto
1119 5269 1247 5309 esse
1278 5252 1554 5319 dicimus,
1588 5253 1722 5325 quia
1772 5253 1942 5309 nimi-

281 5362 417 5401 rum
450 5346 520 5401 ad
554 5344 714 5402 aliud
776 5343 871 5400 ille
930 5341 1280 5415 principium
1342 5359 1455 5399 non
1510 5344 1778 5411 refertur,
1840 5345 1936 5401 sed

280 5436 407 5509 ipse
440 5437 695 5507 primum
721 5434 987 5491 omnium
1037 5432 1393 5507 principium
1453 5438 1580 5501 est;
1615 5432 1673 5488 bi
1705 5451 1838 5490 vero
1869 5435 1941 5490 ab

278 5524 381 5584 illo
414 5528 699 5598 tanquam
727 5541 905 5582 causa
929 5523 1272 5597 procedunt,
1305 5520 1462 5594 apud
1486 5521 1650 5578 illum
1680 5528 1939 5594 manent,

361 5671 409 5706 δ’
439 5671 612 5730 Joan.
644 5687 726 5743 ιι,
756 5671 845 5727 28.

2033 3372 2450 3445 praedicantur,
2484 3371 2580 3426 hic
2637 3369 2984 3426 indistincte
3041 3369 3112 3424 de
3168 3367 3242 3423 iis
3299 3383 3423 3439 quae
3472 3368 3692 3423 ratione

2034 3461 2354 3518 accidentis
2387 3461 2794 3532 praedicantur,
2827 3458 3113 3523 enuntiet,
3173 3462 3229 3513 et
3260 3462 3324 3512 ut
3379 3456 3557 3513 semel
3598 3456 3690 3511 di-

2035 3566 2184 3617 cam,
2219 3550 2289 3603 de
2321 3548 2393 3603 iis
2425 3565 2551 3619 quas
2584 3550 3132 3619 quomodocumque
3178 3545 3587 3616 praedicantur.
3622 3548 3695 3600 At

2033 3639 2142 3693 hoc
2167 3655 2281 3692 non
2304 3637 2386 3692 ita
2410 3654 2471 3693 se
2503 3637 2696 3692 habet.
2733 3636 3010 3703 Quamvis
3032 3634 3188 3691 enim
3220 3637 3438 3690 animal
3476 3634 3545 3691 de
3568 3651 3695 3705 spe-

2035 3728 2122 3785 cie
2157 3727 2524 3799 praadicetur,
2556 3742 2744 3797 genus
2802 3730 3000 3780 tamen
3057 3725 3187 3792 ejus
3236 3723 3690 3795 haudquaquam

2036 3819 2210 3875 etiam
2249 3817 2614 3888 praedicatur.
2648 3813 2827 3887 Atqui
2850 3817 3005 3870 recta
3045 3813 3692 3886 prepositionumcom-

2036 3909 2243 3981 positio
2277 3907 2474 3963 fuerit.
2507 3907 2701 3963 Genus
2736 3903 2890 3961 enim
2946 3904 3107 3960 omni
3166 3902 3426 3970 animali,
3459 3907 3517 3960 et
3565 3903 3691 3959 ani-

2038 3999 2152 4054 mai
2186 3997 2348 4054 omni
2381 3994 2593 4069 speciei
2625 3995 2932 4052 convenit:
2967 3993 3192 4065 species
3224 3998 3420 4048 tamen
3455 4009 3568 4048 non
3604 3996 3696 4048 est

2036 4104 2244 4161 genus.

2110 4176 2234 4234 Non
2268 4191 2403 4247 ergo
2436 4188 2821 4247 quiscumque
2843 4172 2913 4227 de
2945 4169 3138 4243 aliquo
3193 4169 3489 4240 dicuntur,
3524 4186 3591 4227 ea
3623 4173 3694 4227 de

2037 4285 2103 4324 eo
2136 4284 2371 4339 quoque
2403 4266 2689 4330 dicentur,
2713 4264 2868 4336 quod
2902 4263 2956 4319 ei
3015 4263 3347 4333 subjectum
3406 4266 3516 4318 est.
3550 4262 3694 4318 Ani-

2039 4357 2177 4413 mali
2201 4356 2358 4412 enim
2390 4356 2564 4411 homo
2596 4354 2947 4427 subjicitur;
2981 4357 3041 4407 at
3072 4369 3185 4408 non
3230 4369 3598 4425 quaecunque
3629 4353 3701 4409 de

2039 4444 2280 4501 animali
2310 4443 2718 4514 praedicamus,
2750 4458 2817 4498 ea
2848 4444 2918 4497 de
2950 4441 3214 4513 subjecto
3272 4442 3447 4498 etiam
3500 4440 3704 4513 praedi-

2036 4538 2416 4605 caverimus;
2453 4536 2572 4591 imo
2627 4536 3001 4607 perapicuum
3063 4539 3149 4590 est
3206 4533 3279 4589 de
3338 4550 3595 4605 quonam
3636 4549 3703 4588 ea

1964 4648 2009 4712 ι’)
2045 4626 2156 4682 dici
2191 4626 2437 4698 possint,
2472 4632 2528 4682 et
2589 4642 2856 4698 quzenam
2919 4625 3040 4681 sint
3095 4640 3163 4679 ea
3214 4639 3345 4696 quae
3386 4623 3701 4694 prmdican-

2044 4723 2159 4774 tur.

2117 4807 2458 4865 Animatum
2492 4808 2645 4865 enlm
2682 4814 2737 4864 et
2768 4806 2982 4864 sensile
3008 4807 3247 4877 trajecto
3272 4803 3506 4860 animali
3527 4804 3703 4860 etiam

2052 4898 2121 4953 ad
2156 4898 2452 4954 hominem
2487 4898 2847 4970 pertingant.
2883 4896 3183 4962 Siquidem
3218 4893 3560 4951 essentiales
3593 4893 3706 4950 illa:

2046 5004 2146 5043 seu
2183 4987 2463 5060 speciﬁcse
2497 4987 2833 5043 differentiae
2867 4991 3026 5056 sunt,
3059 4984 3274 5056 quibus
3317 4982 3537 5039 animal
3568 5000 3709 5040 con-

2047 5078 2349 5134 stituitur:
2383 5094 2568 5149 genus
2602 5080 2825 5144 autem,
2859 5077 3015 5148 quod
3048 5081 3135 5130 est
3164 5090 3377 5131 nomen
3401 5073 3706 5146 rationale,

2050 5186 2152 5225 nec
2185 5168 2456 5224 animalis
2488 5168 2754 5224 essentia;
2784 5164 3074 5232 convenit,
3112 5163 3327 5221 idcirco
3384 5165 3455 5222 ad
3516 5163 3706 5221 homi-

2050 5275 2183 5314 nem
2216 5258 2528 5330 trajicitur.

2121 5348 2254 5404 Tria
2284 5348 2430 5404 enim
2450 5347 2688 5404 nomina
2734 5347 2897 5420 ponit
2946 5347 3295 5415 Eunomius,
3331 5345 3543 5418 majus,
3574 5362 3708 5401 cau-

2060 5453 2205 5507 sam,
2238 5441 2293 5494 et
2324 5439 2829 5509 naturam.ltaque
2852 5439 3048 5508 majus
3105 5437 3173 5492 de
3229 5452 3428 5503 causa,
3468 5439 3526 5490 et
3573 5451 3710 5490 cau-

2054 5544 2180 5584 sam
2215 5527 2286 5583 de
2314 5530 2528 5585 natura
2552 5527 2866 5600 praedicat:
2898 5532 3068 5598 atque
3103 5525 3241 5583 hinc
3261 5524 3552 5583 existimat
3584 5541 3714 5581 ma-
