4054 6386
431 401 582 474 Mil

426 637 500 694 ad
523 637 722 710 prima:
753 634 954 706 figurae
981 631 1368 704 proscriptum
1406 629 1572 683 facta.
1613 625 1894 682 Czeterum
1957 640 2073 680 non

429 727 630 783 omnia
659 738 1044 797 quaecumque
1101 717 1170 775 de
1229 717 1427 790 aliquo
1484 717 1780 784 dicuntur,
1815 731 1884 768 ea
1912 714 1980 767 de
2009 729 2074 768 eo

427 829 660 886 quoque
693 811 988 874 dicuntur,
1018 803 1172 880 quod
1201 806 1251 862 ei
1285 803 1616 875 subjectum
1650 807 1755 870 est,
1789 807 1847 856 at
1903 799 1950 854 si
1983 815 2076 886 esa-

423 885 692 956 scutialia
713 914 814 954 seu
839 895 1110 969 specifica
1162 891 1399 960 fuerint,
1432 907 1498 948 ea
1558 895 1710 948 certe
1769 885 2074 960 praedicari

429 994 486 1045 et
516 987 703 1060 trajici
744 991 1008 1058 possunt,
1063 985 1113 1040 si
1161 999 1295 1038 vero
1355 980 1608 1038 ascititia
1659 983 1717 1034 et
1755 978 1868 1034 alio
1900 993 2072 1034 sensu

421 1077 596 1144 dicta,
629 1073 775 1132 nihil
806 1077 889 1131 eis
921 1086 1234 1130 commune
1267 1087 1399 1128 cum
1461 1069 1576 1126 sibi
1631 1067 1912 1140 subjectis
1943 1065 2074 1122 erit.

418 1168 562 1232 Quia
593 1183 726 1236 ergo
761 1166 952 1236 majus
987 1180 1218 1236 quoque
1253 1161 1401 1217 nihil
1433 1159 1504 1216 ad
1537 1175 1776 1217 causam
1831 1155 2074 1224 confert,

426 1260 489 1312 ut
519 1255 616 1324 sit,
649 1256 752 1311 sed
809 1253 987 1310 dictio
1046 1252 1332 1325 quaepiam
1393 1257 1500 1317 est,
1557 1264 1685 1321 quae
1743 1247 1796 1302 ei
1852 1262 1916 1301 ex
1950 1243 2078 1317 opi-

422 1345 595 1402 nione
629 1345 956 1416 adoptatur,
1015 1357 1080 1398 eo
1141 1342 1226 1408 ﬁt,
1290 1343 1352 1396 ut
1408 1340 1476 1394 ad
1521 1337 1834 1394 dictionem
1871 1339 2078 1390 natura

425 1452 540 1492 non
574 1437 854 1490 transeat.
901 1437 1043 1487 Nam
1098 1430 1240 1504 quid
1300 1431 1514 1498 obstat,
1550 1432 1615 1484 ut
1663 1427 1832 1483 Pater
1861 1425 2074 1495 Grego-

419 1523 542 1581 rius
574 1523 786 1595 inquit,
821 1521 1137 1594 quominus
1167 1537 1272 1592 ego
1306 1533 1542 1590 quoque
1571 1513 1918 1588 hujusmodi
1943 1529 2076 1585 pro-

419 1613 708 1686 positione
739 1612 910 1678 facta,
972 1609 1254 1666 nimirum
1317 1608 1472 1680 quod
1531 1610 1744 1662 natura
1799 1607 1910 1671 est,
1960 1619 2076 1658 non

421 1704 659 1760 omnino
719 1701 910 1772 majus
969 1701 1078 1766 est,
1139 1713 1327 1769 neque
1377 1700 1566 1763 Pater,
1615 1691 1752 1749 inde
1811 1691 2078 1760 colligam

421 1791 614 1862 majus
645 1807 766 1846 non
815 1788 1055 1844 omnino
1119 1787 1312 1858 majus
1373 1785 1545 1841 esse?
1573 1783 1662 1840 vel
1707 1783 1926 1838 Patrem
1959 1795 2076 1836 non

1755 385 2068 462 Nicena
2109 381 2539 459 CHUNIA'WE

427 547 621 618 majus
653 545 723 602 de
755 545 966 600 natura
997 556 1232 614 quoque
1262 536 1647 612 praedicaris:
1669 531 2079 591 consecutione
2109 516 2168 601 Α

3675 378 3812 452 tua

2818 521 2978 582 CAP.
3037 519 3236 582 XLIX.

2187 638 2456 708 Captiosae
2507 635 2928 706 argumentalis,
2973 634 3059 708 Aab
3115 649 3177 688 ea
3245 631 3435 708 ducta
3513 633 3645 708 quod
3697 650 3802 689 cum

2251 704 2361 765 loci
2389 704 2705 781 adjectione
2739 710 2790 762 et
2820 705 3157 781 simpliciter
3219 704 3430 760 dicitur
3483 704 3797 777 explanatio,

2249 797 2364 837 una
2391 777 2516 837 cu'm
2544 778 2728 834 variis
2757 781 2976 834 sortita:
3004 777 3201 832 modis.

2258 887 2575 944 Sciendum
2611 902 2782 959 porro
2806 887 2892 941 est
2923 883 3202 941 tredecim
3237 879 3806 959 fallaces’argumen-

2184 978 2434 1034 lationes
2468 975 2639 1034 nobis
2671 976 2728 1031 in
2786 973 2953 1030 libris
3013 977 3093 1030 De
3153 971 3692 1046 reprehensionibus
3730 991 3809 1030 so.

2184 1066 2514 1140 phistarum
2535 1083 2568 1122 a
2591 1063 2944 1136 Philosophe
2965 1063 3113 1120 tradi
3139 1079 3152 1118 :
3179 1080 3431 1136 quarum
3451 1079 3551 1120 sex
3572 1067 3812 1136 suntquae

2183 1161 2388 1228 praeter
2437 1154 2711 1211 dictionis
2765 1153 3264 1226 significationem
3336 1153 3508 1220 ﬁunt,
3561 1153 3808 1210 nimirum

2185 1263 2313 1318 qum
2337 1246 2408 1302 ab
2428 1244 2809 1317 homonymia
2831 1260 2934 1299 seu
2959 1241 3224 1300 vocabuli
3251 1241 3810 1315 multiplicitate,qu:s

2185 1335 2260 1391 ab
2287 1333 2673 1407 amphibolia,
2724 1349 2822 1390 seu
2885 1331 3164 1404 ambigua
3216 1331 3494 1388 dictionis
3549 1332 3812 1404 signiﬁca-

2184 1426 2362 1495 tione,
2398 1441 2526 1496 qute
2558 1442 2592 1480 a
2623 1423 3065 1495 conjunctione,
3099 1439 3232 1495 quae
3292 1429 3325 1478 a
3377 1421 3676 1492 divisione,
3705 1437 3810 1495 quas

2182 1517 2254 1571 ab
2285 1519 2633 1584 accentu,ct
2681 1531 2812 1588 quas
2869 1531 2904 1570 a
2963 1514 3152 1570 forma
3211 1512 3490 1570 dictiOnis
3535 1517 3808 1570 eruuntur.

2187 1604 2466 1660 Praeterea
2511 1609 2758 1677 septem,
2791 1621 2917 1676 quae
2978 1605 3188 1675 praeter
3245 1619 3442 1659 rerum
3503 1600 3818 1659 sententiam

2186 1695 2584 1769 proferuntur,
2622 1709 2867 1766 quarum
2927 1707 2998 1749 ne
3055 1699 3292 1748 caeteras
3330 1707 3686 1761 enumerem,
3716 1708 3813 1746 una

2185 1801 2253 1841 ex
2273 1801 2338 1841 eo
2363 1783 2598 1854 dicitur,
2632 1784 2787 1856 quod
2814 1799 2946 1839 cum
2969 1782 3080 1838 loci
3103 1781 3430 1855 adjectione
3453 1785 3511 1838 et
3555 1780 3815 1854 simplici-

423 1880 664 1938 omnino
696 1881 927 1934 Patrem
949 1876 978 1933 τ
1005 1876 1164 1942 Quod
1201 1875 1251 1930 si
1279 1874 1362 1930 ita
1389 1871 1554 1966 velis,
1588 1872 1744 1928 Deus
1801 1871 2075 1966 substan:
2107 1899 2153 1966 Β
2188 1879 2270 1930 ter
2292 1873 2523 1943 dicitur,
2550 1873 2660 1929 hoc
2685 1875 2774 1929 est
2807 1889 2876 1928 ex
2899 1871 3239 1945 particulari
3262 1891 3276 1941 ;
3301 1889 3436 1928 nam
3464 1871 3521 1928 id
3551 1877 3654 1942 est,
3683 1871 3814 1942 quod

418 1971 499 2025 tia
529 1975 637 2040 est,
671 1968 1006 2025 substantia
1034 1983 1168 2024 vero
1214 1983 1329 2022 non
1364 1964 1601 2021 omnino
1633 1967 1806 2030 Deus,
1835 1966 1898 2018 tu
1919 1959 2072 2033 quod

417 2058 688 2132 sequitur
710 2059 833 2130 ipse
855 2056 1135 2130 colligite.
1155 2059 1300 2128 Ergo
1324 2055 1476 2110 Deus
1500 2053 1740 2110 omnino
1765 2054 1856 2108 est
1895 2051 2071 2107 Deus.

1024 2205 1176 2262 CAP.
1212 2201 1457 2259 XLVIII.

414 2323 648 2380 Εννονὶε
681 2323 943 2378 Eunomii
970 2324 1152 2390 origo,
1179 2321 1348 2376 altius
1401 2319 1637 2390 repetita
1691 2333 1760 2374 ea:
1789 2315 2076 2390 Aristotele

476 2398 542 2452 in
573 2396 732 2450 libris
774 2399 852 2467 De
883 2387 1316 2467 reprehensione
1343 2387 1715 2467 sophistarum
1751 2387 2074 2467 {nimirum

476 2468 546 2550 at)
568 2483 630 2522 eo
656 2466 797 2540 quod
825 2459 958 2522 cuni
1011 2467 1116 2523 laci
1170 2459 1478 2537 adjectione
1533 2466 1585 2520 et
1632 2459 1961 2534 simpliciter
1985 2459 2070 2515 di-

476 2550 646 2596 cuur.

485 2689 560 2744 At
579 2705 712 2744 vero
733 2687 994 2760 captiosa
1014 2685 1136 2742 haec
1183 2683 1612 2758 argumentatio
1664 2699 1734 2739 ex
1781 2698 1844 2738 eo
1893 2679 2072 2736 ducta

418 2781 530 2845 est,
561 2777 719 2850 quod
769 2795 901 2834 cum
950 2775 1062 2832 loci
1103 2776 1426 2847 adjectione
1467 2781 1520 2831 et
1551 2771 1897 2844 simpliciter
1927 2769 2068 2826 dici-

419 2869 534 2924 tur.
565 2868 708 2923 Cum
741 2865 896 2923 enim
958 2863 1150 2935 majus
1208 2881 1397 2922 cauete
1451 2866 1660 2919 natura
1709 2860 2068 2929 dederimus,

417 2953 516 3013 isti
547 2961 754 3013 natura
790 2956 983 3027 majus
1015 2955 1297 3024 inferunt,
1333 2970 1398 3010 ac
1431 2953 1479 3008 si
1512 2951 1841 3008 dicentibus
1901 2949 2069 3006 nobis

413 3044 668 3118 aliquem
704 3045 998 3104 hominem
1033 3051 1323 3102 mortuum
1359 3059 1510 3113 esse,
1569 3043 1666 3098 isti
1722 3037 2072 3114 simpliciter

416 3134 715 3192 hominem
747 3135 1050 3192 inferrent.
1084 3133 1228 3190 Nam
1283 3149 1416 3189 cum
1457 3129 1778 3187 Eunomius
1807 3127 2066 3184 insolen-

415 3225 556 3294 tius,
592 3229 656 3280 ut
686 3242 791 3298 par
814 3227 924 3294 est,
952 3241 1010 3280 se
1050 3223 1298 3290 efferret,
1358 3221 1432 3278 ob
1492 3219 1637 3276 tanti
1684 3217 2068 3290 sophismatis

417 3313 836 3383 inventionem,
869 3315 1209 3385 putaretque
1239 3327 1300 3367 se
1331 3309 1596 3367 cassibus
1645 3307 1770 3364 suis
1823 3307 2066 3363 catholi-

413 3417 514 3458 cos
543 3400 842 3457 homousii
919 3400 1278 3472 professores
1355 3399 1658 3467 irretiisse,
1703 3397 1892 3453 multa
1966 3395 2072 3452 hu-

403 3487 669 3561 jusmodi
727 3505 792 3544 ex
846 3492 1120 3562 promptu
1175 3487 1234 3544 in
1313 3504 1448 3544 eum
1527 3487 1824 3560 retorquet
1895 3503 2071 3559 argu-

415 3582 611 3634 menta
641 3581 812 3635 Pater
840 3577 938 3634 ille
970 3563 1305 3652 Gregorius,
1340 3578 1584 3650 ejusque
1649 3577 1875 3634 ludicra
1913 3575 2070 3632 ludi-

411 3668 572 3726 ﬁcat.

488 3759 598 3829 Ego
623 3759 774 3816 enim
810 3777 1066 3832 quoque,
1097 3757 1308 3832 inquit,
1341 3774 1372 3817 ο
1430 3758 1697 3830 Eunomi,
1723 3755 2069 3830 hujusmodi

415 3847 782 3920 sophismata
809 3849 914 3904 tibi
947 3850 1282 3906 obtrudam.
1343 3847 1851 3914 Quemadmodum
1903 3847 2071 3903 Pater

414 3941 624 3994 natura
656 3938 850 4010 majus
881 3945 990 4010 est,
1025 3943 1090 3994 ut
1123 3942 1223 3996 tua
1255 3939 1363 3995 fert
1415 3938 1634 4011 opinio,
1667 3939 1726 3994 et
1773 3937 1922 4006 quod
1962 3953 2063 3993 na-

413 4029 544 4084 tura
573 4032 664 4084 est
693 4029 809 4084 non
841 4029 1078 4086 omnino
1111 4029 1303 4100 majus
1331 4030 1437 4100 est,
1473 4029 1610 4084 inde
1669 4026 2066 4098 consequitur,

413 4121 608 4193 majus
641 4138 754 4176 non
787 4121 1025 4177 omnino
1058 4121 1249 4191 majus
1281 4135 1430 4188 esse,
1462 4119 1550 4174 vel
1583 4119 1690 4174 hoc
1728 4122 1917 4190 pacto.
1952 4116 2064 4172 Pa-

417 4209 504 4267 ter
533 4215 745 4268 natura
775 4211 964 4283 major
1017 4215 1128 4282 est,
1189 4213 1255 4266 ut
1309 4208 1554 4266 dixisti:
1616 4207 1808 4278 majus
1867 4207 2064 4263 autem

413 4319 529 4358 non
563 4300 802 4358 omnino
833 4301 1020 4356 Pater.
1087 4298 1251 4354 Unde
1315 4297 1614 4370 colligitur
1669 4297 1898 4353 Patrem
1948 4299 2064 4352 non

413 4389 652 4446 omnino
678 4386 899 4446 Patrem
933 4405 1082 4446 esse.
1117 4387 1263 4445 Item
1290 4385 1400 4444 hoc
1425 4388 1596 4444 modo
1621 4405 1634 4442 :
1658 4391 1813 4444 Deus
1861 4401 2065 4442 essen-

409 4478 490 4536 tia
519 4479 629 4546 est,
667 4481 728 4535 at
785 4479 1041 4535 essentia
1093 4495 1210 4534 non
1266 4478 1505 4534 omnino
1555 4475 1709 4533 Deus
1766 4481 1877 4544 est,
1927 4493 2064 4548 ergo

408 4569 560 4627 Deus
589 4585 705 4626 non
763 4567 1002 4626 omnino
1051 4567 1208 4624 Deus
1265 4571 1374 4624 est.
1436 4567 1578 4622 Nam
1641 4566 1689 4622 si
1725 4563 1873 4622 hanc
1904 4569 2063 4622 tuam

2183 1981 2314 2020 cum
2339 1962 2447 2018 loci
2493 1963 2822 2034 adjectione
2853 1962 3087 2027 dicitur,
3120 1966 3176 2016 et
3223 1978 3288 2017 ex
3321 1961 3672 2030 universali;
3700 1975 3814 2015 nam

2179 2047 2238 2109 id
2271 2057 2361 2109 est
2391 2061 2545 2126 quod
2578 2050 2925 2124 simpliciter
2978 2051 3214 2107 dicitur.
3274 2053 3354 2106 Ex
3411 2067 3529 2124 quo
3562 2051 3644 2121 tit,
3677 2055 3734 2105 ut
3759 2065 3814 2104 ea

2180 2159 2308 2216 quas
2367 2159 2502 2200 cum
2559 2141 2670 2198 loci
2729 2141 3054 2212 adjectione
3124 2141 3420 2211 dicuntur,
3481 2138 3812 2212 conjunctim

2179 2232 2748 2305 enuntientur;quae
2779 2233 2934 2289 enim
2970 2235 3411 2306 componuntur
3463 2229 3812 2304 particularia

2179 2324 2350 2390 fiunt,
2384 2340 2513 2396 quas
2545 2327 2737 2378 autem
2772 2321 3118 2394 simpliciter
3165 2322 3464 2393 dicuntur,
3498 2319 3810 2392 disjunctim

2179 2413 2582 2486 proferuntur.
2619 2412 2677 2468 Si
2721 2409 2856 2486 quis
2887 2427 3023 2484 ergo
3056 2427 3183 2484 qua:
3209 2427 3344 2466 cum
3396 2410 3510 2466 loci
3569 2414 3663 2466 aut
3691 2411 3812 2465 tem-

2180 2502 2338 2574 poris
2372 2501 2698 2574 adjectione
2730 2501 3029 2569 dicuntur,
3064 2517 3134 2556 ea
3164 2499 3514 2572 simpliciter
3534 2506 3587 2556 et
3610 2499 3812 2570 disjun-

2179 2593 2315 2648 etim
2349 2589 2684 2665 proferat,is
2705 2595 2830 2647 tota
2851 2591 3080 2646 aberrat
3132 2589 3244 2660 via,
3279 2594 3343 2645 ut
3401 2588 3448 2646 si
3504 2589 3636 2662 quis
3689 2587 3806 2644 hinc

2179 2681 2414 2752 colligat
2439 2681 2495 2737 id
2527 2697 2657 2738 esse
2687 2680 2842 2752 quod
2880 2697 2992 2736 non
3023 2683 3132 2736 cst.

2249 2772 2396 2838 Quia
2425 2771 2580 2826 enim
2614 2768 2775 2826 Plato
2810 2769 2976 2840 dixit,
3009 2769 3162 2841 quod
3218 2786 3335 2825 non
3393 2772 3508 2840 est,
3539 2768 3596 2825 id
3625 2767 3806 2841 opina-

2173 2861 2295 2920 bile
2323 2878 2455 2918 esse
2485 2861 2800 2936 (siquidem
2831 2859 2902 2916 de
2933 2877 2998 2916 eo
3026 2859 3357 2931 opinamur,
3391 2876 3509 2916 non
3543 2858 3701 2931 quasi
3729 2856 3814 2923 sit,

2177 2955 2278 3010 sed
2315 2951 2484 3025 quasi
2516 2969 2632 3007 non
2665 2949 2788 3024 sit),
2823 2949 2959 3007 inde
2989 2949 3232 3022 quidam
3292 2949 3520 3022 opinati
3579 2949 3729 3017 sunt,
3763 2943 3813 3000 id

2177 3059 2306 3100 esse
2339 3041 2492 3114 quod
2530 3057 2646 3096 non
2680 3048 2786 3097 est.

2247 3131 2391 3188 Nam
2425 3129 2475 3186 si
2507 3129 2770 3198 verbum,
2805 3127 2927 3197 Est,
2960 3127 3259 3200 inquiunt,
3321 3129 3392 3185 de
3443 3145 3514 3185 eo
3564 3126 3812 3202 praedica-

2171 3215 2302 3290 tur,
2334 3219 2488 3292 quod
2521 3218 2580 3274 in
2613 3217 2885 3290 Opinione
2917 3227 3002 3274 est
3059 3219 3336 3290 (dicimus
3367 3218 3530 3276 enim
3562 3235 3575 3275 :
3611 3219 3669 3274 1n
3715 3215 3815 3286 opi-

2182 3307 2662 3382 nioneest),quod
2696 3313 2890 3364 autem
2916 3308 2973 3363 in
3008 3307 3280 3379 Opinione
3309 3313 3420 3377 est,
3453 3311 3528 3364 de
3567 3326 3630 3364 eo
3677 3303 3812 3380 quod

2177 3417 2291 3456 non
2325 3404 2412 3454 est
2439 3399 2759 3470 pmdicatur
2784 3415 2798 3466 ;
2823 3414 2958 3470 ergo
2988 3397 3737 3469 verbum,Est,pra2dicatur
3753 3396 3812 3450 de

2176 3505 2241 3544 eo
2282 3489 2436 3560 quod
2471 3503 2584 3542 non
2617 3489 2725 3554 est,
2758 3485 2840 3540 ita
2863 3489 2927 3542 ut
2979 3485 3114 3542 inde
3138 3491 3561 3559 consequatur,
3593 3488 3648 3542 id
3702 3498 3808 3540 esse

2175 3580 2328 3650 quod
2364 3595 2477 3633 non
2511 3580 2618 3633 est.
2650 3575 2735 3632 Tu
2791 3593 2926 3632 vero
2961 3575 3220 3645 adverte,
3252 3578 3552 3648 quomodo
3603 3577 3817 3632 aberra-

2175 3671 2314 3722 runt
2341 3665 2400 3722 in
2425 3683 2492 3722 eo
2523 3665 2672 3736 quod
2699 3681 2830 3721 cum
2857 3663 2966 3721 loci
2997 3663 3322 3736 adjectione
3382 3673 3436 3721 et
3495 3663 3817 3738 simpliciter

2175 3753 2544 3814 dicitur.Heec
2567 3757 2720 3811 enim
2751 3753 3106 3826 propositio:
3167 3753 3228 3810 Id
3265 3755 3421 3826 quod
3465 3772 3586 3812 non
3633 3757 3734 3821 est,
3765 3752 3815 3806 in

2172 3847 2446 3918 Opinione
2487 3861 2634 3916 esse,
2663 3859 2731 3900 ex
2759 3861 2825 3900 eo
2857 3843 3111 3911 ducitur,
3171 3844 3328 3916 quod
3387 3861 3525 3900 cum
3585 3843 3690 3900 loci
3733 3839 3818 3896 ad-

2167 3937 2422 4008 jectione
2449 3933 2683 3990 dicitur.
2719 3933 2780 3989 Id
2840 3937 3034 3990 autem
3095 3933 3250 4006 quod
3309 3939 3419 4007 est,
3481 3931 3812 4006 simpliciter

2172 4032 2278 4084 est.
2311 4025 2458 4082 Fieri
2495 4041 2628 4095 ergo
2659 4040 2775 4080 non
2806 4027 3017 4096 potest,
3050 4027 3113 4078 ut
3143 4023 3201 4078 id
3236 4023 3314 4080 sit
3342 4025 3498 4096 quod
3558 4041 3670 4080 non
3718 4023 3812 4086 est,

2173 4117 2312 4189 quia
2343 4116 2402 4172 in
2434 4115 2709 4186 opinione
2742 4116 2846 4170 est.
2882 4117 3166 4170 Ceterum
3226 4118 3378 4185 quod
3414 4113 3547 4171 dico
3580 4111 3818 4185 apertius

2171 4208 2253 4263 ita
2282 4202 2711 4277 explanabitur.

2241 4295 2502 4366 IEtbiops
2530 4291 2699 4350 albus
2759 4292 3033 4348 dentibus
3085 4296 3198 4361 est,
3255 4291 3366 4348 hoc
3404 4309 3544 4350 cum
3586 4291 3694 4350 loci
3725 4289 3818 4348 ad-

2161 4383 2420 4456 jectione
2471 4381 2726 4437 dicitur:
2776 4395 2912 4436 nam
2960 4379 3020 4435 in
3079 4385 3242 4452 parte
3302 4379 3570 4436 albescit.
3620 4380 3744 4436 Jam
3774 4375 3817 4432 si

2171 4471 2302 4544 quis
2334 4469 2472 4526 hinc
2504 4468 2850 4542 simpliciter
2905 4483 3039 4524 eum
3099 4468 3298 4525 album
3329 4483 3458 4525 esse
3504 4469 3737 4536 inferat,
3767 4466 3818 4520 in

2172 4580 2239 4620 eo
2274 4565 2528 4631 aberrat,
2557 4563 2713 4634 quod
2747 4577 2882 4616 cum
2939 4557 3050 4616 loci
3107 4559 3436 4631 adjectione
3495 4564 3554 4616 et
3605 4555 3817 4630 simpli-

403 4659 868 4733 propositionem
893 4675 906 4714 :
929 4657 1100 4714 Pater
1122 4661 1332 4712 natura
1354 4655 1541 4728 major
1576 4661 1682 4725 est,
1710 4673 1905 4712 veram
1937 4672 2064 4713 esse
2096 4641 2141 4704 Ι)
2175 4654 2316 4711 citer
2345 4651 2582 4708 dicitur.

404 4748 1045 4815 concesserimus,vera
1073 4745 1182 4802 erit
1212 4750 1268 4802 et
1297 4745 1420 4802 haec
1447 4761 1460 4812 ;
1495 4745 1653 4818 quod
1714 4752 1907 4802 autem
1960 4761 2064 4800 na-

404 4841 536 4892 tura
563 4841 672 4905 est,
703 4854 818 4894 non
859 4835 1096 4893 omnino
1129 4835 1322 4906 majus
1353 4837 1458 4891 est.
1517 4833 1642 4890 Non
1705 4833 1860 4890 enim
1895 4833 2066 4904 quid-

407 4923 546 4996 quid
582 4933 788 4980 natura
821 4929 926 4993 est,
959 4923 1070 4980 hoc
1103 4925 1292 4994 majus
1317 4921 1492 4979 etiam
1524 4925 1632 4978 est.

481 5011 700 5068 Natura
731 5013 887 5068 enim
936 5017 994 5070 et
1050 5011 1209 5068 illius
1263 5011 1334 5067 ad
1395 5015 1643 5085 patrem,
1677 5009 1733 5067 et
1783 5023 1964 5084 nepos
1995 5011 2066 5068 ad

416 5101 617 5173 avum,
641 5104 697 5158 et
722 5101 1056 5159 consobrini
1077 5098 1233 5158 ﬁlius
1257 5099 1327 5158 ad
1354 5103 1653 5173 patruum,
1685 5100 2017 5157 referuntur
2051 5118 2064 5170 ;

413 5189 490 5248 iis
519 5191 720 5246 tamen
753 5190 824 5246 ad
854 5207 1002 5262 quos
1060 5191 1394 5247 referuntur
1452 5189 1706 5262 majores
1755 5203 1871 5246 non
1907 5193 2064 5246 sunt.

407 5279 464 5336 Si
494 5297 632 5354 ergo
667 5279 833 5338 Pater
856 5286 1070 5338 natura
1101 5281 1288 5352 major
1317 5286 1424 5338 est.
1455 5285 1515 5336 ut
1545 5279 1654 5348 ais,
1687 5283 1744 5337 et
1773 5281 1928 5352 quod
1963 5297 2066 5338 na-

409 5373 546 5424 tura
574 5373 666 5425 est
697 5386 812 5426 non
844 5367 1086 5425 omnino
1119 5369 1312 5440 majus
1343 5371 1453 5439 est,
1507 5368 1824 5442 continget,
1873 5371 2068 5440 majus

409 5472 523 5514 non
557 5459 798 5516 omnino
831 5459 1026 5530 majus
1059 5471 1210 5525 esse,
1243 5461 1418 5530 atque
1475 5459 1556 5515 ita
1601 5464 1940 5518 creterorum
1972 5479 2068 5518 so-

410 5546 740 5620 phistarum
789 5545 996 5604 modus
1047 5543 1415 5602 dissolvetur.
1470 5548 1756 5606 Craterum
1817 5551 2070 5608 arbitror

403 5634 555 5692 hanc
581 5635 912 5706 captionem
936 5653 1002 5692 ex
1034 5650 1101 5690 eo
1130 5633 1368 5690 ductam
1400 5653 1547 5708 esse,
1581 5639 1737 5710 quod
1789 5655 1920 5696 cum
1957 5638 2068 5697 loci

403 5723 734 5795 adjectione
763 5730 821 5784 et
851 5723 1203 5801 simpliciter
1223 5725 1456 5785 dicitur.

2247 4743 2367 4816 Age
2396 4757 2552 4808 vero,
2587 4743 3122 4796 commonstremus
3148 4737 3206 4795 id
3241 4743 3356 4796 uno
3383 4739 3585 4813 aliquo
3635 4735 3821 4811 suphi-

2178 4839 2388 4902 smate,
2420 4832 2591 4905 quale
2613 4831 2720 4888 hoc
2743 4835 2832 4888 est
2857 4848 2876 4888 :
2899 4830 3053 4889 Deus
3075 4831 3333 4888 essentia
3354 4836 3464 4898 est,
3496 4846 3636 4888 vera
3657 4827 3824 4888 oratio

2176 4928 2287 4994 est,
2317 4923 2456 4996 quia
2485 4938 2618 4978 cum
2651 4919 2760 4978 loci
2794 4919 3120 4992 adjectione
3153 4920 3405 4990 dicitur;
3469 4927 3525 4978 at
3585 4917 3827 4977 essentia

2177 5032 2294 5071 non
2327 5010 2566 5070 omnino
2599 5009 2754 5066 Deus
2794 5011 2905 5078 est,
2962 5011 3020 5066 et
3075 5005 3185 5066 hoc
3239 5009 3414 5066 modo
3471 5023 3614 5067 vera
3659 5005 3826 5066 oratio

2177 5108 2288 5173 est,
2349 5101 2488 5174 quia
2546 5097 2895 5170 simpliciter
2953 5098 3185 5168 dicitur,
3233 5113 3346 5154 non
3405 5097 3564 5154 enim
3647 5092 3826 5154 omnis

2177 5190 2513 5250 substantia
2533 5189 2690 5245 Deus
2713 5191 2823 5244 est.
2863 5185 3072 5244 Totum
3125 5191 3313 5244 autem
3359 5187 3826 5261 sicomponatur,

2177 5284 2437 5358 captiosa
2468 5281 2576 5338 erit
2609 5280 3062 5352 argumentatio,
3087 5295 3155 5336 ex
3203 5278 3276 5335 iis
3330 5280 3679 5352 composita,
3711 5289 3828 5350 quae

2177 5391 2311 5434 cum
2344 5375 2468 5430 loco
2501 5371 2825 5442 adjectione
2857 5371 2912 5424 et
2942 5369 3292 5442 simpliciter
3321 5370 3622 5427 dicuntur.

2251 5461 2600 5534 llujusmodi
2624 5471 2760 5531 ergo
2786 5457 3056 5515 Eunomii
3081 5465 3494 5531 argumentum
3520 5475 3655 5515 esse
3672 5459 3800 5514 Pate

2177 5552 2496 5626 Gregorius
2515 5549 2614 5606 ait.
2649 5553 2792 5604 Cum
2839 5547 2991 5604 enim
3012 5546 3320 5604 orthodoxi
3371 5548 3570 5604 dicant
3613 5550 3830 5604 Patrem

2179 5644 2326 5700 Filio
2357 5640 2640 5712 majorem
2675 5653 2825 5706 esse,
2859 5643 3080 5694 naturae
3121 5655 3334 5707 caussa,
3383 5638 3539 5710 quod
3603 5637 3832 5712 quidem

2177 5735 2234 5792 id
2251 5741 2342 5794 est
2365 5730 2520 5806 quod
2546 5745 2677 5788 cum
2700 5727 2813 5788 loci
2833 5729 3162 5801 adjectione
3183 5729 3422 5798 dicitur,
3455 5730 3584 5801 conj
3595 5731 3830 5786 unctum
