4054 6382
283 420 448 482 1413

282 642 387 711 jus
420 648 628 696 natura
660 642 961 713 colligunt,
995 658 1062 697 ex
1091 659 1155 697 eo
1189 641 1346 713 quod
1403 657 1535 697 cum
1592 641 1703 698 loci
1757 642 1944 713 adjec-

289 733 449 787 tione
482 733 714 799 dicitur,
752 731 811 786 id
843 733 1162 788 ei’licienles
1194 733 1344 802 quod
1380 732 1727 804 simpliciter
1757 750 1941 788 enun-

287 823 489 888 tiatur,
522 822 1019 892 quemadmodum
1050 821 1123 888 si,
1156 821 1378 888 aitille,
1412 822 1741 878 dicentibus
1772 823 1942 879 nobis

292 911 605 983 quemdam
640 911 935 967 hominem
970 915 1268 968 mortuum
1326 930 1476 978 esse,
1528 911 1612 967 illi
1662 910 1941 983 simplici-

288 1009 379 1057 ter
412 1002 710 1056 hominem
773 1006 1068 1059 mortuum
1128 1019 1255 1059 esse
1313 1004 1611 1058 inferrent.
1645 1004 1788 1058 Item
1820 1002 1942 1058 haec

290 1092 475 1147 oratio
511 1107 523 1147 :
559 1090 823 1147 Mortuus
856 1092 1031 1148 homo
1063 1109 1177 1147 non
1211 1093 1477 1164 respirat,
1502 1109 1571 1147 ex
1592 1108 1658 1146 eo
1681 1092 1938 1158 ducitur,

293 1182 450 1251 quod
483 1197 613 1237 cum
647 1181 757 1237 loci
790 1182 1113 1251 adiectione
1144 1181 1378 1252 dicitur,
1433 1187 1637 1254 estque
1692 1183 1943 1255 particu-

286 1268 453 1326 laris.

359 1398 418 1453 Si
449 1414 584 1468 ergo
618 1398 699 1453 ita
729 1399 959 1469 dixerit,
990 1403 1405 1470 mortuumque
1458 1398 1675 1470 aliquis
1733 1399 1945 1455 distra-

287 1486 411 1553 hat,
446 1495 502 1541 et
533 1488 827 1543 hominem
863 1504 975 1542 non
1011 1489 1296 1559 respirare
1346 1489 1518 1557 dicat,
1550 1505 1616 1543 ex
1674 1505 1740 1543 eo
1784 1488 1939 1559 quod

287 1593 424 1631 cum
460 1576 569 1632 loci
600 1577 923 1646 adjeclione
953 1576 1191 1648 dicitur,
1225 1578 1284 1631 id
1343 1577 1534 1632 eii‘ecit
1593 1580 1747 1649 qubd
1807 1578 1945 1633 sim-

284 1665 518 1739 pliciter
556 1670 914 1721 enuntiatur.

358 1782 863 1848 Quemadmodum
898 1781 945 1837 si
964 1782 1188 1838 dicente
1208 1782 1400 1856 aliquo
1429 1782 1623 1837 :ZErea
1645 1782 1810 1838 navis
1829 1800 1943 1838 non

284 1873 543 1943 navigat,
574 1872 729 1927 aliud
758 1872 891 1926 inde
924 1889 1129 1927 navem
1192 1890 1307 1927 non
1363 1872 1635 1943 navigare
1682 1872 1942 1944 colligat,
1978 1916 1987 1944 ε

281 1980 414 2035 quae
446 1962 632 2016 oratio
663 1978 730 2016 ex
762 1980 825 2016 eo
847 1962 1084 2015 ducitur
1106 1962 1259 2033 quod
1288 1977 1419 2016 cum
1464 1960 1572 2015 loci
1618 1961 1940 2031 adjeclione
1974 1933 2019 1997 Β

280 2057 341 2107 et
372 2049 720 2122 simpliciter
752 2050 984 2105 dicitur.
1019 2053 1159 2106 Item
1192 2050 1242 2105 si
1301 2050 1497 2105 dixero
1547 2049 1934 2105 adullerinam

281 2142 627 2196 drachmam
664 2158 777 2195 non
811 2140 1155 2212 permutari,
1187 2144 1245 2194 tu
1280 2139 1621 2195 drachmam
1652 2138 1938 2211 simplici-

283 2236 376 2285 ter
409 2247 523 2286 non
583 2228 902 2300 perniutari
959 2229 1297 2295 concludas,
1360 2246 1452 2284 me
1511 2229 1737 2283 deludis
1773 2246 1842 2284 ex
1872 2244 1937 2284 eo

283 2320 442 2392 quod
478 2337 610 2373 eum
643 2318 755 2375 loci
785 2320 1107 2388 adiectione
1139 2323 1195 2374 et
1227 2318 1572 2390 simpliciter
1603 2318 1837 2374 dicitur.

355 2409 709 2479 Hujusmodi
743 2413 882 2464 sunt
941 2408 1212 2479 captiosae
1265 2409 1587 2464 Stoicorum
1621 2425 1936 2481 argumen-

277 2500 554 2568 tationes,
615 2498 847 2567 sorites,
917 2503 1197 2554 cernulus
1282 2497 1682 2570 syllogismus,
1760 2497 1936 2553 domi-

283 2606 460 2656 nans,
493 2594 547 2643 et
580 2587 702 2642 aliae
731 2587 1054 2660 permultae,
1090 2588 1305 2659 quibus
1338 2587 1422 2643 illi
1480 2588 1710 2661 propria
1742 2588 1939 2660 impo-

276 2696 453 2736 suere
486 2679 742 2734 nomina.

357 2796 505 2861 Quia
535 2796 691 2851 enim
727 2813 1014 2853 cornuum
1050 2796 1403 2852 mentionem
1436 2796 1494 2850 in
1529 2797 1939 2868 propmitioni-

278 2887 398 2942 bus
432 2888 556 2941 suis
587 2886 855 2957 sephista
913 2888 1145 2953 iecerat,
1206 2892 1270 2941 ut
1300 2903 1319 2941 :
1377 2887 1434 2940 Si
1481 2902 1704 2943 cornua
1734 2887 1937 2956 habes,

277 2976 533 3048 pulchra
563 2992 797 3048 quoque
827 2992 1051 3032 cornua
1081 2976 1256 3031 habes
1284 2993 1296 3031 :
1324 2976 1461 3031 item
1487 2992 1499 3030 :
1521 2977 1573 3031 Si
1608 2976 1941 3032 dominabi—

280 3071 386 3122 tur
417 3064 589 3134 Diou,
621 3074 771 3121 certe
803 3065 1201 3121 dominabitur
1222 3066 1400 3122 Dion:
1424 3066 1559 3122 inde
1581 3067 1800 3122 factum
1827 3071 1937 3133 est,

280 3160 349 3210 ut
381 3159 667 3210 cornutus
700 3172 732 3209 a
763 3155 1040 3211 cornibus
1070 3155 1486 3211 denominatus
1518 3155 1614 3222 sit,
1656 3161 1713 3211 et
1752 3156 1941 3212 domi-

277 3262 459 3312 nans,
492 3246 630 3315 quia
658 3261 725 3298 ea
758 3246 1221 3314 propositionum
1256 3247 1443 3317 ﬁgura
1473 3246 1667 3301 fuerit.
1722 3248 1940 3302 Sorites

1641 398 2039 481 THESAURI
2082 412 2225 476 LIB.
2276 402 2350 478 ν.

291 551 446 608 enim
473 556 560 608 est
589 558 639 607 et
672 550 1015 623 particulare
1051 570 1064 609 :
1126 551 1210 607 illi
1266 568 1443 609 causa
1472 551 1773 615 distracta,
1804 566 1927 604 ma-
1964 552 2015 616 Α

3546 408 3702 476 1414

2737 545 2891 602 CAP.
2953 548 3011 601 L.

2048 636 2184 705 Quot
2230 637 2403 692 modis
2451 634 2622 690 dictio
2679 635 2833 690 idem
2890 633 3198 706 accipiatur
3255 649 3326 706 ca;
3376 632 3698 703 Aristotele,

2119 712 2267 763 unde
2292 717 2441 779 patet
2472 707 2818 763 idcntilatem
2849 722 2959 763 non
2989 705 3128 762 cura
3159 705 3458 761 discrimen
3494 711 3700 777 passim

2120 782 2505 850 usurpandum
2536 795 2670 835 esse.

2121 885 2252 940 Alia
2283 889 2371 941 est
2400 885 2673 941 Eunomii
2704 885 2977 957 obiectio,
3010 889 3067 942 et
3093 901 3296 941 eorum
3329 886 3428 956 qui
3475 886 3528 941 in
3560 885 3704 942 Filio

2046 973 2339 1046 ἀνόμοιον,
2369 976 2476 1032 hoc
2510 984 2594 1031 est
2617 976 3166 1032 dissimilitudinem
3200 976 3389 1031 Patris
3436 977 3703 1031 introdu-

2046 1070 2207 1134 cunt,
2241 1068 2519 1120 adversus
2550 1082 2617 1121 ea
2645 1081 2771 1138 quis
2803 1065 3070 1121 catholici
3122 1065 3568 1137 responderant,
3613 1064 3702 1119 ni-

2048 1154 2258 1211 mirum
2293 1155 2426 1211 illos
2455 1156 2604 1211 male
2627 1158 3022 1225 argumentari
3055 1172 3192 1211 cum
3235 1155 3423 1209 dicunt
3473 1155 3703 1210 Patrem

2048 1243 2193 1299 Filio
2225 1247 2505 1317 majorem
2541 1261 2669 1300 esse
2704 1245 2927 1301 ratione
2960 1261 3170 1312 causae,
3231 1260 3468 1301 causam
3534 1260 3706 1315 porro

2048 1335 2270 1391 ratione
2298 1339 2541 1403 naturae,
2575 1336 2730 1391 unde
2762 1336 2885 1407 ﬁat,
2919 1342 2984 1391 ut
3017 1336 3185 1391 Pater
3214 1336 3355 1392 Filio
3424 1334 3501 1390 sit
3540 1338 3711 1391 natu-

2049 1442 2123 1479 rae
2148 1426 2369 1481 ratione
2402 1428 2608 1496 major.

2122 1542 2411 1598 Caeterum
2469 1543 2835 1599 Eunomiana
2881 1545 3125 1616 quaestio
3184 1544 3270 1601 sic
3328 1544 3504 1600 habet
3554 1559 3568 1600 ε
3630 1546 3703 1599 At

2050 1646 2183 1687 vero
2215 1633 2267 1687 si
2296 1631 2479 1687 Filius
2508 1633 2775 1688 essentia:
2799 1633 3022 1688 ratione
3040 1634 3195 1690 idem
3246 1650 3382 1691 cum
3411 1635 3575 1690 Patre
3604 1635 3704 1704 sit,

2052 1720 2350 1793 ingenitus
2374 1726 2569 1777 autem
2594 1722 2764 1778 Pater
2783 1726 2891 1791 est,
2923 1723 3078 1779 idem
3104 1738 3335 1795 quoque
3369 1723 3548 1779 Filius
3573 1722 3705 1780 erit.

2124 1810 2253 1865 Haec
2285 1816 2424 1866 sunt
2455 1829 2579 1882 qua":
2615 1812 2684 1867 ab
2716 1814 3005 1867 Eunomio
3037 1814 3417 1883 objiciuntur,
3442 1816 3499 1868 et
3521 1830 3553 1868 ο.
3580 1817 3704 1868 tur-

2053 1898 2123 1954 ba
2158 1900 2659 1971 blasphemiarum
2692 1901 2818 1971 ejus
2840 1901 3068 1958 hmrede
3097 1918 3111 1957 :
3137 1908 3406 1958 ueterum
3441 1904 3707 1957 eamdem

2048 1988 2107 2043 in
2134 1994 2303 2044 Patre
2333 1994 2390 2044 et
2419 1989 2561 2044 Filio
2593 1989 2911 2045 essentiam
2936 1990 3215 2057 admittit,
3239 2007 3353 2046 non
3377 1991 3709 2062 dogmaticc

2048 2078 2149 2134 sed
2202 2077 2595 2148 bypothetice,
2657 2078 2766 2134 hoc
2823 2084 2933 2148 est,
2995 2096 3109 2135 non
3172 2085 3236 2134 ut
3291 2079 3427 2135 inde
3484 2088 3707 2135 certum

2048 2168 2281 2238 dogma,
2316 2167 2413 2223 sed
2451 2167 2584 2223 fidei
2618 2168 2704 2237 (ut
2732 2168 2965 2240 vocant)
2992 2168 3303 2224 articulum
3360 2168 3706 2234 constituat,

2048 2256 2150 2309 sed
2184 2254 2290 2309 sub
2321 2255 2694 2311 conditione:
2722 2262 2789 2311 ut
2810 2258 2916 2313 hoc
2942 2263 3073 2313 astu
3108 2258 3350 2312 ubsurdi
3401 2257 3707 2330 quidpiam

2049 2345 2514 2411 ratiocinetur,et
2536 2346 2839 2403 identilate
2856 2351 2928 2403 de
2947 2348 3141 2404 medio
3164 2347 3396 2404 sublata
3446 2342 3705 2422 διὰφορον

2048 2434 2157 2490 hoc
2180 2441 2270 2491 est
2290 2436 2709 2504 diversitatem,
2745 2436 2854 2505 vel,
2890 2437 3101 2509 utipse
3124 2438 3387 2508 loquitur
3425 2434 3710 2507 ἀνόμοιον,

2049 2524 2157 2581 hoc
2179 2529 2268 2580 est
2298 2524 3232 2592 dissimilitudinem,introducat.
3261 2527 3405 2583 Cum
3433 2528 3590 2583 enim
3617 2527 3708 2582 Fi-

2051 2614 2192 2669 lium
2226 2613 2489 2684 ejusdem
2525 2629 2655 2670 esse
2677 2616 2993 2670 cumPatre
3044 2616 3385 2672 substantias
3435 2615 3707 2687 dicimus,

2048 2708 2108 2759 at
2129 2719 2372 2759 numero
2396 2703 2747 2773 diii'erre,sic
2776 2721 3045 2777 perverse
3093 2707 3286 2760 denuo
3338 2705 3658 2777 interrogat
3695 2722 3707 2760 :

2050 2794 2201 2848 Num
2226 2795 2274 2848 si
2300 2794 2482 2849 Filius
2505 2795 2843 2850 substantia
2867 2794 3023 2851 idem
3046 2811 3178 2852 cum
3201 2796 3368 2851 Patre
3391 2795 3486 2866 sit,
3509 2794 3710 2851 omnia

2051 2899 2178 2954 qua:
2204 2883 2371 2939 Pater
2398 2883 2573 2939 habet
2593 2884 2905 2941 habiturus
2925 2890 3013 2942 est
3032 2885 3059 2940 ‘I
3086 2886 3201 2941 tloc
3249 2886 3406 2940 enim
3435 2886 3550 2941 sibi
3586 2886 3712 2940 vult

2050 2973 2527 3039 identitus.Quod
2552 2975 2819 3031 siomnia
2850 2974 2901 3030 ei
2951 2991 3086 3030 cum
3145 2976 3314 3030 Patre
3371 2975 3711 3029 communia

2050 3062 2286 3125 iuerint,
2321 3068 2476 3119 certe
2502 3068 2559 3117 et
2589 3064 2948 3134 ingeneratio
3008 3068 3075 3119 ut
3131 3064 3411 3119 identilas
3468 3062 3612 3119 Filio
3644 3063 3703 3118 in

2051 3156 2326 3211 omnibus
2360 3158 2585 3227 integra
2615 3162 3012 3213 conservetur.
3049 3157 3352 3229 Ingenitus
3375 3172 3507 3225 ergo
3527 3155 3709 3212 Filius

2052 3246 2231 3302 etiam
2265 3247 2690 3318 erit,siquidem
2725 3247 2892 3303 Pater
2918 3248 3216 3319 ingenitus
3248 3252 3360 3304 est.
3397 3247 3555 3301 Idem
3606 3262 3711 3302 au-

282 3340 485 3393 autem
520 3331 797 3402 peculiari
827 3333 1078 3403 quodam
1109 3334 1245 3402 jure
1276 3335 1332 3389 id
1366 3334 1625 3391 nominis
1665 3335 1945 3408 indeptus
1984 3325 2027 3391 C
2054 3340 2172 3392 tem
2198 3340 2263 3391 ut
2293 3351 2588 3391 summam
2623 3338 2836 3407 dicam,
2870 3343 2959 3392 est
3013 3337 3103 3392 vel
3163 3351 3429 3406 numero,
3462 3336 3548 3391 vel
3578 3352 3713 3407 spe-

284 3432 401 3492 est,
439 3421 913 3493 quandoquidem
948 3420 1151 3476 multis
1181 3422 1314 3478 aliis
1371 3425 1717 3494 designatur
1763 3427 1948 3482 nomi-

282 3517 465 3573 uilius
498 3530 511 3568 :
547 3511 801 3583 κομήτης
833 3510 988 3565 enim
1024 3513 1079 3565 et
1119 3508 1479 3587 φαλακρίτης,
1538 3516 1595 3566 et
1651 3508 1943 3585 δρομίτης,

280 3611 343 3663 et
373 3599 705 3671 νεωλκίτης,
739 3608 797 3656 et
825 3600 1166 3674 πρωριστὴς,
1200 3605 1256 3655 et
1282 3600 1558 3667 πενιστής,
1592 3604 1650 3655 et
1678 3600 1811 3656 aliis
1842 3602 1946 3656 hu.

280 3693 555 3767 jusmodi
610 3692 953 3764 designatur
1008 3689 1501 3762 appellationibus
1550 3707 1566 3757 ;
1619 3690 1758 3760 quia
1812 3707 1946 3747 vero

287 3785 468 3857 plura
491 3781 591 3837 illa
617 3783 675 3837 in
719 3797 901 3837 unum
934 3779 1090 3835 velut
1117 3779 1423 3836 cumulum
1457 3778 1824 3851 rediguntur,
1857 3781 1944 3836 id-

290 3874 454 3929 circo
489 3888 632 3927 usus
666 3870 940 3939 obtinuit,
1001 3874 1065 3926 ut
1117 3868 1543 3942 argumentatio
1604 3869 1946 3941 hujusmodi

285 3958 586 4035 σωρείτης,
647 3961 757 4015 hoc
806 3965 898 4017 est
953 3960 1332 4029 coacervatio,
1392 3960 1699 4015 diceretur.
1748 3959 1946 4014 Sorilze

285 4069 472 4127 porro
528 4050 873 4123 compositio
930 4049 1052 4105 haec
1111 4053 1219 4106 est.
1282 4050 1610 4120 Interrogat
1662 4049 1947 4121 sephista,

284 4150 498 4201 utrum
531 4142 764 4196 modius
798 4156 914 4194 uno
945 4156 1124 4211 grano
1151 4138 1582 4207 complebitur?
1630 4142 1824 4194 utrum
1855 4156 1949 4194 co-

285 4238 492 4290 matus
526 4231 635 4285 erit
665 4230 956 4300 quispiam
994 4245 1109 4283 uno
1142 4227 1346 4299 capillo
1373 4227 1400 4283 ‘2
1430 4232 1530 4283 aut
1558 4228 1804 4285 ditescet
1833 4246 1951 4286 una

281 4320 625 4381 drachma?
657 4325 852 4375 utrum
885 4318 1149 4374 trahetur
1180 4317 1343 4374 navis
1373 4318 1445 4373 ad
1479 4322 1715 4389 portum
1738 4319 1808 4375 ab
1834 4335 1950 4376 uno

280 4410 721 4471 helciario?an
756 4408 889 4480 quis
932 4411 1200 4479 proprius
1262 4412 1477 4463 metam
1539 4410 1774 4464 accedet
1833 4424 1949 4466 uno

281 4499 531 4577 gradu?
563 4516 636 4555 an
679 4498 1076 4555 decalvabitur
1132 4497 1305 4553 unius
1361 4496 1554 4568 capilli
1601 4497 1893 4555 ablatione
1922 4499 1950 4554 ?

280 4596 349 4653 Si
386 4606 527 4662 ergo
558 4588 809 4661 capillus
840 4604 996 4643 unus
1019 4586 1283 4644 calvarizn
1334 4588 1505 4642 nudis
1564 4587 1801 4645 innatus
1837 4591 1954 4646 fue-

2053 3425 2160 3492 cie,
2193 3424 2280 3479 vel
2312 3441 2542 3495 genere,
2573 3424 2685 3494 vel,
2717 3430 2783 3481 ut
2812 3424 2951 3480 alibi
2985 3424 3371 3496 Philosophus
3401 3425 3502 3490 ait,
3530 3424 3711 3479 etiam

2055 3512 2346 3582 analogia,
2381 3529 2481 3567 seu
2516 3515 2910 3585 proportione.
2940 3515 3143 3586 Itaque
3209 3531 3454 3571 numero
3511 3515 3713 3571 eadem

2054 3604 2217 3668 sunt,
2250 3616 2636 3672 quaecumque
2666 3602 2739 3656 de
2771 3616 2887 3658 uno
2920 3604 3184 3673 subjecto
3229 3604 3527 3672 dicuntur,
3569 3619 3716 3673 qua-

2055 3688 2135 3743 lia
2164 3694 2329 3758 sunt,
2362 3693 2428 3744 ut
2452 3688 2535 3744 ita
2565 3689 2780 3760 dicam,
2816 3691 3167 3762 polyonyma
3234 3707 3338 3746 seu
3395 3692 3712 3762 requivoea.

2056 3778 2227 3834 Ensis
2257 3779 2436 3848 enim,
2469 3780 2704 3852 gladius
2733 3786 2791 3836 et
2817 3797 3019 3837 mucro
3050 3782 3254 3837 eadem
3278 3784 3419 3838 sunt
3444 3796 3714 3851 numero,

2057 3868 2195 3940 quia
2228 3885 2409 3924 unum
2444 3870 2529 3925 eis
2559 3869 2891 3940 subjectum
2923 3876 3032 3936 est,
3066 3872 3223 3943 quod
3255 3870 3453 3942 ipsum
3515 3886 3550 3926 a
3596 3870 3714 3926 sei-

2058 3972 2164 4030 pso
2193 3973 2309 4013 non
2340 3958 2571 4013 diiiert:
2604 3960 2934 4030 quamlibet
2964 3960 3210 4015 diversis
3244 3959 3585 4015 nominibus
3617 3976 3716 4015 ex-

2058 4052 2319 4103 ornetur.
2354 4048 2566 4103 Eadem
2600 4047 2794 4120 specie
2826 4052 2988 4117 sunt,
3019 4064 3405 4121 quaecumque
3449 4047 3549 4102 uni
3581 4048 3715 4118 qui-

2059 4138 2192 4193 dem
2226 4137 2439 4208 speciei
2477 4136 2899 4208 subjiciuntur,
2928 4154 3173 4194 numero
3232 4143 3429 4193 tamen
3476 4136 3626 4191 inter
3653 4153 3717 4193 se

2058 4226 2352 4294 dili‘erunt,
2385 4232 2441 4283 et
2472 4227 2799 4298 quamlibet
2829 4230 3097 4301 personis
3155 4244 3188 4284 a
3243 4242 3307 4283 se
3336 4227 3714 4298 distinguan-

2059 4322 2174 4383 tur,
2209 4316 2398 4388 specie
2426 4321 2620 4371 tamen
2653 4316 3103 4389 haudquaquam
3148 4316 3447 4373 diii'erunt.

2130 4406 2172 4461 E
2205 4406 2496 4461 contrario
2527 4423 2656 4478 quis
2679 4422 2923 4463 numero
2945 4408 3252 4480 specieque
3299 4407 3530 4461 diversa
3556 4409 3715 4475 sunt,

2060 4511 2127 4552 ea
2160 4500 2425 4550 mutuam
2459 4496 2695 4565 quidem
2728 4511 2762 4551 a
2792 4497 3006 4569 seipsis
3036 4497 3242 4553 sortita
3272 4500 3411 4552 sunt
3441 4496 3715 4551 diii‘creno

2060 4585 2227 4653 tiam,
2261 4585 2594 4641 communis
2655 4593 2847 4642 tamen
2908 4586 2993 4643 eis
3049 4586 3283 4658 generis
3339 4584 3493 4640 ratio
3540 4586 3715 4643 inest.

278 4685 388 4750 rit,
427 4658 657 4735 comam
690 4683 793 4733 aut
823 4677 1118 4733 czesariem
1156 4694 1267 4733 non
1304 4677 1462 4742 facit,
1518 4694 1708 4750 neque
1747 4678 1946 4736 calvus
2057 4675 2243 4739 Quam
2276 4686 2447 4747 porro
2471 4675 2750 4748 analogia;
2785 4676 3148 4732 identitatem
3180 4674 3453 4742 dicimus,
3508 4689 3575 4729 ea
3604 4675 3718 4731 hoc

280 4774 408 4831 alio
444 4769 616 4824 modo
645 4766 955 4839 capillatus
986 4768 1191 4822 evadet
1249 4766 1427 4821 unius
1484 4767 1817 4823 accessione
1845 4784 1945 4824 ea-

280 4859 446 4935 pilli,
478 4860 579 4913 sed
611 4859 660 4913 si
694 4872 846 4912 unus
883 4856 1134 4929 capillus
1160 4855 1218 4911 in
1251 4855 1550 4911 infinitum
1586 4856 1948 4928 multiplice-

281 4962 408 5017 tur,
446 4964 513 5003 ex
544 4946 773 5019 capillis
812 4948 913 5020 qui
944 4946 1350 5019 praecesserint
1379 4946 1732 5003 conﬂabitur
1758 4963 1947 5007 coma:

278 5057 405 5100 noc
443 5054 555 5093 uno
588 5037 718 5092 item
749 5053 932 5108 grano
961 5037 1351 5107 complebitur
1407 5035 1664 5106 modius,
1699 5038 1799 5093 sed
1851 5038 1950 5096 illo

273 5143 526 5200 semper
556 5127 867 5184 accedente
896 5127 1262 5198 subindeque
1294 5126 1680 5198 multiplicato
1710 5129 1948 5185 tandem

278 5216 564 5279 modium
640 5215 917 5288 compleri
982 5215 1298 5289 continget,
1357 5232 1465 5273 nec
1519 5217 1697 5274 unius
1754 5218 1950 5291 capilli

281 5306 596 5367 ablatione
622 5304 1022 5362 decalvabitur
1049 5305 1303 5361 calvaria
1335 5320 1348 5359 :
1382 5306 1493 5361 sed
1531 5304 1581 5361 si
1611 5306 1863 5363 subinde
1892 5306 1952 5364 id

278 5395 630 5468 saepiusque
692 5396 888 5466 iacias,
949 5394 1245 5451 calvitium
1303 5395 1542 5451 tandem
1619 5396 1740 5452 ﬂet.
1804 5398 1952 5466 Quia

281 5502 437 5559 ergo
468 5487 640 5559 plura
672 5487 727 5542 in
762 5483 1008 5559 σωρείαν,
1043 5485 1146 5542 hoc
1182 5489 1272 5541 est
1304 5501 1483 5540 unum
1541 5484 1703 5542 velut
1752 5503 1954 5545 cumu-

277 5580 420 5635 lum
454 5581 889 5646 coacervantur,
924 5581 988 5632 ut
1015 5575 1076 5632 in
1103 5575 1240 5631 villa
1271 5575 1548 5631 cumulus
1601 5590 1783 5643 aerem,
1816 5576 1952 5633 inde

270 5667 484 5726 soritae
517 5682 621 5723 seu
653 5666 1111 5725 coacervationis
1144 5663 1813 5740 paralogismoinditum
1848 5685 1951 5725 no-

270 5771 423 5817 men
457 5764 567 5814 63L

2063 4764 2352 4821 elucescet
2395 4765 2679 4835 exemplo.
2740 4768 2959 4836 Corpus
3018 4770 3074 4821 et
3127 4766 3382 4820 animam
3439 4762 3712 4831 dicimus,

2060 4853 2272 4911 deinde
2302 4857 2586 4927 quasdam
2611 4870 2924 4927 corporum
2948 4855 3468 4927 partes,quasdam
3501 4858 3559 4908 et
3588 4852 3715 4908 ani-

2062 4958 2291 5001 morum
2331 4944 2705 5014 subjicimus,
2761 4945 2907 5001 alias
2964 4944 3205 5017 quidem
3267 4944 3538 5015 majores,
3569 4942 3716 4999 alias

2062 5048 2196 5092 vero
2223 5035 2647 5091 minores.Cum
2663 5051 2802 5107 ergo
2834 5035 3163 5107 analogiam
3186 5034 3455 5106 utrisque
3485 5033 3546 5089 in
3577 5049 3715 5105 par-

2060 5126 2219 5182 tibus
2276 5138 2403 5180 esse
2460 5124 2787 5196 ostendero,
2846 5124 3216 5181 identitatem
3283 5123 3715 5197 quodammodo

2059 5213 2454 5269 introducam.
2488 5212 2636 5278 Quia
2665 5213 2821 5269 enim
2850 5213 3311 5285 pulcherrimum
3363 5211 3543 5269 totius
3590 5227 3714 5267 cor-

2062 5302 2219 5376 poris
2252 5303 2584 5358 membrum
2643 5309 2733 5360 est
2790 5304 3018 5372 oculus,
3084 5304 3298 5360 idcirco
3358 5317 3525 5357 mens
3555 5300 3711 5356 idem

2061 5395 2256 5465 ipsum
2287 5402 2370 5449 est
2394 5392 2452 5447 in
2473 5392 2690 5463 animo,
2706 5394 2889 5451 videri
2915 5400 2980 5451 ut
3003 5398 3210 5453 caetera
3232 5392 3470 5465 quidem
3488 5391 3717 5447 diversa

2060 5484 2200 5551 sint,
2233 5500 2446 5556 corpus
2476 5491 2531 5539 et
2587 5485 2807 5558 anima,
2866 5486 3074 5544 oculus
3134 5490 3191 5541 et
3221 5500 3403 5553 mens,
3435 5484 3714 5540 identitas

2061 5584 2251 5631 autem
2281 5574 2342 5629 in
2373 5573 2499 5630 sola
2526 5574 2861 5633 inveniatur
2891 5576 3179 5649 analogia.
3238 5575 3387 5640 Quia
3437 5589 3574 5645 ergo
3629 5577 3718 5630 tot

2061 5665 2250 5723 modis
2272 5663 2381 5720 hoc
2440 5682 2651 5722 nomen
2709 5668 3068 5739 enuntiatur,
3125 5684 3240 5724 non
3272 5670 3363 5724 est
3391 5664 3546 5737 quod
3585 5662 3716 5734 quis

2060 5756 2430 5815 identitatem
2462 5757 2685 5829 passim
2717 5756 2880 5816 nulla
2917 5757 3179 5816 adhibita
3219 5755 3548 5815 differentia
3572 5753 3715 5812 sub-
