4054 6406
384 366 543 429 “.15
1702 364 2009 427 NICE'I‘JE
2051 364 2485 429 CHONIA'I‘E
3662 387 3832 448 1416

388 499 609 567 audiat,
644 498 693 554 si
725 497 934 554 saltem
966 513 1034 553 ex
1075 496 1276 569 logica:
1335 496 1717 570 philosophias
1779 498 2037 555 fontibus
2069 502 2119 568 Α
2154 516 2540 571 personarum
2575 522 2588 555 :
2620 506 2984 577 Quaeramus,
3006 505 3225 580 inquit,
3258 526 3526 583 quaenam
3563 516 3625 572 in
3659 524 3832 577 utro-

388 607 450 646 se
482 589 785 661 quidpiam
820 588 1090 643 hausisse
1118 588 1409 659 pradicet,
1442 587 1559 643 imo
1590 603 1722 643 vero
1752 605 1821 643 ne
1872 590 2037 643 abso-
2151 606 2260 662 que
2292 591 2370 646 sit
2399 594 2675 661 essentia,
2709 595 2880 667 quasi
2913 597 3070 653 dicat
3100 617 3113 653 :
3148 600 3207 655 Si
3236 600 3632 672 identitatem,
3661 625 3697 663 ο
3729 610 3833 667 he-

388 680 506 735 lute
538 678 769 751 quidem
806 682 1005 749 ponat,
1034 677 1137 733 sed
1166 677 1251 733 vel
1279 694 1611 744 numerum,
1644 678 1727 733 vel
1761 678 2037 750 speciem,
2149 680 2441 750 terodoxe,
2501 698 2604 738 seu
2665 684 2960 741 diversum
3020 703 3054 742 a
3110 690 3417 749 catholicis
3457 698 3727 755 sentiens
3758 701 3824 756 in

384 768 472 825 νει
506 784 713 840 εοεαε,
744 768 829 822 vel
864 767 1189 839 analogiam
1227 767 1422 825 addat.
2147 770 2402 826 essentia
2460 788 2667 843 ponas,
2726 774 3279 851 deprehensumque
3336 783 3415 837 sit
3472 785 3819 858 ingenitum

456 864 773 915 Anomceus
805 867 1023 927 autem,
1058 856 1139 912 vel
1171 858 1309 929 quia
1340 858 1659 929 prorsusin
1692 857 2034 928 hujusmodi
2146 875 2260 914 non
2293 877 2422 916 esse
2452 862 2554 917 Dei
2586 864 2930 930 essentiam,
2963 868 3064 922 sed
3100 856 3561 940 proprietatem;
3583 893 3718 947 qua:
3752 879 3816 934 in

386 948 749 1020 argumentis
779 947 1144 1018 caecutit,vel
1177 947 1314 1019 quia
1339 945 1555 1019 logices
1614 950 1757 1003 artis
1804 947 2038 1019 imperi-
2144 949 2395 1005 essentia
2425 952 2851 1021 consideretur,
2902 961 3006 1011 aut
3072 958 3221 1015 hanc
3270 945 3690 1031 prOprietatem
3725 968 3812 1023 in-

383 1043 483 1093 tus
514 1043 622 1108 est,
652 1038 866 1094 idcirco
925 1037 1093 1092 nobis
1151 1036 1393 1108 objicit:
1450 1037 1507 1090 Si
1568 1036 1749 1092 Filius
1780 1036 2036 1092 essentia
2143 1037 2311 1126 docte
2339 1056 2707 1115 quocumque
2761 1045 2850 1099 vis
2909 1048 3159 1103 transfer
3209 1053 3267 1105 et
3322 1057 3644 1126 transpone
3680 1073 3697 1111 :
3733 1074 3811 1112 an

381 1128 538 1183 idem
569 1133 657 1185 est
679 1144 810 1183 cum
845 1126 1031 1195 Patre,
1067 1127 1368 1198 ingenitus
1398 1126 1573 1181 etiam
1608 1126 1737 1192 erit,
1767 1127 1906 1197 quia
1935 1126 2032 1182 ille
2140 1125 2407 1184 videlicet
2462 1130 2571 1186 hac
2628 1133 2919 1189 immobili
2977 1145 3263 1207 manente,
3324 1148 3390 1198 ut
3469 1125 3810 1217 preprietas

382 1218 681 1289 ingenitus
711 1223 818 1283 est,
853 1218 940 1273 vel
971 1218 1145 1273 etiam
1178 1222 1346 1272 Pater
1377 1218 1606 1288 genitus
1640 1222 1748 1281 est,
1782 1215 1920 1287 quia
1940 1216 2030 1270 Fi-
2140 1232 2372 1287 quoque
2404 1219 2519 1274 vim
2554 1221 2646 1277 sui
2681 1224 2939 1279 nominis
2968 1233 3288 1296 conservet,
3333 1215 3675 1302 quaeramus
3709 1253 3807 1291 os-

376 1309 491 1364 lius
517 1308 789 1379 genitus;
823 1308 904 1361 ita
960 1311 1024 1361 ut
1056 1306 1223 1361 Pater
1279 1305 1358 1362 sit
1417 1306 1939 1378 ingenitogenitus,
1973 1310 2030 1361 et
2138 1306 2387 1362 sentiam
2435 1310 2553 1377 Dei,
2587 1327 2659 1366 ne
2690 1329 2824 1369 cum
2855 1313 3221 1373 identitatem
3284 1320 3344 1375 in
3400 1339 3470 1378 ea
3501 1323 3806 1381 inveneri-

374 1397 556 1453 Filius
590 1396 1109 1470 genitoingenitus.
2137 1410 2289 1464 mus,
2324 1399 2708 1470 proprietates
2736 1406 3219 1476 transponamus,
3276 1426 3383 1466 nec
3423 1414 3583 1468 enim
3640 1417 3809 1471 vani-

1063 1516 1219 1569 CAP.
1249 1514 1336 1569 LI.

366 1633 534 1688 Patri
558 1637 609 1688 et
641 1632 780 1688 Filio
807 1630 1053 1687 eamdem
1077 1636 1130 1685 et
1180 1629 1683 1685 incommutabilem
1730 1630 2023 1684 essentiam

431 1721 568 1770 esse,
600 1704 815 1760 diversa
845 1720 967 1759 vero
996 1706 1251 1759 essentia
1283 1702 1618 1772 adjacenz'z'a,
1672 1718 1743 1756 cx
1785 1703 1845 1755 Β.
1899 1705 2019 1757 Να-

435 1791 723 1831 manzeno.

2134 1482 2355 1555 loquiis
2387 1491 2594 1560 nugari
2629 1491 2922 1562 volumus,
2955 1496 3125 1566 quasi
3152 1515 3259 1555 nos
3290 1500 3703 1574 accingamus,
3739 1513 3806 1561 ut

2131 1588 2345 1630 vanum
2377 1576 2435 1633 in
2468 1577 2644 1635 caelos
2672 1580 2783 1637 iter
2816 1582 3242 1655 ingrediamur.

2795 1708 2948 1768 CAP.
2997 1713 3113 1770 LII.

2129 1815 2615 1912 Qum-differentia;
2638 1825 2712 1912 si":
2741 1826 2890 1882 inter
2923 1827 3092 1912 Deum
3120 1832 3172 1885 et
3214 1832 3544 1912 ingenitum.
3609 1841 3799 1912 Oppo-

436 1891 954 1948 Verumenimvero
987 1891 1319 1962 Thcologus
1349 1892 1674 1947 astruenti:
1735 1892 1793 1947 Si
1836 1890 2015 1947 Filius
2047 1876 2091 1939 Β
2134 1876 2165 1884 ν’
2191 1876 2426 1980 sitorum
2480 1895 2776 1980 generibus
2832 1876 3091 1980 quatuor-

364 1982 518 2037 idem
552 1982 807 2038 essentia
829 1998 961 2037 cum
994 1982 1161 2036 Patre
1193 1982 1594 2050 sit,ingenitus
1624 1984 1822 2037 autem
1848 1980 2014 2037 Pater

362 2075 467 2139 est,
500 2072 770 2126 eumdem
805 2086 1039 2142 quoque
1067 2069 1276 2125 Filium
1310 2086 1438 2125 esse
1470 2071 1756 2135 futurum,
1797 2069 1882 2123 sic
1911 2084 2011 2124 oo—

361 2161 543 2216 currit
576 2178 589 2217 :
624 2160 683 2215 Si
716 2161 952 2231 quidem
986 2160 1313 2231 ingenitum
1349 2160 1430 2214 sit
1486 2158 1676 2214 Patris
1733 2162 2011 2227 essentia,

357 2249 562 2315 Filius,
595 2250 730 2321 quia
761 2250 916 2305 idem
947 2250 1207 2305 essentia
1234 2265 1368 2303 cum
1403 2253 1569 2304 Patre
1600 2248 2011 2319 sit,ingenitus

354 2341 530 2394 etiam
571 2341 716 2406 erit;
779 2339 871 2394 sin
924 2338 1289 2410 ingeneratio
1343 2337 1502 2393 aliud
1567 2337 1871 2409 quidpiam
1935 2340 2008 2393 ab

354 2430 608 2485 essentia
639 2430 733 2498 sit,
770 2430 867 2501 qui
904 2432 987 2497 tit,
1023 2435 1087 2485 ut
1112 2446 1244 2485 cum
1276 2430 1348 2484 de
1383 2428 1495 2485 alio
1533 2428 2005 2501 interrogaveris,

354 2519 671 2575 concludas
698 2519 725 2573 ‘2
750 2520 891 2577 Nam
926 2520 974 2574 si
1009 2527 1230 2575 naturae
1254 2521 1475 2574 ratione
1495 2518 1661 2573 Pater
1692 2518 1819 2590 ipsa
1850 2519 2006 2591 inge-

356 2610 578 2665 neratio
609 2613 782 2675 esset,
816 2613 1135 2681 ceteraque
1194 2609 1304 2664 sub
1361 2608 1795 2679 ingeneratione
1842 2626 2001 2665 com-

355 2699 876 2770 prehenderentur,
907 2717 1014 2771 par
1041 2704 1198 2755 esset
1230 2704 1295 2753 ut
1345 2699 1531 2754 Filius
1579 2714 1811 2771 quoque
1842 2700 2002 2768 inge-

354 2790 577 2844 neratio
609 2789 1067 2855 diceretur.0uia
1095 2805 1228 2844 vero
1260 2788 1447 2843 Patris
1503 2789 1758 2844 essentia
1814 2789 2000 2846 diver-

349 2894 477 2934 sum
508 2879 812 2952 uuidpiam
845 2889 931 2935 est
961 2880 1032 2934 ab
1067 2879 1526 2951 ingeneratione,
1559 2895 1695 2935 nam
1754 2878 1815 2934 in
1875 2880 2002 2951 ipsa

346 2972 555 3023 natura
586 2968 1083 3039 ingenerationem
1140 2985 1370 3040 quoque
1426 2968 1891 3035 consideramus,
1930 2985 1997 3024 eo

346 3059 508 3125 ﬁt,ut
539 3058 803 3115 essentia;
834 3061 1059 3115 ratione
1093 3058 1272 3115 Filius
1302 3059 1455 3115 idem
1488 3074 1620 3113 cum
1682 3062 1849 3114 Patre
1902 3059 1994 3126 sit,

346 3147 570 3203 ratione
600 3156 788 3204 autem
820 3147 1297 3220 ingenerationis,
1329 3163 1445 3202 non
1490 3147 1652 3213 item,
1686 3163 1818 3202 cum
1878 3164 1993 3203 non

2191 1965 2377 2032 genito
2403 1966 2689 2036 privativa
2712 1965 2931 2041 apponi.

2192 2089 2337 2153 Quia
2374 2106 2507 2148 vero
2564 2095 2904 2167 Eunomius,
2963 2114 3098 2155 cum
3158 2100 3489 2174 ingenitum
3549 2107 3787 2168 Patrem

2120 2182 2422 2250 statueret,
2454 2181 2589 2237 huic
2617 2200 2845 2257 quoque
2898 2192 3081 2244 Deum
3138 2193 3372 2264 pr0prie
3412 2194 3650 2255 locutus
3678 2202 3793 2256 ad-

2120 2268 2313 2336 debat,
2347 2270 2738 2344 eumdemque
2769 2274 3096 2346 ingenitum
3126 2283 3183 2335 et
3240 2281 3423 2340 Deum
3483 2286 3718 2345 Patrem
3755 2309 3790 2347 a

2119 2362 2321 2416 sedici
2356 2364 2615 2434 putabat,
2675 2366 2881 2423 Filium
2943 2374 3138 2427 autem
3192 2374 3417 2432 ratione
3459 2381 3666 2450 gratia:
3728 2389 3789 2439 et

2117 2449 2614 2523 participationis,
2650 2455 2866 2513 idcirco
2896 2457 3065 2515 Pater
3094 2460 3409 2534 Gregorius
3434 2468 3519 2523 sic
3552 2472 3634 2523 ait
3671 2487 3686 2526 :
3721 2474 3783 2528 Si

2114 2538 2270 2595 Deus
2302 2546 2360 2595 et
2391 2541 2719 2614 ingenitum
2779 2546 2929 2603 nihil
2986 2548 3141 2606 inter
3196 2569 3259 2608 se
3290 2553 3583 2627 differant,
3621 2577 3779 2617 eum-

2112 2629 2365 2701 demque
2445 2632 2712 2690 habitum
2774 2635 2927 2693 circa
2974 2642 3260 2697 exteriora.
3313 2643 3585 2712 habeant,
3640 2651 3779 2707 vide

2113 2735 2251 2774 num
2282 2720 2437 2775 aliud
2469 2737 2601 2777 cum
2635 2723 2861 2792 habitu,
2922 2726 3077 2783 aliud
3129 2730 3257 2787 sine
3314 2732 3515 2789 habitu
3558 2738 3655 2792 sit.
3695 2739 3780 2794 Si-

2111 2807 2347 2877 quidem
2411 2810 2560 2867 Deus
2608 2810 2854 2868 aliorum
2922 2820 3075 2872 Deus
3123 2819 3360 2879 dicitur.
3449 2824 3538 2880 Ait
3608 2829 3772 2885 enim

2108 2895 2405 2968 Scriptura
2438 2916 2450 2953 :
2488 2900 2627 2955 Deus
2655 2901 2882 2958 deorum
2912 2902 2981 2959 5‘.
3014 2905 3347 2978 Ingenitum
3381 2917 3577 2969 autem
3642 2918 3780 2973 nul-

2107 2984 2297 3042 lorum
2328 2987 2541 3043 dicitur
2572 2989 2926 3062 ingenitum.
2975 2998 3098 3050 Hoc
3156 2998 3311 3055 enim
3368 3017 3557 3074 neque
3589 3022 3775 3078 ange-

2106 3073 2321 3145 lorum,
2380 3093 2568 3149 neque
2627 3080 2948 3150 hominum,
3006 3101 3195 3157 neque
3260 3073 3475 3147 ullius,
3525 3073 3776 3153 omnino

2104 3171 2388 3221 creaturaa
2420 3172 2528 3222 est.
2562 3168 2707 3231 Quia
2735 3186 2872 3237 ergo
2903 3171 3229 3244 ingenitum
3264 3178 3486 3236 nullius
3515 3189 3629 3253 est,
3666 3202 3776 3242 ne-

347 3236 426 3291 sit
454 3237 969 3345 essentia;.ltaque
995 3236 1246 3345 Patriet
1277 3237 1418 3292 Filio
1444 3239 1644 3291 eadem
1676 3240 1784 3345 est,
1819 3237 1996 3345 etiin-
2026 3253 2070 3316 ο
2112 3269 2225 3325 qua
2250 3259 2399 3311 Deus
2430 3256 2684 3313 ullarum
2717 3236 2850 3317 erit.
2883 3236 3058 3335 Atqui
3087 3270 3236 3323 Deus
3268 3236 3629 3342 aliquorum,
3657 3236 3773 3345 est,

346 3325 787 3380 commutabilis
817 3326 1093 3391 essentia,
1127 3324 1356 3380 diversa
1384 3341 1518 3379 vero
1548 3326 1809 3381 essentia:
1834 3326 1993 3396 adja-

348 3411 540 3466 centia
569 3416 728 3467 sunt.
760 3412 819 3466 Si
852 3427 986 3483 ergo
1018 3413 1075 3465 in
1104 3412 1370 3467 essentiaa
1428 3411 1822 3481 adjacentium
1884 3414 1992 3468 alio

345 3514 461 3569 quo
491 3499 675 3554 Filius
704 3516 738 3555 a
768 3499 931 3555 Patre
962 3499 1210 3567 diII‘erat,
1279 3500 1418 3572 quid
1481 3501 1654 3556 novi?
1691 3501 1806 3558 Nec
1835 3503 1990 3558 enim

339 3586 670 3644 identitatis
699 3588 870 3660 vires,
904 3594 967 3644 ut
996 3594 1108 3644 tuae
1139 3590 1236 3661 qui
1262 3590 1404 3646 talia
1434 3591 1666 3659 deﬁnis,
1700 3596 1987 3663 quantum

337 3678 408 3733 ad
440 3678 761 3734 essentiam
794 3680 1065 3751 pertinet,
1100 3679 1517 3749 iniringuntur,
1549 3686 1651 3737 aut
1679 3681 1987 3737 debilitan-

336 3773 461 3824 tur:
496 3766 713 3839 alioqui
747 3773 808 3823 tu
843 3785 1078 3840 quoque
1108 3770 1287 3841 patris
1320 3770 1405 3825 tui
1440 3775 1601 3841 pater
1632 3770 1744 3825 dici
1772 3771 1985 3841 possis,

334 3871 407 3912 ne
433 3856 574 3928 quid
606 3857 901 3927 omittam,
936 3858 1072 3929 quia
1104 3859 1258 3914 idem
1290 3876 1422 3914 cum
1455 3858 1555 3914 illo
1613 3860 1872 3915 essentia
1902 3877 1981 3916 es.

338 3944 689 4017 Hujusmodi
721 3963 891 4019 porro
921 3948 1120 4019 opinio
1150 3947 1453 4003 illudentis
1485 3957 1571 4004 est
1600 3953 1657 4004 et
1687 3950 1986 4021 sopbistas:

336 4033 397 4090 Si
454 4036 631 4103 enim,
690 4035 876 4106 inquit
928 4036 1046 4103 ille,
1106 4036 1320 4108 quibus
1374 4038 1643 4094 essentia;
1710 4038 1984 4096 identitas

332 4122 507 4193 inest,
540 4123 599 4179 in
635 4124 707 4180 iis
740 4125 1002 4180 essentia:
1035 4142 1267 4197 quoque
1298 4126 1632 4198 adjaceutia
1657 4127 1986 4185 indifferen-

329 4212 412 4269 tia
440 4218 600 4281 sunt,
633 4217 816 4285 tuque
845 4214 999 4269 idem
1030 4230 1092 4270 es
1150 4216 1405 4272 essentia
1458 4233 1591 4271 cum
1653 4221 1816 4288 patre
1858 4223 1981 4288 tuo,

323 4301 653 4374 diciturque
686 4303 742 4358 in
778 4302 877 4359 illo
940 4304 1282 4374 paternitas.
1315 4306 1375 4360 in
1408 4310 1464 4361 te
1523 4311 1717 4362 autem
1755 4308 1979 4375 ﬁliatio,

321 4392 628 4465 trahisque
660 4393 1028 4451 identitatem
1060 4396 1129 4450 ad
1194 4397 1391 4452 omnia
1424 4414 1437 4452 :
1490 4414 1606 4454 non
1639 4398 1854 4465 solum,
1890 4400 1980 4454 in-

322 4497 522 4554 quam,
553 4483 623 4538 ad
658 4483 998 4552 essentiam,
1022 4486 1121 4540 sed
1156 4486 1424 4541 essentia:
1484 4503 1720 4560 quoque
1771 4490 1841 4545 ad
1873 4491 1981 4545 ad—

314 4574 591 4681 iacentia,
626 4573 760 4630 inde
790 4579 945 4631 certe
976 4582 1389 4681 consequatur,
1424 4581 1488 4681 ut
1545 4584 1606 4633 tu
1667 4580 1851 4650 patris
1894 4580 1979 4636 tui
2010 4617 2056 4681 D
2089 4595 2266 4649 traria
2295 4595 2438 4661 sint,
2472 4573 2796 4658 uthabitus
2817 4607 2873 4660 et
2891 4573 3156 4676 privatio,

322 4666 618 4736 pater,ille
644 4682 774 4723 vero
803 4673 964 4735 tuus,
1000 4667 1109 4725 hoc
1140 4672 1230 4725 est
1258 4668 1360 4724 ﬁlii
1393 4669 1484 4725 sui
1515 4670 1672 4727 ﬁlius
1711 4672 1787 4727 sit
1816 4688 1829 4727 :
1860 4689 1975 4745 quo

321 4756 465 4826 quid
499 4756 682 4825 magis
708 4756 1019 4814 ridiculum
1044 4759 1072 4814 ?

391 4848 477 4899 An
508 4844 775 4901 videlicet
804 4860 937 4902 cum
971 4847 1293 4905 immobilis
1334 4854 1570 4906 maneat
1628 4851 1974 4923 proprietas,

315 4946 666 5003 quaeremus,
700 4934 785 4990 ait
817 4934 939 5002 ille,
993 4953 1267 5008 quaenam
1328 4936 1406 4993 sit
1462 4938 1714 4996 essentia
1763 4939 1889 5009 Dei,
1925 4941 1975 4997 si

312 5020 697 5091 quaeramus?
729 5022 1120 5095 Posteaquam
1156 5027 1312 5084 enim
1356 5031 1609 5099 nugator
1660 5030 1972 5085 Anomteus

312 5109 472 5165 velut
498 5109 627 5166 alea
644 5127 748 5182 pro
771 5111 1016 5170 libidine
1038 5116 1643 5187 nominalusit,rebus
1664 5117 1724 5173 in
1757 5118 1970 5175 divinis

319 5200 648 5269 sephistam
682 5218 879 5274 agens,
911 5213 965 5261 et
995 5206 1053 5262 in
1084 5207 1157 5264 iis
1189 5225 1319 5280 quae
1351 5226 1467 5266 non
1493 5208 1969 5283 intelligit,atque

320 5290 742 5362 nunc,quidem
775 5293 1100 5366 ingenitum
1126 5299 1410 5368 genitum,
1445 5315 1602 5356 nunc
1630 5315 1763 5356 vero
1804 5301 1964 5372 inge-

319 5379 508 5435 nitum
542 5381 807 5453 genitum
839 5399 969 5440 esse
995 5387 1275 5453 ostendit,
1329 5387 1388 5443 in
1449 5389 1521 5443 iis
1573 5388 1782 5446 ludens
1840 5407 1966 5461 quae

314 5463 537 5524 ludicra
570 5487 685 5527 non
718 5477 905 5529 sunt:
966 5488 1215 5544 magnus
1272 5475 1369 5532 ille
1422 5476 1590 5534 Pater
1638 5478 1964 5537 immobilia

314 5568 663 5615 conservans
719 5559 845 5617 haec
901 5560 1162 5630 nomina,
1238 5567 1520 5637 tanquam
1580 5569 1961 5639 preprietates

382 5666 429 5706 ⁸⁴
459 5673 619 5731 Psal.
652 5690 803 5745 χιιι,
840 5679 889 5730 1.

2102 3358 2237 3438 ergo
2270 3344 2422 3438 idem
2440 3364 2555 3403 non
2591 3354 2729 3405 sunt
2752 3350 2907 3407 Deus
2937 3358 2994 3408 et
3040 3354 3391 3428 ingenitum.
3453 3362 3603 3419 Nam
3638 3344 3773 3438 quae

2100 3433 2158 3486 in
2192 3435 2468 3491 omnibus
2498 3440 2695 3493 eadem
2732 3445 2894 3510 sunt,
2925 3457 2996 3497 ea
3051 3445 3307 3503 similem
3368 3433 3767 3522 prolationem

2098 3520 2349 3579 habent:
2386 3529 2451 3580 ut
2483 3541 2617 3582 cum
2649 3527 2936 3587 dicimus:
2972 3530 3257 3601 Mortalis,
3311 3520 3504 3610 homo,
3539 3541 3763 3603 horum

2098 3613 2401 3668 nominum
2432 3620 2749 3688 utrumque
2806 3619 3143 3678 absolutum
3194 3630 3331 3682 est:
3392 3645 3524 3685 cum
3581 3649 3761 3693 vero:

2094 3700 2483 3770 Providentia,
2510 3721 2648 3762 cura
2682 3708 2908 3780 σχετικὰ
2941 3727 3041 3766 seu
3066 3711 3251 3769 relata
3305 3727 3461 3773 sunt.
3498 3721 3558 3775 Si
3617 3740 3761 3782 vero

2092 3790 2419 3862 ingenitum
2453 3795 2626 3849 etiam
2659 3797 2797 3850 κατᾶ
2828 3798 3037 3871 σχέσιν,
3072 3801 3180 3859 hoc
3210 3810 3300 3860 est
3328 3807 3588 3877 relative,
3614 3829 3758 3884 pro-

2085 3879 2328 3948 feratur,
2360 3884 2601 3939 ostende
2631 3901 3026 3956 quorumnam
3059 3892 3138 3946 sit
3166 3892 3515 3965 ingenitum.

2153 3968 2236 4023 Tu
2273 3968 2322 4024 si
2353 3971 2609 4027 vicissim
2643 3990 2677 4027 a
2710 3990 2804 4030 me
2836 3977 3004 4047 petis,
3037 3996 3430 4051 quarumnam
3460 3987 3623 4045 Deus
3645 3991 3765 4049 ba-

2085 4055 2208 4112 bitu
2241 4074 2343 4113 seu
2384 4059 2661 4118 relatione
2692 4064 2955 4121 dicatur:
2990 4070 3278 4144 omnium,
3340 4074 3610 4147 inquam.
3640 4082 3762 4146 Qui

2090 4162 2226 4241 ergo
2260 4147 2381 4203 ﬁeri
2417 4154 2625 4222 potest,
2660 4157 2721 4209 ut
2751 4154 2906 4211 idem
2957 4158 3035 4213 sit
3090 4159 3239 4217 Deus
3295 4168 3354 4219 et
3392 4165 3766 4241 ingenitum,

2091 4237 2140 4292 si
2173 4238 2378 4294 horum
2415 4241 2717 4298 nominum
2749 4243 3023 4319 alterum,
3058 4265 3265 4322 nempe
3286 4237 3552 4323 Deus,win
3590 4261 3715 4317 alio

2089 4325 2339 4383 alterum
2370 4344 2524 4399 vero,
2559 4330 2780 4389 scilicet
2803 4333 3155 4409 ingenitum,
3178 4341 3234 4395 in
3268 4343 3463 4416 seipse
3487 4325 3768 4407 circum;

2089 4414 2424 4472 scribatur?
3308 4426 3317 4433 ’

2162 4505 2374 4562 Adhaec
2406 4524 2537 4564 cum
2571 4509 2899 4582 ingenitum
2936 4520 2993 4573 et
3033 4520 3292 4586 genitum
3326 4522 3481 4580 inter
3510 4543 3576 4583 se
3609 4546 3764 4588 con-

3189 4611 3525 4672 Aristoteles
3546 4624 3763 4678 autem

2087 4684 2510 4775 oppositionem
2534 4688 2592 4744 in
2613 4696 2867 4769 quatuor
2898 4695 3142 4767 dividat,
3176 4700 3237 4757 in
3270 4707 3664 4775 contrarium,
3698 4711 3766 4767 in

2087 4770 2143 4872 id
2351 4774 2549 4872 habitu
2580 4787 2633 4834 et
2664 4780 3008 4872 privatione,
3043 4785 3103 4841 in
3164 4788 3223 4844 id
3281 4792 3433 4862 quod
3483 4770 3767 4872 relative,

2084 4864 2144 4916 et
2267 4863 2321 4918 id
2355 4866 2512 4935 quod
2547 4868 2815 4955 negative
2845 4875 3181 4944 opponitur,
3210 4882 3387 4951 atque
3412 4862 3767 4955 negationis

2086 4950 2326 5021 quidem
2357 4954 2686 5026 exemplum
2719 4964 2827 5027 est,
2861 4961 2911 5015 si
2943 4963 3084 5033 quid
3144 4950 3382 5024 esseet
3437 4950 3556 5028 non
3620 4992 3769 5033 esse

2082 5039 2351 5098 dicatur:
2388 5043 2929 5137 relatorumgautem
2965 5052 3232 5125 duplum,
3266 5062 3324 5114 et
3379 5060 3709 5121 dimidium
3747 5085 3765 5137 ;

2082 5143 2286 5186 eorum
2318 5147 2452 5188 vero
2484 5149 2611 5205 quae
2643 5135 2921 5206 privativa
2976 5150 3377 5216 opponuntur,
3415 5151 3666 5209 auditus
3702 5135 3769 5212 et

2081 5218 2343 5313 surditas
2369 5238 2383 5285 ;
2418 5224 2845 5283 contrariorum
2881 5228 3135 5303 denique
3160 5235 3357 5291 album
3378 5246 3434 5293 et
3463 5238 3715 5312 nigrum
3742 5264 3758 5313 ;

2069 5308 2200 5406 jam
2231 5310 2551 5406 videndum
2585 5316 2823 5375 cuinam
2855 5324 3259 5393 oppositorum
3293 5330 3489 5398 generi
3530 5308 3758 5406 ‘subji;

2076 5397 2306 5497 cientur
2334 5400 2661 5474 ingenitum
2694 5412 2750 5463 et
2779 5410 3068 5481 genitum.
3119 5397 3326 5471 Utrum
3381 5397 3709 5481 contrariis
3732 5441 3763 5497 τ

2075 5493 2132 5544 at
2162 5486 2264 5544 illa
2295 5506 2328 5544 a
2358 5507 2421 5547 se
2453 5502 2679 5566 mutuo,
2739 5498 2848 5567 vel,
2909 5505 2973 5558 ut
3027 5503 3222 5560 verius
3261 5507 3481 5579 dicam,
3515 5517 3655 5581 post
3691 5486 3765 5572 se

2075 5583 2421 5649 nascuntur,
2455 5582 2756 5656 siquidem
2787 5588 2860 5646 ab
2915 5590 3048 5649 albo
3105 5595 3366 5669 nigrum,
3418 5597 3512 5655 vel
3548 5601 3764 5674 potius
