4054 6402
256 360 415 424 illi?

1603 355 2011 423 THESAURI
2052 360 2204 422 LIB.
2250 363 2328 426 Υ.

3516 370 3677 433 1418

247 499 382 569 post
410 493 630 552 album.
664 496 797 551 Hac
827 510 1010 566 porro
1071 512 1194 552 non
1223 511 1260 552 a
1289 511 1352 552 se
1400 498 1749 563 nascuntur,
1799 509 1910 550 nec
1939 492 1993 562 Α
2024 494 2100 550 sit
2129 496 2405 569 genitive,
2446 499 2530 558 ita
2559 505 2620 557 et
2668 500 2920 574 Spiritus
2950 519 2984 559 a
3012 501 3159 558 Filio
3209 502 3534 575 processit:
3588 504 3678 560 ita

250 587 409 643 enim
436 602 505 641 ex
527 586 979 659 ingeneratione
1003 586 1334 659 generatio,
1353 601 1464 642 nec
1480 602 1552 641 ex
1573 585 1908 658 generatio-

251 695 325 734 ne
359 678 751 750 ingeneratio.
787 681 862 733 At
893 695 1027 734 vero
1060 678 1263 733 relatis
1320 678 1692 734 accensenda
1723 676 1909 732 sunt?

250 767 444 823 Atilla
470 768 810 823 referuntur
831 768 903 823 ad
924 768 1061 834 alia,
1096 773 1162 823 ut
1193 767 1439 839 duplum
1461 767 1534 822 ad
1565 766 1905 829 dimidium,

249 864 306 912 et
326 876 354 912 e
389 858 644 914 diverso.
669 860 784 931 Age
812 875 946 914 vero
969 859 1347 930 negationine
1379 857 1755 913 ascribentur
1779 856 1805 912 ?
1833 859 1907 911 At

249 948 376 1004 haec
408 966 646 1020 quoque
670 951 915 1004 nomina
939 955 1096 1016 sunt,
1122 949 1338 1021 quibus
1366 965 1560 1020 neque
1585 948 1903 1003 afﬁrmatio

249 1057 443 1111 neque
476 1040 711 1112 negatio
744 1038 1207 1096 demonstratur.
1261 1040 1466 1110 Itaque
1519 1041 1791 1109 superest
1840 1041 1905 1090 ut

248 1129 460 1185 habitu
491 1136 550 1185 et
580 1128 907 1202 privatione
940 1130 1095 1184 inter
1155 1146 1216 1185 se
1262 1132 1660 1201 opponantur,
1714 1128 1796 1182 ita
1839 1131 1906 1182 ut

246 1220 513 1292 genitum
539 1220 781 1292 quidem
814 1219 891 1275 sit
920 1220 1157 1274 habitus
1181 1219 1686 1291 quemadmodum
1707 1219 1862 1273 visus
1886 1233 1899 1272 :

238 1309 574 1383 ingenitum
603 1316 802 1365 autem
820 1309 1219 1380 privatio,non
1245 1325 1417 1364 secus
1432 1314 1611 1380 atque
1634 1309 1895 1363 caecitas.

320 1399 375 1453 Si
409 1416 544 1472 ergo
577 1399 703 1454 haec
735 1399 1006 1471 opposita
1036 1404 1195 1466 sunt,
1240 1404 1308 1453 ut
1355 1398 1784 1465 demonstravi,
1834 1404 1900 1454 tu

244 1494 444 1545 autem
478 1506 566 1552 ea,
601 1506 633 1543 ο
666 1491 967 1553 Anomme,
1004 1487 1367 1544 substantias
1418 1504 1548 1543 esse
1607 1488 1777 1557 dicis,
1828 1505 1898 1543 ex

241 1588 344 1640 tua
375 1585 777 1652 consequetur
807 1579 1097 1646 oratione,
1130 1584 1197 1633 ut
1226 1577 1574 1633 substantiae
1600 1577 1732 1633 aliae
1764 1577 1898 1633 aliis

240 1676 641 1744 opponantur,
678 1668 837 1740 quod
868 1684 988 1722 non
1019 1666 1386 1723 conceditur.
1414 1665 1582 1731 Quod
1631 1666 1680 1721 si
1733 1667 1898 1737 geni-

239 1770 368 1820 tum
413 1760 657 1834 quidem
711 1758 963 1827 habitui,
1013 1757 1344 1830 ingenitum
1394 1774 1530 1812 vero
1581 1756 1896 1829 privationi

2018 592 2084 641 ut
2112 587 2273 643 aliud
2315 589 2599 660 primum,
2630 590 2789 647 aliud
2822 589 3171 663 secundum,
3204 591 3367 647 aliud
3425 592 3672 650 tertium

2018 682 2366 735 statuamus.
2400 680 2570 736 Absit
2608 698 2643 737 a
2686 682 2857 737 nobis
2906 680 3253 754 hujusmodi
3302 680 3676 753 blasphemia

2019 772 2271 828 ethnicm
2303 774 2550 830 deorum
2600 775 2999 831 multitudinis
3050 774 3318 831 Ethnicis
3376 776 3535 831 enim
3586 776 3670 831 dii

2018 867 2157 917 sunt
2186 863 2403 920 Caelum
2441 870 2501 920 et
2526 867 2835 928 Saturnus,
2869 882 2903 921 a
2932 864 3148 936 quibus
3176 870 3398 937 patres,
3451 865 3580 934 lilii,
3614 870 3677 922 et

2016 958 2283 1023 nepotes.
2323 955 2510 1008 Unum
2545 954 2705 1009 enim
2735 953 2892 1025 apud
2922 970 3030 1008 nos
3048 953 3359 1009 ambarum
3380 970 3672 1024 persona-

2014 1058 2146 1096 rum
2179 1043 2482 1099 vinculum
2515 1049 2624 1111 est,
2659 1044 2866 1099 Pater:
2909 1043 2984 1098 ad
3014 1060 3192 1114 quem
3214 1042 3582 1099 reducuntur
3598 1061 3670 1101 ea

2015 1149 2147 1202 qum
2179 1133 2252 1188 ab
2283 1133 2387 1189 illo
2445 1133 2797 1206 procedunt.
2848 1135 2917 1188 Et
2973 1149 3082 1188 nos
3127 1134 3210 1189 ita
3256 1132 3556 1190 credimus
3607 1138 3667 1189 et

2014 1222 2330 1289 sentimus,

2672 1314 2829 1370 CAP.
2873 1314 3006 1368 LIV.

2008 1421 2337 1477 Sanctorum
2404 1425 2632 1477 Patrum
2687 1424 3008 1478 assertiones
3064 1422 3323 1478 adversus
3399 1422 3661 1477 Eunomii

2081 1494 2331 1561 heresin,
2389 1510 2501 1565 qua
2561 1495 2725 1550 Deum
2781 1495 3005 1550 Patrem
3057 1511 3169 1550 non
3241 1510 3454 1564 semper
3493 1495 3663 1564 fuisse

2083 1565 2443 1636 blasphemat.

2079 1674 2435 1730 Eunomiani
2467 1691 2641 1746 porro
2675 1675 2904 1730 caeteris
2934 1673 3324 1747 blasphemiis
3356 1673 3481 1729 suis
3506 1674 3661 1730 hanc

2009 1780 2245 1835 quoque
2276 1763 2592 1831 addebant,
2636 1769 2818 1820 Deum
2883 1770 2940 1820 et
2982 1766 3217 1819 Patrem
3265 1779 3386 1819 non
3426 1779 3664 1836 semper

236 1852 437 1910 simile
470 1851 565 1916 sit,
606 1855 671 1905 tu
713 1854 913 1904 autem
966 1848 1233 1921 genitum
1284 1846 1525 1919 quidem
1575 1847 1894 1903 essentiam
1922 1867 1969 1932 Β
2009 1854 2216 1919 fuisse,
2250 1854 2352 1909 sed
2386 1854 2661 1911 essentia:
2682 1854 3046 1927 principium
3076 1853 3355 1909 habuisse
3385 1870 3396 1907 :
3433 1859 3661 1926 tempo-

234 1944 395 2009 Filii,
429 1941 761 2011 ingenitum
795 1957 929 1995 vero
978 1937 1169 1994 Patris
1222 1938 1545 1993 essentiam
1596 1938 1894 2007 nominas,

236 2040 399 2091 certe
431 2031 615 2088 Filius
637 2032 810 2086 Patre
840 2030 1003 2102 prior
1034 2028 1165 2095 erit,
1199 2028 1522 2083 uthabitus
1546 2028 1894 2100 privatione.

236 2125 543 2194 Filiusque
593 2121 664 2176 de
726 2118 922 2175 medio
983 2118 1247 2185 tolletur,
1295 2123 1584 2190 tanquam
1631 2118 1895 2186 habitus,

237 2232 273 2272 a
302 2217 500 2279 Patre,
532 2215 815 2282 tanquam
848 2209 1197 2281 privatione.
1231 2207 1723 2279 Quandoquidem
1774 2209 1895 2280 pri-

237 2302 577 2361 vationibus
610 2301 922 2357 habituum
982 2299 1053 2355 de
1112 2298 1308 2355 medio
1359 2297 1759 2354 tollendorum
1811 2298 1895 2353 vis

239 2395 421 2456 inest,
481 2397 545 2447 ut
605 2389 838 2446 caecitas
912 2389 1124 2459 visum,
1188 2388 1564 2462 surditasque
1624 2388 1894 2445 auditum

234 2482 502 2559 perimit.

896 2586 1054 2643 CAP.
1098 2585 1235 2643 LIII.

228 2701 411 2756 Plura
470 2697 712 2766 ejusdem
769 2696 1072 2762 Chonialae,
1131 2694 1390 2750 adversus
1449 2694 1547 2750 hoc
1594 2696 1891 2753 Anomaso-

301 2787 430 2827 rum
456 2769 741 2841 problema
766 2784 778 2821 :
809 2770 939 2823 Fuit
972 2774 1182 2837 tempus
1213 2784 1320 2839 quo
1349 2783 1460 2822 non
1486 2768 1601 2837 fuit
1633 2768 1816 2824 Pater.

300 2912 480 2971 Arius
512 2911 776 2984 quidem,
810 2911 1032 2975 Aetius,
1069 2915 1128 2967 et
1167 2909 1494 2966 Eunomius
1541 2910 1890 2968 Trinitatem

223 3007 463 3062 honore
494 3002 944 3073 substantiaque
988 3018 1327 3073 comparem
1358 3007 1480 3057 tres
1508 3001 1570 3056 in
1602 3018 1888 3074 personas

226 3097 497 3153 diversas
555 3094 917 3161 dividebant,
980 3093 1432 3166 ingenitumqne
1511 3099 1569 3148 et
1624 3089 1887 3168 ἄναρχον,

224 3187 528 3264 principio
561 3190 890 3250 carentem,
922 3184 1116 3240 solum
1152 3188 1379 3240 Patrem
1411 3183 1719 3251 vocabant,
1756 3190 1892 3256 post

228 3295 373 3337 eum
404 3294 538 3333 vero
569 3275 979 3348 πρωτόκτιστον
1013 3274 1251 3346 ποίημα,
1284 3276 1395 3331 hoc
1426 3281 1516 3331 est
1555 3281 1890 3332 creaturam

226 3370 431 3443 primo
473 3369 755 3426 creatam,
792 3361 1004 3417 Filium
1039 3378 1052 3417 :
1090 3364 1310 3434 quippe
1343 3366 1444 3435 qui
1487 3365 1614 3420 loco
1663 3367 1894 3421 instru—

224 3457 423 3517 menti
455 3454 529 3511 ad
560 3469 758 3510 rerum
783 3451 1051 3509 omnium
1084 3451 1537 3523 productionem
1559 3455 1718 3507 Patri
1740 3454 1884 3509 futu-

224 3565 334 3607 rus
398 3550 570 3600 esset.
632 3545 770 3598 Post
825 3541 1041 3597 Filium
1073 3557 1230 3606 vero,
1279 3539 1565 3612 Spiritum
1615 3547 1890 3596 sanctum

225 3635 591 3695 statuebant.
629 3632 792 3699 Quod
824 3637 1024 3687 autem
1075 3630 1394 3686 adoramus
1447 3628 1724 3703 μοναρχία
1777 3634 1886 3697 est,

225 3744 341 3785 seu
373 3724 650 3779 divinitas
682 3739 819 3792 una,
855 3738 974 3779 non
1006 3738 1184 3775 unam
1208 3720 1267 3775 in
1289 3719 1633 3792 bypostasin
1664 3725 1886 3785 coacta,

226 3818 337 3877 sed
392 3815 579 3871 tribus
631 3813 907 3868 distincta
959 3812 1252 3883 personis,
1306 3815 1361 3866 et
1417 3810 1594 3864 unius
1646 3808 1889 3882 quidem

226 3905 633 3982 appellatione
651 3902 1480 3970 divinitas,essentia,natura,
1504 3900 1888 3973 principium,

228 4006 291 4055 et
324 3997 558 4052 forma:
596 3993 772 4050 trium
832 4009 986 4058 vero,
1034 4009 1325 4066 personm,
1387 3991 1782 4056 characteres,
1834 3996 1893 4047 et

230 4085 547 4147 individua
569 4083 1414 4157 intelliguntur.Proprietates
1434 4082 1593 4137 enim
1620 4081 1892 4155 hyposta-

234 4179 405 4236 sibus
435 4174 658 4230 all‘ectte
691 4178 849 4236 sunt,
882 4177 941 4227 at
989 4188 1108 4226 non
1162 4176 1302 4226 sunt
1350 4171 1720 4242 hypostases.
1773 4172 1890 4228 Hoc

229 4283 376 4326 vero
407 4263 710 4321 Trinitatis
741 4262 1126 4334 principium,
1162 4261 1209 4317 si
1243 4266 1536 4332 quatenus
1559 4276 1747 4317 unum
1779 4267 1887 4330 est,

231 4355 670 4421 consideretur,
704 4351 1000 4424 principio
1029 4355 1210 4420 caret,
1243 4357 1654 4422 aeternumque
1691 4357 1800 4420 est,
1835 4359 1893 4408 et

231 4447 484 4507 omnino
527 4448 899 4517 perpetuum.
939 4441 997 4498 Si
1036 4458 1173 4497 vero
1205 4446 1497 4513 quatenus
1524 4441 1587 4498 in
1608 4458 1892 4515 personas

233 4537 547 4601 dividitur,
581 4550 702 4590 una
732 4532 863 4604 ejus
897 4548 1152 4604 persona
1182 4532 1477 4604 principio
1510 4537 1674 4589 caret
1713 4549 1726 4587 :
1761 4532 1892 4589 aliae

2008 1944 2196 2000 ralem
2228 1944 2366 2000 inde
2396 1944 2528 2000 Filii
2568 1944 3015 2017 generationem
3064 1943 3534 2009 introducentes,
3566 1948 3660 2000 ta-

2004 2031 2241 2104 lemque
2272 2033 2441 2103 adeo,
2499 2034 2734 2105 qualem
2791 2034 2853 2089 in
2903 2033 3192 2089 creaturis
3235 2032 3659 2089 animadverti-

2004 2140 2159 2180 mus.

2076 2215 2171 2271 Eis
2203 2232 2379 2288 porro
2411 2215 2570 2273 hunc
2600 2215 2663 2273 in
2695 2215 2938 2273 modum
2972 2218 3177 2273 Patres
3215 2215 3326 2272 hac
3357 2215 3419 2272 in
3449 2230 3512 2272 re
3545 2213 3654 2272 ad-
3756 2269 3763 2277 .

2002 2310 2333 2363 versantur.

2000 2435 2056 2491 S.
2090 2432 2291 2489 Basilii
2314 2432 2571 2491 adversus
2602 2432 2962 2575 hocpeum
3013 2433 3233 2489 Patrem
3282 2448 3393 2489 non
3439 2449 3647 2505 semper

2790 2521 2909 2562 isse.

2790 2521 2909 2562 ιεεθ.

2073 2614 2121 2669 1.
2159 2613 2216 2669 Si
2248 2612 2350 2670 Dei
2382 2612 2739 2669 beatitudini
2786 2613 3102 2685 pulchrum
3134 2613 3247 2669 hoc
3279 2615 3339 2667 et
3371 2611 3654 2672 decorum

2001 2706 2111 2767 est,
2143 2706 2211 2758 ut
2241 2702 2316 2757 sit
2344 2703 2539 2770 Pater,
2573 2701 2717 2773 quid
2750 2700 2979 2757 obstitit
3009 2701 3322 2773 qusminus
3353 2701 3425 2757 ab
3484 2701 3655 2757 initio

2000 2791 2281 2848 decorum
2315 2793 2368 2846 ei
2401 2792 2659 2848 adfuerit
2679 2792 2706 2847 τ
2735 2792 2881 2847 Nam
2911 2791 3002 2846 vel
3034 2792 3108 2847 ad
3140 2791 3289 2864 ejus,
3313 2791 3472 2863 quod
3501 2809 3658 2864 prus-

2001 2882 2253 2938 stantius
2285 2888 2394 2952 est,
2426 2883 2847 2955 ignorantiam,
2879 2881 2968 2938 vel
2993 2881 3065 2937 ad
3101 2881 3515 2953 impotentiam
3548 2880 3657 2937 de-

1998 2973 2218 3029 fectum
2253 2971 2556 3027 referunt:
2600 2971 2997 3045 ignorantiam
3038 2971 3301 3043 quidem,
3354 2970 3401 3026 si
3450 2975 3657 3043 postea

2001 3062 2157 3133 quod
2190 3062 2405 3118 melius
2434 3066 2525 3118 est
2577 3061 2972 3130 adinvenerit,
3027 3061 3444 3133 impotentiam
3492 3076 3652 3125 vero.

2000 3152 2046 3206 si
2081 3167 2216 3206 cum
2244 3150 2443 3218 sciret,
2474 3150 2631 3206 ultro
2665 3156 2865 3206 tamen
2896 3154 2969 3206 ab
3002 3168 3069 3206 eo
3103 3149 3262 3222 quod
3320 3150 3652 3224 pulcherri-

1920 3244 1964 3309 ο
2004 3257 2163 3297 mum
2198 3244 2289 3295 est
2317 3239 2621 3297 exciderit.
2655 3240 2818 3306 Qued
2850 3240 2899 3295 si
2931 3240 2985 3296 ei
3032 3239 3350 3311 pulchrum
3402 3256 3523 3295 non
3578 3239 3657 3294 sit

2001 3348 2132 3387 esse
2164 3332 2423 3393 Patrem.
2458 3347 2718 3401 quanam
2747 3329 2819 3385 de
2851 3345 3028 3386 causa
3057 3334 3193 3403 post
3239 3329 3653 3399 mutationem,

2003 3420 2183 3492 elegit
2213 3420 2372 3491 quod
2403 3419 2666 3478 deterius
2701 3426 2791 3475 est
2811 3421 2838 3477 ‘l

2400 3527 2684 3600 Theologi,
2716 3545 2785 3584 ea:
2818 3529 2912 3584 lib.
2945 3545 2963 3583 ι
2991 3530 3065 3583 De
3094 3528 3264 3585 Filio.

2066 3636 2117 3687 2.
2142 3634 2409 3698 Quonam
2434 3637 2697 3704 tempore
2722 3635 2897 3689 Pater
2916 3650 3036 3688 non
3069 3633 3240 3689 erat?
3259 3636 3338 3689 Eo
3360 3634 3650 3692 nimirum

1997 3738 2113 3793 quo
2145 3721 2330 3777 Filius
2361 3738 2480 3777 non
2513 3726 2660 3779 erat.
2691 3721 2853 3777 Idem
2889 3728 3046 3778 certe
3079 3721 3152 3776 de
3182 3722 3330 3779 Filio
3352 3730 3411 3779 et
3431 3724 3654 3795 Spiritu

1997 3816 2203 3869 sancto
2234 3812 2475 3869 dixeris.
2511 3812 2729 3869 lterum
2761 3812 3123 3885 interrogato
3146 3813 3652 3886 me,vicissimque

1997 3904 2103 3959 tibi
2135 3903 2534 3976 respondebo.
2576 3906 2844 3971 Quonam
2879 3908 3144 3976 tempore
3181 3903 3367 3961 Filius
3414 3907 3649 3978 genitus

1998 3997 2135 4053 est?
2162 3998 2243 4052 Eo
2274 3996 2559 4052 nimirum
2593 4012 2708 4068 quo
2740 3997 2917 4052 Pater
2945 3994 3180 4069 genitus
3210 4012 3331 4050 non
3380 4000 3486 4052 est.
3520 3998 3645 4063 Quo

1997 4087 2258 4159 denique
2290 4092 2557 4158 tempore
2589 4086 2841 4158 Spiritus
2872 4086 3211 4158 processit?
3249 4087 3329 4140 Eo
3358 4085 3647 4142 nimirum

1999 4195 2118 4250 quo
2152 4177 2335 4233 Filius
2376 4194 2499 4233 non
2557 4176 2895 4249 processit:
2943 4175 3047 4231 sed
3096 4174 3329 4250 genitus
3380 4181 3472 4231 est
3522 4176 3651 4233 sine

1999 4272 2288 4338 tempore,
2348 4270 2407 4323 et
2468 4283 2649 4339 supra
2686 4271 2942 4338 tempus.
2998 4266 3121 4322 Etsi
3172 4264 3497 4336 nequimus
3543 4265 3660 4325 hoc

1998 4356 2376 4429 verbi.Supra
2399 4362 2656 4430 tempus,
2680 4356 3314 4429 exprimere,volumus
3331 4356 3492 4414 enim
3512 4362 3661 4415 tem-

1998 4446 2269 4520 poralem
2300 4446 2800 4520 signiﬁcationem
2831 4448 3092 4519 effugere
3141 4447 3307 4518 (nam
3339 4446 3655 4517 dictiones,

2000 4536 2270 4604 Quando,
2303 4538 2513 4604 Antea,
2547 4536 2825 4599 Posthac,
2867 4541 2927 4593 et
2962 4536 3050 4593 Ab
3106 4537 3298 4606 initio,
3350 4554 3471 4594 non
3524 4543 3664 4594 sunt

230 4645 381 4686 vero
416 4631 475 4683 et
506 4624 634 4680 sine
664 4622 979 4696 principio,
1013 4626 1072 4677 et
1102 4638 1223 4677 non
1254 4621 1381 4677 sine
1414 4621 1704 4695 principio
1730 4628 1889 4680 sunt.
1921 4615 1968 4681 D
2001 4628 2130 4684 sine
2151 4633 2435 4700 tempore.
2461 4628 2903 4699 quantumlibet
2929 4627 3046 4682 vim
3068 4627 3262 4682 verbis
3285 4627 3655 4698 all'eramus),

228 4721 387 4776 Nam
422 4715 469 4770 si
502 4729 601 4770 eas
635 4712 709 4769 ad
739 4711 998 4784 primam
1029 4727 1269 4767 causam
1303 4711 1572 4780 reducas,
1599 4728 1719 4767 non
1754 4718 1896 4769 sunt

230 4809 371 4867 sine
418 4803 734 4877 principio.
785 4788 867 4858 Ex
898 4801 1003 4857 illa
1050 4801 1211 4857 enim
1261 4801 1615 4874 procedunt,
1666 4808 1725 4858 at
1775 4820 1895 4860 non

230 4900 380 4974 post
409 4893 594 4950 illam.
646 4892 749 4947 Sin
797 4906 897 4948 eas
946 4907 1082 4946 cum
1129 4889 1499 4963 temporibus
1556 4896 1615 4947 et
1661 4893 1894 4949 saeculis

233 4984 465 5046 nostris
496 4981 785 5049 conferas,
809 4985 985 5052 atque
1017 4980 1164 5036 adeo
1191 4996 1325 5036 cum
1348 4981 1508 5037 omni
1533 4982 1896 5055 proprietate

235 5070 656 5138 intellectuali,
683 5071 812 5126 sine
833 5070 1125 5142 principio
1156 5076 1216 5126 et
1235 5069 1501 5142 ingenita
1523 5077 1665 5127 sunt
1692 5071 1894 5145 Itaque

234 5167 428 5223 trium
459 5164 673 5219 harum
723 5161 1124 5233 hypostaseon
1173 5176 1293 5217 una
1346 5162 1590 5218 omnino
1638 5157 1893 5238 ἄναρχος,

232 5258 357 5314 hoc
391 5258 481 5309 est
506 5252 633 5309 sine
665 5249 959 5323 principio
987 5249 1226 5317 dicitur,
1260 5251 1545 5307 nimirum
1584 5252 1779 5320 Pater,
1812 5272 1898 5310 re-

231 5346 543 5416 liquarum
602 5342 854 5397 duarum
900 5336 1087 5395 altera
1135 5339 1337 5403 Filius,
1381 5340 1565 5396 altera
1619 5342 1893 5415 Spiritus,

231 5434 435 5495 ambae
486 5451 521 5490 8.
570 5436 740 5489 Patre
799 5430 1211 5497 subsistentes,
1272 5447 1394 5487 non
1436 5436 1638 5489 tamen
1686 5434 1896 5491 eodem

231 5525 444 5586 modo.
476 5523 654 5580 Filius
690 5523 851 5579 enim
885 5522 1116 5594 genitus
1142 5521 1514 5593 est,Spiritus
1535 5527 1735 5580 autem
1758 5542 1899 5599 pro-

229 5615 441 5684 cessit,
472 5612 563 5671 vel
594 5611 792 5686 potius
822 5611 920 5669 ille
954 5611 1232 5685 gignitur,
1264 5611 1361 5668 hic
1393 5612 1680 5685 procedit.

307 5707 443 5765 Non
469 5706 628 5763 enim
649 5702 1153 5777 quemadmodum
1175 5720 1210 5760 a
1246 5704 1420 5761 Patre
1442 5705 1623 5761 Filius
1651 5724 1893 5779 proces-

568 5829 833 5888 PATROL.
882 5828 992 5887 Gn.
1038 5826 1324 5889 CXXXIX
1341 5871 1355 5887 .

2004 4717 2120 4774 nisi
2152 4716 2422 4774 dicamus
2454 4718 2526 4781 (si
2558 4717 2768 4775 saltem
2801 4716 3177 4775 intervallum
3203 4715 3373 4785 illud,
3407 4715 3566 4787 quod
3597 4716 3659 4771 in

2004 4808 2182 4865 rebus
2222 4808 2599 4880 protenditur
2628 4806 2892 4872 aeternis,
2927 4805 3207 4861 saeculum
3241 4804 3659 4877 vocemus),tid

2005 4897 2163 4971 quod
2194 4914 2390 4968 neque
2422 4897 2545 4954 ullo
2587 4900 2774 4957 motu,
2802 4911 2996 4966 neque
3030 4895 3172 4951 solis
3223 4911 3401 4951 cursu
3448 4893 3661 4952 dividi-

2004 5006 2138 5046 mus
2168 4993 2271 5046 aut
2300 4990 2602 5055 metimur,
2636 4987 2795 5060 quod
2827 4992 2985 5044 certe
3014 4992 3249 5058 tempus
3282 4992 3391 5044 est.

2077 5081 2184 5146 Qui
2237 5095 2375 5153 ergo
2436 5078 2562 5134 ﬁeri
2620 5078 2826 5151 possit,
2888 5081 2955 5133 ut
3011 5077 3220 5151 [Filius
3271 5082 3331 5132 et
3386 5076 3663 5150 Spiritus]

2005 5167 2315 5247 συνάὶναρχα
2358 5185 2479 5225 non
2530 5167 2671 5234 sint,
2730 5168 2842 5223 hoc
2902 5171 2992 5225 est
3038 5167 3333 5241 principio
3379 5169 3664 5235 carentia,

2008 5262 2057 5318 si
2099 5266 2397 5318 coaeterna
2445 5260 2640 5316 sunt?
2697 5260 2988 5325 Quoniam
3038 5260 3111 5315 ab
3153 5259 3259 5316 illo
3309 5258 3666 5332 procedunt,

2008 5351 2275 5424 quamvis
2306 5354 2441 5423 post
2470 5349 2641 5406 illum
2674 5366 2795 5405 non
2826 5349 3088 5406 fuerunt.
3121 5348 3288 5416 Quod
3320 5349 3484 5404 onim
3507 5347 3666 5419 prin-

2008 5441 2162 5513 cipio
2195 5444 2376 5506 caret,
2411 5443 2699 5495 aeternum
2733 5440 2913 5496 etiam
2937 5446 3027 5496 est
3052 5457 3064 5494 :
3090 5438 3248 5511 quod
3269 5443 3471 5495 autem
3498 5442 3669 5493 uetere

2006 5548 2151 5588 num
2184 5536 2293 5596 est,
2325 5546 2446 5586 non
2478 5530 2723 5586 omnino
2755 5530 3052 5603 principio
3075 5533 3258 5595 caret,
3282 5529 3328 5584 si
3353 5529 3566 5585 saltem
3589 5527 3666 5584 ad

2006 5622 2390 5695 principium,
2445 5620 2559 5677 hoc
2616 5626 2705 5676 est
2759 5623 3019 5689 Patrem,
3078 5619 3395 5676 referatur.
3456 5621 3662 5689 Itaque

2005 5711 2299 5785 principio
2320 5727 2443 5767 non
2460 5715 2666 5769 carent
2693 5712 2927 5769 ratione
2959 5727 3175 5768 causae.
3208 5711 3453 5767 Constat
3480 5724 3665 5782 porro

3267 5831 3344 5889 45
