4054 6396
360 387 520 450 “19

1667 373 1975 440 meum
2015 353 2440 434 caenum:

3637 369 3803 431 1420

362 542 602 585 causam
637 525 710 582 iis
735 521 978 580 omnino
1001 519 1398 593 antiquiorem
1429 535 1550 576 non
1583 531 1732 573 esse.
1759 527 2014 586 quorum
2051 514 2096 578 Α
2130 509 2260 581 ejus
2286 506 2551 580 perfecta
2581 507 2691 561 est.
2724 505 2929 576 Itaque
2959 501 3076 560 hoc
3105 501 3194 558 illi
3225 518 3348 560 non
3403 503 3682 574 accessit,
3735 511 3805 560 ut

361 634 542 676 causa
573 621 700 672 est:
729 631 837 670 nec
866 613 1024 668 enim
1054 611 1136 668 sol
1181 611 1316 668 luce
1367 609 1670 682 antiquior
1707 611 1816 662 est.
1872 606 2019 657 Item

361 705 656 780 principio
691 701 1130 776 quodammodo
1163 705 1388 768 carent,
1449 699 1679 754 ratione
1711 691 2016 764 temporis,

364 797 696 870 quamlibet
715 798 773 848 tu
799 793 958 848 larva
981 797 1081 846 tua
1104 796 1162 846 et
1187 789 1668 846 terriculamento
1703 781 2023 856 simplicio-

363 886 532 941 ribus
563 885 836 955 imponas
883 884 997 936 l‘iec
1031 880 1193 935 enim
1224 879 1478 950 tempori
1508 875 1908 949 subjiciuntur
1930 885 2020 937 ea,

367 989 440 1031 ex
480 972 695 1044 quibus
717 971 915 1043 ipsum
949 974 1185 1040 tempus
1217 968 1423 1022 oritur.

637 1097 894 1168 Ejusdem
926 1095 1121 1150 Basilii
1149 1111 1219 1149 ex
1261 1095 1447 1148 eadem
1477 1089 1754 1148 oratione.

435 1209 487 1262 3.
525 1205 829 1262 Habentur
861 1203 1178 1274 [Anommi]
1214 1207 1508 1274 praeterea
1564 1199 1854 1253 rationem
1907 1193 2024 1250 ali-

370 1313 548 1369 quam
585 1311 654 1350 ex
685 1295 759 1349 iis
792 1310 938 1366 quas
972 1298 1184 1364 putant
1208 1286 1738 1362 inexpugnabiles?
1761 1283 2027 1340 Adillam

368 1387 542 1454 forte,
585 1389 869 1455 tanquam
901 1381 977 1436 ad
1020 1387 1350 1436 extremum
1400 1375 1764 1449 praesidium.
1821 1373 2031 1428 confu-

367 1475 550 1549 gient.
584 1479 652 1528 ut
681 1473 916 1527 dicant:
958 1471 1015 1526 Si
1045 1487 1166 1525 non
1199 1468 1375 1525 desiit
1405 1482 1690 1540 generare
1714 1465 1890 1529 Deus,
1917 1462 2028 1517 im-

369 1563 640 1636 perfecta
672 1568 764 1616 est
791 1559 1120 1634 generatio,
1153 1565 1213 1612 et
1243 1556 1564 1628 aliquando
1589 1553 1822 1609 desinet
1851 1568 2033 1625 gene-

370 1669 504 1710 rare
529 1655 547 1708 ‘:
583 1651 675 1706 sin
733 1650 931 1716 desiit,
985 1649 1248 1720 profecto
1302 1647 1481 1701 etiam
1531 1645 1723 1716 cmpit.
1779 1644 2032 1698 Rursum

373 1741 650 1799 homines
681 1739 916 1811 corpori
947 1737 1152 1804 dediti,
1186 1753 1317 1808 quin
1349 1750 1633 1807 corporea
1670 1737 1830 1800 sunt,
1871 1747 1941 1787 ea
1971 1731 2033 1786 in

373 1830 642 1886 medium
674 1828 1006 1902 proferunt.
1039 1828 1114 1882 At
1158 1841 1264 1898 ego
1303 1830 1504 1882 utrum
1550 1824 1663 1880 hoc
1710 1820 1853 1878 Filio
1905 1837 2036 1893 pro-

378 1918 578 1991 prium
655 1917 754 1984 sit,
822 1921 889 1971 ut
955 1931 1098 1987 perp

379 2007 805 2080 explicandum
837 2006 985 2060 mihi
1041 2021 1170 2060 esse
1220 2010 1387 2076 puto,
1439 2019 1616 2074 quam
1671 2001 1850 2056 verba
1895 1999 2038 2056 illa:

381 2097 519 2152 Ante
549 2112 733 2152 omnes
778 2095 938 2150 colles
993 2110 1090 2165 ego
1128 2093 1494 2164 parturiat/ar
1524 2091 1590 2158 ⁸⁸,
1641 2090 1900 2163 penitius
1945 2105 2040 2145 ac-

385 2187 770 2260 curatiusque
804 2185 1162 2242 discussero.
1197 2185 1312 2240 Nec
1343 2189 1544 2240 tamen
1567 2181 1736 2238 video
1761 2179 1903 2253 quid
1933 2196 2043 2236 ne-

389 2277 650 2334 cessario
680 2274 1070 2332 concludatur
1089 2275 1199 2330 bac
1230 2271 1764 2347 argumentatione.
1799 2271 1943 2326 Nam
1967 2269 2037 2340 si,

380 2370 448 2424 ut
494 2365 593 2422 isti
644 2365 867 2436 volunt,
920 2364 980 2419 id
1031 2367 1224 2436 ccepit,
1277 2362 1434 2434 quod
1488 2361 1666 2416 finem
1717 2358 2037 2432 aliquando

387 2455 731 2512 habiturum
771 2461 878 2523 est,
931 2455 990 2509 id
1042 2459 1202 2509 certe
1259 2452 1418 2525 quod
1468 2451 1648 2508 tinem
1697 2450 2037 2506 habiturum

377 2563 504 2603 non
541 2552 651 2615 est,
687 2547 850 2602 nullo
879 2562 1146 2617 unquam
1181 2551 1448 2616 tempore
1478 2543 1654 2614 coepit
1705 2542 1856 2608 Quid
1895 2556 2032 2614 ergo

378 2635 451 2690 de
474 2636 694 2704 anima,
721 2637 1056 2710 angelicave
1087 2641 1301 2691 natura
1329 2632 1674 2706 responsuri
1705 2631 1888 2687 sunt?
1919 2635 2031 2699 An,

360 2726 607 2780 tametsi
665 2742 793 2780 esse
851 2725 1162 2797 cmperint,
1213 2723 1505 2779 desituras
1555 2721 1736 2777 etiam
1786 2719 2034 2776 dicent?

371 2816 486 2870 Aut
517 2815 565 2870 si
599 2831 722 2870 non
753 2815 1051 2878 desinant,
1081 2831 1154 2869 ne
1180 2813 1305 2870 ullo
1329 2811 1570 2884 quidem
1595 2825 1859 2882 unquam
1885 2815 2032 2865 tem-

363 2921 518 2975 pore
551 2905 844 2976 cmpisse‘?
875 2905 1050 2976 Atqui
1102 2909 1162 2959 et
1211 2906 1518 2974 coeperunt
1565 2917 1716 2969 esse,
1768 2906 1828 2956 et
1875 2915 2034 2955 nun-

359 3009 554 3066 quam
602 2997 782 3052 {lnem
832 2995 1125 3052 habiturae
1185 2999 1340 3048 sunt.
1390 2993 1595 3047 Utrum
1635 3007 1773 3064 ergo
1826 3005 2029 3046 verum

361 3083 473 3140 hoc
500 3089 609 3153 est,
648 3085 808 3157 quod
842 3085 936 3140 isti
961 3085 1127 3139 aiunt
1158 3099 1170 3136 :
1202 3081 1503 3152 Quidquid
1534 3081 1772 3136 initium
1801 3079 2028 3148 habuit,

359 3171 424 3229 id
457 3173 635 3230 tinem
672 3191 908 3246 quoque
941 3172 1287 3228 habiturum
1323 3185 1451 3225 esse
1474 3169 1502 3223 '?
1531 3171 1678 3224 Ecce
1727 3184 1863 3224 vero
1895 3169 2026 3240 ipsa

2129 601 2416 673 gigneret,
2450 609 2646 668 neque
2675 595 2916 668 gignere
2947 594 3142 666 rapit.

2693 703 2948 776 Ejusdem
2988 702 3210 774 Cyrilli.

2201 820 2254 873 7.
2288 813 2452 880 Quod
2486 811 2757 885 pariendi
2792 811 2907 866 vim
2941 817 3156 866 natura
3205 810 3443 866 insitam
3487 811 3695 868 habet-
3737 829 3813 869 ea

2132 923 2201 964 eo
2233 905 2360 976 ipso
2392 903 2552 975 quod
2585 918 2704 956 non
2737 901 2915 974 parit,
2947 919 3068 956 non
3105 917 3173 956 eo
3204 901 3475 972 procedit
3524 903 3811 970 omnino,

2131 1002 2200 1052 ut
2239 995 2470 1068 pariat:
2527 1009 2722 1064 neque
2778 991 2920 1063 quia
2973 1006 3183 1063 parere
3223 992 3406 1054 novit,
3440 993 3607 1047 novit
3658 998 3726 1047 et
3776 1009 3814 1048 a

2134 1084 2420 1160 pariendo
2453 1099 2709 1139 cessare.
2743 1081 2902 1154 Ignis
2934 1081 3096 1136 enim
3121 1083 3370 1154 aseipso
3403 1082 3811 1150 caliditatem,

2135 1193 2267 1249 quae
2299 1167 2410 1230 sibi
2441 1180 2654 1230 natura
2684 1173 2860 1240 inest,
2899 1177 2956 1226 et
2987 1170 3363 1243 splendorem
3387 1179 3673 1240 generat:
3702 1190 3814 1228 ne-

2138 1283 2251 1340 que
2284 1283 2418 1322 vero
2449 1282 2517 1320 eo
2551 1264 2860 1336 processit,
2895 1280 2968 1317 ex
3000 1279 3069 1318 eo
3102 1261 3262 1334 quod
3293 1263 3522 1318 calidus
3553 1281 3678 1320 non
3706 1265 3808 1335 sit,

2137 1374 2332 1428 neque
2365 1355 2622 1412 cessabit
2645 1369 2932 1426 generare
2963 1353 3022 1408 id
3053 1352 3214 1425 quod
3245 1352 3356 1408 sibi
3379 1359 3596 1410 natura
3619 1353 3806 1410 inest.

2138 1441 2253 1497 Sed
2302 1441 2481 1498 simul
2512 1447 2688 1512 atque
2721 1439 2832 1494 fuit
2863 1438 3035 1510 ignis,
3069 1437 3122 1494 ei
3156 1455 3394 1510 quoque
3429 1439 3628 1496 insita:
3662 1459 3812 1512 pro-

2138 1531 2421 1604 prietates
2453 1527 2566 1583 illae
2601 1528 2860 1582 fuerunt.
2891 1527 2946 1581 Si
2981 1544 3117 1600 ergo
3151 1526 3243 1582 vel
3289 1526 3352 1582 in
3401 1529 3582 1584 rebus
3615 1547 3650 1584 a
3683 1530 3809 1584 Deo

2141 1621 2354 1678 creatis
2388 1616 2730 1689 liujusmodi
2773 1617 3096 1690 generandi
3152 1609 3304 1672 ratio
3355 1617 3650 1676 videatur.
3703 1621 3812 1691 qui

2142 1711 2266 1780 fiat,
2289 1714 2356 1765 ut
2382 1707 2632 1780 impium
2667 1723 2786 1762 non
2820 1707 2916 1772 sit,
2950 1707 2998 1761 si
3031 1706 3261 1780 majora
3301 1707 3352 1763 ei
3415 1724 3539 1762 non
3587 1726 3811 1764 conce-

2143 1799 2381 1864 dantur,
2414 1797 2682 1870 quamvis
2713 1812 2874 1851 mens
2904 1795 3168 1852 humana
3209 1803 3438 1852 naturae
3495 1797 3631 1870 ejus
3677 1814 3808 1853 ma-

1105 1885 1240 1970 θιιξξ)
1302 1919 1639 1986 generetur,
1700 1927 1820 1967 non
1873 1885 2038 1982 phus
2069 1887 2112 1952 Β
2143 1887 2513 1962 gnitudinem
2543 1885 3049 1959 comprehendere
3079 1901 3192 1941 non
3225 1885 3460 1959 possit?

2147 2017 2486 2074 Assertiones
2517 2014 2774 2070 adversus
2811 2013 2982 2069 aliam
3029 2013 3294 2068 Eunomii
3345 2014 3630 2070 hstresin:
3685 2018 3814 2071 Non

2644 2101 2856 2157 semper
2882 2084 3054 2155 fuisse
3078 2085 3275 2155 ﬁlium.

2815 2227 2971 2284 CAP.
3015 2226 3126 2286 LV.

2214 2339 2408 2408 Magni
2434 2336 2736 2393 Athanasii
2764 2337 3020 2463 advgrslus
3049 2336 3188 2392 hoc:
3217 2337 3337 2393 Non
3365 2351 3578 2408 semper
3618 2341 3742 2408 fuit

2917 2427 2932 2462 ι
2961 2423 3063 2463 ills.

2903 2411 3063 2463 Pilius.

2211 2520 2263 2574 8.
2300 2517 2357 2572 Si
2409 2516 2593 2573 Filius
2651 2515 2972 2588 aliquando
3019 2531 3140 2571 non
3196 2515 3328 2582 fuit,
3379 2521 3539 2572 certe
3595 2527 3814 2578 sancta

2137 2609 2396 2665 Trinitas
2427 2605 2748 2678 aliquando
2772 2606 3028 2662 Trinitas
3059 2622 3180 2661 non
3211 2606 3362 2661 luit:
3397 2607 3502 2663 sed
3525 2607 3600 2663 ab
3627 2609 3809 2666 initio

2138 2697 2380 2771 quidem
2415 2697 2528 2752 fuit
2558 2697 2776 2754 unitas.
2805 2703 3011 2768 postea
3031 2711 3168 2751 vero
3200 2697 3418 2752 adnato
3440 2697 3613 2768 Filio,
3649 2699 3808 2756 dua-

2138 2789 2310 2844 litas:
2357 2787 2599 2844 tandem
2652 2785 2908 2858 denique
2961 2787 3244 2859 adjuncto
3295 2788 3516 2860 Spiritu
3563 2797 3806 2858 sancto,

2137 2883 2489 2934 conlirmata
2517 2881 2575 2931 et
2604 2876 2868 2948 perfecta
2897 2880 2987 2930 est
3039 2875 3146 2941 Qui
3173 2876 3239 2930 tit
3266 2883 3492 2940 autem,
3515 2885 3581 2932 ut
3607 2885 3807 2948 poste-

2136 2968 2260 3024 rius
2291 2967 2470 3032 edita,
2503 2973 2559 3022 et
2591 2967 2963 3022 extrinsecus
2993 2965 3274 3038 adjuncta
3293 2967 3475 3023 Patri.
3505 2970 3604 3038 qui
3640 2971 3807 3040 prin-

2135 3059 2292 3129 cipio
2333 3061 2514 3118 caret,
2572 3060 3022 3119 accenseantur,
3081 3073 3324 3129 unaque
3368 3073 3582 3113 novam
3639 3075 3807 3116 crea-

2135 3151 2326 3202 turam
2347 3144 2658 3202 condant?
2688 3160 2790 3200 eos
2815 3143 3100 3199 nimirum
3122 3143 3221 3216 qui
3251 3161 3418 3200 sacro
3435 3143 3803 3216 baptismate

363 3276 602 3331 quoque
629 3233 730 3316 οεζί
763 3233 834 3316 δὲ
885 3276 948 3314 re
1001 3258 1280 3330 quapiam
1333 3257 1606 3328 privatio,
1665 3272 1796 3328 qum
1851 3233 2022 3328 prii"-
2049 3243 2099 3309 α
2128 3233 2606 3331 regenerantur?
2637 3240 2815 3331 atque
2847 3249 2967 3331 una
2987 3234 3168 3290 etiam
3197 3251 3324 3290 cum
3348 3234 3450 3290 illo
3465 3234 3806 3292 adorantur

363 3347 520 3418 cipio
549 3354 712 3404 caret
740 3347 894 3420 apud
929 3349 1134 3412 Deum,
1161 3345 1343 3401 finem
1375 3345 1574 3414 habet,
1595 3362 1726 3400 cum
1755 3345 2016 3416 primum

360 3451 458 3490 res
487 3435 616 3506 ipsa
649 3437 828 3492 finem
863 3453 1036 3492 suum
1070 3434 1278 3490 sortita
1307 3435 1508 3490 fuerit.

950 3560 1146 3616 Sancti
1187 3559 1405 3628 Cyrilli.

426 3677 480 3732 4.
515 3675 573 3732 Si
621 3677 886 3745 paterna:
944 3667 1334 3740 hypostaseos
1398 3666 1704 3739 specimen
1749 3667 1879 3738 ipsa
1927 3671 2018 3723 est

352 3765 646 3838 genitura,
687 3777 792 3816 seu
823 3759 924 3815 Dei
954 3757 1282 3827 generatio,
1319 3757 1706 3826 consequitur
1745 3756 2015 3824 omnino,

355 3860 424 3909 ut
453 3851 743 3909 naturalis
771 3849 847 3905 sit
878 3847 1008 3918 ejus
1040 3847 1396 3918 proprietas.
1431 3861 1626 3917 neque
1657 3851 1862 3918 postea
1899 3863 2016 3902 cm-

354 3944 527 4017 perit.
562 3945 707 3999 Nam
743 3957 812 3997 ex
843 3937 1216 3998 naturalibus
1268 3941 1329 3992 et
1376 3935 1592 3992 divinis
1640 3938 2019 4010 proprietati-

354 4034 466 4092 bus
497 4033 666 4090 nulla
699 4036 811 4100 est,
845 4046 976 4101 quae
1009 4027 1085 4082 sit
1117 4027 1486 4082 extrinsecus
1517 4026 1724 4082 ascita.

942 4153 1200 4226 Ejusdem
1238 4153 1454 4224 Cyrilli.

427 4271 458 4323 5
515 4267 572 4325 Si
609 4263 854 4338 quidem
883 4264 1056 4316 Pater
1099 4260 1362 4333 cmperit,
1418 4264 1476 4315 et
1527 4259 1755 4315 destitit
1796 4259 2016 4316 Filium

351 4373 664 4431 generare.
689 4360 758 4410 ut
773 4351 990 4407 Christi
1022 4352 1223 4406 hostes
1246 4350 1592 4422 opinantur,
1615 4356 1774 4405 certe
1797 4348 2018 4406 altera-

348 4447 500 4502 tioni
533 4450 592 4501 et
628 4441 941 4500 mutationi
975 4440 1267 4497 obnoxius
1310 4444 1418 4493 est.
1465 4437 1634 4504 Quod
1685 4439 1842 4494 enim
1893 4455 2016 4495 non

2124 3331 2182 3382 et
2211 3323 2667 3398 gloriticantur?
2699 3323 2796 3378 Ait
2826 3323 2988 3380 enim
3021 3324 3330 3396 Scriptura
3363 3339 3379 3380 :
3431 3325 3806 3394 Baptizantes

2121 3431 2208 3472 eos
2239 3415 2300 3472 iu
2325 3417 2544 3472 nomine
2573 3417 2754 3472 Patris
2782 3421 2833 3471 et
2863 3415 2998 3471 Filii
3023 3421 3076 3472 et
3105 3415 3349 3487 Spiritus
3379 3418 3560 3474 sancti
3591 3414 3667 3472 ⁵⁸.

2611 3549 2864 3622 Ejusdem
2897 3552 2958 3604 B.
2987 3549 3307 3605 Athanasii.

2205 3679 2258 3746 9,
2289 3675 2346 3732 Si
2375 3675 2582 3740 Filius.
2607 3680 2673 3731 ut
2702 3675 3021 3747 Apostolus
3051 3675 3156 3744 ait,
3181 3674 3443 3746 splendor
3492 3675 3697 3746 glorice
3725 3677 3796 3752 ⁵⁷,

2130 3767 2252 3824 sive
2282 3766 2386 3823 Dei
2419 3771 2479 3822 et
2506 3765 2698 3821 Patris
2730 3771 2839 3832 est,
2871 3771 3049 3838 atque
3080 3766 3228 3822 adeo
3259 3765 3572 3822 character
3599 3766 3801 3840 hypo-

2123 3861 2358 3913 staseos
2389 3856 2539 3928 ejus,
2573 3857 2962 3927 consequitur
2992 3859 3059 3910 ut
3086 3855 3350 3928 separari
3381 3872 3416 3912 a
3445 3857 3622 3912 Patre
3677 3873 3802 3914 non

2131 3943 2356 4019 possit;
2389 3943 2673 4018 splendor
2709 3945 2867 4001 enim
2899 3945 2972 4002 ab
3004 3963 3096 4012 eo,
3143 3944 3315 4017 cujus
3364 3945 3656 4018 splendor
3687 3954 3803 4018 est,

2125 4035 2394 4108 separari
2429 4033 2656 4107 nequit,
2689 4040 2751 4090 at
2779 4051 2914 4091 cum
2947 4051 3016 4092 eo
3050 4052 3286 4108 semper
3315 4041 3428 4096 est.
3472 4035 3656 4108 idque
3688 4055 3802 4095 na-

2123 4131 2279 4190 tura,
2317 4142 2440 4182 non
2480 4125 2852 4182 extrinsecus
2909 4126 3150 4182 ascitus.
3209 4125 3564 4200 Hujusmodi
3610 4146 3796 4201 porro

2129 4223 2218 4274 est
2245 4218 2634 4290 hypostaseos
2664 4233 2900 4290 quoque
2923 4217 3250 4274 character.

2719 4343 2921 4399 Basilii
2957 4345 3168 4414 Magni.

2195 4454 2279 4508 lO.
2313 4451 2680 4524 Principium
2712 4450 2952 4524 quidem
2988 4450 3179 4506 Patris
3225 4451 3458 4507 nullum
3493 4468 3508 4506 :
3559 4455 3802 4526 primi-

347 4541 475 4593 erat
499 4539 819 4605 antequam
847 4531 1141 4604 gigneret,
1177 4529 1235 4584 id
1267 4545 1397 4584 esse
1419 4529 1596 4598 CCI-"l3it
1621 4533 2013 4600 Posteaquam
2120 4541 2284 4614 pium
2319 4557 2455 4596 vero
2481 4542 2638 4607 Filii,
2673 4544 2866 4599 Pater.
2903 4542 3120 4597 Horum
3155 4557 3333 4614 porro
3356 4540 3797 4603 intermedium

344 4625 570 4702 genuit.
603 4623 770 4690 Ουοά
803 4622 850 4676 εί
911 4619 1300 4692 PMBSlantior
1349 4624 1436 4674 est
1487 4617 1790 4681 ἀίνίηίωεο
1834 4633 2014 4690 quam
2045 4627 2092 4692 D
2124 4629 2357 4686 nullum
2390 4636 2498 4687 est.
2533 4631 2640 4698 Qui
2673 4631 2798 4686 tleri
2851 4645 2988 4702 ergo
3044 4635 3256 4703 potest.
3295 4636 3363 4686 ut
3411 4631 3462 4686 is
3502 4646 3625 4688 non
3687 4635 3793 4705 sit,

341 4721 408 4774 ut
439 4715 528 4772 illi
596 4715 674 4770 sit
733 4710 1050 4768 mutationi
1111 4707 1390 4774 obnoxia,
1451 4707 1610 4764 haud
1665 4709 1845 4764 dubie
1899 4725 2011 4766 nec

343 4806 524 4878 coepit
551 4819 666 4859 nec
703 4801 879 4857 desiit
921 4799 1136 4856 Filium
1187 4799 1452 4870 gignere,
1499 4797 1604 4852 sed
1651 4797 1854 4864 Filius,
1905 4815 2013 4871 per

343 4909 524 4966 quem
559 4891 780 4949 saecula
808 4891 962 4947 facta
996 4895 1136 4944 sunt
1166 4894 1227 4944 et
1259 4893 1546 4960 tempora,
1579 4885 1640 4942 in
1672 4889 1846 4944 Patre
1878 4889 2008 4946 sine

341 4988 611 5055 tempore
645 4987 794 5038 erat.

912 5105 1170 5177 Ejusdem
1212 5103 1429 5175 Cyrilli.

411 5228 466 5282 6.
502 5227 560 5282 Si
592 5226 768 5280 Pater
797 5223 1008 5279 Filium
1039 5221 1280 5294 gignere
1311 5219 1576 5290 coeperit,
1609 5218 1721 5274 hoc
1752 5219 1994 5291 quidem

339 5322 497 5372 certe
528 5313 614 5370 illi
645 5312 918 5378 accessit,
975 5317 1034 5366 et
1083 5309 1384 5382 posterius
1433 5306 1494 5362 id
1538 5308 1788 5379 accepit,
1839 5309 2000 5380 quod

339 5406 512 5462 initio
535 5407 735 5466 minus
767 5402 1044 5460 habebat.
1070 5399 1174 5456 Cui
1197 5415 1372 5471 porro
1391 5397 1594 5470 aliqua
1619 5399 1682 5454 tit
1713 5401 1998 5470 accessio,

2120 4720 2222 4792 qui
2279 4719 2429 4776 nihil
2481 4720 2720 4779 habeat.
2775 4719 2936 4790 quod
2984 4719 3098 4792 ipsi
3155 4725 3366 4792 postea
3437 4721 3639 4778 inesse
3693 4724 3794 4780 in-

2122 4809 2444 4883 telligatur,
2497 4809 2612 4864 nisi
2658 4823 2793 4865 eum
2845 4823 2880 4863 a
2924 4823 3039 4880 quo
3095 4809 3292 4880 ipsum
3343 4825 3474 4865 esse
3526 4813 3792 4882 accepit,

2119 4914 2278 4966 eum,
2336 4899 2606 4970 inquam,
2657 4899 2758 4970 qui
2817 4897 2982 4954 nullo
3033 4897 3388 4970 praeminet
3441 4897 3790 4974 intervallo,

2115 4987 2217 5044 sed
2249 4988 2374 5045 sola
2401 5003 2595 5044 causa;
2625 4987 2857 5044 ratione
2887 4987 3302 5061 praeponitur-‘2

2675 5111 2936 5184 Ejusdem
2975 5110 3194 5168 Basilii.

2185 5225 2270 5277 11.
2307 5222 2363 5278 Si
2394 5221 2600 5278 omnia
2623 5237 2731 5294 per
2759 5221 2974 5276 Filium
3007 5221 3161 5278 facta
3208 5228 3370 5286 sunt,
3426 5237 3619 5279 unum
3676 5241 3789 5281 au-

2113 5317 2231 5370 tem
2265 5329 2332 5368 ex
2365 5312 2642 5368 omnibus
2669 5317 2762 5366 ten
2791 5327 2902 5384 pus
2960 5316 3085 5378 est;
3130 5311 3337 5368 adhaec
3391 5311 3440 5366 si
3481 5329 3591 5385 per
3638 5331 3788 5372 eum

2111 5405 2286 5459 Pater
2314 5401 2454 5458 fecit
2481 5407 2538 5458 et
2568 5402 2806 5460 saecula.
2839 5408 2999 5458 certe
3025 5406 3170 5458 ante
3201 5418 3340 5458 eum
3391 5419 3589 5473 neque
3621 5408 3791 5461 tem-

334 5493 396 5550 id
425 5495 867 5567 imperfectum,
901 5507 1023 5546 non
1053 5495 1254 5546 autem
1277 5489 1608 5562 perfectum
1645 5493 1789 5545 erat.
1827 5491 1998 5555 Quod
2109 5491 2271 5565 poris
2302 5507 2496 5563 neque
2531 5491 2734 5548 saeculi
2767 5491 2878 5547 fuit
2909 5490 3288 5547 intervallum
3320 5508 3336 5548 :
3381 5497 3448 5547 ut
3493 5491 3640 5549 huic
3689 5495 3789 5551 in-

339 5585 582 5658 quidem
611 5582 688 5640 de
715 5583 891 5642 Patre
914 5579 1174 5654 cogitare
1203 5579 1373 5635 nefas
1401 5583 1508 5635 est.
1547 5579 1818 5636 Essentia
1839 5581 1998 5638 enim

2107 5582 2286 5641 nixus
2337 5581 2500 5640 dicas
2548 5599 2686 5641 eum
2735 5581 3060 5656 aliquando
3120 5598 3245 5640 non
3314 5581 3523 5641 fuisse.
3579 5584 3788 5651 Quare

395 5705 444 5748 ⁸⁸
469 5701 635 5771 Prov.
663 5711 906 5778 “11,25.
983 5707 1030 5746 ⁸⁵
1057 5705 1258 5768 Matth.
1290 5711 1492 5774 xx‘rnl,
1526 5709 1612 5764 19.
1687 5705 1739 5742 ⁵⁷
1777 5708 1950 5766 Hebr.
1996 5725 2038 5778 ι,
2065 5713 2120 5768 3.
