4054 6392
292 409 446 471 1121

1638 398 1743 461 ΤΗ
1754 398 2043 460 ESAUBI
2086 395 2241 458 LIB.
2286 396 2365 458 ν.

3554 358 3712 455 ωε

293 559 513 599 vanum
543 546 604 597 et
629 539 800 596 futile
822 543 911 596 est
931 537 1091 610 quod
1111 536 1310 594 dicitis
1333 553 1347 593 :
1370 536 1502 594 Fuit
1526 530 1945 605 tempus,quod
1973 535 2026 602 Α
2058 531 2261 587 fuisse.
2297 532 2373 585 At
2407 530 2455 585 si
2502 528 2685 584 Filius
2723 546 2845 585 non
2889 528 3089 594 fuerit,
3138 544 3212 584 ne
3263 529 3438 585 Pater
3468 528 3710 600 quidem

294 632 521 705 [Filius]
557 647 677 687 non
708 631 840 687 fuit.

866 747 1122 819 Ejusdem
1161 746 1376 801 Basilii.

370 874 453 925 12.
490 869 592 924 lsti
626 867 866 940 quidem
899 867 1098 923 aiunt:
1139 864 1195 920 Si
1228 870 1372 933 erat,
1402 862 1635 938 genitus
1672 876 1791 917 non
1823 862 1937 916 est.

292 962 407 1017 Nos
439 966 637 1015 autem
670 958 923 1014 dicimus
956 955 1115 1028 quod
1146 960 1273 1011 erat
1303 960 1362 1010 et
1408 954 1642 1026 genitus
1673 955 1778 1006 est.
1818 951 1948 1004 llmc

295 1050 456 1111 enim
487 1048 778 1111 verba,Ea:
809 1054 963 1102 utero
1021 1052 1149 1100 ante
1206 1046 1522 1113 Luciferum
1560 1042 1727 1111 genui
1784 1046 1834 1094 te
1876 1036 1945 1106 ⁵⁸,

294 1149 355 1198 et
383 1142 530 1209 haec,
563 1140 697 1194 Ante
750 1153 931 1193 omnes
978 1134 1141 1191 colles
1192 1133 1385 1205 genuit
1431 1150 1514 1188 me
1534 1130 1602 1201 59,
1650 1138 1707 1185 et
1736 1135 1950 1184 caetera

294 1231 355 1289 id
379 1247 591 1306 genus,
617 1228 831 1285 Filium
870 1226 1223 1299 genitum,et
1252 1224 1434 1280 alium
1468 1238 1501 1277 a
1531 1223 1723 1289 Patre,
1758 1235 1947 1291 quan-

294 1328 419 1379 tum
449 1320 524 1377 ad
556 1318 921 1392 hypostasin,
945 1332 1074 1373 esse
1102 1314 1533 1370 demonstrant.
1559 1312 1692 1366 Haec
1723 1315 1944 1375 autem,

289 1414 353 1468 In
410 1412 695 1482 principio
743 1415 863 1463 erat
928 1405 1184 1470 Verbum,
1241 1410 1293 1458 et
1349 1403 1574 1457 l'erbum
1622 1404 1739 1455 erat
1796 1397 1948 1469 apud

288 1503 455 1558 Deum
494 1507 544 1556 et
602 1501 738 1555 Deus
784 1503 902 1553 erat
966 1496 1221 1551 Verbum.
1282 1496 1469 1548 Item:
1532 1492 1638 1545 Hoc
1706 1496 1824 1543 erat
1887 1490 1947 1542 in

280 1591 568 1665 principio
614 1589 766 1659 apud
810 1589 999 1642 Deum.
1055 1585 1308 1654 Insuper
1356 1580 1516 1652 quod
1557 1579 1742 1635 semel
1772 1584 1947 1649 alque

290 1685 505 1740 iterum
536 1680 778 1737 verbum
823 1684 940 1732 erat
976 1676 1037 1730 in
1089 1671 1475 1746 sequentibus
1516 1670 1814 1742 adjicitur,
1850 1686 1946 1723 ar-

292 1778 570 1848 gumento
630 1775 719 1825 est
772 1767 985 1823 Filium
1060 1764 1133 1820 ab
1174 1769 1397 1819 aeterno
1457 1777 1607 1827 esse,
1666 1758 1947 1829 Patrique

293 1847 529 1933 semper
585 1856 925 1914 adhmrere:
986 1868 1239 1925 quorum
1297 1848 1668 1907 conﬁrmatio
1726 1847 1818 1902 his
1877 1864 1946 1901 ex

532 1948 651 2022 peti
699 1945 907 2001 debet:
978 1914 1086 2009 Qui
1137 1946 1228 1996 est
1273 1940 1334 1996 in
1385 1940 1519 1995 sinu
1564 1937 1775 2005 Patris,
1842 1936 1941 2008 qui
1974 1914 2021 1979 Β

291 2055 526 2114 semper
554 2042 662 2108 est,
696 2053 805 2092 nec
826 2034 899 2091 ab
928 2050 996 2089 eo
1028 2036 1338 2104 separatur
1369 2044 1654 2100 unquam.

363 2161 427 2218 B.
459 2159 687 2227 Gregor.
722 2154 949 2227 Nysseni
988 2168 1057 2279 ἔτ
1085 2151 1360 2278 Igiiatione
1406 2147 1478 2205 ad
1523 2144 1873 2217 Simplicium

1028 2240 1055 2279 ε
1131 2237 1248 2278 tio.

1028 2240 1055 2282 8
1085 2237 1248 2278 nuo.

363 2353 453 2408 13.
505 2354 657 2405 Deus
710 2362 819 2419 per
867 2340 1223 2415 Prophetam
1268 2342 1422 2396 vetat
1447 2335 1497 2372 ⁵ο
1526 2351 1602 2392 ne
1636 2337 1817 2391 Deum
1849 2350 1944 2390 re-

293 2447 547 2510 centem,
607 2440 794 2494 Deum
854 2449 981 2490 esse
1054 2436 1419 2504 reputemus,
1478 2444 1623 2484 neve
1681 2426 1943 2483 alienum

291 2532 477 2590 Deum
508 2529 776 2586 colamus
806 2529 910 2581 aut
955 2523 1295 2579 adoremus.
1347 2519 1512 2576 Unde
1543 2522 1778 2574 constat
1805 2532 1943 2572 eum

288 2627 593 2679 recentem
650 2617 788 2682 dici,
821 2616 923 2687 qui
982 2614 1054 2670 ab
1100 2617 1322 2668 esterno
1372 2626 1492 2666 non
1549 2613 1659 2675 est,
1700 2607 1942 2678 viceque

294 2728 466 2769 versa
496 2717 785 2767 mternum
807 2703 1119 2778 appellari,
1145 2702 1247 2774 qui
1269 2716 1478 2757 recens
1508 2714 1629 2755 non
1661 2697 1756 2753 sit.
1790 2697 1944 2762 Quo-

294 2804 452 2859 circa
508 2798 781 2873 quisquis
837 2794 1219 2868 Unigenitum
1267 2791 1339 2847 ab
1388 2794 1609 2846 aeterno
1656 2789 1841 2844 Deum
1873 2803 1944 2842 ex

293 2897 465 2949 Patre
492 2905 620 2946 esse
652 2905 773 2944 non
805 2885 1013 2953 credit,
1064 2883 1115 2939 is
1164 2897 1299 2938 eum
1330 2884 1630 2936 recentem
1663 2893 1791 2934 esse
1823 2892 1943 2932 non

291 2982 610 3040 inﬁciatur.
644 2976 950 3050 Siquidem
1008 2973 1168 3045 quod
1226 2988 1346 3027 non
1403 2976 1491 3026 est
1540 2974 1848 3034 aeternum,
1884 2965 1944 3022 id

287 3072 534 3131 omnino
568 3085 774 3126 recens
805 3071 915 3123 est.
940 3066 1251 3127 Caeterum,
1279 3059 1571 3133 quidquid
1591 3074 1799 3114 recens
1831 3061 1940 3124 est,

286 3166 442 3221 Deus
470 3177 592 3218 non
652 3163 779 3214 est:
840 3159 1017 3228 prout
1081 3156 1396 3209 attestatur
1443 3148 1766 3221 Scriptura,
1808 3163 1943 3202 cum

270 3254 406 3320 ,ait:
439 3252 557 3307 Non
586 3251 692 3304 erit
740 3250 799 3301 in
842 3254 890 3300 te
920 3246 1061 3300 Deus
1091 3258 1295 3299 recens.
1329 3239 1605 3311 Quisquis
1638 3253 1775 3311 ergo
1806 3253 1942 3293 eum
1985 3267 2029 3334 ρ

287 3338 607 3414 aliquando
628 3352 751 3392 non
789 3334 971 3388 fuisse
997 3333 1101 3399 ait,
1125 3331 1176 3385 is
1196 3331 1326 3401 ejus
1348 3328 1715 3383 divinitatem
1747 3330 1945 3399 negat.

285 3433 503 3490 Adhaac
535 3427 634 3500 qui
684 3425 802 3481 ait:
857 3426 981 3479 Non
1023 3418 1285 3474 adorabis
1325 3419 1491 3472 Deum
1533 3416 1780 3471 alienum
1797 3416 1867 3483 ⁶¹,
1899 3417 1950 3470 is

288 3522 474 3577 Deum
524 3516 783 3573 alienum
832 3505 1083 3566 adorare
1129 3509 1304 3560 vetat.
1350 3503 1597 3558 Alienus
1628 3519 1804 3573 porro
1835 3506 1946 3565 est,

290 3610 391 3683 qui
422 3626 457 3665 a
481 3605 721 3680 proprio
754 3603 871 3657 Deo
902 3602 1107 3654 nostro
1162 3595 1477 3665 sejunctus'
1511 3590 1946 3647 consideratur.

287 3679 416 3756 .l—am
449 3679 723 3771 proprius
752 3694 905 3748 Deus
935 3691 1159 3753 noster,
1192 3684 1325 3755 quis
1367 3682 1503 3737 est?
1556 3682 1739 3736 Verus
1769 3679 1948 3735 nimi-

286 3806 423 3846 rum
452 3768 628 3841 Deus.
661 3781 804 3849 Quis
835 3794 1012 3852 porro
1044 3772 1325 3852 alienus?
1370 3773 1425 3829 Is
1456 3785 1691 3842 nempe,
1727 3770 1828 3841 qui
1855 3768 1949 3824 di-

289 3893 520 3934 versam
552 3889 752 3930 avero
809 3849 924 3925 Deo
977 3849 1253 3922 natura'm
1306 3861 1511 3919 habet.
1567 3861 1759 3926 Quare
1813 3875 1948 3914 cum

293 3968 571 4043 proprius
602 3966 805 4019 noster
833 3960 912 4016 sit
956 3972 1132 4011 verus
1183 3956 1358 4021 Deus,
1388 3951 1531 4008 inde
1560 3950 1628 4006 ﬁt
1655 3955 1721 4007 ut
1750 3949 1950 4020 unige-

294 4039 455 4116 nitus
486 4057 661 4118 Deus,
686 4052 735 4108 si
759 4050 881 4106 veri
908 4048 1007 4105 Dei
1030 4053 1327 4109 naturam,
1352 4049 1417 4098 ut
1433 4041 1640 4097 volunt
1661 4039 1946 4108 hasretici,

293 4166 416 4207 non
446 4148 681 4213 habeat,
709 4143 940 4199 alienus
989 4139 1144 4192 Deus
1192 4136 1287 4199 sit,
1338 4149 1458 4189 non
1489 4137 1689 4188 autem
1720 4136 1944 4187 noster.

293 4242 603 4303 Caeterum,
638 4248 777 4299 ores,
822 4235 888 4285 ut
932 4228 995 4283 in
1026 4224 1341 4295 Evangelio
1373 4221 1585 4294 legitur
1604 4220 1672 4290 ⁸³,
1705 4221 1948 4275 alienum

290 4346 401 4387 non
433 4328 693 4385 audiunt.

360 4419 468 4486 Qui
500 4420 767 4473 creatum
798 4413 992 4483 ipsum
1025 4422 1153 4462 esse
1187 4405 1288 4470 ait,
1313 4404 1365 4458 is
1386 4418 1421 4458 a
1444 4405 1659 4457 natura
1688 4399 1809 4455 veri
1842 4399 1946 4455 Dei

292 4510 556 4581 alienum
605 4502 830 4559 statuit.
881 4501 1008 4555 Jam
1069 4494 1214 4568 quid
1259 4497 1442 4566 agunt
1499 4491 1624 4564 [qui
1682 4494 1946 4546 creatum

286 4578 668 4672 proﬁtentur]
698 4593 725 4647 ‘l
784 4589 1035 4647 adorant
1090 4601 1166 4640 ne
1224 4581 1414 4647 illum,
1448 4578 1691 4636 annon?
1736 4578 1793 4636 Si
1827 4595 1945 4634 non

293 4646 829 4755 iudices
859 4678 1173 4734 imitantur
1202 4672 1304 4745 qui
1348 4646 1648 4727 Christum
1680 4667 1944 4726 adoran-
1976 4646 2022 4713 Π

294 4779 436 4836 dum
468 4774 597 4832 esse
630 4775 868 4845 negant.
905 4773 976 4822 At
1021 4765 1070 4822 si
1116 4764 1388 4825 adorant,
1422 4758 1751 4815 idololatria
1783 4764 1943 4827 sunt,

292 4868 391 4942 qui
424 4866 688 4922 alienum
732 4878 766 4917 a
798 4875 948 4943 vero
1002 4857 1119 4912 Deo
1178 4851 1447 4908 adorent.
1479 4850 1606 4905 Jam
1637 4865 1804 4919 mque
1835 4849 1946 4904 im-

290 4936 456 5032 pium
510 4958 619 5020 est,
680 4955 738 5005 et
789 4937 992 5003 verum
1026 4945 1212 5000 Deum
1258 4956 1379 4994 non
1408 4938 1682 4999 adorare,
1711 4942 1770 4993 et
1798 4936 1948 4992 alie-

292 5026 438 5104 num
497 5061 531 5100 a
583 5057 719 5095 vero
776 5040 896 5095 Deo
953 5034 1221 5092 adorare.
1283 5028 1540 5085 Proinde
1594 5032 1768 5083 verus
1825 5026 1946 5081 veri

294 5137 485 5193 Patris
538 5131 717 5187 Filius
776 5129 929 5183 Deus
985 5122 1159 5179 nobis
1225 5119 1513 5175 dicendus
1561 5122 1652 5173 est
1698 5122 1764 5171 ut
1811 5131 1946 5171 eum

294 5225 611 5283 adoremus
662 5232 857 5289 neque
934 5212 1425 5275 condemnemur,
1458 5198 1551 5262 'ut
1608 5205 1786 5262 alieni
1845 5205 1946 5261 Dei

291 5315 657 5373 adoratores.

367 5433 620 5508 Ejusdem
649 5428 874 5503 Nysseni
913 5422 1272 5551 ἱηὰρπςαςὲοζιθ
1302 5418 1366 5474 de
1401 5416 1530 5473 Filii
1560 5422 1611 5472 et
1639 5417 1879 5487 Spiritus

1004 5509 1143 5551 wmz
1172 5508 1205 5548 a
1234 5509 1280 5548 e.

1004 5508 1280 5551 ῑυτηιεατε.

378 5627 457 5685 ιι.
489 5625 708 5683 Dicunt
760 5614 1139 5683 Eunomiani,
1192 5598 1406 5669 Filium
1456 5598 1786 5681 aliquando
1828 5624 1949 5666 non

2055 621 2301 677 omnino
2330 621 2460 677 fuit.
2496 620 2551 674 Si
2578 620 2859 692 splendor
2884 638 3004 676 non
3036 620 3234 687 fuerit,
3266 637 3340 675 ne
3372 621 3472 692 qui
3504 620 3710 692 splen-

2055 710 2222 767 deret
2251 711 2493 783 quidem
2550 712 2682 767 fuit.
2744 712 2804 766 Si
2866 712 3174 767 character
3226 726 3332 766 seu
3375 711 3562 783 ﬁgura
3585 728 3709 769 non

2052 802 2251 871 fuerit,
2283 819 2357 858 ne
2389 802 2723 875 hypostasis
2754 802 2996 874 quidem
3025 801 3155 857 fuit.
3199 803 3256 858 Si
3289 804 3555 873 potentia
3584 820 3707 860 non

2053 893 2254 959 fuerit,
2306 894 2354 948 si
2396 893 2697 965 Sapientia
2749 909 2869 947 non
2929 892 3109 947 fuerit
3147 892 3319 963 (citra
3373 908 3519 963 quas
3553 894 3705 949 Deus

2054 1000 2173 1038 non
2207 985 2334 1053 est),
2370 999 2443 1038 ne
2473 983 2628 1038 Deus
2660 982 2903 1053 quidem
2934 982 3063 1040 fuit.
3097 983 3213 1036 Nec
3246 982 3405 1036 enim
3437 982 3565 1038 ﬁeri
3597 1000 3707 1054 po-

2055 1078 2188 1140 test,
2221 1078 2287 1128 ut
2325 1073 2571 1139 gloriam
2630 1073 2748 1127 sive
2807 1072 3013 1126 lumen
3069 1071 3196 1126 sine
3246 1070 3585 1143 splendore,
3616 1072 3710 1127 vel

2054 1163 2302 1235 ﬁguram
2336 1164 2465 1219 sine
2496 1162 2823 1234 hypostasi,
2846 1161 2936 1215 vel
2964 1161 3293 1232 sapientem
3317 1161 3444 1216 sine
3477 1162 3709 1233 sapien-

2057 1253 2155 1321 tia,
2188 1252 2278 1307 vel
2306 1256 2609 1323 potentem
2670 1251 2797 1306 sine
2856 1251 3141 1323 potentia,
3189 1250 3277 1305 vel
3307 1251 3544 1305 Patrem
3575 1251 3704 1307 sine

2052 1341 2196 1396 Filio
2229 1342 2576 1413 cogitemus.
2616 1343 2820 1411 Itaque
2872 1345 3035 1412 patet
3065 1355 3135 1394 ex
3176 1339 3532 1411 supradictis
3565 1357 3702 1396 eum

2053 1432 2153 1502 qui
2211 1430 2426 1486 Filium
2481 1429 2637 1484 tollit
2712 1445 2835 1485 una
2877 1435 2933 1484 et
2977 1429 3184 1484 eadem
3233 1445 3413 1501 opera
3465 1431 3705 1486 Patrem

2053 1537 2287 1592 quoque
2322 1519 2549 1575 tollere.
2589 1521 2719 1574 Jam
2747 1519 2850 1574 ubi
2882 1535 3077 1590 neque
3108 1518 3290 1573 Filius
3318 1518 3702 1591 gloriﬁcatur,

2051 1626 2246 1681 neque
2277 1612 2451 1665 Pater
2510 1626 2637 1663 esse
2696 1608 2980 1669 creditur.
3038 1608 3315 1663 divinitas
3355 1625 3599 1679 prorsus
3630 1608 3702 1665 de

2051 1701 2249 1756 medio
2274 1699 2524 1767 tollitur,
2546 1698 2925 1753 Divinitatem
2950 1715 3123 1769 porro
3148 1698 3220 1754 de
3249 1697 3443 1753 medio
3475 1698 3703 1765 tollere,

2052 1790 2277 1845 nullius
2327 1794 2438 1857 est,
2499 1793 2896 1860 prmterqnam
2955 1787 3214 1858 Epicuri.
3274 1787 3518 1842 Constat
3566 1804 3705 1859 ergo

2052 1887 2172 1937 tam
2204 1880 2402 1953 impia:
2448 1880 2743 1935 haereseos
2792 1885 3118 1934 assertores
3161 1878 3399 1948 Epicuri
3429 1876 3500 1932 de
3528 1894 3705 1949 grege

2057 1990 2268 2044 porcos
2330 1988 2477 2027 esse.
2538 1970 2855 2030 Sciendum
2912 1974 3111 2023 autem
3171 1972 3260 2023 est
3316 1968 3555 2023 vocibus
3614 1969 3707 2025 his

2055 2059 2394 2134 splendore.
2425 2060 2787 2126 charactere,
2845 2057 3112 2130 potentia
3168 2061 3226 2113 et
3283 2057 3576 2128 sapientia
3615 2057 3704 2114 in-

2053 2166 2405 2207 concussam
2424 2147 2745 2221 quamdam
2763 2146 3249 2203 constitutionem
3269 2149 3326 2200 et
3341 2146 3471 2217 conj
3481 2146 3711 2202 unctio-

2053 2256 2192 2298 nem
2222 2256 2329 2296 seu
2357 2236 2929 2311 conglutinationem
2976 2234 3354 2307 potissimum
3386 2233 3707 2307 designari.

2657 2383 2848 2440 Sancti
2875 2381 3079 2455 Cyrilli
3089 2424 3096 2437 .

2126 2506 2211 2558 15.
2246 2501 2430 2559 Filius
2462 2506 2551 2558 est
2581 2516 2651 2557 ex
2681 2501 2852 2556 Patre
2886 2503 2945 2554 et
2972 2498 3035 2553 in
3064 2499 3276 2554 Patre:
3323 2497 3710 2569 quemadmo-

2053 2592 2194 2649 dum
2226 2608 2298 2647 ex
2334 2591 2457 2649 sole
2504 2589 2788 2663 splendor
2836 2588 3003 2659 ejus:
3059 2587 3152 2642 vel
3202 2586 3710 2658 quemadmodum

2054 2700 2125 2739 ex
2154 2683 2288 2755 igne
2330 2682 2551 2754 ignitus
2611 2680 2740 2752 ejus
2797 2680 2973 2735 calor.
3032 2679 3094 2731 In
3148 2677 3493 2745 huiusmodi
3551 2678 3712 2734 enim

2051 2773 2338 2844 exemplis
2364 2788 2553 2827 unum
2586 2770 2826 2842 quidem
2871 2787 2940 2824 ex
2971 2785 3090 2823 uno
3123 2773 3331 2823 natum
3364 2767 3567 2822 videre
3600 2772 3709 2833 est,

2040 2865 2105 2920 ’ei
2159 2870 2358 2919 tamen
2411 2876 2648 2933 semper
2698 2861 2999 2916 inhmrens
3056 2876 3168 2914 nec
3223 2873 3490 2929 unquam
3531 2858 3604 2914 ab
3639 2872 3707 2913 eo

2050 2953 2411 3026 sejunctum,
2445 2952 2528 3007 ita
2555 2956 2622 3005 ut
2663 2950 2791 3005 sine
2822 2949 3034 3015 altero,
3066 2963 3173 3019 per
3202 2963 3265 3002 se
3291 2947 3547 3002 alterum
3578 2962 3709 3002 esse

2053 3060 2175 3099 non
2205 3042 2411 3115 possit,
2452 3056 2647 3112 neque
2676 3055 2874 3095 veram
2920 3037 3176 3109 propriae
3206 3040 3435 3092 naturae
3467 3051 3714 3093 conser-

2050 3150 2188 3190 vare
2212 3131 2530 3187 rationem.

2616 3245 2873 3317 Ejusdem
2931 3243 3149 3316 Cyra'tli.

2131 3371 2216 3423 16.
2251 3367 2308 3422 Si
2340 3365 2522 3421 Filius
2571 3380 2692 3419 non
2739 3363 2919 3417 fuerit
2961 3378 3096 3416 cum
3144 3361 3335 3428 Patre,
3374 3360 3709 3432 praesertim

2057 3474 2192 3513 eum
2225 3473 2295 3511 ex
2325 3472 2394 3511 eo
2436 3452 2789 3510 naturaliter
2826 3451 3109 3523 procedat
3156 3450 3329 3522 eique
3378 3453 3709 3506 coaeternus

2055 3548 2149 3612 sit,
2176 3544 2426 3616 contigit
2444 3543 2601 3598 haud
2627 3541 2804 3597 dubie
2830 3542 2883 3596 ei
2912 3558 3148 3612 quoque
3181 3541 3282 3611 qui
3314 3556 3450 3596 eum
3481 3542 3709 3612 genuit,

2053 3640 2119 3690 ut
2147 3637 2321 3689 Pater
2352 3632 2640 3687 evaserit:
2666 3634 2843 3700 atque
2874 3629 3022 3684 adeo
3053 3628 3373 3684 mutationi
3406 3633 3463 3683 et
3492 3628 3714 3685 altera-

2052 3723 2200 3779 tioni
2249 3721 2508 3792 cuipiam
2565 3718 2859 3775 obnoxius
2907 3734 3037 3773 esse
3079 3716 3368 3773 videatur.
3403 3717 3711 3789 Siquidem

2054 3813 2212 3886 quod
2242 3828 2364 3868 non
2395 3816 2542 3879 erat,
2573 3814 2639 3865 ut
2672 3807 2869 3876 vultis,
2905 3807 2965 3862 id
2996 3807 3373 3878 postmodum
3405 3807 3606 3862 evasit.
3638 3811 3713 3863 At

2051 3920 2188 3961 vero
2228 3908 2442 3959 natura
2472 3901 2672 3956 divina
2710 3898 3057 3955 mutationis
3089 3897 3284 3955 omnis
3316 3902 3374 3951 et
3403 3896 3710 3953 alteratio-

2054 3995 2148 4050 nis
2180 4009 2387 4064 expers
2419 3995 2524 4047 est.
2560 3992 2688 4045 Non
2714 4005 2851 4062 ergo
2882 3989 2999 4043 Deo
3026 3988 3262 4043 Patrem
3288 3986 3418 4041 ﬁeri
3441 3986 3711 4059 contigit,

2055 4084 2159 4142 sed
2189 4081 2446 4139 Verbum
2478 4079 2637 4152 quod
2667 4078 2741 4135 ab
2772 4079 2901 4150 ipso
2934 4077 3243 4150 processit,
3268 4080 3630 4133 coaeternum
3654 4074 3709 4130 ei

2054 4180 2199 4240 erat,
2224 4169 2728 4245 quemadmodum
2750 4169 2812 4223 iu
2835 4169 2969 4239 igne
2989 4167 3150 4223 calor
3172 4167 3274 4238 qui
3306 4165 3378 4222 ab
3409 4165 3537 4238 ipso
3568 4182 3708 4237 pro-

2053 4265 2229 4331 cedit,
2260 4276 2613 4333 semperque
2644 4276 2779 4315 cum
2802 4259 2930 4330 ipso
2965 4264 3053 4313 est
3084 4262 3141 4312 et
3163 4274 3233 4313 ex
3257 4255 3483 4314 lumine
3513 4253 3709 4329 splen-

2053 4358 2161 4414 dor
2192 4354 2559 4412 extrinsecus
2590 4351 2955 4408 elucescens.

2544 4496 2607 4549 Β.
2658 4494 2820 4549 Joan.
2873 4489 3219 4547 Damasceni.

2129 4618 2211 4670 i7.
2246 4610 2781 4678 Quemadmodum,
2819 4609 2995 4665 simul
3028 4612 3205 4679 atque
3238 4603 3389 4678 ignis
3415 4601 3713 4669 eet,si111ul

2057 4704 2262 4761 lumen
2295 4717 2530 4774 quoque
2562 4691 2831 4774 procedit
2863 4715 2933 4755 ex
2982 4714 3070 4766 eo,
3114 4712 3225 4752 nec
3264 4695 3526 4767 primum
3558 4692 3713 4764 ignis

2058 4800 2166 4859 est,
2203 4796 2323 4849 tum
2357 4808 2496 4847 vero
2554 4796 2687 4862 post
2746 4806 2881 4845 eum
2942 4788 3168 4853 lumen,
3233 4784 3335 4840 sed
3387 4782 3563 4840 simul
3593 4799 3713 4840 una

2058 4876 2234 4939 sunt:
2271 4882 2353 4937 ita
2380 4881 2557 4938 etiam
2589 4881 2764 4935 Pater
2805 4883 2862 4933 et
2883 4875 3065 4932 Filius
3090 4873 3263 4930 simul
3294 4889 3414 4928 una
3445 4877 3584 4927 sunt
3610 4889 3623 4939 ;
3658 4888 3719 4941 et

2058 4971 2561 5047 quemadmodum
2593 4969 2797 5025 lumen
2831 4967 2990 5039 quod
3025 4983 3093 5030 ex
3125 4966 3257 5038 igne
3305 4978 3543 5035 semper
3576 4978 3714 5017 ena-

2060 5065 2262 5128 scitur,
2314 5078 2550 5134 semper
2581 5061 2641 5115 in
2686 5076 2755 5115 eo
2801 5063 2909 5126 est,
2942 5056 3228 5127 nulloque
3258 5070 3501 5126 prorsus
3534 5051 3713 5107 modo

2057 5156 2129 5211 ab
2189 5154 2292 5210 illo
2352 5151 2704 5225 sejungitur,
2764 5150 2846 5205 ita
2904 5153 2963 5203 et
3012 5146 3195 5201 Filius
3255 5161 3325 5199 ex
3380 5144 3555 5198 Patre
3612 5158 3715 5198 na-

2058 5246 2262 5311 scitur,
2296 5260 2406 5298 nec
2451 5241 2577 5298 ullo
2626 5256 2871 5313 prorsus
2919 5236 3095 5293 modo
3135 5234 3207 5291 ab
3251 5251 3317 5289 eo
3351 5236 3715 5307 segregatur,

2058 5336 2162 5391 sed
2195 5334 2248 5389 ei
2279 5348 2516 5405 semper
2554 5332 2730 5387 inest.
2767 5333 2833 5385 At
2859 5346 2994 5385 vero
3035 5327 3238 5383 lumen
3279 5323 3520 5397 quidem
3553 5321 3713 5394 quod

2060 5441 2133 5481 ex
2176 5425 2309 5497 igne
2349 5424 2431 5478 ita
2459 5421 2730 5494 procedit
2780 5424 2848 5475 ut
2899 5417 2971 5475 ab
3029 5417 3133 5473 illo
3186 5433 3308 5471 non
3365 5412 3626 5481 recedat,
3660 5417 3720 5467 et

2059 5516 2122 5572 in
2175 5532 2243 5571 eo
2304 5529 2540 5588 semper
2595 5515 2855 5579 maneat,
2912 5508 3213 5582 propriam
3265 5502 3615 5576 hypostasin
3647 5500 3721 5557 ab

2058 5607 2313 5681 igneque
2345 5604 2682 5675 sejunctam
2714 5619 2835 5657 non
2858 5599 3058 5668 habet,
3082 5593 3368 5654 naturalis
3391 5592 3551 5650 enim
3585 5607 3728 5664 qua-

365 5785 410 5822 ⁸⁸
440 5782 594 5843 Psal.
622 5750 737 5849 αἰχ,
770 5752 824 5834 3.
899 5775 948 5811 ⁵⁸
978 5773 1144 5831 Prov.
1173 5785 1299 5827 νιιι.
1333 5768 1423 5823 25.
1499 5758 1546 5799 ‘°
1577 5761 1728 5820 Psal.
1762 5777 1932 5835 Lxxx,

2091 5761 2133 5798 ⁶¹
2171 5759 2351 5819 Exod.
2387 5774 2488 5828 xx,
2517 5760 2571 5813 2.
2650 5755 2698 5793 ⁸³
2727 5758 2894 5815 Joan.
2925 5771 2982 5823 ι,
3017 5756 3070 5811 5.
