4054 6392
393 411 554 478 “23

1716 397 2024 462 ΝῘΟΕΤιΕ
2065 394 2500 460 GHONIATIE

3671 389 3825 454 1424

389 550 534 607 Iitas
565 553 656 606 est
684 546 874 620 ipsius
897 543 1071 617 ignis.
1100 539 1451 614 Unigenitus
1481 540 1680 594 autem
1709 535 1814 592 Dei
1841 533 2047 602 Filius,
2082 534 2135 602 Α
2163 548 2264 590 sua
2281 532 2346 587 “.
2374 531 2667 588 Caeterum
2694 543 2865 602 opera
2901 542 3170 586 manuum
3203 525 3327 598 ejus
3352 527 3560 582 ueritas
3593 529 3658 582 et
3672 523 3834 598 judi-

397 641 496 713 qui
529 655 602 694 ex
633 640 805 693 Patre
835 635 918 690 ita
947 633 1178 706 genitus
1211 636 1320 697 est,
1345 636 1410 686 ut
1431 629 1502 684 ab
1526 645 1594 683 eo
1618 625 1880 700 separari
1903 624 2048 680 divi-

395 730 576 802 dique
597 743 720 782 non
750 725 954 798 possit,
981 724 1121 778 etin
1145 738 1213 776 eo
1239 737 1474 791 semper
1496 723 1718 780 manet,
1750 715 2052 789 prOpriam

395 825 458 878 et
485 837 520 876 a
545 821 715 874 Patre
749 817 1080 888 sejunctam
1113 811 1461 884 hypostasin
1493 807 1691 863 habet.

400 939 536 996 Alia;
565 938 889 993 asset-tiones
939 933 1200 987 adversus
1240 930 1384 984 hanc
1427 929 1771 983 Arianorum
1801 922 2054 988 hzresin,

685 1007 834 1081 quod
863 1006 1110 1061 Christus
1155 1019 1190 1058 a
1241 1005 1406 1057 Patre
1435 1005 1648 1056 creatus
1676 999 1768 1052 sit.

1063 1123 1220 1178 CAP.
1266 1121 1399 1176 LVI.

398 1248 592 1318 Magni
629 1242 849 1310 Basilii,
904 1241 1060 1308 Quod
1114 1240 1290 1296 Filius
1345 1253 1521 1318 neque
1578 1240 1856 1304 creatura,
1885 1247 2061 1304 neque

1005 1319 1329 1384 ﬁgmentum
1357 1313 1450 1364 sit.

472 1429 560 1484 i8.
593 1426 650 1482 Si
680 1424 862 1482 Filius
894 1427 1166 1478 creatura
1209 1421 1306 1480 sit.
1339 1433 1477 1491 ergo
1509 1423 1569 1474 et
1597 1431 1816 1473 servus.
1849 1410 2065 1469 Omnia

401 1517 584 1586 enim,
615 1516 699 1571 ait
731 1515 852 1583 ille,
912 1512 1017 1567 tibi
1073 1511 1342 1580 subjecta
1390 1513 1546 1564 sunt.
1595 1507 1723 1561 Jam
1757 1503 1804 1559 si
1841 1517 2063 1559 servus.

399 1612 687 1678 tanquam
719 1608 990 1661 creatura
1025 1601 1120 1670 sit,
1155 1596 1454 1672 quomodo
1489 1596 1636 1653 servi
1677 1595 1932 1650 formam
1964 1607 2061 1646 ac-

400 1695 605 1769 cepit?
657 1693 942 1751 Dominus
987 1705 1125 1763 ergo
1182 1704 1318 1744 cum
1363 1690 1520 1743 esset
1597 1699 1728 1741 eam
1799 1678 2064 1752 accepit:

401 1768 528 1844 non
571 1789 771 1842 autem
829 1797 1056 1850 servus,
1113 1793 1310 1850 neque
1363 1780 1660 1845 creatura,
1692 1770 1798 1829 sed
1827 1768 2069 1828 omnino

401 1875 583 1932 Deus.

978 1974 1241 2046 Ejusdem
1271 1971 1488 2030 Basilii.

477 2093 563 2146 19.
597 2087 655 2143 Si
704 2088 907 2144 nostra
957 2083 1018 2139 in
1062 2082 1277 2138 Filium
1331 2078 1479 2136 fides
1525 2095 1674 2152 Opus
1704 2076 1806 2134 Dei
1841 2079 1950 2144 est,
1983 2073 2068 2130 ait

405 2180 567 2238 enim
616 2177 757 2233 ille:
813 2177 924 2231 Hoc
969 2179 1048 2230 est
1094 2187 1230 2242 opus
1280 2170 1396 2239 Dei,
1445 2175 1508 2224 ut
1555 2166 1796 2225 credatis
1831 2169 1887 2220 in
1921 2179 2066 2232 eum,

405 2287 566 2344 quem
622 2267 718 2324 ille
768 2265 921 2322 misit
949 2263 1038 2328 ⁶³;
1095 2261 1278 2318 Filius
1337 2275 1466 2316 esse
1525 2276 1646 2315 non
1693 2260 1890 2330 potest
1919 2270 2066 2326 opus

405 2343 532 2418 Dei.
591 2359 738 2414 Nam
796 2355 944 2412 ﬁdes
1001 2352 1064 2409 in
1122 2351 1335 2408 Filium
1395 2354 1454 2406 et
1508 2348 1694 2404 Filius
1741 2347 1868 2419 ipse
1908 2343 2067 2400 idem

410 2468 534 2511 non
567 2453 726 2506 sunt.

721 2553 982 2622 Theologi
1020 2567 1088 2607 ea:
1127 2550 1376 2606 oratione
1406 2551 1458 2615 '2,
1492 2547 1558 2604 de
1587 2546 1746 2602 Filio.

479 2672 568 2725 20.
599 2667 774 2724 Illum
805 2677 1040 2736 quoque
1067 2661 1384 2732 Scripturae
1435 2657 1633 2713 locum
1663 2653 1832 2711 valde
1863 2670 2068 2728 prom-

405 2763 580 2832 ptum
625 2761 681 2813 et
739 2753 1082 2826 expeditum
1138 2749 1401 2806 habent:
1449 2748 1706 2802 Dominus
1742 2749 1955 2800 ereavit
1985 2760 2068 2799 me

407 2851 634 2904 initium
653 2849 870 2903 viarum
889 2857 1117 2900 suarum
1135 2840 1212 2896 ad
1234 2855 1402 2911 opera
1419 2854 1520 2894 sua
1538 2835 1605 2892 ⁶⁴.
1627 2835 1716 2892 Ad
1739 2850 1919 2908 quem
1945 2833 2069 2906 qui-

410 2941 544 2998 dem
570 2940 769 2996 locum
792 2928 1496 3008 quonam,quaaso,modo
1521 2925 2021 3001 respondebimus
2041 2923 2070 2982 ?

409 3032 497 3088 An
527 3047 665 3086 vero
699 3027 1079 3084 Salomonem
1107 3021 1522 3080 accusabimus
1541 3017 1569 3074 ?
1588 3018 1905 3090 prioraque
1937 3013 2067 3086 ejus

410 3121 652 3192 scripta,
703 3122 944 3191 propter
990 3115 1220 3186 lapsum
1274 3111 1375 3184 qui
1426 3109 1780 3165 subsecutus
1813 3111 1920 3174 est,
1953 3105 2069 3160 im-

408 3209 794 3282 probabimus
811 3206 839 3262 ?
860 3205 1212 3261 Dicemusne
1231 3216 1564 3256 sermonem
1579 3199 1737 3252 hunc
1761 3194 2066 3267 sapientiae

2160 625 2370 680 dicium
2387 622 2474 689 7°;
2517 622 2734 695 quibus
2767 621 2840 678 de
2883 621 3080 676 causis
3107 618 3422 674 divinitate
3449 622 3676 674 unctus
3707 621 3829 679 est;

2161 715 2286 770 haec
2318 713 2478 770 enim
2512 713 2712 768 unctio
2747 711 3139 768 humanitatis
3164 715 3274 766 est.
3305 711 3379 764 At
3410 707 3580 763 illud.
3607 712 3834 778 generat

2159 821 2266 873 me,
2300 820 2478 860 causa
2508 807 2706 859 caret:
2742 803 2833 858 vel
2887 801 2934 857 si
2987 817 3105 872 qua
3139 799 3224 855 illi
3257 799 3543 868 adjuncta
3572 797 3676 862 sit,
3706 812 3828 851 eam

2164 893 2443 950 ostendas
2465 893 2611 948 mihi
2636 893 2830 948 velim.
2859 893 3142 957 Quianam
3167 889 3349 962 igitur
3369 887 3636 943 obstabit
3663 886 3828 952 ratio,

2165 983 2488 1055 quominus
2518 981 2830 1054 sapientia,
2880 981 2971 1036 vel
3015 981 3279 1036 humana
3323 977 3633 1052 generatio
3668 990 3831 1032 crea-

2163 1079 2300 1130 tura
2330 1071 2614 1129 vocetur?
2645 1078 2703 1128 et
2731 1071 3024 1145 genitura,
3063 1070 3110 1125 si
3162 1068 3372 1141 primae
3404 1067 3570 1123 illius
3615 1065 3831 1121 multo-

2169 1180 2283 1236 que
2317 1163 2502 1235 magis
2534 1163 3047 1234 incomprehensm
3096 1157 3503 1227 generationis
3548 1157 3704 1213 ratio
3736 1156 3829 1210 ha-

2169 1252 2427 1310 beatur?
2479 1251 2694 1308 Eodem
2744 1249 3125 1307 referendum
3170 1255 3282 1318 est,
3314 1247 3472 1321 quod
3506 1247 3608 1304 ille
3637 1262 3832 1302 servus

2171 1343 2393 1402 audiat,
2428 1341 2648 1414 quippe
2679 1341 2778 1414 qui
2809 1341 3018 1396 multis
3048 1339 3200 1395 bene
3233 1338 3466 1395 serviat.
3492 1339 3646 1393 Item
3682 1336 3833 1410 quod

2172 1435 2250 1490 sit
2279 1449 2549 1506 magnus,
2583 1429 2742 1504 quod
2774 1431 2955 1486 Filius
3003 1429 3108 1486 Dei
3155 1435 3416 1486 vocetur.
3449 1429 3599 1484 Nam
3635 1425 3832 1500 procul

2173 1523 2352 1580 dubio
2381 1538 2558 1578 carne
2590 1528 2895 1594 assumpta
2939 1526 2997 1576 et
3045 1519 3350 1576 nativitate
3382 1518 3623 1574 serviit:
3661 1522 3834 1588 atque

2173 1613 2484 1670 aﬂ'ectibus
2515 1611 2694 1668 etiam
2725 1609 2968 1678 nostris,
2999 1615 3065 1666 ut
3103 1623 3213 1664 nos
3246 1607 3306 1662 in
3339 1606 3689 1663 libertatem
3718 1605 3835 1659 vin-

2174 1703 2441 1760 dicaret:
2477 1705 2536 1758 et
2569 1701 2802 1756 caeteris
2833 1697 3134 1766 omnibus,
3175 1712 3431 1770 quorum
3476 1693 3839 1752 intermedio

2174 1811 2278 1851 eos
2309 1793 2408 1864 qui
2447 1795 2692 1866 peccato
2726 1795 2898 1846 erant
2945 1787 3188 1846 obnoxii
3220 1786 3511 1843 liberavit.
3545 1787 3840 1842 Caeterum

2100 1909 2146 1977 Β
2177 1881 2321 1977 quid
2349 1880 2609 1977 hominis
2639 1878 2849 1935 vilitati
2881 1877 3077 1950 majus
3105 1875 3376 1976 accidere
3407 1873 3630 1975 potuit,
3667 1889 3842 1977 quam

2176 1979 2243 2032 ut
2276 1975 2392 2028 Deo
2424 1971 2907 2045 conjungeretur.
2942 1973 3002 2024 et
3031 1982 3100 2024 ea
3127 1983 3200 2022 ex
3231 1965 3668 2038 conjunctione
3699 1964 3844 2019 Deus

2179 2064 2476 2123 evaderet.
2505 2067 2686 2132 atque
2731 2059 2804 2116 ab
2837 2057 3078 2116 Oriente
3110 2057 3232 2113 alto
3272 2055 3354 2112 ita
3383 2055 3756 2120 visitaretur,
3785 2058 3847 2108 ut

2179 2155 2338 2228 quod
2368 2157 2719 2209 nasceretur
2747 2153 3039 2215 sanctum,
3073 2146 3363 2202 Altissimi
3397 2145 3582 2201 Filius
3617 2145 3849 2202 dioere-

2178 2251 2312 2300 tur:
2378 2242 2584 2315 illique
2641 2255 2862 2297 nomen
2916 2237 3244 2303 inderetur,
3303 2234 3463 2308 quod
3521 2241 3618 2290 est
3678 2249 3851 2306 super

2180 2351 2358 2391 omne
2389 2347 2633 2398 nomen,
2660 2331 2818 2404 quod
2849 2328 3094 2402 quidem
3116 2325 3278 2384 aliud
3300 2325 3452 2382 nihil
3471 2331 3587 2387 est.
3609 2331 3850 2398 praeter-

2179 2439 2358 2495 quam
2415 2423 2592 2488 Deus,
2651 2419 2860 2490 illique
2919 2417 3068 2473 adeo
3126 2431 3234 2489 pro
3292 2413 3466 2470 nobis
3513 2413 3847 2476 exinanito,

2177 2515 2398 2586 quippe
2429 2511 2532 2583 qui
2563 2509 2824 2564 divinam
2878 2508 3202 2580 imaginem
3249 2520 3388 2560 cum
3419 2502 3622 2559 servili
3659 2505 3850 2558 iorma

2177 2607 2607 2677 coniunxisset,
2662 2617 2838 2658 omne
2883 2616 3042 2673 genu
3117 2598 3481 2662 ﬂecteretur,
3553 2595 3845 2666 omnique

2179 2695 2383 2754 domui
2435 2692 2694 2762 Israelis,
2754 2706 2890 2748 eum
2947 2705 2983 2746 a
3039 2689 3158 2744 Deo
3217 2686 3536 2743 Dominum
3567 2692 3634 2740 et
3660 2686 3846 2741 Deum

2177 2787 2400 2845 factum
2433 2800 2561 2840 esse
2615 2777 3070 2838 innotesceret?
3123 2775 3430 2848 Siquidem
3479 2774 3613 2830 htrc
3645 2773 3848 2830 omnia

2179 2881 2304 2933 tum
2337 2875 2521 2950 geniti
2545 2887 2748 2946 opera,
2775 2876 2903 2928 tum
2933 2867 3222 2943 genitoris
3243 2864 3550 2924 voluntate
3579 2866 3851 2938 perfecta

2183 2972 2346 3024 sunt.

2787 3069 2977 3126 Sancti
3007 3065 3230 3138 Cyrilii.

2249 3187 2338 3240 2t.
2402 3183 2503 3239 His
2561 3196 2737 3256 porro
2795 3177 3030 3236 verbis:
3101 3177 3172 3231 Et
3223 3173 3536 3232 Dominum
3591 3187 3736 3230 eum
3795 3177 3849 3228 et

409 3263 674 3366 attribui,
735 3312 866 3369 quas
914 3291 1068 3349 nihil
1125 3289 1287 3347 aliud
1347 3289 1443 3356 sit,
1504 3303 1682 3360 quam
1735 3263 1986 3341 scientia
2011 3290 2070 3339 et
2107 3274 2474 3366 CChl‘islum
2541 3273 2696 3369 Deus
2751 3269 2912 3338 fecit,
2987 3265 3316 3369 dominatio
3375 3265 3437 3320 in
3473 3263 3706 3369 fmnia
3749 3279 3848 3369 .re-

409 3388 736 3444 artiﬁciosa
765 3384 1063 3456 quaepiam
1119 3380 1290 3445 ratio,
1325 3395 1444 3450 qua
1493 3381 1706 3433 cuncta
1746 3373 2071 3432 constituta

2181 3380 2484 3440 gnumque
2525 3362 2906 3436 designatur;
2968 3357 3128 3428 quod
3170 3355 3412 3429 quidem
3473 3355 3655 3410 Pater
3703 3353 3846 3409 Filio

413 3441 1240 3546 sunt?SiquideniScriptura
1260 3465 1862 3540 perprosopopueiam
1896 3465 2076 3520 mutis
2184 3460 2466 3527 tanquam
2509 3450 2740 3508 homini
2786 3445 3124 3505 commisit:
3181 3451 3242 3500 at
3289 3460 3410 3501 non
3463 3443 3597 3518 ejus
3659 3441 3847 3516 ipsius

414 3567 593 3623 etiam
621 3563 798 3620 rebus
829 3559 1198 3634 loquentium
1224 3574 1510 3631 personas
1534 3573 1654 3612 non
1679 3573 1810 3612 raro
1841 3571 2078 3612 accom-
2181 3553 2412 3602 naturae
2443 3541 2644 3598 factio.
3653 3539 3678 3550 “

414 3655 660 3713 modare
700 3652 870 3720 solet,
902 3657 990 3711 ut.
1018 3649 1180 3706 verbi
1209 3649 1435 3722 gratia:
1491 3648 1644 3702 Mare
1676 3646 1827 3702 dixit
1858 3646 1984 3701 hanc
2018 3649 2078 3701 et

414 3745 582 3814 hmo;
616 3749 673 3800 et
721 3743 970 3814 abyssus
1016 3740 1198 3796 dixit:
1258 3741 1323 3794 In
1379 3755 1464 3793 me
1490 3753 1602 3792 non
1659 3743 1738 3792 est
1758 3735 1824 3792 ⁸⁵.
1878 3736 2068 3790 Item:

417 3839 553 3893 ϐωιὶ
600 3839 862 3888 enarrant
919 3830 1158 3902 gloriam
1216 3830 1314 3884 Dei
1333 3827 1398 3884 ⁸⁸.
1457 3829 1604 3882 Item
1653 3826 1770 3881 alio
1813 3823 2073 3898 quodam

408 3925 538 3982 loco
560 3925 799 3979 frameae
823 3920 1026 3976 nescio
1053 3918 1196 3991 quid
1217 3917 1298 3988 inj
1310 3917 1548 3989 ungitur
1561 3914 1628 3970 6⁷.
1663 3917 2072 3982 ltem,montes

407 4020 470 4075 et
493 4013 676 4071 colles
697 4013 1162 4084 interrogantur,
1186 4008 1281 4065 cui
1305 4005 1813 4063 exsultaverint“.
1847 4005 2068 4060 Horum

407 4122 585 4180 porro
615 4103 772 4160 nihil
802 4103 863 4157 in
918 4099 1186 4156 medium
1237 4097 1644 4171 producimus,
1679 4093 2007 4168 quamlibet
2035 4109 2072 4149 a

406 4196 705 4268 majorum
733 4196 1074 4250 nostrorum
1106 4187 1434 4249 nonnullis,
1461 4191 1746 4256 tanquam
1779 4185 1953 4240 firma
1971 4199 2071 4240 ar-

403 4287 688 4360 gumenta
717 4279 1024 4353 proposita
1055 4278 1194 4333 sint.
1245 4277 1332 4332 Sit
1361 4292 1498 4348 ergo
1549 4290 1692 4330 sane
1741 4273 2069 4330 Servatoris

401 4374 610 4446 ipsius,
646 4371 748 4442 qui
809 4384 945 4425 vera
993 4367 1287 4440 sapientia
1333 4372 1444 4435 est,
1498 4364 1708 4421 oratio.
1743 4365 2070 4434 Parumper

399 4467 604 4520 tamen
625 4459 1031 4533 dispiciamus.
1053 4458 1334 4524 Quaenam
1359 4473 1452 4512 res
1475 4462 1584 4520 est,
1609 4453 1703 4510 cui
1727 4453 1894 4509 nulla
1915 4453 2064 4509 sub-

399 4552 478 4611 sit
497 4552 722 4608 causa?
755 4548 1058 4604 Divinitas.
1103 4548 1310 4602 Nullus
1353 4546 1513 4601 enim
1548 4551 1659 4611 est,
1690 4543 1790 4616 qui
1823 4559 2064 4599 causam

401 4645 618 4701 afferre
651 4644 851 4714 queat,
885 4655 992 4694 cur
1023 4637 1101 4694 sit
1131 4637 1320 4693 Deus:
1358 4641 1460 4692 aut
1506 4635 1555 4690 si
1603 4634 1788 4690 ullam
1833 4633 2063 4710 aﬁ'erat,

401 4749 472 4792 ea
501 4733 620 4790 Deo
651 4730 954 4802 antiquior
973 4729 1048 4785 sit
1080 4729 1425 4802 oportet.At
1453 4723 2059 4799 humanitatis,quam

398 4831 715 4901 propterea
745 4823 1070 4895 assumpsit
1099 4823 1253 4878 Deus
1283 4837 1462 4877 causa
1489 4833 1767 4892 quaenam
1793 4817 1950 4875 fuit?
1981 4819 2062 4874 Ea

396 4931 661 4988 prorsus,
712 4921 778 4970 ut
835 4931 944 4969 nos
996 4919 1290 4968 servaret:
1345 4927 1486 4966 nam
1535 4925 1667 4982 quae
1716 4909 1904 4982 possit
1945 4907 2064 4964 alia

397 5002 690 5078 proferri?
730 5003 878 5068 Quia
926 5019 1064 5076 ergo
1121 5004 1234 5058 hoc
1263 5002 1328 5056 in
1375 5001 1691 5072 Scripturas
1725 4999 1853 5054 loco
1885 4997 2063 5054 verba

399 5099 607 5150 creavit
637 5099 686 5148 et
707 5099 935 5164 generat
963 5110 1046 5148 me
1075 5092 1391 5166 perspicua
1420 5089 1776 5145 invenimus.
1807 5087 2062 5160 simplex

399 5183 550 5238 ratio
583 5187 692 5237 est.
725 5181 1023 5254 Quidquid
1056 5198 1296 5239 causam
1336 5180 1558 5236 habere
1591 5175 2060 5250 deprehenderi-

399 5271 632 5341 mus,id
657 5287 790 5326 vero
815 5270 888 5327 ad
909 5272 1342 5328 humanitatem
1365 5283 1741 5325 revocamus:
1768 5266 2060 5339 quidquid

398 5371 595 5420 autem
625 5361 876 5434 simplex
897 5377 1194 5432 causaque
1217 5375 1445 5428 carens,
1475 5357 1766 5414 divinitati
1799 5357 2061 5413 ascriba-

400 5471 534 5510 mus
561 5456 764 5525 Itaque
795 5451 971 5508 verbo
1002 5455 1212 5507 creavit
1266 5468 1372 5507 sua
1417 5451 1571 5507 inest
1628 5466 1826 5507 causa.
1861 5450 2060 5523 lnquit

401 5543 598 5600 enim:
635 5539 848 5596 Creavit
889 5557 972 5596 me
1018 5543 1242 5597 initium
1288 5544 1504 5597 viarum
1533 5555 1760 5597 suarum
1789 5541 1865 5596 ad
1893 5555 2060 5613 Opera

466 5693 514 5729 ea
540 5697 713 5752 joan,
765 5712 836 5757 v1,
870 5697 958 5748 29.
1048 5693 1094 5728 ⁸⁸
1125 5693 1292 5750 Prov.
1326 5709 1445 5764 vm,
1477 5697 1566 5748 22.

1661 5695 1706 5731 ⁸⁸
1735 5693 1871 5750 Job.
1911 5710 2106 5757 xxvur,
2143 5695 2229 5751 i-i.

2739 3646 3000 3720 Ejusdem
3051 3643 3272 3716 Cyrz'lli.

2249 3763 2338 3815 22.
2379 3758 2437 3816 Si
2470 3764 2752 3830 tanquam
2787 3756 2942 3812 Deus
2972 3751 3258 3808 dixisset:
3309 3749 3574 3806 Dominus
3634 3750 3845 3805 crearit

2175 3867 2283 3916 me,
2317 3849 2512 3922 potius
2537 3845 2823 3902 dixisset:
2865 3838 3041 3900 Pater
3095 3840 3316 3899 creavit
3365 3854 3486 3896 me.
3539 3838 3848 3910 Nusquam

2174 3938 2341 3996 enim
2368 3953 2504 3994 eum
2545 3933 2863 3992 Dominum
2895 3946 3092 3998 suum,
3123 3930 3230 3986 sed
3259 3931 3496 3986 Patrem
3527 3935 3726 3986 vocat.

2757 4051 3020 4124 Ejusdem
3049 4047 3268 4122 Cyriili.

2245 4165 2335 4220 23.
2369 4161 2428 4218 Si
2457 4161 2602 4232 quia
2639 4159 3072 4234 primogenitus
3117 4158 3405 4212 creaturas
3438 4151 3638 4209 dictus
3673 4155 3846 4212 est“.

2174 4253 2315 4310 inde
2346 4249 2750 4324 colligendum
2781 4248 2878 4314 sit,
2919 4246 3180 4320 primum
3213 4259 3349 4302 eum
3381 4247 3658 4300 creatum
3693 4259 3846 4306 esse.

2175 4343 2275 4417 qui
2307 4342 2528 4400 factum
2550 4345 2642 4396 est
2659 4345 2722 4397 ut
2744 4354 2866 4395 non
2887 4335 3101 4394 dixerit
3124 4333 3442 4406 Apostolus
3468 4347 3603 4388 eum
3629 4337 3848 4390 factum

2174 4451 2302 4492 esse
2335 4437 2470 4490 ante
2502 4429 2836 4494 omnia,sed
2883 4427 3080 4501 potius
3121 4442 3251 4484 esse
3299 4429 3438 4481 ante
3467 4424 3678 4480 omnia
3699 4424 3730 4480 ’ἒ
3765 4425 3844 4479 Eo

2175 4524 2334 4581 enim
2367 4521 2524 4594 quod
2556 4537 2687 4577 esse
2719 4518 2885 4582 dixit.
2921 4518 3080 4574 hunc
3128 4515 3372 4588 quidem
3406 4527 3650 4586 semper
3692 4528 3844 4581 esse,

2175 4619 2507 4670 creaturam
2533 4627 2672 4666 vero
2699 4609 2917 4666 factam
2942 4623 3074 4664 esse
3097 4605 3377 4662 ostendit.
3394 4605 3602 4676 Itaque
3623 4603 3851 4675 primo-

2173 4704 2409 4777 genitus
2436 4699 2634 4757 omnis
2675 4705 2964 4756 creaturae
3021 4695 3216 4752 dictus
3273 4698 3384 4758 est,
3418 4707 3525 4749 seu
3555 4693 3850 4766 primitim

2168 4811 2334 4850 novae
2439 4796 2750 4862 creaturas,
2865 4786 3096 4844 ratione
3207 4783 3606 4841 humanitatis
3717 4782 3850 4854 ejus

2169 4883 2394 4948 habita,
2428 4879 2646 4956 quippe
2678 4878 2782 4953 qui
2831 4877 2908 4934 sit
2953 4873 3224 4950 corporis
3255 4869 3534 4931 Ecclesia:
3567 4871 3844 4929 fidelium

2170 4981 2367 5050 caput.

2739 5060 3005 5131 Ejusdem
3036 5055 3255 5128 συν-ηιξ.

2241 5185 2329 5238 24.
2362 5181 2548 5239 Filius
2578 5178 3015 5254 primogenitus
3037 5176 3234 5233 omnis
3253 5174 3543 5249 geniturae
3571 5178 3844 5234 vocatur.

2169 5289 2289 5330 non
2337 5277 2625 5344 tanquam
2663 5271 2892 5343 primus
2933 5267 3018 5324 eis
3065 5271 3336 5338 tempore
3393 5263 3596 5323 fuerit.
3645 5278 3845 5336 neque

2168 5361 2328 5435 quod
2360 5361 2567 5418 eadem
2602 5375 2739 5416 cum
2771 5357 3060 5416 creaturis
3091 5353 3430 5412 substantia
3459 5357 3717 5410 constet.
3742 5351 3846 5408 sed

2168 5452 2311 5524 quia
2339 5468 2401 5508 se
2433 5451 2506 5508 ad
2539 5456 2842 5508 creaturas
2889 5443 3216 5513 demiserit,
3249 5441 3632 5514 similemque
3663 5441 3845 5498 nobis

2171 5557 2233 5599 se
2263 5541 2490 5602 fecerit.
2523 5541 2672 5602 Illud
2721 5545 2924 5598 tamen
2975 5535 3386 5595 observatione
3435 5533 3684 5608 dignum
3727 5538 3842 5629 est,

2323 5695 2368 5732 ⁸⁸
2398 5693 2556 5752 Psal.
2587 5709 2744 5766 χχιιι,
2776 5696 2830 5749 2.
2920 5690 2966 5728 ⁶⁷
2999 5690 3242 5748 Zachar.
3289 5704 3412 5756 XIII,
3447 5690 3502 5743 7.
3597 5687 3641 5723 ⁸⁸
3673 5684 3837 5743 Psal.

397 5775 552 5838 cxm,
587 5769 640 5822 4.
717 5765 764 5801 ⁶⁹
793 5768 961 5822 Prov.
1004 5779 1120 5832 vm,
1154 5765 1242 5820 29.
1318 5765 1366 5800 ’³ο
1396 5764 1550 5822 l’sal.
1583 5782 1676 5834 cx,
1708 5769 1764 5822 7.
1842 5765 1884 5802 ’⁸³
1923 5763 2064 5823 Colo

2182 5785 2220 5836 1,
2257 5767 2345 5823 15.
