4054 6428
254 392 411 456 MSS

1602 387 1999 455 THESAUBI
2041 390 2189 453 LIB.
2240 390 2315 450 V.

3523 395 3677 455 M26

252 545 391 585 eum
421 527 796 601 unigenitum
824 532 883 584 et
912 527 1380 602 primogenitum
1420 527 1635 583 vocari.
1671 525 1912 594 Quoties
1941 529 1998 594 A
2029 526 2259 591 Quanto
2322 525 2483 582 enim
2530 525 2819 582 creaturis
2887 526 3271 582 excellentior
3340 534 3429 601 est
3496 530 3674 598 Deus,

253 635 392 693 ergo
427 618 767 692 unigenitus
830 627 1088 681 vocatur,
1122 617 1287 675 nulla
1336 619 1389 675 ei
1447 634 1679 674 annexa
1736 633 1913 672 causa
2019 622 2186 672 tanto
2241 617 2300 672 id
2346 634 2439 672 me
2494 618 2642 689 ipso,
2684 618 2783 689 qni
2842 623 3087 689 propter
3154 619 3338 675 Deum
3391 620 3672 678 subsisto.

254 724 373 779 qua
405 710 483 763 sit
508 708 871 781 unigenitus.
898 714 1294 780 pra-terquam
1330 708 1485 781 quod
1519 706 1789 763 absolute
1820 705 1913 760 di—

251 799 410 854 citur
431 801 582 854 Deus
614 799 982 869 unigenitus,
1016 799 1117 870 qui
1149 805 1239 854 est
1270 800 1332 855 in
1374 800 1507 855 sinu
1530 797 1909 862 Patris.Quo-

248 889 362 945 ties
396 905 529 945 vero
555 889 832 944 eumdem
876 906 1056 945 sacra:
1082 890 1401 961 Scripturaa
1444 888 1909 962 primogenitum

246 987 477 1033 vocant.
515 984 714 1035 statim
762 995 998 1051 quoque
1049 979 1315 1036 inferunt
1376 993 1773 1050 quorumnam
1833 976 1910 1030 sit

245 1068 707 1142 priinogenitus,
739 1086 1098 1141 causamque
1145 1070 1423 1125 afferunt.
1458 1073 1699 1141 pr0pter
1730 1083 1907 1137 quam

244 1158 360 1215 hoc
413 1176 651 1230 quoque
680 1160 1035 1232 cognomine
1074 1159 1349 1216 donetur.
1402 1158 1688 1229 lnquiunt
1721 1156 1902 1223 enim,

239 1250 583 1320 PrimOgenit
597 1267 658 1306 us
689 1253 748 1305 in
770 1251 956 1307 multis
973 1252 1247 1320 fratribus
1277 1251 1345 1317 ⁷³,
1393 1256 1444 1305 et
1497 1248 1906 1320 primogenitus

242 1355 312 1395 ea:
347 1343 579 1396 mortuis
597 1339 664 1396 ¹¹⁴.
700 1341 876 1412 Atqui
924 1340 1356 1413 primogenitus
1389 1339 1631 1412 quidem
1653 1338 1716 1393 in
1747 1337 1906 1394 mul-

238 1429 316 1485 tis
349 1429 632 1486 fratribus
665 1436 930 1495 vocatur,
966 1436 1263 1503 quatenus
1303 1430 1477 1486 nobis
1508 1429 1726 1485 similis
1760 1428 1902 1485 eﬂ‘e-

242 1525 374 1574 ctus
404 1525 495 1574 est
516 1519 755 1592 dempto
777 1526 1471 1592 peccato,assumptaque
1502 1534 1679 1575 carne
1701 1525 1903 1575 nostra

234 1609 487 1665 fratrem
507 1625 569 1665 se
597 1615 869 1664 nostrum
901 1610 1060 1665 fecit.
1109 1609 1547 1682 Primogenitus
1600 1615 1796 1663 autem
1832 1625 1902 1663 ex

235 1700 514 1768 mortuis,
549 1700 687 1771 quia
705 1700 935 1772 primus
958 1700 1085 1773 ipse
1104 1716 1345 1756 carnem
1374 1715 1543 1756 suam
1571 1699 1898 1755 exsuscita-

234 1792 316 1845 vit
343 1792 417 1846 ad
452 1790 983 1862 incorruptionem,
1014 1791 1405 1863 eamdemque
1437 1790 1666 1862 primus
1698 1791 1758 1846 in
1790 1806 1900 1846 cm—

234 1880 323 1935 los
375 1879 633 1935 induxit.
690 1879 852 1936 Unde
884 1880 984 1946 ait,
1040 1883 1161 1950 Ego
1189 1896 1310 1937 sum
1355 1879 1449 1936 via
1479 1881 1546 1935 τι.
1580 1881 1748 1949 Item,
1781 1882 1893 1949 Ego
1931 1881 1972 1945 Β

234 1986 355 2026 sum
416 1967 705 2027 ostium“.
767 1970 882 2024 Per
945 1985 1082 2025 eum
1142 1969 1300 2025 enim
1350 1974 1564 2025 natura
1632 1969 1894 2025 humana

238 2075 455 2115 novam
514 2058 970 2114 resurrectionis
1029 2058 1306 2114 insistere
1346 2059 1498 2113 viam
1531 2057 1804 2129 docetur,
1835 2065 1893 2114 et

243 2149 752 2222 quemadmodum
784 2166 891 2221 per
910 2149 1129 2205 ostium
1151 2147 1451 2221 quoddam
1481 2148 1543 2204 in
1561 2147 1755 2220 ipsum
1778 2164 1894 2205 cce-

240 2239 367 2296 lum
398 2239 748 2313 ingreditur.

812 2361 1070 2433 Ejusdem
1102 2359 1321 2431 Cyrilli.

305 2481 395 2534 55-
433 2476 691 2533 Verbum
717 2474 1098 2550 γίνεσθαιώοΟ
1129 2482 1217 2533 est
1248 2474 1380 2532 fieri
1406 2474 1495 2532 vel
1528 2474 1757 2545 esse,de
1777 2475 1896 2531 Deo

239 2571 424 2626 etiam
456 2571 629 2625 Patre
653 2568 877 2624 dictum
917 2568 1361 2637 invenimus,ut
1396 2566 1555 2639 apud
1576 2566 1855 2623 Davidem

234 2660 361 2714 Esto
395 2659 536 2713 mihi
587 2662 649 2712 in
706 2659 878 2713 Deum
930 2654 1395 2728 pratectorem".
1463 2656 1653 2711 Item:
1703 2657 1900 2712 Factus

2020 708 2339 779 ignobilius
2399 708 2475 762 sit
2533 714 2783 779 oportet,
2836 708 2994 779 quod
3041 716 3281 783 propter
3328 726 3422 766 me
3454 710 3674 767 factum

2020 803 2127 853 est.

2678 915 3015 970 Damascem.

2087 1032 2175 1085 28.
2209 1030 2722 1097 Quemadmodum
2757 1031 2950 1105 ignem
2985 1031 3208 1088 lumine
3241 1031 3399 1104 quod
3430 1032 3503 1089 ab
3534 1034 3664 1107 ipso

2014 1121 2284 1193 procedit
2314 1122 2513 1178 lucere
2546 1122 2823 1191 dicimus,
2858 1140 2968 1178 nec
3018 1122 3224 1178 lumen
3255 1123 3327 1179 ab
3358 1124 3492 1196 igne
3524 1142 3669 1197 pro-

2014 1211 2234 1267 cedens
2259 1212 2724 1269 instrumentum
2746 1230 2877 1269 esse
2909 1214 3226 1269 statuimus
3250 1214 3408 1285 quod
3425 1213 3668 1287 ignide-

2015 1304 2250 1374 serviat,
2276 1306 2379 1360 sed
2402 1306 2597 1376 potius
2620 1305 2956 1361 naturalem
2988 1322 3117 1360 esse
3152 1305 3494 1361 facultatem
3525 1323 3663 1378 pro-

2011 1392 2363 1460 fitemur,ita
2411 1399 2469 1450 et
2517 1396 2752 1449 Patrem
2802 1412 3177 1467 quiscunque
3222 1396 3360 1467 agit,
3425 1412 3495 1451 ea
3556 1413 3664 1467 per

2009 1485 2381 1556 unigenitum
2404 1484 2619 1539 Filium
2645 1500 2821 1539 suum
2855 1501 3027 1558 agere
3072 1485 3349 1556 dicimus,
3374 1502 3496 1541 non
3528 1491 3658 1541 tan-

2009 1590 2188 1645 quam
2216 1575 2419 1648 organi
2473 1575 2862 1646 adminiculo,
2888 1575 2992 1630 sed
3044 1575 3308 1631 naturali
3358 1580 3418 1631 et
3456 1591 3560 1647 per
3597 1592 3659 1631 se

2007 1663 2368 1720 sabsistente
2394 1665 2682 1737 potentia.
2713 1667 2784 1720 Et
2814 1664 3318 1737 quemadmodum
3351 1665 3547 1737 ignem
3576 1664 3661 1721 lu-

2006 1770 2140 1811 cere
2189 1755 2467 1817 dicimus.
2510 1756 2751 1826 viceque
2799 1772 2967 1811 versa
3000 1755 3203 1810 lumen
3258 1755 3408 1827 ignis
3457 1755 3657 1812 lucere

2005 1844 2449 1915 astruimus,ita
2471 1844 2650 1900 etiam
2682 1862 3051 1917 quaecunque
3083 1846 3257 1900 Pater
3295 1846 3414 1915 agit
3444 1845 3653 1903 eadem

2001 1932 2186 1988 Filius
2217 1948 2453 2003 quoque
2477 1933 2615 2005 agit.

2001 2049 2341 2104 Assertioncs
2378 2049 2504 2103 alia
2559 2049 2816 2104 adversus
2881 2050 3354 2105 Eunomianorum
3417 2046 3652 2116 ὁμοιού-

2074 2139 2213 2184 σιον,
2249 2119 2351 2176 hoc
2381 2127 2458 2175 est
2488 2119 2933 2190 dirtionem,qua
2962 2122 3137 2175 Filius
3166 2120 3371 2176 similis
3401 2121 3647 2191 quidem,

2075 2199 2148 2317 att
2185 2207 2297 2246 non
2354 2191 2599 2261 ejusdem
2648 2208 2770 2247 cum
2825 2194 2995 2247 Patre
3051 2192 3372 2249 substantia:
3422 2208 3531 2249 esse
3561 2193 3653 2247 di-

2075 2280 2124 2319 οι
2148 2280 2243 2319 ur.

2649 2354 2801 2409 CAP.
2865 2353 3029 2409 LVII.

2112 2463 2305 2533 Magni
2332 2461 2635 2518 Athanasii
2665 2462 2930 2589 advecil‘sus
2958 2465 3165 2534 eos,qui
3196 2463 3552 2522 homwusium

2639 2535 2793 2589 intro
2836 2541 3026 2589 ucunt.

2639 2535 3026 2591 introducunt.

2078 2645 2165 2698 29.
2204 2642 2428 2699 Similia
2458 2660 2580 2699 non
2605 2643 2675 2699 de
2709 2642 3079 2715 substantiis,
3113 2649 3172 2701 at
3197 2645 3398 2719 ﬁguris
3421 2649 3480 2701 et
3509 2662 3650 2718 qua-

237 2766 291 2805 e:
322 2747 464 2803 mihi
495 2749 550 2802 in
583 2748 817 2803 salutem
845 2745 912 2802 ⁷⁷.
966 2747 1138 2819 Apud
1192 2745 1536 2821 Apostolum
1596 2763 1755 2810 vero,
1817 2746 1901 2801 Sit

2034 2732 2277 2789 itatibus
2310 2733 2609 2789 dicuntur.
2660 2734 2845 2790 Homo
2896 2735 3096 2806 itaque
3138 2735 3369 2791 homini
3426 2736 3656 2792 ratione

234 2855 410 2909 porro
447 2839 583 2893 Deus
604 2854 775 2893 verax
801 2835 867 2897 ⁷⁸,
902 2840 1077 2892 omnis
1108 2844 1289 2893 autem
1338 2837 1497 2892 homo
1561 2836 1802 2892 mendas:
1830 2832 1898 2892 7°.

238 2928 295 2983 Si
330 2944 470 3000 ergo
504 2926 971 2999 Paterquamvis
1000 2933 1301 2999 protector
1324 2927 1427 2983 flat
1451 2932 1510 2982 et
1534 2942 1899 2995 verax,crea-

2007 2823 2248 2896 quidem
2269 2824 2542 2879 essentiae
2575 2822 2869 2895 ὁμοούσιος
2901 2824 3119 2880 dicitur
3151 2842 3164 2881 :
3198 2827 3429 2882 ratione
3460 2831 3661 2883 autem

2008 2913 2210 2986 ﬁguras
2242 2918 2345 2969 aut
2368 2912 2538 2979 ideae,
2572 2912 2787 2985 ὅμοιος.
2821 2913 2881 2969 id
2904 2920 2996 2969 est
3023 2914 3254 2973 similis.
3293 2915 3432 2972 Idea
3477 2932 3655 2988 porro

242 3024 375 3073 tura
407 3025 608 3073 tamen
642 3034 759 3072 non
786 3024 893 3087 est,
928 3023 1088 3073 certe
1120 3033 1315 3088 neque
1341 3017 1548 3083 Filius,
1570 3016 1841 3089 quamvis
1868 3032 1904 3071 θ,
2009 3005 2267 3077 qualitas
2290 3004 2586 3077 quaepiam
2618 3005 2889 3060 8511.1th
2911 3004 3089 3061 homo
3121 3005 3275 3075 b0Vl,
3300 3007 3348 3061 Si
3380 3007 3656 3063 essentiaa

243 3109 417 3165 Patre
449 3106 622 3164 nobis
680 3106 997 3179 sapientia.
1040 3106 1431 3164 sanctificatio
1484 3113 1541 3163 et
1572 3105 1900 3178 redemptio

238 3197 434 3254 factus
459 3196 554 3267 sit,
590 3203 862 3255 creatura
894 3198 1025 3254 erit.

815 3314 1081 3382 Ejusdem
1104 3314 1325 3384 Cyritti.

310 3434 400 3489 26.
436 3430 583 3485 Cum
637 3430 875 3484 Patrem
921 3428 1071 3483 Filio
1100 3430 1380 3484 essentia:
1402 3444 1644 3485 causam
1677 3430 1898 3488 factum

242 3540 372 3581 esse
404 3522 622 3580 dicitis.
659 3535 917 3593 quanam
964 3535 1144 3576 causa
1191 3519 1251 3573 id
1301 3518 1499 3574 dicitis
1529 3520 1557 3573 ‘t
1595 3536 1672 3574 an
1721 3536 1900 3577 causa

243 3613 565 3673 creationis
589 3611 617 3668 Ἰ
648 3610 825 3682 Atqui
845 3612 1016 3666 Pater
1036 3609 1163 3681 ipse
1195 3608 1348 3665 dixit
1375 3608 1427 3665 ei
1452 3625 1466 3663 :
1497 3609 1582 3665 Ex
1602 3616 1757 3666 utero
1772 3617 1900 3667 ante

244 3707 561 3774 Luciferum
587 3717 756 3774 genui
786 3707 838 3757 te
856 3699 941 3766 εθς
975 3706 1251 3772 superest
1278 3714 1417 3771 ergo
1448 3704 1515 3755 ut
1544 3716 1722 3755 causa
1781 3716 1899 3771 qua

246 3797 422 3851 Pater
480 3796 571 3847 est
610 3791 669 3847 id
709 3789 941 3848 dicatis.
987 3789 1151 3845 Unde
1208 3789 1481 3860 sequitur
1513 3787 1725 3846 Filium
1778 3805 1898 3847 non

248 3890 604 3947 creaturam,
630 3880 733 3938 sed
764 3878 1093 3937 naturalem
1112 3879 1329 3936 Filium
1353 3895 1503 3936 esse.

322 3999 583 4070 Theologi
601 4016 672 4055 ea:
702 4000 954 4055 oratione
982 4014 1167 4055 coram
1206 3998 1288 4054 CL
1313 3998 1586 4073 episcopis
1612 3997 1825 4055 habita.

322 4118 410 4174 27.
446 4117 728 4173 Creatura
756 4114 997 4186 quidem
1033 4113 1133 4171 Dei
1167 4113 1418 4181 dicatur,
1451 4113 1748 4186 siquidem
1778 4130 1898 4171 ma-

248 4225 429 4282 gnum
463 4205 638 4261 nobis
659 4211 718 4262 et
748 4205 859 4261 hoc
880 4210 988 4260 est.
1032 4206 1187 4261 Deus
1216 4210 1416 4259 autem
1462 4204 1630 4259 nullo
1680 4204 1857 4260 modo
1883 4219 1897 4261 :

245 4305 405 4355 certe
432 4303 579 4352 tunc
634 4294 944 4350 admittam
985 4299 1320 4349 creaturam
1360 4309 1493 4349 esse
1525 4295 1727 4352 Deum.
1763 4310 1901 4350 cum

246 4404 382 4462 ergo
415 4401 654 4458 quoque
685 4382 923 4458 proprie
971 4383 1136 4439 fuero
1172 4385 1343 4439 Deus.
1383 4383 1480 4440 Sic
1524 4384 1687 4440 enim
1711 4401 1773 4442 se
1804 4402 1902 4441 res

247 4478 447 4534 habet.
489 4476 545 4530 Si
603 4474 842 4546 quidem
899 4475 1049 4529 Deus
1080 4479 1474 4531 est.creatura
1505 4491 1626 4530 non
1656 4479 1768 4543 est,
1790 4491 1900 4531 no-

247 4567 483 4623 biscum
517 4564 806 4636 enim.qui
829 4564 910 4619 dii
935 4580 1055 4620 non
1078 4568 1587 4631 sumus,creatura
1617 4563 1900 4631 θεῖ.οαοᾶ

250 4657 297 4714 si
335 4662 612 4713 creatura
631 4661 743 4723 est,
774 4656 924 4711 Deus
947 4670 1067 4710 non
1100 4660 1207 4710 est.
1233 4654 1420 4726 Coepit
1464 4654 1624 4711 enim
1656 4656 1721 4711 in
1766 4661 1909 4713 tem-
1941 4621 1984 4686 Β

250 4763 440 4819 pore:
491 4745 650 4817 quod
688 4760 867 4817 porro
914 4745 1111 4817 cmpit.
1165 4749 1256 4801 est
1312 4743 1550 4816 quando
1606 4760 1727 4801 non
1774 4745 1927 4803 fuit.‘

250 4837 545 4893 Caeterum
573 4835 634 4890 id
665 4851 783 4908 quo
802 4834 952 4891 illud
974 4850 1092 4890 non
1117 4834 1252 4905 fuit,
1286 4833 1595 4906 antiquius
1624 4840 1737 4900 est,
1770 4850 1905 4891 cum

249 4928 492 4999 proprie
524 4940 645 4982 non
677 4925 884 4997 sit.qui
918 4924 1045 4980 fleri
1069 4929 1263 4996 potest
1290 4930 1358 4980 ut
1379 4924 1456 4979 sit
1483 4924 1677 4981 Deus?
1705 4925 1905 4982 Trium

251 5017 653 5090 ergo[sanctm
674 5013 981 5070 Trinitatis
1008 5012 1419 5086 personarum]
1438 5013 1607 5070 nulla
1636 5020 1910 5072 creatura

251 5115 343 5163 est
398 5121 593 5177 neque
626 5104 785 5176 quod
817 5120 888 5159 eo
919 5103 1184 5160 deterius
1217 5110 1578 5176 estpropter
1605 5120 1701 5161 me
1730 5105 1906 5175 facta,

249 5212 324 5252 ne
369 5196 564 5252 solum
604 5198 880 5250 creatura
928 5194 1026 5257 sit,
1069 5210 1276 5248 verum
1335 5194 1512 5249 etiam
1547 5194 1720 5250 nobis
1749 5195 1911 5267 abje-

247 5287 415 5342 otior.
448 5288 596 5342 Nam
618 5286 667 5341 si
699 5301 803 5357 ego
834 5284 896 5339 in
928 5284 1219 5339 honorem
1254 5284 1354 5339 Dei
1388 5284 1578 5340 factus
1610 5301 1765 5353 sum,
1796 5286 1909 5342 illa

2009 3094 2160 3151 ratio
2192 3095 2499 3163 habeatur,
2533 3111 2654 3150 non
2686 3091 2948 3165 ἂνόμοιος
2971 3112 3075 3151 seu
3107 3095 3416 3152 dissimilis
3458 3101 3566 3166 est,
3600 3101 3663 3153 at

2011 3183 2377 3257 ἕτεροσῦσιος,
2429 3184 2543 3241 hoc
2602 3189 2691 3241 est
2729 3185 2983 3241 essentia
3042 3185 3272 3242 diversa
3317 3186 3600 3258 praeditus
3639 3202 3654 3244 :

1938 3259 2243 3331 Cratione
2303 3289 2440 3329 vero
2504 3273 2650 3329 idem
2711 3290 3032 3346 corporeae,
3088 3272 3348 3346 ἀνόμοιος
3394 3291 3500 3331 seu
3538 3274 3662 3331 dis-

2014 3364 2248 3421 similis.
2306 3363 2397 3418 Fit
2453 3370 2654 3420 autem
2703 3364 2819 3419 Deo
2880 3363 3178 3437 quispiam
3239 3363 3473 3433 similis,
3538 3382 3661 3422 non

2014 3453 2295 3519 essentia,
2330 3451 2435 3509 sed
2465 3452 2803 3521 virtutibus,
2852 3469 2982 3525 qua:
3016 3452 3403 3527 qualitatibus
3453 3470 3662 3512 accen-

2012 3547 2242 3597 sentur.

2609 3631 2811 3685 Basilii
2851 3633 3065 3702 Magni.

2082 3742 2169 3795 30.
2205 3736 2528 3809 Splendore
2556 3736 2797 3808 quidem
2828 3738 3329 3809 conjunctionem,
3377 3739 3662 3813 hyposta-

2011 3846 2146 3886 seos
2174 3844 2309 3884 vero
2341 3827 2681 3884 charactere
2706 3844 2809 3883 seu
2861 3827 3047 3900 ﬁgura
3095 3829 3465 3899 substantias,
3524 3830 3659 3902 ὀμο-

2011 3917 2214 3986 οΰσιον,
2274 3916 2386 3974 hoc
2416 3922 2507 3973 est
2539 3915 2917 3973 identitatem
2960 3916 3309 3975 substantia)
3351 3917 3657 3976 docemur.

2601 4032 2790 4090 Sancti
2847 4034 3067 4105 Cyrilti.

2084 4154 2172 4209 3i.
2204 4149 2517 4207 Undenam
2546 4150 2729 4207 Filius
2758 4150 2915 4206 Patri
2949 4151 3473 4209 consubstantialis
3530 4167 3660 4210 esse

2011 4242 2206 4298 dictus
2238 4241 2335 4312 sit,
2369 4240 2681 4314 Apostolus
2713 4241 2870 4297 dicat
2900 4241 2993 4297 his
3015 4241 3245 4297 verbis:
3271 4244 3378 4308 Qui
3426 4258 3548 4299 cum
3604 4246 3663 4299 in

2011 4336 2194 4402 forma
2234 4330 2333 4387 Dei
2360 4338 2515 4398 esset,
2546 4347 2657 4386 non
2698 4331 2962 4403 rapinam
2986 4332 3291 4388 arbitratus
3322 4339 3422 4401 est,
3456 4349 3564 4389 esse
3609 4349 3664 4389 se

2011 4419 2285 4491 aequalem
2313 4421 2415 4475 Deo
2444 4420 2722 4490 "-ltaque
2738 4437 2873 4475 cum
2910 4437 3015 4493 per
3044 4421 3144 4476 Dei
3165 4420 3419 4477 formam
3450 4427 3666 4478 natura

2013 4510 2403 4583 intelligatur,
2438 4509 2916 4583 adjungaturque
2942 4511 3493 4582 aaqualitas,merito
3522 4528 3666 4569 con-

2016 4597 2427 4656 substantialis
2460 4598 2654 4654 dictus
2711 4606 2817 4655 est.
2852 4600 2960 4664 Qui
2999 4600 3158 4655 enim
3204 4602 3497 4672 aequalem
3527 4618 3664 4656 cum

2015 4693 2191 4748 Patre
2222 4697 2496 4747 naturam
2528 4690 2726 4759 habet,
2759 4691 3047 4762 aequalem
3080 4696 3238 4746 certe
3262 4690 3664 4747 substantiam

2017 4798 2254 4856 quoque
2313 4782 2509 4839 habet.
2571 4782 2723 4847 Quin
2779 4782 2905 4853 ipse
2946 4798 3182 4853 quoque
3225 4782 3493 4839 Christus
3523 4799 3662 4839 cum

2016 4872 2101 4927 ait
2132 4889 2144 4928 :
2177 4874 2292 4943 Ego
2312 4878 2364 4929 et
2387 4878 2555 4927 Pater
2591 4887 2763 4927 unum
2791 4887 2974 4928 sumus
3002 4871 3069 4937 ⁸³,
3110 4876 3336 4927 naturae
3397 4873 3519 4928 sive
3568 4889 3664 4930 es-

2017 4962 2223 5018 sentiaa
2255 4961 2631 5018 identitatem
2664 4961 3050 5018 demonstrat.

2585 5078 2840 5149 Ejusdem
2885 5078 3100 5147 Cyrilli.

2087 5198 2177 5253 32.
2211 5197 2470 5262 Quorum
2521 5197 2789 5253 actiones
2847 5196 3085 5264 eaedem,
3146 5214 3355 5253 eorum
3416 5199 3674 5255 essentia

2019 5303 2257 5359 quoque
2287 5304 2409 5344 una
2438 5292 2547 5343 est.
2583 5288 2750 5343 Actio
2784 5304 2959 5359 porro
3021 5289 3213 5343 Patris
3263 5295 3320 5344 et
3375 5288 3504 5344 Filii
3549 5305 3671 5345 una

250 5392 385 5432 vero
425 5383 669 5450 prOpter
724 5392 841 5444 me,
873 5380 1032 5431 certe
1062 5374 1259 5430 orbita
1288 5381 1533 5447 propter
1558 5391 1822 5443 currum,
1853 5382 1914 5434 et
2019 5382 2129 5443 est,
2162 5382 2231 5432 ut
2260 5376 2400 5433 hinc
2432 5384 2593 5449 patet
2617 5395 2629 5432 :
2649 5379 2939 5434 Faciamus
2968 5378 3246 5434 hominem
3272 5378 3347 5433 ad
3377 5379 3679 5447 imaginem

253 5484 390 5525 sera
453 5476 698 5541 propter
749 5468 971 5525 ostium
1034 5466 1190 5522 facta
1255 5472 1365 5522 est.
1451 5467 1631 5524 Vince
1708 5485 1907 5526 causa.

321 5621 370 5659 7°
399 5624 567 5683 Rom.
627 5639 742 5695 vm,
792 5623 883 5679 29.
960 5620 1006 5659 ⁷³
1063 5618 1520 5695 C010981_l,‘18_.

258 5712 423 5761 amr,
485 5700 571 5754 14.
648 5697 692 5733 ⁷⁸
749 5696 918 5753 Rom.
980 5711 1058 5766 in,
1118 5695 1172 5752 4.

254 5766 304 5803 ⁸³
327 5771 470 5829 Gen.
516 5784 557 5840 ι,
588 5769 680 5830 26.

1598 5618 1648 5655 7‘
1699 5620 1864 5677 Joan.
1920 5636 2036 5690 χεν,
2096 5624 2149 5677 6.
2227 5620 2275 5657 ’⁷⁵
2328 5622 2494 5678 Joan.
2554 5639 2610 5690 x,
2664 5624 2720 5677 9.

1275 5690 1323 5727 τε)
1380 5692 1536 5749 Psal.
1589 5709 1717 5763 cxv,
1778 5697 1861 5749 11.
1940 5692 1985 5731 ⁸ο
2039 5694 2190 5765 Psal,
2250 5709 2358 5763 CIX,
2418 5696 2469 5752 3.

2016 5476 2268 5525 nostram
2297 5467 2365 5525 ³³.
2424 5470 2571 5525 Item
2599 5486 2613 5524 :
2646 5471 2996 5542 Quaecunque
3039 5473 3203 5528 Pater
3233 5472 3374 5541 agit,
3408 5471 3598 5527 eadem
3627 5476 3682 5527 et

2596 5665 2610 5691 ,
2664 5624 2720 5677 9.
2798 5622 2845 5659 ⁷⁸
2911 5621 3061 5679 Psal.
3123 5639 3250 5689 Lxx,
3312 5623 3364 5678 3-
3443 5622 3670 5680 7"Psal.

2548 5693 2593 5728 εί
2652 5694 2910 5768 Philipp,
2970 5712 3033 5765 ii,
3082 5696 3136 5751 6.
3239 5695 3287 5731 ⁸²
3314 5695 3481 5753 Joan.
3516 5711 3570 5766 ι,
3604 5698 3673 5752 30
