4054 6396
347 413 504 495 1427

356 673 427 712 ne
452 653 690 710 credatis
718 649 860 706 mihi
887 647 955 706 ⁸⁵.

931 765 1185 838 Ejusdem
1217 763 1433 834 Cyrilli.

433 891 500 944 33
555 885 1064 954 Quemadmodum
1096 885 1290 939 bonus
1317 883 1466 938 odor
1488 881 1610 948 ille,
1634 881 1735 952 qui
1762 885 2008 935 natura-

359 981 498 1038 liter
528 986 585 1034 et
614 978 1012 1034 essentialiter
1047 994 1077 1030 e
1119 976 1268 1031 ﬂore
1317 972 1605 1046 procedit,
1657 972 1822 1028 ﬂoris
1879 970 2010 1042 ejus

365 1069 624 1141 speciem
657 1067 941 1136 indicat,a
968 1083 1082 1137 quo
1118 1072 1398 1135 tanquam
1422 1069 1668 1136 parente
1690 1065 1867 1118 natus
1899 1065 2009 1132 est,

360 1160 442 1221 ita
473 1163 530 1213 et
557 1156 1012 1228 tilius,quivelut
1042 1155 1188 1210 odor
1215 1160 1478 1227 paternae
1498 1151 1844 1208 substantias
1858 1151 2013 1222 quis-

361 1247 522 1318 piam
573 1251 681 1314 est,
731 1245 1062 1318 genitorem
1112 1259 1288 1299 suum
1344 1241 1627 1300 declarat.
1668 1241 1768 1296 Ait
1805 1239 2009 1296 enim:

364 1338 470 1401 Qui
487 1336 638 1392 videt
666 1353 771 1405 me,
795 1335 945 1392 videt
971 1342 1022 1390 et
1040 1341 1262 1391 Patrem
1284 1333 1352 1388 ⁸⁸.

363 1456 422 1510 S.
455 1454 655 1525 Cyrilli
695 1455 932 1525 objectio
977 1461 1172 1510 contra
1215 1454 1478 1522 Arianos,
1537 1452 1762 1522 ejusque
1791 1450 2010 1506 solutio.

439 1573 526 1626 34.
595 1572 686 1625 Sic
722 1571 936 1627 alicubi
1001 1573 1274 1626 Servator
1319 1570 1402 1625 ait
1453 1569 1713 1640 seipsum
1770 1565 2012 1638 quidem

368 1661 428 1716 in
457 1662 630 1716 Patre
661 1677 810 1730 sese,
842 1663 1078 1715 Patrem
1099 1666 1299 1715 autem
1318 1657 1676 1714 consimilite
1698 1657 1758 1710 in
1795 1655 2013 1727 seipso.

368 1749 495 1805 Iam
527 1749 710 1804 cuivis
743 1749 1123 1820 perspicuum
1147 1753 1254 1812 est,
1281 1763 1402 1802 non
1429 1746 1512 1801 ita
1561 1743 2017 1816 intelligendum

1667 409 1976 481 meum
2018 366 2448 510 cnoNlAm

356 547 528 622 Filius
555 563 676 634 agit
704 561 772 596 δι’
806 562 992 617 Item:
1025 555 1086 614 Si
1116 571 1285 628 opera
1313 555 1497 611 Patris
1525 551 1636 610 mei
1661 567 1775 610 non
1828 550 2004 623 facio,
2037 553 2091 620 Α

2647 598 2652 604 .
2681 541 2942 616 Ejusdem
2971 541 3200 599 Basilii.

2185 667 2276 722 37.
2309 661 2793 736 Comparationes
2823 659 3063 734 proprie
3096 659 3251 716 inter
3279 657 3385 715 illa
3415 657 3588 724 ﬁunt,
3640 673 3776 729 quae

2117 759 2255 811 sunt
2312 754 2579 826 ejusdem
2615 753 2874 826 generis.
2919 750 3128 806 Nullus
3178 749 3339 805 enim
3387 749 3574 805 Deum
3633 761 3774 803 cum

2117 843 2348 916 angelo,
2377 848 2479 898 aut
2509 841 2786 916 angelum
2814 856 2951 896 cum
3001 838 3266 905 homine,
3303 843 3406 892 aut
3461 835 3776 891 hominem

2119 950 2255 990 cum
2287 933 2460 988 bruto
2488 937 2757 1000 conl'ert;
2792 931 2898 986 sed
2929 931 3084 986 Deus
3117 928 3360 1000 quidem
3407 943 3545 983 cum
3603 924 3776 981 nullo

2122 1023 2378 1078 conferri
2411 1027 2625 1095 potest,
2657 1027 2874 1078 caetera
2905 1037 3040 1076 vero
3073 1035 3208 1075 cum
3242 1017 3315 1074 iis
3361 1017 3778 1084 conferuntur,

2123 1129 2254 1184 quae
2287 1118 2426 1168 sunt
2455 1111 2690 1184 generis
2721 1109 2992 1184 ejusdem
3027 1127 3040 1164 :
3083 1126 3207 1165 non
3259 1113 3457 1164 autem
3515 1121 3652 1161 cum
3707 1103 3782 1159 iis

2123 1220 2256 1274 quas
2288 1202 2526 1258 diversi.

2195 1295 2310 1348 Nec
2343 1293 2506 1349 enim
2537 1291 2782 1366 angelus
2813 1307 2946 1348 cum
2972 1289 3241 1358 homine,
3273 1305 3386 1344 nec
3416 1287 3598 1342 homo
3631 1301 3773 1342 cum

2123 1383 2299 1440 bruto
2330 1399 2441 1438 nec
2473 1382 2702 1455 lignum
2734 1397 2869 1437 cum
2909 1379 3108 1452 lapide
3165 1378 3490 1435 confertur.
3524 1375 3651 1440 Quo
3691 1375 3781 1442 fit,

2125 1477 2191 1528 ut
2220 1472 2281 1528 in
2307 1471 2378 1526 iis
2402 1488 2536 1542 quae
2561 1476 2700 1528 sunt
2732 1470 3008 1542 ejusdem
3029 1465 3508 1542 generis,melius
3537 1480 3662 1520 non
3695 1462 3790 1519 di-

2127 1569 2316 1632 calur,
2349 1561 2454 1616 sed
2483 1561 2694 1635 magis,
2727 1561 2883 1634 plus,
2917 1565 2977 1615 et
3004 1559 3222 1632 majus.
3267 1561 3472 1630 Itaque
3503 1556 3551 1612 si
3607 1557 3790 1612 Pater

2127 1652 2272 1709 Filio
2305 1651 2532 1707 ratione
2566 1657 2793 1707 natura:
2825 1649 2945 1706 sive
2996 1648 3355 1705 substantias
3414 1648 3610 1718 major
3669 1651 3786 1713 est,

2129 1743 2242 1799 erit
2270 1742 2455 1798 Filius
2487 1740 2759 1814 ejusdem
2789 1757 2925 1796 cum
2946 1740 3121 1796 Patre
3156 1737 3528 1795 substantia.

365 1838 480 1893 hoc
510 1853 660 1930 εἶπ’
689 1842 759 1892 ut
811 1835 1314 1930 quf’madmOd'im
1373 1849 1884 1930 (PrpuSACOrpwe’
1917 1837 2020 1930 Eat
2128 1861 2186 1917 S.
2222 1861 2419 1930 Cyrilli
2443 1860 2702 1916 adversus
2731 1876 2822 1916 eos
2852 1861 2951 1930 qui
3006 1859 3275 1930 minorem
3327 1855 3534 1930 Filium
3593 1855 3789 1930 inti-oo

365 1927 670 1982 vasculum
710 1926 948 1982 vasculo
997 1925 1544 1998 comprehenditur,
1594 1923 1678 1979 ita
1707 1923 1884 1980 etiam
1917 1924 2020 1978 Pa-
2050 1930 2096 1996 Β
2199 1923 2430 2001 dicunt,
2489 1949 2551 1987 εο
2600 1931 2748 2002 quod
2805 1923 3050 1988 cliristus
3093 1929 3154 1985 in
3211 1926 3523 1998 Ez'angeiiis
3584 1927 3789 1983 dicat:

367 2022 520 2072 trem
547 2033 580 2072 a
604 2015 865 2085 Filio,vel
891 2033 921 2070 e
943 2015 1174 2070 diverso
1219 2013 1428 2069 Filium
1453 2013 1500 2082 ia
1539 2014 1712 2069 Patre
1752 2029 2022 2086 compre-

369 2105 549 2160 hendi
573 2104 1016 2177 quodammodo
1039 2103 1326 2159 dicamus.
1351 2104 1644 2158 Caeterum
1684 2103 1782 2158 hic
1812 2103 1873 2157 in
1897 2103 2023 2170 illo,

372 2195 594 2267 illeque
627 2196 688 2250 in
716 2196 828 2250 hoc
850 2195 999 2250 citra
1030 2193 1424 2248 mutationem
1461 2208 1590 2247 esse
1630 2192 1882 2259 videtur,
1903 2197 2026 2248 tan-

376 2301 554 2356 quam
585 2284 647 2339 in
680 2284 952 2340 essentia:
985 2282 1316 2350 identitate,
1338 2281 1712 2353 naturalique
1740 2283 2026 2354 conjunc-

380 2375 546 2432 tione
577 2381 754 2447 atque
789 2375 1205 2431 similitudine.
1267 2373 1780 2440 Quemadmodum
1814 2375 1861 2428 si
1895 2375 2026 2444 quis

382 2467 446 2522 in
474 2465 732 2522 imagine
763 2483 928 2522 suam
961 2465 1282 2538 genuinam
1319 2464 1699 2535 conspicatus
1747 2464 2026 2533 formam,

381 2573 517 2612 vere
571 2556 927 2626 quibusdam
985 2555 1162 2622 dicat,
1199 2554 1654 2611 similitudinem
1687 2561 1803 2610 tam
1828 2559 2030 2611 exacte

385 2659 727 2718 expressam
759 2645 1120 2701 demiratus:
1156 2646 1270 2717 Ego
1298 2645 1358 2700 in
1388 2645 1498 2700 hac
1535 2645 1786 2716 pictura,
1823 2650 1881 2699 et
1908 2643 2028 2716 pic-

381 2741 515 2791 tura
534 2734 662 2791 haac
690 2735 753 2790 in
777 2733 1000 2790 me.Vel
1018 2734 1521 2804 quemadmodum
1545 2732 1595 2788 si
1612 2731 1880 2788 caliditas
1899 2749 2030 2806 quas

375 2825 731 2880 naturaliter
759 2823 832 2880 ab
860 2823 996 2896 igne
1029 2823 1312 2894 procedit,
1335 2823 1496 2895 loqui
1530 2827 1748 2894 posset,
1783 2822 2031 2878 diceret-

381 2929 496 2985 que
531 2930 544 2968 :
577 2913 694 2986 Ego
716 2914 780 2968 in
809 2913 1033 2986 igne,et
1063 2913 1214 2984 ignis
1245 2913 1306 2968 in
1340 2929 1455 2968 me.
1473 2913 1618 2969 Nam
1665 2911 2030 2984 supradicto-

371 3017 508 3059 rum
531 3003 1003 3074 unumquodque
1026 3003 1382 3075 cogitatione
1415 3001 1656 3074 quidem
1675 3000 1853 3056 dividi
1885 3016 2027 3071 quo-

373 3090 694 3148 dammodo
726 3097 958 3165 potest;
990 3097 1052 3148 at
1079 3098 1294 3147 natura
1325 3107 1512 3146 unum
1573 3095 1682 3161 est,
1715 3105 2024 3161 unumque

367 3175 443 3237 ex
489 3198 610 3238 uno
669 3180 976 3237 individua
1050 3181 1302 3252 quadam
1364 3179 1746 3252 processione
1810 3180 2018 3248 oritur,

2213 2025 2241 2053 «
2275 2011 2444 2060 Pater
2472 2019 2620 2060 meus
2649 2005 2832 2074 major
2849 2019 2931 2058 me
2957 2008 3054 2058 est.
3091 2026 3115 2055 ι

2209 2133 2296 2187 38.
2329 2131 2439 2196 Qui
2471 2147 2605 2186 vero
2637 2129 2767 2186 ﬁeri
2799 2135 2996 2202 potest
3025 2135 3091 2185 ut
3135 2129 3320 2184 Filius
3367 2127 3567 2183 minor
3623 2124 3796 2181 dica-

2139 2223 2254 2288 tur,
2291 2220 2392 2290 qui
2424 2219 2735 2292 perspicue
2768 2219 2927 2275 dicat
2959 2235 2972 2274 :
3007 2219 3203 2275 Omnia
3232 2233 3576 2288 quaecunque
3628 2215 3803 2270 habet

2136 2311 2322 2377 Pater,
2357 2327 2482 2365 mea
2509 2316 2637 2365 sunt
2665 2309 2732 2362 ⁸⁸.
2767 2311 2838 2365 Et
2859 2308 2998 2365 alibi
3032 2310 3151 2365 Deo
3183 2314 3244 2363 et
3271 2307 3432 2363 Patri
3475 2305 3655 2360 verba
3713 2304 3802 2361 fa-

2140 2397 2303 2453 ciens
2337 2413 2350 2452 :
2402 2398 2618 2465 Omnia,
2661 2399 2876 2469 inquit,
2917 2415 3038 2454 mea
3069 2405 3165 2453 tua
3192 2403 3341 2466 sunt,
3371 2402 3423 2452 et
3444 2402 3542 2451 tua
3569 2411 3696 2451 mea
3725 2392 3801 2464 ⁸⁸,

2141 2485 2201 2540 in
2235 2487 2469 2541 Patrem
2499 2501 2735 2558 quoque
2768 2486 2941 2543 cadet
2960 2493 3028 2543 ut
3066 2487 3264 2542 minor
3291 2483 3802 2550 dicatur,itidem-

2143 2591 2256 2646 que
2283 2576 2344 2630 in
2365 2576 2598 2631 Fllium.
2631 2581 2698 2632 ut
2721 2575 2934 2648 major,
2967 2575 3301 2649 praesertim
3333 2591 3466 2631 cum
3499 2574 3562 2628 in
3584 2588 3801 2628 rerum

2142 2665 2352 2720 ordine
2383 2664 2617 2720 nullum
2648 2665 2726 2720 sit
2755 2664 3100 2732 discrimen,
3137 2664 3435 2734 siquidem
3467 2679 3599 2734 quae
3637 2663 3800 2718 utri-

2141 2771 2254 2827 que
2286 2754 2490 2811 insunt
2515 2755 2576 2810 in
2613 2761 2868 2827 utroque
2923 2759 3266 2821 cernantur,
3300 2755 3468 2811 itaut
3493 2753 3802 2826 quidquid

2139 2845 2330 2900 Patris
2353 2844 2538 2915 est,id
2567 2844 2698 2900 Filii
2733 2861 2968 2916 quoque
3001 2845 3098 2912 sit,
3124 2849 3184 2900 et
3213 2861 3380 2900 versa
3430 2844 3578 2912 vice,
3612 2842 3803 2915 quid-

2139 2933 2282 3004 quid
2312 2933 2442 2988 Filii
2465 2935 2771 3005 proprium
2804 2949 2934 2990 esse
2963 2933 3216 3001 videtur,
3239 2933 3301 2988 id
3332 2933 3491 2989 Patri
3551 2949 3803 3004 quoque

2137 3024 2428 3080 convenit.
2465 3026 2666 3095 Itaque
2703 3023 2856 3078 nihil
2888 3021 3167 3084 obstabit.
3201 3023 3522 3096 quominus
3555 3027 3804 3080 Patrem

2133 3111 2286 3168 Filio
2321 3113 2709 3176 minorem.et
2735 3112 2952 3170 Filium
2983 3115 3155 3169 Patre
3183 3115 3473 3186 majorem
3495 3111 3798 3170 dicamus:

2135 3201 2236 3258 sed
2270 3203 2611 3274 hujusmodi
2637 3202 2942 3276 quidpiam
2956 3202 3044 3259 vel
3077 3202 3334 3276 cogitare
3351 3201 3798 3275 perabsurdum

373 3271 889 3372 (ἱαξέξηθάξῖιοάξιῐξξ
909 3271 1412 3372 εθάηηὲίᾘιιοίίυέ
1441 3269 1676 3372 νίάίῗιπξτ
1698 3269 1777 3372 ξιι)
1802 3285 1879 3372 .θο
1924 3270 2018 3326 συί
2053 3304 2096 3372 C
2133 3297 2241 3347 est.
2277 3269 2923 3365 Quapropter-sequens
2956 3297 3043 3349 est
3073 3269 3254 3359 Patri,
3287 3269 3412 3348 ndn
3469 3292 3644 3349 Patre
3673 3293 3802 3348 mi-

374 3359 618 3430 quidem
649 3361 825 3417 inest.
845 3361 1366 3415 Verumenimvero
1398 3360 1632 3416 tametsi
1661 3359 1746 3416 vis
1762 3366 1822 3416 et
1858 3377 2022 3416 ener-

375 3449 471 3520 gia
500 3464 708 3504 eorum
739 3464 871 3520 quae
903 3447 976 3502 de
998 3448 1144 3520 ipsis
1175 3449 1511 3521 cogitantur
1540 3449 1650 3505 hoc
1673 3448 1848 3504 veluti
1882 3466 2022 3521 quo-

377 3537 516 3594 dam
547 3543 684 3610 typo
707 3539 1023 3606 elucescat,
1057 3538 1119 3594 in
1149 3539 1333 3595 altero
1364 3545 1566 3596 tamen
1609 3539 1862 3606 videtur,
1903 3555 2025 3596 am-

371 3627 570 3700 boque
599 3628 759 3683 idem
800 3635 958 3698 sunt,
1016 3629 1063 3684 si
1115 3629 1461 3687 substantiae
1507 3630 1658 3686 ratio
1706 3629 2018 3686 habeatur.

369 3720 576 3791 Itaque
607 3719 656 3775 si
683 3721 956 3776 essentne
979 3721 1372 3792 ratione,quae
1405 3722 1624 3777 mutari
1647 3736 1769 3778 non
1801 3726 2017 3794 potest,

373 3814 552 3881 atque
591 3809 952 3866 characteris
965 3825 1069 3866 seu
1085 3811 1301 3883 ﬁgurae,
1313 3826 1446 3882 quae
1463 3827 1704 3882 prorsus
1717 3809 2020 3883 corrumpi

360 3898 763 3954 adulterarive
793 3899 1202 3972 nequit,Pater
1231 3899 1296 3955 in
1323 3898 1470 3955 Filio
1502 3906 1611 3970 est,
1627 3901 1728 3973 qui
1762 3901 1892 3956 fieri
1921 3917 2021 3972 po-

366 3989 597 4057 terit,ut
627 3991 922 4062 majorgin
979 3989 1298 4057 minorem,
1335 3991 1423 4046 sic
1453 3991 1614 4046 enim
1653 3991 1752 4046 isti
1805 3991 2017 4047 Filium

365 4087 990 4153 censent,transeat,et
1021 4083 1082 4138 in
1105 4099 1174 4139 eo
1185 4082 1456 4140 videatur
1475 4087 1504 4139 ?
1522 4084 1670 4149 Quia
1690 4101 1826 4140 vero
1848 4101 2017 4156 pror-

365 4189 465 4229 sus
496 4172 558 4227 in
590 4187 658 4228 eo
691 4177 801 4242 est,
822 4173 1230 4244 consequitur,
1255 4178 1318 4228 ut
1345 4172 1526 4230 Filius
1557 4173 1802 4228 omnino
1832 4174 2016 4246 perfe-

364 4269 494 4318 ctus
524 4262 602 4318 sit
633 4265 745 4318 eta
770 4261 1032 4335 perfecto
1090 4262 1390 4335 procedat,
1434 4263 1632 4337 magni
1658 4263 1846 4320 Patris
1876 4263 2014 4320 cha-

363 4357 560 4408 racter
589 4356 649 4408 et
679 4352 888 4426 ﬁgura.

360 4467 558 4538 Magni
608 4469 840 4537 Basilii,
874 4471 1024 4540 quod
1079 4470 1247 4527 Pater
1293 4473 1364 4528 sit
1398 4543 1406 4544 ί
1437 4472 1584 4529 Filio
1638 4474 1821 4544 major
1851 4487 2016 4530 causa

573 4547 834 4613 paterna,
869 4558 980 4597 non
1010 4549 1195 4598 autem
1226 4543 1542 4600 divinitatis
1570 4543 1798 4602 natura.

433 4661 521 4714 35.
557 4659 613 4714 Si
640 4659 962 4716 essentiam
995 4659 1255 4714 essentia
1278 4659 1564 4732 majorem
1585 4667 1688 4718 aut
1716 4663 2009 4720 minorem
2042 4673 2088 4738 D

365 4765 489 4806 non
517 4747 991 4818 dicemus,verba
1011 4749 1306 4818 illa,Pater
1325 4753 1503 4822 major
1522 4767 1606 4808 me
1633 4752 2017 4821 est37,ratione

361 4839 708 4896 substantiae
730 4838 1018 4895 dictanon
1041 4846 1180 4895 sunt
1203 4857 1217 4906 ;
1249 4840 1354 4898 sed
1376 4841 1516 4913 quia
1539 4841 1666 4913 ejus
1695 4844 2008 4914 Pater,hoc

361 4934 660 4998 est,causa
685 4935 744 4985 et
765 4929 1127 5001 principium
1159 4936 1266 4987 est.

913 5047 1174 5118 Ejusdem
1218 5049 1442 5106 Basilii.

426 5163 516 5218 36.
551 5163 607 5218 Si
639 5177 818 5218 causa
849 5163 1040 5234 major
1065 5170 1157 5220 est
1182 5181 1250 5221 eo
1281 5166 1454 5238 cujus
1483 5173 1573 5223 est
1601 5182 1800 5234 causa,
1845 5172 1904 5224 et
1932 5169 2004 5226 ab

353 5253 484 5326 ipso
513 5252 790 5309 essentim
819 5254 1052 5310 ratione
1083 5255 1300 5312 differt.
1329 5256 1535 5313 Omnis
1591 5263 1790 5314 autem
1837 5265 2008 5331 pater

353 5359 532 5398 causa
562 5349 668 5413 est,
693 5342 1008 5414 omnisque
1040 5344 1201 5400 ﬁlius
1222 5344 1272 5401 is
1311 5347 1480 5413 cujus
1501 5352 1670 5418 pater
1684 5361 1863 5405 causa
1893 5353 2002 5418 est,

353 5437 512 5486 certe
533 5433 794 5502 majores
819 5432 958 5488 ﬁliis
985 5437 1182 5504 patres
1215 5432 1550 5507 diversique
1581 5442 1720 5493 sunt
1755 5437 1829 5494 ab
1889 5437 2004 5494 illis

357 5522 632 5578 essentia)
661 5521 915 5578 ratione.
951 5522 1070 5578 Hoc
1101 5539 1302 5580 verum
1331 5541 1452 5581 non
1482 5529 1592 5581 est.

429 5719 475 5756 ⁸⁸
507 5724 670 5783 Joan.
707 5743 758 5796 ι’,
797 5727 879 5784 19.
956 5727 1000 5766 ⁸⁸
1027 5730 1193 5788 Joan.
1229 5747 1286 5800 κ,
1320 5729 1407 5788 37.
1511 5731 1737 5792 “Joan.
1769 5749 1884 5806 xxx,
1919 5737 1971 5793 9.

2067 5733 2292 5812 8"glbid.
2327 5738 2416 5794 28.
2493 5736 2542 5774 ⁸⁸
2561 5739 2724 5798 Joan.
2753 5757 2865 5812 xw,
2903 5740 2990 5798 15.

2133 3397 2263 3438 nor.
2297 3382 2396 3451 qui
2431 3398 2777 3438 communes
2809 3381 2990 3438 habet
3017 3397 3154 3438 cum
3205 3383 3378 3438 Patre
3432 3381 3794 3439 substantiae

2129 3469 2466 3544 dignitates.

2126 3605 2261 3662 Alia
2311 3605 2548 3676 objectio
2599 3578 3034 3662 Anomseorum:
3079 3609 3173 3663 An
3229 3606 3412 3664 volens
3463 3606 3655 3677 Pater,
3709 3623 3794 3663 an

2554 3680 2747 3734 nolens
2794 3678 3000 3734 Filium
3033 3679 3346 3748 genuerit?

2749 3795 2908 3852 CAP.
2965 3796 3156 3852 LVIII.
3253 3805 3256 3808 ’

2125 3904 2317 3972 Magni
2346 3904 2603 3978 Gregorii
2633 3905 2886 3978 Theolngi
2923 3923 2992 3961 ea:
3041 3907 3294 3962 oratione
3340 3905 3408 3962 de
3464 3907 3794 3978 incompre-

2481 3975 2747 4032 hensibili
2767 3978 2902 4032 Filii
2924 3979 3020 4034 Dei
3045 3981 3416 4050 generatione.

2197 4093 2290 4149 39.
2306 4092 2656 4164 Cujusmodi
2678 4110 2855 4166 porro
2879 4095 3156 4166 est.quod
3175 4093 3445 4151 Anomazi
3463 4094 3797 4166 objiciunt,

2128 4197 2308 4252 quam
2341 4181 2608 4239 rixosum
2639 4189 2699 4239 et
2727 4183 3093 4256 impudens?
3126 4185 3443 4254 Volensne,
3475 4184 3795 4256 inquiunt,

2125 4270 2342 4327 Filium
2369 4271 2594 4345 genuit,
2627 4289 2704 4328 an
2732 4271 2943 4330 nolens
2962 4273 2992 4329 ?
3015 4273 3232 4330 deinde
3263 4273 3533 4342 nodis,ut
3553 4274 3670 4346 ipsi
3696 4291 3802 4332 ar-

2123 4359 2444 4428 bitrantur,
2478 4362 2778 4433 sutrinque
2833 4379 2946 4419 nos
2993 4362 3323 4436 implicant,
3377 4380 3500 4420 non
3541 4363 3798 4432 validis,

2123 4449 2228 4506 sed
2263 4449 2587 4508 admodum
2612 4451 2856 4524 putidis.
2891 4452 2948 4509 Si
2978 4453 3214 4521 nolens,
3264 4453 3568 4526 inquiunt.
3640 4469 3798 4528 ergo

2121 4541 2438 4612 tyrannica
2469 4548 2710 4598 coactus
2743 4557 2758 4598 :
2793 4543 2926 4612 quis
2955 4548 3156 4600 autem
3186 4544 3372 4600 Deum
3399 4559 3802 4614 cogerequo—

2126 4645 2385 4702 namque
2415 4631 2520 4688 ille
2541 4632 2718 4688 modo
2743 4633 2870 4706 cogi
2891 4633 3126 4703 possit?
3149 4633 3315 4700 Quod
3347 4635 3396 4689 si
3425 4633 3653 4704 volens,
3687 4651 3802 4692 vo-

2125 4719 2372 4778 luntatis
2401 4722 2585 4778 Filius
2618 4729 2707 4779 est
2736 4724 2910 4779 Deus.
2945 4723 3250 4788 Quomodo
3282 4740 3420 4797 ergo
3446 4741 3518 4781 ex
3559 4726 3746 4792 Paire
3770 4727 3805 4782 ?

2131 4811 2215 4866 ita
2244 4817 2311 4866 ut
2341 4828 2555 4868 novam
2582 4812 2900 4884 quamdam
2933 4817 3187 4870 matrem
3217 4813 3588 4870 voluntatem
3649 4813 3800 4873 loco

2115 4900 2308 4956 Patris
2327 4901 2712 4973 coniungant.
2744 4903 2937 4960 Unum
2968 4907 3171 4959 tamen
3195 4902 3306 4959 hoc
3337 4903 3399 4958 in
3451 4902 3574 4959 illis
3603 4921 3803 4962 venu-

2119 4995 2275 5047 stum
2309 4996 2420 5060 est,
2453 4991 2504 5047 si
2528 4991 2622 5047 his
2640 4991 2836 5048 verbis
2863 4993 3138 5061 innuant,
3162 5009 3225 5049 se
3247 4992 3322 5050 ab
3355 4993 3672 5050 affectibus
3705 4995 3798 5052 ad

2115 5079 2483 5138 voluntatem
2513 5080 2826 5140 defecisse.
2861 5083 2977 5138 Nec
3007 5083 3170 5139 enim
3208 5081 3481 5140 voluntas
3537 5084 3797 5142 allectio

2115 5174 2228 5226 est.

2188 5259 2525 5317 Secundum
2557 5277 2734 5334 porro
2768 5277 2972 5318 eorum
3005 5277 3186 5332 quam
3209 5262 3466 5321 validum
3499 5263 3578 5319 sit
3607 5279 3800 5338 argu-

2115 5355 2387 5407 mentum
2408 5350 2734 5408 videamus.
2768 5352 3126 5408 Praestiterit
3155 5359 3355 5409 tamen
3385 5353 3436 5409 si
3467 5359 3606 5410 ante
3639 5372 3799 5414 eum

2116 5439 2238 5496 illis
2252 5456 2498 5497 manum
2512 5441 2788 5514 proprius
2811 5445 3346 5517 conseramus.Age
3364 5461 3502 5500 vero
3535 5450 3598 5502 tu
3625 5445 3800 5518 ipse,

2118 5530 2220 5602 qui
2249 5530 2426 5587 facile
2459 5531 2610 5588 dicis
2643 5531 2936 5605 quidquid
2961 5532 3110 5589 libet
3136 5535 3218 5588 Ex
3237 5533 3554 5591 volentene
3610 5542 3803 5608 patre

3095 5740 3140 5778 ⁸⁰
3168 5741 3336 5808 Joan,
3361 5715 3503 5816 xm,
3539 5747 3626 5812 lo,
