4054 6438
347 423 503 482 1429

1703 417 2113 485 THESAURI
2164 419 2309 483 LIB.
2359 423 2434 483 V.

3611 423 3769 484 1430

341 564 441 613 tuo
471 560 646 612 natus
677 571 760 622 es,
783 571 859 610 an
884 570 949 610 ex
977 554 1264 612 nolente?
1293 557 1349 612 Si
1384 556 1649 627 nolente,
1684 558 1990 629 tyrannica
2026 556 2077 624 Α
2112 557 2363 613 movisse
2393 556 2724 625 videantur,
2757 560 2943 614 Deum
2975 558 3216 628 quidem
3263 558 3476 613 Filium
3516 574 3647 613 esse
3678 560 3767 615 fa-

337 647 625 703 nimirum
657 651 896 701 coactus
917 651 1027 713 est,
1052 645 1184 717 quis
1213 663 1391 718 porro
1425 664 1559 703 eum
1592 647 1830 720 coegit?
1876 649 1991 703 Nec

339 738 498 792 enim
557 743 830 791 naturam
888 734 1126 802 dixeris,
1173 752 1305 806 quas
1361 737 1697 792 castitatem
1754 752 1990 808 quoque

337 827 614 896 amplecti
673 832 882 896 potest.
936 825 1035 879 Sin
1070 825 1321 893 volente,
1376 827 1579 897 paucis
1613 826 1715 881 tibi
1748 826 1992 897 syllabis

333 924 504 989 pater
533 914 795 970 excidit?
813 931 951 969 nam
984 913 1303 969 voluntatis
1331 921 1406 978 te,
1440 932 1560 970 non
1585 916 1768 986 patris
1801 915 1991 970 ﬁlium

336 1006 643 1078 praedicas.
679 1008 752 1059 At
784 1020 915 1058 vero
949 1010 1089 1058 tunc
1132 1004 1205 1059 ad
1264 1005 1451 1060 Deum
1500 1021 1712 1075 resque
1765 1012 1991 1061 creatas

333 1096 557 1152 transis
578 1096 604 1150 ?
626 1113 762 1166 ergo
786 1095 1091 1167 sapientiae
1116 1100 1229 1149 tua;
1256 1102 1414 1150 tuam
1438 1096 1821 1151 accommodo
1835 1113 1991 1166 quaa-

335 1188 609 1243 stionem.
651 1186 939 1240 Volensne
972 1186 1125 1240 Deus
1156 1186 1359 1240 omnia
1398 1186 1685 1252 condidit,
1745 1202 1820 1241 an
1888 1202 1991 1241 co-

331 1282 496 1333 astus
520 1276 549 1331 ?
577 1276 627 1330 si
658 1280 916 1338 coactus,
950 1275 1073 1329 haec
1094 1275 1360 1345 tyrannis
1391 1281 1565 1339 est,et
1596 1275 1681 1329 vis
1697 1275 1771 1330 ab
1792 1274 1989 1345 aliquo

330 1367 529 1423 illata:
555 1366 648 1421 sin
681 1363 903 1423 volens.
936 1379 1031 1418 res
1062 1364 1238 1419 etiam
1271 1371 1483 1420 creatas
1519 1368 1630 1419 Deo
1664 1364 1988 1435 privantur,

331 1462 519 1528 tuque
552 1456 611 1510 in
658 1454 887 1526 primis,
943 1453 1043 1524 qui
1105 1454 1365 1518 argutias
1424 1454 1768 1527 hujusmodi
1816 1455 1989 1510 nobis

333 1545 644 1615 contingis.
678 1543 984 1615 Siquidem
1016 1542 1285 1599 voluntas
1317 1561 1427 1599 nos
1464 1561 1499 1599 a
1551 1545 1827 1599 Creatore
1859 1551 1987 1599 tan-

330 1652 510 1707 quam
561 1650 765 1688 murus
821 1632 1212 1687 intermedius
1245 1634 1524 1705 seiungit.
1585 1634 1990 1689 Verumenim-

329 1743 462 1782 vero
496 1726 677 1781 alium
714 1730 853 1794 puto
889 1739 1025 1777 eum
1052 1740 1179 1778 esse
1211 1724 1309 1794 qui
1341 1723 1556 1785 vult,et
1578 1723 1754 1779 aliam
1778 1724 1987 1779 volun-

328 1822 511 1872 tatem
546 1834 559 1883 ;
596 1814 783 1869 alium
826 1813 924 1883 qui
960 1819 1291 1881 generat,et
1317 1812 1493 1868 aliam
1517 1814 1987 1881 generationem;

332 1905 516 1959 alium
549 1904 649 1975 qui
682 1903 845 1971 dicit,
871 1910 929 1957 et
956 1903 1137 1957 alium
1171 1919 1530 1969 sermonem,
1566 1903 1677 1957 nisi
1716 1902 1863 1958 forte
1893 1921 1993 1959 su-
2027 1928 2071 1992 Β

333 2010 465 2050 mus
489 1993 657 2049 ebrii.
686 1992 796 2048 Illa
827 1992 983 2047 enim
1014 1996 1151 2047 sunt
1174 2010 1304 2063 quae
1336 1999 1670 2060 moventur,
1706 1992 1831 2047 hZPC
1855 2011 1992 2049 vero

336 2085 523 2141 Inc-tui
556 2084 777 2139 similia
830 2086 955 2138 Non
989 2098 1125 2155 ergo
1159 2082 1476 2139 voluntatis
1506 2088 1616 2151 est,
1651 2083 1809 2153 quod
1862 2083 1993 2154 quis

334 2176 476 2239 vult,
513 2174 682 2229 nulla
711 2174 867 2229 enim
920 2174 1033 2228 hoc
1073 2176 1302 2229 ratione
1361 2174 1746 2243 consequitur
1801 2189 1992 2242 neque

326 2265 752 2338 generationis.
790 2263 949 2334 quod
998 2270 1335 2335 generatur,
1388 2280 1581 2333 neque
1621 2263 1992 2335 prolationis,

336 2354 493 2425 quod
528 2354 794 2410 auditum
823 2359 931 2419 est,
956 2352 1059 2407 sed
1087 2353 1357 2420 volentis,
1391 2352 1754 2423 generantis,
1816 2360 1873 2407 et
1907 2353 1991 2407 Ιο-

336 2445 739 2516 quentisQum
772 2460 947 2514 porro
975 2444 1087 2498 Deo
1121 2443 1348 2509 insunt,
1382 2442 1473 2497 his
1504 2442 1780 2498 omnibus
1802 2442 1998 2498 excel-

334 2535 593 2591 lentiora
613 2539 787 2589 sunt:
823 2533 915 2588 cui
948 2532 1189 2603 quidem
1239 2533 1543 2601 generatio
1574 2533 1823 2588 fortasse
1847 2532 1995 2588 nihil

340 2624 501 2678 aliud
535 2631 643 2686 est,
677 2639 855 2693 quam
879 2622 1003 2692 ipsa
1035 2621 1359 2693 generandi
1392 2622 1703 2685 voluntas;
1738 2621 1897 2691 quod
1947 2620 1994 2675 si

339 2716 583 2770 omnino
619 2712 1025 2770 admittamns.
1088 2712 1352 2767 medium
1410 2711 1562 2767 nihil
1612 2711 1993 2782 relinquitur.

339 2804 514 2875 Atqui
548 2804 853 2875 generatio
889 2802 978 2857 vel
1012 2802 1139 2872 ipsa
1158 2801 1457 2856 voluntate
1491 2802 1869 2873 praistantior
1885 2807 1994 2857 est.

415 2894 588 2948 Visne
620 2900 685 2948 ut
715 2893 1004 2949 ludicrum
1040 2909 1143 2963 ego
1178 2908 1413 2961 quoque
1448 2891 1517 2947 de
1552 2893 1722 2947 Patre
1755 2890 1997 2963 aliquod

336 2987 396 3041 in
428 2985 688 3040 medium
726 2985 1019 3056 proferam
1054 2985 1078 3036 '.’
1113 2983 1407 3052 siquidem
1460 2989 1517 3038 te
1548 2988 1791 3039 auctore
1822 2999 1996 3056 argu-

334 3076 445 3130 tias
479 3073 825 3141 huiusmodi
860 3073 1229 3130 comminisci
1260 3072 1473 3128 audeo.
1502 3073 1797 3128 Volensne
1846 3074 1998 3128 Deus

338 3164 509 3218 Pater
539 3170 650 3231 est,
685 3180 758 3218 an
783 3162 993 3218 nolens
1023 3164 1050 3217 ?
1078 3163 1203 3218 Jam
1238 3161 1536 3233 quomodo
1573 3169 1625 3217 te
1679 3161 1750 3217 ab
1807 3161 1997 3218 ambi-

334 3253 540 3307 dextro
572 3258 674 3307 tuo
709 3252 823 3307 hoc
854 3252 1220 3323 sophismate
1251 3250 1574 3323 expedies?
1604 3251 1662 3307 Si
1709 3251 1870 3308 enim
1900 3268 1999 3307 vo-

337 3343 487 3409 lens,
516 3339 755 3412 quando
788 3339 1028 3393 tandem
1061 3340 1206 3395 velle
1236 3342 1412 3412 cmpit
1435 3341 1463 3396 ?
1493 3348 1652 3397 certe
1687 3359 1807 3398 non
1831 3348 1996 3398 ante-

337 3448 517 3503 quam
549 3435 743 3493 esset;
778 3427 929 3482 nihil
957 3427 1120 3482 enim
1149 3430 1463 3499 eratprius
1486 3447 1498 3484 :
1523 3435 1626 3485 aut
1650 3431 1815 3487 aliud
1846 3432 1906 3486 in
1930 3448 1998 3487 eo

338 3521 544 3589 voluit,
578 3526 645 3575 ut
667 3519 748 3573 ita
778 3516 998 3576 dicam.
1026 3516 1273 3570 volitum
1322 3523 1411 3571 est
1444 3533 1457 3581 ;
1493 3519 1651 3572 unde
1682 3521 2001 3589 consequi-

340 3616 438 3666 tur
463 3614 526 3663 ut
562 3608 945 3681 partitionem
969 3605 1262 3661 admittat.
1296 3604 1448 3671 Quid
1471 3621 1606 3659 vero
1638 3606 2001 3676 obstet,quo-

340 3700 541 3755 minus
572 3699 675 3754 ille
709 3696 1025 3753 voluntatis
1084 3711 1319 3766 quoque
1379 3701 1493 3751 tua:
1524 3695 1998 3767 promptuarium

342 3788 464 3844 sit?
493 3788 660 3853 Quod
694 3788 743 3843 si
776 3787 1001 3849 nolens,
1035 3785 1179 3856 quid
1237 3802 1373 3840 eum
1427 3786 1618 3857 coegit
1667 3791 1730 3839 ut
1785 3790 1944 3840 esset
1973 3783 2001 3839 ?

342 3880 484 3935 item
509 3879 806 3950 quomodo
839 3879 993 3935 Deus
1023 3878 1156 3944 erit,
1190 3877 1237 3931 si
1273 3882 1512 3934 coactus
1542 3875 1674 3932 est?
1730 3876 1999 3947 quamvis

340 3968 496 4025 Deus
526 3968 678 4025 nihil
708 3968 873 4024 aliud
906 3969 983 4024 sit
1012 3984 1189 4040 quam
1225 3967 1417 4040 ipsum
1452 3982 1604 4024 esse.

999 4067 1159 4122 CAP.
1197 4067 1334 4122 LIX.

343 4169 517 4225 Unam
550 4170 646 4223 Dei
688 4169 1000 4233 essentiam,
1034 4177 1297 4221 naturam
1323 4171 1375 4220 et
1408 4167 1838 4236 appellationem
1868 4182 1998 4234 esse,

410 4243 465 4297 S.
502 4241 757 4309 Gregorii
789 4240 1056 4305 Theo/agi
1083 4239 1343 4293 adversus
1375 4253 1463 4292 eos
1492 4245 1591 4307 qut
1608 4239 2002 4293 dicunthomo-

410 4328 636 4383 nymum
667 4313 836 4366 Deum
880 4310 1085 4365 Filium
1114 4310 1215 4364 Dei
1271 4309 1515 4364 Verbum.
1551 4311 1634 4364 Ea:
1663 4312 1843 4380 prima
1873 4326 1999 4365 ora-

412 4386 562 4440 tione
592 4385 658 4439 de
688 4383 856 4438 Filio.

411 4486 503 4539 40.
529 4484 740 4539 Nostra
768 4498 943 4554 porro
972 4480 1057 4536 sic
1086 4477 1267 4537 habet
1294 4480 1466 4536 ratio.
1487 4480 2001 4546 Quemadmodum

2109 652 2327 713 tentur,
2349 647 2582 718 quoties
2610 665 2677 703 eo
2712 653 2770 703 et
2789 649 3019 704 ratione
3054 653 3113 703 et
3142 648 3497 703 testimoniis
3521 647 3765 721 adigun-

2107 742 2241 791 tur:
2278 744 2337 792 at
2368 737 2815 807 homonymum.
2850 736 3096 807 soloque
3148 737 3390 792 nomine
3432 736 3761 792 communi.

2103 826 2245 881 Cum
2281 842 2416 882 vero
2450 832 2657 882 contra
2687 826 3022 881 insistimus
3056 826 3152 881 hic
3192 826 3386 882 verbis
3413 842 3425 882 :
3450 828 3569 899 Age
3604 843 3762 893 vero,

2105 932 2178 971 an
2213 917 2364 971 Deus
2425 932 2542 971 non
2603 916 2839 989 proprie
2889 917 3040 970 Deus
3091 921 3201 982 est,
3258 916 3764 987 quemadmodum

2103 1020 2297 1076 neque
2330 1005 2549 1061 animal
2577 1006 2732 1076 quod
2785 1007 3009 1078 pictum
3068 1005 3202 1061 est?
3230 1006 3335 1070 Qui
3369 1006 3432 1060 fit
3483 1023 3639 1080 ergo,
3699 1011 3767 1063 ut

2103 1096 2256 1150 Deus
2287 1095 2381 1159 sit,
2410 1096 2456 1150 si
2492 1096 2729 1167 proprie
2761 1097 2913 1150 Deus
2945 1112 3063 1150 non
3096 1095 3234 1150 est?

2180 1188 2247 1239 At
2270 1184 2414 1255 quid
2444 1185 3299 1255 obstat.inquiunt,quominus
3322 1191 3379 1239 et
3401 1185 3766 1258 homonyma

2103 1279 2356 1345 utraque
2384 1280 2441 1330 et
2474 1275 2709 1346 proprie
2744 1274 3066 1329 dicantur?
3095 1279 3285 1346 Atque
3317 1275 3487 1330 nobis
3520 1276 3579 1330 in
3636 1292 3763 1331 me-

2103 1362 2268 1418 dium
2301 1364 2606 1435 proferent
2654 1380 2865 1419 canem
2916 1368 3261 1419 terrestrem
3302 1370 3361 1418 et
3413 1365 3761 1420 marinum:

2103 1458 2167 1506 ut
2192 1468 2322 1522 quas
2355 1453 2476 1507 sint
2506 1453 2867 1524 homonyma
2890 1459 2949 1507 et
2977 1454 3212 1524 proprie
3245 1452 3761 1509 dicantur.Homo-

2103 1541 2298 1613 nymis
2325 1541 2482 1596 enim
2518 1541 2863 1611 hujusmodi
2896 1558 3134 1613 quoque
3165 1541 3393 1614 species
3436 1559 3762 1600 accensen-

2103 1634 2220 1695 tur,
2255 1636 2313 1684 et
2337 1630 2386 1685 si
2428 1628 2569 1700 quid
2601 1631 2764 1686 aliud
2818 1631 3026 1686 eodem
3078 1631 3448 1704 significetur
3493 1634 3755 1703 nomine,

2105 1722 2235 1792 ejus
2264 1722 2505 1793 quidem
2540 1739 2609 1777 ex
2643 1739 2813 1793 mquo
2845 1724 3397 1795 particeps.natura
3415 1740 3552 1780 vero
3575 1725 3765 1803 diver-_

2105 1827 2256 1865 sum.
2291 1816 2362 1866 At
2392 1828 2525 1866 vero
2557 1813 2661 1880 ibi,
2709 1814 2857 1868 hens
2922 1819 3002 1875 tu,
3056 1814 3142 1867 vir
3173 1814 3414 1884 optime,
3448 1830 3581 1870 cum
3614 1814 3764 1869 duas

2105 1906 2351 1955 naturas
2402 1901 2606 1955 eadem
2670 1901 2778 1956 sub
2837 1902 3236 1973 appellatione
3283 1903 3763 1974 comprehendis,

2107 1990 2286 2045 aliam
2317 1989 2435 2044 alia
2461 1991 2971 2046 nihilomeliorem
2993 1992 3322 2047 introducis
3347 2035 3359 2057 ,
3385 1994 3465 2047 ita
3485 1999 3553 2048 ut
3571 2010 3767 2064 neque

2101 2078 2281 2133 aliam
2314 2077 2429 2132 alia
2455 2080 2713 2149 priorem
2758 2086 2860 2136 aut
2888 2081 3297 2151 posteriorem,
3330 2097 3527 2152 neque
3585 2082 3766 2137 aliam

2100 2168 2287 2239 magis
2318 2174 2420 2222 aut
2451 2168 2648 2224 minus
2678 2168 2791 2224 alia
2822 2186 2950 2224 esse
2974 2169 3032 2224 id
3067 2170 3225 2241 quod
3257 2170 3477 2226 dicitur
3498 2188 3764 2228 asserere

2099 2258 2312 2329 possis.
2344 2256 2505 2312 Nihil
2566 2258 2726 2314 enim
2761 2259 3164 2331 conjungitur,
3200 2261 3356 2332 quod
3415 2260 3763 2332 hujusmodi

2102 2347 2186 2401 eis
2211 2347 2624 2402 necessitatem
2660 2343 2887 2404 aﬂ‘erat.
2922 2349 3025 2404 Hic
3057 2349 3215 2404 enim
3250 2367 3370 2406 non
3393 2351 3578 2422 magis
3597 2351 3760 2406 canis

2103 2445 2211 2508 est,
2245 2456 2440 2510 neque
2465 2439 2565 2494 ille
2596 2440 2799 2496 minus
2829 2440 2965 2505 alio,
2999 2442 3285 2497 nimirum
3329 2443 3598 2498 marinus
3629 2448 3757 2499 ter-

2101 2528 2297 2592 restri,
2332 2535 2435 2584 aut
2475 2531 2774 2585 terrestris
2824 2531 3076 2587 marino.
3112 2535 3256 2588 Nam
3307 2549 3413 2588 cur
3454 2532 3515 2587 id
3572 2549 3757 2604 quave

2101 2618 2333 2674 ratione
2362 2618 2462 2675 fiat
2486 2622 2514 2675 ‘l
2544 2621 2648 2675 sed
2680 2619 2856 2676 rebus
2915 2621 3246 2693 aequalibus
3303 2628 3481 2694 atque
3513 2622 3763 2678 diversis

2103 2710 2311 2766 eadem
2342 2710 2669 2783 appellatio
2701 2712 3186 2768 tribuitur.l\’unc
3216 2717 3417 2768 autem
3449 2730 3583 2769 cum
3619 2712 3766 2770 ado-

2097 2800 2397 2855 rationem
2434 2802 2551 2856 Deo
2602 2800 2933 2872 adjudices,
2958 2808 3214 2873 eumque
3250 2819 3379 2858 esse
3420 2802 3608 2872 dicas,
3665 2802 3766 2874 qui

2100 2896 2380 2947 naturam
2415 2906 2657 2945 omnem
2689 2896 3023 2961 exsuperet.
3057 2891 3217 2961 quod
3248 2909 3438 2947 unum
3474 2892 3578 2947 Dei
3630 2908 3771 2962 pro-

2103 2980 2320 3051 prium,
2380 2980 2679 3050 velutique
2735 2987 2949 3036 natura
3018 2980 3348 3037 divinitatis
3403 2986 3514 3046 est,
3547 2980 3766 3036 deinde

2105 3070 2263 3123 Patri
2296 3069 2534 3141 quidem
2568 3070 2628 3125 id
2662 3070 2887 3127 tribuas
2922 3088 3039 3142 quo
3100 3071 3316 3126 Filium
3374 3072 3592 3142 prives,
3650 3070 3773 3125 imo

2105 3159 2264 3214 Patri
2306 3159 2611 3229 subjicias,
2647 3160 2820 3231 eique
2867 3160 3028 3216 velut
3077 3161 3498 3216 secundarium
3539 3158 3613 3216 ab
3665 3159 3770 3215 illo

2111 3248 2374 3305 ascribas
2404 3248 2694 3305 honorem
2727 3254 2786 3304 et
2806 3248 3213 3306 adorationem
3242 3266 3256 3316 ;
3289 3255 3489 3305 tamen
3522 3248 3769 3322 syllabis

2112 3340 2259 3412 ipsis
2274 3339 2337 3394 τὸ
2377 3338 2596 3413 ὅμοιον,
2622 3358 2725 3397 seu
2758 3341 3214 3397 similitudinem
3247 3342 3302 3397 ei
3327 3341 3656 3407 tribuas,re
3677 3347 3771 3398 ta-

2111 3447 2249 3487 men
2273 3430 2403 3502 ipsa
2423 3430 2791 3487 divinitatem
2850 3431 3213 3501 conscindis,
3247 3431 3663 3503 malitioseque
3693 3431 3767 3487 ab

2111 3518 2496 3590 homonymia
2519 3520 2919 3590 mqualitatem
2945 3521 3367 3593 designans,ad
3381 3538 3511 3578 eam
3526 3521 3774 3588 transis,

2111 3622 2242 3676 quas
2276 3606 2592 3677 inmqualia
2623 3615 2878 3677 cooptet,
2918 3610 2998 3664 ita
3029 3616 3096 3663 ut
3125 3615 3180 3663 te
3201 3609 3407 3681 judice
3466 3611 3658 3681 pictus
3689 3611 3768 3665 vi.

2111 3710 2371 3765 vensque
2395 3695 2594 3763 homo,
2617 3703 2794 3764 atque
2813 3712 2991 3751 canes
3025 3696 3109 3750 illi
3136 3714 3285 3766 quos
3299 3697 3553 3769 exempli
3584 3700 3774 3771 gratia

2110 3784 2169 3839 in
2200 3784 2462 3839 medium
2497 3785 2817 3863 protulisti.
2838 3785 2909 3840 ad
2942 3784 3310 3840 divinitatem
3340 3787 3584 3858 propius
3607 3804 3772 3844 acce-

2111 3872 2290 3929 dant:
2324 3874 2413 3929 vel
2446 3873 2738 3930 ambobus
2770 3881 2828 3929 ut
2864 3874 3278 3947 appellationis
3300 3877 3773 3949 homonymiam,

2108 3964 2191 4019 ita
2264 3969 2615 4019 naturarum
2672 3981 2908 4035 duoque
2970 3964 3372 4035 aequalitatem
3437 3966 3770 4037 concedito,

2111 4054 2440 4126 quamlibet
2469 4071 2571 4110 eas
2603 4053 2946 4110 differentes
2979 4055 3410 4122 introducas,et
3436 4073 3612 4112 canes
3636 4057 3772 4113 illos

2110 4144 2450 4210 dissolvisti,
2477 4162 2626 4215 quos
2647 4144 2720 4200 ad
2745 4144 3211 4215 inaequalitatem
3234 4145 3602 4218 probandam
3617 4164 3771 4203 com°

2112 4241 2349 4291 mentus
2383 4251 2465 4290 es.
2501 4235 2643 4290 Nam
2669 4234 2810 4306 quid
2836 4233 3221 4307 homonymia
3254 4253 3358 4292 seu
3410 4237 3671 4292 nominis
3689 4238 3772 4292 si-

2112 4324 2383 4383 militudo
2418 4325 2761 4397 prosit,nisi
2794 4341 2862 4380 ea
2891 4342 3023 4396 quae
3063 4324 3275 4382 dividis
3305 4343 3505 4398 parem
3530 4328 3774 4383 honoris

2111 4414 2359 4490 gradum
2391 4413 3027 4486 obtineantsiquidem
3060 4433 3180 4471 non
3212 4423 3277 4472 ut
3302 4417 3552 4489 mqualia
3573 4423 3774 4473 osten-

2114 4505 2305 4568 deres,
2339 4503 2443 4561 sed
2472 4509 2538 4560 ut
2586 4503 2924 4577 inaequalia,
2980 4505 3053 4560 ad
3111 4505 3455 4578 hujusmodi
3487 4507 3775 4579 homony-

342 4574 501 4643 equi.
532 4572 718 4638 bovis,
751 4570 1033 4638 hominis,
1067 4568 1555 4642 singulorumque
1575 4570 1683 4625 sub
1730 4570 2004 4627 eamdem
2116 4594 2298 4650 miam
2321 4610 2617 4667 canesque
2650 4568 2985 4668 cohrugistt

341 4663 682 4719 cadentium
716 4660 974 4733 speciem
1006 4660 1157 4715 ratio
1182 4675 1302 4714 una
1333 4665 1446 4727 est,
1478 4664 1655 4729 atque
1679 4659 1827 4716 adeo
1842 4660 2005 4731 quid'
2035 4680 2080 4744 Ι)

342 4753 480 4825 quid
533 4752 759 4808 ratione
818 4749 1133 4823 prmditum
1196 4754 1304 4816 est,
1353 4748 1411 4803 id
1481 4749 1658 4805 etiam
1713 4750 1995 4823 proprie;

342 4844 630 4917 quidquid
663 4860 795 4899 vero
827 4860 898 4898 ea
941 4848 1122 4899 caret.
1182 4841 1243 4896 id
1295 4841 1385 4896 vel
1438 4858 1559 4897 non
1616 4842 1855 4905 dicitur,
1904 4840 2000 4898 vel

339 4952 458 4990 non
495 4935 732 5006 proprie
762 4932 1013 4989 dicitur:
1051 4932 1134 4987 sic
1161 4931 1261 4985 Dei
1294 4948 1533 5002 quoque
1567 4948 1684 4988 una
1714 4932 1995 4997 essentia.

339 5031 396 5081 et
426 5029 660 5091 natura,
694 5028 750 5079 et
776 5021 1097 5094 appellatio
1129 5027 1236 5079 est.
1290 5022 1399 5075 etsi
1432 5020 1663 5076 diversa
1719 5023 1995 5079 essentiae

336 5120 683 5185 naturasque
718 5111 922 5169 habita
951 5111 1203 5179 ratione,
1256 5110 1415 5165 varia
1472 5127 1709 5183 quoque
1752 5112 1998 5167 nomina

337 5204 746 5278 excogiten'ur
772 5219 786 5257 :
822 5201 905 5257 ita
933 5206 999 5256 ut
1025 5199 1186 5272 quod
1213 5199 1447 5272 proprie
1480 5200 1635 5256 Deus
1664 5201 1903 5267 dicitur,
1938 5201 1997 5257 id

336 5297 493 5352 Deus
514 5311 750 5366 quoque
782 5292 905 5348 sit:
946 5291 1227 5362 quodque
1278 5296 1492 5347 natura
1547 5292 1644 5362 sit,
1705 5293 1765 5350 id
1815 5293 1995 5351 etiam

333 5402 469 5440 vere
505 5386 867 5449 nominetur,
893 5381 1191 5452 siquidem
1225 5397 1343 5436 non
1378 5381 1438 5436 in
1490 5383 1856 5451 nominibus,
1890 5383 1993 5440 sed

338 5477 516 5533 rebus
572 5476 877 5532 veritatem
946 5471 1143 5528 inesse
1194 5470 1574 5528 arbitramur.
1637 5474 1738 5530 Isti
1795 5480 1994 5530 autem

339 5567 506 5625 veriti
538 5582 614 5623 ne
646 5582 768 5623 non
799 5580 1036 5622 omnem
1066 5561 1326 5635 lapidem
1373 5562 1655 5621 adversus
1686 5563 1990 5622 veritatem

408 5755 457 5793 ⁹⁰
482 5757 647 5823 Joan.
681 5768 723 5824 ι,
758 5755 809 5807 1.
839 5749 883 5791 σί
914 5747 1069 5807 Psal.
1100 5763 1210 5817 cxx,
1232 5746 1285 5801 3.

2791 4684 2946 4738 CAP.
2980 4683 3087 4739 LX.

2106 4770 2311 4826 Filium
2342 4788 2465 4829 vere
2495 4773 2668 4828 Deum
2702 4787 2831 4896 epse,
2865 4787 2932 4825 ea:
2965 4771 3151 4826 eadem
3202 4773 3264 4825 B.
3302 4772 3554 4842 Gregorii
3597 4772 3774 4829 Theo-

2756 4845 2849 4896 oai
2875 4845 3141 4896 oratione.

2756 4845 2849 4913 agi
2875 4845 3141 4898 oratione.

2175 4936 2261 4989 41.
2301 4934 2795 5005 Quandoquidem
2858 4951 2965 4990 nos
3014 4950 3084 4989 ex
3142 4936 3374 5008 magnis
3405 4941 3465 4992 et
3521 4937 3769 4994 excelsis

2104 5026 2347 5082 vocibus
2379 5026 2753 5083 divinitatem
2792 5025 2917 5080 Filii
2979 5025 3483 5098 deprehendimus
3534 5034 3594 5083 et
3622 5046 3770 5101 pras-

2106 5116 2397 5185 dicamus,
2423 5116 2512 5173 his
2544 5116 2862 5171 nimirum:
2896 5117 3050 5171 Deus
3073 5117 3332 5173 Verbum
3364 5117 3425 5173 in
3448 5119 3766 5191 principio,

2105 5223 2240 5262 cum
2272 5206 2571 5280 principio
2604 5205 2965 5277 principium
2998 5223 3009 5261 :
3046 5209 3109 5262 In
3147 5210 3432 5279 principio
3477 5214 3598 5264 erat
3634 5211 3771 5265 Ver-

2105 5297 2254 5364 bum,
2292 5297 2524 5351 Verbum
2573 5303 2691 5352 erat
2728 5297 2880 5365 apud
2932 5298 3121 5362 Deum,
3184 5304 3237 5352 et
3290 5301 3428 5354 Deus
3471 5304 3590 5352 erat
3652 5300 3774 5353 Ver-

2104 5385 2229 5442 bum
2258 5385 2325 5440 ⁰⁰.
2360 5387 2447 5442 Et.
2477 5388 2673 5441 Tecum
2698 5388 3045 5456 principium
3073 5385 3141 5440 9‘.
3203 5389 3272 5441 Et
3327 5402 3540 5442 vocans
3571 5386 3768 5457 ipsum

2103 5475 2515 5548 [principium]
2549 5493 2579 5530 a
2607 5476 3094 5547 generationibus
3143 5475 3430 5547 antiquis.
3474 5477 3765 5541 Quoniam

2101 5565 2280 5622 Filius
2309 5566 2677 5639 unigenilus,
2710 5569 3029 5637 unigenitus
3059 5569 3257 5636 Filius,
3305 5570 3406 5638 qui
3434 5574 3509 5624 est
3541 5567 3601 5624 in
3629 5572 3760 5625 sinu
