4054 6416
290 431 443 493 1431

301 654 424 710 Lux
455 651 522 722 9‘,
556 651 882 726 Sapientia,
916 650 1114 707 Virtus
1151 665 1163 704 :
1197 648 1466 715 Christus,
1519 649 1620 704 Dei
1665 647 1874 714 Virtus,
1905 651 1958 700 et

300 746 400 800 Dei
429 743 706 814 sapientia
733 739 800 798 9‘.

373 851 689 923 Splendor,
741 849 1057 905 Character
1111 865 1216 904 seu
1268 848 1500 922 Figura,
1533 847 1752 919 Imago,
1785 841 1955 916 Sigil-

298 941 424 996 lum
451 957 463 995 :
492 943 601 1006 Qui
621 957 742 996 cum
770 941 842 995 sit
871 939 1132 1010 splendor
1159 938 1354 1008 gloria
1385 944 1435 993 et
1473 941 1657 1008 ﬁgura
1708 936 1958 991 substan-

303 1032 392 1084 tiae
422 1031 540 1100 ejus
568 1027 635 1083 9°.
659 1030 730 1082 Et
763 1043 776 1082 :
837 1030 1027 1097 Imago
1087 1028 1348 1083 bonitatis
1379 1029 1496 1097 ejus
1525 1027 1588 1084 9".
1622 1027 1691 1082 Et
1727 1041 1742 1080 :
1801 1025 1958 1078 Hunc

299 1122 443 1176 enim
471 1118 714 1189 signa-rit
745 1119 884 1174 Deus
909 1117 977 1174 93.

367 1227 676 1296 Dominus,
711 1229 854 1294 Rex,
876 1226 985 1292 Qui
1018 1230 1107 1281 est
1135 1225 1548 1296 omnipotens:
1597 1224 1748 1280 Pluit
1771 1222 1960 1278 Domi-

297 1333 398 1372 nus
436 1318 618 1386 ignem
649 1333 684 1372 a
706 1317 939 1372 Domino
967 1313 1036 1370 99.
1073 1316 1174 1370 Et:
1226 1316 1399 1384 Virga
1429 1313 1771 1378 directionis,
1800 1313 1960 1381 virga

297 1407 454 1478 regni
483 1407 624 1462 tui‘.
667 1407 773 1461 Et:
823 1407 928 1471 Qui
973 1411 1070 1470 est,
1126 1406 1398 1474 quierat,
1449 1408 1502 1457 et
1555 1401 1656 1473 qui
1701 1407 1960 1456 venturus

299 1503 378 1554 est
407 1497 450 1566 ³,
475 1501 532 1552 et
561 1495 962 1568 omnipotens,
994 1495 1306 1566 perspicue
1357 1495 1429 1549 de
1487 1493 1636 1548 Filio
1693 1492 1871 1561 dicta,
1904 1495 1963 1546 et

302 1591 518 1642 caetera
538 1603 668 1658 qua:
701 1591 840 1642 sunt
873 1585 1142 1658 ejusdem
1174 1583 1622 1658 signiﬁcationis
1655 1599 1670 1639 :
1707 1596 1961 1653 quorum

307 1675 539 1732 nullum
569 1675 894 1732 ascititium
926 1680 1035 1742 est,
1067 1691 1263 1746 neque
1295 1673 1592 1746 posterius
1613 1672 1962 1744 adjunctum

305 1765 456 1822 Filio
486 1771 588 1822 aut
645 1765 910 1837 Spiritui,
945 1771 1012 1819 ut
1057 1781 1168 1820 nec
1221 1763 1334 1836 ipsi
1393 1763 1571 1819 Patri.
1605 1763 1772 1828 Quod
1802 1761 1961 1818 enim

303 1854 634 1926 perfectum
665 1859 774 1917 est,
833 1853 895 1908 id
937 1852 1278 1908 accessione
1326 1869 1447 1908 non
1494 1857 1747 1908 constat.
1804 1852 1960 1906 Nun-

1613 418 1924 484 NICETE
1966 416 2390 482 CHONIA'I‘IE

289 565 492 632 Patris,
553 559 670 634 ipse
732 562 1018 616 enarravit
1074 559 1138 614 ".
1223 559 1350 626 Via,
1417 555 1654 614 Veritas.
1717 555 1848 612 Vita
1895 551 1942 589 ⁸³
1971 557 2024 623 Α

3565 412 3726 476 H32

2723 575 2882 634 CAP.
2914 577 3058 634 LXI.

2061 721 2384 794 Explicatio
2415 722 2583 793 hujus
2627 721 2940 792 Scripturc'e
2981 720 3087 776 loci
3118 735 3132 774 :
3163 741 3221 794 «_
3253 718 3738 794 Quemadmodum

2136 791 2304 850 Pater
2322 791 2498 850 vitant
2523 795 2685 849 habet
2715 791 2775 848 in
2803 795 3000 863 seipse.
3051 793 3133 846 ita
3184 791 3341 846 dedit
3381 797 3434 846 et
3461 791 3611 863 Filio
3639 793 3734 863 vi-

2137 873 2250 922 tam
2277 867 2476 924 habere
2506 869 2564 920 in
2595 868 2773 937 seipso
2801 863 2844 918 3.
2871 862 2900 915 )3
2967 863 3230 934 Theotogi
3259 880 3329 918 ex
3393 862 3635 918 secunda
3663 862 3738 918 de

2134 939 2280 994 Filio
2311 941 2580 994 oratione.

2135 1078 2225 1131 42.
2259 1075 2542 1142 Quintum
2573 1074 2826 1144 dicatur,
2859 1072 3021 1146 quod
3051 1073 3178 1146 ipse
3215 1071 3396 1128 vitam
3436 1070 3742 1143 autjudi-

2067 1165 2223 1221 cium
2249 1165 2519 1238 accipiat,
2565 1164 2655 1220 vel
2703 1165 3112 1220 hmreditatem
3156 1163 3447 1235 gentium,
3495 1160 3590 1215 vel
3623 1176 3740 1232 po-

2065 1261 2340 1312 testatem
2372 1255 2568 1311 omnis
2599 1254 2818 1322 carnis,
2840 1254 2931 1310 vel
2957 1253 3229 1328 gloriam,
3252 1251 3344 1308 vel
3375 1251 3738 1322 discipulos,

2066 1347 2156 1404 vel
2187 1363 2558 1418 quacunque
2607 1346 2906 1415 dicuntur,
2954 1361 3141 1416 eaque
3200 1343 3274 1399 de
3331 1342 3738 1398 humanitate.

2067 1438 2231 1504 Quod
2265 1438 2313 1493 si
2345 1439 2416 1494 de
2446 1439 2564 1493 Deo
2597 1453 2833 1509 quoque
2863 1435 3022 1492 dicta
3073 1451 3202 1492 esse
3235 1435 3548 1501 concedas,
3575 1431 3742 1489 nihil

2069 1527 2880 1599 absurditatisinest.Neque
2929 1526 3086 1581 enim
3144 1532 3424 1596 tanquam
3471 1523 3745 1580 ascititia

2069 1617 2379 1687 concedes,
2415 1617 2522 1674 sed
2553 1623 2834 1689 tanquam
2867 1632 2938 1673 ea
2967 1633 3098 1687 quae
3129 1615 3203 1670 ab
3233 1615 3406 1670 initio
3442 1615 3741 1682 inessent,

2067 1713 2244 1780 atque
2266 1707 2414 1764 adeo
2445 1713 2695 1775 naturai,
2728 1723 2850 1762 non
2872 1713 3071 1763 autem
3099 1706 3302 1779 gratiae
3335 1705 3590 1761 ratione.

2683 1853 2875 1908 Sancti
2901 1851 3116 1922 Cyrilli.

520 1943 682 2000 enim
712 1943 824 1998 fuit
873 1942 1004 1998 Sine
1063 1942 1273 2012 verbo’
1329 1958 1637 2050 mitiqum}
2003 1940 2050 2005 B
2159 1981 2246 2034 43.
2283 1978 2473 2036 Verba
2493 1978 2634 2034 illa:
2663 1981 2782 2050 Ego
2811 1981 2934 2034 viro
2959 1985 3193 2049 propter
3230 1979 3454 2033 Patrem
3474 1975 3518 2043 ⁴,
3547 1973 3756 2031 haud-

301 2035 499 2099 Pater,
520 2049 830 2105 nunquam
848 2050 969 2090 non
989 2049 1310 2100 verus,non
1327 2033 1589 2104 sapiens,
1604 2048 1723 2087 non
1739 2037 1976 2103 potens,

309 2139 621 2196 nunquam
649 2124 788 2194 vita,
831 2128 934 2179 aut
966 2122 1288 2196 splendore
1321 2127 1424 2178 aut
1474 2121 1740 2178 bonitate
1773 2138 1973 2195 egens.

377 2233 506 2290 lam
527 2249 666 2288 vero
701 2237 766 2286 tu
795 2231 942 2288 mihi
973 2231 1255 2299 vicissim,
1281 2231 1461 2288 verba
1490 2231 1804 2303 imperitia:
1858 2237 1974 2286 tua:

313 2326 647 2390 recenseto,
676 2337 912 2394 nempe,
946 2323 1082 2378 Deus
1130 2338 1302 2386 meus,
1351 2329 1405 2377 et
1451 2323 1594 2376 Deus
1631 2328 1822 2382 vester.
1855 2323 1976 2376 Ma-

302 2413 424 2484 jor,
449 2411 686 2480 Creavit,
717 2414 886 2480 Fecit,
920 2412 1318 2482 Sanctiﬁcavit.
1353 2412 1537 2475 Adde,
1585 2412 1633 2466 si
1697 2411 1855 2478 velis,
1917 2414 1976 2466 et

314 2503 478 2559 hac:
510 2501 727 2571 Servus,
787 2501 1092 2572 Subjertus,
1153 2502 1336 2572 Dedit,
1377 2501 1603 2556 Didicit.
1651 2499 1974 2555 Mandatum

316 2595 549 2665 accepit,
573 2596 766 2650 Missus
790 2599 888 2648 est.
919 2592 1083 2660 Quod
1109 2593 1292 2649 etiam
1323 2593 1470 2648 nihil
1498 2608 1533 2646 a
1564 2593 1738 2663 seipso
1766 2595 1970 2661 facere,

309 2690 408 2742 aut
435 2685 636 2749 dicere,
669 2688 767 2740 aut
799 2684 1078 2754 judicare,
1127 2689 1226 2739 aut
1261 2683 1490 2750 donare,
1530 2689 1627 2739 aut
1680 2684 1818 2738 velle
1850 2699 1973 2755 pos-

313 2777 404 2831 sit.
430 2773 655 2839 Quibus
679 2779 738 2830 et
769 2775 895 2830 haec
926 2773 1117 2847 adjice
1151 2775 1595 2844 :lgnorantiam,
1655 2775 1968 2844 Subjectio-

306 2881 452 2932 nem,
531 2865 943 2933 Precationem,
1027 2863 1522 2934 Inter-rogationem
1547 2907 1562 2930 ,
1625 2864 1964 2934 Profectum,

306 2958 728 3026 Perfectionem.
761 2956 885 3012 lmo
915 2973 1055 3012 vero
1086 2956 1134 3012 si
1174 2955 1389 3028 placet,
1423 2955 1496 3010 iis
1527 2971 1779 3026 quoque.
1799 2955 1964 3028 abje-

303 3047 494 3104 ctiora
521 3062 770 3104 accense
799 3063 812 3102 :
854 3049 1128 3114 Dormire,
1159 3048 1379 3114 Eurire,
1410 3045 1754 3116 Defatigari,
1787 3048 1962 3114 Flere,

301 3135 468 3208 Angi,
501 3137 882 3193 Succumbere.
918 3137 1206 3193 Fortassis
1236 3135 1488 3207 objicies
1517 3140 1576 3190 et
1631 3149 1871 3190 crucem
1905 3143 1964 3192 et

297 3231 572 3282 mortem.
599 3228 744 3282 Nam
766 3227 1267 3282 resurrectionem
1321 3231 1380 3280 et
1409 3239 1723 3280 ascensum
1755 3224 1818 3278 in
1850 3240 1961 3280 ca:-

2085 2085 2383 2142 quaquam
2415 2068 2662 2124 diversaa
2695 2069 3043 2124 substantiae
3083 2067 3296 2123 Filium
3346 2066 3751 2133 constituunt,

2083 2160 2186 2215 sed
2217 2159 2415 2232 potius
2439 2159 3004 2215 consubstantialem
3033 2155 3545 2224 Quemadmodum
3577 2156 3752 2210 enim

2084 2250 2132 2306 si
2164 2249 2300 2321 quis
2334 2249 2490 2306 illius
2522 2248 2783 2304 hominis
2845 2249 3040 2304 dicat:
3075 2247 3214 2304 Sum
3260 2245 3510 2302 rationis
3557 2245 3759 2318 parti-

2082 2355 2220 2412 ceps
2243 2345 2486 2412 prepter
2517 2346 2770 2412 patrem,
2805 2338 2926 2394 sive
2959 2337 3100 2410 quia
3130 2343 3300 2410 pater
3320 2351 3491 2393 meus
3509 2335 3754 2392 ratione

2079 2429 2366 2502 praeditus
2401 2434 2511 2497 est,
2545 2430 2627 2486 ita
2658 2430 2834 2484 eliam
2869 2428 3053 2484 Filius
3082 2434 3141 2484 et
3187 2428 3377 2484 Deus:
3432 2425 3591 2495 Vivo,
3645 2425 3749 2480 in-

2079 2519 2227 2590 quit,
2272 2533 2399 2592 ego,
2435 2519 2575 2590 quia
2622 2519 2759 2574 vivit
2797 2520 2990 2574 Pater.
3042 2519 3334 2574 Cea-terum
3391 2513 3750 2588 hujusmodi

2079 2609 2351 2665 oratione
2385 2613 2693 2679 paternam
2726 2623 2962 2664 causam
3005 2607 3190 2662 Filius
3231 2613 3289 2663 et
3320 2605 3578 2661 Verbum
3599 2621 3750 2676 per-

2079 2700 2344 2771 spicuam
2367 2698 2528 2768 fecit,
2561 2704 2738 2771 atque
2795 2699 3059 2770 ipsarum
3103 2697 3279 2753 etiam
3340 2696 3755 2768 hypostaseon

2076 2788 2402 2845 discrimen
2429 2806 2442 2844 :
2475 2804 2550 2844 ne
2583 2788 2718 2860 quis
2746 2788 2978 2844 ratione
3011 2792 3232 2843 mutuae
3257 2785 3494 2841 illorum
3527 2786 3591 2840 in
3613 2801 3753 2840 om-

2074 2878 2252 2935 nibus
2283 2877 2638 2952 aaqualitatis
2671 2883 2730 2934 et
2769 2877 3100 2936 identitatis
3149 2891 3332 2932 unam
3365 2891 3494 2932 esse
3543 2890 3754 2947 perso-

2072 2983 2212 3024 nam
2244 2968 2564 3024 existimer

2569 3073 2626 3132 S.
2673 3077 2899 3133 Joannis
2929 3074 3266 3132 Damasceni.

2146 3213 2236 3266 44.
2270 3211 2651 3282 Quaecunque
2681 3209 2868 3266 Filius
2883 3215 2944 3266 et
2973 3209 3230 3282 Spiritus
3259 3209 3547 3266 habente
3567 3210 3751 3264 Patre

298 3314 388 3371 los
418 3315 930 3386 praetermissurus
979 3314 1127 3370 mihi
1175 3313 1396 3370 videris
1430 3331 1444 3380 ;
1477 3313 1966 3386 quandoquidem
1997 3312 2040 3381 C
2082 3299 2328 3363 habent.
2361 3306 2540 3371 atque
2570 3300 2768 3371 ipsum
2799 3299 2980 3356 etiam
3003 3298 3160 3370 q11°d
3195 3305 3352 3354 ευῑιῐ·
3394 3299 3543 3355 Nam
3575 3298 3628 3354 Si
3659 3299 3755 3354 ῐιί·

299 3404 574 3459 nonnihil
600 3403 661 3458 in
691 3403 766 3458 iis
797 3403 1112 3474 reperitur,
1147 3402 1307 3476 quod
1355 3401 1530 3459 nobis
1590 3405 1963 3476 suffragetur.

301 3493 482 3550 Plura
533 3493 626 3548 his
685 3495 865 3548 etiam
932 3492 1348 3561 deblaterabis,
1412 3494 1461 3550 si
1538 3495 1967 3568 homonymum

306 3584 494 3640 Deum
526 3588 694 3640 tuum
725 3589 784 3640 et
805 3585 1201 3657 ascriptitium
1251 3585 1613 3642 constituere
1667 3587 1831 3656 velis,
1866 3579 1968 3659 qui

304 3676 480 3733 nobis
511 3681 570 3733 et
587 3693 760 3734 verus
782 3683 842 3733 et
872 3677 1141 3750 ejusdem
1163 3695 1296 3735 cum
1328 3679 1499 3736 Patre
1529 3679 1832 3753 dignitatis
1865 3679 1966 3735 ha-

305 3767 501 3822 betur.

379 3873 605 3930 Horum
638 3874 797 3930 enim
827 3874 1298 3947 unumquodque
1322 3874 1494 3932 facile
1528 3875 1632 3931 tibi
1665 3873 1845 3932 fuerit
1873 3893 1968 3932 re-

304 3961 561 4038 petendo
593 3963 668 4020 ad
697 3965 936 4036 pietatis
995 3965 1260 4038 regulam
1309 3967 1674 4033 examinare,
1726 3982 1966 4038 scrupu-

302 4054 547 4128 lumque
583 4053 812 4122 tollere,
837 4055 885 4110 si
919 4071 1096 4126 quem
1149 4055 1257 4110 tibi
1319 4056 1494 4112 verba
1523 4055 1864 4127 injecerint.
1917 4056 1966 4112 si

305 4143 514 4200 saltem
546 4160 750 4200 revera
780 4144 1124 4217 impegeris,
1155 4161 1266 4200 nec
1295 4143 1448 4200 ultro
1481 4145 1542 4202 id
1573 4145 1780 4218 ﬂagitii
1813 4163 1964 4204 com-

302 4251 564 4292 miseris.

373 4347 444 4403 Ut
476 4351 675 4403 autem
706 4362 832 4402 rem
845 4345 1054 4419 paucis
1077 4345 1593 4420 concludam,quea
1615 4347 1967 4405 sublimiora

304 4439 464 4506 sunt,
497 4452 568 4492 ea
614 4435 689 4491 ad
744 4435 1116 4493 divinitatem
1173 4438 1352 4508 refer,
1381 4455 1632 4510 eamque
1663 4445 1962 4508 naturam,

306 4541 438 4598 quas
464 4525 538 4582 ab
553 4525 832 4582 omnibus
863 4527 1162 4599 corporeis
1183 4528 1736 4600 perturbationibus
1754 4530 1964 4586 immu-

305 4619 402 4674 nis
427 4623 538 4675 est.
572 4617 710 4683 Qum
753 4634 890 4674 vero
943 4623 1084 4674 sunt
1130 4619 1472 4689 humiliora,
1533 4638 1604 4677 ea
1632 4624 1962 4696 composito

2081 3391 2167 3449 hil
2199 3392 2526 3464 quidquam
2539 3394 2716 3449 Pater
2735 3391 3090 3458 habeat,nec
3115 3391 3298 3448 Filius
3316 3391 3560 3464 quidem
3575 3390 3754 3462 quid-

2082 3499 2263 3555 quam
2324 3481 2525 3549 habet,
2575 3499 2689 3538 nec
2746 3482 3000 3555 Spiritus
3057 3487 3352 3548 sanctus;
3412 3487 3472 3537 et
3498 3489 3756 3554 propter

2079 3577 2342 3645 Patrem,
2366 3575 2426 3630 id
2460 3580 2570 3644 est,
2603 3575 2744 3647 quia
2771 3577 2949 3632 Pater
2995 3581 3107 3644 est,
3138 3574 3320 3631 Filius
3349 3591 3589 3646 quoque
3625 3575 3758 3648 Spi-

2077 3665 2349 3736 ritusque
2380 3671 2621 3720 sanctus
2648 3669 2790 3720 sunt
2823 3683 2836 3731 ;
2852 3665 3026 3736 juxta
3057 3663 3206 3720 illud
3231 3681 3244 3720 :
3286 3665 3426 3719 Vivo
3481 3681 3582 3734 ego
3604 3681 3756 3735 pro-

2070 3760 2202 3826 pter
2220 3756 2462 3815 Patrem.
2493 3755 2612 3809 sive
2645 3753 2787 3826 quia
2845 3753 2984 3809 vivit
3031 3755 3228 3822 Pater,
3265 3759 3325 3809 e‘t
3354 3759 3598 3826 propter
3649 3755 3759 3810 Pa-

2079 3849 2232 3900 trem
2265 3844 2450 3900 Filius
2471 3849 2530 3898 et
2559 3845 2812 3916 Spiritus
2845 3847 3086 3900 sanctus
3128 3843 3353 3906 habent
3384 3863 3399 3910 ;
3431 3842 3490 3898 id
3523 3848 3618 3898 est
3643 3845 3754 3915 qui

2074 3933 2179 3990 illa
2210 3950 2340 4005 quae
2367 3935 2542 3990 Pater
2571 3933 2751 3990 habet
2769 3949 2904 3990 mea
2933 3939 3316 4006 sunt,praater
3345 3934 3745 3990 characteris-

2079 4025 2232 4079 ticas
2253 4039 2357 4078 seu
2381 4023 2717 4096 figurativas
2735 4025 3146 4096 proprietates.
3163 4026 3361 4096 Itaque
3386 4025 3564 4080 Pater
3588 4024 3748 4080 Filio

2076 4113 2178 4170 dat
2205 4113 2436 4170 ratione
2466 4131 2662 4170 causas
2693 4121 2977 4186 paternae.
3009 4114 3296 4186 Accipere
3323 4118 3526 4170 autem
3557 4115 3756 4170 Filius

2075 4211 2136 4260 et
2162 4203 2414 4276 Spiritus
2446 4211 2688 4262 sanctus
2718 4205 3020 4274 dicuntur,
3045 4211 3290 4279 propter
3316 4211 3550 4262 natura;
3573 4205 3758 4263 iden-

2077 4295 2119 4351 ti
2129 4301 2329 4352 tatem.

2727 4396 2883 4452 CAP.
2920 4395 3086 4453 LXII.

2215 4532 2408 4602 Magni
2431 4529 2681 4603 Gregorii
2725 4529 2983 4616 Theologi
3007 4548 3028 4586 :
3052 4532 3128 4586 De
3153 4531 3293 4588 Filii
3333 4548 3370 4587 a
3401 4532 3565 4589 Patre

2764 4619 3041 4661 missione.

309 4709 566 4775 ascribe:
599 4708 772 4780 eique
804 4709 1184 4804 (1‘1_il31"’Pter
1216 4717 1274 4767 ιθ
1302 4711 1640 4804 ἓξίυέξὶίωδ
1697 4719 1805 4804 εει,
1839 4731 1968 4770 σαν·
2001 4699 2050 4762 D
2152 4731 2242 4784 45.
2312 4729 2524 4786 Missus
2573 4729 2814 4802 quidem
2875 4734 2983 4794 est,
3044 4734 3103 4784 at
3153 4733 3218 4784 ut
3264 4729 3466 4787 homo.
3507 4731 3751 4804 Duplex

307 4815 569 4872 nemque
601 4799 948 4871 assumpsit,
973 4806 1051 4866 et,
1099 4817 1174 4856 ne
1223 4801 1368 4872 quid
1399 4801 1690 4874 abjectius
1747 4803 1962 4873 dicam,

305 4887 486 4945 homo
517 4888 708 4946 factus
741 4894 850 4946 est.
884 4889 1108 4946 Deinde
1139 4908 1276 4948 vero
1308 4892 1598 4948 exaltatus
1645 4893 1825 4950 etiam
1853 4900 1964 4964 est,

307 4981 376 5034 ut
405 4978 745 5035 carnalibus
774 4979 904 5036 istis
933 4979 1218 5052 humique
1278 4981 1627 5053 repentibus
1673 4983 1964 5056 dogmatis

305 5069 429 5124 tuis
482 5069 726 5144 longum
784 5071 1142 5142 valedicens,
1186 5073 1500 5132 sublimior
1557 5089 1688 5131 esse
1745 5075 1962 5144 discas,

303 5166 484 5232 atque
507 5160 582 5216 ad
613 5161 983 5221 divinitatem
1017 5166 1366 5231 ascendere,
1400 5183 1521 5222 non
1551 5173 1752 5224 autem
1784 5167 1963 5224 rebus

299 5252 374 5307 iis
405 5267 540 5322 quin
569 5249 678 5308 sub
709 5260 1015 5324 aspectum
1074 5255 1296 5313 cadunt
1345 5257 1675 5326 immoreis,
1708 5259 1814 5315 sed
1844 5273 1967 5315 una

302 5357 438 5398 cum
461 5342 535 5398 iis
560 5358 692 5414 qua;
716 5350 918 5400 mente
949 5346 1364 5419 percipiuntur
1391 5348 1768 5405 subveharis:
1785 5355 1964 5421 atque

301 5429 453 5487 adeo
486 5448 832 5505 cognoscas,
865 5451 1142 5505 quaenam
1175 5437 1271 5492 lex
1301 5444 1814 5512 naturae,quteque
1835 5456 1962 5496 car-

304 5520 399 5576 nis
424 5536 461 5578 ο.
489 5521 721 5578 Christo
756 5529 1076 5596 assumpta
1110 5526 1258 5584 ratio
1289 5529 1385 5586 sit.

377 5647 653 5738 "lacn;
687 5647 754 5738 1,:
791 5651 870 5704 18.
931 5650 978 5686 93
1033 5654 1372 5738 Joanng
1429 5661 1480 5712 6.
1540 5661 1819 5736 θίιξξιοαῐι.
1871 5680 1964 5723 vn!

2082 5667 2156 5722 [2.
2238 5666 2282 5702 95
2361 5667 2414 5735 Ιξ
2470 5663 3181 5738 Cor.':.'1,;54.79‘4Hebr.
3245 5683 3282 5735 ι,
3335 5669 3388 5722 3.

310 5723 550 5806 vn,“36.
611 5721 654 5756 “3
724 5718 892 5776 toan.
952 5742 1030 5797 τι,
1079 5729 1170 5782 27.
1227 5728 1274 5763 ⁹⁹
1325 5718 1463 5787 Gen.
1525 5718 1648 5804 xl},
1697 5718 2285 5806 24.7V'v—Ps’alimnav,
2346 5718 2398 5795 7—.

309 5805 386 5864 vr,
417 5793 504 5849 δε.

2079 4819 2238 4874 enim
2265 4825 2395 4876 erat
2427 4836 2441 4877 :
2475 4818 2964 4892 quandoquidem
3023 4818 3292 4876 defessus
3335 4820 3470 4886 fuit,
3499 4824 3747 4890 esuriit,

2079 4907 2247 4977 sitiit,
2280 4909 2492 4966 anxius
2548 4909 2682 4974 fuit,
2733 4908 2894 4965 ﬂevit
2944 4907 3069 4981 lege
3129 4911 3435 4982 corporis;
3474 4911 3640 4984 quod
3697 4915 3749 4970 si

2077 4997 2258 5052 etiam
2301 5003 2371 5053 ut
2396 4998 2570 5062 Deus,
2624 4997 2767 5068 quid
2816 4997 2976 5054 hoc?
3027 4998 3474 5069 Beneplacitum
3524 5001 3750 5073 Patris,

2077 5088 2424 5143 missionem
2454 5104 2584 5144 esse
2611 5094 2822 5160 reputa
2855 5103 2870 5142 :
2901 5087 2976 5144 ad
3006 5103 3182 5159 quem
3217 5104 3323 5145 sua
3351 5088 3545 5161 ipsius
3572 5107 3752 5148 acce-

2076 5181 2178 5247 pta
2207 5176 2407 5238 refert.
2438 5181 2568 5232 tum
2595 5181 2665 5230 ut
2691 5176 2988 5248 principio
3047 5176 3208 5248 quod
3254 5177 3418 5234 nullo
3468 5185 3750 5252 tempore

2075 5265 2254 5337 ccepit
2279 5265 2570 5322 honorem
2601 5265 2849 5332 deferat,
2882 5272 3008 5322 tum
3047 5283 3124 5322 ne
3181 5267 3300 5322 Deo
3329 5267 3634 5326 adversari
3661 5271 3750 5326 vi-

2077 5355 2309 5424 deatur,
2341 5356 2828 5428 quandoquidem
2883 5355 3154 5428 proditus
3213 5373 3452 5428 quoque
3495 5359 3746 5431 dicitur,

2077 5447 2200 5503 imo
2228 5463 2367 5503 vero
2399 5448 2666 5519 seipsum
2699 5446 2984 5519 prodidit,
3015 5453 3084 5502 ut
3112 5448 3404 5519 scriptum
3435 5455 3565 5515 est;
3595 5449 3750 5508 item

2077 5553 2113 5594 ο.
2139 5539 2312 5594 Patre
2346 5538 2666 5594 suscitatus
2697 5542 2756 5593 et
2797 5543 3139 5607 assumptus
3167 5545 3288 5606 est;
3321 5539 3444 5596 imo
3477 5540 3754 5613 seipsum

2617 5667 2698 5737 ῑῑι,
2732 5667 3181 5744 L54._“_He_br.
3245 5683 3282 5735 ι,
3335 5667 3535 5744 3.__w_
3578 5668 3748 5744 sap.

2477 5735 2663 5808 Apoc.
2736 5735 2782 5807 ἱ,
2859 5737 2912 5791 8.
2968 5735 2990 5773 ⁸
3061 5737 3230 5795 toan.
3312 5735 3746 5813 v,26.‘10ai1.
