4054 6392
300 399 455 462 H33

308 567 543 622 quoque

306 640 406 696 citi
440 660 453 708 ;
489 640 614 694 ha‘c
646 637 943 711 potentia).
978 636 1062 690 Tu
1092 649 1266 705 porro
1299 649 1366 687 ea
1406 630 1645 701 quidem
1679 641 1954 683 recenses

308 747 439 801 qua)
474 729 765 783 minorem
796 726 1043 794 faciunt,
1078 742 1208 796 qua:
1240 740 1373 778 vero
1418 720 1853 781 sublimiorem,
1886 732 1956 771 ea

307 819 754 893 prmtermittis:
792 832 1049 887 eumque
1102 830 1341 885 passum
1399 828 1528 867 esse
1586 809 1952 875 consideras,

308 908 468 981 quod
501 914 701 964 autem
734 912 945 980 sponte
977 920 1187 977 passus
1211 903 1287 958 sit
1317 920 1437 957 non
1465 900 1695 973 adjicis.

376 1026 637 1097 Ejusdem
667 1025 727 1079 in
760 1025 919 1078 illum
958 1021 1218 1092 Apostoli
1246 1021 1440 1097 locum.
1471 1034 1579 1089 quo
1609 1019 1689 1071 ait
1709 1033 1728 1097 _:
1753 1015 1957 1083 «Opor-

303 1106 378 1153 tet
411 1093 554 1152 énim
586 1113 708 1151 eum
737 1111 971 1165 regnare
1000 1110 1172 1164 usque
1203 1094 1275 1147 ad
1308 1100 1576 1162 tempora.
1613 1113 1641 1140 »
1695 1093 1788 1143 La:
1834 1102 1959 1141 ora-

303 1173 452 1226 tione
482 1173 516 1223 2
545 1169 614 1224 de
643 1169 809 1225 Filio.

372 1285 637 1352 4G.Quod
666 1284 924 1341 secundo
944 1284 1073 1339 loco
1101 1283 1271 1338 nobis
1296 1281 1588 1349 objiciunt
1609 1275 1954 1343 adversarii,

303 1376 364 1431 id
397 1393 530 1429 vero
562 1374 838 1430 maximis
870 1380 929 1428 et
958 1374 1189 1428 invictis
1221 1371 1583 1439 argumentis
1617 1372 1954 1430 accensent,

301 1466 633 1521 nimirum:
698 1466 925 1535 Oportet
982 1463 1126 1518 enim
1166 1465 1344 1532 ipsum
1402 1476 1635 1530 regnare
1691 1458 1712 1492 ⁵
1767 1472 1955 1527 usque

302 1555 495 1612 adhuc
532 1573 546 1610 :
591 1560 648 1610 et
676 1572 709 1609 a
742 1554 874 1609 calo
903 1556 1107 1623 suscipi
1136 1569 1304 1622 usque
1336 1552 1408 1604 ad
1439 1558 1749 1620 temporum
1805 1549 1953 1601 testi-

308 1649 575 1701 tutionem
604 1643 648 1710 ⁸,
683 1652 740 1698 et
768 1644 988 1698 habere
1020 1643 1236 1697 solium
1270 1658 1303 1695 a
1334 1639 1555 1695 dextris
1588 1639 1711 1707 Dei,
1772 1637 1957 1691 donec

304 1736 580 1790 inimicos
612 1739 870 1805 superet.
930 1732 1080 1797 Quid
1134 1738 1255 1786 tum
1304 1737 1508 1801 postea
1538 1728 1566 1783 ‘?
1612 1730 1957 1795 Regnumne

308 1826 673 1893 deseret,aut
711 1823 874 1878 ccelis
909 1821 1389 1893 ejicietur?Quis
1423 1836 1556 1874 eum
1592 1824 1757 1889 coget
1782 1818 1810 1871 ’ἶ
1858 1826 1959 1872 aut

1651 379 2060 447 THESAURI
2104 381 2252 443 LIB.
2298 382 2372 445 ν.

579 545 882 604 suscitavit
910 549 969 601 et
996 543 1336 615 assumpsit.
1375 541 1477 597 Illa
1506 544 1648 596 sunt
1677 536 1954 608 benepla-
1985 512 2038 581 Α
2071 513 2781 615 ςιιιοειιιεθξιιδιθειξίροθω
2814 510 3217 615 (ξοῐηΡῙξῖνθᾟίίν
3423 510 3727 615 satiati”?

3569 372 3729 442 N34

2068 609 2191 659 tum
2224 604 2544 660 adducens.
2583 607 2714 660 llaec
2746 604 2908 659 enim
2942 608 3050 671 est,
3084 607 3147 656 ut
3196 598 3473 659 arbitror,
3504 594 3734 652 Christi

2069 695 2672 762 subjectio,nimirum
2698 701 2959 765 paternas
2984 691 3303 747 voluntatis
3351 686 3723 756 adimpletio.

2069 784 2393 853 Subjicitur
2423 803 2596 857 porro
2644 790 2703 840 et
2746 783 2925 839 Filius
2982 781 3160 839 Patri.
3197 787 3257 836 et
3315 781 3486 833 Pater
3531 776 3722 831 Filio:

2067 874 2164 928 ille
2198 875 2437 945 quidem
2470 875 2771 947 agens.hic
2800 889 2936 927 vero
2959 872 3296 943 approbans
3320 885 3333 924 ε
3360 867 3517 939 quod
3547 873 3723 922 antea

2068 981 2303 1035 quoque
2335 965 2611 1020 diximus.
2646 967 2837 1034 Atque
2872 964 2950 1018 ita
2983 960 3082 1032 qui
3115 958 3370 1029 subjecit
3400 955 3559 1028 quod
3591 954 3725 1010 sub-

2059 1054 2288 1124 jectum
2335 1059 2444 1121 est,
2492 1055 2608 1108 Deo
2647 1053 2909 1124 exhibet,
2952 1052 3061 1107 sibi
3113 1048 3270 1121 quod
3325 1054 3595 1103 nostrum
3639 1048 3729 1099 est

2070 1144 2548 1199 accommodans.

2133 1261 2355 1316 Eodem
2385 1278 2564 1317 sensu
2596 1260 2739 1316 mihi
2771 1258 3155 1331 accipiendas
3205 1257 3370 1313 locus
3403 1254 3506 1309 ille
3561 1269 3719 1324 quo-

2069 1367 2182 1421 que
2214 1350 2479 1405 videtur;
2520 1354 2675 1409 Deus.
2702 1351 2835 1405 Deus
2866 1366 3035 1418 meus,
3070 1348 3289 1403 intende
3331 1346 3488 1411 enim,
3551 1358 3724 1414 quare

2065 1457 2150 1495 me
2179 1443 2452 1512 dereliqui
2483 1442 2563 1496 ti.8
2606 1444 2628 1495 Ρ
2680 1441 2796 1496 Nec
2848 1440 3007 1494 enim
3057 1439 3184 1510 ipse
3234 1434 3552 1492 derelictus
3611 1437 3720 1499 est,

2068 1547 2265 1601 neque
2299 1548 2333 1587 a
2366 1533 2501 1589 Deo.
2540 1547 2733 1602 neque
2766 1546 2800 1585 a
2828 1546 2934 1584 sua
2965 1529 3151 1600 ipsius
3202 1527 3531 1589 divinitate,
3566 1520 3726 1592 quod

2070 1621 2424 1692 quibusdam
2458 1622 2690 1676 videtur
2743 1628 3025 1690 tanquam
3074 1620 3319 1674 timente
3363 1614 3723 1687 passionem,

2072 1716 2129 1765 et
2159 1712 2379 1767 idcirco
2410 1719 2710 1768 contracta
2741 1729 2776 1767 a
2808 1710 3091 1781 patiente.
3126 1708 3265 1773 Quis
3314 1722 3447 1760 eum
3483 1702 3571 1758 vel
3606 1702 3723 1773 pri«

2074 1801 2255 1857 mitus
2286 1803 2397 1857 hoc
2431 1804 2489 1856 in
2523 1802 2740 1857 n.1me
2774 1800 2960 1864 nasci,
2995 1800 3084 1853 vel
3124 1799 3185 1852 in
3235 1812 3471 1852 crucem
3517 1808 3720 1848 ascen-

304 1930 422 1985 qua
454 1913 523 1968 de
558 1912 777 1968 causa?
809 1913 993 1977 Quam
1024 1910 1308 1965 audacem
1358 1909 1748 1979 interpretem
1795 1907 1917 1977 agis
1946 1904 1954 1959 !

2071 1890 2212 1945 dere
2243 1892 2436 1963 coegit
2463 1892 2799 1947 ‘iCa-terum
2834 1908 2888 1944 ιιι
2920 1887 3356 1959 seipso,utjam
3391 1882 3532 1938 dixi.
3567 1878 3725 1953 quod

303 2021 602 2076 quamque
636 2020 670 2058 a
702 2019 879 2075 regno
912 2018 1015 2056 seu
1049 2000 1418 2068 subiectione
1441 2000 1704 2053 alienum
1741 1997 1753 2051 !
1781 1998 1956 2067 Atqui

304 2094 473 2150 audis
509 2108 522 2148 :
559 2093 734 2163 Regni
764 2093 877 2159 eius
908 2108 1018 2146 non
1064 2094 1166 2145 crit
1219 2092 1367 2161 ﬁnis.
1431 2087 1954 2143 Verumenimvero

301 2186 362 2240 in
395 2201 529 2240 eum
563 2200 826 2239 errorem
860 2181 1345 2255 impegisti,quod
1377 2181 1467 2234 his
1501 2180 1738 2234 vocibus
1770 2179 1957 2234 donec

308 2281 366 2329 et
397 2291 585 2345 usque
616 2273 986 2345 praeteritum
1018 2288 1052 2326 a
1081 2272 1278 2327 futuro
1310 2286 1432 2325 non
1485 2268 1663 2324 dividi
1714 2286 1956 2342 prorsus

308 2364 577 2436 ignores:
614 2363 732 2417 imo
765 2363 1053 2417 hactenus
1085 2360 1427 2432 signiﬁcari,
1458 2360 1628 2415 nulla
1686 2359 1954 2414 oratione

304 2454 509 2510 habita
539 2454 666 2526 ejus
700 2452 853 2523 quod
890 2452 1288 2523 subsequatur
1320 2469 1332 2507 :
1363 2451 1583 2522 alioqui
1620 2467 1736 2522 quo
1777 2466 1955 2505 sensu

305 2544 584 2615 accipias,
618 2560 692 2598 ne
724 2549 937 2597 cratera
967 2541 1182 2601 dicam.
1217 2541 1414 2597 locum
1448 2541 1615 2595 illum
1650 2558 1662 2595 :
1700 2542 1802 2595 Ero
1860 2556 1958 2593 v0-

306 2635 509 2688 biscum
535 2650 703 2704 usque
732 2632 1333 2687 adconsummationem
1354 2630 1561 2686 meum
1586 2631 1612 2686 ?
1633 2637 1721 2686 An
1752 2636 1958 2701 postea

308 2723 576 2779 futurum
609 2740 730 2778 non
764 2740 892 2777 esse
925 2722 1131 2776 dices?
1162 2724 1233 2777 At
1264 2737 1536 2792 quamam
1573 2721 1748 2791 hujus
1806 2720 1955 2774 ratio

306 2813 532 2868 fuerit?
555 2814 668 2868 Nec
691 2829 825 2867 vero
852 2829 919 2867 ea
943 2818 1171 2866 tantum
1204 2811 1275 2866 de
1309 2827 1487 2865 causa
1517 2810 1716 2880 lapsus
1749 2826 1831 2877 es,
1853 2808 1957 2863 sed

313 2903 489 2959 etiam
523 2904 661 2974 quia
699 2902 1029 2957 dictionum
1079 2901 1411 2972 significata
1449 2917 1569 2955 non
1616 2900 1953 2966 distinguis.

306 2992 609 3064 Siquidem
643 3010 889 3065 regnare
924 2991 1141 3046 dicitur
1172 3008 1287 3045 uno
1323 2990 1563 3061 quidem
1598 2990 1953 3063 signiﬁcatu,

306 3088 589 3155 tanquam
623 3082 1124 3153 omnium,velint,
1146 3081 1360 3151 nolint,
1383 3083 1503 3137 Rex
1536 3083 1915 3153 omnipotens
1942 3100 1955 3151 ;

305 3172 423 3228 alia
454 3179 976 3244 autem,tanquam
1009 3173 1058 3227 is
1091 3173 1189 3245 qui
1223 3190 1330 3227 nos
1362 3171 1573 3226 ditioni
1608 3188 1727 3228 sua:
1761 3172 1956 3246 subje-

2064 1986 2335 2036 nostrum
2369 1988 2478 2047 est,
2514 1979 2814 2049 exprimit.
2861 1980 2975 2033 Nos
3007 1977 3165 2033 enim
3228 1972 3499 2029 derelicti
3550 1977 3727 2025 antea

2065 2077 2125 2124 et
2153 2071 2477 2141 contempti
2514 2085 2750 2125 eramus
2791 2084 2804 2122 :
2840 2083 2999 2122 nunc
3029 2082 3164 2119 vero
3196 2062 3482 2133 assumpti
3517 2066 3575 2115 et
3605 2074 3723 2114 ser-

2064 2160 2179 2213 vati
2210 2158 2587 2230 passionibus
2619 2159 2748 2227 ejus
2778 2157 2880 2227 qui
2912 2155 3176 2227 passioni
3232 2154 3577 2222 neutiquam
3614 2148 3720 2204 ob-

2064 2250 2278 2303 noxius
2310 2254 2417 2304 est.
2452 2246 2967 2313 Quemadmodum
3009 2250 3275 2300 nostram
3313 2258 3550 2315 quoque
3582 2238 3725 2295 insi-

2064 2339 2352 2409 pientiam
2393 2355 2727 2406 assumens,
2758 2343 2819 2392 et
2848 2342 3156 2408 peccatum
3191 2351 3526 2398 assumens,
3588 2350 3718 2404 qua)

2064 2428 2514 2499 subsequuntur
2567 2444 2636 2483 eo
2683 2428 2745 2481 in
2800 2426 3029 2497 psalmo
3070 2425 3194 2490 ait;
3228 2422 3717 2494 quandoquidem

2063 2518 2381 2573 vicesimus
2412 2518 2641 2589 primus
2673 2516 2772 2571 ille
2804 2515 3067 2588 psalmus
3098 2514 3173 2569 ad
3203 2513 3503 2569 Christum
3563 2510 3722 2567 haud

2064 2607 2242 2663 dubie
2274 2607 2551 2663 refertur.

2135 2723 2412 2796 Ejusdem
2446 2739 2682 2795 quoque
2728 2720 3225 2779 considerationis
3283 2725 3340 2775 et
3396 2718 3500 2775 illa
3559 2725 3720 2791 sunt,

2064 2816 2222 2885 quod
2257 2815 2356 2869 ille
2376 2815 2778 2870 obedientiam
2820 2830 2892 2869 ex
2928 2814 2998 2868 iis
3030 2829 3160 2882 quae
3184 2827 3393 2882 passus
3429 2817 3519 2865 est
3565 2810 3724 2865 didi-

2066 2905 2212 2959 cerit
2244 2922 2257 2971 ;
2292 2905 2432 2959 item
2467 2904 2694 2965 clamor.
2731 2904 3011 2973 Iacrymae.
3070 2902 3406 2972 supplicare,
3440 2900 3721 2969 exaudiri,

2064 2999 2371 3050 reverentia
2401 3012 2421 3051 :
2454 3012 2582 3066 qua:
2617 2994 2717 3049 ille
2746 3010 2850 3065 pro
2882 2993 3055 3048 nobis
3090 2992 3301 3047 mirum
3356 2990 3418 3044 in
3476 2988 3720 3044 modum

2066 3091 2350 3156 tanquam
2414 3084 2474 3138 in
2548 3083 2861 3155 proscenio
2930 3085 3340 3153 repraesentat.
3421 3080 3721 3143 Quatenus

2068 3175 2227 3230 enim
2289 3173 2545 3229 Verbum
2605 3190 2798 3244 neque
2859 3172 3143 3228 obediens
3193 3175 3340 3235 erat,
3374 3185 3566 3241 neque
3598 3184 3720 3224 non

298 3268 470 3326 cent,
515 3279 742 3332 suoque
797 3264 984 3333 ipsius
1034 3279 1217 3329 regno
1276 3263 1358 3316 ita
1417 3261 1859 3333 mancipaverit,
1891 3271 1957 3319 ut
1988 3282 2029 3347 ο
2069 3265 2352 3320 obediens
2387 3280 2399 3319 :
2436 3264 2731 3335 szquidem
2764 3264 2891 3318 haec
2920 3262 2993 3318 ad
3027 3279 3126 3318 eos
3159 3266 3427 3332 spectant
3457 3259 3554 3329 qui
3590 3258 3720 3313 sub-

300 3353 556 3409 libenter
587 3350 714 3422 ejus
738 3351 950 3421 jugum
1008 3351 1428 3421 suscipiamus.
1464 3353 1644 3424 Regni
1698 3370 1834 3426 ergo
1892 3372 1960 3412 eo

305 3462 485 3501 sensu
518 3443 742 3515 accepti
776 3460 896 3498 non
931 3441 1043 3497 erit
1068 3441 1713 3498 finis.Secundiaulem
1746 3462 1965 3501 munus

309 3536 609 3608 quodnam
646 3539 735 3588 est
765 3532 792 3587 ?
823 3532 1102 3587 nimirum
1130 3536 1195 3585 ut
1227 3548 1336 3585 nos
1370 3546 1546 3585 manu
1580 3538 1849 3602 protegat
1907 3541 1966 3589 et

313 3625 500 3680 salvos
528 3623 723 3679 faciat.
755 3624 869 3677 Nec
902 3621 1058 3676 enim
1089 3628 1178 3675 est
1208 3620 1364 3691 quod
1400 3636 1497 3675 eos
1532 3620 1827 3692 subjiciat,
1859 3623 1960 3694 qui

293 3713 426 3784 jam
460 3710 709 3782 subjecti
745 3710 1118 3765 sunt.Postea
1151 3707 1310 3761 enim
1336 3708 1963 3780 consurgetjudicatu-

303 3819 405 3857 rus
440 3806 654 3856 temam
687 3806 749 3854 ut
778 3800 968 3854 salvos
1001 3816 1035 3855 a
1073 3798 1320 3869 perditis
1368 3803 1655 3870 segreget.
1724 3799 1957 3871 Postea,

303 3892 569 3963 inquam,
605 3894 804 3961 surget
836 3889 989 3944 Deus
1022 3888 1083 3942 in
1115 3888 1308 3943 medio
1342 3887 1609 3956 deorum,
1645 3886 1957 3959 salvorum,

296 3981 740 4054 dijuilicaturus
776 3985 833 4034 et
866 3979 1257 4034 distincturus
1291 3995 1405 4049 quo
1427 3978 1679 4050 quisque
1712 3979 1957 4051 praemio

296 4078 353 4127 et
387 4071 695 4126 mansione
731 4070 946 4142 dignus
978 4069 1070 4123 sit.
1109 4070 1228 4123 Hoc
1279 4085 1459 4123 sensu
1516 4069 1767 4140 accipito
1828 4085 1958 4125 eam

294 4178 536 4234 quoque
590 4160 1044 4232 subjectionem,
1079 4175 1195 4228 qua
1237 4158 1450 4212 Filium
1489 4156 1639 4212 Patri
1689 4158 1956 4229 subjicis.

374 4249 522 4315 Quid
557 4250 643 4305 ais
666 4249 692 4304 δῖ
724 4248 894 4319 quasi
928 4263 1089 4302 nunc
1124 4247 1175 4300 ei
1207 4246 1510 4317 subjectus
1544 4264 1662 4302 non
1688 4248 1763 4301 sit
1792 4248 1819 4303 εἰ
1868 4252 1956 4303 An

294 4355 434 4395 vero
459 4341 575 4394 Deo
592 4335 1002 4409 subjiciendus
1021 4341 1109 4390 est
1140 4336 1513 4407 omnino,qui
1536 4337 1690 4392 Deus
1721 4354 1955 4410 quoque

296 4430 376 4485 sit
405 4429 433 4484 ’ἶ
463 4435 622 4484 certe
657 4434 717 4482 tu
742 4428 814 4483 de
845 4426 1075 4482 latrone
1107 4431 1211 4481 aut
1239 4425 1411 4481 hoste
1444 4426 1724 4498 quopiam
1780 4427 1956 4483 verba

293 4519 442 4577 mihi
477 4518 672 4575 facere
705 4517 942 4573 videris.

366 4609 516 4676 Quin
552 4609 748 4681 potius
780 4625 906 4664 rem
936 4608 1127 4681 ipsam
1161 4609 1242 4664 ita
1286 4607 1622 4681 expendito.
1655 4608 1950 4675 Quemad-

292 4699 542 4756 modum
575 4699 906 4755 exsecratio
940 4698 1135 4754 dictus
1168 4704 1256 4753 est
1278 4698 1400 4764 ille,
1436 4698 1534 4771 qui
1570 4716 1762 4754 meam
1796 4698 1948 4755 solu-

289 4796 456 4845 turus
515 4789 987 4846 exsecrationem
1044 4789 1246 4843 venit:
1306 4789 1448 4844 item
1511 4795 1569 4843 et
1613 4795 1946 4862 peccatum,

289 4880 390 4952 qui
424 4877 630 4935 mundi
661 4884 970 4950 peccatum
1002 4876 1456 4949 tollit,denique
1479 4895 1662 4935 novus
1686 4878 1947 4935 Adamus

287 4987 395 5042 pro
427 4977 623 5023 vetere
660 4969 744 5034 lit,
778 4969 859 5023 ita
893 4975 951 5023 et
1010 4967 1479 5024 inobedientiam
1522 4986 1718 5025 meam
1778 4987 1945 5026 suam

286 5062 449 5125 facit,
498 5061 717 5133 quippe
768 5060 869 5132 qui
926 5059 1103 5114 totius
1148 5061 1410 5132 corporis
1461 5067 1635 5133 caput
1675 5062 1941 5115 exsistat.

287 5152 492 5223 Itaque
544 5149 809 5222 quaudiu
860 5149 1102 5204 rebellis
1157 5167 1261 5222 ego
1296 5147 1729 5222 seditiosasque
1790 5167 1944 5217 sum,

286 5242 429 5299 dum
462 5240 678 5298 Christi
705 5242 915 5312 jugum
949 5256 1187 5311 respuo,
1222 5241 1652 5312 atTectibusque
1678 5241 1825 5296 meis
1858 5242 1944 5295 in-

283 5332 780 5396 servio,Christus
813 5346 1049 5402 quoque
1081 5347 1201 5385 non
1226 5330 1527 5403 subjectus
1563 5331 1769 5388 habita
1826 5330 1942 5386 mei

285 5424 517 5479 ratione
552 5422 788 5477 dicitur.

358 5513 681 5583 Postquam
730 5528 864 5567 vero
916 5515 1132 5566 cuncta
1183 5509 1291 5565 sibi
1345 5509 1690 5582 subjecerit,
1756 5508 1943 5583 subji-

283 5602 405 5661 ciet
436 5610 635 5660 autem
666 5602 1001 5675 cognitione
1032 5608 1089 5659 et
1118 5603 1607 5673 commutatione,
1645 5608 1784 5658 tunc
1814 5602 1943 5675 ipse

356 5757 383 5797 ⁵
404 5759 535 5820 Cor.
568 5774 656 5831 XV,
686 5760 754 5817 23
787 5780 803 5829 ;
831 5760 989 5820 Psal.
1023 5776 1134 5834 cxx,
1166 5762 1220 5817 2.
1295 5760 1318 5796 ⁸
1346 5760 1468 5819 Ast.
1502 5775 1579 5827 ιιι,
1613 5762 1701 5817 21.

1778 5759 1798 5794 ⁷
1826 5758 2028 5820 Matth.
2054 5775 2250 5830 xxvut,
2283 5761 2371 5820 ιο.

2063 3356 2211 3427 jecti
2244 3355 2535 3426 quasique
2567 3353 2903 3410 secundarii
2946 3349 3256 3417 sunt,illud
3298 3349 3536 3421 quidem
3565 3351 3724 3403 certe

2072 3450 2301 3516 spectat
2357 3445 2429 3500 ad
2463 3445 2618 3501 viros
2676 3445 2887 3514 bonos,
2945 3444 3211 3515 rectique
3262 3445 3551 3504 amantes,
3610 3439 3722 3493 hoc

2070 3550 2205 3586 vero
2243 3532 2317 3587 ad
2352 3534 2636 3603 reprobus
2670 3532 3085 3604 supplicioque
3144 3532 3390 3602 dignos:
3427 3533 3722 3602 quatenus

2066 3625 2261 3675 autem
2295 3620 2443 3674 servi
2480 3620 2667 3674 forma
2697 3637 2759 3674 se
2791 3620 3090 3675 conservis
3125 3618 3538 3673 accommodat
3570 3618 3717 3672 atie-

2066 3725 2327 3780 namque
2386 3709 2639 3765 formam
2690 3708 2904 3769 induit,
2958 3724 3052 3762 me
3115 3713 3300 3761 totum
3364 3722 3615 3775 meaque
3659 3706 3720 3761 in

2068 3799 2261 3870 seipso
2317 3799 2534 3865 ferens,
2595 3804 2661 3855 ut
2692 3816 2799 3855 sua
2841 3798 3030 3869 ipsius
3061 3798 3113 3850 vi
3141 3797 3297 3868 quod
3340 3795 3602 3851 deterius
3633 3801 3725 3850 est

2066 3896 2398 3955 consumat,
2433 3906 2553 3944 non
2611 3906 2782 3945 secus
2823 3894 2999 3959 atque
3050 3904 3247 3941 ceram
3289 3886 3463 3959 ignis,
3497 3891 3598 3940 aut
3629 3884 3720 3939 sol

2065 3996 2339 4050 vaporem
2398 3985 2614 4035 terrae:
2671 3986 2849 4051 atque
2908 3996 3012 4051 ego
3063 3976 3501 4033 commissiouis
3537 3975 3719 4041 hujus

2065 4070 2250 4143 gratia
2284 4086 2485 4125 eorum
2527 4086 2658 4140 quea
2689 4069 2868 4124 habet
2899 4068 3000 4122 ille
3032 4067 3327 4138 particeps
3360 4063 3604 4119 el'ticiar.
3638 4064 3719 4117 Ea

2064 4160 2135 4215 de
2170 4177 2348 4216 causa
2378 4158 2777 4214 obedientiam
2812 4159 3007 4229 reipsa
3040 4163 3298 4228 pra-stat,
3334 4157 3580 4226 ejusque
3612 4170 3718 4225 pe-

2063 4248 2314 4305 riculum
2348 4248 2643 4320 passionis
2675 4250 2831 4305 facit.
2864 4247 3167 4319 Siquidem
3192 4245 3423 4301 affectio
3461 4259 3561 4299 seu
3595 4243 3719 4299 ani-

2064 4340 2142 4396 mi
2177 4340 2489 4412 dispositio
2513 4356 2631 4394 non
2666 4356 2691 4393 s
2738 4337 2907 4406 fﬁcit,
2960 4336 3465 4409 quemadmodum
3521 4350 3715 4404 neque

2060 4430 2375 4496 nobis,nisi
2412 4429 2589 4484 rebus
2625 4446 2858 4501 quoque
2893 4428 3039 4499 ipsis
3072 4426 3255 4483 animi
3288 4443 3465 4481 sensa
3521 4423 3716 4480 decla-

2060 4537 2282 4575 remus.
2319 4521 2477 4591 Opus
2510 4520 2669 4575 enim
2703 4519 3080 4574 affectionem
3115 4517 3297 4574 animi
3333 4515 3563 4589 probat.
3599 4517 3715 4570 Nec

2062 4612 2259 4666 minus
2298 4610 2449 4666 forte
2502 4610 2847 4683 probandus
2903 4609 3003 4665 ille
3052 4623 3289 4681 quoque
3341 4622 3553 4661 sensus
3603 4609 3714 4669 est,

2056 4700 2215 4773 quod
2272 4701 2672 4755 obedientiam
2720 4706 2987 4754 nostram
3048 4697 3336 4769 explorat,
3396 4696 3716 4765 omniaque

2062 4792 2184 4847 suis
2215 4790 2592 4863 passinnibus
2633 4789 2877 4844 metitur
2906 4793 3032 4842 arte
3060 4784 3469 4852 humanitatis,
3500 4788 3564 4839 ut
3596 4782 3718 4837 suis

2060 4885 2265 4937 nostra
2303 4895 2656 4953 cognoscere
2689 4878 2896 4951 possit,
2931 4885 3342 4948 quantumque
3377 4874 3452 4928 sit
3483 4891 3515 4928 a
3546 4872 3718 4927 nobis

2058 4970 2439 5043 exigendum,
2499 4975 2909 5041 quantumque
2987 4966 3158 5021 nobis
3245 4963 3718 5027 concedendum,

2058 5061 2260 5116 habita
2293 5059 2726 5115 imbecillitatis
2758 5075 2876 5113 una
2916 5075 3048 5113 cum
3111 5055 3405 5128 passionis
3464 5054 3712 5109 ratione.

2058 5152 2200 5205 Nam
2237 5150 2282 5205 si
2316 5150 2438 5215 lux,
2472 5157 2714 5221 propter
2745 5148 3125 5203 emissionem
3163 5163 3293 5216 qua;
3326 5147 3386 5199 in
3428 5143 3713 5211 tenebris,

2055 5240 2167 5294 hoc
2202 5246 2291 5295 est
2315 5240 2492 5295 hacce
2525 5239 2663 5304 vita,
2707 5239 2999 5310 apparuit.
3034 5236 3504 5309 persecutionem
3540 5250 3714 5306 passa

2056 5336 2145 5385 est
2175 5347 2208 5385 a
2242 5329 2527 5394 tenebris,
2562 5346 2595 5384 a
2627 5330 3079 5399 malo,inquam,
3114 5335 3172 5384 et
3196 5333 3512 5382 tentatore.
3551 5334 3716 5379 teneo

2057 5419 2178 5476 braa
2212 5426 2446 5491 quanta:
2463 5436 2761 5491 quamque.
2783 5418 3012 5474 debiles
3029 5420 3271 5474 fuerunt
3292 5417 3319 5472 ‘?
3341 5416 3491 5482 Quid
3514 5421 3712 5471 autem

2056 5513 2298 5578 mirum,
2333 5512 2381 5566 si
2414 5510 2893 5566 coalescentibus
2924 5511 3041 5567 illis
3074 5508 3710 5579 omnino,nosquoque

2056 5602 2498 5675 quodammodo
2535 5602 2827 5675 assumpti
2849 5601 3140 5658 fuerimus
3165 5599 3193 5656 ?
3216 5597 3405 5673 Majus
3435 5599 3597 5655 enim
3621 5597 3713 5656 illi

2449 5756 2475 5797 ⁸
2501 5758 2657 5820 Paul.
2691 5775 2814 5831 xxx,
2845 5761 2899 5817 ι.
