4054 6414
339 384 499 480 ωδ
1660 397 1972 465 uicem
2011 392 2435 462 GBONIATJE
3609 393 3766 455 use

344 545 824 621 persecutionem
868 543 988 616 pati
1059 540 1189 606 fuit,
1254 555 1431 612 quam
1488 537 1660 594 nobis
1743 533 1989 604 assumi,
2020 532 2074 600 Α
2105 529 2550 590 curabantur.et
2577 525 2761 584 virtus
2783 525 2914 596 ejus
2935 523 3038 596 qui
3096 522 3362 594 curabat,
3421 524 3610 581 altero
3660 523 3772 581 de-

347 618 549 693 eorum
603 635 812 691 saltem
857 631 1106 705 judicio.
1160 629 1261 702 qui
1303 630 1430 685 hzec
1476 627 1590 684 rite
1631 625 1992 698 expendunt.
2109 621 2368 682 ﬁciente.
2397 619 2568 676 alteri
2601 618 2764 674 locus
2795 631 3109 688 superesse
3140 632 3261 670 non
3290 621 3544 687 poterat.
3578 618 3774 670 Carte-

349 727 656 783 Przodictis
703 740 879 798 porro
924 723 1197 792 adjiciam
1244 720 1400 794 quod
1447 719 1591 776 mihi
1641 719 1703 773 in
1738 736 1790 772 ιιι
1819 722 1997 771 -ntem
2108 728 2240 768 rum
2272 728 2348 768 an
2382 711 2494 766 hoc
2524 709 2578 764 ei
2611 725 2850 780 quoque
2899 705 3201 762 accenseri
3250 705 3455 778 possit,
3490 705 3652 777 quod
3685 720 3774 761 ra-

345 817 530 872 ‘venit.
569 817 630 871 in
653 795 767 886 quo
795 813 954 869 enim
989 829 1196 884 passus
1226 817 1311 868 est
1362 812 1508 882 ipse,
1553 825 1686 864 eum
1741 813 2000 862 tentatus
2110 803 2255 856 tioni
2289 805 2755 856 consentaneum
2793 799 3138 871 est,ignoro.
3164 796 3400 853 Rationi
3429 795 3586 850 enim
3621 811 3777 850 con-

355 912 468 976 est,
501 883 786 978 potestiis
816 903 916 975 qui
963 883 1270 958 tentantur
1307 900 1588 972 opitulari
1619 901 1660 967 ',
1705 896 1864 970 quod
1925 895 2000 952 ad
2111 898 2462 946 sentaneum
2495 907 2613 946 non
2645 897 2868 950 erat,ut
2896 889 2936 942 ii
2970 894 3340 951 curarentur,
3361 885 3465 957 qui
3499 883 3778 940 incredu-

353 995 630 1051 eumdem
659 993 970 1065 perspicue
1001 1007 1241 1048 sensum
1271 990 1481 1046 refero.
2111 979 2293 1036 litatis
2325 979 2531 1034 morbo
2564 979 2940 1034 laborabant.

974 1092 1135 1146 (Ἀρ,
1181 1091 1380 1146 Lxm,
2183 1069 2397 1124 Eadem
2425 1074 2516 1126 est
2535 1067 2876 1139 hujusmodi
2909 1083 3147 1138 quoque
3168 1065 3280 1122 loci
3307 1065 3455 1122 ratio
3482 1065 3636 1120 :Non
3660 1080 3775 1134 po-

355 1193 438 1248 Ex
467 1191 652 1246 eadem
685 1192 832 1246 beati
853 1190 1110 1256 Gregorii
1129 1191 1403 1255 oratione,
1453 1185 1618 1254 hujus
1673 1185 1956 1252 Sv-rr'ptura

2171 1167 2215 1214 st
2243 1161 2479 1215 mundus
2508 1175 2618 1214 non
2649 1159 2826 1214 odisse
2854 1173 2946 1213 vos
2973 1156 3058 1222 ’0;
3087 1163 3148 1212 et
3195 1155 3376 1226 hujus
3407 1171 3422 1210 :
3485 1153 3772 1218 Quomodo

426 1244 677 1319 rumloci
695 1244 897 1318 Imm
918 1244 1052 1317 υὲιιε
1074 1263 1260 1316 omnia
1279 1261 1337 1313 in
1367 1244 1999 1326 omnibuswemplicatio.
2105 1252 2340 1320 potestis
2369 1251 2510 1304 bona
2540 1248 2716 1318 loqui,
2749 1263 2873 1302 cum
2902 1249 3024 1302 sitis
3047 1244 3184 1300 mali
3207 1245 3270 1298 ³⁸.
3303 1244 3570 1309 Quanam
3605 1244 3774 1298 enim

424 1365 514 1418 47.
546 1365 834 1419 Caeterum
867 1360 1320 1418 instaurationis
1377 1364 1664 1429 tempore,
1716 1357 1852 1410 Deus
1895 1355 2002 1409 erit

2177 1338 2233 1394 ia
2262 1338 2334 1394 de
2365 1355 2546 1394 causa
2575 1338 2702 1393 haec
2733 1336 2864 1392 fieri
2897 1341 3224 1408 nequeunt,
3257 1333 3375 1390 nisi
3407 1332 3773 1406 quiavolun—

354 1456 539 1510 omnia
568 1455 628 1507 in
657 1453 908 1508 omnibus
933 1451 994 1512 ιο,
1034 1467 1153 1506 non
1201 1452 1396 1518 Pater,
1442 1447 1588 1503 Filio
1648 1461 1895 1518 prorsus
1939 1443 2002 1499 in
2117 1427 2442 1526 uides“?
2525 1516 2540 1526 _
2615 1517 2626 1526 ι
2829 1515 2868 1526 η
3295 1515 3349 1526 Η
3400 1514 3411 1526 1
3575 1513 3590 1525 ⁸
3703 1513 3738 1524 η

356 1556 493 1596 eum
525 1540 609 1594 ita
633 1539 990 1602 resoluto,ut
1013 1539 1062 1594 si
1097 1537 1248 1594 taeda
1269 1539 1330 1592 in
1362 1551 1644 1609 magnum
1677 1549 1902 1606 rogum,
1929 1549 1957 1588 e

2187 1519 2288 1572 Est
2318 1533 2495 1589 porro
2525 1515 2870 1588 hujusmodi
2915 1532 3152 1588 quoquc
3209 1515 3517 1587 quidpiam
3574 1515 3636 1569 in
3700 1515 3776 1568 iis

357 1645 473 1700 quo
507 1635 778 1700 exempta
799 1629 980 1684 fuerit
1007 1627 1080 1683 ad
1104 1634 1357 1698 tempus,
1382 1604 1594 1682 iterum
1629 1604 2003 1696 conjiciatur.
2279 1606 2596 1702 ἀξεξιξιιυτξ
2620 1605 2785 1671 0⁸οά
2817 1611 3030 1702 ηεῐίυιίδι
3059 1605 3301 1702 quidem
3351 1604 3480 1702 fieri
3537 1604 3776 1702 ιξέφιίετ

356 1737 432 1775 ne
465 1720 622 1776 enim
656 1719 898 1776 Sabellii
930 1719 1043 1774 hoc
1077 1719 1234 1772 dicto
1269 1731 1740 1788 corrumpamur.
1776 1714 1880 1769 sed
1913 1720 1957 1768 tc

2212 1697 2338 1750 fieri
2371 1695 2510 1752 hinc
2542 1694 2779 1751 demum
2814 1701 3026 1768 potest,
3059 1695 3106 1748 si
3152 1695 3268 1749 Deo
3318 1693 3611 1765 placuerit
3642 1710 3656 1747 :
3710 1697 3781 1746 ut

358 1821 454 1870 τηε
488 1817 640 1870 Deus
672 1831 687 1878 ς
719 1827 836 1882 quo
895 1809 1138 1880 quidem
1195 1816 1462 1880 ιρωροπιρ
1509 1785 1628 1862 ium
1661 1805 1912 1878 amplius
1945 1811 2008 1860 ,τι
2119 1789 2395 1844 eumdem
2429 1805 2550 1844 non
2580 1805 2750 1860 posse
2793 1788 2884 1843 bis
2915 1804 3075 1842 nasci
3101 1785 3166 1855 '7,
3199 1792 3258 1842 et
3303 1786 3574 1841 foramen
3633 1801 3782 1840 acus

360 1905 536 1960 hodie
567 1876 788 1958 multas
817 1901 878 1955 in
902 1876 1098 1971 partes
1129 1876 1388 1954 motibus
1411 1896 1592 1953 animi
1643 1876 1820 1967 atque
1875 1911 1961 1966 pel

2178 1879 2332 1935 tmeli
2366 1897 2550 1952 capax
2583 1896 2702 1936 non
2737 1894 2864 1934 esse
2895 1878 2951 1932 i'.
2989 1879 3132 1934 Nam
3175 1876 3318 1949 quid
3375 1879 3569 1932 obstet
3625 1891 3779 1946 quo-

361 1991 800 2049 turbationibus
858 1966 1279 2057 distrahemur,
1339 1987 1441 2042 Dei
1487 1987 1634 2042 nihil
1685 1966 2010 2056 quidquam
2053 1966 2064 1967 ί
2119 1968 2319 2024 minus
2353 1969 2476 2024 ilch
2507 1969 2672 2034 ﬁam,
2715 1969 2761 2023 Si
2799 1970 2950 2024 Deus
2970 1966 3154 2022 "eiii?
3184 1968 3636 2057 Pl‘ﬂ‘lel‘olnnes
3668 1966 3784 2020 hos

361 2083 449 2140 vel
508 2082 901 2156 perpusillum
976 2081 1034 2136 in
1102 2054 1275 2134 nobis
1341 2079 1486 2150 ipsis
1553 2054 1862 2132 tereti—tesi
1906 2073 2009 2129 sed
2119 2057 2439 2157 πιοάοῆξὶεῑ
2468 2057 2787 2157 quofidem
2823 2057 2987 2157 nullo
3029 2073 3281 2157 Prorsus
3339 2054 3530 2157 ξηοξο·
3572 2058 3784 2125 queat,

367 2178 484 2228 Deo
543 2173 719 2244 plane
767 2169 1014 2237 similes,
1076 2169 1297 2238 Deique
1348 2167 1532 2222 solius
1575 2181 1842 2237 capaces.
1878 2165 1968 2218 Hm

2180 2164 2230 2202 ac
2279 2145 2400 2202 ulla
2449 2146 2713 2202 admittit
2759 2145 2932 2213 ratio,
2980 2152 3048 2201 ut
3101 2162 3170 2201 eo
3223 2144 3398 2201 modo
3439 2145 3558 2210 liat,
3595 2159 3781 2215 quem

365 2263 522 2319 enim
545 2233 647 2317 .est
683 2259 966 2332 perfectio
1002 2233 1082 2314 ad
1133 2233 1312 2329 quam
1352 2233 1786 2328 properamus:
1839 2253 2010 2324 cujus
2120 2253 2280 2291 nunc
2311 2236 2653 2334 ίιξιφνίῐηιιε-
2701 2233 3214 2334 Οιιρξηειάῐξῖοξίυῐῐι
3255 2233 3417 2289 enim
3468 2233 3598 2332 ﬁeri
3655 2248 3784 2286 Ποῐι

365 2352 603 2424 quidem
633 2351 892 2405 maximo
925 2353 1275 2419 argumento
1309 2355 1398 2402 est
1421 2347 1627 2402 beatus
1687 2345 1812 2417 ipse
1869 2349 1966 2398 l'ai

2182 2341 2294 2380 isse
2327 2324 2602 2391 dicimus,
2637 2331 2700 2379 ut
2733 2323 2926 2379 malus
2957 2324 3032 2378 sit
3055 2324 3230 2392 Deus,
3263 2329 3365 2378 aut
3389 2339 3512 2378 non
3543 2323 3622 2376 sit
3651 2336 3783 2375 om-

363 2411 473 2497 liis.
503 2440 669 2506 Quod
701 2439 860 2494 enim
919 2411 1031 2493 hoc
1061 2439 1120 2492 in
1153 2438 1281 2492 loco
1305 2437 1376 2492 de
1415 2437 1533 2491 Deo
1576 2411 1885 2489 indellnite
1905 2433 2008 2498 ait,
2121 2415 2264 2513 sine
2297 2415 2436 2513 thog
2461 2414 2627 2513 enini
2673 2411 2745 2513 ad
2781 2413 3192 2513 impotentiam
3229 2413 3425 2513 potius
3457 2427 3636 2513 quain
3669 2428 3788 2482 po-

365 2501 743 2601 alibi‘aperte
773 2529 845 2583 de
876 2527 1107 2582 Christo
1130 2526 1225 2581 affi
1238 2525 1770 2596 rmat,quibusnam
1790 2525 1966 2581 verbis

2184 2508 2368 2560 ntiam
2401 2505 2502 2560 Dei
2535 2506 2849 2570 referatur,
2883 2519 3062 2574 quam
3096 2503 3146 2558 si
3177 2501 3339 2574 quod
3369 2518 3488 2556 non
3520 2507 3612 2556 est
3649 2516 3785 2557 esse

373 2590 601 2677 L’binon
625 2625 702 2675 est
733 2619 961 2692 gentilis
1013 2625 1067 2671 et
1113 2617 1356 2682 Judzeus,
1387 2590 1728 2671 circumcisio
1785 2623 1835 2670 rt
1871 2633 1974 2687 pra

2188 2600 2369 2650 catur.
2406 2599 2508 2650 aut
2538 2593 2628 2647 bis
2660 2593 2776 2648 duo
2809 2601 2868 2648 et
2899 2599 3154 2662 quatuor
3183 2599 3242 2647 et
3284 2591 3488 2648 decem
3514 2607 3644 2647 esse
3698 2590 3789 2648 af-

360 2713 609 2782 pulium,
659 2679 940 2764 Ba;.bm.us
994 2715 1044 2763 et
1103 2709 1318 2777 μονίμων
1344 2679 1351 2682 ⁷
1378 2722 1562 2763 servus
1617 2713 1669 2761 ει
1718 2679 1887 2778 mm."
1921 2706 2015 2762 sed
2123 2683 2457 2782 iirmentnr)
2489 2683 2617 2782 :Iita
2649 2681 3015 2782 impossibile
3045 2698 3288 2754 prorsus
3319 2687 3427 2782 est,
3462 2696 3572 2780 nec
3629 2679 3790 2736 ratio

367 2768 555 2855 ξηηηία
585 2768 645 2853 in
675 2798 926 2854 omn-bus
951 2768 1200 2855 σὴνίειηξς
1230 2768 1314 2851 il"
1859 2768 1872 2778 ’
2121 2771 2182 2828 id
2215 2774 2336 2827 ulla
2366 2771 2644 2835 admittit,
2680 2778 2746 2825 ut
2775 2771 2958 2826 Filius
3009 2787 3213 2826 eorum
3273 2768 3584 2840 quidpiam
3628 2774 3790 2840 agat.

2123 2879 2255 2933 qum
2291 2864 2462 2916 Pater
2484 2877 2602 2916 non
2634 2861 2986 2932 agil.0ninia
3013 2859 3168 2914 enim
3203 2875 3577 2930 qualicunque
3608 2857 3798 2915 habet

995 2924 1151 2980 CAP-
1195 2923 1378 2979 ῙιΧΙν·
2123 2923 2316 3007 Dater.
2343 2949 2472 3005 Filii
2497 2957 2650 3004 sunt.
2672 2923 2754 3002 ‘ut
2777 2947 2898 3004 vice
2952 2963 3120 3002 versa
3142 2923 3274 3016 quin
3299 2953 3437 3002 sunt
3459 2923 3614 3014 Iiilii,
3650 2950 3801 3001 sunt

373 3044 442 3100 Dc
481 3062 560 3108 eo,
595 3043 742 3114 quod
769 3059 879 3098 non
909 3045 1079 3108 yossit
1111 3041 1290 3097 Filius
1337 3058 1371 3094 η
1400 3043 1574 3111 seipso
1620 3044 1803 3109 facere
1851 3039 2014 3111 quid-
2125 3045 2182 3093 et
2208 3038 2394 3094 Patris
2416 3036 2548 3090 ἐ’-ὀ.
2583 3035 2740 3094 Nihil
2773 3053 2911 3108 ergo
2947 3038 3239 3107 privatum
3266 3043 3358 3091 est
3378 3042 3436 3092 et
3465 3035 3798 3107 peculiare,

533 3131 720 3186 quam.
754 3116 833 3170 Ea:
862 3114 1050 3170 eadem
1084 3114 1224 3167 beati
1261 3116 1523 3181 (.regorii
1551 3117 1822 3168 oratione.
2129 3151 2134 3178 ε

2199 3127 2412 3182 ioniam
2465 3123 2807 3181 communia
2845 3131 2984 3180 sunt
3036 3125 3120 3179 eis
3181 3125 3404 3180 omnia.
3479 3123 3800 3193 Siquidem

441 3216 530 3270 48.
565 3215 802 3270 Sextum
823 3219 1177 3286 apponatur,
1210 3211 1370 3282 quod
1407 3213 1526 3267 Non
1551 3211 1726 3280 possit
1759 3209 1932 3266 Filius
1983 3227 2016 3265 a
2054 3273 2092 3288 Α
2132 3217 2261 3288 ipsa
2292 3217 2467 3272 etiam
2500 3217 2758 3272 essentia
2789 3213 3125 3270 communis
3175 3221 3233 3268 et
3281 3212 3528 3284 aequalis
3560 3213 3646 3268 eis
3679 3218 3798 3282 est,

368 3307 544 3374 δεῖρςο
574 3303 880 3374 quidquam
908 3306 1115 3370 facere,
1145 3303 1255 3356 nisi
1285 3302 1503 3356 Patrem
1533 3302 1828 3368 facientem
1857 3301 1969 3354 vide

2202 3323 2478 3379 umquam
2531 3306 2710 3361 Filius
2757 3304 2814 3360 id
2869 3321 2904 3361 θ,
2949 3306 3117 3360 Patre
3162 3273 3399 3360 habeat.
3447 3301 3613 3359 Unde
3645 3273 3803 3358 illud

369 3396 446 3450 rit
479 3395 542 3430 ¹²ο
568 3393 688 3448 Hoc
720 3409 854 3447 vero
878 3392 960 3446 ita
995 3409 1057 3447 se
1086 3391 1285 3446 habet.
1321 3393 1499 3446 Posse
1531 3391 1619 3446 v-sl
1680 3407 1799 3446 non
1853 3405 2026 3463 posse
2135 3413 2371 3470 quoque
2405 3395 2656 3462 dicitur;
2706 3395 2813 3464 Ego
2856 3395 2982 3450 vivo
3037 3400 3268 3464 prapter
3313 3395 3534 3449 Patrem
3569 3391 3642 3458 τι,
3675 3408 3803 3448 non

261 3488 266 3491 ’
367 3495 751 3552 nequaquam
779 3497 986 3536 eorum
1017 3485 1128 3548 est,
1163 3496 1294 3551 quae
1325 3495 1442 3534 11Πο
1477 3479 1788 3537 m0d0.Sed
1819 3495 2025 3536 eorum
2135 3487 2293 3558 quod
2327 3487 2465 3542 inde
2497 3487 2572 3540 sit
2600 3485 2688 3540 illi
2731 3485 2860 3539 vita:
2910 3492 2970 3538 et
3018 3483 3292 3539 essentize
3350 3482 3536 3554 origo,
3597 3481 3804 3552 qualis

371 3587 503 3646 quae
552 3569 828 3644 pluribus
882 3571 1227 3625 ell'erunlur-
1291 3569 1534 3640 Aliquid
1591 3570 1752 3626 enim
1809 3569 2029 3626 dicitur
2134 3576 2446 3632 hominum
2479 3591 2609 3630 esse
2641 3573 2837 3630 solet:
2875 3572 2977 3628 sed
3027 3573 3168 3643 quia
3215 3571 3353 3628 inde
3403 3573 3554 3627 citra
3601 3571 3802 3627 ullum

376 3661 505 3717 ﬁeri
529 3677 650 3717 non
681 3677 872 3732 posse,
907 3661 1124 3732 partim
1183 3659 1425 3732 quidem
1465 3658 1553 3716 vel
1598 3661 1876 3731 potentia:
1923 3659 2027 3716 de-
2134 3671 2369 3739 tempus
2393 3672 2450 3721 et
2481 3680 2722 3720 causam
2755 3661 3058 3719 subsistat.

372 3752 554 3808 fectu.
587 3750 676 3806 vei
725 3751 955 3807 ratione
1001 3751 1307 3823 temporis,
1359 3750 1448 3805 vel
1509 3750 1796 3806 relative:
1856 3757 1923 3805 ut
1978 3751 2027 3806 si
2205 3758 2498 3812 (Σίνιδι-ωτι
2533 3756 2766 3810 Patrem
2799 3749 3303 3824 quemadmodum
3361 3749 3517 3806 videt
3564 3750 3806 3808 facien-

375 3856 632 3914 puerum
684 3848 934 3907 certare,
957 3847 1060 3896 aut
1117 3842 1379 3896 catulum
1430 3840 1650 3903 videre,
1710 3847 1814 3896 aut
1869 3840 2029 3896 hunc
2133 3853 2278 3914 tem,
2303 3845 2385 3902 ita
2416 3850 2472 3900 et
2503 3843 2740 3899 demum
2775 3842 2918 3897 facit
2974 3846 3060 3896 An
3094 3857 3230 3896 vero
3259 3847 3323 3896 ut
3353 3841 3456 3912 qui
3487 3841 3712 3898 formas
3741 3849 3809 3898 et

376 3930 549 3985 illum
607 3946 945 4002 expugnare
1006 3948 1178 4002 posse
1233 3945 1434 4002 neges.
1494 3929 1784 3986 Fortassis
1868 3929 2027 3986 enim
2132 3935 2364 3990 litteras
2395 3933 2738 4005 depingunt.
2768 3933 2906 4003 quia
2937 3947 3058 3988 non
3109 3929 3298 3986 sit‘ad
3341 3930 3425 3986 rei
3486 3931 3807 3988 veritatem

376 4019 630 4076 certabit
687 4019 1012 4090 aliquando
1073 4036 1238 4090 puer,
1289 4025 1352 4074 et
1425 4018 1643 4074 Videbit
1722 4019 1906 4082 canis.
1973 4025 2032 4083 ει
2134 4023 2615 4096 consequendam
2651 4023 2766 4078 alia
2797 4022 3035 4088 via,nisi
3069 4020 3273 4077 oculos
3295 4020 3368 4076 ad
3411 4019 3719 4092 exemplar
3745 4029 3812 4078 et

377 4111 476 4166 hic
509 4110 677 4165 illum
736 4109 1122 4182 eXpugnabit,
1160 4109 1492 4182 quamlibet
1515 4111 1655 4165 olim
1688 4109 2029 4182 quempiam
2134 4115 2524 4187 archetypum
2539 4111 2790 4169 subinde
2824 4111 3138 4167 intendant
3167 4127 3530 4182 manumque
3561 4111 3636 4166 ad
3670 4113 3812 4184 ejus

377 4216 718 4274 espngnare
765 4205 1070 4272 nequeat;
1128 4202 1344 4272 partim
1377 4206 1575 4258 autem
1631 4200 1874 4274 [dicitur
1927 4201 2033 4258 ali-
2133 4205 2530 4261 imitationem
2565 4201 2997 4276 dirigant?Qui
3021 4217 3157 4257 vero
3191 4200 3318 4255 ﬁeri
3339 4204 3556 4272 potest,
3605 4208 3678 4256 ut
3707 4218 3812 4258 sa-

383 4291 551 4364 quid]
576 4297 640 4346 ut
668 4289 1106 4368 plurimum,ut
1162 4307 1272 4346 non
1323 4297 1502 4362 potest
1559 4292 1752 4347 civitas
1809 4291 2034 4348 abscon-
2133 4294 2364 4369 pientia
2394 4293 2634 4350 doctore
2665 4289 3228 4366 indigeat?nihilne
3254 4289 3488 4350 factura
3516 4295 3629 4357 est,
3683 4291 3812 4348 nisi

383 4380 444 4436 di
465 4397 635 4452 supra
689 4387 928 4437 montem
976 4381 1166 4452 posita
1193 4379 1256 4438 ³³.
1307 4380 1598 4436 Fortassis
1654 4381 1814 4438 enim
1866 4397 2027 4452 quae-
2135 4381 2808 4449 doceatur?Quomodo
2851 4389 3051 4438 autem
3084 4381 3256 4440 Pater
3306 4379 3447 4453 agit,
3479 4385 3582 4436 aut
3620 4381 3815 4454 egit?

381 4469 542 4543 piam
589 4468 870 4526 abscondi
921 4475 1114 4542 potest
1158 4470 1404 4540 majoris
1455 4469 1711 4542 alicujus
1763 4470 2031 4543 corporis
2135 4474 2412 4531 Aliumne
2434 4477 2611 4529 antea
2641 4471 2906 4527 condidit
2937 4469 3225 4527 mundum
3253 4469 3384 4526 loco
3429 4471 3752 4542 prmsentis
3781 4471 3814 4526 τ

382 4558 618 4632 ohjectu
647 4575 660 4614 :
691 4559 906 4633 partim
940 4559 1288 4630 etiam.quia
1312 4560 1524 4616 rationi
1558 4566 2030 4617 consentaneum
2137 4561 2467 4637 quamlibet
2496 4561 2761 4617 futurum
2796 4559 3219 4616 constituerit?
3246 4574 3438 4631 eoque
3467 4559 3812 4632 respiciens

383 4666 504 4706 non
565 4649 662 4719 sit,
721 4654 830 4705 ut:
895 4651 1013 4705 Non
1065 4656 1296 4720 possunt
1351 4649 1460 4718 ﬁlii
1511 4650 1700 4721 sponsi
1743 4651 2024 4722 jejunare.
2061 4652 2106 4718 D
2140 4652 2321 4708 Filius
2355 4651 2607 4706 alterum
2664 4649 2903 4722 quidem
2943 4649 3271 4716 constituit,
3310 4648 3561 4704 alterum
3595 4655 3811 4708 autem

385 4743 638 4812 quandiu
691 4755 920 4812 sponsus
971 4739 1209 4803 adest“,
1271 4739 1392 4795 sive
1468 4739 1770 4812 corporeis
1845 4739 2034 4796 oculis
2143 4740 2729 4799 conslituturusest‘?
2753 4743 3168 4809 Auatuorergo
3198 4738 3406 4795 mundi
3435 4740 3812 4798 hacratione

383 4829 655 4885 videatur
684 4831 816 4898 (nec
865 4829 1024 4885 enim
1075 4829 1572 4900 peregrinationis
1617 4845 1746 4898 ejus
1797 4835 2034 4902 tempus
2143 4832 2451 4889 constituti
2481 4831 2985 4902 fuerintquorum
3018 4830 3168 4886 alios
3203 4831 3394 4896 Pater,
3427 4829 3575 4886 alios
3615 4829 3815 4886 Filius

383 4922 656 4976 maeroris
688 4919 946 4990 erat,sed
980 4919 1244 4982 laetitiie).
1271 4921 1392 4975 sive
1451 4928 1746 4992 quatenus
1777 4921 2034 4976 Verbum
2143 4922 2370 4978 fecerit.
2403 4923 2448 4978 Ο
2479 4920 2768 4994 ineptias!
2803 4919 2967 4986 Quod
2999 4936 3136 4990 ergo
3167 4933 3202 4974 a
3235 4919 3399 4990 lepra
3428 4928 3488 4975 et
3530 4919 3816 4976 demoni-

385 5017 475 5064 est
507 5009 724 5066 mentis
755 5009 944 5066 oculis
976 5009 1392 5066 consideretur
1417 5008 1566 5075 Quid
1587 5010 1742 5066 enim
1767 5009 2036 5082 estquod
2144 5011 2255 5068 bus
2324 5018 2557 5084 purgat,
2607 5010 2848 5066 morbos
2903 5014 3090 5065 curat.
3141 5014 3408 5064 mortuos
3459 5011 3818 5082 exsuscitat,

383 5097 424 5152 ii
458 5099 1024 5172 corporejejunent,
1057 5099 1274 5171 quibus
1305 5099 1539 5156 animus
1575 5099 1762 5156 Verbo
1821 5117 2038 5173 expur-
2147 5117 2327 5174 super
2363 5117 2528 5158 mare
2578 5100 2864 5160 ambulat.
2924 5106 3258 5170 caateraque
3302 5097 3416 5154 alia
3462 5099 3625 5169 iacit,
3678 5118 3820 5174 quas

385 5185 599 5260 gatur?
620 5203 713 5259 pax
729 5189 836 5245 tim
903 5205 1142 5260 quoque
1175 5187 1316 5260 quia
1345 5187 1402 5244 id
1437 5190 1687 5251 nolit,ut
1721 5206 1837 5245 non
1863 5206 2036 5263 posse
2148 5190 2390 5263 quidem
2422 5191 2581 5252 fecit,
2615 5206 2875 5262 quanam
2909 5189 2968 5244 in
3021 5205 3083 5244 re
3125 5193 3227 5244 aut
3276 5187 3516 5260 quando
3573 5189 3822 5250 Patrem

385 5277 508 5334 illic
549 5279 715 5352 signa
749 5279 963 5345 facere,
989 5286 1233 5353 propter
1279 5279 1698 5352 accipientium
1758 5279 2038 5337 incredu-
2147 5281 2350 5336 omnia
2372 5281 2540 5352 prius
2569 5281 2892 5338 facientem
2924 5277 3192 5334 imitatus
3225 5282 3314 5332 est
3345 5278 3374 5332 ‘I
3403 5282 3490 5334 An
3534 5279 3828 5338 videlicet

386 5366 633 5425 litatem.
693 5368 842 5435 Quia
911 5370 1068 5426 enim
1127 5371 1201 5426 ad
1277 5370 1622 5426 morborum
1699 5372 2040 5428 curationes
2149 5371 2323 5426 Pater
2351 5386 2552 5426 rerum
2588 5369 2931 5442 hujusmodi
2965 5367 3252 5425 formulas
3276 5369 3825 5440 prmscn-ipsit,Ver-

385 5464 708 5530 utrumque
757 5459 1160 5518 necessarium
1197 5466 1342 5529 erat,
1378 5467 1436 5517 et
1478 5461 1624 5517 fides
1672 5478 1880 5518 eorum
1937 5462 2037 5534 qui
2150 5460 2293 5518 bum
2325 5466 2522 5518 autem
2559 5477 2678 5518 non
2709 5460 3000 5518 serviliter
3028 5457 3447 5530 autimperite,
3483 5457 3586 5515 sed
3619 5461 3821 5532 perite

456 5584 478 5620 ³
511 5585 682 5660 Hebr.
710 5602 822 5653 ΣΝ,
861 5588 1036 5642 1416.
1119 5583 1164 5660 ἓξ)
1191 5585 1376 5660 [ηοξ.
1408 5604 1500 5653 xv,
1531 5587 1618 5640 28.
1699 5590 1739 5625 ιι
1776 5586 1998 5660 Cpioss.
2035 5606 2049 5643 ι

2226 5630 2240 5646 .
2319 5586 2366 5660 ξ²
2401 5589 2567 5646 Joan.
2601 5605 2654 5660 γ,
2690 5590 2776 5644 19.
2856 5587 2902 5624 ¹³
2931 5587 3088 5644 Matt.
3118 5601 3174 5660 γ,
3213 5586 3297 5640 14.
3377 5584 3424 5621 ³⁵
3465 5585 3672 5660 Matth.
3733 5605 3820 5659 ix,

552 5645 1010 5797 iiilggllll..:ll’l,5;:
1113 5655 1158 5690 1³
1189 5645 1526 5724 Matth.xu,
1561 5661 1646 5714 34.
1729 5659 1943 5716 “Joan
1998 5645 2242 5733 111,135.
2321 5657 2366 5696 ¹³
2412 5645 2794 5732 νΜὲιιιιιίκιχ,
2855 5661 3032 5716 24-26.
3109 5645 3275 5715 Joan.
3336 5674 3451 5730 xw,
3513 5659 3621 5729 15;
3673 5645 3820 5736 xwi;
