4054 6372
373 417 522 480 1437

1708 410 2111 479 TIIESAURI
2139 413 2289 476 LIB.
2336 414 2409 475 ν.

3635 419 3790 480 1438

365 557 423 608 et
455 549 793 623 imperioso,
828 550 916 606 vel
946 558 1011 608 ut
1051 552 1234 622 magis
1258 552 1493 625 proprie
1515 550 1745 623 loquar,
1770 554 2017 622 paterae
2052 551 2104 617 Α
2133 549 2246 604 hoc
2272 546 2522 605 credat?
2551 552 2882 619 prmsertim
2915 567 3047 607 cum
3078 551 3290 608 horum
3315 568 3550 624 quoque
3580 551 3792 608 verbo-

366 641 595 715 perﬁcit
618 642 646 696 ‘?
674 643 753 697 Eo
785 644 946 698 enim
979 659 1156 698 sensu
1188 643 1382 698 locum
1417 642 1586 697 illum
1630 640 1876 712 accipio,
1909 656 2025 711 quo

371 752 503 807 quae
534 753 569 791 a
606 736 778 791 Patre
817 736 985 805 fiunt,
1019 753 1089 792 ea
1119 736 1394 792 similiter
1419 754 1453 793 a
1480 736 1626 792 Filie
1650 735 1779 791 ﬁeri
1813 734 2028 790 dicun-

372 829 490 887 tur,
551 826 633 881 ita
690 832 755 881 ut
813 844 934 882 non
991 844 1197 883 eorum
1258 845 1389 899 quin
1462 826 1616 882 ﬁunt
1672 824 2024 892 similitudo,

374 913 477 969 sed
510 914 716 970 eadem
751 922 1011 987 potestas
1062 922 1121 971 et
1166 917 1420 988 dignitas
1467 915 1847 987 signiﬁcetur.
1901 917 2024 978 Quo

374 1019 557 1059 sensu
587 1005 767 1059 etiam
798 1012 856 1060 et
885 1006 995 1060 hoc
1027 1005 1442 1078 accipiendum
1467 1010 1573 1073 est,
1608 1004 1681 1060 ad
1702 1004 1813 1059 hoc
1834 1019 2026 1074 usque

368 1096 603 1164 tempus
627 1098 686 1148 et
718 1092 949 1148 Patrem
983 1099 1041 1148 et
1063 1093 1277 1149 Filium
1310 1094 1542 1165 Operari
1572 1111 1585 1149 :
1616 1110 1726 1149 nec
1766 1093 1878 1147 hoc
1928 1108 2027 1147 so-

368 1181 517 1249 lum,
543 1181 646 1237 sed
671 1199 877 1239 eorum
905 1182 1083 1239 etiam
1108 1200 1237 1254 quae
1262 1183 1531 1239 fecerunt
1556 1183 2024 1238 moderationem

369 1276 429 1324 et
457 1272 993 1337 conservationem,
1027 1277 1092 1327 ut
1123 1272 1315 1328 verbis
1348 1273 1468 1327 illis
1515 1272 1815 1329 indicatur
1852 1288 1864 1327 :
1912 1272 2024 1326 Fa-

370 1375 489 1415 cere
517 1359 741 1431 angelos
769 1377 893 1417 suos
921 1363 1150 1432 spiritus
1181 1362 1249 1416 '2.
1306 1364 1474 1432 Item,
1531 1364 1772 1432 fundare
1819 1368 2025 1417 terram

369 1466 534 1522 super
556 1452 915 1507 stabilitatem
944 1454 1062 1524 ejus
1091 1451 1161 1522 ’3,
1191 1470 1323 1508 cum
1371 1453 1554 1508 semel
1604 1458 1664 1508 et
1708 1453 1837 1507 haec
1886 1452 2024 1507 fun-

365 1540 524 1604 data,
562 1547 619 1596 et
648 1539 734 1595 illi
766 1541 906 1597 facti
940 1541 1080 1597 sint.
1114 1543 1263 1597 Item
1292 1558 1307 1596 :
1349 1542 1606 1597 Formari
1650 1544 1940 1610 tonitrum,
1972 1548 2025 1597 et

366 1630 547 1685 creari
569 1630 841 1700 Spiritum
862 1630 912 1664 ³⁴
936 1651 951 1697 ;
986 1648 1240 1703 quorum
1263 1632 1414 1688 ratio
1436 1648 1570 1687 cum
1587 1631 1772 1688 semel
1790 1632 2026 1687 exstite-

362 1718 463 1787 rit,
496 1719 782 1776 continua
813 1726 1013 1777 tamen
1042 1721 1369 1777 etiamnum
1401 1722 1668 1793 operatio
1702 1728 1922 1777 manet.

1010 1828 1164 1882 CAP.
1207 1829 1365 1883 LXV.

360 1918 425 1970 In
459 1916 644 1971 Illud:
679 1938 707 1965 ‹‹
751 1917 1016 1988 Descendi
1044 1933 1072 1972 e
1110 1918 1262 1983 caelo,
1314 1935 1423 1973 non
1480 1925 1542 1972 ut
1567 1921 1775 1988 faciam
1824 1921 2020 1975 colun-
2052 1913 2099 1978 Β

432 1996 601 2114 εῖῖιειη
632 2005 805 2043 meam
837 1987 901 2045 ³η.
936 2010 964 2038 ››
998 1990 1081 2044 Ex
1120 1990 1309 2045 eadem
1354 1994 1532 2045 sancti
1588 1994 1840 2062 Gregorii
1890 2008 2021 2047 ora-

432 2065 449 2113 t
477 2077 598 2114 one.

430 2065 598 2115 tlone.

424 2150 513 2203 49.
544 2149 873 2221 Septimum
902 2156 1275 2223 pr0ponatur
1301 2168 1313 2206 :
1340 2152 1722 2207 Descendisse
1747 2152 1820 2208 de
1869 2152 2017 2208 coelo

356 2238 573 2294 Filium
598 2256 719 2294 non
750 2244 816 2294 ut
845 2240 1211 2296 voluntatem
1234 2258 1402 2297 suam
1424 2241 1626 2309 faciat,
1649 2259 1853 2297 verum
1886 2242 2015 2313 ejus

362 2344 396 2383 a
426 2345 543 2399 quo
580 2330 796 2385 missus
830 2335 937 2385 est.
973 2332 1142 2386 Certe
1175 2333 1290 2387 nisi
1325 2332 1451 2388 haec
1503 2333 1913 2404 proferrentur
1941 2334 2013 2388 ab

359 2434 428 2474 eo
460 2420 561 2490 qui
586 2418 914 2487 descendit,
939 2421 1137 2477 dicere
1158 2439 1470 2493 possemus
1493 2440 1832 2480 sermonem
1856 2424 2015 2481 hunc

356 2507 601 2564 formari
637 2514 921 2579 tanquam
955 2510 1027 2565 ab
1061 2510 1328 2569 homine.
1363 2528 1484 2567 non
1518 2529 1585 2567 eo
1617 2513 1716 2583 qui
1742 2513 2015 2569 Servator

353 2596 744 2670 intelligatur,
785 2600 957 2671 cujus
989 2598 1261 2655 voluntas
1310 2602 1428 2656 Deo
1485 2604 1834 2673 neutiquam
1866 2621 2010 2659 con-

350 2687 538 2743 traria
568 2689 665 2757 sit,
698 2689 915 2761 quippe
947 2706 1078 2760 quae
1110 2696 1232 2745 tota
1261 2689 1458 2747 divina
1486 2693 1759 2753 evaserit.
1804 2693 1907 2749 sed
1940 2709 2008 2748 eo

352 2777 454 2848 qui
486 2777 658 2832 nobis
692 2778 905 2833 similis
936 2780 1050 2846 sit;
1085 2781 1302 2852 quippe
1330 2798 1463 2837 cum
1518 2784 1767 2838 humana
1797 2782 2003 2839 volun-

354 2872 447 2920 tas
474 2883 593 2921 non
626 2866 873 2922 omnino
906 2869 1023 2922 Deo
1052 2868 1400 2931 subserviat.
1429 2870 1532 2925 sed
1555 2887 1819 2943 persaepe
1841 2889 2009 2942 repu-

349 2959 508 3027 gnet,
568 2960 744 3026 atque
803 2956 863 3010 in
922 2959 1286 3013 contrarium
1346 2960 1590 3015 nitatur.
1648 2961 1767 3015 Hoc
1846 2962 2006 3017 enim

351 3060 529 3099 sensu
560 3043 758 3100 locum
792 3045 962 3101 illum
1012 3048 1351 3119 accepimus
1386 3065 1399 3103 :
1448 3051 1630 3114 Pater,
1664 3053 1712 3106 si
1750 3053 1873 3121 ﬁeri
1895 3067 2005 3122 po-

348 3139 472 3201 test,
507 3140 754 3188 transeat
775 3152 805 3188 a
838 3151 924 3191 me
953 3136 1108 3191 calix
1137 3141 1278 3202 iste;
1309 3147 1682 3195 verumtamen
1712 3156 1823 3195 non
1857 3140 2007 3212 quod

349 3240 450 3293 ego
477 3224 620 3290 volo,
653 3225 754 3279 sed
790 3231 883 3279 tua
915 3226 1174 3283 voluntas
1214 3229 1529 3299 praedicat
1558 3229 1623 3287 ²⁶.
1672 3231 1790 3287 Nec
1843 3232 2001 3287 enim

349 3291 817 3367 consentaneum
854 3318 963 3379 est,
996 3318 1063 3368 ut
1091 3291 1379 3385 ignorarit
1402 3319 1504 3373 ille
1531 3336 1605 3374 an
1640 3319 1695 3373 id
1723 3321 1850 3375 ﬁeri
1879 3339 2006 3392 pos-
2036 3291 2081 3356 (δ

351 3407 441 3457 sat
470 3416 681 3466 necne,
723 3415 834 3455 nec
883 3399 1247 3457 voluntatem
1296 3405 1582 3460 voluntati
1634 3411 2002 3479 opposuerit.

343 3491 491 3557 Quia
522 3506 657 3546 vero
689 3505 759 3545 ea
788 3489 967 3544 verba
999 3494 1129 3561 ejus
1162 3495 1322 3559 sunt,
1356 3492 1458 3562 qui
1489 3508 1731 3549 carnem
1769 3512 2007 3552 assum-

346 3583 486 3652 psit,
520 3580 678 3652 quod
710 3579 870 3634 enim
902 3579 1213 3635 descendit
1241 3597 1377 3637 caro
1407 3590 1714 3654 assumpta
1737 3600 1856 3640 non
1883 3591 2001 3641 est:

347 3670 431 3726 ita
461 3670 776 3741 quaestioni
810 3686 1197 3726 occuaremus
1227 3672 1339 3726 hoc
1372 3672 1822 3744 intelligendum
1848 3690 2001 3741 esse,

352 3775 474 3815 non
507 3764 789 3831 tanquam
820 3760 1063 3832 propria
1090 3760 1238 3817 Filio
1269 3761 1541 3817 voluntas
1572 3764 1807 3835 aliaque
1838 3781 1871 3821 a
1893 3766 2004 3821 Pa-

349 3849 459 3903 tris
488 3849 792 3905 voluntate
823 3849 920 3919 sit,
945 3849 1049 3905 sed
1068 3856 1350 3923 tanquam
1373 3869 1495 3907 non
1523 3852 1694 3911 situt
1716 3853 1839 3910 hinc
1860 3854 2002 3910 inde

345 3946 833 4010 consequantur:
867 3941 993 3995 Non
1021 3946 1087 3996 ut
1115 3941 1329 3999 faciam
1386 3942 1750 4000 voluntatem
1783 3961 2000 4008 meam,

343 4044 477 4084 mea
508 4030 667 4086 enim
701 4047 729 4085 a
762 4036 866 4086 tua
895 4031 1169 4102 sejuncta
1199 4049 1319 4089 non
1351 4040 1442 4088 est
1473 4051 1486 4097 ;
1542 4034 1647 4089 sed
1687 4051 1817 4090 eam
1871 4051 2002 4106 qua!

344 4117 450 4173 tibi
482 4124 541 4173 et
571 4119 716 4174 mihi
750 4121 1088 4176 communis
1120 4128 1232 4190 est,
1266 4138 1519 4193 quorum
1554 4129 1618 4178 ut
1647 4141 1769 4181 una
1800 4131 1887 4180 est
1919 4125 2004 4180 di-

343 4208 578 4272 vinitas,
612 4209 696 4264 ita
726 4215 785 4263 et
812 4208 1105 4265 voluntas.

418 4299 720 4371 Siquidem
754 4300 1034 4373 pleraque
1075 4303 1475 4360 communiter
1516 4304 1630 4361 hoc
1686 4312 1857 4379 pacto
1906 4307 2000 4363 die

344 4395 583 4458 cuntur,
626 4406 748 4447 non
806 4390 1181 4452 afﬁrmative.
1231 4398 1294 4449 at
1349 4394 1642 4465 negative,
1694 4401 1759 4452 ut
1811 4395 1997 4453 illud:

342 4481 465 4536 Non
495 4482 639 4536 enim
669 4481 745 4536 ad
774 4498 1090 4537 mensuram
1127 4483 1268 4539 Deus
1306 4483 1582 4554 Spiritum
1627 4486 1727 4541 dat
1777 4484 1843 4553 ³⁷,
1889 4501 1998 4542 nec

341 4571 501 4626 enim
534 4570 654 4640 dat,
689 4587 799 4627 nec
830 4570 904 4627 ad
928 4588 1287 4628 mensuram.
1313 4572 1459 4628 Nam
1492 4572 1676 4630 Deum
1698 4576 1854 4631 Deus
1874 4592 1994 4631 non

2134 655 2638 694 rum‘sermonein
2673 641 2771 711 qui
2832 640 3090 700 auditur.
3141 658 3259 698 non
3309 659 3436 698 esse
3478 642 3634 703 Fllii.
3684 641 3790 697 sed

2134 727 2349 791 Patris,
2372 727 2527 783 idem
2556 729 2633 784 sit
2652 745 2881 786 sensus.
2908 731 3015 795 Qui
3040 730 3141 785 fiat
3164 733 3416 800 enim,ut
3441 732 3598 803 quod
3626 748 3787 787 com-

2136 832 2316 871 mune
2349 824 2456 880 est,
2491 817 2667 874 ullius
2699 819 2953 876 soliusve
2994 822 3291 891 peculiare
3345 822 3439 876 sit.
3492 823 3611 877 Hoc
3659 821 3787 894 ple-

2135 921 2386 976 rumque
2419 906 2808 963 considerans
2837 909 3172 981 intelligeie
3201 926 3321 965 non
3377 927 3642 981 possum,
3673 926 3783 964 nec

2135 993 2310 1062 alius,
2345 1012 2478 1050 mea
2509 997 2746 1066 quidem
2770 999 3088 1067 sententia,
3129 998 3463 1070 intelligere
3494 1007 3690 1069 queat.
3726 999 3785 1054 Si

2133 1083 2244 1143 hoc
2276 1101 2453 1139 sensu
2482 1086 2846 1141 voluntatem
2879 1088 3199 1159 intelligas,
3221 1094 3379 1142 recte
3426 1088 3783 1143 admodum-

2134 1189 2247 1246 que
2281 1175 2376 1246 pie
2410 1176 2739 1248 intelliges:
2774 1182 2950 1249 prout
2979 1194 3130 1249 mea,
3165 1183 3223 1232 et
3255 1176 3547 1249 cujusque
3581 1178 3787 1233 ortho-

2068 1264 2084 1281 ⁴
2133 1262 2291 1331 doxi,
2326 1265 2621 1321 sententia
2650 1264 2782 1321 fert.

2759 1393 2917 1447 CAP.
2964 1392 3147 1448 LXVI.

2131 1515 2217 1569 Dx
2242 1516 2428 1571 eadem
2459 1516 2606 1570 bcati
2637 1517 2972 1573 Nazianzcni
2999 1521 3265 1587 oratione,
3318 1520 3378 1573 in
3426 1518 3609 1575 illud:
3643 1541 3669 1569 ‹‹
3713 1519 3783 1575 Ut

2398 1597 2723 1657 cognoscant
2756 1596 2809 1644 te
2834 1592 3007 1646 solum
3036 1607 3223 1646 verum
3261 1592 3444 1646 Deum.
3480 1613 3508 1641 ››

2203 1697 2290 1750 50.
2324 1696 2601 1751 Octavum
2636 1697 2746 1751 hoc
2776 1696 2896 1752 illis
2928 1703 3017 1753 est
3056 1715 3069 1752 :
3108 1700 3172 1754 Ut
3218 1704 3546 1768 cognoscant
3599 1705 3651 1753 te
3696 1714 3781 1754 so-

2134 1784 2246 1840 lum
2272 1802 2458 1841 rerum
2489 1788 2674 1851 Deum,
2704 1794 2754 1842 et
2791 1803 2951 1857 quem
2986 1791 3185 1843 misisti
3203 1791 3382 1844 Jesum
3409 1789 3687 1844 Christum
3718 1789 3784 1855 ",

2133 1880 2190 1930 et
2220 1876 2350 1943 hoc,
2385 1878 2548 1933 Nemo
2589 1877 2760 1932 bonus
2811 1877 2923 1933 nisi
2968 1894 3109 1935 unus
3154 1879 3290 1936 Dcus
3320 1879 3384 1935 2°.
3420 1880 3605 1949 Hujus
3636 1896 3789 1951 quo-

2130 1983 2244 2036 que
2277 1967 2541 2039 scrupuli
2573 1967 2859 2023 facillima
2890 1969 3035 2023 mihi
3070 1970 3287 2024 solutio
3339 1969 3589 2025 videtur.
3638 1971 3786 2025 Nam

2129 2055 2178 2109 si
2210 2055 2400 2109 solum
2435 2071 2636 2109 verum
2663 2055 2732 2110 de
2766 2057 2935 2111 Patre
2962 2056 3783 2129 intelligas,ubinam,quazso.

2128 2146 2446 2203 Veritatem
2473 2146 2658 2219 ipsam
2682 2148 3043 2203 collocabis?
3060 2150 3202 2203 Nam
3222 2150 3268 2203 si
3291 2149 3399 2204 hoc
3414 2165 3593 2205 sensu
3607 2149 3783 2205 verba

2125 2234 2251 2291 haec
2277 2254 2289 2291 :
2315 2236 2432 2292 Soli
2463 2239 2707 2307 sapienti
2741 2239 2845 2293 Deo
2876 2233 2943 2305 ³ο,
2969 2238 3088 2294 Soli
3115 2238 3422 2294 immortali
3444 2240 3512 2308 3',
3537 2246 3587 2293 et
3612 2238 3784 2293 lucem

2124 2326 2456 2381 inacressam
2486 2325 2773 2383 habitanti
2792 2324 2859 2394 3',
2883 2333 2984 2382 aut
3007 2327 3144 2397 Regi
3170 2328 3494 2383 szecutorum
3530 2331 3609 2381 im
3622 2343 3784 2381 orru-

2119 2418 2337 2486 ptibili,
2388 2416 2683 2484 invisibili,
2734 2418 2840 2473 soli
2887 2418 3139 2489 sapienti
3204 2420 3309 2473 Deo
3356 2419 3402 2453 ³⁸
3458 2418 3782 2490 intelligas.

2124 2504 2304 2560 Filius
2336 2506 2435 2577 qui
2468 2512 2661 2561 mmte
2695 2507 2980 2562 multatus
3027 2512 3117 2562 est
3163 2507 3267 2562 tibi
3311 2508 3535 2575 efﬂuet,
3587 2509 3671 2563 ita
3719 2512 3784 2562 ut

2120 2593 2215 2649 vel
2245 2594 2433 2668 caligo
2468 2596 2565 2662 sit,
2597 2595 2685 2651 vel
2716 2612 2834 2651 non
2868 2597 3131 2668 sapiens,
3166 2613 3359 2668 neque
3391 2599 3531 2657 Rex.
3584 2612 3781 2668 neque

2122 2684 2459 2751 invisibilis,
2492 2702 2686 2757 neque
2717 2687 2962 2741 omnino
3002 2687 3176 2754 Deus,
3233 2687 3393 2758 quod
3442 2687 3776 2742 antedicto-

2119 2790 2251 2829 rum
2284 2782 2462 2846 caput
2491 2781 2582 2830 est
2633 2761 2909 2840 Quivero
2952 2777 3068 2845 fiet,
3103 2783 3169 2831 ut
3215 2793 3347 2833 cum
3384 2777 3617 2833 caeteris
3666 2779 3773 2832 ho-

2118 2863 2365 2919 nitatem
2401 2882 2639 2936 quoque
2675 2867 2929 2922 maxime
2972 2868 3081 2921 so'i
3134 2868 3252 2922 Deo
3299 2868 3599 2938 prOpriam
3652 2882 3774 2922 non

2116 2955 2396 3010 amittat?
2422 2956 2943 3012 Verumenimvero
2966 2957 3142 3012 verba
3167 2956 3283 3023 illa,
3339 2958 3407 3012 Ut
3444 2963 3775 3025 cognoscant

2116 3049 2165 3099 te
2197 3044 2370 3100 solum
2411 3062 2602 3101 verum
2651 3047 2840 3115 Deum,
2892 3046 2975 3102 sic
3026 3047 3183 3103 dicta
3238 3046 3533 3113 existimo,
3586 3052 3651 3102 ut
3698 3046 3772 3101 ad

2118 3154 2320 3193 eorum
2346 3139 2447 3209 qui
2479 3137 2557 3193 dii
2592 3155 2713 3193 non
2744 3146 2883 3195 sunt
2913 3138 3245 3211 quamlibet
3282 3139 3556 3195 dicantur
3585 3138 3772 3194 inter-

2116 3227 2451 3284 necionem.
2513 3230 2827 3299 Nunquam
2889 3229 3046 3284 enim
3093 3229 3241 3285 alias
3302 3228 3651 3295 addidisset,
3712 3233 3772 3285 et

2120 3335 2278 3389 quem
2300 3320 2497 3373 misisti
2519 3320 2701 3374 Jesum
2724 3319 3024 3387 Christum,
3058 3320 3106 3374 si
3139 3319 3211 3374 ad
3243 3318 3411 3374 illum
3434 3318 3613 3374 verba
3644 3319 3769 3374 haec

2119 3407 2295 3463 solum
2322 3424 2511 3463 rerum
2558 3408 2879 3477 retulisset,
2944 3415 3004 3465 at
3046 3426 3167 3465 non
3219 3407 3292 3464 de
3341 3407 3649 3464 divinitate
3710 3409 3770 3463 in

2119 3512 2439 3551 commune
2470 3498 2704 3552 locutus
2728 3505 2903 3554 esset.
2938 3500 3231 3553 Caeterum
3279 3498 3455 3554 verba
3501 3499 3640 3554 illa:
3676 3500 3771 3554 Ne—

2117 3598 2221 3649 mo,
2248 3585 2437 3649 bonus,
2463 3585 2913 3655 occupationem
2938 3586 3269 3652 continent,
3291 3603 3408 3656 qua
3432 3586 3771 3658 legisperito

2118 3671 2355 3727 cuidam
2389 3672 2637 3728 tentanti
2673 3692 2736 3729 se
2766 3674 3035 3729 Christus
3066 3674 3347 3741 occurrit,
3371 3674 3603 3746 sibique
3635 3694 3774 3747 qua-

2118 3764 2292 3817 tenus
2324 3763 2502 3817 homo
2545 3768 2704 3818 esset
2750 3762 3077 3819 bonitatem
3136 3763 3421 3819 tribuenti
3460 3781 3473 3818 :
3528 3764 3767 3823 Summe

2115 3850 2358 3916 bonum,
2394 3852 2610 3923 inquit,
2644 3851 2831 3907 solius
2863 3852 2964 3908 Dei
2999 3853 3510 3924 est,quumvishoc
3532 3871 3769 3926 quoque

2116 3942 2362 3998 nomine
2392 3949 2710 3999 censeatur
2738 3942 2955 4003 homo:
2990 3943 3148 3998 unde
3181 3942 3360 3998 illud:
3399 3947 3576 4001 Bonus
3607 3946 3767 4003 homo

2113 4050 2185 4088 ea:
2204 4033 2341 4088 bono
2373 4032 2629 4088 thesauro
2650 4036 2868 4104 profert
2899 4034 3099 4087 bonum
3126 4032 3191 4087 3‘.
3250 4034 3392 4088 Item
3428 4050 3442 4089 :
3496 4036 3640 4090 Dabo
3681 4054 3765 4091 re-

2113 4140 2284 4194 gnum
2316 4125 2454 4179 bono
2483 4140 2649 4195 super
2674 4131 2727 4179 te
2756 4124 2822 4178 ³⁸.
2859 4122 3048 4179 Verba
3078 4123 3179 4179 Dei
3220 4130 3361 4179 sunt
3402 4124 3477 4179 ad
3526 4125 3762 4183 Saulem

2114 4215 2186 4271 de
2219 4214 2433 4270 Davide
2489 4217 2635 4269 Item
2668 4214 2854 4271 illud:
2908 4216 3167 4285 Benefac,
3214 4215 3462 4277 Domine.
3515 4219 3668 4274 bonis
3695 4219 3761 4288 ⁸⁸,

2114 4310 2173 4361 et
2203 4310 2416 4361 caetera
2445 4304 2505 4359 id
2535 4321 2724 4377 genus
2754 4321 3126 4377 quaecunque
3158 4304 3440 4361 dicuntur
3459 4306 3530 4362 de
3552 4307 3628 4362 iis
3658 4309 3761 4379 qui

2112 4395 2270 4450 inter
2299 4411 2409 4450 nos
2441 4395 2718 4451 laudibus
2748 4396 3099 4463 efferuntur,
3130 4395 3190 4451 in
3224 4412 3373 4469 quos
3411 4397 3588 4470 primi
3619 4396 3763 4454 boni

2112 4482 2392 4550 defluxio,
2420 4482 2512 4538 vel
2544 4482 2806 4540 secunda
2834 4484 3089 4544 ratione.
3123 4483 3427 4542 derivavit.
3459 4484 3663 4558 Itaque
3712 4487 3762 4541 si

2109 4572 2377 4646 persuasi
2411 4589 2639 4633 sumus.
2690 4574 2982 4646 Optimum
3034 4579 3160 4630 est:
3211 4574 3303 4630 sin
3352 4575 3564 4635 minus,
3617 4573 3761 4644 quid

339 4661 605 4716 metitur.
648 4666 791 4716 Item
821 4660 965 4715 illud
1002 4677 1015 4715 :
1068 4664 1268 4731 Neque
1300 4669 1610 4735 peccatum
1644 4681 1864 4728 meum.
1899 4682 1997 4722 ne-
2030 4663 2074 4730 D
2108 4661 2501 4735 respondebis
2533 4663 2605 4719 iis
2638 4665 2738 4735 qui
2766 4669 3115 4735 argumenta
3143 4669 3245 4718 tua
3297 4663 3504 4730 secuti,
3547 4663 3761 4720 Filium

343 4765 458 4820 que
483 4749 766 4820 iniquitas
794 4767 947 4819 mea,
980 4750 1066 4805 sic
1097 4751 1256 4807 enim
1286 4751 1756 4826 intelligendum,
1791 4771 1909 4810 non
1932 4760 1999 4811 ut

336 4837 502 4907 insit,
536 4839 640 4895 sed
666 4846 876 4896 utnon
903 4840 1063 4896 insit.
1096 4842 1242 4897 Item
1268 4857 1281 4896 :
1316 4845 1441 4898 Non
1462 4851 1707 4916 propter
1728 4844 1996 4917 justitias

337 4936 596 4996 nostras,
629 4945 775 5000 quas
805 4929 1092 4997 fecimus;
1124 4948 1233 4987 nec
1276 4932 1436 4988 enim
1488 4932 1760 4990 fecimus.
1812 4935 1994 4990 Porro

334 5018 714 5092 perspicuum
743 5018 855 5074 hoc
888 5026 978 5076 est
1025 5037 1095 5077 ex
1145 5023 1552 5094 sequentibus.
1604 5025 1783 5089 Quam
1833 5025 1993 5080 enim

336 5124 465 5165 esse
502 5108 698 5180 inquit
728 5108 1094 5166 voluntatem
1127 5111 1317 5166 Patris
1344 5114 1370 5167 ?
1411 5113 1483 5169 Ut
1503 5112 1700 5169 omnis
1732 5113 1832 5185 qui
1865 5130 1990 5170 cre.

334 5197 421 5253 dit
449 5199 511 5253 in
552 5197 761 5253 Filium
792 5206 1078 5265 servetur,
1130 5202 1547 5274 particepsque
1583 5203 1685 5258 fiat
1710 5208 1992 5259 extremm

332 5289 939 5359 resurrectionis,sive
966 5290 1479 5347 restitutionis.An
1497 5308 1633 5359 ergo
1656 5292 1783 5349 11ch
1801 5292 1992 5349 Patris

334 5385 422 5434 est
444 5377 732 5446 voluntas,
761 5380 893 5436 Filii
921 5396 1054 5436 vero
1078 5398 1199 5437 non
1221 5382 1365 5437 item
1387 5381 1415 5438 ?
1445 5389 1546 5439 aut
1568 5390 1783 5456 praeter
1803 5384 1987 5439 animi

330 5467 693 5524 voluntatem
724 5470 1118 5527 annuntiatur
1148 5475 1205 5526 et
1230 5471 1494 5527 creditur
1516 5472 1545 5527 εἰ
1602 5474 1743 5539 Quis
1788 5480 1989 5530 autem

398 5595 551 5673 Psal.
590 5599 788 5673 ειη-.-4.
940 5600 985 5636 ²³
1016 5600 1161 5656 Ibid.
1197 5603 1249 5657 5.
1342 5672 1349 5673 ί
1399 5600 1446 5637 ²⁴
1474 5601 1620 5657 Ibid.
1658 5606 1744 5673 25,
1778 5604 1867 5659 30.

325 5685 409 5737 ιιι,
441 5670 530 5744 34.
625 5667 731 5744 di“
755 5674 926 5744 loan.
958 5689 1099 5743 xvn,
1133 5674 1186 5728 3.
1335 5672 1382 5708 ⁹⁹
1410 5674 1546 5730 Luc.
1582 5667 1743 5744 xviii,
1797 5675 1883 5731 19.

322 5742 528 5820 vi,__tb._
586 5738 717 5820 331
745 5742 892 5800 Tim.
927 5760 963 5799 ι.
1001 5738 1095 5803 17.
1189 5744 1235 5783 ³4
1267 5745 1467 5804 Matth.
1495 5756 1600 5820 xit,
1633 5749 1721 5803 35.

325 5812 372 5855 ⁸³
401 5811 552 5877 Ibid.
582 5813 671 5872 38.

2019 5602 2071 5638 ³⁵
2118 5604 2285 5661 Joan.
2336 5620 2411 5674 vi,
2463 5605 2549 5666 38.

2035 5676 2083 5712 ³ο
2125 5678 2292 5733 Rom.
2344 5692 2458 5745 xvx,
2510 5676 2600 5731 27.

1825 5747 1924 5805 ³⁵1
1978 5748 2117 5822 Reg.
2164 5766 2257 5820 xv,
2289 5750 2379 5804 28.

2109 4752 2303 4809 solum
2354 4754 2537 4809 Deum
2583 4752 2808 4808 dictum
2859 4769 2988 4807 esse
3039 4753 3353 4808 astruent?
3400 4752 3759 4822 quibusnam

2106 4840 2301 4897 verbis
2323 4841 2351 4896 ‘l
2383 4842 2482 4897 His
2508 4859 2521 4896 :
2560 4844 2663 4897 llic
2692 4847 2771 4896 est
2801 4843 2944 4898 Deus
2966 4848 3170 4911 noster,
3202 4848 3254 4897 et
3273 4844 3323 4897 ei
3341 4858 3451 4897 non
3472 4860 3757 4914 compara~

2108 4930 2256 4987 bitur
2281 4931 2427 4987 alius
2454 4929 2520 4985 3".
2555 4932 2624 4987 Et
2655 4933 2830 5003 paulo
2863 4937 3032 5003 post:
3066 4933 3191 4987 Post
3222 4932 3321 4987 hoc
3357 4948 3418 4987 τη
3465 4935 3624 4989 terris
3673 4938 3757 4989 ri-

2103 5038 2193 5078 sus
2223 5028 2322 5083 est.
2354 5028 2405 5076 et
2432 5037 2552 5076 ium
2574 5021 2885 5077 hominibus
2925 5027 3170 5077 versutus
3197 5018 3245 5057 ⁸⁸
3296 5018 3380 5077 Ibi
3430 5022 3591 5079 enim
3638 5041 3760 5081 non

2105 5112 2178 5168 de
2209 5114 2381 5168 Patre
2416 5111 2519 5167 sed
2550 5112 2698 5167 Filio
2729 5111 2908 5168 verba
2941 5111 3091 5171 fieri.
3127 5129 3195 5167 ex
3227 5128 3295 5169 eo
3327 5112 3483 5184 quod
3524 5112 3762 5171 additur

2103 5201 2485 5275 perspicuum
2511 5208 2621 5258 est.
2646 5203 2700 5256 ls
2728 5201 2887 5258 enim
2920 5206 3009 5257 est
3038 5202 3137 5274 qui
3171 5218 3417 5276 corpore
3445 5203 3756 5262 nobiscum

2103 5298 2370 5348 versatus
2401 5296 2491 5347 est
2521 5292 2712 5363 iisque
2743 5291 3023 5359 convixit,
3055 5296 3153 5365 qui
3187 5293 3411 5367 degunt
3449 5293 3509 5347 in
3558 5295 3754 5352 terris.

2103 5381 2269 5445 Quod
2301 5382 2349 5438 si
2371 5382 2605 5437 evicerit
2639 5383 2750 5438 hoc
2778 5380 2851 5436 de
2873 5383 3046 5437 Patre
3076 5382 3210 5442 dici,
3240 5398 3360 5438 non
3410 5379 3484 5436 iis
3514 5384 3617 5453 qui
3675 5384 3757 5439 dii

2102 5478 2443 5539 censentur,
2475 5473 2711 5529 Patrem
2752 5472 3064 5530 amisimus
3103 5473 3200 5545 [iis
3226 5474 3369 5545 ipsis
3415 5474 3631 5545 quibus
3662 5474 3758 5531 Fi-

2699 5601 2746 5638 ²⁶
2797 5605 2997 5660 Matth.
3058 5621 3209 5670 xxvi,
3261 5605 3349 5661 32.
3497 5606 3542 5643 ³⁷
3587 5607 3755 5665 Joan.

2747 5675 2794 5714 δι
2844 5677 2866 5732 Ι
2914 5676 3061 5733 Tim.
3110 5692 3151 5747 ι,
3190 5680 3286 5747 717.
3434 5676 3482 5715 ³³
3532 5680 3556 5736 Ι
3603 5680 3754 5738 Tim.

2483 5747 2531 5783 ⁸⁸
2572 5747 2732 5806 Psal.
2785 5763 2969 5822 cuiv,
2998 5750 3054 5805 ι.
3138 5746 3205 5783 ³⁷
3254 5749 3483 5812 Baruch
3525 5767 3605 5824 iu,
3648 5750 3754 5816 36.
