4054 6386
282 385 438 448 1439

1608 384 1667 447 Ν
1673 380 1921 446 ΙΟΕΤΛΒ
1960 382 2392 448 ΟΗΟΝΙΑΤΒ

3553 391 3730 452 μω

281 521 431 576 lium
491 519 668 576 tutari
717 519 1178 592 contendimus].
1239 518 1391 586 Quid
1443 523 1642 576 autem
1690 517 1936 575 victoria
1966 519 2022 588 Α
2049 518 2294 577 alterius
2325 518 2661 595 cujuspiam
2693 537 2833 578 caro
2864 525 3013 590 erat,
3037 522 3142 578 sed
3173 523 3365 596 ipsius
3419 525 3620 583 Verbi.
3653 527 3733 582 Et

283 609 631 682 hujusmodi
664 609 941 666 miserius
972 615 1074 665 aut
1101 609 1447 666 damnosius
1477 626 1608 666 esse
1640 612 1822 683 queat
1846 608 1874 666 ?

906 728 1062 783 CAP.
1101 728 1316 784 LXVII.

281 847 348 901 1n
379 846 525 901 illud
554 863 572 900 :
623 869 652 897 «
689 847 913 917 Semper
968 849 1151 902 tinens
1199 847 1274 902 ad
1328 847 1795 917 interpellandum
1835 860 1945 918 pro

443 918 621 974 nobis.
661 942 686 966 ο»
728 921 812 973 Eu:
837 919 1025 974 eadem
1057 921 1114 974 S.
1145 919 1480 974 Nazianzeni
1507 919 1780 974 oratione.

361 1029 448 1080 5t.
483 1027 713 1080 Nonum
745 1025 857 1080 hoc
905 1025 1167 1095 objicere
1212 1032 1535 1098 poterunt:
1594 1025 1817 1096 Semper
1860 1026 1948 1080 ri-

286 1129 410 1169 vens
439 1115 512 1169 ad
542 1115 1007 1185 interpellandum
1034 1132 1138 1185 pro
1161 1116 1318 1171 nobis
1349 1113 1414 1170 '9.
1441 1116 1613 1171 Recte
1642 1131 1807 1183 sane,
1833 1131 1946 1172 nec

290 1203 421 1258 sine
457 1221 668 1277 magno
701 1204 982 1276 mysterio
1013 1211 1191 1277 atque
1238 1205 1632 1262 humanitate.
1684 1205 1945 1261 Verbum
2009 1269 2023 1284 δ

287 1292 444 1348 enim
473 1294 832 1364 interpellare
864 1311 983 1349 non
1021 1302 1108 1348 est
1137 1293 1295 1364 quod
1329 1296 1600 1366 plerique
1647 1294 1842 1350 solent
1872 1293 1946 1350 ad

288 1381 643 1454 supplicium
667 1384 989 1456 deposcere
1015 1400 1028 1452 ;
1049 1385 1160 1440 hoc
1184 1385 1345 1441 enim
1370 1385 1454 1441 vel
1473 1385 1946 1456 abjeirtissimnm

287 1479 414 1538 est;
451 1473 553 1529 sed
589 1473 959 1530 intercedere
991 1492 1098 1547 pro
1129 1475 1300 1530 nobis
1326 1492 1427 1547 pro
1471 1475 1785 1548 legationis
1817 1492 1944 1531 mu-

281 1579 446 1632 nere,
479 1569 548 1618 ut
601 1563 853 1635 Spiritus
905 1581 1140 1636 quoque
1189 1583 1294 1637 pro
1344 1564 1518 1621 nobis
1562 1563 1946 1638 interpellare

283 1651 538 1708 dicitur:
579 1655 727 1708 Unus
759 1657 906 1708 enim
943 1670 1100 1716 reus,
1154 1671 1288 1710 unus
1332 1662 1385 1710 et
1435 1656 1710 1710 mediator
1753 1654 1848 1710 Dei
1895 1661 1946 1710 et

290 1742 594 1807 hominum,
633 1743 794 1798 homo
821 1745 974 1798 Jesus
1023 1744 1271 1800 Christus
1299 1743 1365 1798 ‘0.
1418 1745 1740 1800 lnterCedit
1787 1745 1948 1802 enim

293 1833 620 1887 etiamnum
652 1839 716 1887 ut
748 1833 926 1888 homo
960 1850 1062 1904 pro
1098 1851 1227 1888 mea
1255 1833 1446 1890 salute
1482 1851 1496 1900 ;
1545 1851 1683 1890 nam
1732 1853 1949 1908 corpus

291 1920 494 1985 habet,
547 1921 706 1992 quod
755 1923 1100 1994 assumpsit,
1153 1922 1342 1978 donec
1387 1933 1707 1996 assumpta:
1752 1923 1946 1980 carnis

287 2009 555 2082 potentia
587 2011 768 2066 Deum
805 2029 900 2067 me
931 2012 1114 2068 faciat
1152 2029 1163 2066 :
1199 2015 1470 2084 quamvis
1519 2031 1638 2070 non
1689 2015 1944 2088 amplius

284 2099 610 2156 secundum
643 2117 884 2158 carnem
917 2110 1329 2174 cognoscatur,
1358 2104 1654 2174 carnales,
1676 2106 1946 2177 inquam,

285 2189 654 2259 affectiones,
687 2197 744 2245 et
773 2208 840 2246 ea
873 2191 1090 2262 quibus
1143 2192 1383 2248 obnoxii
1435 2210 1662 2262 sumus,
1703 2195 1943 2266 dempto

288 2284 552 2350 peccato.
587 2279 680 2334 Sic
708 2280 909 2335 Jesum
943 2298 1180 2354 quoque
1233 2281 1624 2354 Paracletum,
1677 2283 1788 2340 hoc
1835 2291 1944 2354 est,

284 2368 664 2438 advocatum,
701 2369 990 2426 habemus
1021 2388 1144 2426 non
1177 2372 1334 2444 quod
1371 2391 1476 2444 pro
1527 2373 1698 2429 nobis
1746 2373 1945 2430 servili

279 2473 444 2512 more
477 2458 549 2512 ad
583 2459 770 2514 Patris
802 2459 984 2530 pedes
1015 2460 1382 2530 advolvatur,
1413 2469 1472 2517 et
1495 2463 1552 2517 in
1575 2479 1770 2536 genua
1800 2481 1940 2535 pro.

287 2547 550 2603 cumbat.
583 2547 748 2604 Absit
795 2549 918 2604 bere
968 2567 1102 2605 vero
1162 2551 1412 2618 servilis,
1461 2553 1801 2625 Spirituque
1851 2553 1945 2608 in-

289 2637 467 2709 digna
498 2639 791 2712 cogitatio.
830 2639 948 2695 Nec
979 2641 1140 2696 enim
1165 2641 1358 2698 Patris
1381 2649 1470 2698 est
1488 2643 1596 2697 hor
1619 2643 1943 2716 postulare,

287 2743 396 2782 nec
429 2726 555 2782 Filii
588 2734 893 2800 praestare,
927 2745 1037 2785 nec
1065 2732 1407 2804 quempiam
1445 2733 1498 2786 id
1529 2733 1600 2788 de
1635 2733 1752 2788 Deo
1785 2733 1945 2806 cogi-

287 2821 412 2872 tare
455 2835 562 2890 par
619 2825 722 2872 est.
779 2819 856 2874 lis
900 2836 1038 2875 vero
1095 2837 1226 2892 qua:
1282 2839 1389 2894 pro
1439 2822 1610 2879 nobis
1659 2830 1726 2877 ut
1769 2823 1946 2880 homo

281 2923 491 2978 passus
527 2913 636 2975 est,
691 2924 801 2962 nos
851 2909 1194 2965 cohortatur
1241 2917 1520 2983 tanquam
1579 2913 1832 2969 Verbum
1891 2918 1949 2968 et

293 2995 650 3065 admonitor,
695 3005 761 3052 ut
807 2998 941 3053 forti
996 2999 1195 3056 animo
1246 3001 1452 3056 simus.
1500 3002 1721 3058 Eodem
1769 3019 1948 3058 sensu

291 3085 437 3140 mihi
473 3085 652 3142 dictio
684 3085 1023 3158 paraclesis,
1057 3089 1170 3146 hoc
1222 3096 1332 3158 est,
1385 3091 1740 3159 exhortatio,
1789 3092 1949 3148 acci-

284 3174 504 3247 pienda
535 3175 785 3234 videtur.

895 3283 1336 3358 CAP.LXVHL

297 3373 383 3430 Ea:
410 3372 470 3431 S.
520 3370 724 3446 Cyrilli
747 3371 972 3444 scriptis
1017 3373 1086 3446 de
1127 3389 1425 3446 progressu
1479 3392 1572 3432 seu
1618 3378 1948 3435 incremento

385 3483 392 3488 .
567 3444 576 3446 “
997 3444 1220 3503 Christi.

365 3554 450 3607 52.
499 3550 665 3617 Quod
696 3551 757 3607 in
787 3551 988 3624 aliquo
1015 3555 1272 3626 proﬁcit,
1305 3555 1602 3616 diversum
1636 3559 1710 3618 ab
1758 3576 1828 3616 eo
1859 3565 1950 3617 est

297 3643 356 3698 in
386 3659 504 3714 quo
538 3641 826 3714 proﬁcere
859 3643 1098 3700 dicitur.
1135 3645 1191 3702 Si
1225 3663 1362 3718 ergo
1397 3649 1458 3703 in
1491 3651 1787 3721 sapientia
1814 3667 1952 3723 pro-

301 3737 476 3792 ﬁcere
509 3735 703 3791 dictus
731 3743 824 3792 est
849 3735 1116 3793 Christus
1146 3736 1215 3802 ⁴ι,
1247 3755 1368 3796 non
1389 3741 1685 3811 sapientia
1707 3748 1798 3797 est
1815 3759 1948 3814 quin

289 3822 656 3896 proﬁciebat.
693 3823 799 3879 sed
856 3823 1119 3880 humana
1167 3842 1346 3898 quam
1397 3828 1804 3899 praetendebat
1847 3829 1950 3886 ille

296 3923 530 3970 natura.
551 3917 694 3971 Cum
721 3915 880 3972 enim
899 3915 1176 3973 divinitas
1201 3918 1264 3974 in
1299 3935 1368 3974 eo
1410 3919 1676 3990 quotidie
1722 3920 1946 3977 revela-

293 4012 456 4061 retur
487 4011 544 4059 et
577 4006 962 4072 elucesceret,
995 4023 1229 4080 semper
1280 4007 1678 4068 admiratione
1713 4009 1952 4083 dignior

293 4094 698 4166 spectantibus
724 4094 1023 4151 evadebat.
1056 4099 1250 4168 Atque
1267 4096 1366 4154 hic
1387 4115 1599 4156 sensus
1621 4105 1710 4156 est
1737 4099 1950 4159 horum

291 4183 630 4252 verborum,
663 4183 1101 4240 Proﬁciebatin
1133 4186 1449 4258 sapientia,

823 4311 1080 4380 Ejusdem
1111 4313 1168 4370 S.
1205 4312 1422 4384 Cyritli.

370 4411 457 4472 55.
493 4415 844 4474 Humanitas
875 4418 987 4474 hoc
1017 4419 1194 4475 modo
1227 4421 1289 4476 in
1329 4419 1624 4493 sapientia
1669 4422 1952 4496 proﬁcie-

295 4506 416 4562 bat.
450 4509 596 4562 Cum
631 4507 954 4580 Sapientia,
990 4508 1102 4565 hoc
1133 4517 1220 4566 est
1249 4512 1351 4567 Dei
1380 4512 1657 4582 Verbum,
1679 4519 1954 4572 naturam

297 4596 593 4654 induisset
617 4597 966 4666 humanam,
997 4599 1168 4656 factis
1200 4608 1258 4656 et
1285 4601 1654 4660 admirandis
1676 4605 1952 4676 operibus

294 4688 660 4761 templum'a
693 4705 756 4744 se
787 4693 1161 4762 assumptum
1195 4691 1764 4752 oculisintuentium
1797 4694 1952 4750 divi-

297 4794 443 4833 num
494 4779 804 4844 exhibens,
853 4781 1050 4852 ipsum
1096 4784 1387 4853 proﬁcere
1433 4782 1706 4841 faciebat.
1757 4791 1949 4858 Atque

297 4867 410 4922 hoc
445 4873 620 4940 pacto
653 4869 998 4926 humanitas
1028 4869 1090 4926 in
1125 4873 1418 4944 sapientia
1441 4874 1949 4946 proﬁciebat,cum

293 4970 402 5026 per
431 4972 562 5012 eam
592 4958 790 5016 divina
821 4960 1010 5018 ﬁeret.

820 5068 1081 5141 Ejusdem
1110 5069 1166 5126 S.
1201 5071 1419 5144 Cyrilli.

363 5175 434 5228 54
505 5174 999 5248 Quandoquidem
1059 5179 1347 5250 proﬁcere
1395 5180 1702 5254 pr0prium
1754 5184 1950 5240 carnis

294 5271 403 5322 est.
460 5267 730 5322 Christus
790 5269 1078 5338 proﬁcere
1135 5269 1374 5344 dicitur,
1433 5279 1499 5327 ut
1556 5289 1627 5329 ea
1683 5273 1948 5342 indutus,

295 5356 543 5428 ejusque
579 5355 924 5414 affectiones
957 5359 1071 5416 sibi
1103 5361 1584 5420 accommodans.
1619 5365 1735 5422 Nec
1787 5365 1949 5424 enim

363 5509 413 5546 3°
440 5511 617 5569 Hebr.
655 5525 750 5578 ru,
781 5513 872 5568 25.
947 5515 992 5550 ⁸ο
1020 5513 1045 5568 I
1074 5510 1221 5571 Tim.
1255 5533 1313 5588 ιι,
1345 5519 1400 5573 5.
1475 5516 1522 5554 δι
1555 5515 1690 5577 Luc.
1725 5536 1788 5592 ιι,
1817 5522 1910 5578 52.

2053 609 2554 682 quemadmodum
2587 628 2720 668 cum
2753 629 2930 669 carne
2959 630 3199 687 passum
3247 631 3378 672 esse
3433 615 3725 688 dicimus,

2055 701 2322 772 quamvis
2345 703 2473 758 sola
2503 720 2638 758 caro
2671 720 2848 776 passa
2886 705 2983 765 sit.
3035 704 3528 776 quandoquidem
3581 707 3734 763 licet

2055 806 2174 846 non
2207 808 2417 863 passus
2437 791 2515 847 sit
2543 800 2838 864 quatenus
2869 793 3023 850 Deus
3056 801 3202 862 erat,
3248 812 3466 868 corpus
3513 801 3724 852 tamen

2056 881 2184 951 ejus
2218 880 2519 953 proprium
2543 898 2779 954 passum
2806 889 2928 938 est:
2958 883 3040 938 ita
3072 885 3254 940 etiam
3287 889 3578 956 prolicere
3627 886 3728 942 di-

2055 975 2244 1032 catur,
2269 970 2499 1026 nullum
2533 978 2829 1042 quatenus
2857 972 3010 1028 Deus
3029 972 3366 1046 percipiens
3387 975 3728 1030 incremen-

2055 1064 2204 1126 tum,
2237 1059 2349 1114 hoc
2380 1058 2602 1116 idcirco
2629 1051 2878 1129 dicitur,
2910 1062 3052 1134 quia
3080 1062 3142 1117 in
3165 1063 3294 1134 ipso
3315 1065 3560 1138 propria
3590 1067 3728 1139 ejus

2055 1165 2191 1204 caro
2225 1148 2595 1222 proﬁciebat.

2521 1259 2580 1316 S.
2619 1261 2852 1316 Joannis
2889 1260 3244 1318 Damasceni.

2127 1370 2215 1424 55.
2251 1367 2578 1440 Sapientia,
2611 1375 2670 1425 et
2698 1376 2894 1438 (etate,
2929 1377 2988 1426 et
3043 1371 3234 1445 gratia
3281 1371 3579 1444 proﬁcere
3623 1372 3726 1430 di-

2057 1457 2257 1512 citur:
2290 1465 2464 1516 actate
2519 1459 2760 1530 quidem
2809 1477 3104 1526 crescens,
3159 1462 3468 1534 aetatisque
3518 1463 3722 1520 incre-

2056 1553 2258 1603 mento
2274 1549 2626 1621 sapientiam
2647 1551 2760 1606 sibi
2783 1551 3023 1608 insitam
3037 1553 3100 1608 in
3113 1557 3382 1624 apertum
3400 1570 3720 1622 exercens,

2057 1637 2260 1692 adhaec
2291 1637 2601 1694 hominum
2625 1641 2686 1696 in
2701 1641 2994 1712 sapientia
3015 1649 3078 1698 et
3103 1644 3288 1714 gratia
3305 1660 3720 1716 progressum,

2057 1734 2438 1800 paterna-que.
2469 1729 2918 1802 approbationis
2964 1733 3415 1805 perfectionem,
3449 1735 3576 1790 sive
3608 1735 3728 1790 ho-

2059 1817 2290 1873 minum
2322 1819 2395 1874 de
2417 1821 2596 1876 rebus
2643 1821 2860 1877 divinis
2909 1822 3308 1896 cognitionem
3343 1829 3400 1880 et
3429 1823 3720 1894 salutem,

1979 1899 2024 1964 Β
2057 1909 2362 1980 proprium
2421 1911 2749 1983 profectum
2810 1914 3058 1982 faciens,
3108 1915 3342 1986 sibique
3399 1915 3558 1988 quod
3604 1933 3718 1972 no—

2057 2005 2242 2054 strum
2277 2006 2368 2055 est
2395 2002 2572 2073 plane
2603 2005 3064 2062 accommodans
3124 2007 3417 2062 Caeterum
3463 2008 3562 2078 qui
3620 2022 3724 2064 sa-

2053 2089 2276 2161 pientia
2307 2097 2364 2145 et
2391 2093 2579 2163 gratia
2609 2093 2802 2164 ipsum
2857 2094 2940 2150 ita
2987 2094 3308 2168 profecisse
3362 2096 3592 2162 dicunt,
3644 2103 3718 2152 ut

2053 2178 2164 2235 hoc
2195 2179 2353 2236 velut
2385 2180 2710 2238 auctarium
2743 2185 3060 2257 acceperit,
3104 2185 3145 2240 ii
3179 2202 3461 2242 vesanum
3515 2187 3714 2243 secuti

2053 2270 2385 2326 Nestorium
2410 2273 2731 2329 scheticam
2747 2291 2852 2330 seu
2869 2274 3173 2331 relativum
3192 2275 3686 2348 conjunctionem
3699 2321 3716 2347 ,

2053 2361 2396 2431 nudamque
2418 2361 2911 2420 inhabitationem
2938 2365 3623 2433 comminiscuntur,nec
3642 2384 3720 2426 ea

2059 2467 2191 2520 quis
2223 2451 2431 2506 dicunt
2456 2459 2864 2524 agnoscentes,
2896 2471 3005 2511 nec
3038 2471 3108 2512 ea
3163 2473 3296 2528 quas
3345 2465 3716 2516 asseverant.

2061 2539 2118 2594 Si
2151 2541 2310 2596 enim
2345 2557 2480 2597 caro
2512 2543 2700 2599 Verbo
2733 2561 2867 2600 vere
2899 2547 3222 2616 conjuncta
3248 2552 3360 2614 est,
3409 2564 3542 2605 cum
3579 2549 3720 2621 pri-

2055 2645 2223 2686 mum
2257 2647 2386 2687 esse
2413 2632 2589 2704 coepit
2617 2634 2702 2688 vel
2749 2635 2941 2706 potius
2974 2635 3033 2690 in
3067 2635 3196 2708 ipso
3221 2636 3508 2705 substitit,
3533 2637 3726 2712 hypo-

2055 2720 2446 2792 staticamque
2479 2737 2586 2776 seu
2616 2727 2988 2794 personalem
3024 2741 3157 2782 cum
3183 2726 3311 2800 ipso
3335 2726 3722 2786 identitatem

2055 2809 2236 2865 subiit
2289 2811 2431 2882 quid
2486 2812 2681 2868 obstat
2726 2815 3047 2886 quominus
3095 2817 3330 2874 cunctis
3375 2819 3718 2890 sapientius,

2053 2901 2374 2972 gratiaeque
2409 2901 2700 2959 thesauris
2733 2911 3015 2962 exornata
3047 2905 3223 2962 fuerit
3245 2907 3272 2963 Ῡ

2687 3032 2844 3088 CAP.
2888 3033 3070 3090 LXIX.

2055 3139 2126 3194 Et
2156 3136 2275 3214 huc
2303 3139 2681 3214 superioribus
2727 3141 2787 3195 in
2833 3143 3226 3199 Anomeorum
3273 3147 3722 3214 confulationem

2125 3209 2472 3266 adnectenda
2500 3218 2678 3268 sunt:
2725 3217 2816 3270 An
2861 3214 3070 3270 Filium
3117 3217 3288 3273 Pater
3333 3209 3718 3287 eisistenlem,

2128 3298 2212 3336 nev
2230 3299 2298 3336 ne
2335 3287 2606 3353 genuerit.

2129 3388 2502 3460 Objiciebant
2529 3393 2798 3450 Anomosi
2833 3395 3290 3468 sophisticarum
3345 3399 3724 3473 argutiarum

2056 3479 2255 3552 potius
2287 3498 2464 3552 quam
2499 3483 2810 3558 theologiae
2844 3486 3056 3557 periti:
3091 3487 3573 3546 Exsistentemne
3604 3491 3728 3548 Pa-

2059 3574 2150 3624 ter
2177 3569 2415 3632 Filium,
2448 3588 2654 3629 annon
2681 3574 3070 3632 ex-istentem
3103 3578 3356 3649 genuit?
3401 3595 3626 3652 easque
3656 3581 3724 3637 in

2059 3659 2362 3732 angustias
2381 3660 2544 3732 pium
2571 3678 2870 3735 quemque
2891 3665 3078 3722 vitum
3105 3667 3458 3737 conjiciunt,
3485 3675 3552 3724 ut
3571 3670 3728 3741 quid

2057 3764 2457 3822 responsurus
2487 3749 2584 3811 sit.
2618 3751 2869 3826 ignoret.
2905 3757 3048 3815 Nam
3081 3756 3130 3812 si
3180 3758 3567 3815 exsistentem
3616 3775 3724 3834 ge-

2059 3839 2263 3895 nuisse
2296 3841 2674 3912 respondeat,
2719 3843 2806 3898 illi
2857 3845 2970 3901 hoc
3015 3861 3369 3917 responsum
3419 3849 3724 3905 cachinno

2060 3929 2358 4001 excipient
2389 3937 2443 3984 et
2474 3931 2889 4003 replicabunt:
2921 3935 3030 4001 Qui
3062 3952 3198 3992 vero
3231 3937 3359 3993 ﬁeri
3407 3943 3628 4009 potest,
3657 3945 3729 3994 ut

2059 4018 2110 4076 is
2142 4026 2485 4078 nascantur.
2517 4021 2616 4092 qui
2662 4022 2806 4078 est?
2852 4021 2965 4080 hoc
3023 4026 3183 4081 enim
3227 4025 3553 4084 absurdum
3605 4035 3724 4087 est.

2061 4105 2225 4170 Quod
2259 4105 2308 4162 si
2340 4106 2726 4165 exsistentem
2759 4112 3126 4184 negaverint,
3150 4113 3491 4184 suincient.
3513 4116 3726 4186 itaque

2061 4194 2342 4264 intererit,
2375 4213 2686 4269 superesse
2719 4205 2785 4254 ut
2827 4199 3010 4256 fuerit
3055 4207 3314 4275 tempus,
3365 4219 3482 4274 quo
3531 4204 3728 4262 Filius

2061 4300 2185 4342 non
2215 4287 2414 4342 fuerit.
2449 4288 2632 4354 Quam
2669 4289 2910 4360 quidem
2961 4291 3290 4364 syllogismi
3339 4303 3725 4367 argumenta-

2061 4375 2314 4432 tionisve
2345 4378 2666 4434 formulam
2699 4395 2820 4435 non
2850 4396 3048 4437 veram
3080 4397 3210 4438 esse
3241 4389 3730 4442 commonstrans

2063 4483 2314 4539 magnus
2345 4467 2442 4524 ille
2475 4467 2651 4526 rebus
2684 4469 2745 4526 in
2776 4469 3124 4546 theologicis
3153 4472 3467 4546 Gregorius
3497 4473 3733 4532 similia

2065 4557 2364 4614 similibus
2393 4560 2662 4616 confutet
2684 4560 2797 4616 hoc
2827 4560 3024 4617 modo.

1987 4621 2030 4688 ί)
2133 4647 2312 4704 Estne
2335 4653 2568 4720 tempus
2583 4650 2642 4706 in
2664 4655 2780 4708 tem
2791 4667 3152 4722 pore,necne
3168 4653 3388 4711 ?Porro
3407 4653 3728 4715 sciendum

2059 4742 2151 4795 est
2167 4737 2322 4809 quod
2347 4737 2419 4794 de
2451 4744 2716 4812 tempore
2737 4740 3128 4815 interrogare,
3145 4747 3346 4802 utrum
3371 4744 3430 4800 in
3451 4751 3727 4818 tempore

2059 4827 2154 4885 sit.
2185 4844 2262 4884 an
2296 4844 2439 4896 non,
2473 4845 2679 4886 eorum
2712 4846 2834 4888 non
2864 4837 3106 4905 estquae
3131 4833 3258 4889 ﬁeri
3285 4842 3725 4907 possunt,tem-

2060 4934 2172 4991 pus
2190 4917 2348 4974 enim
2369 4919 2442 4975 iis
2461 4935 2590 4991 quae
2606 4927 2746 4977 sunt
2759 4921 3218 4994 haudquaquam
3237 4928 3732 4994 accensetur,sed

2060 5008 2132 5064 iis
2157 5024 2290 5080 quae
2320 5009 2615 5065 accidunt.
2651 5010 3164 5075 Quemadmodum
3198 5013 3360 5070 enim
3411 5023 3610 5072 motus
3665 5018 3734 5074 in

2059 5098 2408 5172 corporibus
2439 5099 2676 5168 dicitur,
2704 5101 2788 5156 sic
2821 5107 3054 5174 tempus
3088 5119 3374 5160 mensura
3397 5112 3594 5161 motus
3613 5114 3735 5166 est.

2059 5186 2206 5242 Nam
2239 5187 2328 5241 sol
2359 5204 2574 5259 corpus
2605 5194 2694 5243 est
2727 5188 2885 5260 quod
2918 5197 3188 5246 movetur
3221 5209 3234 5246 :
3265 5197 3500 5266 tempus
3523 5201 3737 5254 autem

2060 5293 2344 5334 mensura
2365 5284 2561 5334 motus
2592 5279 2740 5348 ejus.
2768 5281 2970 5352 Itaque
2996 5287 3230 5352 tempus
3257 5299 3467 5340 eorum
3491 5302 3616 5340 non
3639 5294 3741 5344 est

2060 5384 2191 5440 quae
2223 5367 2579 5440 subsistunt,
2603 5369 2708 5428 sed
2741 5386 2874 5442 qum
2905 5371 3354 5445 subsequuntur
3384 5373 3521 5448 (Τί).

303 5665 476 5751 .-ρῳ
517 5665 692 5751 Hunc
749 5663 972 5723 nodum
1029 5663 1273 5735 pulchre
1331 5667 1596 5730 dissolvit
1651 5673 2012 5732 Themistius
2070 5673 2272 5736 Pletho
2326 5676 2464 5738 libri
2523 5677 2919 5751 posteriorum
2981 5679 3246 5742 Platonis
3300 5681 3730 5747 defensionum

287 5735 490 5809 Nini,
513 5751 574 5795 ιο.
605 5735 664 5794 1.
