4054 6386
342 396 493 460 HM

1708 392 2103 458 THESAURI
2139 392 2293 459 LIB.
2338 394 2411 459 ν.

3615 402 3772 465 1442

327 512 333 517 ’
407 536 694 592 Caeterum
728 524 1121 591 admirandus
1151 533 1497 591 Aristoteles
1540 532 1755 590 veteris
1787 532 1987 590 adver-
2029 534 2080 603 Α
2114 533 2365 591 Mentior
2421 535 2676 603 dixerit;
2712 537 2838 593 hmo
2897 544 2985 594 est
3039 515 3409 595 at‘ﬁrmativa.
3446 541 3624 612 Atqui
3661 559 3779 599 nec

339 627 533 682 sarius
547 626 1379 698 Acadetniaa,przrceptnrique
1396 625 1624 681 Platoni
1643 624 1995 681 contrarius.

342 717 555 771 coitum
590 716 814 771 factum
850 733 997 780 esse,
1061 725 1239 785 alque
1299 732 1333 771 a
1384 715 1637 787 quodatn
1690 714 2000 786 temporali

342 809 510 879 signo
546 807 1000 861 conversionem
1047 806 1439 861 orbicularem
1475 806 1743 876 ccupisse.
1776 812 1836 860 at
1866 822 2000 860 cum

338 899 467 970 ipso
503 905 736 968 tempus
770 913 1003 968 quoque
1052 914 1174 952 una
1216 896 1551 951 substitisse
1598 895 1838 961 dicenti,
1874 896 1998 967 ipse

339 996 577 1060 tempus
609 993 897 1041 aeternum
931 986 1277 1045 introducit.
1308 993 1366 1041 et
1397 988 1611 1042 coelum
1644 986 1997 1057 ingenitum.

334 1080 409 1133 At
442 1079 614 1132 Pater
643 1076 739 1132 hic
772 1076 1120 1147 Gregorius:
1177 1077 1352 1131 Estne
1402 1084 1655 1147 tempus,
1690 1074 1905 1148 inquit,
1939 1076 2000 1129 in

333 1172 625 1238 tempore.
676 1166 912 1223 necne?
960 1167 1071 1222 hoc
1119 1172 1209 1222 est
1255 1182 1330 1221 an
1382 1166 1721 1221 universum
1766 1172 1999 1236 tempus

337 1262 603 1329 tempore
637 1255 833 1313 locum
883 1256 1038 1312 inter
1097 1273 1189 1311 res
1239 1262 1465 1312 creatas
1498 1255 1724 1317 habuit.
1758 1271 1831 1310 an
1863 1272 1997 1310 vero

338 1364 458 1401 una
501 1364 634 1401 cum
689 1364 884 1401 rerum
944 1346 1324 1402 universitate
1376 1347 1503 1401 sine
1558 1353 1823 1418 tempore
1856 1345 1995 1400 sub-

337 1436 533 1492 stitit?
564 1438 703 1492 Nam
740 1437 784 1491 si
832 1443 1100 1508 tempore
1151 1443 1419 1492 creatum
1469 1443 1577 1505 est,
1614 1436 1827 1507 inquit,
1863 1436 1995 1491 uni-

336 1545 575 1584 versum
607 1545 725 1584 non
750 1534 859 1595 est,
885 1545 1017 1584 cum
1043 1526 1208 1583 aliud
1230 1534 1467 1598 tempus
1492 1527 1992 1599 deprehendatur:

338 1619 511 1691 cujus
544 1619 785 1691 quidem
845 1617 1203 1673 intermedio
1258 1624 1395 1688 tem;
1424 1635 1492 1673 us
1525 1617 1710 1673 evasit
1743 1623 1992 1689 tempus.

339 1708 440 1764 Sin
503 1709 703 1765 minus
762 1713 1030 1780 tempore
1089 1723 1301 1763 earens
1361 1714 1593 1779 tempus
1651 1706 1993 1762 introducit.

339 1798 503 1864 Quod
537 1799 584 1854 si
620 1798 696 1853 sit
735 1803 967 1870 tempus
999 1798 1127 1852 sine
1180 1803 1463 1869 tempore.
1503 1797 1593 1851 vix
1627 1798 1791 1854 aliud
1822 1798 1998 1869 quid-

336 1886 494 1952 piam
530 1887 781 1958 tempori
814 1887 1180 1954 subiicietur.
1215 1885 1381 1952 Quod
1412 1886 1460 1940 si
1506 1892 1713 1942 contra
1742 1886 1803 1941 in
1847 1893 1997 1942 tem-

334 1993 476 2049 pore
517 1974 701 2040 dicas,
762 1976 834 2032 de
892 1975 987 2031 illo
1048 1992 1252 2030 rursus
1283 1975 1367 2030 sic
1397 1974 1785 2042 interrogabit
1830 1975 1989 2048 quis-

335 2065 514 2136 piam.
549 2082 623 2120 an
656 2064 801 2119 illud
853 2081 1089 2136 quoque
1136 2065 1198 2119 in
1252 2071 1539 2136 tempore,
1573 2081 1650 2119 an
1682 2064 1809 2119 sine
1840 2070 1992 2119 tem-

337 2171 480 2227 pore
513 2154 608 2209 sit-

409 2247 615 2317 Itaque
648 2246 822 2300 Pater
844 2246 1157 2319 Gregorius
1181 2246 1480 2318 plerisque
1505 2244 1742 2300 omissis
1766 2262 1895 2316 quae
1919 2245 1990 2299 de

336 2339 606 2407 tempore
636 2334 856 2391 frustra
886 2335 981 2391 hic
1033 2351 1488 2408 exponerentur,
1525 2342 1751 2391 tantum
1786 2336 1858 2391 de
1890 2336 1991 2391 illo

334 2425 663 2497 proposuit,
701 2432 989 2496 quantum
1020 2426 1130 2480 sibi
1176 2425 1249 2481 ad
1298 2426 1686 2498 qumstioncm
1721 2425 1992 2498 proposi-

336 2521 455 2571 tam
491 2515 766 2570 sufficere
807 2516 997 2570 visum
1056 2521 1144 2571 est
1225 2516 1498 2580 Quamvis
1531 2516 1689 2570 enim
1720 2514 1900 2571 dubia
1931 2515 1990 2570 in

335 2611 653 2675 utramque
684 2613 909 2676 partem
945 2607 1193 2677 qumstio
1217 2622 1346 2659 esse
1371 2605 1658 2671 videatur,
1690 2622 1759 2661 ea
1790 2613 1989 2661 tamen

335 2711 456 2750 non
489 2702 597 2761 est,
632 2712 749 2766 qua
780 2697 1026 2751 omnino
1059 2697 1239 2753 dubia
1281 2697 1357 2751 sit
1425 2699 1540 2751 Nec
1571 2697 1731 2752 enim
1766 2697 1815 2751 si
1848 2695 1991 2767 quid

332 2785 533 2841 minus
593 2785 652 2840 in
715 2788 998 2857 temporis
1053 2787 1433 2858 protensione
1466 2786 1661 2843 fuerit.
1705 2786 1815 2842 hoc
1862 2803 1989 2857 jam

332 2876 459 2930 sine
499 2880 769 2947 tempore
802 2882 909 2932 est.
953 2877 1243 2931 Caeterum
1290 2883 1523 2947 tempus
1563 2877 1690 2931 sine
1723 2883 1988 2947 tempore

332 2981 451 3020 non
485 2973 591 3035 est,
626 2966 783 3035 quod
813 2982 947 3021 cum
981 2974 1155 3021 antea
1184 2982 1304 3020 non
1332 2973 1507 3029 esset,
1532 2973 1738 3038 postea
1769 2966 1988 3022 factum

335 3060 443 3110 est.
476 3055 694 3127 quippe
753 3056 910 3127 quod
971 3056 1058 3110 sol
1116 3061 1174 3110 et
1230 3055 1376 3111 luna
1417 3056 1821 3112 dimetiantur.
1858 3073 1989 3128 quas

334 3142 457 3199 solo
488 3144 783 3199 Creatoris
814 3145 988 3200 verbo
1033 3145 1208 3201 simul
1264 3152 1325 3201 et
1367 3146 1553 3201 semel
1603 3152 1800 3203 creata
1829 3153 1987 3203 sunt.

405 3234 630 3299 Quibus
684 3234 1048 3291 dilemmatis
1077 3243 1138 3290 et
1166 3237 1276 3292 hoc
1324 3242 1637 3293 accenset:
1691 3240 1854 3294 Nunc
1885 3251 1988 3310 ego

331 3324 612 3386 mentior,
645 3325 696 3378 ei
730 3325 922 3379 simile
956 3325 1117 3395 quod
1156 3326 1228 3380 de
1265 3332 1531 3397 tempore
1564 3328 1989 3398 praeceditiioc

328 3415 527 3485 itaque
559 3413 877 3468 dilemma:
911 3413 1076 3468 Nunc
1109 3430 1213 3483 ego
1261 3416 1536 3481 mentior,
1579 3433 1716 3472 vera
1747 3418 1988 3489 quidem

329 3503 473 3559 dicit
502 3503 562 3558 in
596 3504 664 3557 iis
698 3519 829 3574 quae
875 3503 1199 3557 mentitur:
1252 3503 1543 3558 mentitur
1590 3511 1789 3559 autem
1823 3506 1882 3559 in
1916 3506 1988 3558 iis

324 3610 455 3665 quae
487 3610 624 3649 vera
653 3593 850 3649 dicere
875 3598 1065 3664 putes.
1096 3592 1394 3648 Cmterum
1424 3593 1531 3649 hac
1564 3592 1625 3647 in
1660 3593 1988 3665 quaastione

322 3683 713 3757 proponenda
742 3684 1069 3755 Theologus
1102 3683 1264 3739 hisce
1296 3684 1492 3740 verbis
1527 3684 1755 3739 utitur:
1800 3684 1987 3756 Hujus

324 3773 727 3829 dilemmatis:
789 3776 953 3829 Nunc
994 3790 1097 3846 ego
1159 3773 1436 3841 mentior,
1471 3775 1722 3830 alteram
1756 3781 1988 3846 partem

322 3864 602 3927 concede,
635 3863 725 3918 vel
758 3879 894 3919 vera
920 3862 1115 3919 dicere
1149 3870 1404 3930 tantum,
1438 3863 1530 3920 vel
1565 3864 1822 3920 mentiri.
1861 3870 1987 3921 Non

324 3953 481 4009 enim
513 3958 827 4025 utramque
859 3954 1274 4011 concedemus.
1328 3955 1477 4021 Quia
1526 3955 1688 4011 enim
1739 3954 1988 4028 putabat

324 4042 696 4099 adversarius
729 4044 1006 4100 omnibus
1048 4044 1110 4099 in
1161 4044 1596 4116 quastionibus
1628 4061 1828 4102 veram
1862 4062 1989 4102 esse

329 4133 705 4206 negationem
765 4132 859 4187 vel
914 4132 1397 4199 afﬂrmationem,
1462 4134 1683 4190 ideirco
1715 4137 1892 4191 Pater
1920 4153 1990 4192 ea

330 4222 415 4278 illa
452 4221 716 4276 obtrudit
765 4222 827 4276 in
877 4221 1092 4294 qu'bus
1140 4224 1439 4279 contraria
1486 4240 1841 4281 concurrere
1907 4226 1993 4280 vi-

334 4312 587 4369 dentur:
624 4328 734 4367 nec
766 4311 894 4366 ﬁeri
938 4317 1131 4383 potest
1173 4318 1238 4368 ut
1284 4312 1471 4369 altera
1500 4313 1743 4385 quidem
1775 4332 1989 4388 propo-

334 4401 471 4456 sitio
505 4417 640 4456 vera
670 4402 768 4470 sit,
802 4402 989 4457 altera
1019 4417 1155 4458 vero
1183 4402 1370 4459 falsa:
1421 4403 1525 4458 sed
1557 4409 1616 4460 et
1644 4404 1749 4461 illa
1776 4412 1835 4461 et
1866 4406 1990 4461 haec

332 4507 470 4547 vera
500 4492 680 4548 simul
711 4499 770 4548 et
801 4491 947 4548 falsa
976 4498 1084 4546 est.
1122 4494 1206 4549 tta
1236 4509 1413 4565 porro
1459 4510 1523 4547 se
1550 4494 1731 4551 habet
1762 4496 1869 4551 hoc
1899 4495 1991 4551 di-

333 4579 579 4637 lemma:
606 4583 772 4638 Nunc
795 4597 899 4655 ego
925 4581 1197 4637 mentior.
1222 4584 1518 4640 Ponamus
1541 4585 1883 4656 quempiam
1909 4586 1989 4641 ita

2110 624 2421 694 mentitur,
2455 628 2723 697 quamvis
2756 628 3018 683 Mentior
3047 628 3285 696 dixerit,
3320 631 3445 687 haec
3476 636 3565 687 est
3595 649 3779 706 nega-

2114 715 2266 781 tiva;
2301 716 2456 770 unde
2491 717 2832 772 concludit:
2869 719 3020 783 Quid
3053 735 3190 791 ergo
3222 721 3465 787 mirum,
3489 722 3535 775 si
3565 727 3630 776 ut
3663 724 3772 777 hoc

2108 805 2170 860 in
2204 805 2550 861 dilemmate
2576 809 2876 863 contraria
2908 820 3292 867 concurrunt.
3316 811 3398 865 ita
3428 818 3493 866 ut
3523 818 3772 883 utraque

2108 896 2434 968 propositio
2458 898 2667 967 partim
2692 898 2843 953 falsa
2873 899 3088 969 partim
3114 917 3249 955 vera
3268 901 3771 972 deprehendatur,

2109 985 2191 1042 ita
2225 987 2400 1042 etiam
2438 989 2497 1041 in
2529 994 2630 1043 tua
2690 987 3028 1059 objectione
3088 990 3277 1045 ambae
3308 993 3774 1062 pt-Opositiones,

2108 1075 2324 1147 quibus
2356 1077 2552 1148 ipsum
2583 1079 2808 1132 mentiri
2839 1078 3141 1133 dividitur.

2178 1166 2559 1239 Interrogasti
2593 1184 2668 1222 an
2700 1168 3088 1224 exsistentem
3123 1171 3295 1225 Pater
3326 1169 3772 1237 Filium,annon

2106 1257 2495 1313 exsistentem
2518 1257 2833 1330 genuerit?
2862 1259 2971 1331 Ego
3000 1264 3195 1313 autem
3224 1258 3327 1315 tibi
3353 1261 3725 1332 respondebo
3756 1280 3769 1319 :

2101 1347 2220 1403 Nec
2252 1349 2639 1404 exsistentem
2670 1350 2894 1421 genuit,
2933 1366 3045 1405 nec
3073 1367 3193 1405 non
3226 1350 3637 1407 exsistentem.
3679 1353 3767 1408 Tu

2106 1456 2261 1501 vero,
2295 1440 2434 1511 quia
2468 1457 2587 1495 non
2638 1441 3023 1496 exsistentem
3072 1442 3350 1513 genuisse
3400 1443 3544 1509 dixi,
3581 1460 3656 1499 ne
3688 1445 3769 1500 ita

2103 1529 2369 1600 accipito.
2395 1530 2561 1601 quasi
2587 1529 2970 1586 exsistentem
2996 1532 3274 1600 genuisse
3299 1532 3608 1589 confessus
3633 1535 3770 1589 sim.

2106 1620 2424 1690 Utramque
2456 1620 2615 1674 enim
2650 1621 3077 1693 propositionis
3106 1629 3333 1693 partem
3369 1630 3435 1677 ut
3465 1622 3525 1677 in
3554 1639 3771 1695 pragce-

2105 1708 2382 1764 dentibus
2412 1709 2775 1765 dilemmatis
2810 1727 3006 1766 veram
3061 1728 3188 1767 esse
3239 1713 3549 1785 contingit.
3590 1715 3767 1785 Atqui

2101 1798 2434 1874 Theologus
2464 1798 2574 1855 hoc
2603 1807 2773 1870 pacto
2804 1800 3153 1870 quaestionis
3184 1801 3613 1857 absurditatem
3646 1803 3770 1859 dis-

2106 1889 2298 1958 solvit.
2356 1886 2477 1943 Dici
2537 1894 2733 1943 autem
2797 1895 2993 1960 potest
3048 1888 3434 1945 exsistents-m
3490 1891 3703 1946 Filium
3737 1908 3771 1947 a

2104 1978 2274 2033 Patre
2306 1976 2572 2049 genitum
2599 1993 2762 2041 esse;
2788 1983 2965 2048 atque
2994 1978 3079 2032 ita
3106 1978 3312 2034 vicisse
3341 1980 3767 2037 adversarium.

2103 2066 2268 2132 Quod
2299 2066 2555 2121 naturali
2613 2066 2697 2122 sic
2756 2067 3020 2138 probabo
3064 2069 3377 2140 exemplo:
3414 2069 3499 2124 sol
3535 2070 3767 2127 radium

2101 2156 2304 2227 gignit,
2341 2164 2399 2210 et
2428 2155 2629 2210 radius
2670 2156 2869 2227 jubar.
2926 2160 3016 2211 An
3067 2175 3202 2230 ergo
3250 2159 3339 2214 sol
3379 2160 3613 2214 radium
3647 2177 3767 2215 non

2104 2246 2487 2301 exsistentem
2520 2246 2725 2317 gignit,
2760 2250 2862 2301 aut
2906 2245 3108 2302 radius
3133 2247 3364 2317 jubar?
3393 2249 3533 2313 Quis
3564 2256 3764 2306 autem

2102 2340 2396 2407 quotquot
2425 2350 2691 2406 unquam
2724 2336 2994 2392 vixerunt
3046 2338 3378 2398 hominum.
3414 2339 3600 2394 solem
3635 2341 3763 2397 sine

2101 2424 2286 2480 radiis
2316 2425 2508 2479 vidit?
2536 2431 2639 2480 aut
2664 2425 2898 2481 radium
2922 2427 3050 2481 sine
3075 2427 3393 2501 splendore
3411 2428 3438 2484 ?
3472 2432 3673 2501 Itaque
3708 2437 3767 2487 et

2101 2524 2404 2591 generant.
2440 2525 2499 2573 et
2550 2518 2895 2575 exsistentia
2950 2524 3254 2590 generant.
3312 2522 3440 2577 Non
3466 2523 3628 2577 enim
3664 2524 3763 2579 di-

2100 2609 2236 2664 vina
2263 2625 2324 2663 se
2357 2607 2599 2674 habent,
2665 2615 2729 2665 ut
2784 2626 3088 2681 corporea.
3151 2611 3299 2676 Quia
3331 2629 3439 2668 nos
3469 2630 3603 2667 cum
3641 2631 3761 2669 non

2102 2715 2388 2765 essemus,
2437 2705 2645 2770 postea
2694 2699 2817 2755 nati
2872 2717 3098 2754 sumus.
3155 2703 3226 2755 At
3276 2701 3336 2756 in
3398 2702 3574 2758 rebus
3628 2720 3759 2773 qua)

2101 2792 2366 2862 quamvis
2389 2807 2632 2863 corpore
2657 2797 2949 2857 constent,
2975 2792 3175 2849 divina
3196 2799 3395 2849 tamen
3424 2800 3759 2851 suntsecus

2102 2896 2163 2934 se
2195 2896 2289 2934 res
2321 2879 2518 2935 habet.
2554 2881 2719 2945 Quod
2750 2882 2797 2935 si
2852 2881 2978 2936 haec
3011 2882 3094 2937 ita
3124 2898 3187 2936 se
3218 2882 3497 2943 habeant,
3535 2890 3757 2954 quanto

2100 2970 2286 3042 magis
2315 2969 2688 3040 incorporea,
2720 2970 2781 3025 in
2808 2970 3023 3042 quibus
3054 2972 3299 3027 effectus
3330 2988 3363 3027 a
3395 2973 3588 3028 causis
3622 2991 3762 3045 pro-

2100 3059 2340 3128 cedunt,
2365 3058 2557 3132 iisque
2590 3061 2795 3117 insunt
2823 3067 2883 3116 et
2911 3060 2985 3117 ad
3018 3078 3117 3116 eas
3148 3062 3619 3117 convertuntur?

2748 3171 2903 3227 CAP.
2948 3170 3116 3225 LXX.

2215 3269 2474 3341 Epilogus
2524 3272 2687 3327 totius
2718 3270 3059 3398 Arianorum
3091 3277 3143 3327 et
3192 3270 3658 3328 Eunomianorum

2832 3360 3071 3398 irreseos.

2832 3360 3071 3399 εενεεθοδ.

2175 3434 2256 3487 Ea
2286 3439 2411 3489 erat
2446 3434 2718 3490 Eunomii
2780 3440 2838 3490 et
2894 3435 3191 3491 haereseos
3243 3433 3372 3505 ejus
3406 3439 3767 3491 sectatorum

2104 3537 2635 3591 successorumque
2689 3526 3004 3580 sententia.
3038 3530 3105 3578 ut
3154 3527 3384 3580 Patrem
3421 3527 3675 3594 primam
3710 3531 3767 3581 et

2101 3610 2404 3680 propriam
2431 3611 2754 3665 essentiam
2778 3629 2790 3673 ;
2816 3611 3031 3666 deinde
3054 3611 3284 3679 Filium,
3313 3611 3414 3683 qui
3435 3611 3567 3682 ejus
3589 3612 3770 3667 inter-

2098 3698 2296 3753 medio
2347 3698 2670 3770 productus
2713 3704 2907 3754 esset:
2960 3705 3262 3770 postremo
3308 3700 3593 3772 Spiritum
3625 3718 3764 3757 san-

2101 3794 2281 3843 ctum.
2307 3804 2435 3843 eam
2459 3805 2592 3858 qua)
2616 3786 3083 3859 praecedentium
3104 3789 3299 3844 neutri
3325 3795 3765 3847 accenseretur.

2100 3877 2378 3943 Quamvis
2409 3884 2607 3934 autem
2635 3877 2850 3933 Filium
2892 3895 2926 3934 a
2966 3878 3157 3934 Patris
3190 3878 3451 3935 essentia
3481 3878 3760 3952 sejunge-

2099 3972 2254 4031 rent,
2287 3973 2485 4023 tamen
2508 3984 2666 4025 nunc
2690 3966 2899 4024 eodem
2922 3973 2980 4023 et
3001 3969 3302 4024 communi
3328 3969 3556 4024 honore
3583 3970 3768 4026 Deum

2100 4058 2296 4128 ipsum
2325 4055 2739 4129 appellabant:
2766 4074 2924 4113 nunc
2947 4057 3153 4113 eodem
3182 4058 3446 4113 nomine.
3478 4057 3768 4115 Caeterum

2099 4148 2447 4219 reprehensi
2480 4148 2552 4202 ab
2588 4147 2956 4210 orthodoxis,
2990 4147 3149 4218 quod
3184 4147 3308 4202 ﬁeri
3344 4164 3463 4203 non
3486 4154 3767 4220 possit,ut

2098 4238 2279 4294 Filius
2310 4236 2517 4293 eodem
2554 4244 2613 4292 et
2641 4238 2880 4310 pr0prio
2931 4238 3174 4293 nomine
3224 4238 3377 4293 Deus
3406 4238 3762 4311 appelletur,

2099 4326 2544 4399 respondebant
2559 4326 3057 4398 homonymorum
3074 4342 3190 4381 non
3209 4343 3392 4382 unum
3416 4344 3544 4383 esse
3564 4344 3765 4388 usum.

2101 4417 2205 4473 sed
2240 4416 2418 4471 etiam
2452 4416 2801 4474 secundum.
2835 4433 2953 4488 quo
3007 4416 3247 4488 quidem
3280 4417 3646 4489 homonyma
3675 4418 3763 4473 di-

2099 4508 2255 4563 versi
2292 4514 2431 4562 sunt
2475 4509 2712 4579 generis
2745 4514 2803 4562 et
2834 4514 3085 4579 utraque
3137 4508 3415 4580 propria:
3469 4524 3766 4579 canesque

2100 4604 2446 4654 terrestrem
2499 4606 2558 4656 et
2616 4599 2935 4667 marinum,
2996 4600 3095 4670 qui
3155 4599 3503 4669 homonymi
3537 4603 3675 4654 sunt
3709 4605 3767 4654 et

329 4672 551 4729 dixisse
579 4689 592 4727 :
628 4675 741 4746 Ego
774 4690 933 4729 nunc
991 4675 1270 4743 mentior,
1324 4691 1437 4731 nec
1467 4675 1586 4732 alio
1620 4677 1991 4747 praecedente

2106 4688 2340 4760 proprie
2375 4687 2672 4745 dicuntur.
2695 4690 2812 4745 Nec
2835 4689 2996 4743 enim
3017 4669 3176 4743 alter
3197 4687 3435 4758 proprie
3467 4688 3619 4743 alter
3648 4686 3759 4742 im-

333 4781 612 4823 sermone
645 4765 940 4831 intulisse,
977 4766 1082 4822 sed
1112 4767 1369 4839 primum
1406 4766 1625 4824 dixisse
1652 4785 1664 4822 :
1691 4770 1856 4824 Nunc
1889 4784 1992 4843 ego

333 4856 629 4922 mentior;
662 4856 1170 4928 dispiciamusque
1201 4873 1279 4913 an
1310 4856 1507 4914 locum
1538 4857 1635 4914 hic
1658 4858 1871 4914 habeat
1895 4875 1992 4916 ne-

334 4947 529 5019 gativa
558 4946 905 5018 propositio,
961 4964 1037 5002 an
1096 4947 1302 5020 utique
1361 4948 1555 5005 solum
1587 4965 1725 5005 vera
1754 4948 1989 5019 dixerit,

333 5051 410 5092 an
443 5051 576 5091 vero
612 5036 895 5091 mentitus
946 5036 1036 5091 sit.
1084 5037 1213 5093 Jam
1268 5038 1318 5093 si
1366 5037 1528 5093 dicas
1566 5055 1702 5095 eum
1735 5055 1870 5095 vera
1899 5040 1993 5095 di-

330 5126 510 5193 xisse,
540 5126 929 5197 consequitur
960 5142 1198 5199 quoque
1252 5133 1321 5184 ut
1371 5127 1659 5185 mentitus
1710 5129 1803 5189 sit.
1865 5130 1989 5203 ipse

331 5216 491 5271 enim
524 5216 594 5272 de
627 5215 823 5288 seipso
869 5218 1165 5288 proponit.
1201 5217 1367 5283 Quod
1412 5218 1459 5273 si
1513 5219 1825 5276 mentitum
1859 5237 1990 5276 esse

326 5303 511 5369 dicas,
546 5312 708 5362 certe
738 5322 878 5361 vera
908 5322 1143 5377 quoque
1178 5305 1376 5363 dicere
1408 5307 1661 5364 videtur.
1713 5311 1793 5363 Eo
1826 5310 1987 5366 enim

325 5389 456 5461 ipso
487 5405 623 5445 vera
647 5390 976 5463 dicit,quod
1000 5390 1238 5445 mentiri
1266 5407 1328 5447 se
1349 5390 1568 5449 fatetur
1588 5408 1602 5457 ;
1622 5394 1989 5466 omninoque

326 5494 578 5536 necesse
638 5486 729 5537 est
784 5487 852 5538 ut
908 5479 1289 5537 mendacium
1320 5481 1538 5537 veritas
1590 5487 1649 5538 et
1679 5483 1984 5542 veritatem

327 5567 710 5627 mendacium
742 5570 1181 5644 subsequatur:
1231 5570 1516 5647 utramvis
1562 5572 1723 5628 enim
1755 5582 1986 5632 contra-

326 5658 606 5714 dictionis
637 5667 870 5731 partem
892 5661 1282 5730 concesseris,
1306 5661 1511 5717 eadem
1536 5676 1719 5733 opera
1738 5663 1986 5722 alteram

325 5765 563 5824 quoque
619 5753 1028 5824 assumpsisti.
1090 5757 1165 5810 At
1221 5753 1525 5823 mentitur,
1586 5753 1802 5828 inquit,
1847 5772 1987 5817 cum

2106 4779 2344 4850 proprie
2377 4778 2564 4844 canis,
2599 4778 2702 4832 sed
2732 4786 2983 4850 uterque
3036 4776 3297 4848 proprie.
3348 4776 3408 4831 id
3449 4785 3559 4836 est.
3603 4776 3762 4847 quod

2106 4865 2341 4924 dicitur.
2365 4869 2556 4939 Atque
2581 4866 2715 4922 inde
2744 4867 2885 4932 orsi,
2911 4866 3056 4921 nihil
3090 4865 3326 4921 obstare
3357 4864 3761 4929 affirmabant,

2104 4957 2426 5029 quominus
2481 4962 2540 5012 et
2586 4958 2761 5012 Pater
2812 4963 2871 5012 et
2918 4956 3102 5014 Filius
3153 4957 3364 5012 eodem
3416 4962 3476 5012 et
3521 4957 3762 5030 proprio

2102 5048 2347 5103 nomine
2380 5049 2532 5105 Deus
2565 5046 2922 5119 appelletur.

2172 5139 2461 5194 Caaterum
2496 5137 2636 5193 illos
2668 5153 2915 5207 magnus
2945 5137 3048 5193 ille
3078 5139 3255 5193 Pater
3285 5137 3600 5209 Gregorius
3635 5142 3767 5193 tan—

2101 5243 2280 5299 quam
2312 5227 2536 5283 absona
2584 5227 2848 5284 dicentes
2890 5227 3211 5300 redarguit.
3253 5227 3573 5284 Terrestris
3604 5227 3763 5282 enim

2100 5333 2288 5381 cauis,
2321 5316 2539 5387 inquit,
2581 5323 2639 5373 et
2696 5316 2963 5373 marinus
3021 5334 3195 5389 pares
3234 5323 3375 5374 sunt
3406 5316 3760 5384 substantia,

2099 5407 2393 5479 amboque
2427 5404 2694 5479 ejusdem
2722 5407 3006 5480 temporis
3028 5413 3087 5463 et
3108 5406 3409 5475 dignitatis
3438 5406 3759 5478 participes

2099 5494 2463 5553 efﬁciuntur.
2498 5497 2614 5552 Nec
2646 5501 2733 5552 est
2765 5496 2922 5567 quod
2955 5495 3117 5553 dicas
3159 5497 3317 5552 hunc
3357 5495 3596 5567 quidem
3630 5512 3756 5553 ma-

2097 5586 2185 5660 gis
2239 5601 2368 5641 esse
2415 5584 2832 5652 substantiam,
2885 5586 3052 5643 illum
3101 5602 3236 5642 vero
3283 5586 3528 5642 minus?
3563 5603 3760 5657 neque

2098 5677 2258 5734 hunc
2285 5676 2473 5748 prius.
2506 5676 2676 5734 illum
2710 5677 3007 5750 posterius
3038 5677 3243 5733 fuisse.
3279 5678 3497 5749 Estque
3525 5676 3760 5734 adeoin

2098 5782 2313 5825 canum
2345 5767 2622 5842 exemplo
2656 5768 2824 5842 quasi
2871 5767 3144 5840 quaedam
3189 5766 3437 5829 diversis
3467 5768 3530 5827 in
3559 5768 3759 5867 rebus,
