3986 5444
1942 401 2032 409 ...-

189 398 3417 458 Wmhw

1525 572 1693 616 ANNO
1737 570 1965 615 DOMINI
2010 571 2103 613 Ml.

1004 739 1504 1004 ΕΕΨ
1514 733 2252 1004 E9521
2266 735 2542 898 US

1416 984 1476 1040 S.
1514 980 1817 1038 ANDREE
1848 978 2241 1038 MONACHUS.

415 1232 566 1320 DE
643 1220 1323 1319 BENEDICTO
1393 1222 1544 1310 ET
1614 1218 1898 1309 EJUS
1969 1216 2581 1313 CHBONICO
2655 1219 3192 1312 NOTITIA.

1029 1414 1205 1487 (Apud
1228 1413 1291 1470 ι).
1311 1412 1492 1478 Pertz,
1520 1410 1756 1466 Monum.
1789 1407 1965 1464 Germ.
1995 1408 2136 1464 Hist.
2170 1408 2269 1466 SS.
2295 1417 2423 1466 tom.
2452 1411 2560 1481 Ill.)

251 1642 483 1697 Debetur
520 1634 577 1691 id
611 1631 941 1696 Chronicon,
982 1630 1089 1685 huc
1133 1642 1303 1699 usque
1330 1626 1611 1689 ineditum.
1655 1625 1755 1680 Be-
1783 1635 1832 1692 Α
1858 1625 2071 1682 lomodo
2099 1634 2312 1697 aptum,
2344 1635 2399 1682 et
2426 1640 2546 1683 eam
2575 1629 2755 1698 operis
2790 1637 3021 1699 partem,
3068 1631 3219 1702 cujus
3248 1632 3422 1692 fontes

183 1732 413 1794 nedicto,
442 1727 710 1782 monacho
743 1720 912 1777 sancti
943 1718 1168 1774 Andreze
1208 1719 1263 1772 in
1291 1725 1475 1772 monte
1504 1714 1753 1779 Soracte,

189 1825 301 1876 viro
338 1817 521 1873 nescio
564 1812 784 1881 majoris
831 1826 897 1864 an
927 1807 1239 1865 stoliditatis
1277 1822 1343 1860 an
1385 1805 1628 1869 incuria,
1664 1802 1756 1874 qui

188 1909 402 1966 Joannis
428 1906 526 1961 Xll
555 1916 799 1972 tempora
846 1900 1001 1964 vidit,
1051 1908 1106 1953 et
1144 1906 1398 1967 vergente
1438 1895 1634 1951 sazculo
1661 1896 1753 1948 de-

189 2002 323 2056 cimo
343 1996 568 2053 Joannis
592 1993 715 2050 XVI
738 2002 790 2048 et
817 1989 1113 2047 Crescentii
1159 1989 1348 2059 jugum
1378 1987 1561 2051 subiit,
1595 1994 1756 2055 atque

191 2088 497 2145 monasterii
528 2086 612 2141 sui
639 2098 824 2139 amore
859 2081 1205 2149 vanitateque
1243 2079 1434 2133 ductus
1483 2077 1552 2131 ad
1588 2076 1761 2130 histo-

194 2187 319 2239 riam
342 2180 689 2238 scribendam
736 2175 982 2231 accessit.
1036 2172 1145 2228 Nec
1193 2171 1345 2226 libris
1369 2169 1528 2241 plane
1557 2168 1755 2234 caruit,

194 2274 379 2342 quibus
422 2271 638 2340 adjutus
667 2266 959 2321 chronicon
1008 2262 1212 2325 ederet,
1256 2260 1454 2331 quippe
1504 2274 1595 2328 qui
1624 2258 1759 2312 Vitis

197 2365 249 2419 S.
290 2359 573 2433 Pigmenii,
605 2359 663 2412 S.
694 2354 910 2410 Martini
950 2360 1005 2409 et
1036 2351 1209 2407 sancti
1241 2349 1477 2414 Barbati,
1510 2346 1757 2402 Transla-

196 2457 329 2509 tione
355 2453 415 2507 S.
449 2446 834 2504 Bartholommi
864 2444 929 2498 ab
960 2442 1131 2498 insula
1168 2440 1347 2511 Lipari
1375 2440 1760 2505 Beneventum,

197 2545 342 2599 Beda:
364 2540 659 2603 Chronico,
709 2535 1009 2590 Annalibus
1046 2530 1487 2587 Laurissensibus
1513 2530 1755 2599 integris,

196 2632 481 2705 Eginhardi
510 2630 632 2685 Vita
662 2625 843 2681 Caroli
872 2622 1066 2694 Magni,
1098 2621 1279 2677 Gestis
1306 2619 1619 2691 pontiﬁcum
1650 2617 1759 2672 Ro-

197 2738 470 2777 manorum
494 2719 596 2791 (l),
619 2716 815 2773 edictis
840 2728 1021 2783 regum
1044 2710 1537 2782 Langobardorum,
1561 2707 1765 2762 chartis

199 2814 389 2867 archivi
418 2810 599 2866 sancti
630 2806 880 2871 Andreae,
907 2812 961 2858 et
1009 2802 1217 2858 notitiis
1240 2800 1307 2854 ad
1332 2799 1611 2854 historiam
1636 2813 1759 2853 cum

197 2904 640 2959 monasteriomm
672 2900 725 2955 iu
756 2905 934 2952 monte
966 2895 1190 2950 Soracte
1214 2893 1441 2948 sitorum
1467 2900 1584 2946 tum
1606 2891 1754 2946 Lan-

1856 1715 2187 1786 ignoramus,
2216 1732 2326 1772 non
2368 1718 2487 1773 sine
2516 1734 2711 1791 magna
2739 1720 3033 1776 dillidentia
3063 1724 3441 1781 adhibendam

1857 1822 1996 1872 esse,
2044 1822 2139 1878 per
2166 1824 2223 1863 se
2253 1817 2417 1878 patet.
2464 1810 2534 1865 At
2572 1811 2651 1866 sic
2684 1826 2895 1882 quoque
2923 1814 3101 1885 aliqua
3133 1816 3235 1871 title
3269 1818 3426 1888 digna

1857 1905 1912 1950 et
1937 1912 2053 1965 qua:
2083 1912 2276 1952 novam
2302 1898 2540 1954 historiae
2566 1901 2739 1956 lucem
2772 1900 3051 1958 al'l'undant
3090 1907 3336 1974 reperiri,
3370 1908 3424 1962 in

1858 1986 2085 2041 historia
2119 1986 2363 2043 Ratchisi
2407 1997 2462 2043 et
2515 1989 2735 2054 Tassiaa,
2790 1992 3026 2048 Alberici
3064 1996 3322 2066 principis
3370 2005 3427 2052 et

1860 2091 2038 2133 rerum
2070 2078 2434 2135 Romanarum
2465 2083 2643 2138 seaculi
2682 2085 2874 2139 deeiml
2896 2126 2911 2151 ,
2964 2087 3192 2158 ingenue
3226 2090 3423 2156 fateor,

1859 2175 2021 2237 atque
2060 2170 2293 2238 primum
2341 2170 2533 2225 fabula
2582 2172 2649 2227 de
2692 2172 2871 2229 Caroli
2924 2174 3099 2245 Magni
3143 2177 3335 2233 itinere
3372 2180 3428 2233 in

1862 2266 2060 2313 terram
2096 2270 2337 2315 sanctam
2378 2262 2660 2333 vestigium
2687 2264 2774 2319 hic
2805 2266 3013 2332 haberi,
3046 2268 3098 2321 in
3130 2268 3428 2325 Annalibus

1859 2350 2061 2404 nostris
2090 2351 2166 2421 (‘2)
2198 2352 2450 2407 iudicavi.
2479 2352 2626 2422 Opus
2649 2394 2665 2417 ,
2698 2354 2849 2411 initio
2884 2372 3151 2423 mancum,
3188 2358 3294 2415 line
3338 2377 3426 2415 ca-

1862 2450 1965 2502 ret.
1998 2456 2116 2494 cum
2155 2443 2465 2497 membrana
2496 2444 2546 2497 iu
2575 2445 2759 2499 codice
2782 2445 2862 2517 (5)
2891 2458 3192 2517 superesset
3218 2466 3231 2514 ;
3262 2466 3424 2519 quem

1861 2534 2251 2603 autographum
2297 2550 2418 2590 esse
2461 2538 2729 2607 scriptura
2758 2539 2904 2594 circa
2952 2556 3154 2597 annum
3204 2544 3429 2600 millesi-

1862 2636 2007 2674 mum
2032 2632 2251 2677 exarata
2281 2624 2457 2680 docet.
2482 2624 2540 2679 lu
2572 2626 2779 2683 edendo
2805 2628 2942 2683 libro
2962 2631 3195 2700 capitum
3222 2633 3432 2687 divisio-

1861 2708 1984 2766 nem
2022 2712 2251 2777 institui,
2294 2715 2546 2769 nonnulla
2573 2716 2638 2770 ad
2665 2719 2886 2772 verbum
2906 2734 2974 2773 ex
3002 2719 3145 2775 Beda
3175 2731 3225 2777 et
3248 2723 3433 2777 Anna-

1860 2802 2002 2858 libus
2038 2804 2478 2861 Laurissensibus
2517 2809 2835 2877 transcripta
2881 2810 3075 2864 iterum
3116 2813 3430 2868 excudenda

1863 2896 2057 2962 vetavi,
2088 2896 2293 2966 reliqua
2323 2898 2388 2951 ad
2411 2897 2641 2952 litteram
2668 2902 2930 2970 expressi.

199 2994 549 3061 gobardorum
591 2999 648 3045 et
695 2988 1057 3041 Romanorum
1110 2982 1448 3074 facientibus,
1496 2994 1631 3050 opus
1663 2995 1759 3074 ag-
1793 3014 1837 3074 Β
1897 2984 2197 3074 ⁸(ἱΙηοηίεο
2220 2984 2541 3074 subiungere
2578 2987 2754 3058 placet
2777 2987 3014 3045 libellum
3047 2993 3112 3047 de
3139 2992 3430 3062 imperato-

199 3099 403 3153 gressus
429 3092 533 3137 est.
580 3079 687 3134 Sed
717 3077 930 3148 optimis
953 3075 1186 3131 fontibus
1214 3073 1445 3144 pessimo
1472 3087 1646 3139 usum,
1695 3072 1761 3128 li-

204 3174 296 3226 ber
342 3174 451 3241 ipse
490 3170 693 3239 arguit.
749 3167 882 3220 Nam
934 3177 987 3221 et
1032 3163 1312 3219 sententiis
1354 3161 1620 3232 plurimis,
1656 3162 1762 3218 imo

200 3262 395 3330 paginis
445 3259 673 3328 integris
725 3255 1000 3311 annalium
1066 3252 1322 3318 omissis,
1379 3250 1456 3306 uil
1506 3250 1762 3307 haesitans

198 3366 439 3421 suprema
478 3347 843 3403 anterioribus
887 3361 949 3399 ac
985 3344 1030 3400 si
1063 3343 1250 3400 eadem
1281 3350 1464 3398 essent
1492 3340 1756 3412 adjungit,

199 3455 250 3495 et
269 3445 408 3497 viros
440 3456 537 3513 per
575 3438 892 3493 szeculorum
930 3446 1263 3490 terrarumve
1291 3435 1553 3488 immensa
1588 3432 1761 3503 Spatia

198 3535 262 3587 ab
296 3534 518 3587 invicem
544 3532 831 3591 discretos,
860 3526 1068 3583 Narseti
1095 3526 1437 3591 Rotharium,
1465 3523 1759 3579 Romualdo

198 3624 469 3677 Sicanium
512 3632 568 3676 et
618 3618 974 3691 Sykinolfum,
1035 3616 1225 3671 Carolo
1270 3615 1461 3686 Magno
1490 3615 1758 3670 Aaroncm

198 3716 486 3770 Nicifomm
518 3724 568 3770 et
601 3711 910 3768 Michaelem
941 3717 1247 3780 congregat.
1278 3717 1331 3763 et
1366 3708 1573 3763 fabulas
1595 3707 1759 3777 pluri-

199 3822 313 3859 mas
350 3807 527 3860 tradit.
572 3802 813 3871 Quarum
856 3801 999 3856 nulla
1058 3800 1168 3854 fere
1222 3809 1331 3854 tam
1350 3799 1649 3854 «ridiculam
1699 3812 1759 3854 se

194 3899 419 3964 prebet,
453 3911 615 3964 quam
672 3893 813 3962 quod
848 3892 1200 3961 imperatores
1238 3897 1293 3943 et
1334 3903 1488 3959 reges
1538 3887 1758 3958 privile—

196 3987 409 4056 giorum
444 3985 770 4040 monasterio
799 3982 967 4037 sancti
1016 3980 1243 4034 Andreae
1295 3978 1759 4034 concedendorum

187 4086 245 4130 et
267 4076 471 4131 edictis
489 4072 903 4145 Langobardicis
928 4069 1333 4126 inserendarum
1361 4082 1525 4123 causa
1551 4066 1759 4121 Italiam

192 4182 338 4238 sape
378 4168 527 4221 adire
553 4166 699 4220 facit.
730 4163 949 4218 Accedit
976 4160 1142 4230 quod,
1170 4160 1431 4215 sermonis
1453 4157 1631 4212 Latini
1660 4171 1760 4212 usu

189 4257 512 4324 destitutus,
560 4254 818 4310 neclecta
848 4251 1143 4320 intelligere
1170 4264 1271 4305 nec
1319 4250 1589 4307 intellecta
1621 4249 1756 4304 scri-

1866 3071 1947 3127 ria
1974 3081 2237 3143 potestate
2260 3074 2314 3129 in
2339 3072 2499 3140 Urbe,
2522 3091 2550 3129 a
2581 3076 2759 3132 Flacio
2788 3092 2851 3132 ex
2876 3078 3061 3133 codice
3090 3081 3313 3150 antiquo
3337 3082 3427 3136 ubi

1864 3174 1985 3233 post
2009 3164 2325 3234 Eutropium
2359 3167 2472 3221 sive
2496 3166 2788 3222 Historiam
2812 3168 3101 3224 miscellam
3132 3170 3432 3225 habebatur

1861 3252 2066 3306 editum
2096 3251 2205 3324 (4),
2256 3250 2409 3321 cujus
2450 3263 2733 3310 auctorem
2780 3256 3128 3311 Benedictum
3183 3270 3431 3315 nostrum

1861 3359 1981 3401 esse
2010 3345 2274 3415 suSpicor.
2319 3345 2555 3400 Suadeut
2603 3347 2655 3401 id
2705 3358 2912 3417 tempus
2962 3346 3250 3420 locusque,
3303 3366 3428 3407 cum

1861 3448 2048 3492 auctor
2077 3438 2221 3493 circa
2266 3453 2466 3492 annum
2499 3438 2838 3494 millesimum
2888 3438 3071 3496 Romae
3095 3450 3195 3496 aut
3222 3442 3276 3498 in
3302 3444 3436 3500 vici--

1860 3531 1949 3584 nia
1998 3529 2278 3600 scripserit
2332 3530 2449 3601 (5);
2506 3531 2710 3586 mentio
2751 3529 2945 3599 injecta
2991 3532 3057 3588 de
3107 3538 3435 3592 monasterio

1860 3621 2031 3675 sancti
2079 3620 2339 3685 Andrem,
2388 3620 2668 3675 sententiae
2711 3621 2935 3693 integra:
2965 3638 3031 3678 ex
3065 3625 3322 3681 chronieo
3352 3643 3434 3682 re-

1861 3711 2039 3780 petita:
2076 3709 2184 3780 (6),
2218 3709 2395 3763 fabula
2425 3710 2491 3763 de
2528 3708 2801 3765 Zachariae
2827 3726 2977 3782 papae
3004 3711 3335 3782 profectione
3375 3718 3432 3770 in

1861 3802 2169 3866 Frauciam,
2199 3809 2255 3855 et
2280 3799 2477 3855 inculta
2507 3800 2779 3855 scribendi
2808 3803 2970 3868 ratio,
2993 3819 3155 3875 quam
3187 3812 3366 3861 tamen
3397 3824 3430 3863 a

1852 3892 2042 3949 Flacio
2097 3890 2250 3946 valde
2297 3890 2517 3961 politam
2569 3900 2621 3945 et
2664 3892 3000 3947 emendatam
3042 3909 3161 3950 esse
3189 3894 3430 3950 credam.

1859 3982 1989 4048 Quae
2037 3982 2083 4035 si
2108 3982 2183 4035 ita
2214 3989 2356 4046 sunt,
2404 3980 2539 4034 fides
2569 3979 2748 4035 libello
2775 3982 2961 4036 eadem
3004 3999 3124 4055 quae
3153 3984 3429 4040 Chronico

1861 4071 2105 4127 habenda
2126 4070 2253 4134 erit,
2281 4070 2353 4123 ita
2376 4076 2434 4122 ut
2461 4068 2589 4121 nulli
2617 4069 2916 4134 sententiae,
2946 4070 3048 4125 nisi
3074 4086 3133 4125 re
3154 4073 3291 4126 bene
3314 4087 3432 4141 ρει-α

1860 4176 2028 4233 pensa
2057 4169 2113 4217 et
2135 4158 2407 4230 primariis
2428 4158 2664 4212 fontibus
2687 4158 2744 4211 iu
2777 4173 2888 4211 rem
2915 4159 3138 4220 vocatis.
3163 4160 3433 4216 innitaris.

1862 4252 2090 4321 Scripsit
2116 4258 2302 4304 auctor
2330 4262 2428 4317 pro
2452 4256 2607 4317 parte
2641 4248 2772 4301 etin
2800 4262 2955 4303 usum
2984 4248 3349 4319 imperatoris,
3379 4262 3438 4306 ut

192 4345 329 4400 bere
360 4346 608 4410 callebat,
659 4360 722 4399 eo
768 4352 913 4399 certe
956 4340 1093 4412 stylo
1132 4354 1283 4404 usus,
1331 4355 1488 4409 quem
1535 4354 1760 4397 summa:
1788 4365 1833 4427 ρ
1863 4341 2086 4399 credere
2111 4337 2194 4393 fas
2220 4345 2324 4404 est,
2351 4334 2565 4393 Ottouis
2593 4334 2677 4403 lll,
2710 4335 2937 4408 ideoque
2972 4338 3111 4394 intra
3133 4354 3305 4396 annos
3334 4339 3437 4400 998

189 4430 565 4487 Romanorum
596 4434 709 4502 ejus
749 4432 847 4487 aevi
899 4429 1163 4484 barbarici
1193 4429 1403 4498 signum
1449 4438 1664 4498 stupeas
1702 4437 1757 4482 et

187 4521 512 4579 horrescas.
540 4523 806 4593 Ejusmodi
846 4521 1021 4575 virum
1047 4518 1283 4574 historiae
1309 4517 1609 4579 scribendae
1639 4517 1757 4571 nul-

1865 4439 1921 4487 et
1952 4430 2108 4485 l00l.

782 4646 1476 4743 CHBONICON
1553 4644 2196 4736 BENEDICTI
2272 4639 2856 4734 MONACHI.

269 4894 328 4948 l.
356 4889 633 4947 Pimenius
660 4891 740 4959 (7)
767 4891 1026 4961 presbiter
1049 4904 1183 4946 voce
1204 4889 1345 4945 clara
1367 4890 1503 4947 dixit
1529 4908 1542 4945 :
1581 4910 1599 4943 ι
1623 4890 1766 4946 Deus

191 4983 572 5053 omniipotens,
596 4981 855 5050 quomodo
880 4990 930 5036 te
952 4997 1056 5037 non
1081 4979 1255 5048 video,
1283 4996 1380 5039 nec
1407 4983 1486 5039 sic
1513 4991 1565 5039 te
1586 4982 1765 5036 audis-

1870 4897 1968 4953 set,
1998 4895 2053 4942 et
2070 4885 2235 4941 verba
2266 4882 2499 4937 maxime
2522 4882 2572 4935 in
2608 4878 2773 4934 Deum
2799 4894 2903 4950 que
2939 4865 3002 4932 tui
3021 4863 3315 4948 abnegastt,
3345 4899 3442 4938 au-

1873 4981 2011 5037 liane
2040 4977 2297 5047 sacrilege
2326 4982 2381 5030 et
2410 4972 2728 5045 inpiissime.
2766 4989 2785 5022 ι
2840 4972 2905 5026 Ει
2926 4970 3087 5040 jussit
3111 4972 3443 5040 praecipitari

1682 5093 1909 5152 ΝΟΤᾸΞ.

268 5187 354 5256 (ι)
386 5182 648 5256 Libellum
668 5180 1010 5256 episcppalem
1032 5190 1187 5239 vocat
1216 5197 1265 5237 c.
1296 5182 1383 5241 39.

269 5252 353 5328 (ξ)
378 5252 855 5328 ratur-.148.
885 5252 1001 5328 υθ-

1872 5188 1976 5246 960
2006 5182 2447 5256 scripsisserati,
2490 5177 2804 5256 Eutmpium
2848 5172 3252 5256 Langobardum
3283 5188 3450 5256 voca.
3526 5173 3538 5185 '

1871 5240 2087 5318 verunt,
2116 5240 2269 5328 Τίμιος]
2298 5240 2525 5328 libellus
2536 5240 2675 5328 post'
2702 5240 3445 5328 {autroplii‘20pus-legeretur.
