3986 5444
246 344 331 431 ἥδ
1630 368 1796 425 cnnc

1897 366 2036 424 CON.
3412 370 3430 420 l
3455 369 3475 420 i

259 486 566 547 immobiliter
597 486 847 541 muniens
874 485 1143 549 fundavit,
1181 484 1495 541 mirabiliter
1519 483 1781 540 Constan-
1807 488 1859 544 Α
1887 481 2121 535 monium
2148 479 2250 535 hac
2279 480 2488 534 maritis
2517 481 2645 544 suis,
2670 489 2964 550 cunctaque
2989 492 3470 548 sacrarumatecle.

258 579 375 635 tinus
398 585 647 648 angustus
674 578 1033 634 corroborans
1059 576 1329 639 sotidavit,
1358 575 1564 630 scilicet
1585 585 1643 629 ut
1674 574 1793 643 ipsa

256 666 474 723 inviolata
505 678 719 736 semper
769 675 827 721 et
883 665 1120 738 gloriosa
1170 674 1433 728 maneret,
1465 675 1521 718 et
1557 664 1789 718 'illorum

252 755 610 811 haediﬁcatione
637 769 773 810 nova
808 764 868 809 et
900 753 1139 826 projenie
1187 752 1307 823 (2i)
1340 752 1601 823 plurimos
1657 751 1795 807 tilio:

248 852 554 915 aggregaret.

300 937 349 991 3.
370 935 477 1002 Que
520 945 644 1007 post
665 936 783 992 haec
806 945 930 991 acta
961 934 1332 999 sunt..Valens
1357 933 1469 1004 (22)
1512 948 1635 987 cum
1663 932 1793 987 Cra.

244 1026 393 1090 tiano,
424 1023 781 1081 Valentiniani
819 1025 976 1079 fratri
1004 1025 1085 1080 sui
1124 1022 1284 1087 ﬁlius,
1312 1023 1436 1078 anni
1489 1023 1543 1076 1.
1600 1021 1797 1077 Valens

243 1116 384 1170 talem
418 1115 588 1184 legem
613 1116 817 1179 datam,
857 1122 917 1170 ut
944 1115 1192 1169 monachi
1248 1112 1482 1167 militare
1529 1112 1793 1177 nolentes,

243 1203 624 1272 fustibusjussit
647 1204 900 1259 interfici.
930 1204 1075 1259 Gens
1104 1202 1380 1258 Hunorum
1435 1211 1489 1257 et
1536 1203 1791 1258 Guanda-

241 1292 392 1348 lorum
416 1292 528 1363 (25)
556 1292 733 1347 divina
765 1292 1057 1348 accessisse
1083 1292 1103 1323 ³
1133 1291 1281 1347 close
1304 1292 1579 1347 montibus
1607 1305 1799 1359 repen-

244 1383 336 1437 tina
364 1382 507 1437 rabie
548 1383 757 1452 percita
786 1391 995 1437 exarsit
1019 1382 1070 1436 in
1099 1381 1337 1447 Gothos;
1384 1395 1589 1450 eosque
1619 1379 1796 1449 sparsi

241 1482 349 1525 sunt
369 1470 410 1537 ⁸,
439 1473 750 1528 centurbati
776 1474 844 1528 ab
870 1473 1105 1543 antiquis
1131 1472 1353 1527 sedibus
1377 1471 1608 1541 expulsi.
1637 1470 1796 1526 Gothi

239 1561 412 1620 transit
454 1560 762 1617 Danubium
792 1562 1075 1634 fugientes.
1106 1562 1155 1617 Α
1181 1561 1376 1616 Valens
1404 1570 1660 1631 augustos
1683 1562 1799 1616 sine

241 1666 489 1707 armorum
520 1653 861 1723 depositione
898 1654 1157 1725 suscepti,
1192 1668 1316 1709 mox
1349 1668 1445 1722 per
1498 1654 1796 1707 Avarorum

236 1753 351 1809 gens
394 1740 630 1796 maxima
668 1742 691 1775 ³
727 1743 883 1798 ducis
935 1741 1080 1797 fame
1120 1742 1189 1798 ad
1225 1741 1587 1797 rebellandum
1625 1740 1795 1795 coacti

1896 570 2123 633 siarum,
2169 570 2436 625 zedilieare
2483 572 2739 639 precepit.
2786 570 2993 627 Abebat
3046 580 3223 627 autem
3272 588 3459 644 agrum

1894 675 2017 714 cum
2042 668 2296 724 montem,
2319 661 2411 729 qui
2427 661 2689 715 vocitatur
2711 661 3004 730 Campana,
3028 662 3300 718 territorio
3322 664 3469 719 Coli-

1896 764 2061 803 nense
2093 757 2175 804 est
2203 750 2405 818 posita;
2431 765 2554 803 nam
2592 766 2698 806 uno
2722 750 2890 804 latere
2929 751 3061 807 lines
3103 751 3356 818 Cusiano,
3398 754 3465 807 da

1895 840 2132 893 secundo
2155 838 2325 893 latere
2354 840 2496 893 ribos
2523 854 2644 893 cum
2682 854 2819 907 aqua
2843 840 2930 908 qui
2961 840 3154 894 dicitur
3175 840 3340 907 Cava,
3368 843 3461 913 qui

1893 926 2069 982 incole
2097 927 2229 981 locis
2258 928 2562 982 vocitantur
2607 927 2801 983 Cat-ba.
2829 929 2963 983 Nam
2994 931 3058 984 de
3109 930 3266 984 tertio
3293 931 3463 986 latere

1897 1017 2042 1072 rivos
2074 1016 2385 1073 Griﬁanello
2439 1027 2682 1073 vocatur.
2736 1020 2811 1073 De
2849 1030 3039 1090 quarto
3086 1036 3215 1079 vero
3244 1022 3464 1078 ﬂuvium

1898 1120 2171 1173 magnum,
2205 1105 2269 1160 de
2293 1122 2395 1175 qua
2420 1122 2446 1159 a
2480 1106 2826 1163 fundamento
2842 1109 2993 1178 juxta
3019 1125 3157 1180 aqua
3187 1114 3463 1183 parietinis

1896 1194 2150 1251 edificare
2176 1194 2357 1264 jussit.
2400 1196 2573 1266 Super
2599 1214 2737 1253 cnnc
2767 1202 3000 1255 macerie
3029 1217 3302 1258 murorum
3336 1219 3468 1261 con-

1896 1289 2095 1342 struxit
2120 1287 2420 1343 ecclesiam
2460 1290 2512 1342 in
2542 1304 2709 1344 onore
2764 1293 2934 1345 sancti
2983 1292 3194 1348 Andree
3242 1295 3468 1364 apostoli

1892 1377 2045 1446 juxta
2083 1377 2198 1445 ipso
2216 1376 2433 1431 ﬁumen.
2464 1378 2530 1432 Et
2548 1379 2702 1449 juxta
2734 1381 2846 1448 ipsa
2868 1380 3121 1447 ecclesia,
3151 1392 3334 1453 portus
3370 1384 3467 1454 qui

1897 1476 2123 1521 vocatur
2148 1466 2347 1523 Bonus.
2392 1468 2523 1521 Nam
2553 1470 2605 1523 in
2639 1485 2766 1539 agro
2789 1470 3121 1527 Pontianello
3165 1475 3467 1529 construxit

1896 1554 2136 1611 aecclesia
2158 1556 2211 1610 in
2242 1572 2409 1611 onore
2435 1559 2603 1612 sancti
2628 1558 2899 1614 Laurentii
2925 1561 3177 1632 martyris
3201 1571 3256 1617 et
3280 1561 3462 1617 levita.

1897 1644 1999 1712 Qui
2036 1646 2161 1700 dum
2190 1662 2378 1717 agrum
2414 1663 2537 1702 cum
2568 1658 2748 1703 monte
2779 1650 2842 1703 de
2871 1651 3160 1721 Campana,
3192 1666 3323 1708 cum
3350 1650 3467 1720 ejus

1897 1738 2145 1794 afﬁnibus
2172 1740 2224 1793 in
2256 1740 2639 1795 monasterium
2663 1743 2834 1796 sancti
2859 1741 3122 1807 Silvesui,
3154 1744 3245 1815 qui
3274 1744 3471 1800 dicitur

236 1837 363 1882 sunt.
387 1828 651 1901 Victoque
672 1830 914 1887 Valentis
943 1840 1193 1903 augusto,
1222 1831 1518 1886 exercitum
1540 1844 1636 1901 per
1661 1828 1793 1886 Tra-
1827 1821 1868 1878 Β
1898 1841 2132 1885 montem
2183 1831 2416 1901 Serapti,
2453 1847 2548 1902 per
2577 1833 2991 1889 instrumentum
3026 1844 3296 1890 cartarum
3340 1853 3468 1892 cen—

234 1916 308 1971 cia
328 1932 441 1973 sese
486 1918 770 1976 mittentes
800 1920 821 1951 ⁵
853 1920 1011 1977 simul
1056 1921 1239 1977 omnia
1277 1921 1500 1977 cedibus
1530 1921 1795 1977 incendiis

239 2007 527 2077 rapinisque
561 2008 837 2067 fuderunt.

294 2096 345 2151 1.
390 2098 684 2155 Gratianus
722 2115 842 2156 cum
894 2100 1063 2157 frater
1112 2102 1490 2158 Valentiniano
1555 2102 1683 2159 anni
1738 2100 1792 2154 6.

235 2186 550 2245 Theodosius
578 2200 840 2262 angustus
864 2207 895 2246 a
917 2191 1174 2247 Gratiano
1211 2191 1301 2246 illa
1332 2192 1561 2247 Sciticas
1582 2200 1790 2263 gentes,

236 2281 325 2336 hoc
345 2290 422 2337 est
446 2281 677 2347 Alanos,
713 2282 878 2349 Unos,
909 2292 964 2341 et
990 2282 1215 2350 Gothos,
1269 2284 1481 2353 magnis
1510 2283 1798 2355 multisque

231 2370 397 2438 preliis
422 2372 599 2427 vincit
627 2383 727 2426 etc.

289 2463 341 2517 5.
364 2463 636 2519 Arcadius
656 2474 929 2532 augustos,
953 2464 1151 2520 fratres
1176 2464 1482 2526 Theodosii.
1534 2480 1658 2519 cum
1687 2464 1800 2520 fra-

230 2562 332 2610 trm
364 2554 629 2621 Honorio,
653 2556 778 2609 anni
812 2556 1071 2613 1.3.Gothi
1100 2558 1152 2612 in
1174 2555 1329 2612 italia
1374 2556 1603 2627 ingressi
1638 2567 1795 2623 sunt;

233 2643 314 2711 qui
352 2644 504 2714 prius
585 2644 809 2700 Vandali
879 2656 1041 2716 atque
1099 2645 1255 2713 llani,
1306 2648 1645 2716 postmodum
1690 2648 1800 2704 Go-

234 2737 301 2793 thi
332 2750 427 2793 etc.

288 2831 340 2885 ὃ.
371 2831 649 2888 Honorius
676 2847 800 2889 cum
826 2828 1131 2889 Theodosio
1165 2832 1372 2887 minore
1394 2830 1548 2887 fratri
1577 2832 1659 2888 sui
1690 2831 1799 2887 filio

234 2924 460 2980 atmiis.
510 2926 768 2982 Alaricus
805 2941 898 2981 rex
949 2924 1249 2981 Gothorum
1300 2924 1529 2980 Romam
1580 2925 1798 2991 invasit,

235 3028 535 3089 partemque
565 3017 684 3087 ejus
711 3018 974 3075 cremavit
1010 3018 1278 3083 incendio,
1318 3018 1373 3073 9.
1401 3017 1627 3073 Kalend.
1661 3016 1799 3073 Seb-

237 3109 467 3174 tetnbrio,
496 3125 650 3164 anno
686 3110 1010 3166 conditionis
1038 3108 1197 3175 1164,
1223 3111 1323 3164 hac
1345 3119 1497 3165 sexto
1525 3111 1613 3165 die
1633 3125 1797 3180 quam

236 3198 489 3271 ingressus
514 3201 698 3257 fuerat
718 3203 1007 3272 depredata
1030 3202 1237 3271 urbem,
1260 3210 1521 3273 ceperunt
1545 3202 1597 3257 in
1630 3218 1797 3272 regno

235 3287 367 3346 Italic
391 3292 542 3362 ignis
559 3290 711 3347 ferro
739 3292 1041 3348 devastare.

309 3379 506 3450 Pagina
534 3382 770 3452 Eiusque
791 3382 841 3437 6'
884 3382 1471 3437 scribitur-"Anastasius
1513 3381 1608 3436 sub
1654 3381 1802 3435 Non-

237 3485 353 3523 ηοω
373 3473 654 3541 ρηεροδὶιο
690 3472 989 3526 monasterii
1010 3473 1175 3526 sancti
1208 3471 1448 3527 Silvestri
1495 3472 1798 3525 monachus.

235 3556 551 3614 Miraculain
574 3562 889 3615 monasterio
907 3563 1073 3616 sancti
1095 3560 1590 3631 Silvestri.Lampas
1607 3561 1799 3630 fracta,

234 3651 547 3707 oratimtibm
577 3670 596 3703 ι
628 3668 759 3709 sana
790 3654 1105 3724 repperitur.
1138 3652 1254 3720 Quo
1280 3654 1449 3709 crevit
1476 3652 1672 3707 famam
1706 3668 1802 3723 per

238 3740 468 3797 universo
490 3742 680 3798 italico
696 3758 881 3814 regno,
895 3743 1055 3797 etiam
1069 3742 1226 3799 Gothi
1241 3759 1398 3814 quam
1412 3743 1641 3797 audaces
1654 3751 1797 3807 sunt,

232 3828 333 3896 ejus
376 3833 625 3889 ecclesiae
661 3833 809 3889 nullo
843 3834 998 3888 modo
1018 3834 1265 3889 valebant
1300 3833 1596 3903 adtingere.
1630 3850 1648 3883 ι
1681 3831 1800 3884 Alia

234 3919 502 3975 miracula.
535 3942 558 3974 ‹
582 3922 939 3993 Symmachus
960 3938 1092 3994 papa
1120 3924 1342 3978 audiens
1368 3924 1433 3978 de
1456 3931 1643 3978 sancto
1659 3923 1797 3988 viro,

234 4016 391 4065 totum
404 4029 607 4083 agrum
632 4015 1022 4084 Transpaitano
1041 4031 1163 4070 cum
1176 4015 1451 4070 coloniset
1462 4014 1650 4070 colone
1662 4014 1799 4069 hibi-

230 4099 339 4154 dem
354 4103 763 4159 abitantibuset
778 4105 1130 4160 residentibus
1139 4122 1236 4176 per
1250 4106 1644 4175 preceptionem
1662 4102 1799 4156 hibi-

228 4189 341 4245 dem
384 4198 728 4251 constituere
766 4196 823 4249 in
875 4198 1233 4267 superscripta
1276 4196 1524 4253 ecclesia.
1550 4216 1568 4248 ι
1620 4193 1796 4263 Pergit

230 4292 398 4336 auctor
408 4301 432 4338 ἰ

289 4372 339 4425 7.
370 4374 649 4445 Tempore
670 4377 765 4432 illo
793 4378 857 4433 de
872 4393 976 4449 quo
1004 4379 1255 4446 diximus,
1287 4378 1674 4442 Theodericus,
1702 4391 1797 4431 rex

226 4454 545 4526 Gothorum,
573 4464 898 4533 Symachum
921 4468 1155 4522 consulis
1178 4483 1240 4523 ac
1260 4467 1506 4538 patriciis
1534 4465 1790 4521 Ravenna

230 4551 531 4607 trucidavit.
579 4555 787 4610 Abebat
827 4566 1005 4611 autem
1033 4558 1330 4630 Symachus
1358 4560 1463 4613 lilia
1514 4574 1617 4612 una
1676 4568 1793 4613 tan-

224 4646 520 4710 tummodo,
554 4648 768 4702 nomine
788 4648 960 4713 Galla,
988 4648 1126 4703 intra
1148 4650 1511 4705 adulescentie
1552 4658 1795 4719 tempore

225 4732 415 4787 marito
447 4737 693 4801 tradita;
729 4739 782 4792 in
821 4740 979 4793 unius
1004 4741 1128 4794 anni
1153 4742 1322 4809 spatio
1369 4742 1483 4810 ejus
1513 4750 1596 4795 est
1626 4750 1797 4794 morte

227 4823 456 4880 viduata.
487 4827 595 4893 Qui
624 4830 747 4884 dum
778 4830 1019 4885 fervente
1044 4833 1223 4885 mundi
1259 4832 1409 4905 copia
1453 4833 1520 4887 ad
1590 4831 1792 4885 iteran-

226 4912 343 4968 dum
407 4918 733 4985 thalamum,
783 4931 838 4975 et
889 4936 1017 4991 opes
1082 4931 1137 4976 et
1184 4932 1312 4978 tutas
1360 4932 1598 4988 vocaret,
1649 4923 1796 4995 eligit

230 5006 393 5074 magis
421 5008 761 5076 spiritalibus
784 5012 982 5080 nuptiis
1009 5012 1242 5080 copulari
1270 5015 1407 5081 Dco;
1440 5016 1491 5072 in
1535 5014 1731 5085 quibus
1763 5029 1793 5066 ιι

229 5087 394 5147 luctus
416 5096 704 5166 incipitur,
732 5100 823 5152 sed
839 5099 904 5151 ad
928 5101 1119 5168 gaudia
1142 5109 1319 5156 eterna
1340 5105 1669 5174 pervenitur.
1696 5101 1793 5157 llic

1896 1920 2091 1973 stituit.
2147 1920 2429 1976 Ediﬁcavit
2466 1931 2643 1978 autem
2688 1926 2917 1980 ecclesia
2965 1925 3137 1981 sancti
3211 1924 3470 1985 Johannis

1896 2010 2300 2082 Baptistejuxta
2328 2012 2419 2082 qui
2439 2012 2633 2068 dicitur
2662 2014 2888 2085 Tarega,
2913 2016 3182 2071 territorio
3204 2015 3467 2088 Nepesino

1898 2118 2018 2156 cum
2032 2102 2211 2157 omnia
2246 2117 2342 2157 sua
2371 2104 2530 2158 rebus
2559 2105 2904 2175 proprietatis
2932 2106 2985 2161 in
3015 2106 3256 2163 ecclesiis
3277 2118 3466 2164 sancte

1899 2189 1993 2245 Dei
2027 2190 2303 2262 genitricis
2363 2208 2681 2264 semperque
2736 2196 2961 2267 virginis
3009 2195 3194 2261 Mario,
3254 2197 3471 2254 domine

1898 2292 2105 2349 nostre,
2138 2285 2503 2355 episcopatum
2547 2286 2809 2357 Nepesino
2859 2288 3111 2343 civitatis.
3160 2286 3476 2349 Construxit

1897 2390 2074 2435 autem
2106 2382 2554 2438 excellentissima
2579 2381 2729 2439 Galla
2758 2383 2984 2453 patricia
3015 2383 3240 2439 ecclesie
3265 2382 3471 2440 duabus

1900 2472 2175 2527 territorio
2190 2472 2492 2539 Colinense,
2540 2474 2595 2528 in
2641 2489 2813 2529 onore
2831 2474 3086 2545 principis
3110 2474 3470 2546 apostolorum

1899 2564 2066 2633 Petri,
2093 2567 2314 2623 basilica
2346 2569 2437 2638 qui
2465 2568 2665 2625 dicitur
2688 2580 2874 2625 'mater
2894 2568 3140 2636 ecclesia,
3179 2579 3233 2626 et
3254 2570 3355 2625 alia
3379 2573 3475 2640 qui

1901 2659 2100 2717 dicitur
2133 2658 2335 2713 Ascuto
2352 2658 2397 2723 ',
2422 2673 2546 2713 cum
2579 2658 2739 2714 rebus
2776 2658 3017 2714 omnium
3052 2675 3272 2715 suarum
3304 2662 3472 2730 ρει·ιί-

1900 2751 2173 2815 nentes,in
2206 2750 2472 2819 integrum
2498 2749 2551 2804 in
2578 2749 2949 2819 episcopatum
2980 2747 3247 2820 Nepesino
3273 2752 3473 2805 consti-

1902 2844 2021 2900 tuit.
2056 2842 2187 2897 Item
2214 2840 2483 2895 territorio
2498 2839 2813 2906 Savinense,
2847 2838 2986 2894 infra
3012 2854 3188 2897 massa
3216 2841 3305 2909 qui
3337 2840 3470 2896 dici-

1903 2942 1990 2988 tur
2009 2930 2274 2995 Cornicle,
2296 2944 2400 2999 que
2421 2928 2576 2998 vulgo
2605 2929 2802 2983 dicitur
2826 2928 3221 2999 Septimih'ana,
3245 2929 3468 2986 basilica

1902 3024 1957 3080 in
1982 3035 2151 3080 onore
2170 3019 2339 3076 sancti
2363 3017 2634 3075 Valeutini
2652 3018 2909 3089 mpiscopi
2938 3034 3063 3074 cum
3083 3020 3265 3074 omnia
3277 3019 3470 3088 jacen-

1903 3119 1975 3173 tia
2005 3115 2173 3187 ipsius
2219 3111 2445 3168 ecclesie
2474 3111 2757 3167 constituit
2792 3111 2846 3165 in
2886 3111 3253 3181 episcopatum
3320 3112 3475 3167 Savi-

1902 3223 2069 3265 nense
2088 3208 2135 3273 ⁸,
2161 3206 2253 3275 qui
2280 3206 2588 3260 editicatum
2620 3213 2702 3260 est
2735 3204 2790 3259 in
2819 3204 3064 3261 acivitate
3116 3219 3222 3275 que
3276 3205 3472 3261 dicitur

1899 3301 2095 3357 Forum
2125 3313 2343 3353 novum.
2372 3296 2429 3351 ln
2460 3296 2828 3365 superscripto
2854 3296 3125 3351 territorio
3155 3294 3471 3353 Sabinensis

1900 3389 2168 3445 accclesias
2206 3387 2375 3444 sancti
2424 3385 2567 3441 Petri
2610 3386 2663 3440 in
2704 3385 2918 3440 Tarano
2965 3401 3088 3441 cum
3139 3399 3237 3439 sua
3290 3387 3470 3443 omnia

1894 3480 2149 3549 iacentia,
2178 3479 2232 3533 in
2263 3477 2580 3548 prephatum
2606 3474 2993 3545 episcopatum.
3024 3474 3152 3531 Post
3197 3475 3466 3547 expletum

1900 3586 2033 3640 opus
2080 3569 2174 3624 Dei
2255 3568 2617 3623 aacclesiarum
2645 3566 3000 3631 constructio,
3054 3573 3110 3623 et
3144 3566 3461 3622 traditiones

1898 3658 2286 3714 venerabilium
2308 3657 2570 3720 locorum,
2594 3656 2803 3725 ahjecto
2826 3654 3087 3709 secularis
3112 3654 3377 3719 habitum,
3397 3655 3465 3710 ad

1897 3747 2280 3818 omnipotentis
2301 3746 2393 3801 Dei
2418 3746 2692 3801 servitium
2713 3758 2829 3799 sese
2854 3753 2983 3813 aput
3009 3744 3151 3800 beati
3172 3743 3317 3799 Petri
3344 3758 3469 3815 apo-

1899 3837 2022 3893 stoli
2050 3836 2289 3891 :ecclesia
2316 3835 2373 3890 in
2395 3834 2723 3889 monasterio
2736 3833 3049 3888 setradidit.
3076 3832 3263 3903 Ibique
3289 3833 3473 3891 multis

1898 3929 2055 3985 annis
2089 3925 2445 3997 simplicitatis
2472 3925 2672 3990 cordis,
2700 3933 2859 3994 atque
2880 3923 3213 3979 orationibus
3265 3924 3466 3991 dedita,

1894 4020 2045 4089 larga
2092 4014 2454 4087 indigentibus
2509 4013 2925 4069 elemosinarum
2978 4028 3140 4082 opera
3190 4014 3469 4083 impendit.

1896 4108 2137 4175 Cumque
2160 4105 2497 4173 omnipotens
2511 4102 2652 4156 Deus
2664 4116 2801 4170 pene
2822 4100 2934 4168 jam
2964 4101 3210 4156 mercede
3237 4102 3461 4159 reddere

1894 4196 2167 4252 laboribus
2193 4193 2308 4264 ejus
2336 4190 2678 4255 decrevisset,
2710 4190 2889 4245 cancri
2915 4190 3097 4247 ulcera
3130 4190 3186 4247 in
3215 4191 3451 4247 mamilla

1896 4303 2151 4362 percussa
2194 4296 2294 4341 est.
2350 4283 2463 4351 Que
2490 4283 2616 4337 dum
2644 4293 2800 4337 nocte
2852 4282 3082 4354 quadam
3126 4281 3227 4339 hec
3275 4284 3461 4339 eadem

1893 4380 2101 4450 iaceret
2130 4376 2495 4433 infirmitatem
2534 4373 2775 4445 fatigata,
2819 4373 2951 4431 vidit
2993 4373 3208 4428 beatum
3250 4372 3466 4432 Petrum

1900 4479 2197 4551 apostolum
2222 4485 2347 4531 ante
2373 4491 2449 4531 se.
2476 4475 2643 4547 Eique
2678 4474 2841 4529 dixit:
2877 4492 2894 4524 ‹
2954 4472 3093 4539 Quid
3113 4482 3197 4528 est
3245 4472 3462 4528 domine

1898 4580 2081 4637 meus?
2112 4578 2339 4635 Dimisso
2363 4584 2486 4631 sunt
2509 4575 2639 4633 mihi
2687 4582 2905 4649 peccata
2951 4580 3104 4629 mea!
3152 4592 3171 4626 ›
3225 4572 3323 4629 Cui
3379 4573 3470 4630 ille

1896 4684 2145 4754 princeps
2174 4677 2534 4751 apostolorum
2549 4676 2777 4747 benigne
2803 4675 2954 4730 adest
2979 4674 3178 4740 vultus,
3211 4674 3467 4730 inclinato

1898 4785 2072 4856 capite
2116 4780 2302 4837 annuit
2335 4778 2550 4832 dicens:
2588 4798 2604 4828 ι
2665 4775 2895 4829 Dimissa
2930 4782 3086 4837 sunt;
3140 4773 3294 4829 venit
3336 4792 3353 4823 ι
3391 4770 3467 4829 As

1899 4884 2061 4955 igitur
2085 4879 2331 4937 exoletis.
2358 4878 2498 4932 visio
2544 4874 2767 4930 aoostoli
2812 4871 3136 4936 assistentis,
3192 4880 3247 4926 et
3301 4870 3470 4926 collo-

1896 4984 2128 5057 quentis,
2163 4981 2399 5037 ablatum
2436 4989 2534 5033 est.
2567 4977 2750 5033 Tertio
2776 4987 2956 5032 autem
2984 4975 3069 5029 die
3092 4988 3215 5027 cum
3245 4986 3307 5027 ea
3353 4986 3463 5041 que

1896 5084 2142 5157 superius
2166 5081 2369 5137 dictum
2396 5088 2500 5144 est,
2522 5078 2769 5133 defuncta
2804 5089 2905 5132 est.
2936 5073 3084 5141 Quod
3108 5071 3307 5127 factum
3356 5083 3464 5137 ρει,
