4082 6328
509 373 590 426 45

1570 379 1928 438 BENEDICTI
1969 383 2027 440 5.
2065 433 2067 439 .

2170 383 2370 443 DBEzE
2411 383 2716 445 MONACIII
3689 382 3757 437 I6

492 484 652 554 eius.
687 482 787 552 Qui
814 485 1112 543 Gothorum
1143 496 1386 560 tempore
1422 489 1635 549 Alarico
1685 509 1778 550 rex
1820 494 1918 551 hec
1967 505 2086 553 acta
2120 506 2165 566 Α
2192 507 2401 556 cuncta:
2443 497 2686 556 aecclesie
2731 495 2868 554 Infra
2919 494 3218 553 Romanam
3262 493 3490 552 hurbem
3535 491 3759 550 donaria

511 581 660 628 sum.

571 663 636 718 ~8.
669 663 786 732 Quo
815 677 1029 726 mortuo
1051 668 1288 738 Alarico,
1325 674 1585 730 successit
1613 674 1663 730 in
1690 691 1916 746 regnum
1944 677 2093 733 Toti-

512 753 618 808 Iam
650 754 1002 826 impiissimus
1030 777 1122 817 rex
1153 761 1474 819 Gothorum.
1499 765 1557 820 In
1582 767 1913 837 temporibus
1936 784 2090 822 nam-

509 857 616 913 que
629 843 745 912 ejus
761 847 926 903 mnlta
957 851 1196 920 nequitie
1226 852 1279 907 in
1317 869 1482 924 regno
1504 853 1657 910 Italic
1683 864 1738 910 et
1765 855 1820 910 in
1844 855 2088 913 Romane

511 934 708 994 finibus
736 940 1080 1013 subiugatum
1106 952 1216 1000 est;
1237 943 1354 1012 Quo
1393 947 1444 1000 in
1475 956 1665 1003 sancto
1695 947 1788 1003 Dei
1815 948 2090 1005 confesso-

507 1048 596 1088 res
615 1035 847 1102 extorti,
875 1047 930 1094 et
953 1039 1244 1105 verberati,
1272 1050 1326 1094 et
1361 1039 1565 1106 afllicti,
1597 1056 1697 1112 pro
1726 1041 1946 1098 Christo
1974 1052 2086 1098 tru-

505 1125 691 1193 cidati,
707 1137 866 1200 atque
881 1130 1062 1200 plures
1076 1132 1303 1189 ecclesie
1329 1133 1379 1187 in
1393 1133 1578 1188 Italico
1606 1149 1771 1205 regno
1793 1134 2084 1203 dcstructe,

503 1222 664 1284 atque
680 1217 1030 1274 civitatibusa
1057 1219 1218 1284 ferro,
1265 1221 1387 1292 igne
1405 1231 1594 1278 exuste
1620 1232 1766 1278 sunt.
1791 1221 1925 1279 Nam
1957 1239 2087 1294 pon-

504 1313 584 1361 tcs
615 1307 761 1362 flnbii
813 1310 1096 1380 Tybcrinis
1121 1313 1214 1368 vie
1261 1313 1490 1377 Salarie,
1539 1315 1629 1385 qui
1685 1315 1837 1386 prius
1889 1316 2080 1372 Albula

500 1397 802 1464 dicebatur,
849 1401 939 1470 qui
971 1402 1272 1474 Tyberinus
1298 1420 1413 1470 rex,
1456 1405 1595 1461 filius
1646 1405 1806 1476 Capis
1855 1406 2015 1478 regis,
2050 1422 2081 1464 a

498 1501 606 1555 quo
633 1486 851 1544 llubium
879 1490 1181 1562 appellatus
1214 1502 1294 1548 est
1330 1493 1576 1566 Tyberis,
1624 1506 1678 1550 et
1725 1504 1921 1566 parites
1952 1511 2082 1551 con-

496 1592 738 1640 structus
754 1600 780 1639 a
799 1584 1161 1644 fundamentis
1184 1603 1341 1644 ruere
1370 1589 1513 1644 fecit.
1533 1588 1870 1645 Justinianus
1885 1588 2080 1644 Justini

494 1693 664 1734 uxore
698 1694 865 1752 nepos
893 1679 1120 1745 Narsus,
1154 1681 1327 1738 Rome
1352 1682 1617 1754 patricius
1667 1689 1922 1738 avocatus
1972 1691 2074 1746 est,

2194 589 2361 646 multa
2391 591 2692 658 constituit,
2724 599 2776 647 et
2805 597 3128 646 conventum
3159 588 3358 644 factum
3395 604 3518 644 cum
3554 583 3732 642 Rotha

2193 683 2276 737 rio
2304 698 2451 755 rege,
2488 684 2556 740 de
2580 683 2943 753 Pentapolim,
2973 691 3029 738 et
3057 682 3124 738 de
3147 680 3346 738 Tuscie
3383 679 3602 745 flnibus,
3626 695 3733 748 quo
3772 737 3777 756 '

2191 774 2352 828 modo
2376 773 2764 830 Constantinus
2785 782 2973 830 sancte
2999 773 3246 828 Romane
3286 771 3516 828 ecclesie
3552 769 3752 826 const'-

2192 864 2416 928 tult,-.sie
2446 863 2911 920 eamimmobilem
2929 877 3268 934 permanere.
3287 861 3353 917 Et
3375 867 3600 931 accepto
3635 859 3758 914 bre-

2189 953 2359 1008 viario
2393 969 2422 1008 a
2461 953 2724 1010 Rothario
2746 970 2924 1026 regem
2951 955 3005 1009 in
3027 952 3257 1009 ecclesia
3277 951 3420 1008 beati
3451 949 3594 1006 Petri
3625 963 3758 1019 apo-

2188 1044 2560 1112 stoli,a'I‘icine
2574 1046 2809 1102 civitatis
2822 1045 3155 1116 Langobardi
3171 1053 3546 1116 perrexerunt;
3564 1039 3762 1096 factum

2186 1146 2269 1192 est
2289 1135 2673 1208 regnumltalie
2687 1135 2950 1191 habitatio
2963 1134 3464 1204 Langobardorum.
3487 1131 3641 1188 Unde
3668 1147 3758 1186 aco

2186 1229 2328 1299 cepit
2353 1244 2448 1284 eas
2484 1227 2689 1284 Narsus
2727 1227 3116 1283 monasterium
3163 1225 3408 1298 Seraptis
3455 1224 3674 1288 montis,
3709 1232 3762 1278 ct

2185 1319 2409 1374 donaria
2437 1318 2677 1374 simulet
2714 1317 2874 1374 rebus
2919 1318 3081 1389 eique
3127 1316 3430 1380 constituit,
3480 1323 3536 1371 et
3588 1315 3762 1370 factus

2183 1419 2269 1465 θει
2311 1425 2415 1480 pax
2444 1410 2586 1466 inter
2616 1408 3002 1481 Langobardos
3036 1417 3091 1465 et
3134 1409 3426 1474 Romanos,
3452 1416 3760 1476 verumpta-

2184 1516 2308 1557 men
2337 1517 2442 1558 non
2475 1502 2704 1558 multum
2737 1513 2970 1574 tempus.
3023 1501 3216 1558 Postea
3247 1501 3416 1556 Roma
3444 1514 3544 1570 per
3585 1499 3759 1570 patri-

2183 1593 2298 1648 cius
2356 1592 2822 1664 principabantnr.
2879 1593 3129 1649 Tiberius
3191 1591 3305 1664 (29)
3373 1589 3763 1648 Constantinus

2179 1682 2500 1754 principem.
2551 1682 2867 1755 Gregorius,
2919 1682 3348 1753 apochrisarium
3409 1688 3602 1736 sancte
3654 1677 3761 1734 Bo-

492 1779 549 1828 et
579 1773 648 1828 ab
677 1774 824 1828 omni
877 1774 1077 1845 populo
1131 1775 1374 1830 Romano
1429 1775 1699 1842 helcctns;
1741 1774 1912 1830 forme
1960 1782 2078 1830 erat
2180 1789 2340 1830 mane
2393 1774 2636 1830 acclesie
2690 1776 2742 1830 in
2795 1774 3322 1845 Constantinopolim
3369 1773 3591 1836 missus,
3638 1778 3762 1842 post

491 1862 787 1931 dissimilis,
839 1865 1197 1938 peritissimus
1253 1876 1371 1922 erat
1406 1868 1459 1922 in
1518 1877 1772 1922 mentem.
1814 1866 1927 1922 Vox
1961 1868 2080 1938 ejus
2110 1885 2154 1945 Β
2182 1864 2456 1920 Romanus
2486 1865 2656 1922 libros
2681 1867 3020 1937 expositione
3065 1865 3116 1920 in
3159 1862 3260 1920 Job
3305 1863 3577 1928 condidit;
3611 1861 3761 1917 Enti-

494 1953 775 2022 mcllillua,
844 1965 1103 2029 rectoque
1152 1958 1220 2013 ad
1281 1958 1713 2030 investigandum
1771 1959 2075 2014 Romanum
2180 1956 2322 2011 ciqu
2367 1957 2608 2027 ejusdem
2657 1957 2847 2013 hurbis
2893 1957 3180 2027 episcopus
3226 1961 3485 2020 errasset,
3530 1950 3765 2023 Tyberio

487 2045 794 2118 imperium.
818 2047 970 2104 Tunc
996 2058 1351 2104 surrexerunt
1371 2048 1469 2103 viri
1503 2048 1748 2105 scelerati
1777 2050 1842 2102 de
1878 2048 2094 2103 Roma-'

486 2138 574 2192 nis
621 2139 841 2206 finibus,
875 2156 998 2195 cum
1026 2139 1188 2197 Gothi
1220 2141 1530 2197 laborantes
1578 2148 1633 2196 ct
1667 2140 1883 2212 negotio
1931 2147 2074 2195 trac-

485 2238 668 2286 tantes
693 2230 759 2285 de
786 2229 1038 2287 interitus
1061 2232 1215 2288 Narsi
1249 2231 1492 2303 patricii,
1547 2231 1783 2302 qualiter
1810 2231 2068 2302 expulsus

488 2329 544 2377 et
570 2320 775 2391 ejectus
801 2337 831 2377 a
857 2321 1104 2379 Romano
1131 2323 1440 2394 imperium.

551 2412 593 2468 9
642 2411 854 2468 Mortuo
885 2411 1067 2470 hidem
1112 2412 1442 2486 Justiniano,
1493 2411 1755 2468 successit
1803 2411 1856 2466 in
1906 2424 2070 2480 regno

481 2501 730 2559 Justinus
767 2503 966 2560 minor.
995 2502 1200 2560 Narsus
1242 2503 1530 2576 patricium
1573 2501 1830 2566 Totilnm,
1865 2503 2070 2558 Gotho-

481 2608 603 2647 rum
652 2607 856 2664 regem,
897 2593 1048 2650 Itaiia
1086 2604 1436 2664 superaverat
1479 2603 1533 2650 et
1567 2594 1786 2650 occidit.
1825 2591 2069 2648 Postmo-

479 2688 608 2744 dum
647 2687 810 2744 Gothi
835 2704 1017 2761 regem
1047 2704 1153 2744 non
1185 2689 1490 2744 habuerunt
1522 2690 1573 2743 in
1601 2687 1775 2743 Italia.

550 2779 797 2852 Sequitur
833 2781 1070 2836 narratio
1103 2782 1168 2836 de
1203 2779 1450 2836 Narsidis
1488 2780 1604 2834 rixa
1645 2797 1764 2834 cum
1791 2778 2064 2847 Romanis,

477 2869 544 2924 de
575 2887 594 2922 ‹
627 2869 841 2942 Sit/ﬁcia
875 2890 894 2923 ι
922 2870 1179 2942 Augusta.
1208 2870 1484 2926 Iohannes
1515 2869 1628 2942 (24)
1649 2869 1932 2940 episcopus
1957 2869 2066 2926 Ro-

475 2975 638 3017 mane
674 2962 920 3018 aeeclesie
961 2963 1228 3034 pontifex,
1259 2962 1489 3018 ecclesia
1525 2962 1892 3033 apostolorum
1929 2960 2062 3017 Phi;

473 3051 624 3126 Iyppi
665 3062 720 3110 et
779 3053 987 3120 Jacobi,
1039 3071 1198 3125 quam
1247 3054 1603 3125 prodecessor
1648 3052 1763 3122 ejus
1815 3053 2064 3126 Pelagius

473 3143 870 3216 ceperat'fecit
915 3153 969 3200 et
1009 3144 1299 3210 dedicavit,
1350 3133 1530 3214 quea
1585 3141 1832 3198 fidelibus
1879 3142 2060 3214 populi

2173 2056 2480 2117 presentem
2511 2047 2753 2102 correxit
2775 2058 2874 2103 etc.
2895 2065 2960 2102 ex
2989 2047 3154 2102 Beda.

2248 2135 2338 2190 10.
2394 2135 2515 2191 Mox
2559 2135 2782 2192 efferam
2833 2137 3316 2210 Langobardorum
3364 2151 3522 2210 gens,
3562 2134 3638 2190 de
3668 2149 3768 2188 va-

2173 2228 2296 2302 gina
2353 2243 2449 2285 sue
2503 2227 2861 2283 habitationis
2913 2229 3132 2297 educta,
3186 2229 3241 2284 in
3310 2235 3495 2284 nostra
3545 2221 3763 2281 cervice

2171 2331 2414 2379 crassata
2449 2330 2555 2379 est.
2605 2323 2785 2394 Atque
2831 2338 3089 2378 umanum
3145 2337 3317 2395 genus
3365 2319 3512 2391 quod
3559 2319 3613 2374 in
3658 2317 3761 2374 hac

2172 2420 2315 2468 terra
2368 2429 2466 2484 pre
2530 2413 2878 2470 multitudine
2921 2414 3087 2469 nimia
3137 2415 3291 2486 quasi
3339 2414 3514 2484 spisse
3562 2411 3759 2483 segetis

2169 2521 2319 2562 more
2364 2515 2714 2563 surrexeerat
2746 2508 2993 2564 succisus
3038 2509 3205 2564 aruit.
3259 2507 3394 2563 Nam
3434 2505 3758 2578 depopulate

2169 2597 2392 2663 burbes,
2447 2611 2639 2654 eversa
2691 2607 2897 2665 castra,
2949 2609 3295 2655 concrcmate
3335 2597 3600 2654 :ecclesie.
3650 2595 3758 2650 De-

2165 2698 2374 2746 structe
2403 2700 2531 2746 sunt
2561 2690 2896 2747 monasteria
2923 2691 3164 2746 virorum
3204 2699 3368 2761 atque
3400 2689 3752 2753 feminarum,

2169 2779 2411 2837 desolata
2440 2781 2508 2837 ab
2536 2780 2792 2847 omnibus
2822 2781 3028 2852 predia,
3066 2790 3228 2852 atque
3254 2781 3322 2836 ab
3349 2781 3499 2836 omni
3543 2779 3755 2836 cultore

2167 2869 2424 2927 destituta
2463 2869 2517 2926 in
2547 2869 2845 2926 solitudine
2881 2877 3046 2925 vacat
3089 2880 3257 2925 terra.
3309 2867 3498 2924 Nullus
3545 2868 3600 2924 in
3643 2868 3748 2924 hac

2165 2982 2448 3041 possessor
2488 2967 2750 3035 inabitat,
2796 2967 3101 3022 medactum
3137 2965 3188 3000 π
3227 2973 3312 3020 est
3359 2963 3749 3020 monasterium

2165 3068 2378 3116 montes
2417 3058 2661 3130 Seraptis
2688 3059 2743 3115 in
2773 3059 3085 3123 solitudine,
3111 3067 3173 3114 et
3199 3065 3394 3113 cuncta
3421 3057 3538 3128 ejus
3562 3055 3750 3127 predia

2165 3147 2464 3204 destructa.
2491 3145 2909 3219 Occupaverunt
2933 3148 3106 3204 bestie
3132 3147 3273 3210 loca.
3305 3161 3411 3218 que
3428 3146 3584 3218 prius
3613 3143 3750 3200 mul-
3805 3171 3810 3176 -

454 3223 498 3287 ³(
530 3235 723 3292 Sancti
777 3235 1020 3307 Apostoli
1051 3256 1069 3290 ι
1128 3235 1388 3292 vocitant.
1425 3235 1504 3288 De
1553 3233 1778 3289 Albuino
1831 3233 2132 3300 NarsideC
2167 3237 2341 3294 titudo
2397 3238 2676 3295 hominum
2731 3238 2968 3303 tenebat,
3015 3246 3069 3294 et
3104 3239 3246 3308 quod
3297 3237 3352 3292 in
3395 3237 3518 3291 aliis
3562 3234 3749 3291 mundi

469 3325 531 3380 in
588 3325 808 3381 Italiam
857 3327 1023 3381 accito
1071 3343 1135 3382 ex
1179 3325 1338 3380 Beda:
1387 3323 1680 3390 Chronico;
1737 3323 2002 3394 pergitque
2036 3342 2056 3382 :

469 3413 676 3471 Narsus
696 3430 830 3472 vero
857 3415 1120 3487 patricius
1147 3414 1276 3472 fecit
1306 3414 1479 3470 amica
1511 3428 1671 3470 causa
1697 3428 1818 3468 eum
1844 3411 2058 3484 Lango-

468 3505 694 3574 bardos,
737 3515 790 3564 et
815 3516 1075 3578 ceperunt
1105 3507 1251 3562 inter
1289 3521 1350 3562 se
1388 3515 1608 3577 pactum
1647 3513 1698 3560 et
1727 3503 2057 3560 convenien-

469 3597 546 3653 tia
575 3598 640 3655 de
663 3613 832 3674 regno
853 3599 1059 3655 Italico.
1086 3599 1297 3654 Mortuo
1322 3597 1465 3653 idem
1492 3597 1688 3652 Albuin
1718 3611 1813 3652 rex
1847 3594 2056 3668 Lange.

467 3687 785 3758 bardorurn,
832 3691 1094 3747 successit
1129 3689 1443 3745 Rotharius
1475 3687 1588 3760 (25)
1637 3703 1756 3752 rex,
1801 3686 1894 3756 qui
1925 3685 2054 3742 facti

465 3781 832 3840 sunt'Narsus
867 3783 1253 3840 et‘Rothar‘ius
1282 3783 1436 3854 quasi
1464 3781 1740 3853 germanis
1773 3780 1826 3836 in
1861 3793 2051 3850 regno,

467 3879 526 3929 et
559 3882 807 3929 emerunt
837 3873 949 3947 (26)
996 3875 1248 3941 consilio,
1293 3875 1567 3944 quomodo
1606 3887 1772 3944 regno
1803 3869 1990 3926 Italico
2019 3883 2048 3924 a

465 3964 666 4022 Justini
687 3967 708 3999 ’
743 3968 990 4040 principe
1017 3977 1071 4024 et
1095 3969 1214 4040 ejus
1245 3967 1651 4026 successoribus
1676 3967 1890 4038 eripere
1923 3981 2051 4037 pos-

467 4065 572 4112 set.
600 4056 770 4126 Quem
801 4058 916 4132 (27)
956 4059 1254 4115 Rotharius
1283 4075 1404 4125 rex,
1429 4059 1514 4114 vir
1535 4057 2047 4120 excellentissimus,

464 4148 888 4221 belligerrimus,
929 4150 1106 4208 factus
1132 4161 1220 4208 est
1257 4151 1532 4216 robustus,
1571 4149 1747 4205 nullus
1777 4150 1826 4206 ei
1857 4148 2052 4206 similis

463 4240 582 4298 Suis
626 4241 977 4313 temporibus.
1024 4242 1230 4300 Narsus
1272 4244 1419 4299 dedit
1465 4244 1514 4298 ei
1549 4241 1776 4299 consilio
1817 4241 1885 4298 de
1918 4258 2046 4314 por-

464 4340 585 4387 tera
615 4347 722 4404 que
747 4342 871 4390 sunt
904 4335 957 4390 in
981 4350 1149 4405 regno
1175 4335 1347 4400 ltalie,
1380 4344 1438 4390 ut
1463 4349 1654 4390 omnes
1682 4349 1777 4390 cas
1808 4333 2049 4390 destrueo

2155 3328 2404 3399 partibus
2440 3337 2630 3400 agatur
2659 3329 2871 3400 ignoro.
2911 3329 3204 3384 Rotharius
3231 3342 3325 3384 rex
3350 3326 3743 3399 Langobardov

2156 3435 2294 3485 rum,
2326 3419 2592 3475 lubricum
2643 3421 2757 3477 suis
2801 3422 3068 3492 corporis,
3104 3429 3162 3476 et
3212 3420 3443 3477 multum
3491 3419 3739 3476 vinolen-

2157 3517 2291 3576 tum,
2321 3508 2447 3566 fecit
2477 3510 2742 3582 synodum
2772 3526 2896 3567 cum
2937 3511 2978 3543 “
3010 3511 3270 3582 episcopi,
3317 3519 3373 3567 et
3417 3510 3582 3566 dictis
3625 3507 3744 3579 (50)

2155 3599 2364 3673 legibus
2399 3600 2882 3673 Langobardorum
2931 3600 3259 3672 composuit,
3308 3598 3580 3670 quomodo
3610 3597 3747 3652 Lan-

2154 3691 2512 3763 gobardorum
2559 3693 2614 3748 in
2653 3691 2804 3748 Italia
2837 3707 2959 3747 eum
2997 3691 3113 3762 lege
3142 3691 3370 3745 viveret.
3406 3687 3516 3745 Sed
3553 3702 3743 3743 eorum

2154 3784 2336 3855 prisco
2367 3794 2610 3855 tempore
2639 3783 2964 3855 gentilitatis
2991 3797 3100 3838 non
3140 3781 3425 3847 deserunt,
3465 3794 3574 3850 quo
3609 3778 3747 3833 Lan.

2154 3874 2378 3948 gobardl
2401 3889 2552 3930 more
2572 3889 2670 3930 suo
2700 3873 3052 3929 immolabant
3079 3880 3241 3943 caput
3263 3883 3426 3940 capre
3448 3868 3665 3926 diabolo
3687 3867 3744 3924 in

2152 3975 2457 4038 pugnantes
2486 3967 2590 4022 hoc
2614 3965 2664 4021 ei
2701 3971 2986 4020 currentes
3013 3977 3113 4034 per
3153 3961 3466 4028 circuitum,
3517 3967 3577 4015 et
3624 3974 3747 4015 car-

2152 4057 2299 4114 mine
2335 4057 2596 4113 nefaudos
2623 4056 2961 4112 decantaret.
3003 4054 3070 4110 Et
3097 4053 3190 4126 qui
3215 4053 3318 4109 hoc
3345 4065 3452 4108 non
3479 4049 3742 4120 hacquie—

2150 4156 2347 4212 sceret.
2379 4149 2498 4204 sine
2541 4147 2707 4204 dubio
2737 4145 3200 4217 interrogationis,
3255 4142 3435 4213 capite
3483 4139 3743 4212 puniren-

2151 4248 2258 4294 tur.
2287 4239 2582 4294 Rotharius
2615 4252 2706 4291 rex
2737 4234 3217 4306 Langobardorum
3243 4232 3400 4297 obiit,
3438 4239 3496 4286 et
3523 4229 3745 4301 apposi-

2150 4341 2238 4388 tus
2265 4341 2352 4388 est
2375 4346 2402 4384 a
2430 4327 2800 4400 Langobardis
2840 4327 3016 4398 gentis
3047 4341 3144 4381 sue
3181 4325 3439 4380 Ravenue
3467 4321 3730 4379 civitatis.

462 4431 582 4490 ret;
617 4432 674 4478 et
716 4439 823 4494 quo
853 4439 973 4480 eam
1013 4424 1125 4496 (28)
1168 4425 1243 4480 ita
1287 4424 1488 4480 factum
1527 4431 1627 4487 est,
1663 4432 1716 4479 et
1745 4423 2046 4480 absolutum
2150 4427 2374 4498 Sergius
2407 4424 2520 4496 (51)
2562 4438 2698 4495 papa
2732 4423 2786 4478 in
2824 4421 3072 4478 sacrario
3115 4419 3262 4476 beati
3310 4417 3460 4474 Petri
3507 4412 3739 4487 apostoli

463 4524 552 4571 est
581 4516 960 4588 regnoltalico
986 4533 1016 4573 a
1047 4516 1176 4590 jugo
1205 4516 1823 4589 Constantinopolitano,
1857 4519 1925 4572 ab
1957 4517 2047 4572 illo
2079 4585 2115 4590 _
2150 4534 2313 4589 capsa
2351 4526 2607 4588 argentea
2634 4529 2743 4586 que
2782 4514 2836 4570 in
2888 4511 3086 4584 angulo
3113 4510 3505 4568 obscurissime
3545 4505 3740 4562 diutis-

464 4606 554 4663 die
585 4585 838 4680 deinceps
889 4585 1138 4680 amplius
1171 4608 1404 4666 Romani
1455 4585 1702 4665 dationes
1747 4608 2042 4666 Grecorum
2077 4585 2129 4647 Ῑ)
2151 4585 2288 4668 sime
2327 4585 2596 4679 jacuerat,
2646 4585 2702 4662 et
2749 4606 2806 4661 in
2857 4620 2920 4662 ea
2949 4617 3170 4660 crucem
3199 4601 3431 4659 diversis
3469 4596 3739 4670 lapidibus

461 4695 766 4767 principem
805 4714 916 4754 non
957 4699 1317 4756 solverentur.
1367 4698 1575 4754 Narsus
1614 4713 1746 4754 vero
1789 4699 2047 4770 patricius
2153 4703 2436 4769 adornata,
2467 4698 2694 4755 Domino
2719 4694 3066 4760 revelantem,
3095 4693 3355 4766 repperit.
3385 4691 3461 4747 De
3488 4703 3593 4760 qua
3621 4697 3734 4742 tra-

462 4785 594 4842 fecit
622 4789 1004 4846 :ecciesiacnm
1025 4791 1413 4846 monasterium
1441 4790 1584 4846 beati
1616 4789 1765 4845 Pauli
1797 4789 2044 4860 apostoli,
2149 4793 2252 4848 etis
2282 4799 2517 4863 quatuor
2568 4786 2784 4860 petallis
2813 4827 2827 4852 ,
2865 4784 3062 4856 quibus
3091 4797 3307 4855 gemme
3351 4779 3558 4836 incluse
3574 4782 3738 4832 erant

463 4877 559 4947 qui
591 4878 792 4936 dicitur
813 4881 880 4936 ad
894 4882 1076 4953 Aquas
1099 4881 1330 4950 Salvias,
1351 4881 1589 4952 reliquiae
1617 4879 2048 4936 beatiAnastasii
2151 4884 2290 4939 mire
2319 4879 2711 4954 magnitudinis
2737 4919 2754 4946 ,
2789 4877 3041 4950 portione
3071 4875 3202 4947 ligni
3249 4869 3516 4930 salutiferi
3560 4867 3737 4924 domi-

463 4973 723 5043 martyris
770 4974 1015 5032 adductae
1065 4988 1413 5032 venerantur.
1458 4973 1779 5030 Construxit
1823 4985 2041 5045 pontem
2151 4976 2271 5031 nice
2309 4975 2487 5030 crucis
2530 4971 2760 5030 interius
2804 4968 3041 5041 reposita
3069 4965 3322 5037 inspexit.
3353 4963 3471 5031 Que
3499 4968 3738 5018 extent.

463 5059 612 5121 ﬂubii
645 5064 946 5140 Tybcrinus
968 5068 1264 5140 meliusque
1289 5067 1605 5126 reformavit
1634 5067 1702 5122 ab
1735 5081 1880 5140 yma.
1910 5066 2044 5122 Nam
2152 5082 2284 5139 pore
2312 5064 2404 5123 illo
2450 5063 2608 5121 annis
2635 5053 2887 5119 omnibd‘s
2931 5059 2988 5115 in
3041 5056 3265 5114 basilica
3306 5052 3606 5111 Salvatoris
3629 5060 3736 5120 que

1746 5219 1830 5275 VA
1841 5220 1980 5278 RLE
2014 5220 2415 5282 LECTIONES.

550 5350 572 5382 ’
604 5349 867 5426 justinian
899 5369 1037 5410 corr.
1061 5349 1273 5426 justini.
1355 5353 1396 5386 ¹⁰
1440 5354 1477 5408 i.
1509 5370 1555 5409 ε.
1594 5353 1890 5412 redactum.
1970 5356 2010 5388 ¹¹
2051 5356 2337 5428 synodum.
2369 5356 2502 5412 Cum
2542 5358 2658 5439 cod.

1973 5495 2207 5556 ΝΟΤᾹΞ.

2223 5610 2340 5682 (28)
2377 5609 2431 5682 Id
2469 5619 2556 5667 est
2601 5611 2872 5681 quoniam.

2219 5678 2333 5752 (‘29)
2373 5680 2503 5748 Quae
2539 5678 2852 5752 sequuntur,
2885 5695 2950 5734 ex
2979 5678 3142 5734 Beda.

2244 5750 2334 5806 50)
2376 5752 2430 5806 Id
2463 5762 2544 5805 est
2576 5751 2777 5804 edictis.

2245 5818 2335 5891 3|)
2378 5821 2660 5891 Sergius...
2701 5820 2868 5874 redire
2897 5821 3018 5890 fecit
3047 5833 3112 5875 ex
3139 5818 3300 5874 Beda.

559 5605 650 5666 ει)
688 5607 1027 5663 Johannes...
1056 5609 1314 5665 dedicavit
1344 5623 1412 5666 ex
1445 5607 1608 5666 Beda.

555 5675 648 5732 25)
686 5676 920 5732 Minime.
1421 5675 1442 5684 ⁸

531 5746 644 5816 (26)
682 5746 736 5800 Id
765 5756 848 5802 est
890 5749 1138 5808 inierunt.

537 5816 652 5890 (27)
690 5817 743 5873 Id
770 5827 853 5872 est
881 5817 1005 5885 Qui.
