3986 5444
218 400 276 453 l7
1618 384 2030 448 CllRONlCON.
3401 379 3468 437 {8

216 510 497 585 appellatur
522 507 1002 573 Constantiniana,
1050 505 1136 563 die
1179 505 1527 561 exaltationis
1569 505 1687 576 ejus
1716 504 1783 558 ab
1816 506 1857 565 Λ
1889 515 2043 555 sacra
2071 498 2318 555 colebant
2362 495 2633 555 arborem,
2685 494 2737 548 in
2786 509 2888 563 qua
2934 492 3325 585 suspendentes
3346 510 3459 585 7co-

212 605 292 661 oni
327 603 439 674 (ὄῖ)
464 601 810 659 osculantur
831 611 995 670 atque
1022 586 1317 655 adorarent
1348 597 1565 669 populo.
1594 594 1790 666 Gysul-

211 696 289 751 fus
318 710 411 751 rex
456 696 502 728 “
549 692 1053 765 Langobardorum,
1099 690 1154 745 in
1202 692 1378 761 primo
1418 689 1571 759 κινειιὶ
1605 689 1688 743 sui
1746 686 1789 718 ⁸³

209 787 510 842 Benevento
543 784 841 853 Campanie
886 781 1010 853 igne
1037 782 1216 852 gladio
1261 781 1577 850 captivitate
1608 787 1789 833 vasta-

210 878 300 930 vit.
329 875 581 945 Cumque
616 889 725 929 non
752 882 898 928 esset
937 871 1030 943 qui
1060 871 1179 942 ejus
1208 871 1467 941 impetum
1516 868 1793 923 resisteret

208 966 537 1038 apostolicus
565 981 707 1037 papa
734 963 1030 1031 Jobanues,
1062 964 1155 1034 qui
1183 962 1408 1033 Sergius
1434 967 1789 1023 successerat,

210 1055 390 1112 missis
438 1056 509 1110 ad
563 1070 689 1111 eum
735 1051 1109 1108 sacerdotibus
1150 1065 1214 1106 ac
1261 1048 1501 1105 donariis
1545 1046 1793 1119 plurimis

209 1146 241 1200 b
261 1146 528 1200 universos
559 1142 853 1199 redimeret
878 1141 1145 1210 captibos,
1172 1147 1335 1210 atque
1362 1138 1548 1193 hostes
1572 1137 1789 1193 domum

211 1234 387 1289 rsdire
414 1230 565 1289 fecit.
600 1230 703 1300 Qui
750 1230 889 1287 mira
918 1227 1031 1287 Deo
1061 1229 1276 1285 favente
1304 1236 1566 1302 tyrannus
1597 1224 1792 1299 Gysul-

214 1322 312 1389 fus,
343 1340 437 1379 rex
468 1322 979 1394 Langobardorum,
1009 1336 1038 1376 a
1062 1322 1175 1378 suis
1204 1319 1521 1377 interfectus
1546 1329 1649 1376 est.

278 1415 365 1471 ll.
417 1414 788 1472 Ereberectus
818 1414 930 1486 (35)
975 1428 1070 1470 rex
1115 1412 1591 1484 Langobardorum
1633 1411 1791 1467 robo—

217 1515 353 1562 ratus
380 1515 472 1563 est
498 1507 552 1561 in
587 1520 791 1578 regno,
821 1506 984 1576 σωρίι
1012 1505 1227 1561 curiose
1256 1518 1486 1575 querere
1526 1505 1790 1574 patrimo-

221 1596 297 1652 nia
323 1595 548 1668 Alpium
588 1597 892 1662 Cotiarum,
922 1595 1087 1651 multa
1115 1596 1276 1651 nimis
1302 1595 1708 1651 considerantes
1738 1595 1792 1649 in

218 1703 390 1743 amore
416 1687 569 1743 Petri
595 1688 861 1759 principis
890 1687 1280 1759 apostolorum,
1311 1687 1583 1758 quomodo
1612 1688 1791 1742 ablata

218 1789 346 1836 esset
371 1796 402 1835 a
447 1782 566 1839 suis
606 1782 1046 1837 antecessoribus
1089 1789 1146 1836 et
1176 1782 1447 1853 quomodo
1485 1780 1793 1852 pertinebat

1896 591 2037 645 rium
2084 600 2179 645 etc.
2228 605 2389 659 usque
2431 586 2756 650 custodiunt,
2808 596 2862 640 ut
2894 586 2961 659 jn
3001 583 3116 639 Vita
3142 586 3308 640 sancti
3333 584 3465 640 Bar-

1893 683 2021 736 bati.

1967 772 2051 828 l3.
2105 770 2371 829 Omnibus
2402 785 2529 826 vero
2565 769 2934 841 Langobardis
2980 769 3031 825 in
3079 786 3248 844 regno
3297 768 3467 833 ltalie,

1893 860 2082 918 relicto
2112 877 2301 917 errore
2326 877 2353 916 a
2387 861 2587 918 Christi
2621 862 2987 917 moderamine
3032 862 3329 929 conversis,
3365 862 3470 917 fide

1893 962 2079 1007 sancte
2105 950 2387 1007 Trinitatis
2420 959 2684 1007 tenentes.
2735 950 2942 1007 Interea
2989 950 3131 1023 Gysa
3179 966 3333 1008 soror
3362 950 3472 1009 llo-

1894 1042 2096 1108 muald,
2129 1043 2185 1099 in
2202 1042 2400 1099 Christi
2427 1058 2612 1098 amore.
2644 1057 2890 1108 accensa,
2914 1043 3060 1099 nullo
3081 1046 3238 1101 modo
3266 1057 3295 1098 a
3318 1043 3475 1099 virilo

1862 1127 2173 1206 'amplexus
2229 1136 2526 1207 satagebat.
2590 1135 2827 1207 Eratque
2894 1146 3169 1203 venustas,
3240 1137 3472 1208 eleganti

1896 1223 2088 1295 forma,
2114 1227 2205 1300 qui
2235 1230 2370 1284 exiit
2402 1228 2543 1284 fama
2583 1230 2998 1299 pulchritudinis
3024 1245 3120 1300 per
3150 1231 3472 1285 buuiversus

1894 1317 2139 1373 horbcm.
2170 1317 2522 1389 Devulgatum
2554 1328 2636 1375 est
2678 1319 2821 1374 enim
2854 1318 3113 1384 Florenti,
3162 1335 3255 1374 rex
3288 1319 3470 1373 Paler-

1894 1407 2099 1464 mitano
2131 1409 2264 1481 (37),
2316 1410 2711 1481 pulchritudine
2741 1410 2857 1481 ejus
2895 1411 3099 1482 puelle;
3135 1411 3467 1483 congregati-

1896 1516 2001 1573 que
2025 1501 2380 1558 barbarorum
2410 1518 2560 1574 gens,
2608 1502 2811 1567 Africe,
2844 1504 3114 1568 Palarmo,
3156 1512 3211 1557 ct
3250 1502 3474 1575 Babylo-

1897 1591 2007 1659 nie,
2031 1591 2231 1648 classes
2261 1608 2396 1649 nave
2427 1594 2682 1665 impetum
2727 1594 2859 1666 (58),
2906 1596 3229 1667 navigioque
3257 1604 3473 1651 certan-

1898 1686 2065 1753 tibus,
2093 1687 2160 1743 ad
2198 1686 2437 1743 Amalvis
2474 1698 2869 1759 pervenerunt;
2901 1706 3008 1759 quo
3036 1699 3176 1745 terra
3220 1704 3477 1761 coperue-

1898 1786 2027 1831 runt
2078 1778 2217 1832 sicut
2274 1777 2501 1833 locuste.
2554 1778 2776 1835 Concitc
2824 1780 3099 1834 irritantes
3147 1779 3262 1851 (59)
3314 1794 3475 1849 super

221 1872 505 1942 apostolice
537 1872 731 1940 sedes,
759 1873 852 1927 sed
879 1886 909 1925 a
940 1870 1309 1943 Langobardis
1347 1870 1515 1927 multo
1553 1879 1795 1942 tempore
1825 1857 1870 1917 Β
1898 1865 2235 1923 Beneventos
2312 1870 2519 1933 urbem,
2570 1878 2623 1923 et
2680 1870 2811 1923 vidit
2883 1869 3142 1925 Romuald
3196 1870 3473 1926 exercitus

221 1963 379 2019 fuerat
406 1964 616 2020 ablata.
661 1962 921 2021 Restituit
948 1965 1087 2037 juris
1120 1963 1359 2033 ejusdem
1406 1965 1572 2031 sedis,
1601 1973 1657 2021 et
1693 1965 1793 2020 hac

218 2053 516 2111 donationis
565 2056 750 2111 aureis
799 2055 1053 2126 scriptam
1105 2054 1299 2111 litteris
1353 2055 1523 2111 Roma
1571 2055 1789 2113 direxit.

218 2140 478 2200 Iohannes
517 2154 743 2215 preerat
777 2160 946 2215 papa,
974 2144 1063 2216 qui
1095 2145 1237 2200 inter
1266 2144 1433 2200 multa
1461 2160 1683 2216 operum
1715 2145 1795 2200 in-

219 2234 452 2289 lustrium
482 2234 615 2290 fecit
635 2236 937 2291 oratorium
967 2244 1151 2291 sancte
1178 2235 1271 2290 Dei
1301 2235 1607 2306 genitricis,
1630 2249 1794 2306 opere

221 2323 559 2393 puleerrimo,
592 2326 734 2380 intra
769 2326 998 2381 ecclesia
1042 2325 1185 2382 beati
1229 2324 1375 2381 Petri
1413 2326 1663 2397 apostoli,
1706 2326 1795 2382 ubi

220 2414 400 2469 dicitur
421 2430 452 2469 a
480 2416 771 2472 Veronice.
794 2416 1151 2472 Ereberectus
1179 2430 1270 2471 rex
1294 2414 1791 2488 Langobardorum,

220 2504 384 2559 audita
410 2506 722 2562 eversionis
745 2507 1057 2562 monasterii
1087 2507 1260 2563 sancti
1284 2505 1534 2563 Silvestri
1562 2508 1615 2563 in
1644 2524 1797 2565 mon-

219 2606 267 2651 te
289 2597 531 2670 Syrapti,
578 2599 826 2669 repetitio
852 2597 994 2655 facta
1023 2613 1055 2653 a
1082 2597 1356 2654 Iohannes
1395 2597 1551 2669 hujus
1583 2608 1797 2670 aposto-

221 2685 308 2741 lice
334 2688 505 2756 sedis,
537 2697 595 2743 ut
631 2688 683 2743 in
716 2689 827 2744 suis
862 2688 1006 2760 regie
1046 2688 1328 2759 potestatis
1356 2688 1597 2745 detinere
1625 2689 1797 2746 mani-

222 2776 330 2843 bus,
360 2788 419 2832 ut
445 2780 596 2847 quod
628 2778 743 2832 hate
770 2779 842 2833 ita
866 2788 1045 2833 actum
1082 2787 1184 2843 est,
1219 2777 1529 2834 restitutum
1556 2789 1640 2835 est
1677 2794 1795 2835 mo-

221 2869 505 2924 nasteriqu
560 2883 687 2925 cum
737 2870 987 2925 omnibus
1034 2869 1146 2925 suis
1199 2870 1397 2935 rebus,
1449 2879 1504 2925 et
1555 2870 1795 2943 regimen

223 2967 403 3013 sancta:
430 2959 875 3017 conversationis
902 2958 1108 3031 quiebit
1137 2959 1189 3017 in
1220 2975 1375 3031 pace,
1406 2962 1794 3018 monasterium

224 3060 332 3101 cum
361 3046 565 3106 Tuseie
601 3048 818 3106 ﬁnibus.

286 3140 368 3195 l2.
410 3141 633 3197 Mortuo
666 3144 846 3213 itaque
885 3143 1244 3202 Ereberectus
1280 3160 1374 3200 rex
1416 3144 1797 3225 Langobardo-

1895 1956 2275 2026 barbarorum,
2300 1960 2427 2030 quia
2458 1961 2607 2016 multi
2640 1970 2814 2027 erant,
2860 1970 2915 2017 et
2969 1961 3265 2016 timuerunt
3295 1962 3473 2017 nimis.

1898 2046 1964 2103 Et
1994 2048 2129 2103 dixit
2162 2049 2423 2105 llomuald
2471 2052 2537 2107 ad
2581 2050 3003 2120 Langobardos:
3052 2070 3071 2104 σ
3109 2052 3474 2123 Exurgamus,

1897 2149 1949 2195 et
1980 2142 2336 2197 aseendamus
2361 2152 2549 2198 contra
2599 2144 2847 2198 inimicos
2889 2152 3120 2199 nostros.
3152 2163 3170 2196 ι
3225 2143 3292 2197 Ει
3320 2143 3470 2198 dixe-

1897 2240 2026 2287 runt
2072 2231 2456 2303 Langobardi:
2503 2252 2520 2287 I
2564 2233 2676 2289 Non
2711 2250 2997 2305 possumus
3040 2235 3334 2290 ascendere
3375 2235 3471 2290 ad-

1898 2339 2087 2381 versus
2123 2334 2333 2381 tantttm
2360 2326 2664 2393 exercitus;
2698 2326 2888 2381 melius
2916 2334 2999 2381 est
3030 2326 3184 2381 nobis
3210 2324 3474 2397 refugium

1898 2423 2083 2473 nostre
2141 2417 2396 2484 civitatis,
2451 2426 2505 2474 et
2551 2418 2843 2474 liberemur
2889 2418 3099 2472 animas
3142 2427 3376 2482 nostras,
3421 2424 3479 2471 et

1898 2508 2117 2565 nuntios
2149 2519 2362 2566 nostros
2392 2509 2688 2581 dirigamus
2742 2526 2771 2565 a
2816 2508 3097 2566 Grimuald
3138 2523 3233 2563 rex
3291 2514 3479 2563 noster

1897 2601 2036 2671 patri
2071 2609 2181 2665 tuo,
2240 2611 2295 2656 et
2338 2617 2638 2673 pugnemus
2688 2601 2947 2657 adversus
3005 2615 3129 2663 eos;
3184 2614 3282 2655 nos
3330 2597 3480 2655 enim

1898 2692 2056 2763 pauci
2087 2706 2292 2747 sumus.
2334 2710 2353 2744 ι
2382 2691 2451 2747 Ει
2485 2692 2623 2746 dixit
2658 2691 2954 2747 Bomuald:
3002 2711 3020 2744 ι
3049 2690 3204 2749 Absit
3228 2705 3259 2744 a
3284 2688 3474 2744 nobis.’

1898 2782 1941 2836 Α
1971 2782 2160 2839 diebus
2210 2798 2275 2837 ex
2331 2798 2439 2853 quo
2490 2783 2681 2837 Alboin
2731 2796 2844 2847 rex,
2903 2790 3089 2837 noster
3140 2788 3475 2841 antecessor,

1898 2871 2282 2943 Langobardos
2308 2873 2495 2928 eduxit
2537 2874 2604 2928 de
2630 2872 2929 2937 Pannonia,
2968 2870 3330 2927 talisseemodi
3370 2885 3478 2926 non

1897 2972 1982 3022 est
2016 2964 2233 3019 inventa
2280 2964 2421 3019 inter
2468 2962 2885 3035 Langobardos!
2938 2962 3003 3017 Et
3057 2962 3100 3017 si
3156 2962 3305 3017 venit
3356 2961 3480 3019 finis

1898 3068 2105 3124 nostre,
2138 3057 2433 3114 moriamur
2461 3073 2580 3113 cum
2610 3057 2801 3113 robore
2834 3071 2934 3127 pro
2975 3056 3148 3126 patrie
3174 3064 3396 3121 nostre;
3425 3064 3482 3110 et

1901 3152 2130 3209 victorie
2174 3151 2421 3222 patribus
2476 3151 2677 3209 nostris
2727 3165 2833 3205 non
2885 3148 3289 3220 relinquamus!
3342 3166 3360 3201 ι
3414 3147 3482 3202 Et

224 3245 351 3297 rum,
374 3233 644 3289 successit
666 3232 1007 3290 Liubrandus
1028 3236 1139 3307 (54)
1170 3252 1262 3291 rex
1293 3221 1791 3308 Langobardorum,
1824 3221 1868 3283 ε
1902 3240 2080 3296 factus
2120 3221 2207 3295 est
2254 3240 2427 3296 luctus
2459 3254 2687 3311 magnus
2724 3239 2777 3294 in
2824 3238 3051 3310 populus
3097 3235 3480 3308 Langobardo-

223 3321 497 3381 dunatione
520 3327 838 3397 patrimonii
863 3327 1062 3397 ulpium
1084 3329 1201 3400 (35)
1217 3329 1539 3397 Cottiarum,
1561 3347 1721 3401 quem
1753 3329 1796 3362 ¹⁸

224 3410 572 3471 Ereberectus
598 3432 695 3472 rex
720 3416 943 3483 fecerat,
976 3416 1062 3473 ille
1094 3428 1384 3489 repeterat,
1410 3420 1795 3477 ammonitione

222 3508 535 3563 venerabilis
562 3524 698 3579 pape
719 3508 1000 3580 Gregorio,
1023 3512 1112 3580 qui
1140 3508 1415 3564 Johannes
1438 3520 1795 3577 successerat,

224 3598 574 3655 conﬁrmavit.
601 3600 943 3656 Liubrandus
971 3617 1061 3657 rex
1086 3601 1321 3657 decessit
1350 3602 1576 3671 imperio
1607 3617 1722 3656 suo.

285 3691 387 3745 12⁸.
430 3691 787 3749 Grimualdus
817 3708 907 3749 rex
950 3693 1212 3753 successit
1256 3693 1309 3748 in
1359 3709 1542 3765 regno,
1584 3694 1794 3766 Lango-

224 3781 506 3840 bardorum
550 3786 704 3857 regni
747 3786 1057 3847 moderabat
1098 3786 1321 3846 ahenas.
1367 3785 1603 3858 Ejusque
1655 3787 1796 3843 ﬁlius

227 3872 475 3931 Bomuald
520 3876 859 3939 Samnitibus
897 3878 1214 3948 imperabat.
1262 3876 1492 3950 Insignis
1540 3881 1795 3937 sacerdos

225 3960 500 4032 Barbatus,
543 3967 784 4033 nomine,
817 3976 875 4025 ut
912 3968 1202 4039 prcpbatus
1236 3984 1376 4034 sum,
1419 3969 1795 4041 Redemptoris

226 4068 400 4114 nutum
430 4060 656 4129 claruit,
686 4061 977 4118 Beneventi
1003 4063 1242 4119 actiones
1267 4064 1445 4120 celebs
1480 4065 1593 4138 (36)
1627 4067 1793 4124 mira-

226 4148 454 4221 culisque
486 4168 769 4209 coruscas.
807 4151 857 4213 ls
882 4169 1094 4225 quoque
1132 4156 1323 4213 diebus
1350 4158 1599 4228 quamvis
1625 4159 1796 4217 sacris

226 4239 566 4298 habtismatis
594 4245 731 4302 unda
754 4244 1087 4318 Langobardi
1119 4247 1449 4313 ablueretur,
1477 4257 1655 4306 tamen
1683 4250 1794 4322 pri-

226 4347 307 4389 sco
326 4336 651 4403 gentilitatis
690 4336 844 4391 ritum
878 4347 1089 4404 tenens,
1129 4339 1271 4394 sicut
1297 4340 1511 4397 bestiali
1558 4352 1792 4399 mentem

226 4422 502 4492 degebant.
535 4427 717 4481 Bestie
752 4428 1037 4484 simulacro
1071 4444 1175 4499 que
1208 4429 1366 4501 vulgo
1404 4432 1589 4501 vipera
1621 4435 1795 4489 nomi-

228 4524 394 4569 natur.
452 4516 802 4573 Grimualdus
850 4532 963 4581 rex,
1006 4528 1159 4588 pater
1207 4518 1494 4587 llomuald,
1540 4521 1791 4577 sinodum

229 4602 359 4660 facto
380 4621 505 4662 cum
532 4606 769 4677 episcopi
794 4618 847 4664 et
872 4607 1143 4679 judicibus
1169 4608 1543 4681 Langobardis
1577 4611 1631 4668 in
1655 4613 1792 4669 civi~

232 4706 379 4752 tatem
409 4698 738 4764 Bletliolano,
780 4710 900 4757 ante
940 4716 1135 4772 corpus
1181 4702 1323 4757 beati
1371 4704 1665 4771 Ambrosii,
1699 4708 1792 4762 ad-
1834 4688 1852 4700 ’

229 4787 424 4857 juncxit
469 4793 595 4861 lege
644 4790 695 4845 in
735 4793 920 4849 edictis
969 4810 1071 4864 que
1113 4794 1314 4848 dudum
1359 4794 1652 4850 Rotharius
1698 4811 1791 4852 rex

235 4885 514 4961 constituit.
552 4882 813 4941 Romuald
852 4902 946 4942 rex
983 4880 1236 4941 ﬂectebat
1263 4884 1420 4949 colla,
1462 4899 1568 4956 que
1612 4888 1793 4945 debite

240 4987 322 5025 suo
358 4973 637 5029 debebant
668 4968 871 5029 ﬂectere
910 4972 1178 5031 Creatori.
1228 4972 1425 5029 Verum
1479 4974 1645 5030 etiam
1680 4993 1787 5033 non

240 5061 378 5137 longe
421 5080 455 5122 a
498 5064 789 5119 Beneventi
835 5065 1097 5121 mcenibus
1145 5065 1300 5134 quasi
1349 5063 1627 5135 solempne
1698 5070 1787 5122 die

1900 3348 2043 3399 rtun,
2077 3333 2203 3403 quia
2242 3333 2429 3404 paucis
2456 3340 2641 3398 erant;
2677 3330 2912 3386 maxime
2953 3329 3286 3385 habitatores
3331 3328 3478 3383 anti-

1899 3436 2005 3493 que
2052 3421 2436 3477 Beneventani.
2507 3420 2823 3492 Badelgisi,
2891 3428 3148 3491 cognatos
3210 3416 3473 3473 Romuald

1897 3514 2192 3584 principes,
2219 3514 2435 3584 negotio
2464 3512 2873 3584 pertractabant
2899 3511 3036 3566 ciant
3064 3525 3186 3565 cum
3217 3509 3475 3565 barbaro-

1898 3620 2021 3659 rum
2058 3620 2205 3676 gens.
2244 3605 2310 3659 Et
2349 3604 2725 3674 ingemuerunt
2757 3602 3046 3674 principes,
3094 3616 3281 3656 omnes
3325 3598 3474 3670 prin-

1900 3696 2109 3767 cipatus
2130 3713 2348 3764 eorum,
2380 3706 2434 3753 et
2463 3696 2556 3768 qui
2586 3695 2777 3751 fortior
2816 3710 2933 3751 esse
2957 3694 3294 3750 videbantur.
3324 3691 3478 3747 Tune

1899 3789 2230 3845 Romualdus
2271 3790 2539 3861 gloriosus
2566 3790 2840 3861 princeps,
2887 3788 3053 3842 exivit
3103 3785 3248 3842 foras
3290 3785 3475 3840 urbem

1901 3880 2225 3948 Beneventi;
2258 3882 2438 3937 subito
2465 3882 2625 3937 irruit
2664 3896 2827 3950 super
2851 3879 3205 3935 barbarorum
3235 3892 3385 3947 gens,
3423 3884 3480 3931 et

1897 3975 2223 4045 proximavit
2267 3976 2541 4031 exercitus
2569 3972 2930 4044 Langobardi,
2963 3980 3018 4026 et
3053 3979 3323 4026 steterunt
3348 3984 3475 4023 con-

1901 4074 1983 4120 tra
2023 4064 2323 4121 exercitum
2353 4064 2730 4118 barbarorum.
2762 4062 2827 4115 Et
2856 4060 2994 4115 tubis
3031 4058 3344 4115 cecinerunt
3381 4058 3473 4127 qui

1896 4166 2053 4213 erant
2086 4172 2209 4213 eum
2235 4155 2518 4211 Romuald.
2554 4154 2619 4208 Et
2645 4162 2915 4209 commota
2958 4159 3043 4206 est
3089 4159 3233 4205 terra
3261 4164 3292 4203 a
3342 4164 3473 4205 voce

1897 4250 2175 4321 utriusque
2188 4249 2477 4314 exercitus,
2492 4257 2547 4303 et
2560 4246 2661 4301 fuit
2674 4261 2849 4317 pugna
2866 4244 3152 4313 commissa
3167 4258 3196 4297 a
3216 4257 3370 4298 mane
3389 4258 3471 4297 us-

1895 4355 1999 4411 que
2012 4341 2081 4396 ad
2094 4355 2333 4410 vespere.
2351 4339 2416 4394 Et
2431 4338 2739 4395 ceciderunt
2754 4336 2818 4392 de
2830 4337 3183 4392 barbarorum
3200 4350 3332 4405 gens
3348 4334 3398 4388 in
3416 4333 3476 4389 il-

1895 4430 1947 4485 la
1960 4431 2045 4486 die
2059 4431 2413 4503 quadraginta
2443 4430 2588 4486 milia
2616 4430 2874 4482 virorum.
2901 4426 3139 4482 Florenti
3169 4442 3261 4481 rex
3278 4426 3473 4481 barba-

1894 4536 2078 4577 rorum
2103 4519 2223 4590 fuga
2250 4520 2492 4589 capiens,
2522 4535 2551 4574 a
2586 4517 2857 4573 maritima
2882 4515 3227 4586 perveniens,
3254 4517 3305 4568 in
3333 4529 3471 4568 nave

1895 4612 2155 4667 ascendit.
2174 4610 2436 4666 Romuald
2455 4624 2581 4666 vero
2598 4609 2847 4681 princeps
2867 4608 3041 4663 factus
3055 4605 3303 4661 estfortis
3317 4613 3374 4660 ut
3391 4605 3475 4659 leo

1897 4702 1949 4756 in
1969 4701 2224 4771 operibus
2251 4700 2382 4762 suis,
2412 4709 2467 4755 et
2492 4707 2611 4754 erat
2638 4698 2779 4753 sicut
2803 4696 3013 4751 catulus
3041 4695 3211 4750 leonis
3232 4693 3471 4750 fremens

1894 4806 1923 4846 a
1952 4805 2148 4863 pugna.
2202 4790 2269 4848 Et
2305 4798 2625 4860 persecutus
2649 4798 2733 4843 est
2765 4786 2981 4857 iniquos
3003 4800 3333 4857 persequens
3357 4802 3475 4851 eos,

1894 4890 1948 4936 ct
1996 4882 2191 4936 tradita
2239 4889 2324 4936 est
2369 4880 2517 4937 salus
2567 4880 2621 4935 in
2672 4891 2865 4932 manus
2911 4879 3047 4950 ejus,
3086 4886 3139 4931 et
3167 4874 3389 4931 revertit
3420 4876 3477 4932 in

1895 4974 2083 5030 urbem
2106 4974 2432 5037 Beneventi;
2466 4983 2520 5030 et
2549 4972 2857 5029 nominatus
2882 4978 2966 5027 cst
2994 4986 3023 5024 a
3053 4969 3232 5040 plures
3258 4977 3471 5035 gentes.

1895 5065 2047 5122 Fecit
2070 5076 2247 5125 autem
2277 5064 2489 5122 hisdem
2534 5065 2785 5136 princeos
2817 5061 3083 5120 Romuald
3110 5060 3336 5116 ecclesia
3368 5061 3489 5131 glo-

1451 5154 1684 5215 VARle
1724 5154 2134 5215 LECTIONES.

305 5252 343 5283 “
378 5250 481 5308 dux
509 5248 686 5306 Beda.
758 5249 796 5281 ¹³
829 5251 879 5307 in
911 5266 964 5323 p.
1006 5268 1052 5308 r.
1085 5268 1134 5308 s.
1169 5267 1270 5306 non
1297 5260 1474 5306 extant
1497 5255 1633 5321 apud
1658 5255 1893 5311 Bedam.
1959 5251 2005 5283 “
2042 5254 2463 5324 quérebereclus
2494 5267 2538 5303 c.

1719 5338 1953 5399 ΝΟΤιΕ.
