3986 5444
414 333 480 386 ιο
532 316 547 321 ‘
1461 305 1900 399 assumens.
1943 336 2249 392 unum;
2287 338 2597 396 nomen:

3570 335 3646 393 20

414 445 557 502 riosa
598 444 727 502 hubl
769 444 917 516 prius
955 420 1291 515 Langobardi
1322 446 1387 501 ad
1417 447 1982 514 arboresadorabant,
2013 453 2061 512 Α
2090 448 2354 520 migravit.
2401 449 2778 519 Reguaverunt
2826 447 2917 502 lilii
2964 448 3081 518 ejus
3128 463 3226 520 pro
3268 464 3362 516 eo,
3409 452 3560 507 Arud
3598 460 3658 508 et

414 537 468 592 in
516 549 689 593 onore
733 538 903 591 sancti
947 535 1170 602 Felicis;
1220 547 1274 591 et
1329 537 1563 594 hibidcm
1614 556 1809 612 corpus
1841 542 1985 597 beati

408 626 608 683 Felicis
636 626 904 697 deposuit,
935 633 988 681 et
1035 626 1124 681 alii
1168 630 1341 685 sancti
1378 630 1578 699 plures,
1609 641 1665 685 et
1693 633 1984 702 depincxit,

411 727 468 774 et
496 718 804 785 deauravit;
838 718 989 788 cujus
1020 722 1278 775 memoria
1309 738 1479 791 usque
1506 723 1626 779 odie
1656 736 1757 779 est.
1788 726 1986 781 Genuit

414 817 594 865 autem
639 810 807 865 isdem
858 808 1116 864 Romuald
1173 812 1308 867 lilios
1358 814 1425 868 de
1471 813 1821 871 Tbeuderada
1850 825 1982 883 tres,

411 912 642 969 quarum
685 899 893 968 primus
960 901 1225 955 vocitatur
1267 904 1502 959 Area-ldo
1528 946 1544 967 ,
1592 906 1827 963 secundo
1875 906 1987 961 Ma-

412 987 618 1055 roaldo,
642 991 834 1045 tertius
864 990 1168 1061 Sycardus;
1202 995 1267 1048 ad
1297 995 1517 1050 ultimus
1538 995 1851 1053 Sikinolfus.
1876 997 1987 1053 Res

413 1087 561 1151 gesta
589 1094 693 1151 que
720 1096 903 1147 narro,
942 1084 1272 1152 temporibus
1319 1083 1583 1141 Romuald
1608 1128 1624 1151 ,
1671 1102 1779 1156 quo
1809 1095 1986 1143 trans-

412 1176 628 1237 portato
657 1181 853 1239 corpus
881 1170 1105 1240 apostoli
1138 1173 1309 1227 sancti
1339 1171 1699 1230 Bartliolomei
1744 1176 1810 1229 de
1837 1175 1985 1231 ludia

417 1260 694 1330 superiore
736 1277 766 1314 a
799 1260 1062 1331 Limparis
1108 1262 1219 1333 (40)
1266 1264 1439 1319 insula
1487 1266 1753 1335 pervenit.
1801 1266 1988 1336 Ibique

419 1347 723 1418 ali'quantos
751 1363 918 1404 annos
950 1351 1264 1419 permansit.
1309 1352 1408 1420 Qui
1445 1362 1576 1408 nutu
1621 1355 1717 1410 Dei
1764 1342 1993 1411 veniens

412 1436 779 1506 Agarenorum
808 1437 851 1468 ¹⁵
872 1451 1023 1506 gens,
1053 1445 1163 1493 tota
1193 1440 1365 1495 insula
1395 1442 1514 1512 igne
1546 1442 1830 1513 gladioque
1857 1428 1989 1500 con?

414 1533 622 1592 sumpta
654 1538 683 1578 a
718 1524 1085 1585 fundamentis
1114 1544 1390 1583 murorum
1424 1530 1539 1599 ejus
1570 1532 1767 1598 diruta,
1800 1534 1984 1603 sicque

415 1616 658 1685 pervenit
709 1617 775 1673 ad
818 1618 1041 1676 lucellos
1089 1620 1131 1654 ³⁸
1170 1620 1297 1674 hubi
1341 1621 1685 1679 beatissimus
1713 1625 1985 1694 apostolus

418 1706 613 1761 inerat.
660 1706 777 1775 Quo
820 1709 1130 1765 confractus
1170 1710 1411 1778 luccllos,
1441 1728 1563 1769 ossa
1591 1715 1832 1784 ejusdem
1858 1732 1984 1786 apo-

415 1798 537 1855 stoli
565 1839 581 1864 ,
610 1808 670 1854 ut
702 1800 960 1871 scriptum
991 1812 1073 1856 est
1119 1820 1132 1854 :

416 1903 538 1947 ossa
584 1907 812 1961 eorum;
861 1910 1000 1950 unus
1043 1908 1109 1950 ex
1152 1896 1230 1951 eis
1274 1912 1380 1952 non
1428 1908 1739 1955 conteretur
1786 1901 1979 1972 (Psal.

423 1997 616 2050 χχχιιι,
647 1983 759 2056 2i).
798 2003 817 2037 ι
843 1985 1102 2041 Dominus
1134 1997 1313 2043 autem
1336 1988 1388 2043 in
1412 1989 1523 2060 ipsa
1552 2001 1708 2048 nocte
1737 1995 1984 2064 apparuit

416 2074 669 2131 custodes
683 2073 919 2144 ejusdem
933 2075 1181 2145 apostoli,
1200 2077 1381 2133 dicens
1405 2090 1461 2153 πμ
1475 2078 1641 2145 Vade,
1659 2082 1847 2153 collige
1860 2098 1985 2138 ossa

420 2161 677 2231 apostoli.
704 2180 723 2215 ι
756 2162 856 2232 Qui
886 2164 1100 2220 duriose
1132 2165 1465 2223 turbulenter
1494 2170 1631 2224 dixit
1658 2188 1671 2224 :
1708 2188 1727 2222 ‹
1756 2171 1835 2225 Eu
1862 2173 1979 2226 me!

421 2258 652 2317 quantos
681 2265 852 2307 annos
898 2252 950 2306 in
992 2254 1212 2309 servitio
1261 2254 1376 2324 ejus
1424 2259 1757 2328 perduravit,
1784 2270 1985 2330 quanta

421 2341 720 2398 accidentia
745 2343 873 2399 mihi
901 2345 1096 2400 evenit.
1129 2343 1283 2401 Modo
1313 2347 1488 2401 diruta
1513 2357 1639 2404 sunt
1662 2352 1840 2404 omnia
1864 2367 1987 2408 ossa

420 2429 558 2500 ejus,
590 2448 711 2489 cum
744 2434 864 2490 aliis
900 2436 1111 2491 ossibus
1162 2437 1411 2504 miscuis;
1454 2441 1721 2507 quomodo
1772 2456 1987 2509 possum

421 2523 557 2578 meis
604 2526 820 2581 ossibus
870 2528 1249 2597 agnoscere?»
1304 2528 1419 2595 Que
1444 2530 1579 2583 dixit
1607 2529 1687 2585 eis
1733 2545 1750 2584 :
1802 2548 1822 2582 σ
1855 2531 1991 2586 Vide

422 2617 635 2672 ossibus
662 2616 909 2674 ﬂammeo
951 2620 1222 2675 radiantes
1261 2620 1402 2676 inter
1431 2621 1590 2688 aliis;
1642 2622 1756 2692 ipse
1802 2623 1993 2695 collige

423 2706 725 2780 diligenter.
780 2728 799 2762 ι
852 2709 920 2764 Ει
965 2726 1072 2782 quo
1126 2712 1197 2766 ita
1244 2712 1445 2767 factum
1480 2721 1589 2778 est;
1644 2713 1866 2767 collecta
1911 2724 1994 2769 est

422 2800 649 2871 reliquie
695 2803 921 2873 apostoli
968 2804 1021 2858 in
1075 2804 1296 2859 sindone
1350 2805 1571 2860 munda.
1633 2807 1861 2877 Agarcui
1914 2814 1997 2861 est

424 2894 757 2950 consuetudo
783 2894 971 2964 Apulie
998 2894 1349 2965 depopulare;
1389 2912 1493 2965 que
1525 2897 1662 2951 fama
1700 2897 1850 2964 exiit,
1883 2896 1993 2952 Ro-

424 2982 606 3037 muald
635 2985 906 3041 exercitus
942 2986 1178 3053 direxit,
1223 2996 1284 3042 ut
1327 2990 1623 3044 custodiret
1673 2998 1889 3060 portora
1942 2998 1996 3046 et

425 3071 596 3126 maris
639 3071 842 3127 limitis.
894 3072 1090 3144 Sicque
1154 3086 1515 3145 pervenerunt
1577 3078 1916 3147 Langobardi
1963 3095 1993 3133 a

2086 542 2358 598 Maroaldo
2387 542 2643 597 fratribus
2674 540 2806 612 (41),
2855 540 3132 608 prudentis
3174 541 3461 612 principis;
3495 557 3657 611 sepa-

2087 633 2191 686 rati
2238 648 2267 686 a
2313 632 2496 688 fratris
2528 632 2636 697 sui,
2697 632 2750 685 in
2782 630 3029 686 civitates
3061 630 3386 687 Novecertus
3413 631 3522 703 (ιὲ)
3557 635 3657 687 lia-

2087 722 2256 777 bitare
2287 730 2597 791 cmperunt,
2644 718 2915 791 Sycardus
2959 729 3014 774 et
3057 719 3364 790 Sykinolfus
3412 737 3547 790 puer
3594 721 3651 776 in

2085 814 2312 868 hurbem
2346 812 2632 867 Beneventi
2668 811 2998 880 reliquerunt
3042 810 3153 879 (45)
3182 851 3195 875 ,
3248 819 3302 865 et
3352 809 3527 865 factus
3568 818 3687 889 est;

2084 910 2247 957 robor
2272 917 2458 958 eorum
2506 901 2561 956 in
2608 909 2717 956 tota
2759 899 2950 969 Apulie
2978 899 3189 954 finibus.
3238 899 3534 969 Radelgisi,
3561 915 3660 970 pa—

2086 992 2284 1048 trueles
2313 1007 2524 1058 eorum,
2552 989 2832 1046 consilium
2879 989 3205 1060 perpetravit
3238 1005 3358 1045 cum
3387 990 3665 1045 habitato-_

2085 1084 2234 1139 ribus
2282 1084 2502 1138 civitate
2551 1080 2898 1143 Novecertus,
2934 1078 3071 1135 clam
3116 1080 3495 1149 operabantur.
3549 1077 3657 1134 Ye-

2084 1173 2265 1229 niente
2287 1174 2374 1227 die
2402 1172 2633 1242 pascalis
2658 1170 3111 1242 epyphaniorum,
3128 1177 3288 1224 noctu
3319 1170 3370 1222 in
3397 1169 3668 1224 :ecclesiae

2084 1263 2242 1332 hujus
2285 1263 2518 1319 civitatis
2566 1261 2967 1317 trucidaverunt
2994 1259 3253 1329 principis
3290 1258 3504 1314 summi.
3555 1257 3660 1329 Sy-

2086 1356 2281 1410 eardus
2306 1355 2576 1425 princeps,
2614 1351 2795 1408 audita
2823 1358 3000 1404 morte
3024 1348 3176 1402 fratri
3207 1347 3315 1413 sui,
3341 1348 3661 1403 recordatus

2084 1448 2287 1502 virtute
2332 1454 2541 1517 patrum
2591 1458 2840 1506 suorum,
2883 1449 2936 1495 et
2977 1439 3452 1511 Langobardorum
3482 1437 3663 1509 gentis

2086 1553 2182 1593 sue
2210 1580 2223 1601 ,
2275 1536 2505 1591 ostiliter
2550 1541 2934 1602 congregatus,
2989 1546 3019 1584 a
3067 1528 3395 1583 Noveccrtus
3440 1527 3658 1581 civitate

2084 1626 2349 1699 pervenit.
2400 1624 2603 1680 Civitas
2641 1623 2968 1677 Novecertus
3004 1614 3205 1688 magna
3249 1626 3303 1671 et
3341 1615 3657 1670 fortitudine

2086 1720 2277 1785 nimis;
2311 1726 2591 1788 cmperunt
2609 1711 2944 1785 Langobardi
2967 1710 3212 1765 obsidere
3241 1708 3501 1762 civitates.
3528 1706 3651 1775 igne

1181 1821 1200 1852 ‘
1233 1803 1490 1859 Dominus
1536 1808 1772 1863 ευδιοάίῐ
1804 1808 1982 1862 omnia
2017 1815 2057 1872 Β
2086 1814 2262 1883 gladio
2281 1813 2620 1867 det-astantes
2645 1807 2837 1877 oppida
2856 1818 3063 1868 eorum,
3091 1811 3145 1856 et
3170 1809 3348 1867 castro
3377 1801 3655 1854 destructe

2082 1911 2229 1959 sunt.
2281 1901 2591 1956 Munierunt
2640 1897 2884 1952 civitates
2929 1907 3058 1963 gyro
3097 1906 3192 1960 per
3214 1889 3463 1953 circuitu,
3497 1888 3659 1941 itaut

2084 2014 2189 2053 non
2216 1995 2387 2066 possit
2415 1993 2686 2048 habitator
2698 1988 2941 2045 civitates
2954 1982 3264 2040 Novecertis
3282 1997 3378 2052 pre
3404 1982 3670 2052 impetum

2083 2087 2371 2143 bellatores
2419 2095 2610 2138 manus
2646 2080 2877 2150 erigere.
2922 2076 2990 2131 Et
3034 2079 3407 2146 pugnaverunt
3452 2069 3663 2139 Lango-

2084 2176 2237 2232 bardi
2269 2176 2531 2231 adversus.
2556 2186 2648 2228 eos
2692 2168 2873 2227 multis
2914 2166 3121 2223 diebus.
3171 2164 3237 2218 Et
3276 2161 3517 2217 fecerunt
3547 2174 3662 2214 ma-

2086 2266 2301 2330 chinas;
2342 2272 2396 2320 et
2423 2262 2567 2318 misit
2593 2258 2864 2331 Sycardus
2904 2254 3154 2327 princeps
3196 2252 3399 2323 legatos
3428 2249 3494 2304 ad
3524 2248 3661 2302 hurq

2091 2360 2212 2415 bem
2246 2353 2533 2412 Beneventi
2562 2353 2629 2406 ad
2660 2346 2966 2421 Sykinolfus
2997 2355 3427 2414 puer,_gcrmano
3453 2354 3573 2405 suo,
3602 2344 3669 2397 ut

2088 2448 2298 2505 veniret
2338 2446 2405 2500 ad
2450 2459 2526 2500 se.
2577 2442 2645 2496 Et
2686 2437 2853 2495 exivit
2902 2433 3221 2506 Sykinolfus
3247 2432 3494 2501 princeps
3534 2442 3660 2482 cum

2090 2534 2453 2598 multitudine,
2500 2539 2554 2587 et
2599 2526 2865 2601 percussit
2906 2524 3153 2579 civitates
3197 2520 3552 2579 Novccertus;
3607 2524 3664 2570 et

2091 2625 2380 2682 trucidavit
2407 2623 2627 2679 multos.
2660 2619 2728 2675 Et
2755 2612 3275 2686 comprehenderunt
3310 2607 3574 2668 civitates,
3608 2612 3665 2658 et

2092 2715 2457 2772 conbuserunt
2484 2726 2578 2769 eas
2624 2709 2745 2782 igne
2787 2719 2911 2760 cum
2958 2700 3183 2772 populos
3211 2706 3266 2753 et
3294 2696 3578 2756 mulieres;
3610 2699 3675 2755 et,

2094 2822 2201 2863 non
2250 2810 2631 2861 remanserunt
2678 2816 2746 2856 ex
2789 2814 2882 2855 eas
2912 2813 3080 2868 usque
3111 2812 3265 2851 unus.
3307 2794 3373 2848 Et
3399 2791 3673 2851 subvertit

2094 2914 2302 2963 muros,
2330 2906 2385 2955 et
2414 2894 2628 2951 mantia:
2667 2892 2899 2949 civitatis
2941 2887 3220 2959 dissipavit
3260 2902 3289 2940 a
3332 2883 3446 2939 solo
3473 2880 3673 2935 funda—

2095 2992 2312 3048 mentis.
2342 2986 2614 3059 Sycardus
2641 2998 2891 3039 reversus
2921 2990 3004 3036 est
3042 2980 3093 3033 in
3124 2978 3367 3032 civitates
3391 2970 3669 3031 Lavellus.

2098 3078 2401 3152 Sycinolfus
2448 3078 2718 3147 ingressus
2767 3081 2850 3129 est
2879 3071 2931 3129 iu
2961 3069 3185 3127 hurbem
3230 3061 3563 3129 Beneventi,
3613 3066 3670 3116 et

426 3160 723 3233 Lympares
766 3162 935 3218 insula
968 3164 1260 3220 desolatam
1288 3208 1302 3231 ,
1346 3176 1399 3221 et
1447 3166 1697 3222 viderunt
1727 3168 1995 3222 hominem
2026 3168 2070 3229 C
2101 3167 2382 3240 coeperunt
2421 3166 2665 3235 judicare
2720 3161 2953 3233 populo;
3013 3169 3068 3214 et
3117 3156 3408 3212 trucidaret
3453 3153 3671 3222 impios.

430 3252 548 3317 Dei,
575 3259 629 3307 et
671 3250 923 3309 dixerunt
963 3270 975 3306 :
1013 3274 1031 3307 ‹
1061 3254 1223 3323 Cujus
1263 3256 1457 3311 merita
1505 3257 1592 3312 hic
1637 3257 1939 3312 veneratis?
1972 3276 1991 3308 ι

428 3340 495 3393 Et
524 3339 657 3396 dixit
700 3342 780 3398 eis
825 3358 840 3396 :
897 3362 916 3394 ε
954 3342 1157 3414 Corpus
1190 3346 1481 3401 beatissimi
1515 3347 1742 3416 apostoli
1770 3345 1996 3401 Bartlio-

430 3429 588 3485 lomei
634 3433 701 3487 ab
740 3434 1002 3503 Agarcnis
1032 3433 1350 3500 disfractus;
1386 3436 1543 3490 modo
1596 3436 1703 3491 Deo
1730 3437 1865 3491 mire
1891 3436 1998 3493 col-

430 3518 605 3573 lectus
629 3519 691 3575 ab
719 3534 804 3574 eo.
840 3521 1035 3577 lterum
1067 3524 1290 3578 veniunt
1327 3523 1630 3594 Aggareni;
1664 3526 1845 3581 nescio
1872 3525 1999 3597 quid

435 3606 660 3663 faciam!
699 3630 717 3662 ι
783 3610 854 3667 Ut
899 3612 1226 3679 audierunt,
1273 3614 1501 3671 letantes
1545 3617 1709 3671 nimia
1742 3632 2003 3686 appreen«

433 3703 628 3757 derunt
676 3702 719 3734 "
767 3702 1098 3775 Largobardi
1144 3706 1415 3761 hominem
1471 3723 1592 3762 cum
1644 3708 2001 3763 venerabilem

434 3807 631 3863 corpus
655 3795 880 3864 apostoli
926 3795 977 3850 in
1025 3812 1158 3851 nave
1185 3805 1450 3867 suscepta,
1482 3799 1694 3868 navigio
1724 3805 2000 3866 ceperunt.

434 3882 503 3949 Et
544 3897 672 3940 ecce
716 3884 917 3941 classes
962 3886 1230 3956 navigium
1258 3886 1483 3942 nimium
1511 3889 1883 3956 Agarenorum
1914 3902 2006 3955 ap-

434 3975 777 4045 proximavit.
817 3975 1065 4032 Videntes
1102 3976 1472 4046 Langobardis
1498 3994 1620 4049 spes
1650 3992 1837 4033 eorum
1866 3986 2008 4032 esset

436 4065 634 4131 ablata,
663 4067 819 4135 proni
869 4068 1059 4123 devota
1109 4076 1236 4124 ante
1279 4084 1475 4140 corpus
1508 4068 1732 4140 apostoli
1764 4066 2005 4139 projece-

439 4166 566 4211 runt
588 4172 646 4214 se
666 4173 786 4213 cum
811 4157 1082 4228 lacrymis,
1108 4167 1161 4213 et
1181 4160 1431 4215 dixerunt
1459 4178 1472 4214 :
1510 4178 1530 4211 ι
1559 4160 1757 4215 Sancte
1782 4159 2009 4214 Bartho—

439 4245 613 4301 lomee
661 4246 931 4317 apostolo;
966 4248 1010 4303 si
1043 4248 1107 4303 de
1150 4249 1402 4319 periculis
1446 4249 1564 4304 istis
1598 4248 1808 4304 liberati
1842 4247 2007 4302 fueri-

442 4353 565 4394 mus
611 4347 665 4394 et
708 4339 760 4392 in
806 4354 937 4408 pace
968 4340 1194 4405 reversi,
1243 4340 1296 4395 in
1336 4350 1426 4395 tuo
1471 4341 1688 4395 nomine
1715 4338 1882 4395 altare
1917 4352 2011 4391 au-

446 4443 603 4486 reum
640 4438 695 4484 et
745 4438 1076 4499 argenteum,
1110 4431 1250 4485 infra
1294 4430 1533 4486 accclesia
1581 4438 1765 4484 sancte
1796 4429 1889 4483 Dei
1921 4444 2011 4499 ge-

2099 3260 2230 3314 Erat
2250 3259 2395 3313 eiiim
2422 3256 2703 3312 consilium
2734 3251 3016 3323 Badelgysi
3044 3262 3239 3303 vanum
3267 3254 3321 3301 et
3348 3243 3667 3314 pessimum,

2100 3359 2155 3406 et
2199 3349 2345 3404 misit
2379 3347 2581 3417 legatos
2607 3345 2673 3400 ad
2702 3343 2931 3399 hurbem
2980 3339 3262 3396 Salernam
3306 3332 3370 3388 ad
3415 3332 3521 3387 Leo
3550 3333 3668 3402 epi-

2102 3459 2316 3513 scopus,
2348 3448 2406 3495 ut
2445 3439 2713 3494 intimaret
2766 3451 2795 3490 a
2842 3432 3083 3505 Sycardo
3128 3428 3395 3501 principe,
3428 3433 3486 3478 ut
3513 3423 3674 3495 Syki-

2102 3532 2278 3588 nolqu
2310 3544 2443 3601 puer
2474 3526 2835 3584 transmittere
2873 3539 2902 3577 a
2937 3521 3159 3577 Salerna
3192 3518 3399 3581 civitas,
3433 3522 3493 3568 ut
3537 3514 3675 3567 artis

2102 3623 2403 3677 litterarum
2456 3619 2831 3673 instrueretur.
2882 3612 2957 3667 Ex
3002 3625 3108 3682 quo
3138 3609 3211 3664 ita
3255 3612 3532 3678 peractum
3565 3610 3668 3665 est,

2106 3712 2290 3780 sicque
2317 3709 2503 3778 petitio
2533 3720 2718 3763 eorum
2748 3702 3097 3773 adimpletum
3124 3710 3225 3755 est.
3263 3696 3527 3769 Regnavit
3556 3695 3671 3765 (ιιι)

2107 3801 2245 3855 idem
2276 3796 2569 3853 Sikiuolfus
2614 3795 2670 3850 in
2698 3793 2923 3849 hurbem
2974 3791 3267 3847 Salernem.
3298 3787 3672 3843 Beneventani

2107 3891 2409 3947 unianimes
2455 3897 2691 3943 tractans
2739 3888 2805 3943 de
2866 3885 3087 3940 interitu
3145 3880 3369 3953 Sycardi
3417 3876 3672 3947 principi,

2109 3984 2373 4038 miserunt
2402 3980 2620 4035 nuntius
2652 3976 2717 4033 ad
2747 3977 2855 4033 Leo
2882 3975 3167 4045 episcopus
3194 3968 3585 4030 Salernilanos,
3612 3972 3676 4018 ut

2110 4070 2413 4143 Sycinolfus
2437 4068 2618 4126 oculos
2646 4068 2762 4139 ejus
2789 4080 3010 4127 eruere;
3055 4070 3114 4115 ut
3148 4058 3476 4130 principatus
3501 4052 3676 4108 Bene.

2110 4160 2279 4225 venti,
2313 4161 2363 4213 in
2395 4174 2451 4213 se
2478 4158 2606 4226 ipsis
2653 4155 2871 4210 exibere
2915 4152 3202 4213 virtutem,
3236 4145 3514 4200 Salernum
3544 4143 3676 4197 bur-

2109 4252 2231 4306 bem
2260 4251 2313 4303 in
2338 4264 2433 4304 sua
2462 4246 2744 4317 poteStatis
2767 4243 3065 4315 percipere.
3100 4238 3217 4307 Quo
3260 4236 3366 4292 Leo
3393 4235 3679 4304 episcopus

2110 4354 2217 4394 non
2266 4334 2571 4405 hacquievit
2617 4332 2840 4388 consilio
2884 4346 3091 4386 eorum.
3154 4326 3305 4381 Tunc
3367 4324 3678 4379 unianimes

2112 4424 2472 4482 Beneventani
2517 4430 2869 4494 perrexerunt
2898 4435 2926 4475 a
2982 4418 3233 4474 Labellus
3270 4415 3487 4480 civitas;
3532 4413 3680 4483 paci-

450 4519 660 4577 nitricis
684 4519 849 4575 Marie
877 4530 1167 4590 patremus.
1207 4541 1226 4574 ι
1275 4520 1355 4576 Ex
1386 4536 1494 4593 quo
1517 4521 1660 4576 dicto
1687 4521 1739 4575 in
1770 4519 2014 4574 oratione
2042 4516 2090 4574 D
2121 4518 2217 4575 ﬁce
2246 4519 2407 4574 verba
2435 4515 2661 4589 Sycardi
2706 4512 2934 4585 principi
2966 4524 3192 4566 narrare
3225 4514 3521 4576 coeperunt.
3561 4503 3679 4570 Quo

452 4609 690 4665 levantes
718 4651 733 4677 ,
775 4619 952 4666 tantos
993 4626 1147 4667 error
1194 4613 1479 4667 tenebrosa
1522 4612 1726 4676 ineest,
1767 4622 1827 4663 nt
1856 4624 2015 4664 nemo

453 4701 596 4755 inter
620 4699 998 4769 Langobardos
1022 4712 1075 4757 et
1101 4703 1377 4771 Agarenos
1403 4718 1624 4757 cernere
1652 4718 1753 4756 non
1781 4710 2013 4771 poterat.

454 4790 653 4861 Sicque
695 4794 988 4863 gaudentes
1030 4793 1083 4847 in
1144 4792 1429 4849 Beneventi
1501 4795 1724 4848 hurbem
1790 4792 2013 4863 ingressi

454 4890 608 4948 sunt;
657 4883 723 4937 de
751 4883 1004 4938 thesauro
1030 4898 1134 4952 que
1163 4892 1443 4954 coeperunt
1470 4881 1732 4938 Romuald
1759 4882 2015 4953 principis

455 4969 724 5026 deferunt.
773 4971 937 5043 Cujus
980 4973 1173 5027 merita
1221 4974 1386 5042 ipsius
1429 4973 1653 5043 apostoli
1700 4986 1924 5042 corpore
1960 4980 2015 5026 et

455 5061 623 5133 lignis
652 5077 824 5135 usque
853 5062 905 5118 in
934 5064 1095 5117 linem
1124 5064 1286 5118 seculi
1313 5064 1548 5119 liibidem
1576 5069 1872 5133 permanet.

526 5153 613 5207 16.
650 5155 949 5210 Transacto
973 5168 1203 5225 namque
1225 5164 1485 5225 tempore,
1512 5155 1742 5225 glorioso
1768 5152 2013 5212 prim-om

2120 4609 2366 4679 princeps
2394 4608 2622 4677 benigne
2668 4605 2902 4674 suscepit
2934 4616 3120 4656 eorum
3163 4598 3350 4663 verba,
3384 4594 3680 4652 honorifice

2119 4702 2438 4770 composuit.
2486 4700 2638 4756 Tunc
2686 4712 2822 4753 unus
2867 4711 2931 4751 ex
2977 4693 3106 4764 ipsis
3150 4690 3381 4762 gladium
3430 4682 3683 4753 arripuit,

2118 4805 2484 4862 percussoque
2531 4792 2807 4863 principe,
2879 4797 3048 4845 totum
3113 4797 3309 4852 corpus
3374 4778 3487 4846 ejus
3534 4775 3681 4829 ferro

2120 4891 2333 4936 vastare
2377 4891 2675 4952 cmperunt.
2723 4881 3007 4936 Combusta
3052 4875 3277 4931 hurbem
3316 4866 3560 4922 Labellus
3587 4905 3602 4929 ,
3648 4878 3680 4917 a

2119 4972 2495 5028 Beneventana
2539 4974 2763 5028 hurbem
2801 4969 3026 5041 regressi
3063 4975 3206 5021 sunt.
3262 4961 3329 5015 Et
3366 4957 3683 5027 juraverunt

2120 5065 2263 5120 inter
2293 5060 2373 5129 Se,
2402 5073 2462 5117 ut
2490 5064 2631 5118 ultra
2663 5078 2767 5117 non
2799 5060 3207 5130 acquiescerent
3235 5048 3489 5122 principis
3518 5042 3678 5178 lSybi-

2121 5171 2138 5178 -
2194 5154 2238 5170 υ·
2371 5153 2429 5168 ἐγ
2661 5154 2673 5164 ·
2748 5153 2775 5162 ’-
2820 5152 2833 5162 ο
2858 5152 2869 5160 ·
2949 5146 2993 5160 ’⁸
3081 5146 3328 5170 -ι-εαη-υ-
3425 5148 3473 5178 ηπ
3542 5149 3678 5178 mm-

2194 5154 2238 5170 ”
2371 5153 2429 5168 ,ν
2661 5154 2673 5164 .
2748 5153 2775 5162 ο-
2820 5152 2869 5162 υ·
2949 5146 2993 5160 -ι
3081 5146 3328 5170 ..-ἔασας-υ-
3425 5148 3473 5178 nl
3524 5146 3682 5188 Ilunl-

2371 5153 2429 5168 ’,γ
2661 5154 2673 5164 .
2748 5153 2775 5162 η
2820 5153 2869 5162 υ.
2949 5153 2993 5160 --
3081 5153 3328 5170 __:..-Ann
