3986 5444
226 341 286 394 Ἡ
1617 334 2031 391 CIIRONICON.

3421 337 3492 388 2?.

228 457 394 514 versis
419 456 509 526 qui
553 470 610 510 se
638 452 1035 523 conjuncxerat
1066 449 1326 507 fratribus
1371 451 1501 513 suis.
1532 460 1585 505 et
1617 452 1812 521 prelia-
1842 456 1889 514 Α
1919 452 2067 505 ribus
2114 451 2228 519 ejus
2277 462 2394 506 orta
2446 462 2528 507 est
2554 494 2567 516 ,
2619 461 2818 521 quanta
2871 468 3160 521 numquam
3202 464 3359 509 antea
3403 465 3495 509 aut

229 550 419 604 bantur
468 546 638 618 prelia
689 562 884 619 magna
907 587 921 610 ,
974 555 1028 601 et
1057 546 1303 601 dilatavit
1332 544 1584 598 virtutem
1617 544 1813 613 populo

230 655 322 696 suo
348 637 725 709 Langobardo,
756 646 811 691 et
844 638 1017 692 induit
1064 652 1120 691 se
1170 636 1392 691 loricam
1424 633 1567 688 velut
1602 635 1812 704 gigans,

230 741 279 784 et
308 728 611 799 precincxit
658 742 715 783 se
767 744 919 783 arma
970 728 1183 793 bellica,
1219 737 1273 782 et
1322 726 1632 798 preparavit
1663 742 1722 780 se
1750 725 1816 779 ad

230 818 444 873 bellum.
476 818 542 872 Et
570 820 795 872 veniens
820 834 847 871 a
880 817 1174 872 Beneventi
1206 818 1472 882 hurbem;
1514 826 1638 869 tunc
1679 814 1812 869 infe-

230 914 361 968 lices
393 912 757 967 Beneventani
788 911 1053 967 miserunt
1081 911 1298 965 nuntius
1326 926 1352 963 a
1391 907 1698 980 Sycinolfus
1734 909 1819 962 di-

232 1013 419 1061 centes
449 1021 464 1058 :
504 1022 521 1054 ι
554 1004 637 1058 Hii
683 1003 775 1073 qui
806 1012 933 1059 sunt
958 1004 1274 1068 homicides,
1307 1002 1557 1057 manibus
1586 1002 1690 1055 tuis
1721 1001 1819 1054 da-

234 1112 387 1160 mus;
440 1104 642 1151 terram
682 1097 827 1150 enim
873 1096 1123 1164 potestati
1159 1105 1247 1150 tuc
1278 1096 1371 1150 es!
1412 1114 1430 1147 ι
1486 1092 1821 1165 Sykiuolfus,

234 1187 490 1258 princeps
518 1185 879 1250 Salernitano,
910 1184 1037 1240 fecit
1065 1186 1301 1239 vindicta
1351 1183 1417 1239 de
1473 1183 1639 1237 fratre
1684 1198 1820 1247 suo;

237 1277 493 1332 trucidati
525 1286 580 1332 et
610 1278 859 1347 suspensi
897 1278 963 1332 de
999 1276 1361 1331 Beneventani
1416 1290 1644 1329 numero
1690 1288 1825 1341 qua-

238 1368 487 1438 draginta
556 1383 670 1422 sex.
724 1367 971 1423 Victores
1020 1382 1049 1420 a
1100 1365 1382 1421 Salernam
1432 1365 1656 1419 hurbem
1702 1377 1827 1432 pcr-

239 1458 400 1514 rexit.
426 1458 495 1512 Et
516 1457 715 1512 factum
744 1469 828 1514 est
855 1458 1065 1513 irritum
1099 1472 1352 1526 maguum
1383 1456 1523 1509 inter
1553 1454 1827 1508 Beneven-

244 1560 324 1606 tos
349 1561 405 1607 et
430 1551 549 1621 ejus
573 1553 939 1616 succedentia,
972 1561 1024 1606 et
1050 1550 1276 1606 Salernn
1304 1559 1357 1604 et
1387 1550 1502 1620 ejus
1534 1548 1829 1603 succeden-

246 1642 335 1706 tia,
362 1653 421 1696 et
445 1643 638 1698 divisio
669 1659 845 1714 usque
876 1644 927 1697 in
961 1651 1262 1713 presentem
1289 1641 1432 1695 diem
1467 1639 1577 1707 (an.
1609 1638 1759 1707 7l:.‘.)

312 1732 403 1787 i5.
440 1731 808 1803 Liuprandus,
844 1750 937 1789 rex
965 1732 1462 1803 Langobardorum,
1494 1730 1625 1786 fecit
1654 1743 1829 1801 pugna

245 1837 367 1877 cum
411 1822 712 1878 Avarorum
748 1840 880 1896 gens
911 1825 964 1879 iu
1012 1824 1293 1893 Aquilegie
1331 1822 1598 1892 partibus,
1629 1831 1685 1875 et
1714 1836 1845 1874 con-

1913 552 2099 612 postca
2128 544 2350 599 naribus
2377 545 2493 614 ejus
2524 545 2762 598 adhilnta
2811 560 2915 598 non
2970 543 3101 610 fuit;
3141 560 3247 599 non
3292 553 3521 612 tanttnu_

1916 635 2131 706 regibus
2164 644 2220 689 et
2270 637 2471 707 regina,
2503 638 2593 691 sed
2638 637 2801 691 etiam
2830 653 2857 691 a
2889 637 3100 691 cunctis
3131 636 3501 709 Langobardis

1918 727 2270 795 sequentibus
2298 741 2374 781 se.
2406 726 2673 782 latrantes
2722 729 2773 781 in
2824 728 3064 783 :ecclesia
3107 728 3259 797 juxta
3306 744 3504 800 corpus

1921 818 2245 873 sanctissimi
2271 816 2530 881 Nonnosi,
2559 816 2712 886 cujus
2741 819 2989 889 superius
3018 822 3334 875 memoriam
3356 820 3504 889 fecit,

1921 926 2026 965 non
2060 910 2215 979 longe
2242 924 2271 963 a
2303 924 2501 977 corpus
2527 908 2670 963 beati
2701 909 2971 974 Silvestri,
3000 920 3119 965 erat
3141 927 3280 965 unus
3311 927 3375 967 ex
3408 900 3508 984 pri-'-

1924 1004 2183 1060 rasitibus
2228 1004 2339 1059 suis
2384 1003 2774 1074 Laugohardis,
2828 1006 2893 1058 de
2944 1004 3253 1076 genealogia
3301 1005 3511 1077 Lango-

1924 1098 2095 1153 bardo
2125 1098 2191 1151 de
2222 1095 2514 1151 Beneventi
2549 1098 2801 1159 hurbem,
2845 1099 2934 1166 qui
2984 1113 3079 1168 per
3124 1100 3453 1154 hereditaria
3484 1117 3515 1154 a

1927 1188 2178 1245 demonio
2226 1197 2349 1243 sunt
2398 1189 2621 1251 vexati,
2673 1197 2892 1259 pr0pter
2941 1189 3371 1244 maledictionem
3410 1204 3517 1260 que

1930 1280 2277 1335 beatissimus
2322 1279 2586 1334 Barbatus
2636 1281 2920 1350 cpiscopus
2966 1280 3247 1349 imposuit,
3297 1290 3519 1350 propter

1932 1370 2214 1426 Theodora
2264 1372 2448 1425 uxoris
2497 1371 2761 1425 Romuald
2808 1372 3058 1441 principi,
3092 1371 3245 1440 cujus
3272 1371 3518 1440 superius

1934 1462 2255 1516 memoriam
2290 1461 2534 1517 fecimus.
2568 1462 2686 1529 Quo
2712 1464 2904 1517 demon
2935 1476 3032 1531 per
3062 1462 3160 1516 hos
3187 1461 3354 1531 ipsius
3384 1460 3523 1514 Lan-

1936 1554 2172 1625 gobardo
2212 1555 2448 1610 clamare
2477 1556 2616 1623 cepit
2656 1574 2667 1608 :
2713 1574 2729 1605 ι
2762 1554 2804 1609 Ο
2828 1552 3103 1617 Nonnose,
3136 1553 3263 1621 quid
3294 1568 3378 1607 me
3404 1560 3527 1622 pcr-

1940 1646 2165 1701 turbas?
2216 1645 2377 1701 modo
2416 1663 2520 1699 non
2559 1661 2692 1700 exeo
2738 1645 2881 1708 hinc,
2915 1645 3037 1715 quia
3070 1659 3165 1713 per
3193 1642 3526 1698 hereditaria

1940 1735 2118 1806 gentis
2149 1736 2249 1790 iste
2280 1735 2652 1789 succedemus.
2689 1734 2732 1789 Ο
2764 1733 3023 1790 Silvester
3049 1733 3319 1803 episcOpe,
3356 1732 3530 1787 virtus

1952 1839 2042 1883 tua
2074 1844 2157 1883 me
2206 1828 2536 1892 incendent;
2585 1828 2703 1882 etsi
2756 1827 2950 1881 dehinc
2983 1840 3067 1880 me
3095 1826 3266 1895 ejicis,
3298 1840 3328 1879 a
3356 1823 3530 1879 Bene—

249 1914 481 1970 culcavit
510 1894 798 1987 Aquilegia
820 1958 836 1981 ,
874 1925 927 1971 et
957 1916 1199 1983 Benetia,
1229 1931 1436 1971 necnon
1472 1914 1724 1969 Sardinia
1756 1914 1838 1966 iu.

1964 1921 2091 1975 renti
2120 1920 2345 1974 hurbem
2384 1918 2657 1989 regrediar
2703 1935 2733 1972 a
2782 1916 3229 1987 consanguiuium
3282 1914 3457 1968 istius.
3497 1933 3513 1963 ι

250 2007 387 2072 sula,
419 2017 474 2062 et
503 2007 754 2074 Corsica,
792 2018 847 2064 et
879 2008 1158 2080 ampliavit
1188 2024 1411 2078 regnum
1462 2006 1845 2077 Langobardo-

252 2117 388 2156 rum.
421 2100 541 2170 Quo
568 2118 668 2158 rex
698 2101 875 2158 factus
901 2103 983 2156 vir
1028 2100 1514 2156 christianissimus
1564 2108 1727 2169 atque
1756 2114 1849 2153 ca-

253 2192 507 2258 tholicus,
535 2194 784 2266 synodus
806 2193 981 2248 factus
1003 2192 1413 2257 cauuuicorum,
1436 2206 1558 2245 cum
1581 2189 1848 2259 episcopis

255 2293 307 2338 et
354 2283 572 2340 clericis
624 2283 789 2340 {idem
833 2295 1018 2340 sancte
1066 2284 1372 2339 Trinitatis.
1416 2282 1483 2337 Et
1510 2298 1601 2337 rex
1631 2281 1849 2351 Lango—

255 2373 544 2431 bardorum
586 2391 698 2447 que
750 2386 905 2432 antea
950 2377 1210 2447 disposita
1266 2392 1373 2431 non
1431 2384 1583 2439 sunt,
1625 2373 1854 2429 mit-ilice

256 2470 585 2539 composuit.
638 2469 907 2541 Regnavit
942 2470 1148 2525 hisdem
1215 2484 1310 2524 rex
1358 2466 1657 2523 honorifice
1686 2481 1858 2522 annos

259 2561 457 2631 plures,
502 2572 561 2618 et
592 2564 844 2634 quietum
890 2574 973 2619 est
1018 2580 1242 2637 regnum
1295 2562 1772 2633 Langobardorum
1805 2570 1859 2615 et

262 2652 663 2709 Romanorum.
746 2712 749 2713 ν

331 2744 421 2799 16.
469 2744 621 2815 (An.
654 2745 824 2818 745.)
878 2746 1074 2803 Genuit
1127 2755 1309 2801 autem
1365 2747 1533 2801 isdem
1585 2760 1678 2799 rex
1724 2742 1862 2797 ﬁlios

268 2837 400 2893 duos
432 2838 590 2908 (45);
623 2840 831 2909 primus
860 2840 1103 2907 Rachisi,
1136 2839 1407 2895 secundus
1436 2838 1734 2907 Astulphus
1764 2852 1859 2891 vo-

269 2929 490 2984 citatur.
536 2929 849 2986 ConStituto
896 2931 1117 2988 Racltisi
1167 2948 1196 2985 a
1246 2940 1402 3002 patre
1436 2945 1533 2985 suo
1591 2944 1780 2999 regno,
1811 2936 1866 2982 et

272 3018 445 3076 factus
477 3030 563 3076 est
593 3036 691 3075 rex
737 3021 921 3078 italico
970 3024 1236 3077 viventem
1279 3021 1416 3091 patri
1448 3020 1583 3091 ejus.
1615 3018 1868 3087 Obiitque

272 3111 620 3183 Liuprandus
663 3130 758 3171 rex
804 3127 917 3185 (an.
950 3116 1073 3182 7M,
1121 3115 1333 3185 Sept.),
1386 3114 1596 3183 accepit
1645 3110 1867 3166 Rachisi

276 3222 505 3263 uxorem
535 3207 607 3262 de
634 3208 860 3264 hurbem
893 3209 1083 3273 Roma,
1115 3207 1331 3263 nomine
1360 3205 1569 3269 Tassia,
1598 3212 1654 3259 et
1684 3202 1867 3258 disru-

276 3302 353 3370 pit
393 3300 485 3355 lex
528 3310 751 3369 paterna
804 3298 1281 3371 Langobardorum
1335 3296 1706 3367 ntorgyncaph
1740 3335 1754 3358 ,
1810 3302 1867 3350 et

281 3395 491 3457 tnithio,
524 3409 634 3463 que
663 3394 716 3447 in
757 3395 871 3448 suis
917 3393 1126 3463 legibus
1164 3391 1381 3445 alIixum
1431 3400 1533 3449 est.
1564 3403 1670 3443 non
1701 3387 1874 3441 adim-

281 3488 471 3556 plevit.
523 3487 680 3542 Fecit
722 3496 902 3541 autem
953 3486 1271 3542 donationes
1338 3481 1545 3540 cartule
1612 3481 1873 3543 Romane,

287 3580 425 3635 sicut
448 3581 554 3651 ipsi
582 3580 813 3635 Romani
840 3580 1130 3651 petierunt.
1151 3578 1383 3649 Pmpter
1406 3578 1508 3632 hoc
1534 3573 1897 3647 Laugobardi‘

290 3671 485 3726 irritati
538 3672 804 3727 adversus
850 3673 1066 3728 liachisi
1112 3687 1250 3737 rex,
1300 3678 1355 3726 et
1410 3677 1704 3726 tractantes
1757 3684 1879 3723 cum

296 3761 597 3833 Astulphus
644 3763 715 3818 de
771 3779 936 3834 regno
982 3765 1117 3836 ejus.
1171 3763 1420 3819 Perrexit
1465 3762 1686 3818 Rachisi
1727 3778 1820 3819 rex
1852 3778 1880 3817 a

296 3852 583 3910 Pinnensis
615 3857 753 3913 urbe
790 3866 1113 3913 vetustatem
1146 3867 1487 3927 consumpta,
1518 3866 1742 3928 eratque
1771 3858 1882 3912 hibi

299 3946 597 4003 abitatores
646 3946 1000 4019 Langobardo
1046 3952 1265 4005 nomine
1301 3948 1471 4019 Lupo,
1505 3964 1609 4018 que
1646 3948 1764 4003 siue
1789 3948 1884 4003 he-

299 4040 517 4095 redibus
564 4050 814 4097 mortuus
846 4042 1036 4097 fuerat.
1092 4043 1183 4096 Est
1224 4052 1404 4096 autem
1451 4041 1782 4096 constitutus
1830 4041 1885 4094 in

301 4131 509 4201 legibus
535 4132 1040 4203 Langobardorum,
1058 4132 1512 4204 utLangobardus
1526 4134 1617 4203 qui
1640 4132 1758 4187 sine
1785 4134 1891 4186 hae-

302 4224 458 4278 redes
514 4232 768 4278 mortuus
812 4222 1001 4288 fuerit,
1035 4225 1201 4279 curtis
1251 4224 1397 4293 regia
1429 4223 1703 4279 succedat.
1759 4223 1894 4277 Suc-

304 4314 469 4369 cessit
514 4313 745 4367 Rachisi
791 4330 884 4369 rex
916 4330 1104 4370 omnes
1152 4315 1434 4370 facultates
1464 4315 1670 4386 Luponi
1708 4298 1891 4369 in‘sue

307 4408 455 4476 regie
485 4407 793 4475 potestatis.
823 4406 1047 4461 Precata
1077 4417 1162 4463 est
1182 4407 1373 4462 Tassia
1396 4407 1582 4479 regina
1613 4423 1642 4461 a
1675 4405 1897 4460 Rachisi

308 4515 427 4565 rex,
461 4500 590 4553 viro
621 4515 740 4564 suo,
769 4508 825 4554 ut
870 4516 901 4554 a
942 4502 1150 4557 montes
1178 4501 1425 4573 Syraptis
1453 4517 1481 4555 a
1511 4500 1897 4555 monasterium

311 4593 459 4647 beati
493 4590 749 4646 Silvestri
790 4593 855 4646 ab
886 4593 1154 4650 orationes
1184 4608 1407 4664 pergere
1431 4610 1551 4648 cum
1584 4593 1733 4661 ipso;
1773 4590 1895 4659 quia

314 4683 663 4739 consuetudo
684 4682 1039 4738 Romanorum
1061 4693 1163 4749 est,
1189 4685 1369 4754 sepius
1392 4685 1594 4738 venire.
1620 4680 1905 4753 Acquievit

318 4794 413 4832 rex
443 4776 646 4848 petitio
678 4777 831 4830 uxori
874 4793 986 4843 sue,
1016 4781 1233 4835 veniens
1279 4795 1399 4833 cum
1449 4779 1707 4833 comitatu
1750 4790 1846 4831 suo
1876 4792 1904 4829 a

322 4868 661 4938 Serapteuas
714 4876 940 4921 montes.
984 4868 1222 4941 Cumque
1266 4880 1581 4939 prOperaret
1621 4869 1687 4922 ad
1727 4867 1903 4922 locum

326 4961 455 5016 ltubi
480 4961 689 5017 dicitur
731 4958 814 5015 Ad
842 4974 1034 5025 arcum,
1066 4974 1216 5019 tanta
1247 4962 1474 5035 denique
1500 4960 1782 5031 ﬂagrantia
1812 4974 1906 5011 na,

1946 2012 2062 2080 Quo
2089 2012 2231 2067 dicto
2267 2012 2460 2065 demou
2491 2011 2821 2080 discerpeus,
2864 2009 3049 2063 exiens
3078 2009 3143 2061 ab
3170 2023 3266 2071 eo;
3308 2014 3529 2075 propter

1946 2106 2051 2160 hoc
2079 2103 2254 2159 vocati
2285 2111 2413 2158 sunt
2445 2103 2613 2173 ipsius
2643 2100 2956 2173 genealogie
2993 2099 3338 2167 Langobardi
3368 2097 3541 2152 Bene-

1949 2196 2094 2251 venti
2149 2215 2166 2246 r
2216 2193 2793 2263 tempta-demonium
2845 2214 2862 2244 ι
2914 2206 3085 2261 usque
3131 2190 3183 2245 iu
3229 2197 3536 2261 presentem

1955 2295 2115 2350 diem.
2148 2293 2251 2361 Qui
2289 2301 2434 2348 tanta
2482 2290 2673 2363 gaudia
2702 2291 2752 2345 in
2804 2289 3024 2345 Rachisi
3057 2305 3147 2344 rex
3181 2296 3234 2341 et
3263 2287 3380 2356 ejus
3410 2300 3534 2341 con-

1949 2384 2066 2454 jux,
2097 2395 2151 2441 et
2182 2393 2409 2440 cunctos
2435 2382 2758 2452 sequacibus
2806 2381 2920 2435 suis
2947 2377 3316 2451 Langobardis
3346 2377 3540 2436 inerat,

1958 2486 2017 2532 ut
2045 2475 2387 2532 ferocitatem
2420 2474 2510 2543 qui
2562 2473 2761 2528 dudum
2808 2472 3028 2527 abuerat
3060 2511 3073 2531 .
3122 2471 3173 2524 in
3222 2468 3541 2522 umilitatem

1958 2568 2130 2639 gratie
2157 2574 2281 2621 sunt
2322 2563 2592 2621 conversi.
2632 2562 2874 2630 Quantas
2906 2561 3159 2615 lacrimas
3187 2566 3241 2614 et
3272 2558 3547 2613 orationes

1960 2660 2301 2731 Langobardi
2334 2658 2506 2714 exorti
2538 2666 2686 2722 sunt,
2717 2665 2771 2710 et
2827 2670 3051 2710 munera
3104 2652 3301 2707 ibidem
3348 2649 3550 2719 Optule-

1966 2762 2112 2818 runt,
2143 2766 2367 2808 narrare
2392 2751 2609 2820 longum
2640 2757 2742 2803 est.
2780 2747 2997 2801 Rachisi
3036 2760 3129 2798 rex
3160 2752 3215 2797 et
3252 2742 3440 2797 Tassia
3472 2755 3551 2795 re-

1966 2846 2111 2915 gina.
2144 2859 2281 2897 uxor
2321 2840 2454 2910 ejus.
2489 2856 2585 2910 per
2614 2846 2927 2910 preceptum
2971 2833 3279 2889 donationis
3306 2832 3356 2885 in
3389 2844 3553 2884 vene-

1967 2937 2152 2991 rabilis
2200 2932 2585 2989 monasterium
2629 2929 2803 2985 sancti
2855 2925 3102 2982 Silvestri
3151 2933 3207 2978 et
3253 2921 3553 2978 beatissimi

1970 3026 2207 3082 Nonuosi
2244 3032 2397 3080 curto
2435 3036 2595 3076 unam
2625 3062 2638 3081 ,
2693 3026 3091 3088 nuncupantem
3146 3013 3450 3069 Ustriciano
3501 3010 3554 3064 in

1972 3118 2248 3174 territorio
2278 3114 2545 3187 Spolitino
2571 3154 2585 3180 ,
2636 3113 2690 3167 in
2739 3126 2876 3181 pago
2918 3109 3068 3178 cujus
3104 3103 3426 3160 vocabulum
3474 3110 3559 3157 est

1974 3211 2183 3275 Pinnis,
2214 3224 2335 3264 cum
2380 3205 2610 3262 ecclesia
2658 3204 2709 3257 in
2737 3216 2905 3257 onore
2937 3198 3107 3253 sancti
3136 3194 3384 3251 Silvestri
3420 3190 3559 3247 infra

1977 3304 2091 3374 ipsa
2117 3310 2267 3357 curte
2290 3305 2599 3353 constructa
2626 3304 2732 3359 est,
2756 3300 2809 3348 et
2836 3290 3087 3347 omnibus
3116 3284 3452 3355 adjacentiis,
3476 3280 3563 3336 vel

1979 3393 2310 3465 appendiciis
2332 3390 2565 3446 hibidem
2598 3385 3013 3460 pertinentibus,
3038 3380 3120 3435 vel
3152 3376 3560 3465 aspicientibus,

1980 3464 2137 3541 sicuti
2171 3481 2373 3553 Luponi
2405 3479 2556 3535 ducis
2583 3477 2829 3533 manibus
2856 3474 2967 3529 suis
2994 3470 3253 3526 detenuit.
3288 3466 3482 3522 Mansit
3509 3464 3562 3518 in

1982 3592 2046 3633 eo
2074 3584 2285 3629 montes
2318 3589 2412 3627 rex
2440 3573 2555 3627 dies
2586 3580 2696 3625 tres
2727 3568 2927 3639 gratias
2954 3579 3118 3635 agens
3148 3562 3292 3628 Deo;
3330 3578 3358 3615 a
3387 3558 3565 3629 Spoli-

1987 3676 2111 3723 tana
2149 3667 2338 3722 urbem
2380 3677 2658 3735 regressus
2706 3669 2807 3715 est.
2860 3654 3211 3726 Langobardi.
3255 3652 3435 3707 furore
3481 3664 3570 3704 ac—

1988 3760 2162 3823 censi,
2195 3757 2352 3814 sicuti
2384 3753 2718 3810 cousuetudo
2750 3750 2925 3822 gentis
2962 3762 3176 3811 eorum,
3213 3744 3411 3799 fronite
3442 3756 3573 3795 uno-

1989 3867 2093 3923 que
2125 3851 2306 3906 animo
2336 3845 2596 3918 Astulpho
2627 3844 2921 3916 petierunt,
2959 3848 3019 3893 ut
3068 3836 3381 3909 frangerent
3411 3835 3571 3890 dona-

1989 3944 2169 3999 tiones
2198 3936 2401 3994 cartule
2430 3950 2533 4007 que
2566 3934 2782 3989 Rachisi
2814 3948 2908 3986 rex
2940 3930 3145 3986 fecerat
3176 3928 3286 3999 (46)
3326 3926 3401 3981 uti
3433 3924 3564 3979 Lan-

1991 4036 2352 4108 gobardorum
2397 4030 2653 4099 deinceps
2702 4043 2805 4082 non
2839 4032 3000 4079 esset.
3035 4023 3101 4078 Et
3136 4022 3406 4092 petierunt
3436 4015 3576 4070 Lan-

1995 4125 2215 4198 gobardi
2268 4122 2572 4193 Astulpho,
2625 4130 2685 4176 ut
2729 4118 3082 4174 conveniente
3130 4130 3250 4171 cum
3282 4110 3571 4182 episcopis,

1997 4216 2283 4275 abbatibus
2309 4213 2599 4286 prepositis
2640 4210 3121 4283 synodochiorum,
3161 4216 3215 4262 et
3255 4219 3376 4260 cum
3407 4213 3580 4259 custo-

1998 4310 2157 4366 dibus
2210 4307 2560 4363 ecclesiarum
2588 4347 2602 4369 ,
2652 4305 2705 4358 in
2736 4302 2924 4357 edictis
2963 4300 3170 4371 legibus
3212 4296 3576 4367 adigerentur.

2001 4403 2116 4471 Que
2138 4401 2450 4472 jurejurans
2469 4397 2755 4470 spopondit
2778 4392 3091 4463 Astulphus,
3117 4398 3259 4445 esset
3289 4387 3579 4448 facturum,

2004 4495 2047 4549 si
2076 4492 2419 4562 Langobardi
2447 4503 2672 4560 regnum
2704 4487 2781 4542 eis
2810 4485 3127 4540 concedere.

2080 4584 2166 4638 Π.
2209 4584 2509 4637 (loronatus
2538 4588 2622 4635 est
2646 4578 2854 4633 hisdem
2885 4574 3179 4643 Astulplms
3209 4571 3261 4626 iu
3287 4568 3584 4624 Mcdiolana

2014 4676 2242 4733 hurbem
2268 4676 2388 4744 (an.
2430 4672 2549 4728 749.
2580 4670 2771 4740 Jun.),
2804 4668 2943 4724 infra
2991 4664 3218 4722 ecclesia
3252 4660 3426 4717 sancti
3459 4659 3589 4715 Am-

2013 4767 2455 4839 hrosii'episcopi,
2474 4776 2528 4822 et
2541 4766 2743 4823 electus
2756 4772 2841 4819 est
2856 4779 2949 4819 rex
2969 4762 3021 4817 in
3046 4774 3228 4814 mcnse
3251 4753 3588 4824 Junius(i7),

2011 4861 2304 4917 indictione
2368 4860 2434 4912 10
2501 4860 2562 4913 ³⁸.
2618 4856 2791 4910 Tanta
2847 4855 3080 4923 denique
3147 4846 3381 4918 nequitia
3430 4857 3592 4897 exar-

2017 4955 2086 5009 sit
2114 4955 2227 5007 suis
2260 4951 2611 5021 temporibus,
2643 4954 2845 5019 quanta
2895 4956 3189 5014 numquam
3216 4938 3326 4994 suis
3353 4944 3599 4989 anteces-

1615 5070 1847 5129 VARl/E
1887 5064 2295 5125 LECTIONES.

401 5192 443 5223 ⁸⁸
482 5189 532 5245 X
561 5187 777 5252 codex";
810 5188 1059 5257 legendam
1087 5194 1147 5249 ll.

1874 5271 2108 5331 NOTAE.

3063 5366 3155 5384 mur
3207 5355 3349 5384 unum
3382 5341 3583 5384 nullam

2266 5368 2306 5384 η
2383 5364 2463 5384 1!-
2511 5361 2698 5384 A?-.-Ir
2742 5355 2918 5384 Lat...“
2947 5365 3020 5384 Α-.
