3986 5444
407 300 478 353 ,ιδ
1423 301 1782 360 BENEDICTI
1824 305 1881 360 s.
1919 305 2222 364 unum
2261 311 2566 373 MONACHI
3567 313 3638 372 24

406 409 621 464 soi-ibus
653 417 924 478 repertum
962 425 1065 464 non
1101 419 1196 500 cst.
1229 410 1381 465 Fecit
1423 414 1683 482 synodum
1715 425 1834 469 cum
1864 415 1969 470 Va-
2000 424 2048 480 Α
2076 426 2362 494 concessit,
2391 437 2446 482 et
2468 429 2646 483 omnia
2693 430 2988 500 adjacentla
3021 432 3166 484 illius
3208 428 3362 484 sicuti
3400 444 3430 484 a
3469 417 3639 500 priori

407 503 573 557 lerius
599 501 1036 571 archiepiscolms
1063 496 1316 556 Ravenne
1346 502 1580 558 civitatis
1617 515 1672 558 et
1707 521 1829 558 cum
1873 506 1975 560 Co-

408 592 600 647 naldus
655 592 1091 662 archiepiscOpus
1135 591 1431 647 Mediolane
1475 594 1732 656 civitatis.
1767 604 1821 650 et
1853 610 1977 651 cum

400 683 652 752 jacentiis
682 685 725 716 ¹⁹
753 684 1040 754 episcOpis,
1077 683 1384 750 abbatibus,
1411 686 1704 756 judieibus,
1731 687 1978 742 fidelibus

406 773 776 841 Langobardis
799 773 852 826 in
882 788 1046 842 regno
1073 765 1225 828 Italic
1251 775 1711 844 permanentibus,
1743 774 1980 845 fecitque

405 863 640 935 capitula
670 863 828 919 sicuti
847 862 1188 934 Langobardi
1217 865 1420 934 precati
1451 873 1578 920 sunt
1604 882 1618 930 ;
1673 877 1728 922 et
1759 866 1815 921 in
1858 867 1975 922 edi-

407 956 509 1009 ctis
553 951 692 1024 aﬂigi
739 954 997 1025 precepit.
1029 954 1179 1010 Tunc
1222 965 1574 1010 surrexerunt
1614 956 1714 1011 viri
1751 956 1976 1013 Romani

409 1043 681 1110 scelerati,
715 1053 769 1099 et
803 1045 1188 1105 intimaverunt
1215 1045 1426 1100 Astulfu
1464 1047 1599 1117 regi,
1630 1055 1688 1102 ut
1731 1049 1979 1104 venirent

403 1144 462 1190 et
513 1135 853 1204 possiderunt
899 1134 1094 1191 Tuscie
1129 1135 1333 1214 ﬁnibus
1362 1148 1414 1192 et
1446 1136 1750 1194 Romanum
1802 1140 1974 1210 impe-

406 1223 546 1276 rium
605 1232 948 1294 usurparent.
993 1224 1297 1280 Exaltatum
1340 1236 1422 1281 est
1470 1241 1565 1282 cor
1610 1227 1727 1298 ejus
1775 1244 1880 1283 non
1921 1230 1976 1284 in

409 1313 543 1380 Deo,
576 1329 676 1368 nec
702 1314 756 1368 in
785 1330 953 1371 onore
978 1316 1354 1382 ecclesiarum,
1386 1317 1476 1372 sed
1524 1319 1578 1373 in
1607 1319 1772 1385 bella,
1808 1320 1860 1374 in
1893 1337 1978 1376 ra-

410 1405 562 1477 pina,
612 1415 667 1460 et
718 1405 859 1477 igne,
894 1415 950 1461 et
988 1406 1182 1477 gladio.
1230 1407 1518 1464 Venientes
1547 1409 1601 1465 in
1654 1409 1976 1481 Spolitinam

401 1489 619 1560 urbem,
669 1497 812 1552 misit
843 1498 1108 1554 Robertus
1152 1515 1332 1555 comes
1359 1500 1540 1570 palatii
1573 1516 1606 1556 a
1641 1500 1975 1569 Savinensis,

409 1593 469 1640 ut
494 1584 580 1638 via
613 1594 668 1640 et
714 1595 903 1655 portua
950 1587 1266 1652 custodiret,
1319 1605 1417 1659 nec
1445 1589 1702 1645 Romanis
1730 1591 1832 1646 iter
1857 1607 1978 1647 car-

407 1683 579 1745 peret.
612 1674 756 1730 Misit
799 1676 1114 1733 Grimualdu
1141 1693 1170 1736 a
1215 1678 1658 1746 Centucellensis,
1687 1690 1746 1736 ut
1788 1691 1975 1739 custo-

2077 521 2315 583 tempore
2335 517 2682 572 constitutum
2711 528 2814 582 est,
2839 516 2962 586 jure
2983 517 3198 572 amxum
3223 529 3306 573 est
3333 519 3636 575 constituit.

2076 605 2243 662 Datos
2298 607 2507 679 legatos
2557 609 2780 680 Pipinus
2827 621 2882 665 et
2929 609 3341 680 Carlomagnoa
3380 608 3639 665 Zacharia

2073 711 2232 766 papa,
2261 697 2470 754 Astulfu
2499 700 2659 772 regis,
2687 701 2740 755 in
2766 700 2950 756 Ticine
2972 701 3212 756 civitatis
3235 711 3494 770 repertas,
3519 716 3638 756 om—

2077 789 2272 856 niaque
2299 797 2355 843 et
2379 788 2612 857 qualiter
2650 799 2868 861 peracta
2913 800 3038 846 sunt
3067 791 3428 846 innotescunt.
3461 790 3643 846 Astul—

2075 879 2212 946 phus
2243 896 2334 935 rex
2378 882 2850 953 Langobardorum
2879 883 3256 953 nequissimus,
3295 881 3555 936 nefandus
3583 887 3646 935 et

2075 969 2298 1024 callidus
2323 971 2484 1026 verba
2524 973 2818 1028 honorifice
2844 972 3166 1043 composuit,
3209 981 3265 1026 et
3293 971 3472 1025 omnia
3503 968 3645 1024 Pen-

2077 1056 2293 1126 tapolim
2315 1067 2369 1112 et
2397 1057 2588 1115 Tuscie
2616 1061 2809 1115 finibus
2831 1068 2885 1115 et
2905 1060 3159 1132 quicquid
3179 1075 3210 1114 a
3235 1067 3420 1116 sancte
3445 1058 3645 1113 Romae

2077 1163 2143 1202 ne
2169 1149 2401 1204 ecclesie
2451 1150 2664 1204 videtur
2692 1150 2764 1204 illi
2816 1149 3070 1206 restituit.
3105 1148 3210 1205 Sed
3247 1158 3426 1203 tamen
3456 1163 3485 1202 a
3515 1161 3644 1202 con-

2075 1243 2302 1296 suetudo
2347 1257 2534 1298 eorum
2587 1243 2819 1313 maligna
2875 1258 2981 1298 non
3027 1242 3447 1299 declinaverunt.
3505 1240 3644 1295 Inito

2076 1334 2300 1390 consilio
2323 1350 2441 1389 cum
2465 1335 2731 1406 episcopis
2752 1345 2805 1391 et
2837 1335 3004 1391 Deum
3037 1336 3285 1390 timentes
3311 1333 3454 1404 quod
3478 1347 3645 1402 agere

2075 1426 2305 1482 debeant
2362 1428 2428 1482 de
2473 1427 2872 1496 persecutiones
2917 1417 3427 1500 Langobardorum,
3477 1424 3522 1478 si
3571 1423 3643 1477 ad

2073 1519 2368 1574 Grecorum
2411 1533 2609 1589 genere
2669 1533 2893 1586 regnum
2953 1516 3200 1573 Italicum
3243 1524 3298 1570 et
3342 1513 3645 1568 Romanum

2074 1609 2357 1679 imperium
2389 1607 2718 1674 devolberet,
2743 1617 2796 1662 ct
2823 1607 2867 1662 si
2891 1623 2922 1662 a
2951 1605 3173 1662 Francis
3201 1604 3255 1659 in
3283 1601 3434 1658 italia
3463 1601 3646 1674 ingre-

2076 1700 2131 1755 di
2188 1700 2425 1755 deberet.
2477 1698 2582 1754 Sed
2646 1698 2836 1754 melius
2890 1705 2974 1754 est
3034 1713 3064 1752 a
3126 1696 3281 1752 nobis
3335 1710 3368 1749 a
3418 1691 3646 1750 Francis

407 1767 550 1863 dirct
573 1766 878 1863 vita-tinnitus
928 1769 1158 1863 Romani
1205 1779 1260 1824 ct
1289 1781 1481 1841 portua
1515 1771 1697 1827 maris.
1741 1771 1973 1830 Nuntius
2005 1782 2048 1842 Β
2074 1806 2181 1863 que
2209 1808 2238 1845 ε,
2264 1791 2452 1846 Grecis
2469 1789 2940 1846 dominiomomm
2967 1787 3284 1858 subiaceret.
3315 1804 3335 1838 ,

407 1855 556 1909 misit
582 1871 610 1909 a
637 1855 928 1912 Terracina
953 1858 1157 1923 urbem,
1186 1867 1245 1913 ut
1283 1860 1576 1918 custodiret
1617 1861 1702 1915 via
1729 1862 1896 1918 maris
1916 1871 1973 1918 et

406 1949 589 2012 terris,
617 1958 675 2003 ut
704 1963 804 2012 nec
832 1951 1164 2005 venundaret
1189 1950 1348 2006 alicui
1378 1951 1658 2020 Romanis,
1687 1953 1830 2007 nulla
1858 1968 1974 2008 rem

406 2037 724 2106 perciperet.
751 2037 816 2091 Et
835 2038 1077 2092 ascendit
1105 2038 1347 2095 Astulfus
1376 2055 1468 2096 rex
1496 2041 1549 2096 in
1573 2057 1762 2112 campo
1785 2041 1976 2097 Tibur-

409 2127 522 2181 tino
551 2143 670 2185 cum
719 2143 814 2182 sex
857 2127 999 2182 milia
1037 2127 1538 2200 Langobardorum,
1576 2141 1632 2187 et
1672 2131 1847 2189 factus
1891 2141 1976 2190 est

406 2233 574 2288 pavor
609 2233 834 2289 magnus
881 2218 935 2273 in
986 2219 1264 2275 Romanis.
1315 2220 1581 2277 Fecerunt
1633 2224 1976 2293 pactuationc

412 2325 533 2364 cum
565 2309 850 2368 Tiburtina
883 2311 1094 2376 urbem,
1124 2320 1178 2366 et
1225 2328 1346 2367 cum
1387 2311 1673 2368 Pristincm
1724 2314 1973 2381 burbem,

404 2417 509 2458 nec
540 2403 762 2458 Romani
800 2417 897 2458 nec
943 2403 1266 2474 colloquium
1307 2421 1405 2460 nec
1446 2405 1714 2460 amicitias
1756 2395 1880 2460 cum
1910 2419 1974 2461 eo

407 2492 695 2548 habentur.
737 2492 1094 2554 lncendcrunt
1125 2492 1461 2565 Langobardi
1487 2494 1728 2550 ecclesia:
1759 2503 1976 2550 sancta-

407 2599 549 2649 rum,
587 2583 712 2638 hubi
745 2599 967 2654 corpora
1003 2600 1186 2640 eorum
1214 2585 1584 2655 quiescebant.
1618 2585 1744 2657 Igne
1779 2585 1978 2657 gladia-

398 2678 516 2756 'que
546 2695 818 2742 vastantes
865 2697 973 2742 tota
1025 2687 1240 2754 Tuscia,
1273 2689 1465 2744 civitas
1506 2687 1768 2761 Nepesina
1798 2689 1849 2743 in
1877 2705 1975 2744 suo

399 2771 644 2840 dominio
669 2781 1060 2850 perdurantes;
1089 2789 1317 2850 quantas
1355 2796 1496 2835 nunc
1540 2781 1744 2837 exarsit
1781 2789 1974 2837 contra

407 2872 700 2936 Romanos,
733 2888 828 2942 per
851 2873 1090 2943 singulos
1135 2889 1237 2928 non
1262 2889 1546 2943 possumus
1569 2889 1846 2929 enarrare.
1875 2873 1977 2931 Ca-e

409 2973 522 3018 stra
564 2963 929 3020 Romanorum
971 2965 1244 3029 destructe
1269 2976 1421 3034 sunt,
1449 2966 1775 3022 monasteria
1806 2975 1856 3021 et
1887 2982 1978 3038 op-

408 3059 532 3129 pida
580 3068 877 3126 vastantes,
924 3059 1066 3120 nulla
1121 3075 1269 3130 Spem
1313 3059 1683 3129 recuperando
1728 3059 1979 3115 invenire

2147 1885 2236 1940 i8.
2276 1883 2546 1938 Robertus
2573 1897 2754 1939 comes
2773 1882 2956 1954 palatii
2983 1879 3338 1951 Langobardo
3363 1874 3648 1932 Savinensi

2077 1975 2297 2040 exiens,
2344 1988 2473 2044 ergo
2519 1975 2806 2043 pugnantis
2860 1981 3048 2029 contra
3107 1969 3400 2026 Romanos.
3449 1965 3650 2037 Sicque

2077 2064 2224 2119 venit
2256 2079 2287 2119 a
2334 2063 2532 2118 Lubria
2571 2063 2840 2129 civitates,
2871 2077 2976 2133 que
3028 2076 3200 2131 pugna
3247 2055 3494 2114 conﬂicta
3519 2070 3646 2111 cum

2077 2157 2350 2213 Romanos
2385 2157 2698 2213 ceciderunt
2725 2157 2790 2212 de
2835 2154 3104 2209 Romanos
3126 2151 3312 2222 vulgus
3354 2157 3408 2206 et
3440 2146 3648 2203 nobiles

2076 2249 2292 2322 plures.
2334 2248 2602 2304 Robertus
2649 2246 3005 2318 Langobardo
3051 2243 3374 2298 constitutus
3427 2247 3546 2295 erat
3590 2237 3646 2292 in

2077 2353 2289 2408 campo,
2326 2344 2382 2392 et
2419 2335 2618 2392 abebat
2655 2336 2922 2390 roborem.
2953 2332 3070 2400 Quo
3104 2329 3284 2401 prcsul
3318 2329 3372 2384 in
3413 2325 3646 2384 ecclesia

2075 2428 2220 2484 beati
2250 2425 2396 2482 Petri
2426 2425 2673 2496 apostoli,
2700 2425 2913 2480 locutus
2940 2433 3023 2479 est
3059 2421 3256 2493 populo
3277 2420 3491 2475 dicens:
3521 2435 3539 2470 ι
3569 2417 3646 2472 De

2077 2521 2195 2578 celo
2223 2528 2402 2575 autem
2444 2517 2766 2588 adjutorium
2799 2516 2871 2572 sit
2895 2515 3167 2572 vobiscum
3194 2529 3209 2579 ;
3236 2512 3418 2584 eligite
3455 2523 3550 2564 vos
3575 2507 3645 2563 ad

2075 2625 2254 2681 pugna
2279 2624 2399 2664 cum
2434 2605 2840 2678 Langobardis;
2876 2603 3039 2658 nolite
3070 2602 3339 2658 metuere!
3378 2618 3397 2652 ι
3451 2599 3516 2654 Et
3542 2597 3642 2654 ba-

2076 2701 2294 2766 bierunt
2338 2697 2567 2756 Romani
2611 2705 2803 2752 contra
2852 2693 3120 2750 Robertus
3165 2689 3532 2762 Langobardo.
3577 2687 3646 2743 Et

2078 2815 2208 2855 ecce
2255 2798 2525 2853 exercitus
2570 2789 3046 2866 Langobardorum
3084 2787 3372 2846 transiebat
3421 2782 3644 2847 nubium

2080 2893 2296 2949 Lubrie.
2333 2889 2561 2947 Romani
2609 2896 2991 2959 persequentes
3033 2893 3220 2940 contra
3274 2881 3438 2951 ipsos,
3479 2876 3644 2932 truci-

2081 2985 2190 3042 dati
2213 2993 2266 3040 et
2287 2983 2466 3054 gladio
2489 2979 2755 3036 interfecti
2783 2979 2848 3034 de
2867 2975 3206 3045 Langobardi
3225 2972 3336 3027 fere
3364 2971 3645 3030 ducentos,

2079 3083 2135 3131 et
2159 3074 2424 3129 Robertus
2441 3085 2628 3126 comes
2646 3067 2829 3138 palatii
2857 3065 3153 3122 trucidatus
3176 3071 3257 3117 est
3276 3079 3291 3126 ;
3317 3068 3372 3115 et
3388 3054 3647 3114 Romanis

407 3137 716 3220 potuerunt.
749 3151 876 3205 Erat
904 3150 1142 3220 pontifex
1171 3153 1222 3206 in
1254 3152 1441 3206 urbem
1466 3150 1632 3206 Roma
1661 3150 1975 3221 Stephanus
2005 3144 2047 3206 C
2078 3165 2283 3222 reversi
2320 3171 2448 3219 sum
2485 3137 2742 3216 victores,
2774 3158 2904 3213 Post
2964 3157 3064 3214 hec
3109 3151 3481 3210 sanctissimus
3506 3160 3646 3217 papa

408 3240 626 3305 nomine
651 3240 782 3309 (48).
819 3240 950 3294 vidit
979 3255 1036 3296 sc
1081 3241 1132 3294 in
1181 3248 1330 3300 tanta
1384 3239 1716 3295 desolatione
1744 3239 1976 3309 positus,

408 3329 546 3394 dixit
575 3348 588 3383 :
618 3349 636 3382 ι
673 3330 805 3384 Eum
832 3345 936 3397 me,
965 3330 1090 3399 quid
1123 3329 1350 3384 faciam?
1379 3328 1562 3398 chno
1583 3329 1768 3384 Italico
1789 3346 1816 3382 a
1844 3327 1978 3382 mul-

410 3420 482 3486 tis
523 3422 772 3490 gentibus
819 3421 1142 3492 depressus;
1193 3421 1342 3491 prius
1381 3437 1410 3474 a
1461 3419 1647 3484 Medis,
1684 3430 1734 3477 et
1790 3420 1976 3486 Lanis,

407 3519 748 3591 postmodum
773 3535 804 3575 a
835 3519 1022 3585 Gallis,
1051 3521 1242 3576 tertius
1271 3537 1299 3573 a
1327 3519 1506 3586 Gothi,
1535 3529 1760 3592 quartus
1782 3536 1811 3573 a
1837 3519 1980 3575 Lana

411 3611 808 3681 gobardissQui
849 3611 901 3666 in
945 3610 1094 3667 [talia
1144 3612 1414 3682 possessio
1442 3611 1582 3666 facta
1615 3623 1718 3678 est,
1747 3611 1979 3680 denique

410 3720 440 3757 a
473 3701 760 3759 Zacharias
797 3718 1022 3772 magnus
1049 3703 1229 3774 prcsul
1259 3704 1617 3759 antecesseris
1645 3703 1798 3766 meis,
1827 3701 1980 3772 cujus

411 3797 524 3851 Deo
552 3802 774 3850 auctore
801 3794 1082 3859 deservio;
1115 3794 1206 3864 qui
1237 3794 1420 3849 multis
1459 3792 1853 3849 calamitatibus
1889 3793 1980 3848 dc-.

410 3907 648 3961 pressus,
697 3905 728 3944 a
782 3890 1030 3946 nefandis
1077 3891 1448 3961 Langobardis
1505 3900 1713 3948 vastata
1769 3892 1979 3959 urbem,

411 3983 683 4044 destructa
730 3981 926 4037 Tuscie
968 3981 1164 4042 linibus
1210 3982 1541 4049 monasteria
1585 3983 1820 4039 virorum
1877 3983 1982 4040 hac

411 4073 728 4153 puellarum.
777 4073 1012 4129 basilicae
1052 4086 1362 4131 sanctorum
1424 4085 1768 4132 concremate
1818 4086 1978 4143 sunt;

404 4164 580 4241 quiin
607 4164 766 4219 exilio
793 4165 1067 4234 deputavit
1095 4181 1154 4222 se
1189 4167 1363 4236 ipsum
1408 4175 1625 4237 propter
1645 4182 1780 4235 opus
1803 4166 1978 4226 eccle-

412 4255 610 4308 siarum
641 4254 755 4312 Dei.
797 4255 840 4308 A
882 4255 1104 4326 Pipinus
1154 4258 1385 4327 quedam
1430 4256 1758 4312 Francorum
1806 4257 1858 4312 hi
1888 4257 1983 4326 qui

411 4344 639 4401 Francia
685 4346 946 4414 pervenit.
990 4345 1389 4403 Gaudcbundus
1435 4364 1528 4403 rex
1555 4347 1774 4418 Pipinus
1798 4357 1853 4403 et
1881 4348 1978 4404 ho.

414 4437 634 4492 norilice
661 4437 906 4508 suscipit,
935 4438 1178 4494 invitatis
1204 4441 1256 4493 in
1287 4439 1458 4504 Italia,
1485 4448 1544 4493 ut
1571 4440 1744 4510 gentis
1769 4439 1979 4510 Lange-1

412 4526 702 4591 bardorutn
733 4528 832 4582 sub
854 4542 950 4583 suo
976 4527 1214 4587 dominio
1235 4529 1603 4584 constitueret.
1633 4527 1735 4598 Qui
1763 4529 1983 4600 Pipinus

413 4631 536 4670 cum
565 4616 924 4689 Carlomagno
953 4618 1175 4687 regebat
1210 4619 1539 4681 Francorum
1567 4633 1732 4690 gens;
1763 4633 1870 4688 quo
1891 4634 1983 4674 or-

414 4710 540 4765 dine
565 4717 621 4764 et
652 4711 859 4780 origine
879 4713 1067 4768 subtus
1098 4713 1256 4784 hujus
1279 4713 1417 4772 serie
1443 4712 1706 4771 dicamus.
1741 4709 1870 4766 Orta
1896 4719 1982 4766 est

413 4801 644 4857 intentio
702 4803 843 4859 inter
892 4803 1114 4874 Pipinus
1170 4816 1226 4861 et
1268 4804 1624 4874 Carlomagno
1690 4801 1759 4858 de
1821 4817 1986 4872 regno

408 4888 780 4970 Francorum;
805 4893 894 4963 qni
917 4894 1206 4949 Zacharias
1236 4908 1369 4963 papa
1394 4909 1424 4946 a
1451 4893 1808 4963 Carlomagno
1833 4906 1988 4962 roga-

414 4986 504 5036 tus
524 4993 624 5048 est,
653 4991 710 5035 ut
737 4983 801 5037 de
830 4983 1154 5037 monasterio
1201 4982 1376 5036 sancti
1425 4980 1670 5035 Silvestri
1718 4981 1772 5035 in
1799 4991 1981 5038 monte

419 5068 630 5094 r1-.---..:
691 5087 787 5098 υ..-
832 5081 1139 5104 ..-ηηηηιηηα
1190 5071 1508 5110 nnnliﬁnnlic
1562 5069 1679 5112 illm
1721 5079 1979 5116 nor-nemo

2083 3260 2389 3330 Stephanus
2423 3256 2506 3310 via
2533 3253 2796 3310 directum
2817 3267 2916 3322 pro
2949 3246 3146 3320 populo
3169 3245 3411 3300 Romano
3438 3249 3494 3330 et
3520 3253 3645 3330 san-

2080 3359 2167 3406 cte
2182 3327 2424 3420 ejusdem
2470 3341 2696 3400 ecclesie
2719 3338 3048 3400 defensione,
3100 3334 3284 3402 sicque
3324 3331 3378 3386 in
3415 3327 3648 3385 Francia

2079 3440 2348 3513 pervenit,
2389 3438 2442 3492 in
2473 3431 2828 3506 Aquisgranis
2863 3428 3084 3500 palatio,
3142 3425 3208 3479 ad
3236 3421 3648 3517 adjutoriumnet

2067 3506 2338 3588 solacium
2382 3523 2658 3598 querendo
2697 3536 2800 3592 pro.
2826 3519 3056 3590 justitiis
3107 3514 3282 3571 sancti
3327 3510 3496 3567 Petri.
3540 3506 3648 3574 Qui

2080 3622 2302 3694 Pipinus
2322 3635 2413 3676 rex
2443 3616 2737 3674 honorifice
2761 3611 2997 3681 suscepit
3018 3606 3344 3680 apostolicus
3369 3621 3383 3668 ;
3415 3602 3482 3657 ad
3501 3614 3640 3694 san-

2079 3687 2226 3772 ctum
2268 3710 2565 3767 Dionisium
2596 3705 2790 3762 ibidem
2815 3707 3186 3772 perrexerunt.
3215 3694 3467 3762 Dixitque
3501 3687 3646 3757 Pipi-o

2080 3819 2184 3861 nus
2209 3802 2273 3856 ad
2296 3796 2648 3869 apostolicus:
2685 3811 2703 3846 ι
2732 3791 3022 3854 Zacharias
3046 3781 3375 3843 antecessori
3403 3789 3506 3869 tuo
3523 3775 3648 3832 inti-i

2081 3893 2248 3949 mavit
2272 3868 2383 3962 (59)
2415 3887 2543 3943 mihi
2568 3899 2664 3957 per
2687 3884 2880 3939 missos
2907 3895 3076 3945 meos,
3104 3872 3410 3967 Burgardus
3422 3868 3639 3967 episco-

2080 4001 2202 4058 pus,
2234 3958 2290 4039 et
2323 3958 2582 4037 Folradus
2608 3975 2973 4046 cappcllanus,
2995 3973 3060 4028 de
3098 3968 3311 4058 regibus
3339 3963 3392 4018 in
3421 3958 3651 4015 Francia

2085 4057 2174 4148 qui
2205 4077 2256 4132 in
2273 4075 2379 4130 illis
2403 4070 2734 4142 temporibus
2758 4081 2864 4122 non
2886 4063 3142 4120 habentes
3163 4057 3391 4130 regalem
3414 4058 3648 4124 potesta-

2085 4178 2218 4231 tem,
2248 4166 2294 4221 si
2320 4167 2457 4219 bene
2499 4160 2689 4214 fuisset
2716 4165 2811 4210 aut
2838 4156 2978 4208 noni
3011 4149 3301 4205 Zacharias
3327 4158 3461 4214 papa
3489 4153 3646 4231 many-

2084 4230 2233 4312 daﬂt
2285 4269 2372 4308 me
2417 4250 2627 4320 Pipino,
2655 4246 2848 4304 melius
2878 4241 3005 4297 mihi
3037 4246 3182 4294 esset
3223 4249 3403 4303 regem
3445 4230 3646 4294 vocari,

2087 4348 2179 4421 qui
2213 4353 2532 4418 potestatem
2563 4341 2765 4400 aberet,
2817 4349 2977 4404 quem
3009 4331 3155 4386 illum
3198 4327 3290 4397 qui
3319 4319 3651 4421 sine‘regali

2085 4414 2350 4513 potestate
2373 4434 2647 4496 manebat,
2678 4437 2736 4483 ut
2780 4443 2888 4482 non
2923 4421 3335 4513 conturbaretnr
3372 4414 3523 4513 ordo,
3555 4426 3651 4482 per

2089 4501 2465 4586 auctoritatem
2503 4517 2872 4593 apostolicam.
2915 4515 3027 4570 lme
3071 4512 3115 4543 ὀ
3169 4507 3384 4576 Pipinus
3413 4501 3524 4572 (50)
3565 4516 3655 4554 se-

2086 4619 2323 4680 cundum
2365 4629 2515 4672 more
2542 4612 2888 4675 Francorum.
2909 4606 3114 4664 electus
3153 4615 3271 4656 sum
3317 4613 3347 4652 a
3376 4607 3556 4666 regem
3599 4598 3656 4645 et

2087 4721 2280 4770 unctus
2307 4725 2401 4782 per
2439 4719 2629 4762 manus
2671 4709 2856 4758 sancte
2884 4694 3142 4753 memorie
3169 4686 3420 4782 Bonifatii
3462 4681 3684 4782 archiu.~

2089 4776 2347 4874 episcopi,
2363 4809 2417 4854 et
2433 4798 2674 4854 elevatus
2691 4808 2808 4848 sum
2831 4785 3100 4844 a'Francis
3113 4785 3166 4838 in
3189 4794 3352 4874 regno
3372 4776 3653 4834 Suesionis

2089 4869 2383 4952 civitatem.
2414 4887 2668 4943 lldcricus
2693 4897 2824 4938 vero
2850 4879 3082 4941 Saxone,
3113 4872 3205 4943 qui
3230 4869 3362 4924 false
3384 4879 3479 4920 rex
3493 4874 3658 4952 τρυε-ς

2090 4950 2274 5048 batur,
2317 4986 2626 5036 tonsoratus
2647 4983 2731 5030 est
2755 4980 2812 5027 et
2840 4971 2897 5024 in
2926 4962 3252 5023 nionasterio
3281 4958 3496 5052 missus.
3521 4950 3654 5052 _Car-.

2084 5043 2360 5118 lamnarum
2385 5082 2639 5118 germano
2669 5078 2788 5118 meo
2811 5069 2932 5118 post
2972 5065 3200 5114 mortem
3225 5046 3400 5106 Caroli
3425 5043 3656 5116 genitori
