3986 5444
2312 320 2445 345 λλον,

249 334 321 391 as
1664 340 2078 400 CthONICON.
2342 334 2445 345 ’“’”
3419 359 3493 416 se

252 464 371 505 cum
395 448 482 517 qui
512 445 710 501 dicitur
739 444 975 501 Pictavis
1021 444 1156 517 (5|).
1192 445 1395 501 Eodem
1430 462 1644 517 quoque
1680 466 1823 506 anno
1852 458 1898 515 Α
1928 453 2115 520 uncie,
2160 452 2382 509 fundum
2426 455 2670 525 Foliaui,
2717 470 2771 515 et
2817 460 3036 518 fundum
3084 463 3325 523 Bassanu
3368 484 3492 526 cum

250 539 601 607 Carlomagno
664 552 941 608 germano,
968 552 1091 591 meo
1142 537 1516 593 Alamanniam
1564 541 1815 596 vastavit.

249 628 399 683 Tunc
426 627 573 699 (52)
609 627 972 699 Carlomagno
1011 626 1291 683 confessus
1340 638 1425 683 est
1459 630 1589 684 mihi
1634 630 1823 701 Pipiuo

248 737 503 792 germano
541 735 664 785 suo,
689 720 833 791 quod
859 721 1115 776 voluisset
1150 721 1390 777 seculum
1425 722 1827 793 relinquere,et

248 816 303 869 in
332 815 519 870 eodem
547 829 693 869 anno
736 814 941 869 nullum
981 813 1183 870 faceret
1218 831 1392 887 pugna
1420 833 1435 881 ;
1468 817 1561 871 sed
1608 818 1823 872 honori-

245 906 347 962 ﬁce
390 906 589 961 direxit
617 920 741 963 eum
768 921 892 961 cum
920 907 1251 962 muneribus.
1293 925 1312 959 ι
1346 906 1590 977 Cumque
1625 908 1823 963 auditis

243 1001 349 1055 hec
403 1000 730 1069 apostolicus
801 1000 1145 1070 supradictus
1203 999 1544 1055 confirmavit
1602 1000 1823 1071 Pipinus

242 1093 500 1147 unctione
530 1100 717 1147 sancta
747 1091 801 1145 in
852 1106 1055 1162 regem,
1084 1101 1139 1146 et
1181 1107 1304 1145 cum
1348 1106 1414 1147 eo
1458 1091 1644 1147 uncxit
1690 1093 1823 1147 duos

244 1182 380 1236 filios
403 1182 521 1249 ejus
555 1183 784 1237 domnus
808 1181 1058 1236 Carolum
1087 1190 1143 1235 et
1166 1180 1581 1250 Carlomagnum
1605 1182 1657 1235 in
1688 1183 1825 1251 regi-

240 1274 342 1327 bus
370 1274 414 1303 “
448 1274 589 1343 (53).
621 1271 773 1327 Tunc
800 1271 913 1343 (54)
949 1270 1304 1341 Carlomagno
1333 1270 1559 1324 Romam
1582 1270 1823 1340 perrexit

241 1367 308 1419 ad
338 1365 525 1419 limina
556 1366 960 1434 apostolorum;
994 1373 1112 1433 post
1138 1365 1237 1417 hec
1266 1364 1333 1417 ad
1369 1372 1605 1416 montem
1651 1362 1819 1432 Syra-

239 1460 313 1527 pti
362 1458 754 1513 monasterium
815 1457 1110 1529 ingressus,
1149 1455 1328 1525 ibique
1380 1470 1438 1509 se
1482 1454 1712 1510 totondit
1764 1463 1821 1510 et

239 1552 538 1607 monachus
559 1550 783 1607 elIectus
814 1558 916 1604 est.

306 1640 440 1694 18‘.
482 1638 600 1706 Que
650 1648 705 1695 et
753 1648 956 1709 quanta
991 1638 1159 1709 gloria
1221 1638 1456 1693 hibidem
1515 1638 1815 1702 constituit,

236 1732 394 1785 modo
425 1730 733 1785 audiamus.
764 1728 965 1784 Videns
985 1728 1109 1797 quia
1132 1728 1435 1782 laboriosus
1461 1742 1519 1782 es
1536 1737 1590 1782 et
1608 1737 1816 1782 montes

1924 543 2151 599 ecclesia
2198 546 2369 601 sancti
2411 546 2705 614 Valentini,
2752 568 2872 606 cum
2919 554 3132 610 famulis
3172 565 3226 612 et
3258 557 3487 628 famule;

1924 632 2144 689 fundum
2176 636 2486 705 Aureliani;
2519 648 2574 695 ct
2610 656 2704 696 sex
2737 644 2894 697 uncie
2928 644 3146 701 fundum
3177 648 3490 719 Celedrani;

1923 724 2145 781 fundum
2177 729 2526 798 Cecilianum,
2558 749 2679 788 cum
2704 735 2907 792 colonis
2936 750 2991 792 et
3032 740 3241 806 colone,
3269 740 3492 800 fundum

1923 817 2196 886 Lauriani,
2242 821 2463 878 fundum
2493 824 2792 892 Grazzano,
2832 829 3053 884 fumium
3099 831 3339 889 Mariano
3371 851 3493 891 cum

1923 907 2139 965 famulis
2185 921 2237 965 et
2286 912 2514 979 famule;
2564 916 2786 972 fundum
2830 919 3090 987 Foriauo;
3144 932 3199 977 et
3240 934 3494 995 quattuor

1924 1002 2103 1068 uncie,
2132 1002 2353 1059 fundum
2386 1004 2833 1073 Terrentianello,
2863 1011 3083 1066 fundum
3116 1012 3489 1083 Marcelliano;

1923 1102 1978 1149 et
2026 1092 2249 1149 fundum
2297 1096 2545 1161 Pulbine,
2585 1097 2808 1153 fundum
2851 1100 3133 1168 Bcrsianu,
3179 1114 3231 1157 et
3272 1104 3493 1161 fundum

1921 1182 2185 1275 qriﬁano,
2219 1183 2437 1275 fundum
2463 1186 2834 1257 Belgarolum;
2860 1199 2912 1243 et
2943 1194 3245 1275 sex_t_njcie,
3271 1194 3493 1249 fundum

1922 1271 2126 1338 Oliani;
2163 1283 2217 1327 et
2250 1273 2473 1330 fundum
2509 1276 2753 1344 Maturis,
2798 1278 3019 1334 fundum
3036 1264 3331 1348 dialiuara,
3374 1284 3496 1339 fun-

1921 1365 2046 1419 dum
2082 1365 2331 1422 Montone
2360 1383 2481 1422 cum
2512 1367 2726 1424 famulis
2760 1378 2814 1423 et
2858 1368 3159 1426 famulabus
3204 1373 3337 1438 suis,
3370 1373 3495 1429 fun-

1920 1455 2047 1511 dum
2088 1455 2348 1522 Salviani,
2384 1457 2604 1513 fundum
2631 1458 3000 1524 Cerbinarola,
3036 1461 3255 1515 fundum
3291 1461 3495 1517 Pallia-

1919 1549 2005 1615 lis,
2061 1559 2170 1605 tres
2224 1551 2381 1606 uncie
2434 1550 2807 1617 Casaventoli,
2864 1562 2987 1607 octo
3040 1553 3214 1618 uncie,
3271 1552 3496 1608 fundum

1917 1640 2158 1709 Antiqui,
2202 1640 2423 1695 fundum
2463 1640 2743 1706 Prisciani,
2788 1642 3007 1697 fundum
3046 1642 3485 1709 Quarazzanum,

1921 1730 2141 1786 fundum
2190 1731 2535 1797 Pontiuianu,
2580 1733 2800 1786 fundum
2846 1731 3222 1798 Catonianum,
3270 1731 3495 1787 fundum

235 1820 495 1876 fratribus
541 1820 885 1885 insudanter,
934 1818 1203 1873 edificavit
1233 1819 1299 1872 ad
1337 1818 1571 1873 radicem
1616 1818 1815 1873 montis
1846 1831 1893 1893 Β
1919 1823 2248 1890 Ciminianu,
2278 1823 2498 1881 fundum
2534 1824 2890 1892 Matitianum,
2934 1834 3057 1880 octo
3087 1824 3243 1879 uncie
3274 1822 3493 1878 fundum

235 1913 286 1966 in
316 1913 435 1967 loco
468 1911 597 1967 hubi
622 1911 825 1966 dicitur
850 1926 881 1964 a
926 1910 1167 1965 Mariano
1193 1909 1329 1980 (55).
1366 1910 1419 1963 in
1444 1924 1613 1965 onore
1643 1908 1815 1963 sancti

244 2000 507 2071 Stephani
557 2002 837 2073 martyris,
870 2010 923 2056 et
944 2003 1154 2056 cunctis
1191 1999 1447 2056 fratribus
1483 2002 1693 2057 adhesit
1725 2018 1817 2058 ex-

234 2102 387 2162 cepto
407 2093 598 2155 abbas.
625 2102 683 2149 et
711 2093 1003 2162 aliquantis
1031 2091 1288 2148 fratribus
1318 2093 1370 2147 in
1396 2109 1525 2149 usus
1552 2103 1818 2150 monaste-

234 2184 296 2241 rii
359 2184 557 2252 prioris
605 2184 861 2256 reliquid.
902 2185 1028 2240 Fuit
1083 2192 1322 2239 moratus
1375 2184 1427 2239 in
1484 2186 1815 2241 monasterio

234 2275 401 2332 sancti
454 2274 716 2345 Stephani
777 2276 1083 2348 aliquantos
1137 2284 1369 2345 tempus,
1418 2290 1519 2331 nec
1572 2275 1817 2333 ferebant

234 2368 411 2423 animo
437 2368 556 2437 ejus
598 2368 653 2420 in
685 2367 807 2421 loco
849 2366 1111 2437 ejusdem.
1153 2365 1393 2433 Quadam
1437 2367 1523 2422 die
1555 2367 1658 2423 iter
1688 2382 1814 2439 per-

234 2473 415 2529 agens.
437 2474 535 2526 per
557 2474 719 2529 agros
731 2456 969 2526 ejusdem
989 2457 1299 2513 monasterii
1322 2458 1387 2511 ad
1402 2457 1681 2513 ecclesiam
1698 2474 1817 2513 san-

233 2553 299 2605 cti
334 2552 569 2605 Andreae
604 2548 1025 2621 apostoli,juxta
1051 2549 1247 2605 flumen
1286 2552 1353 2604 ad
1386 2549 1813 2619 investigandam

235 2658 317 2697 res
347 2643 725 2698 mcelesiarttm
750 2642 855 2697 iter
876 2657 1143 2713 peragens
1168 2642 1357 2697 subtus
1384 2651 1597 2696 montes
1619 2640 1815 2699 Grilia-

233 2734 386 2799 bello,
416 2744 473 2788 et
503 2734 962 2789 invenitcastrum
985 2734 1263 2803 antiquunm
1290 2733 1718 2805 Aquarium,qui
1745 2736 1813 2792 ad

234 2828 440 2887 radices
464 2824 997 2884 montisGritianello
1011 2833 1231 2881 emanat
1253 2840 1441 2895 aquas.
1476 2824 1576 2893 Qui
1607 2826 1811 2881 diutius

233 2919 638 2989 diligentissime
667 2917 964 2988 prospexit,
999 2926 1159 2987 atque
1174 2926 1366 2972 cuncta
1389 2916 1680 2983 editicalia,
1708 2931 1813 2986 que

234 3013 293 3070 ad
318 3028 456 3081 opus
485 3012 821 3065 monasterio
862 3012 1162 3079 conspexit,
1200 3010 1395 3065 iterum
1440 3011 1506 3064 ad
1540 3019 1814 3066 monaste~

232 3102 365 3157 rium
394 3112 477 3155 est
505 3117 781 3156 reversus.
826 3101 1058 3171 Reperto
1101 3102 1281 3171 itaque
1314 3101 1540 3157 consilio
1569 3118 1598 3157 a
1630 3101 1811 3157 fratri-

1917 1911 2135 1979 Paonis,
2168 1912 2390 1968 fundum
2418 1914 2651 1979 Terlata,
2682 1913 2902 1969 fundum
2930 1913 3240 1979 Barbarica,
3268 1913 3492 1968 fundum

1915 2000 2051 2056 Casa
2092 2001 2378 2066 Crisciani,
2430 2001 2651 2055 fundum
2686 2000 3013 2068 Vallcscura,
3063 1999 3285 2056 fundum
3323 2001 3491 2072 Rupi-

1916 2093 2083 2160 liano,
2136 2094 2357 2149 fundum
2404 2094 2686 2159 Damiano,
2733 2096 2955 2148 fundum
3003 2095 3224 2159 Asterii,
3270 2094 3491 2149 fundum

1915 2183 2258 2251 Martuniani,
2290 2184 2531 2239 fundum
2562 2185 2789 2241 Seriano
2812 2202 2931 2240 cum
2959 2186 3244 2255 aquimolis
3271 2186 3403 2241 duos
3437 2194 3494 2241 et

1913 2275 2048 2330 cella
2076 2276 2248 2330 sancti
2285 2276 2555 2342 Silvestri,
2599 2275 2822 2331 fundum
2866 2277 3037 2332 sancti
3068 2276 3338 2348 Prosperii
3366 2294 3490 2333 cum

1912 2367 2174 2424 vocabulo
2203 2368 2494 2435 Cacabelli,
2526 2369 2751 2423 fundum
2786 2368 3086 2431 Munitioni,
3136 2368 3356 2424 fundum
3390 2369 3488 2425 ,ιυ-

1913 2460 2083 2526 niani,
2112 2459 2333 2513 fundum
2380 2458 2656 2525 Proniani,
2699 2458 2922 2513 fundum
2954 2458 3221 2525 Mitiliani,
3265 2459 3488 2514 fundum

1912 2551 2193 2616 Rusciani,
2226 2550 2447 2605 fundum
2478 2550 2641 2621 Plaga
2687 2560 2919 2615 montes,
2964 2549 3184 2604 fundum
3222 2550 3485 2615 Polliano,

1913 2658 2035 2698 cum
2062 2641 2309 2697 tecclesia
2340 2649 2541 2696 sancta:
2568 2641 2735 2696 Marie
2765 2657 2888 2696 cum
2929 2640 3142 2695 famulis
3167 2650 3221 2696 et
3263 2641 3484 2708 famule,

1913 2734 2137 2788 fundum
2184 2732 2515 2797 Scatianum,
2547 2732 2769 2785 fundum
2810 2730 3063 2795 Carianu,
3111 2731 3331 2784 fundum
3377 2730 3487 2785 Ma-

1913 2826 2096 2891 niano,
2138 2824 2360 2880 fundum
2394 2822 2604 2889 Occisi;
2646 2831 2699 2877 et
2739 2837 2834 2877 sex
2876 2822 3031 2876 uncie
3071 2820 3293 2875 fundum
3330 2820 3488 2876 Ruti-

1914 2917 2061 2973 liani.

1983 3007 2070 3062 l9.
2113 3007 2297 3062 Denuo
2320 3003 2701 3060 reclamatioue
2726 3020 2756 3057 a
2784 3003 2976 3072 Pipiuo
3004 3016 3127 3070 rege
3147 3010 3203 3056 et
3227 3001 3349 3057 filiis
3373 3002 3487 3057 suis

1913 3097 2139 3153 Carolus
2162 3106 2217 3152 et
2238 3095 2595 3165 Carlomagno
2625 3094 2689 3149 de
2720 3092 2962 3148 Astulfus
2989 3106 3078 3146 rex
3110 3089 3488 3161 Langobardo.

233 3191 328 3246 bus
367 3194 432 3247 de
465 3192 715 3247 Babiauo
744 3202 944 3260 castro,
981 3195 1249 3262 quomodo
1283 3202 1375 3249 aut
1402 3194 1634 3264 qualiter
1665 3194 1813 3250 liedi-
1842 3198 1886 3260 C
1918 3207 2057 3257 rum,
2083 3198 2388 3261 quantaque
2411 3189 2686 3259 percussio
2708 3197 2923 3241 exercet
2954 3186 3005 3239 in
3033 3195 3216 3240 sancta
3245 3184 3487 3238 Romane

233 3283 498 3339 ﬁcandum
531 3286 755 3339 domum
776 3286 927 3356 juxta
955 3295 1191 3341 rastrum
1221 3287 1605 3341 monasterium
1629 3286 1809 3341 domni

234 3375 453 3444 principi
494 3376 869 3444 apostolorum
911 3375 1077 3438 Petri.
1116 3386 1169 3429 et
1209 3377 1379 3430 sancti
1423 3375 1715 3439 Benedicti,
1758 3387 1814 3431 et

234 3468 750 3521 commemoratione
792 3468 961 3522 sancti
1003 3466 1230 3522 Andreze
1260 3466 1519 3536 ap0stoli,
1556 3480 1727 3535 usque
1756 3465 1809 3519 in

234 3570 531 3626 presentem
572 3558 734 3613 diem.
772 3559 912 3615 Emit
942 3568 1122 3613 autem
1165 3573 1351 3626 agrum
1384 3556 1807 3629 superscriptum

235 3648 311 3701 vir
335 3647 547 3702 Domini
583 3648 965 3718 Karloutagno,
1006 3659 1215 3703 cnrtem
1258 3664 1415 3701 unam
1459 3663 1806 3716 nuuccupan-

238 3747 336 3792 tem
360 3740 538 3793 sancti
570 3740 696 3800 Viti,
723 3755 842 3793 cum
870 3738 1063 3808 gualdo
1086 3738 1198 3809 (56)
1222 3738 1312 3808 qui
1341 3737 1539 3791 dicitur
1564 3737 1805 3805 Corgitu.

236 3825 354 3880 Item
382 3840 595 3883 cnrtem
622 3829 792 3882 sancti
818 3829 1084 3899 Gregorii,
1109 3843 1230 3883 cum
1254 3827 1456 3881 colonis
1476 3836 1530 3881 et
1556 3826 1804 3891 colones;

238 3916 353 3971 item
395 3928 609 3973 cnrtem
644 3918 969 3983 Petroniani,
1015 3929 1069 3973 et
1106 3919 1371 3972 Asiniani.
1422 3919 1550 3971 ltem
1601 3926 1805 3971 cnrtem

238 4011 395 4064 sancti
427 4010 655 4073 Ileristi,
693 4020 746 4064 et
775 4010 890 4081 ejus
919 4012 1241 4079 adjacentia.
1281 4011 1411 4065 Item
1456 4010 1677 4064 fundum
1705 4010 1811 4063 Fa-

235 4102 384 4157 nianu
416 4102 577 4155 uncie
607 4118 736 4164 sex;
770 4113 946 4156 cut-tes
984 4103 1247 4165 Priscani,
1283 4103 1333 4156 in
1371 4118 1477 4172 quo
1508 4112 1590 4155 est
1613 4101 1807 4156 merie-

236 4192 303 4247 sia
346 4194 517 4247 sancti
574 4192 843 4258 Victoris,
888 4210 1007 4248 cum
1057 4193 1264 4248 colonis
1316 4205 1370 4247 et
1417 4193 1637 4257 colone;
1685 4207 1805 4245 cum

236 4282 446 4337 laudum
478 4284 838 4348 l-‘Iabianello,
884 4286 1112 4349 llobelli,
1162 4294 1217 4338 et
1262 4284 1487 4338 fundum
1517 4283 1803 4349 Corbiaui;

236 4372 449 4428 fundum
483 4375 707 4445 Magere
731 4390 849 4430 cum
886 4377 1219 4446 appendiciis
1250 4377 1391 4439 suis;
1431 4375 1652 4429 fundum
1683 4374 1809 4431 Cot-

237 4470 465 4526 teanum.
518 4464 573 4517 in
606 4481 716 4534 quo
758 4473 838 4519 est
879 4466 1106 4520 ecclesia
1154 4466 1326 4520 sancti
1371 4466 1646 4522 Benedicti
1694 4465 1808 4519 sive

1914 3285 2160 3340 :ecclesie
2200 3276 2258 3338 et
2285 3284 2337 3336 in
2372 3281 2566 3352 populo
2609 3280 2865 3333 Romano.
2914 3277 3137 3345 Pipinus
3169 3292 3261 3329 rex
3304 3276 3487 3329 audita

1913 3376 2015 3430 hec
2045 3375 2207 3429 verba
2235 3371 2563 3443 apostolicis,
2590 3369 2944 3424 contristatus
2967 3376 3049 3421 est
3079 3365 3237 3419 nimis
3265 3372 3485 3434 propter

1912 3466 2014 3521 iter
2047 3465 2379 3537 apostolicis,
2420 3463 2631 3533 juratus
2662 3463 2874 3518 dicebat
2903 3479 2916 3517 :
2952 3481 2969 3514 ‹
3006 3461 3116 3531 Ego
3150 3475 3249 3531 per
3286 3465 3487 3513 memet

1913 3558 2085 3628 ipsum
2116 3556 2291 3610 venio.
2324 3576 2341 3607 ι
2376 3555 2593 3611 Baudus
2620 3554 2813 3609 missus
2835 3569 2899 3607 ex
2926 3568 3020 3607 ore
3048 3552 3208 3621 regis,
3235 3551 3287 3604 in
3316 3548 3485 3602 Fran-

1911 3662 2097 3700 corum
2144 3661 2297 3715 gcns,
2334 3653 2387 3697 et
2419 3644 2470 3698 in
2515 3644 2773 3705 Saxonia,
2808 3643 2859 3696 in
2908 3641 3210 3710 Aquitauiis
3240 3637 3485 3709 partibus

1909 3747 1963 3791 et
1998 3738 2049 3790 in
2076 3735 2383 3805 Bajuvaria,
2410 3744 2461 3789 et
2492 3734 2821 3803 Squasconia
2864 3733 2998 3803 (57),
3042 3742 3096 3787 et
3135 3730 3479 3794 Alamannia,

1907 3837 1960 3882 et
1993 3828 2043 3880 iu
2070 3838 2260 3881 emicte
2284 3843 2508 3896 regnora
2533 3826 2666 3894 ejus,
2696 3834 2753 3877 ut
2780 3840 2969 3877 omnes
2992 3822 3259 3877 hostiliter
3284 3819 3475 3874 Kalen-

1908 3919 2005 3972 das
2034 3918 2217 3977 Maias,
2265 3918 2315 3971 itt
2363 3917 2838 3987 Langobardorum
2885 3930 3017 3984 gens
3047 3929 3209 3982 super
3238 3910 3481 3965 Astulfus

1908 4026 2023 4063 rex.
2057 4009 2447 4078 Carolomagno
2476 4007 2763 4067 monacho,
2795 4020 3052 4075 germano
3097 4003 3269 4072 Pipiui
3318 4002 3479 4070 regis,

1905 4100 2116 4167 expleto
2150 4099 2478 4151 monasterio
2507 4098 2677 4151 sancti
2713 4097 2938 4151 Andreae
2965 4092 3189 4163 apostoli
3219 4100 3273 4144 et
3299 4091 3479 4144 omnia

1907 4205 2011 4259 que
2041 4190 2105 4243 ad
2130 4190 2295 4243 husus
2326 4189 2636 4243 monasterii
2669 4188 2929 4248 continet.
2958 4188 3147 4240 videns
3174 4184 3286 4238 suis
3312 4183 3478 4237 mori-
3560 4228 3569 4238 .

1906 4281 2008 4336 bus
2032 4296 2151 4335 cum
2182 4281 2356 4350 gentis
2398 4280 2498 4333 hac
2544 4278 2802 4332 fratribus
2832 4278 2944 4331 suis
2989 4274 3331 4329 monasteriis
3373 4290 3477 4328 non

1909 4382 2091 4427 essent
2127 4371 2470 4441 coniunctum
2504 4371 2572 4436 ",
2606 4368 2830 4424 recessit
2860 4366 2971 4437 (58)
3012 4365 3134 4420 inde
3180 4365 3230 4417 in
3274 4362 3481 4418 Samnii

1911 4465 2208 4534 provincia,
2240 4465 2293 4518 in
2335 4464 2558 4518 Cassino
2600 4470 2831 4524 montes,
2861 4462 2912 4514 in
2957 4456 3283 4513 monasterio
3307 4455 3482 4509 sancti

238 4554 422 4619 quibus
453 4554 579 4608 aliis
604 4556 875 4611 vocabulis
922 4567 1311 4625 nunccupatur,
1348 4572 1469 4611 cum
1503 4554 1719 4609 famulis
1747 4564 1802 4613 et.
1834 4546 1878 4605 D
1906 4558 2199 4623 Benedicti,
2232 4558 2450 4626 hibique
2479 4554 2800 4626 permansit.
2831 4554 3067 4607 Audiens
3098 4550 3201 4603 hoc
3233 4546 3475 4602 Astulfus

236 4640 427 4697 famule
454 4644 659 4698 ibidem
686 4646 1059 4707 residentibus,
1088 4646 1309 4711 casinis,
1338 4646 1548 4711 casale;
1579 4646 1797 4699 fundum

237 4732 483 4798 Clarano,
512 4734 692 4790 casale
714 4736 777 4789 de
804 4736 1009 4799 Cerole,
1036 4735 1214 4791 casale
1240 4738 1304 4792 de
1336 4736 1562 4792 Rufiano
1589 4752 1805 4805 grasso,

239 4834 353 4872 cum
382 4822 593 4875 colonis
624 4833 676 4876 et
702 4823 911 4887 colone;
947 4824 1171 4878 fundum
1197 4824 1539 4895 Carpiuiauo,
1576 4826 1796 4879 fundum

240 4908 557 4976 Cass-auum,
592 4911 803 4966 fundum
827 4914 1113 4980 'l'orritula,
1138 4913 1358 4969 fundum
1386 4916 1652 4980 Sentiani,
1687 4926 1798 4972 tres

1904 4664 1997 4702 rex
2044 4648 2420 4718 Laugobardo,
2453 4662 2557 4717 que
2606 4644 2827 4714 Pipinus
2874 4658 2968 4697 rex
3014 4640 3350 4713 Francorum
3379 4650 3481 4689 con

1903 4738 2217 4808 Trasalpine
2265 4738 2437 4807 gentis
2491 4752 2653 4806 super
2701 4751 2759 4788 se
2806 4734 3035 4789 veniret.
3089 4732 3203 4797 Que
3257 4728 3481 4783 festinus

1900 4826 2139 4881 Astulfus
2164 4843 2256 4882 rex
2286 4840 2317 4881 a
2341 4825 2727 4881 monasterium
2758 4824 2930 4878 sancti
2955 4820 3229 4875 Benedicti
3254 4819 3305 4872 in
3332 4831 3483 4869 mon-
3522 4826 3531 4835 '

1902 4928 2008 4973 tem
2034 4918 2245 4974 Cassini
2273 4920 2538 4989 pervenit,
2567 4916 2845 4989 postulans
2888 4926 2938 4970 et
2971 4915 3265 4982 deprecans
3299 4908 3365 4963 ad
3389 4904 3483 4960 ab.

1525 5089 1755 5146 ΥΑΒΙίΕ
1800 5092 2207 5154 LECTIONES.

307 5193 351 5225 ⁸³
394 5208 575 5260 regem
601 5210 727 5251 corr.
753 5201 969 5269 regibus.

1047 5204 1091 5235 "
1127 5200 1441 5271 conjunctus
1471 5221 1609 5259 corr.
1639 5206 1991 5275 conjunctum

1734 5335 1967 5392 NOT.—E.

328 5433 433 5444 1-.-
