3986 5444
417 362 486 420 s7
606 346 611 357 ’
850 380 857 391 -
1469 353 1828 411 BENEDICTI
1871 353 1927 411 s.
1968 350 2269 408 meum
2311 348 2615 406 MONACtll
3592 347 3682 406 es.

413 474 512 531 bas
538 472 696 544 hujus
722 469 1057 533 monasterii,
1088 476 1143 528 et
1187 467 1324 522 dona
1366 466 1533 535 multa
1563 466 1903 538 promittens,
1935 471 1995 518 ut
2024 470 2066 527 Α
2097 478 2382 534 organum,
2429 461 2518 532 qui
2572 460 2624 515 in
2668 456 2894 513 Francia
2942 471 3110 531 usque
3154 458 3418 529 pervenit.
3467 458 3536 515 Et
3576 475 3681 523 rex,

416 564 775 633 Cariomagno
817 559 1085 617 monacho
1123 573 1152 612 a
1200 557 1390 627 Pipino
1428 564 1561 626 rege
1597 570 1852 626 germano
1897 567 1994 613 suo

415 664 765 731 properaret,
811 653 878 708 ad
918 650 1225 723 dissipanda
1267 648 1491 706 consilia
1527 647 1789 718 Stephani
1834 662 1994 718 pape,

406 756 479 814 ,ιιι
508 747 738 804 Francis
779 745 832 800 in
874 741 1027 798 italia
1074 736 1279 813 ingredi
1329 754 1434 795 non
1476 738 1715 795 deberet.
1761 736 1997 807 Accepta

2096 551 2316 623 Pipinus
2361 551 2533 617 tenuit
2582 550 2836 621 placitum
2879 565 3032 605 suum
3078 550 3131 605 in
3171 550 3500 622 Compendio
3550 569 3673 608 cum

2096 641 2338 706 Francis,
2390 640 2570 711 ibique
2611 638 2819 695 Tassilo
2849 639 2995 694 venit
3039 638 3144 693 dux
3190 638 3568 709 Bajuariorum
3620 640 3687 696 in.

2096 728 2341 787 basatico
2387 745 2444 785 se
2492 729 2879 784 commendans
2928 743 3024 798 per
3069 743 3280 793 manus,
3330 738 3675 784 sacramenta

413 840 795 898 benedictione
822 837 1003 894 abbati
1040 836 1123 892 sui
1151 835 1254 891 hac
1282 834 1569 902 fratribus,
1597 831 1783 888 libenti
1816 831 1998 887 animo
2091 819 2295 891 juravit
2322 821 2483 874 multa
2514 826 2568 873 et
2608 816 3043 881 innumerabilia,
3072 816 3327 887 reliquias
3356 827 3677 873 sanctorum

415 934 676 1007 perrexit,
708 933 893 1003 sicque
919 930 971 985 in
998 929 1283 985 Franciam
1310 928 1458 984 venit
1485 926 1617 1000 (59).
1648 924 1839 982 Omnia
1862 938 1999 995 qua-

416 1024 543 1081 liter
584 1038 682 1094 per
720 1022 967 1079 ordinem
1019 1036 1049 1075 a
1096 1020 1290 1091 Pipino
1332 1017 1605 1074 intimavit
1646 1015 2002 1083 Carlomagno

417 1115 706 1179 monacho,
758 1111 951 1184 Pipino
1007 1125 1101 1166 rex
1146 1109 1315 1165 noluit
1360 1106 1747 1179 bacquiescere
1790 1101 2000 1159 consilii

378 1250 379 1253 η
417 1202 558 1276 ejus.
584 1204 811 1275 Pipinus
840 1203 952 1273 (60)
986 1217 1082 1256 rex
1108 1200 1434 1271 apostolicas
1461 1196 1782 1252 invitatione
1813 1194 1866 1247 in
1892 1193 2000 1247 Ita-

416 1296 488 1353 lia
534 1296 636 1351 iter
670 1307 952 1366 peragens,
982 1289 1190 1362 jnstitia
1229 1288 1377 1344 beati
1414 1285 1560 1342 Petri
1609 1283 1834 1354 apostoli
1868 1296 2003 1351 que-

417 1386 608 1443 rendo.
648 1384 895 1440 Astuii‘us
932 1397 1025 1439 rex
1056 1379 1533 1452 Langobardorum
1569 1374 1880 1446 supradicta
1912 1372 2003 1444 ju-

419 1481 566 1538 stitia
609 1477 858 1540 vetando,
889 1475 1072 1532 clusas
1109 1472 1590 1545 Langobardorum
1632 1466 1808 1540 petiit,
1846 1464 2007 1521 obbia

417 1571 594 1644 Pipini
642 1570 784 1642 regis
829 1579 884 1625 et
926 1568 1155 1623 Francis
1193 1566 1373 1632 venit;
1422 1572 1472 1619 et
1521 1562 1760 1618 inierunt
1809 1558 2005 1614 bellum

420 1663 647 1721 Francis
713 1677 834 1717 eum
900 1656 1268 1731 Langobardi.
1327 1656 1397 1711 Et
1469 1663 1618 1709 retro
1668 1649 2005 1723 Langobardi

419 1756 756 1834 fnga‘capta,
800 1727 1097 1808 auxiliante
1123 1750 1352 1806 Domino
1385 1749 1654 1817 beateque
1681 1745 1842 1800 Petro
1874 1727 2037 1814 apo-~

2098 926 2293 966 manus
2319 911 2620 980 imponens,
2645 915 2700 962 et
2720 906 3036 961 fidelitatem
3059 906 3307 977 promisit
3330 908 3440 978 regi
3460 907 3677 977 Pipino,

2099 1008 2150 1057 et
2181 1000 2290 1055 lilio
2311 998 2427 1066 ejus
2449 997 2647 1053 Carulo
2669 1004 2723 1051 et
2751 994 3127 1064 Cariomagno,
3150 995 3289 1050 sicut
3316 1010 3505 1050 bassus
3528 1006 3695 1068 recta,

2101 1100 2280 1146 mente
2309 1099 2363 1145 et
2388 1088 2564 1143 'flrnta
2595 1086 2882 1143 devotione
2928 1102 3024 1156 per
3058 1086 3289 1157 justitia,
3319 1087 3460 1141 sicut
3487 1086 3683 1141 bassus

2101 1168 2319 1237 domino
2362 1194 2461 1235 suo
2503 1187 2649 1234 esset
2692 1178 2931 1233 deberet.
2980 1174 3073 1231 Sic
3118 1174 3458 1231 confirmavit
3490 1190 3684 1246 supra-

2103 1273 2278 1329 dictus
2296 1270 2527 1338 Tassilo,
2551 1284 2709 1339 supra
2741 1283 2938 1339 corpus
2966 1267 3140 1322 sancti
3168 1265 3418 1332 Dionisii,
3448 1265 3683 1333 Rustici,

2103 1373 2157 1418 et
2177 1360 2494 1426 Eleutherii,
2519 1375 2728 1415 necnon
2753 1368 2809 1414 et
2829 1360 2999 1414 sancti
3021 1358 3299 1424 Germani,
3323 1367 3484 1430 atque
3507 1356 3686 1414 sancti

2105 1451 2342 1517 Martini,
2366 1462 2427 1507 ut
2453 1451 2706 1506 omnibus
2728 1450 2914 1505 diebus
2933 1451 3040 1505 vite
3066 1450 3185 1521 ejus
3211 1449 3289 1505 sic
3315 1456 3686 1504 conservaret.

2104 1542 2323 1613 Pipinus
2352 1541 2462 1614 (67)
2488 1557 2592 1603 rex
2637 1540 2691 1595 in
2728 1539 2964 1596 Saxonia
3009 1541 3138 1605 ibat,
3169 1551 3223 1595 et
3252 1539 3474 1594 ﬁrmitas
3508 1538 3685 1595 Saxo-

2105 1637 2191 1690 nia
2217 1636 2344 1701 ibat,
2370 1643 2426 1690 et
2448 1633 2674 1688 ﬁrmitas
2700 1632 2975 1688 Saxonum
3002 1646 3096 1702 per
3126 1632 3382 1687 virtutem
3412 1629 3683 1694 introivit,
3714 1682 3719 1683 ,

2105 1718 2159 1787 in
2185 1731 2362 1786 locum
2389 1729 2482 1802 qui
2512 1729 2709 1784 dicitur
2746 1726 2986 1793 Simnia;
3016 1734 3072 1783 et
3097 1725 3264 1781 multa
3302 1736 3511 1797 strages
3538 1722 3693 1779 facte

420 1816 564 1906 stole
600 1847 990 1912 intercedente,
1036 1844 1385 1915 Pipinusrcx
1410 1857 1533 1898 cum
1577 1837 1802 1922 Francis
1830 1837 2005 1891 victor

2118 1835 2232 1878 sunt
2259 1822 2313 1877 in
2343 1820 2541 1893 pepulo
2568 1818 2865 1875 Saxonum.
2894 1818 2959 1873 Et
2989 1826 3116 1874 tunc
3148 1816 3373 1889 polliciti
3405 1824 3533 1872 sunt
3561 1830 3692 1870 con-

421 1941 623 1999 extitit.
649 1941 960 2011 Eodemque
987 1954 1129 1994 anno
1150 1937 1457 2009 Stephanus
1480 1949 1629 2009 papa‘
1648 1934 1903 1989 reductus
1925 1937 2009 1986 est

422 2038 454 2090 a
493 2042 681 2090 sancta
712 2030 861 2094 sede.
889 2036 991 2102 per
1012 2030 1211 2086 missos
1253 2028 1435 2085 domui
1473 2028 1614 2098 regis
1639 2025 1843 2096 Pipini,
1889 2023 2010 2079 Fol-

425 2125 626 2182 dradus
671 2125 961 2196 cpiscopus
1004 2131 1061 2177 et
1102 2121 1323 2192 reliquis
1366 2122 1455 2192 qui
1498 2136 1621 2178 eum
1651 2134 1717 2176 eo
1746 2128 1883 2175 erat.
1926 2118 2013 2173 ln-

424 2217 579 2274 cluso
618 2232 749 2273 vero
786 2214 1001 2272 Astull'o
1049 2229 1177 2285 rege
1221 2215 1272 2270 iu
1314 2212 1478 2284 Papia
1524 2212 1763 2277 civitate,
1801 2210 2012 2281 justitia

427 2307 600 2363 sancti
628 2304 773 2361 Petri
804 2304 1075 2378 pollicitus
1103 2313 1186 2360 est
1207 2301 1458 2360 faciendi.
1487 2301 1640 2358 Unde
1668 2316 1762 2356 rex
1790 2301 2013 2373 Pipinus

426 2397 645 2455 obsides
675 2394 1032 2467 quadraginta
1081 2403 1324 2465 receptos
1367 2409 1488 2450 cum
1518 2402 1882 2459 sacramenta,
1922 2409 2013 2449 re—

425 2500 619 2543 versus
648 2495 732 2543 est
758 2486 810 2540 in
844 2483 1095 2541 Francia.
1123 2484 1481 2557 Carlomagno
1508 2493 1687 2540 autem
1718 2485 2015 2541 monachus

428 2578 631 2633 Bieuna
661 2576 935 2632 civitatem
982 2576 1259 2640 remansit,
1308 2592 1414 2632 una
1444 2592 1567 2631 cum
1614 2575 1773 2631 Berta
1816 2575 2015 2631 domna

427 2670 617 2741 regine
643 2668 788 2743 (6i);
827 2668 1074 2725 inﬁrmus
1105 2668 1389 2741 languebat
1418 2668 1533 2724 dies
1559 2668 1775 2735 multos,
1807 2677 1861 2724 et
1883 2668 2016 2724 hob-

431 2763 495 2820 iit
535 2763 586 2819 in
617 2778 769 2835 pace.
807 2762 940 2817 Dum
970 2762 1081 2835 (62)
1121 2763 1484 2833 prospexisset
1516 2762 1738 2834 Pipinus
1794 2778 1911 2828 rex,
1949 2761 2019 2820 ab

431 2856 677 2937 Astnlius
722 2856 1201 2926 Langobardorum
1252 2871 1396 2926 rege,
1430 2871 1494 2911 ea
1538 2872 1646 2912 non
1694 2866 1838 2912 esset
1867 2871 2016 2921 vera,

433 2961 538 3018 que
560 2955 716 3000 antea
744 2947 1066 3015 promiserat
1094 2944 1158 3001 tie
1179 2944 1408 3014 justitiis
1430 2946 1604 3002 sancti
1633 2945 1798 3010 Petri,
1822 2945 2019 3000 iterum

435 3052 558 3091 cum
588 3037 787 3093 missus
812 3036 1413 3109 apostolicisStephani
1444 3038 1547 3093 iter
1576 3052 1803 3108 pergens
1828 3036 1882 3091 in
1922 3035 2021 3091 lta-

440 3126 531 3189 lia,
580 3125 743 3196 Papia
789 3126 1024 3193 obsedit,
1078 3128 1322 3184 Astulfus
1373 3142 1498 3199 rege
1546 3127 2019 3198 Langobardorum

439 3219 683 3286 inclusit,
735 3221 910 3291 magis
956 3221 1236 3292 magisque
1284 3221 1349 3275 de
1377 3219 1602 3289 justitiis
1650 3219 1825 3274 sancti

440 3312 808 3379 conﬁrmavit,
838 3322 899 3367 ut
922 3310 1143 3367 stabiles
1168 3318 1528 3381 permaneret,
1553 3325 1693 3379 quos
1711 3319 1866 3365 antea
1892 3324 2020 3380 pro—

441 3406 688 3470 miserat,
741 3414 796 3460 et
848 3405 1068 3474 insuper
1111 3401 1366 3458 Ravenna
1398 3416 1522 3458 cum
1567 3399 1926 3471 Pentapolim,
1970 3408 2026 3455 et

442 3511 657 3551 omnem
687 3504 1000 3552 exarcatum
1028 3492 1378 3564 conquisivit,
1405 3500 1460 3547 et
1485 3506 1582 3563 per
1610 3500 1863 3562 precepto
1894 3505 2024 3545 san-

443 3594 531 3643 eto
556 3587 720 3644 Petro
750 3586 989 3642 tradidit.
1020 3583 1091 3640 Ut
1120 3600 1218 3654 per
1247 3584 1440 3639 missos
1478 3582 1805 3653 apostolicis,
1839 3596 2028 3635 mona-

444 3678 670 3734 sterium
701 3677 873 3734 sancti
920 3675 1136 3732 Andree
1182 3674 1412 3747 apostoli
1459 3674 1637 3729 nullus
1665 3674 1889 3730 auderet
1930 3671 2029 3726 ali-

445 3768 571 3840 quis
605 3768 951 3824 damnietatis
977 3767 1258 3839 adtingere
1289 3776 1383 3820 aut
1407 3764 1627 3820 violare.
1659 3764 1727 3819 Et
1757 3763 1869 3837 (65)
1901 3763 2027 3818 dum

446 3873 702 3916 reversus
721 3869 805 3915 est
826 3858 1050 3931 Pipinus
1074 3874 1192 3925 rex,
1213 3858 1463 3928 cupiebat
1485 3856 1828 3930 supradictus
1851 3855 2029 3912 Astul—

447 3953 558 4018 fus,
582 3952 847 4009 nefandus
872 3969 992 4018 rex,
1017 3953 1231 4007 mentiri
1255 3967 1360 4024 que
1385 3959 1511 4008 ante
1539 3951 1811 4021 pollicitus
1831 3949 2027 4018 fuerat,

447 4045 665 4101 obsides
702 4044 943 4115 dulgere,
983 4040 1328 4100 sacramenta
1369 4058 1648 4114 rumpere;
1684 4044 1916 4113 quadam
1944 4042 2032 4098 die

448 4140 737 4199 venatione
766 4137 927 4206 fecit,
964 4155 1255 4211 percussus
1281 4139 1375 4195 Dei
1410 4139 1617 4211 judicio
1645 4139 1806 4193 vitam
1838 4136 2029 4193 finivit.

480 4296 487 4299 _
519 4232 609 4287 20.
650 4232 789 4287 Inito
829 4232 1065 4287 consilio
1094 4230 1468 4305 Langobardi,
1498 4228 1769 4301 quomodo
1807 4226 2034 4283 Francis

452 4337 616 4393 super
638 4338 696 4378 se
716 4332 954 4389 erueret,
972 4331 1030 4377 et
1052 4322 1364 4379 levaverunt
1388 4320 1721 4377 Dcsiderium
1742 4321 1794 4374 in
1817 4334 2033 4390 regem;

451 4413 723 4484 quomodo
758 4420 815 4468 et
856 4412 1091 4484 qualiter
1136 4423 1320 4483 postea
1365 4411 1629 4469 dicamus.
1672 4409 1875 4466 Videas
1915 4407 2038 4465 Ste-

451 4507 664 4578 phanus
705 4522 842 4578 papa
883 4523 953 4562 ex
989 4508 1137 4562 omni
1178 4518 1329 4578 parte
1359 4507 1533 4563 victor
1559 4514 1724 4570 esset,
1768 4514 1824 4560 et
1866 4503 2035 4576 gloria

454 4600 738 4671 dignitatis
771 4600 989 4670 presule
1031 4602 1133 4657 hac
1173 4601 1348 4671 gentis
1386 4600 1629 4657 Romane
1672 4598 2033 4668 triumphans,

455 4691 599 4761 cepit
626 4691 920 4747 hediiirare
961 4692 1176 4748 domum
1207 4691 1516 4756 ecclesiam,
1549 4690 1601 4744 in
1646 4703 1816 4744 onore
1862 4686 2037 4743 sancti

456 4788 706 4855 Dionisii,
755 4788 964 4846 Rustici
1010 4798 1065 4846 et
1108 4788 1471 4856 Heleutberii,
1522 4788 1577 4845 in
1623 4787 1795 4843 hurbe
1830 4785 2037 4865 .Roma,

452 4888 611 4965 juxta
648 4889 731 4944 via
759 4888 1114 4956 Flamminea,
1147 4898 1205 4946 et
1245 4888 1393 4945 ereio
1440 4888 1578 4961 (6i),
1619 4903 1724 4943 non
1770 4885 1930 4956 longe
1973 4884 2040 4938 ab

456 4992 666 5061 Agusto
701 4990 838 5063 (65),
871 4991 1028 5062 juxta
1068 4990 1273 5046 formas
1327 4990 1538 5060 species
1585 4988 1864 5053 decorata,
1902 4985 2043 5040 sicut

460 5090 514 5120 ξ..
545 5086 767 5120 σ-ηηνηὲι.
802 5092 1008 5120 -.ιλιι-ιιι
1062 5091 1200 5120 υξηει
1244 5091 1352 5120 tam
1391 5090 1773 5120 nnnnlnnl:nllo
1811 5088 2040 5120 ἲσηηΔιιη-

2111 1922 2193 1970 tra
2237 1913 2491 1986 Pipinum
2537 1927 2728 1970 omnes
2764 1912 3070 1966 voluntates
3112 1911 3228 1981 ejus
3267 1908 3602 1972 faciendum,
3635 1914 3695 1962 et

2111 2004 2344 2060 honores
2392 2003 2447 2058 in
2499 2001 2697 2074 placito
2745 2015 2845 2056 suo
2894 1999 3361 2071 praesentandum,
3410 2011 3580 2066 usque
3636 1994 3695 2049 in

2109 2111 2279 2167 equos
2307 2095 2565 2151 tricentos
2607 2107 2703 2165 per
2732 2092 2975 2161 singulos
3021 2106 3214 2167 annos.
3265 2090 3435 2146 Natus
3462 2086 3573 2161 (68)
3609 2095 3703 2147 est

2110 2165 2302 2256 Pipino
2331 2184 2446 2256 regi
2486 2182 2644 2248 lilius,
2682 2183 2765 2239 cui
2804 2183 3146 2253 supradictus
3168 2165 3281 2238 rex
3310 2194 3504 2235 nomen
3534 2193 3696 2234 suum

2112 2277 2388 2350 imposuit,
2418 2284 2478 2331 ut
2505 2275 2725 2346 Pipinus
2746 2279 3033 2328 vocaretur
3061 2272 3203 2328 sicut
3235 2280 3391 2343 pater
3417 2269 3555 2341 ejus.
3589 2267 3695 2336 Qui

2112 2369 2247 2424 vixit
2293 2383 2465 2424 annos
2509 2366 2634 2430 duo,
2687 2374 2746 2421 et
2796 2366 2850 2420 in
2902 2364 3062 2420 tertio
3108 2361 3394 2418 defunctus
3441 2370 3544 2416 est.
3596 2359 3699 2414 Eo-

2113 2464 2236 2521 dem
2270 2461 2380 2536 (69)
2412 2476 2554 2518 anno
2588 2459 2810 2531 Pipinus
2847 2474 2941 2515 rex
2974 2458 3144 2513 Roma
3171 2456 3429 2527 perrexit.
3466 2452 3703 2524 Stepha—

2114 2555 2215 2611 nus
2239 2570 2376 2627 papa
2403 2562 2458 2611 et
2486 2553 2603 2624 ejus
2628 2553 2773 2608 clero
2798 2550 3116 2619 cunctisque
3150 2564 3180 2602 a
3216 2547 3388 2602 sacris
3415 2545 3701 2601 ordinibus

2114 2655 2198 2701 est
2224 2658 2536 2709 concessus,
2568 2651 2619 2697 et
2646 2637 2841 2712 pepulo
2859 2638 3105 2719 Romano
3133 2636 3184 2690 in
3215 2649 3503 2690 occursum
3533 2630 3698 2706 regis,

2116 2753 2240 2795 cum
2260 2737 2439 2811 ymnis
2458 2745 2513 2793 et
2534 2735 2781 2790 laudibus
2803 2733 2869 2789 ad
2895 2730 3186 2788 ecclesiam
3216 2729 3386 2785 sancti
3420 2726 3701 2799 Peregrini

2117 2832 2471 2887 advenerunt.
2539 2824 2946 2895 Contemplatus
2992 2830 3078 2879 est
3130 2836 3225 2877 rex
3274 2820 3462 2891 Pipino
3507 2815 3703 2890 populo

2118 2906 2387 2987 Romano,
2414 2924 2470 2977 et
2498 2919 2615 2990 ejus
2649 2925 2790 2987 acta,
2826 2914 3211 2987 gaudebnndus
3250 2911 3494 2982 pervenit
3531 2911 3582 2964 in
3616 2923 3707 2964 ec-

2121 3010 2290 3067 clesia
2320 3008 2687 3079 apostolorum
2723 3004 2976 3078 principi.
3026 3002 3416 3071 Celebrataque
3454 3000 3571 3071 ejus
3599 2997 3702 3053 sol-

2123 3101 2497 3171 lempnitatem
2528 3112 2854 3170 myssarum,
2897 3103 3206 3165 quantaque
3234 3092 3462 3163 largitus
3492 3098 3575 3145 est
3602 3087 3708 3143 ele-

1874 3218 2017 3273 pem
2048 3206 2093 3268 ο
2122 3191 2460 3247 mosinarum
2491 3201 2811 3259 pauperum,
2836 3195 2892 3241 et
2920 3185 3060 3239 dona
3084 3183 3459 3247 ecclesiarum,
3485 3181 3704 3251 longum

2122 3292 2208 3341 est
2233 3295 2510 3338 enarrare.
2558 3277 2861 3334 Permansit
2897 3292 2989 3330 rex
3020 3275 3269 3345 Pipinum
3316 3289 3500 3329 mense
3542 3286 3707 3326 unum

2126 3374 2181 3430 in
2229 3373 2419 3429 urbem
2464 3369 2723 3434 Romam;
2766 3374 3124 3438 egrotareque
3156 3364 3300 3433 cepit
3329 3364 3561 3419 domnus
3590 3360 3709 3416 Ste-

2123 3464 2336 3535 phanus
2366 3474 2525 3531 papa,
2559 3459 2742 3514 doiore
2789 3455 2970 3511 cordis
3016 3462 3297 3524 metusque
3343 3451 3567 3523 Pipinus
3613 3465 3710 3504 rex

2127 3554 2195 3610 de
2226 3568 2358 3608 nece
2380 3549 2715 3623 apostolicis,
2755 3547 2840 3603 die
2864 3545 3252 3615 eonstitutique
3275 3544 3425 3600 obiit.
3457 3542 3709 3598 Conven-

2130 3653 2290 3715 teque
2313 3642 2455 3698 facto
2476 3639 2656 3713 populi
2679 3637 2929 3703 Romani,
2948 3651 3075 3693 cum
3098 3635 3288 3705 Pipino
3311 3648 3403 3687 rex
3429 3632 3493 3686 de
3520 3631 3710 3696 Paulo,

2129 3733 2374 3807 germani
2400 3729 2657 3802 Stephani
2684 3743 2837 3799 pape,
2869 3736 2928 3782 ut
2954 3725 3212 3782 cathedre
3244 3720 3535 3792 apostolica
3566 3736 3706 3790 prm-

2129 3837 2294 3884 esset.
2325 3825 2545 3881 Electus
2573 3832 2658 3878 est
2686 3838 2715 3875 a
2749 3819 2943 3892 populo
2970 3818 3216 3873 Romano
3246 3814 3410 3877 clero,
3443 3820 3497 3866 et
3522 3810 3714 3882 Pipino

2132 3931 2251 3985 rex,
2296 3923 2349 3971 et
2389 3912 2585 3984 populo
2619 3910 2979 3973 Francorum,
3007 3907 3210 3963 electus
3244 3911 3330 3961 est
3372 3902 3424 3956 in
3458 3901 3712 3956 sacratis-

2132 4007 2269 4065 sima
2301 4005 2486 4060 sedem
2518 4001 2663 4057 beati
2696 4000 2843 4056 Petri
2870 3998 3120 4068 apostoli.
3148 3994 3461 4062 Cunctaque
3486 3990 3603 4063 ejus
3631 3992 3712 4046 ci-

2132 4106 2227 4157 ves
2256 4097 2497 4153 Romana
2528 4101 2582 4150 et
2609 4092 2802 4149 Tuscie
2846 4089 3061 4153 ﬁnibus,
3097 4095 3152 4142 et
3199 4095 3393 4143 etmcta
3444 4084 3710 4153 Pentapo-

2134 4190 2262 4256 iim,
2294 4186 2363 4245 ‘et
2399 4184 2702 4244 Cottiarum
2737 4190 2948 4237 montes
2994 4179 3050 4233 in
3098 4176 3329 4233 ecclesia
3376 4174 3518 4230 beati
3569 4170 3717 4228 Petri

2136 4277 2363 4352 apostoli
2389 4274 2691 4332 constituit.
2723 4270 2937 4327 Gratias
2965 4277 3184 4340 agentes
3217 4267 3326 4322 Deo
3352 4276 3408 4320 et
3449 4262 3723 4334 apostolo-

2137 4386 2256 4427 rum
2281 4367 2533 4440 principi,
2570 4378 2818 4420 reversus
2844 4371 2929 4419 est
2958 4362 3013 4416 in
3045 4359 3293 4416 Francia.

2146 4468 2151 4473 ”
2206 4463 2295 4518 2i.
2336 4460 2490 4516 Tunc
2523 4458 2747 4529 Pipinus
2775 4472 2873 4511 rex
2900 4467 3128 4509 cernens
3163 4449 3498 4506 Guail’arium
3528 4446 3722 4502 ducem

2065 4559 2113 4620 D
2137 4551 2575 4625 Aquitaniorutn,
2602 4558 2710 4604 etc.
2758 4546 3060 4617 Sequuntur
3089 4542 3319 4596 Annales
3355 4539 3721 4594 Laurisscnses

2139 4662 2265 4700 αηη.
2296 4642 2421 4710 760,
2450 4643 2576 4705 761,
2602 4640 2724 4696 762.
2761 4638 2888 4704 765,
2918 4652 3080 4707 usque
3107 4651 3125 4689 :
3162 4633 3594 4705 Pipinus.........
3627 4643 3726 4699 per

2140 4735 2525 4808 Legemodicas
2568 4732 2620 4786 in
2670 4729 2901 4787 Francia
2935 4741 3185 4783 reversus
3217 4734 3318 4780 est.
3358 4722 3424 4777 Et
3467 4720 3610 4776 facta
3642 4727 3729 4774 est

2142 4806 2273 4897 gens
2303 4823 2502 4878 valida.
2536 4822 2641 4875 iter
2672 4818 2782 4890 ('70)
2813 4815 3052 4890 perrexit
3097 4813 3247 4868 Italia
3294 4811 3361 4865 ad
3410 4806 3725 4866 conferendi

2142 4916 2328 4972 italico
2384 4928 2585 4985 regno;
2647 4919 2754 4967 tota
2808 4909 3021 4978 hiemps
3076 4905 3131 4960 in
3179 4902 3504 4959 monasterio
3549 4898 3725 4954 sancti

2143 5007 2356 5062 Andree
2418 5001 2681 5075 apostoli,
2745 5008 2801 5056 et
2860 4998 3033 5054 sancti
3089 4993 3333 5051 Silvestri
3396 4988 3726 5049 confessoris

2144 5096 2341 5120 ﬂ|._!-n!
2444 5103 2490 5120 ..ι
2558 5091 2727 5120 ..ι-..Αιέ
2792 5087 3047 5120 Qinn‘enn:

3115 5083 3367 5120 ιηιινιννῖα
3408 5077 3684 5120 νιιῖρηὶΞΠ-’ίί
3710 5116 3722 5120 -
