4082 6328
277 419 345 477 29
1672 394 1853 452 CIIRO

1952 392 2085 449 ΖΟΝ.
3423 384 3494 438 50

280 541 381 602 que
406 540 434 582 a
458 522 810 592 Carlomagno
842 529 1101 588 germano
1148 526 1245 567 suo
1271 510 1487 579 hempta
1512 506 1706 570 fuerat,
1732 520 1830 575 per
1860 520 1903 575 Α
1934 518 2071 567 rum,
2115 498 2469 571 patrocinium
2509 513 2567 553 se
2600 512 2721 553 cum
2757 496 2940 554 liberis
2970 496 3112 561 suis,
3136 495 3493 566 patrocinium

280 600 581 695 precepturu
624 616 707 672 sui
747 612 980 669 nominis
1027 606 1321 664 constituit.
1353 605 1420 660 Et
1462 618 1592 659 crux
1621 600 1835 661 Domini

278 690 378 785 que
433 713 487 766 in
526 709 638 765 suis
675 704 975 761 cervicibus
1018 697 1373 771 appendebat,
1416 694 1470 749 in
1514 690 1836 747 venerabilis

275 778 496 864 cetiobio
515 796 800 861 concessit,
828 808 920 850 seu
949 789 1239 849 Beneventi
1267 785 1622 857 principatus,
1646 790 1702 836 et
1731 778 1835 835 Sa—

276 893 407 950 lerni
427 931 442 957 ,
490 890 799 959 Capuaque,
837 893 892 941 et
915 891 1025 937 tota
1053 876 1331 949 Neapolim
1359 874 1576 939 linibus,
1608 880 1658 927 et
1685 870 1837 939 quies

275 982 397 1053 quid
446 978 733 1047 Campania
772 973 1082 1029 destitutum
1118 976 1224 1033 est,
1268 966 1323 1019 in
1361 978 1459 1022 suo
1500 970 1839 1020 sacramento

277 1049 574 1129 constituit.
626 1068 694 1122 Et
718 1073 911 1122 cuncta
962 1058 1297 1129 Pentapolim
1344 1064 1400 1111 et
1440 1053 1621 1109 omnia
1644 1049 1839 1105 Tuscie

278 1158 467 1217 ﬁnibus
496 1154 810 1228 apostolicis
849 1147 999 1206 Pauli
1023 1160 1078 1204 et
1103 1164 1201 1203 suo
1244 1147 1368 1214 jure
1390 1142 1674 1198 concessit.
1704 1140 1841 1196 Gra-

274 1247 505 1303 tulanter
552 1252 608 1298 et
638 1240 1024 1312 gaudebundus
1072 1238 1125 1291 in
1154 1234 1440 1289 Frauciam
1488 1231 1651 1285 venit.
1690 1229 1842 1284 Tunc

276 1334 381 1405 Ui)
418 1349 516 1388 rex
544 1332 769 1401 Pipinus
791 1330 943 1384 abuit
966 1327 1220 1397 placitum
1250 1339 1404 1379 suum
1430 1323 1482 1377 in
1512 1319 1838 1384 Warmacia,

276 1433 329 1480 et
374 1422 581 1478 nullum
631 1421 736 1476 iter
769 1419 910 1474 aliud
954 1418 1104 1483 fecit,
1134 1417 1237 1471 nisi
1278 1415 1330 1468 in
1359 1413 1583 1469 Framia
1610 1410 1839 1479 resedit;

278 1529 428 1570 causa
459 1510 836 1584 pertractabat
866 1509 1185 1565 mitissimus
1226 1523 1322 1562 rex
1352 1506 1492 1560 inter
1518 1503 1840 1570 Wal‘arium,

278 1616 329 1662 et
356 1606 698 1669 'I'asilonem;
732 1603 856 1672 quia
882 1600 1061 1656 Tasilo
1106 1597 1534 1669 consanguineus
1560 1594 1678 1664 ejus
1702 1602 1839 1648 erat.

278 1701 421 1766 Tunc
463 1701 692 1769 Pipinus
744 1713 838 1753 rex
869 1697 1062 1750 missos
1086 1708 1213 1749 suos
1236 1692 1418 1762 dirigit
1442 1690 1508 1744 ad
1534 1685 1781 1757 Bajuaria
1811 1699 1842 1738 a

276 1790 473 1857 ‘I‘asilo,
524 1800 585 1849 et
629 1790 746 1848 haec
789 1787 951 1851 verba
1003 1786 1229 1854 loquens
1274 1784 1353 1839 eis
1384 1798 1400 1835 :
1430 1800 1447 1833 ‹
1482 1780 1705 1848 Pipinus
1748 1791 1840 1831 rex

1935 591 2181 650 contulit.
2210 590 2439 647 Karolus
2466 598 2646 644 autem
2675 604 2765 644 rex
2789 603 2887 658 per
2912 602 3233 651 consensum
3254 586 3492 640 omnium

1935 686 2265 740 Francorum
2300 698 2391 745 rex
2434 681 2803 736 constituitur.
2840 679 3077 735 Domnus
3100 679 3278 748 itaque
3306 677 3506 735 Adria—.

1935 792 2037 833 nus
2068 790 2202 845 papa
2228 772 2600 843 persecutione
2629 771 3100 843 Langobardorum
3145 786 3251 824 non
3294 768 3505 835 ferens,

1938 867 2133 921 missos
2174 864 2361 931 dirigit
2403 877 2523 917 cmn
2555 862 2929 917 benedictione
2956 859 3270 929 apostolica.
3304 858 3513 913 Petrus.

1938 972 2087 1013 mare
2130 969 2299 1025 usque
2346 952 2586 1018 Masilia,
2618 952 2741 1005 inde
2770 959 3041 1005 terremun
3072 964 3240 1018 usque
3262 950 3327 1002 ad
3349 948 3513 1027 ἀρφ-.

1938 1063 2066 1102 num
2117 1046 2369 1107 Karolum
2418 1044 2681 1115 pervenit.
2732 1042 3015 1099 lnvitando,
3048 1041 3255 1097 scilicet
3275 1050 3330 1093 ut
3357 1041 3496 1094 Amr.

1937 1139 2177 1193 Lauriss.
2233 1155 2287 1191 a.
2337 1137 2460 1202 775,
2512 1152 2673 1206 usque
2720 1134 2917 1204 pascha
2943 1133 3189 1187 similiter
3220 1133 3270 1184 in
3304 1131 3496 1187 Roma.

1940 1232 2256 1301 Susceptum
2282 1224 2385 1286 est
2429 1230 2608 1298 itaque
2648 1216 2877 1283 domnus
2909 1212 3255 1283 Carolusicx
3281 1220 3498 1280 honeri-

1940 1325 2040 1379 tice
2071 1323 2140 1378 ab
2177 1322 2414 1378 Adriano
2443 1335 2602 1390 papa,
2630 1329 2684 1373 et
2715 1334 2744 1373 a
2770 1328 2965 1374 cuncta
3000 1317 3242 1375 Rerum
3287 1313 3500 1383 populo,

1940 1423 1995 1471 et
2038 1414 2092 1467 in
2134 1412 2360 1469 ecclesia
2406 1412 2546 1467 beati
2592 1409 2733 1464 Petri
2771 1405 3230 1478 apostoliascolis
3256 1404 3505 1457 laudibus

1940 1514 2024 1560 est
2075 1505 2392 1559 honoratus.
2443 1500 2759 1570 Quanteque
2800 1497 3126 1569 pestilentie,
3163 1505 3217 1551 et
3248 1495 3508 1549 lamenta—

1943 1596 2177 1653 tionibus
2205 1604 2261 1651 et
2293 1593 2685 1649 vastationibus
2711 1590 3075 1661 Langobardis
3094 1587 3288 1658 populo
3312 1585 3507 1649 Roma-

1942 1706 2015 1744 no
2045 1687 2437 1759 proclamatum
2480 1692 2581 1748 est,
2629 1683 2751 1751 quis
2772 1681 2945 1751 potuit
2969 1693 3245 1734 enarrare.
3275 1680 3506 1744 Accepta

1945 1779 2134 1849 itaque
2179 1774 2552 1832 benedictione
2596 1788 2691 1828 rex
2732 1781 2786 1826 et
2832 1768 3168 1825 absolutione
3191 1766 3334 1822 beati
3361 1763 3505 1818 Petri

276 1880 611 1944 Francorum
641 1878 788 1935 misit
817 1890 915 1931 nos
940 1875 1007 1933 ad
1036 1883 1110 1939 te,
1134 1884 1194 1928 ut
1218 1872 1618 1928 innotescantus
1640 1867 1841 1923 beneﬁ-
1873 1872 1917 1931 Β
1946 1870 2172 1941 apostoli
2211 1869 2410 1923 domno
2452 1863 2669 1931 Carolo,
2701 1863 2895 1917 iterum
2945 1875 2975 1913 a
3016 1857 3181 1928 Papia
3206 1855 3507 1909 venientem

277 1970 411 2025 cium
454 1979 512 2025 et
557 1969 853 2041 honorem,
885 1966 1114 2036 qualiter
1160 1964 1381 2033 Pipinus
1420 1977 1515 2016 rex
1567 1959 1847 2015 constituit

278 2059 390 2113 tibi.
415 2059 491 2113 Eo
521 2058 669 2128 quod
700 2066 844 2111 esset
870 2070 1019 2109 meus
1044 2051 1476 2123 consanguineus
1506 2058 1617 2104 tota
1652 2048 1843 2119 Bajua-

260 2150 353 2205 ‘ria
382 2149 531 2205 dedit
582 2149 696 2213 tibi,
749 2159 801 2201 et
823 2145 1171 2218 jurejurando
1201 2144 1358 2199 (idem
1409 2151 1553 2199 tuam
1581 2140 1847 2212 pollicitus

281 2256 336 2299 es
359 2239 708 2297 observandi.
757 2259 776 2292 ι
812 2238 965 2297 Modo
998 2246 1296 2293 commotus
1327 2234 1463 2289 facie
1498 2234 1641 2304 regis
1668 2232 1849 2287 videre

279 2330 460 2395 noluit.
513 2330 689 2394 Tunc,
744 2339 870 2394 etc.,
927 2339 982 2382 ut
1028 2329 1083 2382 in
1134 2329 1269 2382 Ann.
1306 2326 1731 2380 Laurissensibus
1758 2340 1845 2379 an.

282 2421 407 2486 766,
441 2421 586 2487 767,
608 2419 712 2475 768
737 2461 752 2485 ,
783 2435 944 2490 usque
990 2419 1059 2472 ad
1092 2419 1286 2472 obitum
1333 2417 1564 2487 Pippini.
1621 2416 1849 2487 IIibique

281 2513 413 2573 diem
435 2512 642 2581 bobiit,
670 2511 843 2571 finivit
866 2513 1055 2567 oclaba
1075 2511 1193 2567 Kal.
1225 2510 1479 2566 Octuber.
1776 2491 1818 2504 ﬂ

344 2605 432 2661 92.
474 2608 720 2661 Domnus
755 2605 866 2677 (72)
907 2605 1089 2674 itaque
1117 2603 1386 2659 Adrianus
1416 2601 1631 2656 natione
1655 2600 1852 2656 Roma-

285 2711 380 2752 nus
395 2696 461 2751 de
492 2697 750 2767 regiones
771 2696 867 2751 Via
891 2695 1020 2761 lata,
1049 2696 1181 2750 ordo
1196 2693 1380 2750 scrinii
1403 2702 1587 2749 sancte
1613 2692 1852 2748 Romane

286 2786 551 2854 {ecclesia
577 2787 778 2849 electus
814 2796 896 2842 est
919 2784 1182 2858 pontifex,
1211 2800 1240 2839 a
1273 2793 1465 2842 cuncto
1491 2783 1733 2839 Romano
1758 2798 1852 2853 po.

286 2877 421 2951 pulo,
463 2878 521 2931 in
563 2877 689 2932 sede
718 2877 822 2939 hac
855 2876 1152 2936 beatissimi
1182 2873 1542 2946 apostolorum
1570 2873 1848 2944 principis.

285 2965 504 3037 Oportet
552 2968 853 3038 horiginem
886 2967 1217 3023 Francorum
1240 2980 1334 3021 rex
1361 2981 1459 3036 per
1486 2965 1851 3036 genealogiam

286 3071 664 3128 nunccupare;
708 3056 1053 3126 qualitervad
1101 3056 1306 3126 apicem
1354 3056 1507 3125 regni
1551 3054 1855 3125 pervenerit

287 3144 505 3207 Karolus
558 3145 874 3202 mitissimus
925 3162 1043 3215 rex,
1088 3147 1246 3203 modo
1273 3146 1535 3202 dicamus.
1572 3145 1715 3202 Gens
1742 3144 1854 3218 (75)

292 3240 712 3312 Meroingorum,
755 3242 821 3296 de
850 3256 955 3311 qua
976 3240 1168 3295 Franci
1203 3254 1357 3310 reges
1376 3239 1475 3293 sibi
1507 3252 1693 3293 creare
1714 3237 1855 3292 soliti
1884 3224 1928 3285 (ἶ

290 3343 454 3389 erant.
496 3333 634 3389 Fuit
685 3334 892 3404 primus
941 3333 1181 3403 Pipinus,
1231 3331 1322 3401 qui
1372 3331 1554 3401 genuit
1596 3329 1760 3382 lilium
1790 3344 1857 3383 ex

295 3424 595 3483 concubina
648 3425 865 3479 nomine
887 3424 1140 3490 Carolus;
1169 3424 1256 3478 hic
1288 3424 1495 3494 primus
1522 3421 1750 3476 Karolus
1778 3431 1861 3476 est

294 3513 607 3570 advocatus.
635 3513 736 3581 Qui
767 3514 994 3570 Karolus
1026 3515 1211 3584 genuit
1250 3514 1385 3569 ﬁlios
1422 3515 1575 3579 duos,
1614 3512 1859 3582 Pipinum

294 3612 343 3657 et
382 3603 804 3675 Karolomaguo,
832 3606 923 3675 qui
970 3613 1078 3659 tota
1120 3605 1347 3661 Francia
1384 3605 1719 3658 dominatum
1756 3604 1858 3658 sibi

293 3694 629 3751 vindicantes
650 3698 933 3767 oppressit.
951 3688 1356 3766 MortuOitaque
1380 3696 1610 3751 Karolus
1631 3697 1859 3767 primus,

298 3785 380 3853 Qui
422 3785 612 3841 olIicio
655 3794 861 3841 tantum
903 3803 1022 3842 cum
1053 3786 1278 3841 lldricus
1305 3785 1517 3841 Saxone
1562 3784 1863 3856 deponeba-

303 3885 403 3943 tur,
439 3880 672 3949 Pipinus
696 3887 755 3935 et
787 3878 1177 3950 Carolomagno
1205 3879 1475 3949 germanis
1496 3877 1559 3937 ".
1590 3878 1735 3931 velut
1762 3877 1861 3932 he-

300 3970 558 4024 reditaria
584 3970 816 4026 Francia
855 3969 1192 4043 fungebatur.
1218 3970 1371 4024 IIunc
1398 3970 1618 4041 Pipinus
1644 3977 1697 4024 et
1725 3967 1863 4026 Kar-

298 4058 550 4135 Iomagno
577 4077 786 4118 summa
806 4076 927 4117 cum
957 4078 1022 4117 eo
1050 4062 1359 4126 concordia,
1383 4061 1613 4117 divisum
1641 4077 1863 4132 regnum

302 4148 634 4206 Francorum
661 4152 805 4207 inter
827 4166 905 4218 se,
942 4150 1335 4221 Carolomagno
1361 4159 1545 4205 sancte
1579 4165 1864 4206 conversa-

299 4242 457 4299 tionis
507 4243 751 4298 babitum
798 4244 1037 4309 inbutus,
1098 4243 1315 4312 Pipinus
1345 4257 1442 4313 per
1487 4242 1864 4299 auctoritatem

309 4332 606 4402 apostolico
654 4344 960 4405 susceptum
1008 4333 1266 4403 Stephani
1314 4349 1448 4406 pape
1494 4348 1582 4388 rex
1616 4333 1863 4388 ellicitur.

304 4425 399 4493 Qui
422 4428 649 4497 Pipinus
675 4429 859 4498 genuit
895 4428 1033 4483 ﬁlios
1075 4429 1230 4495 duos,
1262 4427 1486 4485 Carolus
1514 4436 1568 4483 et
1593 4426 1869 4482 Carloma-

305 4531 425 4586 guo,
474 4518 572 4587 qui
620 4518 767 4573 uncti
819 4528 943 4574 sunt
982 4519 1037 4573 in
1079 4517 1296 4590 regibus
1343 4533 1463 4573 cum
1493 4516 1684 4586 Pipino
1708 4527 1864 4586 pater

307 4620 490 4662 eorum
528 4623 559 4661 a
600 4607 875 4678 Stephano
918 4624 1091 4679 papa;
1142 4619 1199 4663 et
1238 4618 1455 4664 mortuo
1492 4609 1631 4663 idem
1650 4607 1859 4678 Pipino,

306 4696 567 4751 successit
605 4696 833 4752 Karolus
853 4737 867 4764 ,
897 4697 1161 4766 gloriosus
1187 4699 1503 4755 mitissimus
1528 4708 1690 4769 atque
1717 4713 1859 4752 ama-

305 4784 427 4840 bilis
476 4802 593 4851 rex,
652 4795 814 4856 atque
858 4788 1237 4859 Karlomagno.
1289 4788 1405 4843 Non
1455 4798 1577 4859 post
1637 4788 1864 4843 multum

286 4882 515 4936 tempus
548 4877 799 4934 defuncto
846 4879 1202 4952 Carlomagno
1230 4896 1322 4935 rex
1346 4921 1359 4942 ,
1392 4895 1527 4934 uxor
1552 4880 1665 4951 ejus
1694 4891 1747 4935 et
1774 4860 1866 4935 filii

309 4978 429 5017 cum
459 4967 777 5036 quibusdam
826 4970 918 5038 qui
940 4984 1007 5024 ex
1036 4971 1304 5027 ornatibus
1324 4970 1369 5003 "‘
1388 4972 1764 5027 consentaneis
1814 4973 1868 5025 in

307 5051 455 5108 Italia
485 5054 608 5126 fuga
643 5059 827 5128 petiit;
878 5061 975 5115 sub
1013 5061 1284 5116 Desiderio
1309 5077 1463 5131 reges
1488 5062 1869 5132 Langobardo-
1897 5054 1911 5071 ’

1890 4577 1941 4635 D

1947 1962 2120 2030 ipsam
2152 1958 2425 2013 civitatem
2465 1955 2611 2024 cepit
2642 1963 2740 2008 etc.
2761 1963 2815 2005 ut
2841 1953 2980 2004 Ann.
3008 1948 3247 2002 Lauriss.
3289 1962 3342 1997 a.
3381 1944 3508 2006 774,

1948 2052 2074 2119 775,
2115 2049 2239 2117 776,
2280 2048 2401 2113 780,
2439 2045 2562 2109 781,
2617 2042 2791 2099 multis
2849 2050 3020 2095 tamen
3062 2036 3301 2101 onustis,
3352 2048 3513 2103 usque

1948 2144 2260 2216 Aquitania.
2299 2140 2364 2194 Et
2388 2138 2509 2193 inde
2539 2133 2861 2216 revertendo
2886 2132 3083 2185 domno
3106 2126 3302 2182 Karolo
3332 2139 3510 2195 regem

1950 2239 2005 2294 iu
2029 2233 2359 2292 monasterio
2395 2208 2566 2285 sancti
2592 2227 2802 2281 Audree
2827 2219 3049 2293 apostoli
3075 2234 3197 2274 cum
3219 2232 3383 2271 uxore
3415 2229 3513 2268 sua

1950 2325 2233 2398 Ildegarda
2259 2322 2465 2394 regine,
2498 2329 2552 2374 et
2580 2333 2701 2373 cum
2729 2314 2875 2368 omni
2904 2311 3159 2367 comitatu
3186 2322 3302 2371 suo,
3333 2305 3514 2360 omnia

1951 2422 2113 2476 rebus
2152 2417 2502 2473 ecetesiarum
2539 2408 2847 2466 manasterii
2876 2408 2945 2472 ’⁸,
2978 2420 3082 2475 que
3118 2418 3146 2457 a
3174 2399 3518 2455 Karolusma-

1952 2528 2057 2584 gno
2091 2509 2352 2581 patruelis
2371 2507 2487 2576 ejus
2525 2505 2576 2559 in
2607 2503 2874 2573 prefatum
2900 2504 3517 2554 monasteriumconces-

1952 2603 2047 2668 sit,
2104 2610 2159 2655 et
2204 2596 2591 2654 monasterium
2635 2592 2806 2649 sancti
2850 2588 3119 2652 Silvestri,
3163 2599 3286 2640 cum
3338 2590 3517 2636 monte

1955 2693 2192 2766 Syrapti,
2211 2688 2668 2745 etmonasterium
2692 2684 2862 2740 sancti
2890 2679 3147 2751 Stephani
3176 2678 3227 2731 in
3257 2674 3514 2733 Mariano,

1955 2789 2260 2841 omniorum
2311 2782 2521 2853 predia,
2570 2792 2666 2849 per
2691 2788 2998 2847 preceptum
3036 2771 3226 2842 regalis
3252 2783 3347 2823 sue
3374 2767 3520 2835 regie

1959 2878 2244 2953 potestatis
2291 2873 2582 2935 concessit,
2630 2870 2845 2924 etdoua
2900 2862 3231 2932 amplissima
3282 2856 3519 2911 hibidem

1948 2948 2256 3026 constituit.
2303 2968 2538 3033 Accepta
2571 2958 2940 3016 benedictione
2966 2970 2994 3008 a
3018 2948 3343 3007 venerabilis
3380 2948 3518 3008 loco,

1957 3059 2272 3120 Mediolanis
2315 3055 2588 3111 civitatem
2634 3050 2877 3122 pervenit
2905 3058 3001 3101 etc.
3035 3054 3087 3098 ut
3114 3043 3251 3096 Ann.
3279 3038 3517 3093 Lauriss.

1958 3171 2009 3209 a.
2062 3152 2187 3216 781,
2226 3148 2353 3213 783,
2398 3144 2520 3208 786,
2564 3142 2683 3205 787,
2728 3140 2848 3205 788,
2899 3136 3019 3200 794,
3075 3131 3314 3203 plurimis
3351 3139 3522 3182 tamen

1959 3245 2202 3307 omissis;
2241 3255 2378 3293 anno
2432 3235 2534 3292 786
2574 3233 2884 3295 rationibus,
2941 3243 3101 3298 quare
3144 3219 3374 3277 Karolus
3426 3220 3523 3271 iter

1958 3335 2205 3391 Italicum
2244 3343 2519 3401 aggressus
2556 3326 2643 3390 sit,
2671 3321 2857 3375 addit:
2898 3318 3150 3389 placitum
3184 3310 3430 3369 habentis
3458 3309 3523 3362 de

1959 3423 2328 3483 convenentiis
2380 3433 2568 3475 eorum
2609 3416 2815 3486 legibus
2855 3411 3023 3475 Italic,
3073 3422 3178 3478 que
3210 3414 3523 3460 antecessor

1959 3531 2145 3574 eorum
2180 3512 2395 3582 regibus
2425 3509 2625 3563 dudum
2658 3514 2816 3560 antea
2855 3500 3071 3557 indictis
3114 3510 3296 3551 eorum
3327 3492 3539 3559 scripta'

1960 3625 2066 3665 non
2119 3616 2297 3671 esset;
2331 3604 2475 3675 quod
2527 3603 2600 3657 ita
2640 3600 2839 3653 factum
2874 3603 2974 3651 est.
3000 3594 3149 3645 Anno
3185 3586 3286 3642 796
3310 3586 3471 3655 pergit
3504 3599 3521 3636 :

1958 3698 2273 3760 Nuntiatum
2325 3697 2436 3769 (74)
2487 3696 2650 3751 etiam
2697 3692 2794 3747 sibi
2841 3687 3063 3745 Adriani
3112 3681 3382 3753 pnntilicis
3413 3677 3521 3731 Ro-

1961 3794 2107 3849 mani
2156 3790 2416 3853 habitum,
2464 3799 2568 3856 que
2613 3784 2668 3838 in
2698 3780 2948 3836 amicitiis
2968 3771 3521 3848 precipuushabebat,

1962 3885 2040 3940 sic
2070 3879 2215 3938 ﬂevit
2256 3880 2404 3934 haesi
2453 3878 2696 3939 fratrem,
2722 3882 2815 3927 aut
2843 3868 3183 3924 karissimum
3214 3864 3379 3917 lilium
3410 3876 3523 3913 ani-

1963 3974 2219 4031 misisset.
2258 3971 2389 4025 Erat
2413 3969 2554 4024 enim
2589 3966 2639 4019 in
2672 3961 2925 4018 amicitiis
2953 3959 3151 4029 optime
3174 3962 3521 4023 temperatus,

1948 4052 2023 4122 rut
2067 4078 2160 4121 eas
2204 4061 2390 4117 faciles
2418 4058 2764 4118 ainmitteret,
2789 4062 2842 4107 et
2875 4047 3309 4106 canstantissime
3330 4043 3526 4097 retine-

1964 4169 2066 4213 ret.
2096 4156 2204 4211 Leo
2230 4171 2353 4209 mox
2401 4154 2453 4206 in
2505 4152 2623 4205 loco
2668 4148 2785 4217 ejus
2823 4145 3119 4208 successit;
3157 4139 3300 4194 misit
3326 4139 3528 4207 legatos

1965 4265 2091 4306 cum
2142 4245 2456 4302 muneribus
2494 4243 2560 4296 ad
2607 4256 2804 4311 regem,
2834 4248 2889 4293 et
2914 4237 3090 4292 claves
3117 4234 3278 4287 etiam
3312 4228 3529 4284 confess

1966 4341 2134 4398 sionis
2184 4337 2356 4393 sancti
2404 4333 2591 4398 Petri,
2644 4341 2699 4385 et
2743 4327 2991 4383 vexillum
3044 4325 3281 4379 Romane
3340 4318 3533 4373 hurbis

1965 4434 2138 4490 eidem
2188 4429 2404 4486 direxit.
2451 4425 2782 4481 'l‘hesaurum
2834 4419 2946 4491 (75)
3004 4416 3301 4487 priscorum
3364 4408 3530 4464 multa

1967 4522 2273 4580 seculorum
2342 4516 2705 4588 prolixitatem
2774 4509 3097 4569 collectum,
3146 4503 3363 4557 domno
3417 4497 3535 4565 regi

1968 4613 2166 4673 Karolo
2217 4610 2283 4665 ad
2309 4608 2472 4677 Aquis
2500 4604 2755 4674 palatium
2782 4599 2924 4654 misit
2948 4614 2962 4663 ;
2992 4610 3097 4667 quo
3127 4600 3342 4662 accepta
3368 4629 3382 4655 ,
3409 4602 3531 4658 pere

1970 4713 2090 4760 aeta
2151 4702 2261 4755 Deo
2338 4696 2576 4767 largitori
2626 4692 2865 4749 omnium
2916 4688 3175 4743 bonorum
3232 4679 3536 4752 gratiarum,

1971 4794 2200 4849 actione.
2245 4790 2389 4843 Idem
2419 4789 2497 4841 vir
2538 4780 2989 4855 prudentissimus
3020 4786 3179 4845 atque
3198 4771 3537 4841 largissimus,

1971 4894 2025 4940 et
2066 4882 2160 4937 Dei
2216 4881 2556 4949 dispensator
2596 4887 2785 4943 magna
2817 4871 2938 4925 inde
2972 4876 3177 4939 partem
3203 4864 3427 4918 Romam
3464 4857 3534 4919 ad

1948 4970 2156 5042 :Iimiua
2195 4968 2583 5041 apostolorum,
2616 4962 2761 5017 misit
2786 4976 2883 5031 per
2917 4958 3247 5027 Agilbcrtum
3279 4952 3535 5007 dilectum

1946 5106 1947 5111 η
1972 5069 2219 5125 abbatem
2247 5079 2398 5119 suum
2424 5104 2438 5127 ,
2479 5061 2643 5115 misit.
2677 5057 2845 5112 Porro
2872 5056 3128 5125 reliquam
3159 5059 3362 5122 partem
3394 5044 3535 5114 opti—

1636 5225 1869 5280 ὛἈΙὶΙίΕ
1906 5222 2307 5281 LECTIONES.

377 5352 424 5384 "
461 5362 549 5405 aut
576 5369 861 5423 germanus
890 5372 940 5411 ς.
1040 5352 1085 5386 ’⁸
1121 5356 1157 5407 i.
1196 5371 1246 5408 e.
1279 5356 1648 5425 Optimatibus.
1746 5357 1792 5388 "
1829 5336 2151 5413 monasteria
2182 5370 2318 5408 corr.
2360 5330 2669 5407 monasterii
2708 5348 2890 5402 cades.

1817 5488 2045 5547 NOTrE.

385 5624 502 5690 (71)
539 5624 743 5680 Tunc...
774 5625 1089 5689 Tast'lonem,
1118 5638 1345 5678 cxann.
1373 5624 1610 5679 Lauriss.
1638 5638 1724 5678 an.
1751 5623 1877 5680 764.

444 5692 500 5765 ἓ)
537 5695 615 5750 Cl'.
648 5694 824 5765 Vitam
851 5697 1091 5765 Adriani,
1124 5709 1280 5765 capp.
1321 5694 1374 5757 1,
1401 5693 1455 5748 5.

411 5709 500 5765 η)
537 5709 615 5750 ω.
656 5709 824 5780 vitam
851 5709 1091 5776 Adriani,
1125 5709 1280 5815 capp.
1321 5709 1374 5757 ι,
1402 5709 1455 5748 ο.

411 5762 500 5833 73)
538 5765 609 5819 Ex
635 5764 924 5839 bgtuhardt
953 5764 1070 5820 \tta
1095 5764 1231 5818 Caro
1258 5765 1291 5829 i,
1317 5778 1434 5838 cap,
1474 5765 1521 5819 I.

2203 5617 2600 5745 EXEgiuhai-di
2637 5615 2756 5671 Vita
2776 5612 2977 5679 Caroli,
3008 5625 3122 5680 cap.
3159 5607 3241 5662 19.

2079 5692 2159 5745 45)
2197 5693 2338 5745 Ann.
2416 5702 2606 5742 aurtss.
2634 5701 2721 5740 an.

2079 5692 2159 5761 75)
2197 5693 2338 5746 Ann.
2369 5692 2606 5745 Lauriss.
2634 5701 2721 5740 an.
