3986 5444
456 379 519 435 3i
1517 372 1877 431 BENEDICTI
1908 366 1967 429 S.
1991 370 2294 429 ANDREE
2335 369 2640 429 MONACHI
3627 380 3700 437 δε

454 487 691 545 matibus
716 487 931 545 clericis
972 488 1086 544 sive
1112 487 1293 555 laicis,
1321 496 1625 558 ceterisque
1649 487 1892 544 ﬁdelibus
1915 488 2028 543 suis
2055 476 2103 551 Α
2131 487 2256 555 80l,
2297 490 2555 544 donatum
2601 485 2783 558 magni
2822 488 3165 557 muneribus;
3199 498 3254 546 et
3278 491 3513 549 narravit
3538 493 3700 551 dom-

453 577 679 647 largitus
713 589 795 634 est
836 594 1078 635 munera.
1130 578 1247 636 Rex
1299 578 1537 634 collectis
1567 619 1582 643 ,
1622 589 1754 643 clc.,
1788 592 2027 649 excerpta

454 669 739 723 Annalium
767 668 1187 723 Laurissensinm
1212 685 1469 722 annorum
1493 668 1595 724 796
1615 678 1660 723 et
1685 668 1805 733 799,
1834 684 2028 739 usque:

455 756 727 814 Norlaude
756 758 987 814 Saxonis
1018 758 1071 813 in
1110 757 1481 829 Bardeugawi.
1523 797 1540 812 .
1583 797 1598 813 .
1640 796 1657 815 .
1700 760 1878 829 ibique
1910 759 2031 814 red-

454 846 600 904 ditus
641 848 786 904 Karli
829 848 921 904 ﬁlii
945 850 1064 915 sui,
1097 860 1387 920 expectans
1425 850 1656 906 Leonem
1698 850 2027 922 pontiﬁcem,

455 936 616 996 simili
640 942 784 1012 quod
814 950 1122 1013 susceptum
1146 952 1252 1010 est,
1288 960 1412 999 cum
1450 945 1654 1001 honore
1680 945 1899 1000 dimisit.
1926 944 2031 1012 Qui

454 1031 634 1087 statim
682 1032 963 1103 profectus
1016 1042 1100 1089 est
1143 1034 1393 1101 Romam,
1440 1044 1494 1090 et
1543 1050 1640 1090 rex
1704 1034 2030 1107 Aquisgrani

453 1121 655 1192 palatio
704 1137 803 1178 suo
853 1138 1122 1188 reversus,
1168 1140 1292 1180 cum
1337 1127 1539 1180 honore
1570 1140 1781 1181 summo
1804 1124 2032 1181 Karolus

453 1214 767 1285 supradicto
806 1214 915 1271 Leu
966 1225 1188 1272 sanctus
1236 1233 1371 1288 papa
1438 1218 1490 1271 in
1532 1218 1659 1272 sede
1693 1217 2031 1272 sanctissima

453 1316 760 1376 susceptum
806 1316 915 1365 est.
962 1308 1219 1379 Fecitque
1262 1310 1377 1381 (76)
1425 1324 1521 1364 rex
1561 1308 1835 1373 Karolum,
1864 1308 2031 1364 ﬁlium

455 1398 661 1465 Karoli,
700 1401 990 1457 vindictam
1021 1402 1087 1457 de
1107 1401 1357 1469 Romani,
1388 1411 1443 1457 ct
1463 1401 1643 1457 omnia
1666 1400 1890 1457 Tusscie
1911 1401 2033 1456 ﬁni-

453 1487 556 1544 bus
576 1491 914 1558 ctRavenne,
944 1491 1297 1563 Pentapolim,
1328 1508 1358 1547 a
1381 1488 1591 1547 summo
1616 1490 1867 1561 pontiﬁce
1904 1504 2035 1546 con-

459 1580 655 1636 stituit.
714 1580 1097 1639 Monasterium
1152 1584 1325 1639 sancti
1379 1583 1622 1639 Silvestri
1682 1583 1735 1637 in
1797 1592 2035 1639 montem

461 1673 699 1744 Syrapti,
728 1684 784 1729 et
812 1675 1039 1731 ecclesia
1080 1677 1253 1731 sancti
1287 1676 1545 1746 Stephani
1576 1674 1906 1731 inilllariano
1939 1689 2038 1746 per

457 1768 772 1838 preCcptttm
797 1767 849 1823 in
878 1769 1195 1841 prephatum
1222 1769 1603 1825 monasterium
1622 1767 1797 1823 sancti
1821 1768 2036 1823 Andree

2128 595 2229 635 nus
2258 579 2366 635 Leo
2398 595 2557 650 papa,
2585 588 2783 649 quanta
2816 580 3011 637 seditio
3039 582 3216 638 civilis
3244 579 3482 640 Romane
3509 595 3702 643 contra

2129 684 2254 725 eum
2295 669 2593 740 eiecerunt,
2620 678 2675 724 et
2713 671 2980 740 quomodo
3019 672 3255 728 ablatum
3290 683 3372 729 est
3397 691 3483 731 res
3503 676 3697 733 :eccle-

2128 760 2362 825 siarnm;
2422 759 2603 814 audita
2651 768 2705 815 et
2758 762 2801 793 ²⁷
2842 762 3003 817 verba
3041 763 3357 820 mitissimus
3411 767 3704 836 imperator

2130 850 2418 906 conferens
2448 851 2501 905 in
2530 852 2695 908 corde
2731 867 2849 908 suo.
2897 854 3048 910 Tunc
3076 856 3368 926 imperator
3393 873 3488 928 per
3515 858 3705 914 Bawa-

2130 940 2214 994 ria
2270 939 2348 995 ire
2396 940 2667 997 volentem
2717 952 2815 998 etc.
2859 954 2914 997 ut
2952 944 3091 999 Anu.
3143 944 3506 1003 Laurissenses
3542 967 3705 1021 usque

2132 1033 2436 1104 Mansitque
2469 1035 2611 1105 apud
2640 1049 2762 1107 cum
2789 1036 2905 1091 dies
2929 1037 2996 1101 9;
3030 1045 3084 1091 et
3106 1037 3244 1092 sicut
3269 1039 3468 1094 dictum
3494 1050 3549 1095 et
3574 1055 3707 1096 con-

2130 1124 2381 1180 stitutum
2423 1132 2525 1189 est,
2572 1124 2711 1179 inter
2745 1124 2875 1194 ipsis
2907 1124 3076 1181 Roma
3107 1128 3417 1197 repediavit.
3447 1128 3706 1185 Ordinata

2132 1214 2279 1268 omni
2305 1222 2359 1267 et
2379 1214 2701 1284 composita,
2719 1230 2823 1285 que
2843 1230 2977 1284 opus
3003 1228 3056 1270 et
3078 1231 3302 1272 necesse
3328 1227 3466 1283 erat,
3504 1229 3708 1275 sanctae

2134 1303 2377 1359 Romane
2415 1304 2660 1360 :ecclesie
2682 1346 2697 1369 ,
2735 1314 2791 1360 et
2818 1306 2962 1359 omni
2985 1304 3177 1361 Tuscie
3211 1307 3406 1363 ﬁnibus
3432 1324 3525 1363 seu
3562 1308 3706 1364 Peu-

2135 1395 2356 1466 tapoliin
2409 1393 2665 1451 Ravenne
2710 1395 2761 1450 in
2798 1397 3106 1466 apostolicis
3144 1398 3377 1454 Leonem
3407 1401 3706 1457 constituit.

2133 1489 2267 1545 Nam
2315 1489 2702 1545 monasterium
2748 1491 2923 1546 sancti
2952 1490 3168 1549 Andree
3219 1495 3445 1564 apostoli
3476 1497 3710 1551 munita-

2135 1590 2243 1637 tem
2293 1582 2584 1648 concessit,
2633 1591 2688 1638 et
2737 1584 2789 1637 in
2829 1585 3021 1640 edictis
3069 1584 3543 1658 Langobardorum
3566 1587 3711 1660 afﬁgi

2133 1672 2409 1743 precepit;
2434 1679 2487 1726 et
2518 1671 2715 1729 exinde
2742 1688 2991 1730 reversus
3018 1684 3100 1730 est
3123 1675 3174 1729 in
3196 1676 3445 1732 Francia.
3472 1673 3713 1747 Sequun-

2138 1772 2226 1816 tur
2250 1772 2490 1832 excerpta
2521 1762 2805 1817 Annalium
2842 1762 3263 1819 Laurissemium
3300 1781 3558 1819 annorum
3581 1765 3708 1832 805,

456 1857 756 1924 constituit,
781 1867 837 1914 et
864 1861 1002 1914 dona
1046 1860 1324 1930 ampliaria
1350 1859 1496 1915 fecit.
1534 1859 1660 1915 Post
1681 1860 1781 1915 hec
1809 1859 2037 1917 domnus
2065 1843 2110 1903 Β
2139 1853 2265 1919 808,
2308 1852 2432 1919 8l0,
2465 1852 2589 1919 8M,
2632 1864 2679 1908 et
2722 1853 3019 1927 Eginhardi
3059 1853 3187 1909 Vita:
3216 1855 3413 1922 Caroli,
3440 1873 3588 1927 capp.
3619 1856 3708 1925 15,

459 1946 688 2004 Karolus
715 1950 781 2005 ad
803 1949 1157 2022 Aquisgranis
1173 1966 1423 2007 reversus
1436 1959 1550 2016 est;
1583 1950 1759 2005 medio
1790 1950 2029 2006 Nobem-

461 2037 583 2094 ιιι-ιο
617 2038 838 2095 allatum
860 2049 943 2096 est
965 2041 1037 2107 ei,
1060 2050 1189 2107 clc.,
1221 2050 1275 2095 ut
1300 2039 1526 2095 Annales
1553 2039 1918 2095 Laurissenses
1941 2058 2031 2097 an.

456 2150 498 2225 [‘
529 2146 658 2225 Cum
696 2150 794 2205 hoc
843 2149 956 2206 loco
1001 2150 1152 2225 initia
1191 2151 1385 2221 fabula:
1415 2151 1478 2205 de
1506 2149 1683 2205 Caroli
1713 2154 2036 2225 expeditione

526 2220 582 2293 in
608 2230 800 2293 terram
832 2232 1071 2293 sanctam
1105 2220 1365 2293 legantur,
1396 2239 1566 2290 opera:
1591 2220 1810 2290 pretium
1838 2224 2038 2278 ridetur

526 2289 769 2363 e_i_rinitia
812 2292 1066 2363 fabulosa:
1115 2289 1437 2346 narrationis
1469 2294 1533 2346 de
1569 2289 1893 2361 expeditione
1925 2294 2037 2363 ejus

532 2358 825 2433 Hispanico
865 2362 1183 2433 adjungere,
1216 2363 1566 2433 fragmentum
1612 2358 1804 2417 scilicet
1843 2358 2037 2433 amcitia

530 2431 730 2486 decimo
774 2431 1049 2487 exaratam
1088 2431 1223 2503 quod
1272 2431 1325 2487 in
1366 2432 1840 2503 biblioitliccqregia
1869 2432 2039 2503 "agn:

529 2503 777 2572 comitum
817 2503 885 2557 ad
921 2500 1320 2572 finem'rodicis
1371 2519 1422 2555 η.
1473 2502 1597 2566 921,
1646 2500 1799 2557 Gesta
1862 2500 2039 2572 regum

534 2569 866 2655 l’rancorum
922 2569 1224 2628 'exltibentis
1289 2572 1454 2627 tribus
1532 2573 1673 2644 [aliis
1735 2569 2040 2644 inscriptum

534 2656 703 2697 Inveni
728 2659 748 2698 ἔ

534 2711 654 2789 (fol.
672 2714 729 2789 μ)
755 2713 1048 2789 et_ell‘eclu,
1084 2715 1245 2771 veluti
1279 2714 1505 2785 spondet
1527 2713 1630 2771 sibi
1658 2723 1879 2789 versuta
1909 2714 2043 2789 arri-

533 2781 615 2856 Sit)
642 2781 890 2856 _sitperb'.e
916 2788 1144 2841 fortuna:
1170 2789 1268 2842 hoc
1299 2781 1461 2856 prope
1494 2794 1624 2838 tota.
1654 2785 1847 2840 Sibilat
1869 2784 2042 2839 imber

534 2850 785 2927 teloi'uin,
804 2872 1094 2927 suspensus
1111 2858 1162 2913 in
1180 2850 1323 2922 aere;
1347 2850 1582 2910 et'iustat
1598 2864 1856 2925 quantum
1873 2856 2042 2925 magis

536 2924 712 2979 evalet
755 2924 997 2997 inpulsus
1024 2944 1207 2983 manu.
1233 2928 1465 2982 Rotatur
1503 2924 1787 2997 sublimior
1818 2927 1950 2980 ordo
1974 2924 2041 2981 in

536 3000 681 3067 fossa
708 2996 827 3053 suis
849 2998 1349 3063 vnlneribus,etdat
1370 3012 1560 3067 graves
1583 2996 1763 3066 lapsus
1775 2996 2042 3066 posterio-

538 3064 615 3139 ri;
633 3066 1079 3139 intimatqueipse
1094 3085 1254 3125 ruens
1283 3064 1564 3139 auc'mcuta
1596 3064 1837 3139 periculo
1863 3066 2043 3139 adjuta

536 3136 646 3190 suis
670 3136 1012 3206 ponderibus.
1040 3139 1147 3195 Nec
1175 3140 1350 3194 adhuc
1385 3137 1554 3192 sensit
1580 3146 1803 3206 uterque
1828 3137 2044 3207 inopina

536 3215 686 3275 gesta
703 3208 985 3275 malorum,
1009 3211 1115 3265 alta
1129 3212 1379 3265 sensibus
1393 3209 1655 3262 catenatis
1681 3207 1967 3262 formidine
1991 3216 2045 3261 et

538 3277 651 3349 pari
667 3286 897 3349 torpore
920 3297 935 3345 ;
968 3282 1093 3334 dum
1110 3289 1379 3335 recrearet
1396 3278 1617 3349 spiritus
1640 3278 1752 3347 jam
1781 3275 2045 3332 suﬂitiens

533 3345 637 3401 sibi
665 3345 833 3404 lassas
861 3360 1029 3417 artus,
1055 3369 1083 3405 τι
1114 3351 1267 3421 longe
1297 3345 1523 3420 inpingit
1553 3345 1792 3402 alternus
1817 3356 1967 3402 turor
1991 3356 2042 3421 et

546 3429 739 3491 urguet
762 3416 1023 3476 cazsarias
1054 3416 1433 3487 atiesfquibus
1453 3416 1601 3491 'erat
1615 3429 1839 3491 negatus
1869 3416 2047 3491 omnis
2074 3428 2119 3491 ο

537 3487 716 3543 aditus
746 3491 797 3543 in
825 3502 941 3544 arte
956 3502 1009 3547 et
1038 3493 1222 3554 armis,
1254 3492 1379 3545 licet
1401 3504 1528 3544 usus
1555 3487 1750 3559 ubique
1772 3498 1918 3544 esset
1938 3489 2045 3542 vir-

540 3564 675 3633 tute,
722 3570 776 3615 et
808 3561 933 3617 licet
979 3572 1244 3633 patrasset
1272 3562 1557 3633 impatiens
1618 3561 1872 3615 virtutum
1908 3559 2044 3633 mira

537 3626 832 3697 bellorum,
862 3643 917 3686 et
951 3626 1492 3702 sirepitliberiorsibi
1524 3645 1619 3702 per
1647 3628 2043 3700 propugnacula

535 3705 590 3751 et
630 3713 725 3768 per
790 3703 1023 3758 murales
1073 3701 1327 3759 latebras.
1380 3701 1729 3769 Resultatqne
1786 3702 2045 3768 aligerum

537 3782 719 3845 semen
742 3786 912 3845 super
934 3774 1166 3843 tegmina
1196 3774 1510 3845 clipdorum,
1558 3781 1616 3845 ut
1640 3771 1707 3825 sit
1735 3772 1967 3840 grando;
1993 3778 2047 3845 at

542 3838 780 3894 deservit
817 3838 960 3898 ferro
982 3838 1164 3899 comes
1186 3855 1240 3899 et
1260 3838 1509 3899 revocata
1536 3841 1617 3895 vis
1639 3838 1858 3896 suorum
1887 3842 2046 3895 modo

541 3910 722 3984 nescia
737 3911 864 3966 sicci
895 3914 1094 3969 ventris
1115 3915 1420 3984 atrocisqne
1445 3910 1580 3984 gula:
1606 3927 1764 3981 quam
1796 3911 1935 3966 male
1959 3927 2051 3965 su-

480 3976 487 3987 ’
541 3979 752 4062 stinuit,
779 3998 881 4062 _nec
911 3999 1162 4062 umqqam
1193 3985 1310 4062 plus
1334 3976 1651 4062 'sati'avera't
1694 3998 1818 4062 suas
1843 3993 2049 4037 mentes

539 4051 716 4116 unde;
750 4052 887 4125 sicut
914 4051 1299 4125 mer'e'ntur'pia
1336 4064 1479 4107 vota.
1512 4052 1685 4125 Prope
1712 4052 1839 4107 facit
1865 4068 2048 4125 mucro

537 4132 726 4193 omnes
772 4124 990 4179 dextras
1040 4123 1274 4180 intentas
1303 4124 1443 4189 sibi,
1477 4124 1772 4193 repetitque
1809 4123 2050 4178 cesarius

544 4189 698 4263 miles
716 4194 963 4262 propiora
984 4196 1183 4258 menia,
1210 4196 1472 4263 fossaque
1500 4189 1800 4249 redundans
1817 4194 1964 4263 cupit
1994 4194 2047 4248 in

542 4260 789 4340 subliuie.
818 4260 892 4340 De
912 4281 1127 4320 sursum
1140 4266 1363 4320 distillat
1383 4260 1572 4340 acutus
1588 4264 1738 4333 palus
1760 4260 2051 4340 plagasque

541 4333 690 4407 serit,
709 4333 1018 4407 degeritque
1034 4351 1302 4407 pregnans
1323 4336 1543 4407 molaris
1568 4348 1792 4407 corpora
1819 4334 2052 4407 subeunt

546 4400 619 4452 tia
648 4400 1095 4470 couﬁisisahnié,
1130 4400 1286 4462 modo
1313 4405 1545 4460 truditur
1563 4400 1675 4456 dus
1696 4417 1727 4455 a
1750 4402 1973 4457 castello
1999 4400 2047 4454 vi

543 4480 599 4525 et
614 4472 1121 4547 amittitforasjnter
1138 4486 1289 4531 vasta
1300 4476 1445 4531 cede.
1466 4474 2048 4547 Perditqueuecatqne;

545 4550 731 4621 utpote
756 4542 1011 4621 prestan't‘
1028 4546 1171 4603 mille
1190 4562 1390 4621 manus
1423 4542 1676 4621 suifragia
1706 4542 1927 4597 homini.
1947 4543 2052 4621 .De-

540 4612 795 4667 scribitur
830 4624 956 4671 ante
986 4615 1131 4673 fores
1155 4619 1331 4674 electa
1365 4616 1641 4685 majorque
1674 4627 1871 4685 corona
1910 4612 2053 4666 viro-

542 4695 663 4735 rum
693 4698 911 4742 servare
940 4688 986 4719 ¹⁶
1032 4690 1209 4743 aditus
1243 4684 1508 4750 labantes,
1544 4693 1600 4737 ut
1627 4692 1738 4739 tuta
1768 4684 1877 4737 sint
1903 4692 2052 4751 terga

542 4750 882 4826 habeantque
904 4757 1081 4813 fidem.
1114 4759 1224 4813 Illic
1252 4759 1389 4812 ridet
1410 4755 1677 4811 Gradivus
1706 4750 2053 4826 notanssan-

2142 1946 2231 2013 16,
2258 1963 2418 2018 usque
2443 1948 2877 2017 pronuntiarent.

2208 2040 2297 2096 ‘23.
2337 2041 2583 2111 Precepit
2616 2044 2635 2063 ‘
2666 2058 2759 2099 rex
2814 2042 3161 2112 fortissimus,
3208 2054 3267 2101 ut
3314 2045 3515 2103 classes
3561 2051 3717 2103 navi-

2213 2151 2397 2223 nuntia
2441 2152 2639 2207 sinceri
2696 2162 2896 2208 ortum.
2944 2154 3136 2223 Liquet
3190 2154 3487 2211 iunotuisse
3549 2172 3708 2212 acce-

2211 2222 2337 2276 dere
2360 2222 2404 2254 "
2452 2223 2679 2346 prelata:
2720 2225 2906 2293 pubis;
2941 2222 3126 2294 praeul
3172 2228 3529 2295 prmveniente
3580 2243 3715 2281 aura

2212 2292 2383 2346 plebei
2474 2293 2686 2346 aminis.
2736 2293 2845 2346 Nec
2904 2310 3096 2346 mora:
3152 2305 3402 2346 tanuuam
3471 2296 3715 2346 certabat

2211 2292 2383 2364 plebei
2452 2292 2686 2349 laminis.
2724 2292 2845 2349 Nec
2904 2292 3096 2357 mora;
3152 2292 3402 2364 tanquam
3471 2296 3718 2351 certabat

2213 2363 2435 2436 cupidus
2456 2364 2634 2417 hiatus
2657 2363 3337 2436 animi.adsuutexhattSto
3355 2367 3639 2436 cornipcde
3661 2377 3717 2422 et

2215 2433 2458 2505 clavique
2497 2434 2767 2505 excercita
2819 2435 2862 2465 ²⁹
2902 2435 3228 2505 triumphato
3254 2437 3387 2491 orbe
3437 2433 3718 2491 in_multis

2215 2503 2477 2573 partibus.
2526 2503 2677 2559 Ilicet
2720 2513 2974 2573 pertonat
2999 2503 3196 2560 ardens
3220 2506 3375 2560 miles
3404 2504 3623 2560 Ernoldi
3646 2507 3715 2561 ad

2214 2589 2419 2637 muros,
2452 2583 2507 2644 et
2538 2574 2651 2643 ipse
2681 2583 2869 2629 tenens
2899 2574 3063 2644 pilum
3088 2577 3324 2631 scienter
3344 2576 3560 2630 anhelat
3581 2584 3710 2630 ante

2214 2660 2361 2709 suos,
2379 2643 2757 2716 perfunditque
2786 2643 2947 2699 suddr
2968 2646 3165 2714 ubique
3181 2656 3468 2716 proruptus
3494 2646 3711 2709 ducem,

2216 2717 2502 2784 lucemque
2532 2715 2670 2769 oculi
2715 2724 2769 2770 et
2809 2725 3165 2771 concrescunt
3212 2715 3414 2785 spuma:
3465 2731 3560 2785 per
3589 2731 3711 2785 ora,

2215 2787 2535 2857 pulsantque
2566 2795 2745 2840 truces
2787 2800 2936 2857 vena:
2982 2786 3035 2857 in
3071 2784 3317 2855 pectore;
3353 2784 3498 2857 nunc
3525 2784 3718 2857 poplex

2218 2855 2504 2927 titubabat,
2544 2871 2700 2927 nunc
2740 2856 2916 2927 adstat
2969 2855 3176 2910 ﬁrmior
3206 2871 3430 2926 quercu.
3479 2855 3719 2927 §7Plcne

2240 2925 2506 2983 ructiticat
2536 2926 2789 2993 juventus
2832 2926 3089 2980 Bernardi
3132 2925 3352 2995 experta
3382 2927 3433 2980 in
3472 2925 3718 2995 adversis

2220 3000 2382 3053 rebus
2426 3004 2488 3067 et
2531 2998 2941 3067 qualiscumque,
2995 2994 3241 3067 resistat;
3301 2996 3444 3051 favet
3499 2994 3717 3050 fortuna

2219 3085 2374 3124 suum
2393 3065 3061 3137 velle,’certatqueivalere.
3091 3065 3195 3121 Sed
3214 3079 3389 3121 tamen
3415 3082 3510 3137 per
3532 3076 3713 3129 cunta,

2220 3152 2393 3207 neque
2440 3137 2797 3206 degeneratur
2824 3136 2893 3189 ab
2916 3136 3023 3207 ullo
3044 3138 3217 3202 obice,
3248 3136 3492 3207 quisquis
3535 3137 3717 3207 minus

2220 3206 2434 3280 gravior
2462 3206 2711 3280 omnibus
2737 3208 2935 3280 obstat.
2964 3206 2991 3277 §
3022 3207 3064 3260 lt
3095 3206 3277 3280 gravis
3307 3206 3554 3280 fremitus
3583 3206 3715 3258 Ber-

2223 3276 2418 3340 trandi,
2434 3292 2537 3347 qua
2560 3278 2763 3331 eminet
2783 3276 2979 3331 fortiori
2995 3292 3059 3345 pa
3069 3276 3121 3332 rs
3136 3279 3283 3332 urbis
3307 3278 3447 3332 fossa
3462 3288 3516 3331 et
3541 3292 3719 3337 muro.

2223 3349 2580 3419 promittente
2610 3362 2704 3401 sua
2751 3358 2939 3419 mente
2972 3363 3207 3419 quaeque
3244 3348 3515 3419 obnoxia,
3548 3347 3719 3419 truci-

2222 3416 2418 3487 datque
2441 3418 2668 3542 pu§iles,
2694 3432 2801 3487 quo
2828 3416 3007 3472 sonitu
3030 3416 3177 3472 cadit
3199 3418 3552 3472 intolerabilis
3575 3416 3718 3471 ictus

2222 3490 2288 3542 de
2317 3490 2467 3542 caelo.
2548 3488 2639 3542 ihil
2682 3488 3005 3542 exnnleruut
3053 3503 3203 3542 arma
3234 3488 3536 3542 minitantia
3572 3502 3718 3541 mor-

2222 3490 2288 3544 de
2317 3490 2467 3544 caelo.
2497 3488 2639 3542 Nihil
2682 3488 3005 3557 expulerunt
3053 3503 3203 3542 arma
3234 3488 3536 3542 minitantia
3572 3502 3721 3541 mor-

2223 3570 2329 3615 tem
2360 3559 2687 3628 przccipitem
2739 3560 2962 3628 gradum
2995 3558 3078 3613 vel
3136 3568 3280 3613 retro
3310 3559 3393 3613 vel
3424 3559 3589 3612 immo
3623 3572 3720 3626 pa-

2221 3646 2371 3694 rum;
2397 3644 2498 3685 nec
2517 3630 2560 3660 ³⁰
2585 3633 2896 3684 teterrimus
2912 3628 3083 3682 imber
3098 3630 3441 3699 sagittarum.
3462 3628 3719 3699 Etutagis

2222 3700 2419 3771 ingerit
2442 3700 2686 3770 gradum,
2714 3715 2943 3754 cernens
2967 3697 3189 3771 horrere
3215 3714 3319 3771 sua
3340 3699 3468 3751 fata.
3504 3697 3571 3750 Et
3594 3705 3721 3751 sunt

2220 3769 2668 3843 gaudiapro‘bare
2690 3769 3243 3843 graviuspericulum.
3281 3769 3630 3843 Ercouputat
3661 3781 3722 3820 se

2220 3838 2341 3897 esse
2386 3838 2586 3911 aliquid
2631 3838 2856 3911 in'hoc.
2897 3840 3274 3911 Jam_amovet
3315 3838 3488 3891 vivida
3524 3851 3721 3911 manus

2212 3912 2430 3981 juvenis
2478 3908 2593 3980 (fol.
2628 3910 2682 3980 2)
2715 3926 2914 3968 muros.
2946 3919 3000 3963 et
3021 3908 3133 3978 jam
3184 3916 3507 3981 rumpuntur
3541 3908 3719 3981 ferrea

2220 3977 2426 4054 ﬂagella
2459 3977 2736 4054 portarum
2764 3996 2885 4035 eum
2919 3977 3032 4054 toto
3072 3989 3243 4054 poste.
3286 3979 3566 4054 Prestatur
3594 3977 3717 4054 iter,

2224 4047 2519 4122 méliusque
2551 4052 2784 4122 undique
2812 4047 3112 4120 produntur
3140 4051 3314 4104 ruina.
3348 4047 3719 4104 Committitur

2221 4121 2609 4179 ferrum’hosti.
2638 4121 2917 4177 Moventur
2937 4121 3164 4174 virtutes
3191 4135 3288 4189 pro
3311 4134 3388 4184 se,
3413 4127 3717 4188 etquaeque

2222 4196 2465 4250 dextera.
2512 4192 2750 4246 [labetur
2792 4192 2940 4259 pigra
2981 4206 3009 4243 a
3053 4189 3156 4252 ilis,
3211 4191 3496 4258 perterrita
3548 4190 3716 4240 acris.

2223 4266 2322 4313 llic
2362 4271 2513 4313 caret
2557 4264 2709 4313 hasta
2764 4261 2902 4313 loco.
2954 4207 3047 4313 εεῇ
3098 4257 3243 4312 solus
3295 4259 3516 4312 dimicat
3552 4258 3716 4311 ensis.

2222 4266 2322 4319 llic
2362 4271 2513 4318 caret
2557 4264 2709 4315 haSta
2764 4257 2902 4322 loco,
2954 4257 3047 4313 sed
3098 4257 3243 4312 solus
3295 4259 3516 4312 dimicat
3552 4258 3719 4311 ensis.

2222 4334 2466 4401 Namque
2516 4340 2674 4385 vacat
2701 4330 2875 4384 omnis
2920 4330 3095 4400 plaga,
3149 4328 3253 4401 nisi
3306 4328 3490 4381 furtim
3537 4327 3725 4401 dedita

2224 4399 2396 4466 utero;
2429 4416 2520 4456 seu
2553 4402 2889 4471 pectoribus;
2919 4399 3044 4469 quia
3091 4399 3375 4471 talisLerat
3405 4400 3633 4471 pressio,
3665 4406 3723 4449 ut

2223 4489 2330 4528 non
2360 4472 2532 4542 potuit
2554 4467 2666 4542 ulla
2694 4485 2885 4542 manus
2915 4467 3172 4542 suspendi
3220 4468 3262 4499 ⁸⁸
3288 4467 3410 4542 ictu
3451 4467 3724 4542 "._l_ucer-

2223 4553 2337 4599 tum
2360 4538 2472 4606 est,
2520 4540 2608 4595 ubi
2640 4540 2850 4611 plenius
2896 4538 3023 4611 edit
3065 4539 3206 4593 Mars
3250 4538 3396 4611 viros
3452 4538 3724 4611 pallentes

2226 4622 2420 4675 morte,
2444 4607 2861 4681 przeclariusque
2884 4610 3044 4681 feriat
3063 4624 3225 4663 auras
3247 4610 3467 4681 gemitu.
3500 4607 3726 4661 Peram-

2226 4684 2377 4738 lmlat
2405 4680 2548 4737 enim
2586 4681 2859 4735 introitum
2889 4680 3055 4743 urbis,
3099 4688 3154 4733 et
3184 4680 3438 4742 medium,
3473 4686 3724 4744 tenetque

2227 4762 2550 4810 extremum.
2597 4749 2711 4807 Nec
2737 4750 2874 4804 alter
2900 4749 3232 4819 conspicitur
3258 4749 3398 4803 inter
3431 4757 3577 4802 tanta
3602 4762 3727 4819 spa-

543 4817 852 4894 guiuolenla
878 4828 1119 4883 brachia.
1147 4829 1208 4885 Et
1238 4828 1469 4882 alternat
1498 4840 1709 4894 equum
1736 4822 2056 4879 commissus
2085 4817 2133 4876 Ι)
2179 4830 2211 4855 ⁵
2229 4826 2323 4889 tia,
2349 4838 2449 4894 nec
2473 4820 2635 4876 habet
2663 4820 2895 4894 colorem
2924 4817 3111 4894 majori
3140 4817 3271 4894 fato.
3319 4819 3532 4894 Natant_
3559 4818 3722 4894 atria,

543 4893 1175 4967 totisviribusmultilidis
1189 4899 1445 4966 mirisque
1459 4893 1628 4950 modis
1641 4896 1784 4967 intus
1797 4894 2056 4967 forisque,

543 4962 1262 5048 lfoldlquacumqucpotest
1289 4962 1542 5048 poinpare
1566 4982 1623 5020 se
1645 4964 1842 5021 minaci
1866 4962 2057 5052 cornu.

2228 4886 2378 4959 rura,
2412 4893 2626 4957 domus,
2680 4886 3023 4961 tabulaeque;
3045 4889 3251 4961 limina,
3282 4897 3491 4961 postes;
3520 4888 3596 4961 ἰιιΔ
3616 4886 3724 4940 alta

2231 4956 2375 5031 tabe,
2399 4963 2717 5052 madescunt
2741 4956 2986 5052 sublimia
3012 4976 3164 5052 saxa.
3183 4956 3430 5052 Uir—lique
3452 4967 3558 5052 stat
3574 4956 3724 5052 fusus
