3986 5444
244 354 313 411 33
1644 343 2053 409 CllRONlCON.
3405 359 3474 415 58

245 462 385 535 giqu
437 459 823 517 Normauicum
868 459 1341 523 hediflcantes,'et
1389 458 1615 515 navibus
1652 458 1805 527 juxta
1836 471 1882 529 Α
1910 462 2146 525 choavil,
2193 462 2245 515 in
2299 470 2478 516 monte
2520 460 2773 533 Gargano
2812 465 3083 535 pervenit;
3128 466 3292 523 multa
3334 470 3474 525 dona

242 552 452 606 fluvium
472 566 575 620 que
598 552 667 605 de
689 550 870 605 Gallia
904 560 961 605 et
984 551 1050 605 de
1074 548 1362 605 Germania
1392 549 1805 620 septemtriona-

243 646 341 701 lem
364 645 496 715 (77),
521 652 574 698 ut
602 659 700 713 per
726 659 919 699 omnes
949 655 1134 715 portus
1154 652 1210 698 et
1230 643 1812 712 flumina;ubicumque

242 750 402 789 naves
426 737 755 791 stationibus
782 737 875 790 tali
908 736 1133 791 munitio
1159 736 1419 805 prece-pit.
1456 735 1523 789 lJt
1543 749 1637 805 per
1657 749 1811 789 mare

240 826 507 880 Adriatica
534 828 585 881 in
616 828 897 896 provincia
943 826 1157 882 Benetie
1202 841 1529 897 congregare
1551 826 1810 895 precepit.

241 914 438 970 Deinde
467 925 580 970 tota
606 917 755 971 ltalie
789 928 893 971 tam
916 917 1136 972 Benetie
1150 932 1419 987 quemque
1438 916 1677 986 Quilegie
1696 916 1812 988 (78)

240 1007 454 1072 finibus,
514 1024 609 1063 seu
668 1010 946 1075 Ravenne,
997 1010 1324 1074 Ariminum,
1380 1025 1704 1079 quamquam
1757 1018 1815 1064 et

238 1096 452 1150 Ancone
474 1096 809 1161 civitatibus,
838 1106 893 1152 et
915 1106 1103 1152 cuncta
1129 1098 1303 1151 litoris
1326 1098 1492 1151 maris
1514 1098 1807 1162 Adriatice,

238 1201 406 1255 usque
450 1188 522 1241 ad
551 1188 856 1243 Traversus
898 1203 1227 1259 congregare
1262 1188 1441 1259 jussit.
1502 1189 1569 1243 Et
1620 1200 1813 1246 cuncta

239 1279 399 1332 maris
430 1278 663 1335 Terrine
688 1279 823 1349 (79),
850 1280 1085 1351 Eugenio
1106 1280 1241 1350 (80),
1270 1280 1511 1343 Corsica,
1536 1279 1811 1344 Sardinia,

238 1365 433 1431 Pisani,
448 1368 897 1431 Centucellensis,
916 1368 1100 1434 Rome,
1115 1378 1170 1423 et
1186 1368 1440 1438 quiCQuid
1458 1367 1683 1438 Napulie
1696 1367 1814 1439 (81)

242 1453 431 1508 ﬁnibus
455 1456 699 1509 omnium
730 1457 1044 1527 navigarum
1089 1456 1374 1511 multitudo
1400 1456 1685 1512 collectum
1727 1465 1814 1511 est

240 1545 301 1598 ad
318 1544 645 1610 Traversus,
670 1556 932 1616 quantum
960 1545 1213 1617 deinceps
1237 1562 1408 1617 usque
1425 1546 1476 1601 in
1503 1555 1809 1617 presentcm

240 1638 375 1691 diem
402 1638 652 1692 invenire
683 1640 874 1708 potuit.
908 1638 1219 1694 Mitissimns
1268 1654 1399 1695 vero
1446 1656 1564 1706 rex,
1595 1650 1815 1711 accepta

242 1726 616 1782 benedictione
667 1728 977 1799 apostolicis
1023 1730 1208 1793 Leoni,
1258 1730 1311 1784 in
1344 1740 1532 1786 sancto
1587 1731 1819 1785 archan-

1914 550 2025 603 hibi
2054 551 2265 620 eptulit.
2295 549 2396 617 Qui
2428 566 2523 621 per
2550 551 2804 622 Neapolie
2828 553 3023 610 finibus
3047 569 3295 626 pergens,
3317 558 3476 613 Kala-

1911 637 2026 691 bria
2058 638 2251 692 feriorc
2273 638 2569 708 (83).usque
2590 641 2657 694 ad
2682 639 2979 696 Traversus
2996 646 3273 713 pervenit:
3293 648 3476 703 decies

1912 738 2127 783 centum
2178 738 2325 783 eteo
2352 730 2580 798 amplius
2608 746 2861 800 passuum
2907 733 3120 790 milibus
3142 733 3476 806 longitudine

1913 816 2225 892 porrigitur.
2272 815 2440 872 Iussit
2478 817 2590 871 fieri
2622 826 2810 888 pontes
2847 834 3007 890 super
3036 818 3212 877 mares
3240 824 3479 879 multitu-

1913 906 2117 971 dinem,
2148 922 2335 961 omnes
2358 907 2708 973 Francorum,
2747 917 2801 963 et
2827 908 3175 977 Saxonicum,
3203 922 3259 967 et
3287 913 3481 982 Bajua-

1913 996 2077 1059 rium,
2111 995 2544 1065 Aquitanioruut,
2578 996 3022 1065 Quassconicum,
3056 1000 3481 1070 Pannoniorum,

1912 1083 2230 1145 Avarorum,
2262 1084 2657 1151 Alamannium,
2707 1084 3199 1155 Langobardorum,
3241 1105 3473 1159 quorum

1914 1176 2089 1247 gentis
2116 1176 2401 1230 multitudo
2434 1175 2610 1231 nullus
2642 1186 2821 1247 potest
2844 1193 3056 1249 capere,
3085 1190 3209 1235 ante
3242 1198 3299 1237 se
3323 1184 3474 1239 exire

1913 1266 2186 1337 prccepit;
2223 1265 2616 1336 molieruntque
2665 1276 2859 1322 cuncte
2899 1268 3147 1323 nationes
3178 1277 3319 1326 terre
3344 1271 3479 1328 Grec

1915 1370 2122 1420 eorum,
2164 1364 2223 1408 ut
2275 1354 2435 1409 robor
2487 1369 2676 1409 eorum
2724 1371 2823 1425 pro
2868 1357 3070 1411 nichilo
3118 1370 3477 1429 computatus.

1914 1442 2287 1501 Collaudantes
2328 1453 2383 1500 et
2430 1444 2810 1501 benedicentes
2848 1444 3037 1512 Deum,
3080 1447 3171 1517 qui
3200 1448 3287 1502 via
3329 1459 3479 1506 recto

1916 1538 2100 1609 dirigit
2128 1536 2352 1603 Karulo,
2395 1551 2586 1593 servus
2615 1536 2759 1592 Petri
2796 1538 3053 1609 principis
3092 1541 3477 1610 apostolorum.

1914 1628 2049 1685 Cum
2096 1628 2374 1684 audissent
2415 1628 2464 1669 δ’
2494 1629 2675 1685 Aaron
2707 1644 2860 1699 reges
2909 1630 3215 1695 Persarum,
3246 1634 3335 1702 qui
3369 1634 3481 1704 (84)

1915 1729 2165 1790 esscepta
2216 1719 2360 1775 India
2417 1728 2586 1776 totum
2643 1722 2960 1791 penetrabat
3013 1722 3124 1792 (85)
3180 1721 3482 1791 Orientem,

242 1815 355 1886 gelo
382 1815 499 1886 (82)
529 1817 801 1882 ascendit,
849 1818 1078 1873 adorans
1105 1826 1159 1872 et
1199 1819 1496 1889 deprecans
1541 1820 1731 1884 Deum,
1755 1828 1813 1874 ιιι
1846 1811 1891 1870 Β
1920 1808 2080 1865 talem
2118 1808 2250 1864 feeit
2289 1810 2584 1865 amicitiam
2611 1819 2667 1865 et
2716 1811 3083 1878 concordiam,
3114 1821 3173 1865 ut
3200 1813 3281 1867 eis
3308 1813 3481 1883 gratia

240 1908 343 1962 iter
383 1922 542 1964 suum
573 1909 629 1963 in
652 1924 787 1979 pace
817 1909 1088 1981 dirigeret.
1122 1909 1236 1978 Que
1279 1910 1551 1981 profectus
1594 1914 1698 1968 iter
1725 1912 1811 1966 in-

309 2019 608 2075 instantum
636 2019 759 2092 sibi.
786 2019 1106 2091 Pariterque
1144 2029 1472 2092 concurrunt
1512 2037 1687 2092 reges,
1736 2021 1815 2075 la-

310 2089 891 2161 cessuntquegﬂartem
914 2089 1124 2145 emissis
1147 2091 1379 2156 viribus;
1398 2089 1654 2161 quoniam
1674 2094 1812 2147 bene

310 2160 583 2231 credituri
610 2159 716 2231 illis
769 2174 929 2229 posse
978 2176 1141 2231 unum
1200 2161 1340 2231 diem
1379 2159 1577 2231 (largiri
1635 2171 1807 2216 totum

311 2229 717 2302 orb_er_n._Redit
768 2229 1133 2302 unusquisque
1172 2229 1348 2302 acrior
1376 2229 1654 2302 laborisui
1685 2246 1812 2302 pro-

312 2299 497 2371 positi.
517 2299 583 2352 Et
596 2298 817 2371 tradunt
831 2300 1007 2369 plures
1020 2298 1118 2371 sua
1137 2299 1353 2371 vulnera
1371 2299 1516 2355 fatis.
1533 2300 1577 2356 0
1594 2298 1811 2371 paetum

314 2368 546 2422 telorum
605 2382 706 2422 nec
752 2367 868 2436 jam
924 2369 1242 2423 saturabile!
1301 2369 1474 2424 Labat
1530 2367 1815 2425 altercatio

313 2436 501 2492 Martis
531 2438 598 2510 ad
622 2453 846 2507 campos
872 2439 1110 2510 strigilis.
1149 2439 1390 2508 Namque
1423 2440 1556 2494 nihil
1579 2442 1815 2510 amplius

316 2515 494 2579 potest
522 2509 711 2579 vigens
740 2517 890 2579 stare
924 2509 1040 2562 urbi
1086 2520 1373 2579 superante
1419 2510 1605 2573 modo;
1642 2509 1817 2579 neque

313 2577 445 2639 vult,
466 2586 523 2631 ut
545 2577 716 2632 libere
738 2578 881 2631 laxet
899 2587 1090 2632 cuncta
1114 2577 1249 2633 colla
1276 2577 1445 2641 ferro,
1467 2577 1814 2649 receptetque

313 2655 541 2728 apertos
563 2656 765 2728 motus,
796 2648 1232 2728 congaudeatque
1276 2648 1813 2728 auxiliatrixphasta,

316 2716 599 2770 vibrando.
620 2716 814 2785 Stupet
837 2726 975 2770 terra
999 2716 1279 2786 campique
1300 2717 1525 2773 latentes
1548 2720 1647 2773 sub
1666 2728 1813 2785 cetu,

309 2787 791 2858 potuisse_urbem
824 2796 1006 2858 tenere
1033 2795 1233 2858 (tantus
1273 2789 1420 2841 viros
1471 2797 1633 2858 atque
1659 2798 1814 2858 extra

310 2844 537 2910 fudisse.
572 2854 671 2927 llic
697 2865 781 2911 est
804 2857 958 2927 ratio,
979 2857 1043 2909 ad
1064 2872 1197 2926 quas
1220 2872 1412 2927 manus
1434 2844 1607 2927 pottiit
1633 2844 1819 2911 tr’ium-

314 2927 453 2994 phus
509 2926 749 2990 venisse,
798 2925 842 2979 si
885 2925 1169 2994 supersunt
1209 2925 1330 2979 felix
1361 2925 1531 2981 vze'na.
1560 2927 1605 2982 Ο
1631 2938 1817 2983 vector

310 2996 571 3066 canorum
592 3004 650 3049 et
673 2996 844 3059 orbis,
869 3010 1028 3066 quem
1057 2996 1320 3049 commovi
1349 3011 1529 3064 prece,
1566 2998 1817 3066 permitte

317 3065 447 3118 mihi
466 3066 682 3134 roganti
707 3065 938 3130 veniam,
955 3066 1163 3120 dicendi
1184 3066 1264 3118 vel
1284 3066 1506 3135 aliquid,
1521 3065 1817 3136 adestoque

315 3136 663 3189 sanctissime
705 3136 900 3205 prmsul
954 3150 1074 3189 meo
1128 3136 1349 3190 auxilio.
1386 3137 1525 3191 Ecce
1580 3138 1819 3191 inestuat

317 3204 689 3285 indomiteque
708 3204 887 3285 tumet
913 3205 1235 3285 baccania‘”
1258 3221 1441 3285 regum
1473 3207 1816 3285 periturum:-
1843 3221 1890 3285 α

316 3288 405 3327 sos
432 3275 599 3328 orbes
629 3273 904 3347 Mavortis,
927 3284 979 3329 et
1001 3275 1150 3347 angit
1174 3273 1609 3347 fortunam,(fol.
1634 3276 1691 3347 2)
1715 3292 1811 3346 per

316 3354 375 3398 se
395 3358 572 3417 neque
606 3343 773 3417 relabi
798 3360 903 3417 quo
933 3345 1055 3417 velit
1083 3343 1227 3414 ipsa.
1273 3347 1339 3398 At
1368 3343 1589 3417 econtra
1618 3343 1817 3417 (magis

322 3413 566 3468 continet
621 3430 679 3467 se
721 3412 945 3468 Carolus
994 3412 1304 3483 imperator,
1358 3425 1416 3468 ut
1461 3414 1635 3480 fortis,
1679 3412 1818 3472 fix'us

317 3483 525 3605 Eetate
538 3482 831 3548 Tonantis,
853 3499 1009 3553 quem
1034 3482 1245 3553 semper
1265 3484 1470 3539 sciebat
1496 3495 1816 3555 praesentem

372 3568 639 3605 rtzumaue
687 3551 735 3584 “
763 3554 1088 3605 instigatque
1142 3555 1394 3605 ardentes
1424 3571 1617 3605 manus
1645 3557 1814 3605 amori

372 3568 639 3624 rgumque
687 3551 735 3584 “
763 3551 1088 3624 instigatque
1142 3551 1394 3609 ardentes
1424 3551 1617 3610 manus
1645 3557 1815 3610 amori

314 3622 627 3693 bellorum;
658 3622 931 3693 necrcogi't
972 3622 1205 3678 formido
1255 3625 1407 3693 sequi
1439 3634 1547 3678 tam
1578 3625 1815 3680 validum

324 3707 502 3764 regem
536 3692 634 3764 sed
660 3692 808 3764 cogit
831 3692 982 3747 mens
1006 3692 1430 3761 praecedereJSe
1457 3710 1661 3764 proque
1683 3696 1821 3750 tollit

318 3760 519 3815 lumina
547 3761 616 3814 ad
647 3760 850 3826 sidera,
878 3760 1051 3818 soluta
1082 3764 1127 3804 ³⁵
1148 3765 1387 3817 mananti
1413 3760 1535 3821 rore
1564 3760 1818 3819 lacrima-

314 3846 454 3893 rum,
474 3832 864 3904 humectatque
883 3848 1048 3903 genas
1071 3850 1083 3886 :
1108 3848 1175 3887 ne
1200 3834 1452 3903 tripudiet
1466 3848 1597 3904 gens
1612 3835 1818 3891 offensa

314 3915 551 3975 superno
602 3900 717 3975 regi
742 3900 931 3975 palma,
972 3900 1312 3975 receptetque
1350 3900 1576 3974 supérba
1624 3906 1817 3975 spolia.

316 3969 344 4041 ς
374 3969 1019 4041 υριίιιθιρὺιίευὺιὶιιιίδ
1045 3969 1184 4041 equo
1209 3969 1368 4041 quem
1400 3969 1626 4029 redemit
1651 3969 1821 4030 inulta

311 4038 483 4116 caede,
500 4038 714 4116 medias
733 4040 1017 4116 phalanges
1043 4038 1301 4097 mucrone
1321 4044 1477 4116 docili
1498 4058 1817 4116 poenarum;

315 4120 371 4182 et
426 4110 536 4182 huc
578 4109 812 4182 illucque
857 4109 1088 4165 seminat
1133 4120 1356 4182 mortes.
1400 4109 1541 4182 Ergo
1596 4109 1825 4170 reitiutit

310 4179 792 4253 elumbesdestne
812 4195 981 4245 arma,
1006 4183 1203 4253 quibus
1227 4181 1273 4212 “
1298 4179 1527 4253 negattir
1556 4192 1616 4253 ut
1644 4190 1818 4250 stent;

316 4248 535 4324 labo_rat
574 4248 798 4324 belliger
817 4248 1046 4324 eventus;
1065 4248 1394 4324 emulusque'
1429 4253 1561 4308 ordo
1587 4248 1821 4324 fatorum

319 4318 578 4389 conferre
609 4318 737 4389 acre
762 4319 967 4389 senium
1015 4320 1171 4375 Borel
1212 4318 1403 4389 patris,
1444 4324 1646 4377 homini
1672 4322 1823 4383 vafro

310 4402 416 4510 ger
442 4388 693 4442 incendia
706 4402 912 4458 pugnat.
928 4388 1035 4444 Nec
1059 4388 1231 4454 mora,
1251 4391 1498 4446 hauritur
1519 4392 1823 4450 subsistens

355 4472 521 4510 ospes
570 4459 814 4510 corporis
861 4458 905 4489 ³⁷
953 4475 1050 4510 uer
1081 4461 1374 4510 munimina
1425 4462 1583 4510 clinei
1628 4473 1682 4510 et
1727 4479 1823 4510 nm-

355 4472 521 4534 ospes
570 4459 814 4534 corporis
861 4458 910 4534 ’1
953 4475 1050 4529 per
1081 4461 1375 4534 munimina
1425 4462 1584 4532 clipei
1628 4473 1682 4518 et
1727 4479 1826 4534 per

319 4526 556 4580 trilicem
600 4527 933 4601 tunicam”,
954 4526 1355 4601 summittitque
1382 4526 1561 4601 caput,
1588 4534 1681 4586 sed
1702 4526 1825 4587 v'er-

318 4606 513 4649 tuntur
536 4610 697 4649 crura
727 4597 778 4650 in
807 4596 995 4661 altum,
1026 4596 1301 4664 cadendo;
1351 4596 1509 4655 modo
1537 4603 1823 4657 dehiscunt

315 4664 457 4718 colla
486 4664 762 4742 confracta
787 4668 922 4721 solo.
973 4667 1225 4742 Respirat
1258 4667 1557 4742 Wibelinus
1592 4672 1636 4703 ”
1665 4673 1822 4742 agilis

323 4735 1107 4827 :tjl‘lldaAELIl‘ll‘e—r‘P-i‘ll;1:359"ll
1118 4739 1596 4827 suovi‘rtutensed
1622 4735 1823 4827 supper

318 4803 487 4878 mole,
539 4803 946 4878 conpensandus
963 4807 1061 4878 Ain__
1080 4808 1259 4878 omnia
1308 4803 1670 4878 ferro’judice.
1687 4803 1841 4866 ’ὧι-δ

318 4874 597 4933 cumdeth
627 4889 790 4928 unum
815 4892 846 4929 e
865 4875 1007 4931 natis
1027 4874 1186 4931 Borel
1209 4877 1343 4942 visu,
1374 4874 1557 4950 procul
1585 4879 1824 4937 fremen-

1920 1904 2037 1975 ejus
2050 1904 2289 1960 omnium
2314 1905 2405 1974 qui
2426 1905 2477 1958 in
2494 1912 2607 1960 toto
2627 1903 2758 1959 orbe
2781 1910 3046 1958 terrarum
3061 1912 3236 1967 erant,
3262 1919 3484 1975 regnum

1981 2026 2090 2074 tem
2120 2018 2262 2074 inter
2291 2017 2433 2076 mille
2459 2018 2696 2088 patiente
2731 2019 2939 2073 dextra.
2976 2018 3193 2088 Rumpit
3227 2018 3330 2073 iter
3357 2019 3476 2075 telis

1981 2034 2090 2074 tem
2120 2034 2262 2074 inter
2291 2034 2433 2076 mute
2459 2034 2696 2142 patiente
2731 2034 2939 2073 uestra.
2976 2034 3193 2088 ttumptt
3228 2034 3330 2073 Iter
3357 2034 3476 2075 lens

1978 2089 2218 2144 intentus
2263 2089 2339 2144 illi
2391 2103 2456 2144 co
2493 2099 2785 2158 ortansque
2822 2103 3017 2158 equum
3049 2088 3157 2141 taln
3188 2090 3479 2151 monitore,

1983 2168 2038 2213 et
2082 2159 2525 2229 statimrdevenit
2578 2157 2712 2229 ante
2755 2173 2876 2211 eum
2912 2157 3246 2229 collocatque
3292 2174 3479 2214 ensem

1975 2229 2253 2284 ardentem
2282 2228 2425 2283 inter
2473 2228 2706 2282 medium
2739 2227 3001 2295 timporis.
3056 2228 3124 2282 Et
3163 2227 3427 2283 exfibulat
3453 2244 3486 2283 e

1982 2314 2080 2354 suo
2106 2314 2204 2353 usu
2233 2300 2521 2361 cervicem,
2544 2297 2631 2352 cui
2660 2297 2831 2366 magis
2864 2298 3174 2352 adhmrebat
3200 2307 3479 2366 totamque

1981 2368 2240 2423 medullat
2263 2369 2562 2438 utrimque;
2596 2366 2849 2422 occubuit
2878 2366 3054 2437 lingua
3087 2367 3324 2438 projecta
3362 2366 3483 2438 plus

1976 2453 2083 2509 uno
2108 2439 2261 2507 pede.
2292 2437 2319 2509 §
2347 2436 2601 2509 Pro’palat
2645 2438 2911 2492 sitibunda
2955 2436 3150 2508 cupido
3181 2436 3487 2509 laudis—Er-

1980 2508 2202 2589 naldnm
2230 2507 2423 2589 quanti
2447 2508 2607 2588 pretii
2654 2510 2745 2572 sit,
2775 2507 3088 2589 quantoque
3134 2518 3257 2589 actu
3308 2507 3478 2589 reful-

2008 2586 2114 2632 eat.
2161 2576 2426 2647 Quicquid
2452 2576 2615 2631 enim
2668 2587 2823 2646 parat
2863 2576 3104 2644 Bellona,
3139 2578 3348 2632 lacerat
3373 2586 3482 2630 tra-

2008 2595 2114 2632 eat.
2161 2595 2426 2647 υιιιςίιιιια
2474 2595 2615 2631 enun
2668 2595 2823 2646 parat
2863 2595 3104 2644 uenona,
3139 2595 3482 2632 taceraura-

1974 2595 2167 2727 fuitque
2199 2658 2256 2701 ut
2279 2648 2362 2702 leo
2400 2648 2541 2727 quod
2590 2648 2823 2727 reperiat;
2855 2647 2979 2727 dum
3010 2648 3217 2727 pridem
3256 2662 3486 2727 sapuere

1979 2718 2152 2771 sautia
2208 2716 2524 2772 commertia
2573 2716 2705 2771 dirie
2756 2716 2925 2770 faucis
2976 2716 3108 2770 nihil
3161 2717 3481 2785 praedarum.

1984 2786 2130 2841 Petis
2151 2797 2234 2843 est
2260 2802 2587 2856 cognoscere
2634 2788 2794 2840 alium
2836 2788 3085 2856 fraternae
3128 2786 3312 2856 stirpis
3357 2795 3511 2839 ante.

1984 2871 2113 2912 suos
2138 2854 2376 2919 obtutus,
2418 2856 2755 2925 acclinatque
2782 2854 3013 2925 habilem
3039 2856 3200 2909 atiem
3229 2854 3397 2909 hastae
3426 2857 3479 2909 in

1984 2926 2175 3007 ictum.
2199 2926 2449 3007 Declarat
2486 2922 2760 3007 “(foli
2792 2922 3113 3007 insatiabilis
3153 2926 3353 3007 cupido
3379 2926 3482 3007 hu:-

1980 3010 2137 3051 mane
2162 2996 2353 3059 laudis,
2385 2994 2577 3065 quanti
2596 2994 2754 3066 pretii
2785 2995 2857 3049 sit
2883 3005 3189 3066 quantoque
3221 2994 3487 3066 refulgent

1984 3075 2107 3121 actu
2154 3064 2467 3120 aninmsitas
2521 3064 2755 3120 Ernaldi.
2789 3064 3054 3134 Quicquid
3103 3065 3245 3119 enim
3276 3065 3481 3119 bellicae

1981 3136 2197 3191 virtutis
2219 3135 2385 3205 oflitio
2415 3144 2578 3205 natur
2618 3150 2774 3205 opus,
2804 3135 2856 3205 id
2900 3138 2966 3188 ab
2992 3149 3057 3188 eo
3079 3135 3219 3189 haud
3249 3137 3489 3205 segniter

1990 3206 2305 3277 completur.
2331 3202 2481 3259 Haud
2499 3202 2918 3277 secns'famelica
2940 3205 3118 3277 rabies
3147 3202 3492 3277 leonis—gres:

1989 3274 2141 3330 satur
2166 3286 2486 3346 occurrente
2518 3276 2618 3331 sibi
2648 3276 2847 3346 praeda,
2881 3289 3042 3346 quam
3074 3275 3245 3329 virtus
3266 3274 3487 3346 Ernaldi

1983 3361 2078 3415 per
2106 3346 2307 3416 praelia.
2336 3345 2461 3400 Post
2485 3345 2662 3400 multa
2698 3361 2823 3401 vero
2872 3345 3095 3416 feliciter
3113 3349 3252 3399 ‘aeta
3280 3345 3482 3415 aspicit

1986 3415 2252 3485 quendam
2276 3416 2531 3470 fraterna:
2579 3417 2726 3471 cedis
2773 3430 2943 3468 reum.
2979 3415 3077 3480 Qui
3111 3415 3186 3468 nil
3219 3426 3483 3485 moratus,

1988 3483 2219 3540 validam
2240 3486 2297 3543 in
2322 3487 2463 3540 hunc
2486 3493 2823 3540 contorserat
2850 3486 3076 3550 hastam,
3104 3485 3191 3538 cui
3220 3485 3420 3539 volanti
3442 3483 3487 3515 “

1995 3566 2149 3609 torax
2178 3557 2237 3609 fit
2262 3557 2480 3625 pervius
2503 3556 2834 3622 hostisJQuo
2857 3556 2963 3609 ictu
2994 3554 3269 3621 inpellitur
3290 3568 3486 3624 corpus

1993 3625 2203 3691 militis,
2233 3625 2441 3696 longius
2473 3626 2657 3680 decem
2680 3626 2724 3657 “
2756 3625 2972 3696 cubitis.
3003 3625 3198 3693 Sicque
3229 3638 3491 3696 excussus

1984 3710 2125 3764 equo
2176 3694 2343 3749 vitam
2388 3695 2676 3750 demiserat
2730 3709 2880 3749 orco.
2931 3694 3199 3749 Prtelet‘ca
3250 3694 3494 3764 succedit

1988 3763 2128 3820 bello
2175 3764 2456 3819 Bertrandi
2513 3764 2780 3820 horrenda
2823 3779 3044 3830 manus;
3093 3779 3216 3833 quae
3255 3763 3489 3817 validam

1990 3834 2336 3890 formidinem
2370 3835 2672 3904 incusserat
2712 3835 2977 3899 hostibus,
3008 3834 3280 3904 armisque
3308 3833 3493 3887 ferati-

1995 3905 2097 3959 bus
2144 3905 2279 3959 dura
2331 3905 2422 3958 dat
2470 3903 2581 3958 fata
2626 3905 2809 3959 multis
2862 3903 3206 3959 mortalibus.
3267 3906 3494 3958 Dextera

1995 3989 2187 4043 nempe
2206 3973 2448 4045 palatini,
2485 3974 2613 4028 nulli
2646 3975 2878 4045 hostium
2911 3987 3133 4045 parcere
3176 3974 3371 4045 suevit,
3402 3987 3495 4026 ve-

1989 4042 2241 4112 niamque
2286 4054 2533 4097 orantem
2586 4058 2709 4097 mox
2755 4044 2900 4096 ensis
2929 4042 3147 4112 reliquit
3169 4044 3492 4107 exanimem.

1988 4110 2171 4169 Forte
2193 4114 2388 4167 dantur
2416 4114 2518 4167 sibi
2556 4114 2727 4181 obvia
2762 4113 2903 4166 trina
2949 4110 3207 4179 juvcnum
3236 4126 3493 4181 corpora,

1994 4198 2221 4253 quorum
2252 4183 2398 4253 prior
2422 4182 2693 4253 paululum
2718 4180 2764 4212 “
2790 4182 3046 4253 resistens
3075 4182 3264 4253 durant
3292 4180 3491 4253 ibidem

1992 4250 2203 4309 iittterat
2242 4250 2774 4323 rinorteinaNamque
2820 4251 3058 4306 terribile
3100 4252 3278 4321 fulgur
3327 4251 3492 4323 gladii

1994 4338 2092 4392 per
2134 4322 2366 4378 medium
2413 4320 2863 4393 capitisgguturis
2907 4320 3232 4393 antrumque
3259 4320 3497 4393 pectoris

1998 4390 2346 4462 urnbilicique
2368 4394 2591 4461 recepit.
2621 4390 2923 4461 Egestaque
2946 4390 3175 4455 viscera,
3206 4390 3501 4462 itrgreniio

1995 4460 2313 4517 delabuntur
2342 4460 2594 4531 tepentia.
2641 4460 3044 4532 Negatqnippe
3077 4462 3237 4515 trilex
3290 4460 3496 4523 (tritica,

1997 4534 2123 4588 atiei
2170 4529 2427 4601 reponere
2452 4529 2751 4585 obstacula.
2783 4529 2896 4586 Nec
2935 4529 3129 4586 sufﬁcit
3156 4547 3282 4586 vero
3308 4532 3500 4601 humao

1998 4618 2126 4682 num
2155 4600 2492 4682 inici-emisse
2522 4617 2750 4682 corpus;
2778 4616 2965 4682 verum
2996 4603 3160 4682 etiam
3189 4600 3499 4682 equusyita

1989 4671 2263 4726 invenitur
2307 4672 2569 4741 privatus.
2621 4669 2906 4741 ’Supcrfuit
2946 4673 3094 4724 enim
3142 4669 3498 4741 cnsi,spinas

1996 4742 2201 4811 partire
2224 4740 2450 4805 caballi;
2502 4741 2826 4809 tandemque
2853 4740 3067 4811 elapsus
3111 4750 3269 4794 terra:
3318 4740 3496 4793 medio

1991 4810 2150 4866 tenus
2178 4812 2446 4879 reperitur
2470 4811 2747 4875 incussus;
2776 4825 2935 4879 quem
2963 4810 3299 4879 Bertrandus
3328 4818 3498 4862 retra-

1992 4883 2149 4947 hens,
2169 4878 2412 4936 residuos
2442 4882 2693 4937 versabat
2713 4882 2767 4937 in
2791 4878 2995 4935 hostes.
3024 4878 3133 4934 Nec
3158 4893 3334 4942 mora,
3352 4886 3502 4946 patet

1558 4996 1796 5057 VARIE
1827 4995 2227 5056 LECTIONES.

324 5081 373 5113 ³³
408 5082 452 5157 i._
493 5099 541 5136 e.
579 5080 747 5137 furor.
817 5085 862 5117 “
896 5086 1211 5157 largamque
1238 5104 1283 5141 c.
1358 5089 1403 5122 ⁸⁸
1436 5089 1629 5147 scilicet
1658 5090 1864 5148 lumina
1890 5104 1938 5142 c.

254 5150 300 5182 ⁸⁸
344 5153 580 5207 lonicam
634 5170 769 5209 corr.
832 5150 1070 5212 tunicam
1114 5150 1160 5208 ὁ.
1251 5157 1295 5189 ²⁹
1334 5161 1409 5215 ita
1465 5162 1642 5219 codex.

256 5220 303 5251 δ’
347 5222 550 5275 ualanti
582 5238 629 5274 ε.
698 5222 748 5253 ⁸³
785 5222 850 5278 Χ.
879 5243 925 5279 c.
1004 5225 1052 5256 “
1088 5224 1392 5294 palulumc.

1749 5160 1797 5193 ιο
1836 5158 2110 5215 audissent
2168 5176 2304 5214 corr.
2355 5163 2597 5218 audisset
2624 5180 2672 5220 c.

2828 5091 2872 5123 ³⁷
2912 5090 2952 5143 i.
3002 5104 3050 5141 e.
3104 5084 3286 5138 anima
3322 5080 3508 5136 codex.

2772 5158 3030 5228 “incipit
3084 5169 3278 5207 manus
3336 5153 3518 5208 tertia.

2034 5090 2080 5121 "
2116 5092 2155 5144 i.
2206 5107 2251 5144 e.
2298 5089 2507 5147 dextris
2541 5093 2724 5147 codex.

248 5310 270 5419 ἰ
1694 5336 1935 5400 NOTAE.
