3986 5444
1549 222 1907 280 BENEDICTI
1942 225 1998 282 s.
2035 197 2340 284 inausa:
2379 227 2683 286 MONAClii
3657 230 3730 286 ss

480 338 568 395 ad
594 336 896 409 principum
927 336 1183 392 'amicitia
1213 346 1554 407 preponeret,
1606 339 1887 410 solumque
1916 339 2063 395 illum
2089 349 2136 405 Α
2167 342 2540 403 benedictione
2566 341 2857 413 apostolica
2887 351 3132 414 accepta,
3160 352 3216 400 et
3234 358 3265 399 a
3294 352 3490 403 etincto
3541 349 3739 420 populo

477 429 832 537 ilionoreliac
860 427 1289 537 muniﬁcentiam
1316 428 1416 485 sibi
1448 428 1737 530 colendum
1772 429 2064 537 judica'ret.

476 517 585 579 »Ἀθ
632 519 824 575 deinde
878 518 945 572 ad
996 517 1422 575 sacratissimum
1471 518 1671 573 domini
1730 519 1834 574 hac
1887 518 2066 574 salva-

474 612 636 669 :toris
698 609 867 665 nostri
926 606 1053 663 Jesu
1113 607 1315 662 Christi
1375 607 1719 677 sepulchrum
1784 607 2072 678 locumque

470 701 912 760 -resurrectionis
940 701 1282 766 advenisset,
1309 707 1611 768 ornatoque
1636 713 1856 755 sacrum
1890 698 2070 769 locum

471 808 631 851 .suro
684 790 1035 862 gemmisque,
1105 789 1267 843 etiam
1340 788 1594 845 vexillum
1647 803 1876 845 aureum
1933 788 2070 844 mire

497 880 881 951 magnitudinis
941 878 1222 948 imposuit;
1290 890 1395 933 non
1460 878 1633 933 solum
1683 887 1881 935 cuncta
1948 877 2067 934 loca

497 954 684 1028 sancta
738 969 1034 1033 decoravit,
1082 967 1178 1023 sed
1239 970 1404 1023 etiam
1466 983 1688 1039 presepe
1744 968 1965 1026 Domini
2009 976 2068 1026 et

478 1060 841 1130 sepulchrum
887 1072 991 1127 que
1028 1056 1292 1129 petierant
1334 1056 1379 1088 “
1424 1056 1604 1113 Aaron
1652 1072 1770 1120 rex,
1822 1066 2067 1130 potesta-

500 1154 573 1209 tis
618 1152 734 1221 ejus
786 1150 1058 1207 ascribere
1108 1149 1378 1204 concessit
1431 1146 1566 1219 (86).
1611 1145 1820 1213 Quanta
1866 1154 2065 1214 vestes,

496 1257 556 1305 et
615 1251 888 1308 aromata,
951 1250 1007 1296 et
1069 1250 1280 1296 ceteras
1347 1239 1728 1295 horientalium
1799 1249 2067 1297 terrarum

471 1353 627 1410 zopes
673 1335 930 1406 ingentia,
974 1341 1031 1387 et
1073 1331 1210 1386 dona
1254 1329 1456 1386 Karulo
1480 1329 1774 1386 concessit!
1808 1331 2067 1387 Vertente

499 1430 681 1499 igitur,
720 1424 1172 1498 prudentissimus
1194 1436 1289 1476 rex
1320 1436 1445 1476 cum
1481 1423 1661 1477 Aaron
1688 1437 1783 1477 rex
1810 1437 1982 1493 usque
2009 1421 2062 1476 in

470 1519 823 1576 Alexandria
856 1514 1124 1587 pervenit.
1158 1512 1358 1581 Sicque
1402 1511 1722 1567 letillcantes
1752 1512 1977 1569 Francis
2009 1521 2066 1567 et

471 1608 815 1681 .Aggarenis,
845 1607 998 1676 quasi
1039 1602 1462 1674 consanguineis
1506 1612 1671 1658 esset.
1720 1601 2063 1671 Dimissoque

2152 434 2414 490 Romano
2460 444 2688 506 augusto
2729 442 2813 490 est
2861 435 3176 506 appellatus,
3234 437 3395 492 simul
3447 454 3573 494 cum
3608 442 3729 509 ipso

2168 524 2422 594 pontiﬁce
2447 540 2617 595 usque
2639 527 2704 580 ad
2736 533 2947 581 montes
2975 524 3215 597 Syrapti,
3242 527 3311 582 ad
3339 529 3734 586 monasterium

2142 614 2342 669 .sancti
2379 612 2624 670 Silvestri
2677 614 2909 669 devenit.
2969 615 3169 672 Deinde
3220 616 3287 672 ad
3336 619 3729 675 monasterium

2140 704 2339 764 ,sancti
2368 703 2596 760 Andreas
2621 721 2744 760 cum
2777 704 3030 774 pontifice
3059 720 3271 762 summo
3292 707 3474 774 adest;
3507 709 3599 779 qui
3629 724 3722 767 ro.

2168 804 2327 867 gatus
2368 796 2659 867 imperator
2684 797 2750 852 ad
2781 796 3052 866 pontiﬁce,
3084 805 3144 853 ut
3179 797 3568 870 aliquantulum
3604 801 3732 859 reli-

2141 885 2415 957 quiarum
2444 887 2511 943 de
2537 901 2764 957 corpore
2789 887 2961 942 sancti
2986 888 3213 945 Andrea:
3242 891 3467 960 apostoli
3494 890 3550 947 in
3576 892 3725 948 hunc

2144 976 2553 1039 _monasterium
2576 978 2998 1034 consecrationis
3025 980 3404 1045 constitueret;
3433 980 3587 1052 cujus
3604 981 3732 1039 loco

2140 1066 2376 1136 .positus
2405 1074 2489 1121 est
2517 1066 2570 1120 in
2596 1066 2741 1122 hunc
2766 1067 3151 1123 monasterium
3196 1070 3503 1126 venerabile
3546 1071 3730 1128 ecclec

2166 1159 2281 1223 size,
2315 1168 2441 1228 aput
2469 1172 2569 1214 nos
2596 1158 2926 1230 incognitum
2971 1166 3073 1216 est.
3109 1155 3293 1217 Victor
3334 1170 3391 1216 et
3435 1172 3730 1220 coronatur

2166 1253 2528 1323 triumphator
2565 1268 2661 1310 rex
2702 1255 2756 1310 in
2785 1254 3015 1311 Francia
3055 1264 3139 1311 est
3179 1270 3448 1313 reversus.
3493 1256 3591 1325 Qui
3620 1256 3732 1329 (88)

2148 1358 2293 1399 .cum
2324 1353 2504 1401 tantus
2532 1345 2586 1400 in
2622 1345 2930 1416 ampliando
2955 1361 3125 1417 regno
3142 1359 3198 1402 et
3222 1347 3512 1416 suiuiciens
3539 1347 3736 1403 esteris

2144 1432 2472 1490 .nationibus
2516 1435 2756 1501 sisteret,
2798 1443 2852 1492 et
2881 1436 2934 1490 in
2984 1434 3244 1503 ejusmodi
3290 1435 3736 1508 occupationibus

2141 1524 2382 1580 assidue
2405 1533 2736 1580 versaretur.
2767 1524 2866 1592 Qui
2894 1525 3109 1594 longum
3136 1541 3233 1596 per
3247 1525 3492 1581 ordinem
3508 1524 3735 1580 multum

2164 1624 2250 1670 est
2295 1608 2575 1682 enarrare,
2618 1631 2763 1674 nunc
2809 1616 3101 1673 breviando
3134 1616 3500 1689 adtingamus.
3532 1616 3738 1673 Deinde

474 1711 580 1757 .est
609 1700 787 1754 Aaron
826 1714 917 1753 rex
949 1712 976 1751 a
1000 1695 1200 1750 Karqu
1227 1694 1418 1764 Magno
1448 1694 1502 1747 in
1534 1707 1666 1763 pace
1689 1709 1711 1759 ;.
1751 1692 1804 1746 in
1840 1693 2063 1762 propria

2162 1721 2286 1761 cum
2312 1706 2505 1761 matris
2531 1716 2745 1765 ortatus
2774 1708 2938 1762 ﬁliam
2990 1708 3273 1773 Desiderii,
3312 1717 3442 1775 etc.,
3493 1718 3737 1779 excerpta

468 1807 592 1845 :sua
616 1796 700 1846 eet
740 1802 1011 1845 reversus.
1061 1786 1175 1840 Rex
1231 1783 1505 1856 piissimus
1551 1793 1715 1851 atque
1762 1781 1940 1845 fortis,
1993 1781 2060 1836 ad

476 1878 1090 1951 Constantinopolitano
1143 1877 1390 1940 hurbem,
1437 1873 1720 1930 Nacil‘orus
1768 1872 1911 1944 (87),
1962 1872 2062 1926 Mi-

495 1971 713 2037 chahcl,
741 1971 783 2025 it
821 1969 950 2034 Leo,
983 1967 1336 2023 formidantes
1379 1968 1536 2037 quasi
1569 1965 1853 2036 imperium
1883 1964 1932 2022 ei
1956 1965 2061 2018 eri-

492 2066 623 2135 pere
665 2062 841 2127 vellet,
895 2060 1047 2115 valde
1093 2060 1194 2114 sub
1245 2067 1467 2130 sceptu;
1531 2074 1639 2128 quo
1695 2058 1912 2130 cognito
1966 2071 2064 2112 rex
2146 2086 2147 2097 ι

494 2154 784 2209 formidine
814 2167 1021 2215 eorum,
1050 2159 1265 2220 pactum
1295 2158 1350 2205 et
1376 2148 1529 2205 l‘edus
1570 2150 1935 2205 ﬁrmissimum
1960 2164 2062 2219 po-

467 2245 602 2301 .suit
631 2244 773 2299 inter
795 2257 874 2305 se,
902 2251 960 2296 ut
984 2241 1128 2295 nulla
1175 2238 1315 2296 inter
1348 2252 1530 2310 partes
1557 2241 1779 2296 cuilibet
1820 2241 2063 2333 scaudali

494 2341 801 2389 remaneret
831 2332 1066 2386 occasio.
1100 2330 1228 2385 Erat
1274 2331 1416 2385 enim
1459 2345 1673 2400 semper
1722 2330 1979 2385 Romanis
2007 2330 2063 2385 et

493 2425 683 2481 Grecis
709 2425 1040 2479 Francorum
1070 2429 1319 2492 suspecta
1349 2421 1613 2491 potentia.
1649 2420 1800 2476 Unde
1831 2429 1885 2476 et
1911 2420 2059 2476 illum
2138 2422 2139 2425 “

462 2515 722 2572 -Crecnm
770 2524 852 2568 est
886 2513 951 2567 ad
995 2512 1339 2589 proverbium
1373 2528 1387 2564 :
1417 2523 1537 2568 TON
1585 2520 1819 2568 spanos
1875 2521 2059 2570 suum

468 2614 654 2669 ειυς,
677 2613 852 2661 ITONA
876 2614 997 2661 om
1018 2610 1179 2658 EXLC.
1202 2601 1355 2669 Quod
1384 2601 1558 2655 Latini
1589 2601 1771 2657 tlinum
1794 2599 2062 2658 :Francos

406 2727 409 2730 ι
463 2695 652 2751 'abeto
673 2696 896 2748 amicos.
928 2692 1029 2760 Qui
1075 2708 1199 2746 mox
1231 2693 1528 2762 imperator
1571 2706 1691 2746 cum
1739 2700 1941 2761 quanta
1967 2692 2062 2747 do-

469 2786 582 2846 'uis
609 2786 655 2818 ⁸⁸
691 2795 745 2841 et
770 2800 1016 2850 munera,
1060 2792 1115 2839 et
1161 2783 1554 2854 aliquantulum
1584 2783 1649 2839 de
1671 2798 1900 2853 corpore
1931 2799 2060 2838 san-

491 2877 573 2932 cti
592 2876 820 2931 Andreae
845 2874 1099 2945 apostoli,
1134 2873 1201 2928 ad
1233 2874 1651 2944 imperatoribus
1677 2872 2060 2929 Constantino-

490 2966 652 3037 polim
684 2973 925 3035 accepto,
961 2964 1015 3018 in
1040 2963 1186 3019 Italia
1215 2972 1300 3018 est
1321 2978 1590 3018 reversus.
1616 2964 1787 3018 Roma
1816 2963 2055 3029 veniens,

2174 1794 2306 1851 Vita:
2336 1794 2538 1862 Caroli,
2565 1814 2714 1868 capp.
2744 1798 2830 1863 18,
2861 1798 2949 1866 l9,
2967 1797 3058 1863 20,
3080 1798 3175 1865 22,
3197 1797 3288 1866 30,
3310 1798 3373 1853 5|
3408 1798 3549 1854 e132
3574 1812 3739 1869 usun

2138 1903 2325 1953 _anno,
2379 1888 2672 1946 indictione
2724 1898 2912 1957 sexta,
2968 1889 3155 1960 quinta
3222 1888 3343 1945 Ital.
3402 1888 3735 1946 Februarias

2163 1976 2274 2049 (an.
2305 1978 2453 2051 8H).

2163 2112 2272 2167 llos
2292 2113 2402 2184 (89)
2428 2112 2521 2168 tibi
2544 2111 2834 2169 versiculos
2855 2111 2921 2168 ad
2942 2108 3175 2178 laudem,
3197 2111 3431 2169 maxime
3458 2110 3732 2183 princeps,

2235 2202 2414 2258 Edidit
2436 2212 2677 2259 eternam
2708 2203 3136 2272 memoriamque
3162 2211 3309 2259 tuam

2161 2293 2483 2351 Benedictus
2504 2294 2731 2365 supplex
2758 2292 2992 2350 tantulus
3013 2306 3282 2365 monaque
3308 2291 3444 2364 (90),
3465 2290 3556 2362 qui
3579 2303 3731 2346 men-

3269 2381 3404 2455 [tem
3428 2381 3659 2453 benigna

2232 2476 2515 2547 Egr'eﬁum
2536 2475 2726 2531 extulit
2750 2490 2942 2531 nomen
2966 2475 3033 2531 ad
3058 2483 3209 2531 astra
3239 2483 3409 2529 tuum.

2163 2567 2312 2624 L'auc
2348 2567 2581 2639 prudens
2606 2577 2813 2639 gestam
2843 2568 2992 2624 noris
3023 2576 3082 2623 tu
3108 2566 3347 2623 scribere
3375 2565 3563 2622 lector.

2227 2696 2319 2752 ἓξ.
2361 2694 2419 2751 in
2449 2696 2552 2752 hoc
2577 2711 2706 2751 vero
2735 2704 2975 2767 tempore
2997 2694 3178 2752 missis
3199 2694 3429 2750 domnus
3451 2692 3722 2749 Loduicus

2130 2778 2364 2858 legatos
2392 2801 2519 2843 suos
2558 2786 2920 2841 renovandum
2973 2782 3297 2841 Norbcrlum
3347 2783 3646 2856 tepiscopus
3682 2798 3719 2838 a

2159 2877 2393 2935 Leonem
2438 2878 2814 2950 imperatorem
2852 2875 3405 2946 Constantinopolim,
3447 2876 3720 2933 amicitias

2162 2983 2345 3023 secum
2375 2974 2428 3021 et
2464 2967 2760 3036 predictum
2794 2973 3013 3033 pactum
3041 2965 3464 3020 conﬁrmandum
3494 2964 3715 3019 direxit.

457 3042 546 3130 ρει
587 3059 723 3114 dona
752 3057 1080 3127 amplissima
1123 3056 1282 3112 beato
1328 3055 1488 3111 Petro
1512 3055 1813 3120 constituit,
1842 3054 2058 3110 ordina-
2084 3038 2128 3099 (ἶ
2159 3058 2427 3128 Abitoque
2453 3056 2823 3128 Aquisgranis,
2846 3064 2975 3123 etc.,
3006 3067 3245 3122 excerpta
3273 3056 3555 3110 Annalium
3582 3052 3730 3110 Latt-

463 3156 652 3217 ,taque
678 3146 818 3203 Urbe
846 3147 916 3211 ⁸⁷,
946 3155 1000 3202 ct
1031 3148 1210 3200 omnia
1238 3145 1535 3215 Pentapoli.
1564 3152 1620 3200 et
1646 3144 1907 3200 Ravenue
1937 3145 2059 3199 liui-

490 3238 595 3295 bus
614 3254 706 3293 seu
736 3237 950 3304 Tuscie,
968 3238 1152 3292 omnia
1182 3239 1234 3291 in
1263 3238 1541 3308 apostolici
1569 3238 1892 3308 potes'tatibe
1920 3252 2053 3295 cou-

490 3330 671 3386 cessit.
694 3326 906 3385 Gratias
931 3342 1095 3401 agens
1118 3328 1228 3384 Deo
1255 3336 1309 3382 et
1332 3328 1701 3399 apostolorum
1723 3328 1970 3400 principi,
2006 3340 2061 3383 et

464 3481 467 3484 ν
562 3462 806 3517 internus
851 3461 1045 3516 humor
1075 3466 1131 3531 et
1173 3459 1395 3531 additur
1434 3457 1553 3531 (fol.
1599 3458 1655 3531 5)
1710 3474 1876 3531 aurze.
1916 3458 2056 3531 Quin

557 3533 727 3611 etiam
746 3540 1071 3611 rumpuntur
1097 3529 1253 3611 fortia
1275 3528 1619 3611 pltalerarum
1637 3528 1850 3584 ’vincula
1869 3541 1924 3585 et
1945 3530 2029 3584 cin
2042 3560 2062 3574 -

458 3620 463 3627 ’
564 3602 684 3672 gula
715 3598 991 3655 bratteolis
1014 3598 1353 3672 crepitantia.
1372 3598 1691 3672 “Grassatur
1719 3614 1933 3672 quoque
1964 3617 2059 3670 per

563 3669 872 3740 camporum
925 3669 1098 3740 spatia
1145 3669 1404 3740 Bernardi
1437 3669 1694 3740 terribilis
1731 3669 1977 3732 audatia,’
2012 3672 2058 3726 is
2131 3682 2139 3688 ‘

560 3738 755 3811 nempe
782 3738 982 3795 acriter
1010 3739 1312 3811 inserviens
1337 3738 1497 3811 Marti
1529 3738 1815 3811 multorum
1850 3750 2053 3811 morta-

566 3808 703 3866 lium'
745 3825 967 3879 corpora
1012 3808 1131 3865 luce
1157 3810 1408 3878 privavit.
1459 3808 1669 3879 Gaudet
1698 3809 1842 3865 enim
1886 3808 2057 3867 felicis

456 3888 466 3978 ί
562 3882 777 4006 ἷιὲεέτξ
802 3880 1032 4024 1ριιιιιιω,
1086 3893 1247 3977 quem
1297 3879 1377 3934 sic
1421 3878 1675 3934 sublimat
1735 3891 1892 3937 casus
1945 3882 2056 3936 lor-

458 3970 466 3978 ‘
566 3959 709 4006 luna:
732 3959 822 4006 ".I
1244 3972 1247 3977 '

586 4040 593 4049 ι
637 4018 1010 4090 Fragmentum
1045 4021 1142 4074 hoc
1177 4020 1245 4075 ad
1284 4020 1637 4090 narrationem
1683 4019 1748 4074 de
1792 4018 2057 4075 obsidione

566 4088 889 4163 Pampilona.
916 4109 1005 4163 an.
1033 4091 1133 4146 778
1158 4091 1412 4145 instituta:
1453 4088 1708 4163 periinere
1736 4091 1956 4163 ridetur,
1993 4091 2057 4163 de

462 4172 463 4179 ‘
565 4166 668 4236 (fita
694 4159 740 4218 et
771 4162 1059 4232 Turpinum
1097 4169 1494 4236 agere‘constat.
1528 4160 1649 4229 Agit
1679 4160 1814 4214 enim
1839 4159 1904 4236 de
1925 4160 2055 4236 bello

566 4226 812 4288 adversus
857 4226 1108 4302 paganos,
1133 4226 1298 4284 'orbis
1352 4226 1626 4302 terrarum
1655 4244 1773 4302 cum
1828 4226 2056 4302 Francis

567 4305 825 4367 dominos,
850 4297 905 4354 id
927 4297 1007 4353 est
1036 4299 1376 4354 Sarracenos.
1426 4297 1828 4367 Ernoldussire
1866 4297 2056 4351 Emol-

566 4374 664 4427 dus
684 4366 885 4441 videtur
904 4384 1013 4441 esse
1047 4367 1335 4441 Arnoldus,
1355 4382 1512 4441 quem
1544 4384 1683 4422 anno
1704 4366 1799 4441 781
1838 4368 2050 4441 Aquita-
2083 4382 2131 4441 ο

569 4444 670 4497 nia
695 4441 837 4511 regni
868 4436 1100 4511 bajulam
1126 4434 1685 4511 a__Carolo'iasl_ilutum
1725 4434 1852 4492 Vita:
1877 4434 2053 4511 Ludo-

568 4512 665 4569 vici
688 4504 871 4565 auctor
895 4504 1090 4578 tradit;
1115 4508 1255 4578 idem
1281 4507 1419 4578 apud
1469 4504 1754 4574 Turpinum
1783 4508 2048 4578 capp._ll,

568 4583 654 4648 ii,
682 4582 772 4647 30,
803 4577 1065 4634 Amoldus
1099 4579 1163 4632 de
1204 4575 1457 4648 Bell'anda
1504 4575 1892 4648 uocatus,_leste
1920 4575 2051 4648 Tur-

557 4644 696 4725 piuo,
714 4644 828 4721 cap.
843 4648 1245 4771 dhgrwcipttas
1261 4647 1313 4700 in
1326 4646 1703 4717 expugnatione
1725 4644 2050 4715 Pampilonm
2126 4652 2129 4653 ⁷

560 4731 730 4771 partes
776 4730 899 4771 east.
988 4718 1096 4771 oret
1143 4733 1247 4771 stre
1286 4716 1529 4770 Burellus
1570 4731 1739 4769 comes
1788 4730 1926 4768 anno
1946 4715 2049 4770 798

560 4715 730 4794 partes
776 4715 899 4791 egit.
939 4715 1247 4794 ‘Borel'sire
1286 4715 1529 4794 Dareum
1570 4731 1751 4794 comes
1788 4730 1926 4794 anno
1946 4715 2049 4794 798

565 4783 1108 4859 'Ausome'pra'fcclus,
1133 4803 1271 4859 anno
1296 4786 1399 4842 809
1438 4784 1756 4859 expeditioni
1781 4783 2052 4859 Hispania:

564 4852 1155 4931 iruerfuitfll’ibclinum
1182 4858 1402 4927 fortasse
1421 4852 1514 4926 pro
1542 4854 1756 4925 Turpini
1781 4852 2052 4908 Willerino

2162 3150 2465 3204 rissensium
2508 3164 2767 3203 annorum
2813 3147 3074 3214 814.824,
3113 3149 3241 3215 826,
3290 3147 3417 3215 827,
3465 3146 3602 3214 829ς
3645 3147 3733 3204 Itis

2158 3240 2508 3386 “1:20.815
2546 3329 2656 3403 (9i)
2690 3348 2702 3385 :
2733 3330 2878 3386 [uter
2917 3329 3031 3386 haec
3077 3329 3338 3400 quosdam
3384 3326 3720 3399 primoribus

2353 3460 2980 3600 άῖᾖεέηξὲιιξὲἕιῖᾶῖιέιξῗέί
3001 3456 3731 3597 ῧῖἓῗεεῗὲῂῗέῖἐὲἶοῐῗὲιέζὶ

2225 3602 2386 3671 textui
2410 3599 2710 3671 immisceri,
2737 3599 2950 3671 lectores
2974 3599 3130 3671 facile
3153 3599 3441 3671 advertant.

2299 3669 2366 3724 In
2385 3669 2563 3725 eadem
2604 3670 2901 3726 membrana
2923 3665 3018 3724 hos
3057 3666 3337 3727 versiculos
3366 3665 3587 3736 legimus
3607 3681 3629 3723 :

2461 3800 2490 3850 Ι
2502 3813 2680 3859 amque
2705 3812 2818 3850 sves
2839 3804 2888 3852 in
2911 3812 3006 3864 qua
3029 3798 3148 3848 silva

2402 3864 2684 3914 Gauitenter
2710 3875 2853 3912 voces
2882 3867 3177 3923 concrepant

2328 3948 2335 3953 -
2408 3924 2627 3975 Laudent
2642 3924 2789 3973 deum
2810 3922 3057 3975 humiliter

2402 3984 2635 4037 Referam
2658 3985 2750 4034 alta
2782 3985 2996 4044 graviter

2402 4048 2475 4098 'l‘u
2498 4046 2678 4096 christe
2698 4047 2954 4094 miserere.

2454 4109 2665 4158 Primum
2685 4108 2817 4155 diem
2851 4106 3143 4156 dominicum

2402 4168 2585 4230 Turtur
2606 4169 2758 4230 gemit
2780 4168 2827 4215 iu
2850 4166 2998 4214 hsera

2402 4227 2819 4289 Colonliafchriste
2842 4232 3022 4289 guture

2406 4292 2587 4339 Vocant
2602 4288 2749 4338 deum
2781 4289 2828 4338 in
2850 4288 3053 4351 pectore

2403 4352 2477 4402 Tu
2502 4352 2699 4400 ehriste.

2462 4412 2627 4463 Luuus
2644 4409 2754 4460 dies
2783 4422 2891 4459 cum
2922 4408 3100 4460 dicitur

2403 4473 2595 4533 Milvus,
2619 4472 2868 4534 quidemn
2892 4470 3004 4520 colli

2398 4529 2590 4585 Passer
2600 4529 2822 4585 paulatim
2845 4534 3057 4580 concutit

2402 4594 2474 4645 Ex
2501 4592 2649 4643 corde
2669 4592 2815 4642 deum
2837 4592 3014 4652 diligit.

2459 4654 2534 4706 To
2557 4656 2718 4703 Martis
2735 4656 2841 4703 dies
2858 4653 3032 4702 tertius

2401 4717 2605 4769 Cautant
2641 4727 2755 4764 aves
2779 4713 3085 4763 concorditer

2405 4777 2579 4827 lruods
2598 4775 2730 4825 volet
2760 4774 2948 4824 fortiter

2411 4838 2518 4890 Non
2551 4843 2746 4887 cessant
2761 4838 2926 4885 deum.

1804 4964 2033 5020 VARIE
2069 4964 2468 5022 LECTiONES.

569 5088 617 5122 “
655 5087 884 5159 petierat
944 5101 1079 5139 corr.
1133 5084 1417 5154 petierant.

505 5189 676 5237 vacat.

1501 5082 1570 5155 ,⁸⁸
1607 5081 1775 5136 donas
1822 5096 1956 5135 corr.
2000 5079 2154 5135 donis
2175 5096 2219 5132 ε.

2327 5079 2374 5112 ⁵⁷
2412 5078 2582 5132 hurbe
2652 5092 2789 5130 corr.
2841 5074 2971 5129 urbe
2995 5089 3040 5128 c.
3135 5074 3181 5106 “
3216 5073 3437 5130 spatium
3478 5073 3735 5145 reliquum

2016 5279 2244 5339 NOTAE.

560 5405 672 5444 ΙΩΩΧ
700 5404 769 5444 Cf
815 5401 908 5444 Ιὶἶσῖ
917 5404 1176 5444 niam-dun:
1270 5417 1300 5444 ρ

2168 5385 2466 5444 (Patroloq.
2490 5390 2618 5437 tom.
2637 5378 2814 5441 XCVI,
2838 5374 2990 5444 praef.
3016 5376 3083 5432 ad
3105 5374 3281 5430 Vitam
3306 5370 3481 5428 Caroli
3510 5371 3731 5444 Magni),
