3986 5444
239 356 292 439 37
1632 371 2046 431 CllltONlCON.
2382 368 2391 375 '
3403 364 3474 423 es

239 497 746 552 Romanorum.......
780 494 1098 551 trucidatos.
1130 494 1296 549 Erant
1325 492 1469 547 enim
1501 506 1785 545 numerum
1820 495 1863 550 Α
1893 493 2103 539 montes
2128 480 2414 536 Lctiniano
2446 495 2538 535 seu
2572 479 2839 549 Bogiano,
2868 479 3255 534 monasterium
3294 476 3474 534 sancti

238 588 579 643 Romanorum
615 588 879 641 tricentos
906 587 997 657 qui
1048 585 1315 640 interfecti
1362 593 1485 639 sunt
1517 584 1566 635 in
1599 596 1790 649 campo

236 679 617 733 Lateranensis.
685 678 757 731 De
811 678 1105 747 majoribus
1160 685 1279 731 erat
1330 675 1471 730 enim
1504 690 1638 743 papa
1681 673 1791 728 Leo

234 782 431 841 quartus
462 774 648 827 omnia
684 762 1016 843 Pentapoiim
1061 781 1220 841 alque
1251 769 1472 825 Tusscie
1508 769 1706 823 linibus
1736 769 1787 821 in

233 863 481 933 pontiﬁcis
505 864 807 917 constituit.

288 954 429 1005 Anno
454 954 562 1008 819
592 954 665 1006 ita
692 954 841 1007 habet
877 969 890 1007 :
920 948 978 1007 ln
1004 967 1109 1023 quo
1134 951 1300 1007 multa
1333 951 1399 1006 de
1421 960 1593 1006 status
1620 951 1793 1007 eccle-

231 1060 411 1108 suarum
446 1057 504 1099 et
551 1047 1006 1100 monasteriorum
1042 1054 1272 1100 tractata
1330 1053 1494 1113 atque
1542 1044 1790 1098 ordinata

231 1147 351 1190 sunt.
381 1136 623 1209 Legibus
652 1139 817 1191 etiam
855 1137 1087 1207 capitula
1132 1152 1237 1206 que
1276 1136 1475 1190 dudum
1520 1135 1572 1188 in
1601 1134 1793 1188 edictis

231 1230 409 1297 scn‘pta
444 1238 574 1283 sunt
612 1228 747 1299 afﬁgi
780 1229 1039 1298 precepit.
1068 1228 1183 1295 Quo
1223 1229 1479 1298 perhacto
1506 1256 1573 1265 --
1599 1225 1792 1281 Ubelbi

232 1320 420 1373 comitis
444 1318 595 1374 Judit
620 1321 769 1374 duxit
793 1334 977 1373 uxore.

284 1413 430 1464 Anno
473 1410 711 1465 824:11:
773 1412 923 1481 cujus
976 1413 1166 1481 (ραραι)
1204 1411 1377 1465 locum
1425 1411 1633 1465 duobus
1696 1424 1791 1479 per

235 1503 584 1558 contentiones
613 1502 792 1573 populi
819 1504 1041 1558 fuissent
1067 1504 1283 1567 helecti,
1316 1503 1587 1573 Eugenius
1614 1501 1792 1555 archi-

235 1594 480 1664 presbiter
514 1595 651 1650 tituli
683 1604 870 1649 sancte
899 1594 1134 1660 Savine;
1183 1595 1321 1649 alius
1346 1604 1523 1648 tamen
1557 1609 1661 1663 quo
1700 1608 1795 1647 no-

238 1707 329 1745 men
360 1698 613 1761 superest
656 1687 801 1745 facta
848 1700 929 1745 est
959 1691 1151 1745 seditio
1182 1690 1421 1744 Romane
1449 1688 1623 1743 civilis
1653 1688 1795 1741 inter

238 1796 291 1843 se,
320 1782 575 1835 vincente
612 1789 769 1851 parte
799 1782 1058 1836 nobilium
1090 1790 1243 1850 parte
1284 1780 1605 1851 subrogatus
1632 1788 1791 1849 atque

238 1871 494 1925 ordinatus
527 1879 627 1925 est.

290 1958 457 2013 Annos
481 1959 585 2014 827
615 1972 660 2014 et
686 1960 791 2017 829
816 1962 887 2014 ita
907 1961 1089 2032 jungit
1118 1974 1135 2013 :
1170 1961 1406 2030 Legatus
1450 1960 1795 2031 imperatoris

243 2047 432 2103 Romam
466 2051 644 2117 venit,
698 2060 752 2106 et
807 2051 1139 2107 helectiones
1185 2053 1365 2122 populi
1425 2053 1601 2122 qualis
1652 2062 1797 2109 esset

245 2142 559 2196 examinavit.
598 2141 703 2197 Ubi
731 2154 785 2197 et
815 2144 977 2199 missa
1016 2145 1190 2200 sancti
1225 2144 1461 2211 Martini,
1496 2156 1550 2200 et
1585 2144 1795 2201 festivi-

248 2241 369 2288 tatem
401 2235 548 2289 beati
583 2235 819 2291 Andrere
856 2237 1104 2306 apostoli,
1145 2254 1354 2293 necnon
1395 2248 1449 2294 et
1499 2240 1672 2309 ipsum
1706 2256 1793 2295 sa-

249 2338 357 2377 l‘l‘tllll
390 2336 647 2381 sanctum
682 2327 963 2383 dominica:
1001 2328 1303 2384 nativitatis
1345 2330 1484 2384 diem
1534 2346 1654 2384 cum
1682 2347 1796 2385 ma-

249 2431 321 2484 gna
343 2417 512 2472 lelitia
540 2427 599 2472 et
625 2419 959 2477 exultatione
983 2421 1299 2476 celebravit.

299 2510 461 2567 Mense
509 2513 810 2569 Februario
862 2525 1162 2571 conventus
1220 2514 1456 2570 bibidetn
1504 2515 1697 2582 factus,
1741 2517 1793 2571 in

250 2602 363 2657 Italia
389 2604 675 2675 profectus
701 2616 784 2662 est
814 2608 947 2679 (92).
980 2608 1258 2679 Romaque
1301 2609 1600 2679 ingressus,
1630 2611 1681 2664 in
1712 2626 1797 2665 ec.-

254 2692 376 2749 ciesia
393 2696 773 2766 apostolorum
796 2699 1055 2770 principis
1080 2699 1370 2754 missarum
1396 2699 1795 2769 sollempnitate

255 2787 513 2858 celebrata,
542 2789 753 2859 Apulia:
777 2789 972 2846 finibus
1002 2792 1291 2863 adgressus
1324 2801 1407 2847 est
1435 2794 1487 2846 in
1518 2792 1791 2847 civitatezn

253 2876 373 2945 Bari;
420 2891 689 2951 quattuor
732 2891 907 2937 turres
956 2883 1214 2939 mdilieari
1257 2882 1439 2953 jussit.
1487 2884 1700 2952 Quanta
1741 2893 1796 2939 et

257 2970 394 3039 qualia
422 2988 595 3028 naves
632 2973 795 3029 maris
823 2974 1098 3030 Adriatice
1145 2984 1421 3044 portantes
1452 2989 1515 3028 ea
1562 2990 1665 3044 que
1696 2992 1793 3031 ne-

257 3063 448 3129 cessaria
477 3071 625 3128 sunt,
649 3063 977 3120 Francorum
1004 3081 1158 3121 scara
1181 3066 1232 3119 in
1258 3064 1381 3119 Bari
1400 3066 1591 3121 civitas
1618 3076 1796 3121 custo-

260 3149 427 3207 dientes
483 3154 760 3208 Scalaoria
809 3154 921 3226 (9'5)
963 3155 1237 3210 inferioris
1287 3164 1341 3210 et
1391 3156 1708 3225 superioris,
1742 3164 1796 3211 et

1895 577 2140 632 Silvestri
2175 576 2227 629 in
2258 583 2436 628 monte
2472 572 2691 644 Syrapti
2721 588 2842 627 eum
2877 571 3263 626 monasterium
3289 570 3464 625 sancti

1893 671 2121 725 Andrem
2165 666 2411 736 apostoli,
2458 668 2522 720 ad
2569 666 2898 721 delensionis
2935 665 3047 719 suis
3087 664 3268 735 palatii
3302 664 3474 733 impe-

1895 769 2043 814 rator
2093 760 2313 813 kamcre
2357 771 2453 813 sue
2500 758 2788 812 concessit.
2851 757 2916 811 Et
2962 757 3223 809 monitate
3264 752 3473 824 legibus

1892 851 2425 921 insnperdcseriptis
2455 850 2879 905 “monasteriis
2925 851 2977 902 in
3027 846 3220 902 edictis
3269 846 3476 917 legibus

1894 941 2373 1012 Langobardorum
2406 940 2543 1011 afﬁgi
2582 942 2854 1011 praecepit.
2898 940 3246 995 Preordinala
3278 950 3475 996 cuncto

1895 1046 2059 1101 regno
2086 1029 2235 1083 Italia
2269 1046 2297 1083 a
2328 1029 2586 1083 Lothario
2634 1030 2741 1084 lilio
2768 1046 2885 1091 suo,
2927 1030 3017 1099 qui
3055 1039 3336 1085 consortes
3363 1030 3476 1085 suis

1895 1124 2045 1193 regni
2073 1132 2211 1184 erat,
2248 1123 2556 1187 constituit;
2606 1122 2979 1176 benedictione
3016 1130 3237 1192 accepta
3293 1122 3346 1176 in
3391 1136 3475 1177 ec-

1895 1213 2058 1267 clesia
2092 1213 2460 1282 apostolorum
2487 1213 2749 1283 principis
2777 1213 3132 1268 absolutionis
3154 1213 3471 1282 apostolico,

1894 1305 1947 1358 in
1983 1304 2210 1359 Francia
2240 1314 2321 1359 est
2353 1320 2622 1359 reversus.
2650 1306 2715 1359 Et
2738 1320 2842 1358 non
2875 1315 2994 1374 post
3014 1305 3209 1359 multos
3233 1306 3331 1360 bos
3356 1306 3473 1361 dies

1895 1394 2067 1448 bobiit
2089 1394 2201 1461 (an.
2227 1392 2375 1461 διιο).

1896 1518 1899 1519 ν
1965 1482 2055 1535 25.
2094 1482 2248 1537 Unde
2283 1483 2456 1536 crevit
2491 1498 2674 1537 rumor
2715 1484 2859 1537 inter
2892 1484 3015 1538 filiis
3060 1485 3223 1553 regis,
3269 1485 3473 1541 Lollia-

1894 1574 2025 1633 rius.
2059 1572 2296 1642 Pipinus,
2328 1573 2617 1639 Loduicus,
2648 1572 2893 1638 Camlus,
2925 1583 2975 1626 et
3010 1572 3371 1645 Carlomagno
3404 1575 3473 1631 de

1894 1672 2177 1721 consortes
2215 1680 2466 1737 regnora,
2506 1674 2561 1721 et
2599 1667 2892 1722 sortierunt
2932 1684 3154 1739 regnum
3206 1671 3349 1725 inter
3383 1686 3471 1737 se;

1897 1755 2199 1823 ineiperunt
2242 1756 2481 1809 dividere
2524 1756 2587 1809 da
2632 1757 2824 1811 civitas
2853 1757 3048 1812 Faucis
3077 1757 3189 1830 (97)
3218 1759 3359 1830 quod
3390 1772 3477 1816 est

1820 1839 1868 1902 Β
1897 1847 2081 1902 vilicos
2112 1848 2221 1919 (96)
2258 1850 2396 1903 inter
2426 1863 2577 1903 mare
2604 1847 2899 1914 Adriatica,
2937 1860 2993 1906 et
3027 1867 3175 1907 mare
3209 1854 3463 1922 Terrina,

1896 1951 1951 1996 et
1973 1958 2141 2011 usque
2168 1941 2219 1996 in
2251 1941 2577 2011 Aquitania;
2609 1952 2662 1997 et
2704 1944 2909 1999 divisus
2947 1954 3031 2000 est
3073 1947 3325 2017 populum
3367 1948 3473 2003 Ita-

1892 2029 2000 2087 lico
2025 2032 2111 2087 vel
2143 2031 2387 2088 Romano
2414 2048 2443 2086 a
2473 2033 2808 2089 Francorum
2850 2036 3154 2106 imperium.
3183 2037 3478 2107 Cmperunt

1896 2138 2136 2193 pugnare
2167 2123 2309 2179 inter
2332 2139 2390 2179 se
2427 2139 2580 2195 reges
2602 2125 2972 2193 Francorum;
3002 2128 3142 2184 unde
3171 2130 3305 2185 exiit
3332 2128 3475 2186 fama

1892 2213 1951 2268 in
1978 2212 2319 2278 Cordua,,et
2367 2215 2419 2268 in
2449 2215 2632 2272 Alrice
2689 2226 2799 2271 tota
2850 2218 3161 2290 (Iartaginc,
3215 2232 3479 2291 ceperunt

1898 2324 2119 2380 reagere
2168 2310 2490 2365 Sarracenis
2530 2312 2813 2367 consilium
2854 2312 3109 2383 maligno,
3150 2322 3212 2368 ut
3254 2329 3477 2383 regnum

1898 2414 2206 2473 usurparet,
2236 2414 2290 2460 et
2319 2405 2544 2460 ecclesia
2591 2407 2762 2461 sancti
2809 2404 2953 2461 Petri
2984 2407 3277 2477 expoliare.
3310 2406 3479 2463 Κπο-

1897 2494 1980 2550 lus
2010 2496 2122 2567 (99)
2150 2506 2273 2562 rex,
2304 2496 2442 2551 filius
2471 2496 2693 2552 Loduici
2733 2497 2814 2552 Pii
2846 2499 2984 2553 bone
3036 2500 3315 2567 memorie,
3347 2516 3477 2571 pro-

1898 2595 2017 2654 pter
2046 2586 2277 2655 qnodam
2308 2586 2419 2641 suis
2446 2586 2723 2652 facinoris,
2755 2589 2898 2657 quod
2936 2604 3077 2643 nunc
3101 2590 3143 2620 “
3173 2606 3338 2661 super
3368 2602 3475 2657 est,

1892 2674 2206 2731 renuntiato
2243 2692 2408 2747 regno
2440 2677 2698 2734 fratribus
2722 2680 2853 2745 suis,
2880 2681 2933 2735 in
2972 2684 3306 2737 monasterio
3335 2700 3475 2739 san-

1897 2772 1969 2825 cti
1996 2770 2271 2826 Benedicti
2303 2772 2354 2824 in
2380 2784 2564 2826 monte
2586 2773 2815 2828 Cassino
2837 2783 3023 2830 sancte
3049 2778 3478 2834 conversationis

1896 2863 2075 2919 abitus
2106 2864 2331 2933 accepit.
2378 2864 2549 2918 Tanta
2579 2865 2857 2920 humilitas
2896 2865 2948 2920 in
2981 2881 3046 2921 eo
3081 2868 3349 2922 concessit
3375 2868 3479 2924 Do-

1898 2956 2095 3021 minus,
2135 2964 2194 3009 ut
2237 2954 2489 3009 omnibus
2530 2954 2790 3012 fratribus
2820 2958 3047 3027 pedibus
3076 2958 3284 3015 lavaret
3315 2960 3381 3027 ",
3419 2971 3479 3016 ut

1900 3051 2040 3104 inter
2066 3065 2252 3105 omnes
2278 3048 2458 3103 minor
2502 3065 2561 3105 se
2604 3049 2831 3119 putabat
2860 3051 2929 3106 ⁵³.
2966 3050 3197 3108 Saxonis
3222 3053 3478 3109 inchoan-

1900 3150 1980 3195 tes
2004 3150 2185 3213 preter
2212 3140 2559 3208 discordiam,
2589 3157 2694 3211 que
2722 3151 2840 3197 erat
2859 3143 3001 3199 inter
3021 3141 3244 3215 Pipinus
3265 3156 3319 3201 et
3348 3146 3478 3202 Car-

258 3242 479 3312 quicquid
529 3246 759 3301 civitatis
800 3248 1068 3302 maritime
1108 3248 1282 3318 posite
1328 3257 1471 3313 sunt,
1506 3259 1563 3304 ut
1591 3248 1793 3321 Agaru-

1901 3235 2149 3307 lomagno
2177 3244 2231 3291 et
2260 3235 2559 3291 Loduicum
2584 3235 2834 3307 regibus;
2880 3235 3167 3293 Lotbarius
3203 3254 3349 3307 vero,
3383 3241 3477 3310 qui

264 3331 385 3388 nicos
409 3352 509 3389 non
542 3346 900 3392 vastarentur.
934 3338 1161 3393 Roxnani
1186 3339 1385 3393 etenim
1416 3340 1793 3409 imposuerunt

259 3425 311 3476 ad
334 3424 640 3495 imperatore
675 3430 944 3486 Loduicus
979 3431 1127 3496 Pius,
1180 3432 1323 3487 unde
1370 3434 1630 3488 memoria
1679 3433 1795 3503 ejus

258 3527 504 3581 permanet
529 3535 693 3589 usque
728 3521 780 3574 in
805 3530 1073 3576 eternnm.
1107 3522 1408 3592 Imperator
1443 3524 1712 3581 Loduicus
1740 3526 1793 3581 in

260 3610 381 3655 tanta
406 3605 566 3661 virtus
596 3609 644 3661 in
676 3608 824 3663 [talia
849 3611 1036 3676 estitit,
1063 3620 1118 3665 ut
1149 3612 1490 3680 sanguinintn
1524 3614 1634 3685 (94)
1662 3631 1795 3685 pon-

260 3692 395 3749 tilicis
429 3695 644 3753 Romani
677 3716 705 3754 a
738 3700 945 3773 legibus
976 3718 1079 3755 non
1112 3702 1373 3772 potuisset
1400 3715 1620 3759 erueret
1653 3706 1792 3778 (95).

257 3782 438 3839 Abebat
461 3798 630 3843 autem
656 3792 705 3845 in
722 3792 937 3871 (palatio
962 3792 1346 3848 Lateranensis
1367 3792 1579 3861 judices
1610 3814 1794 3873 preor-

257 3874 423 3941 dinati,
446 3894 541 3947 per
567 3882 797 3951 singulos
826 3883 961 3948 dies,
990 3899 1018 3936 a
1050 3883 1200 3938 locus
1223 3884 1310 3937 ubi
1341 3885 1538 3939 dicitur
1567 3902 1595 3940 a
1623 3886 1793 3957 Lupa.

257 3966 481 4030 quodest
523 3980 683 4025 mater
723 3972 1113 4038 Romanorum,
1163 3983 1222 4028 ut
1267 3976 1521 4045 populum
1568 3977 1793 4035 Romani

255 4068 338 4121 per
363 4056 651 4115 districtum
681 4062 933 4132 placitum
964 4080 994 4117 a
1024 4065 1131 4118 dux
1163 4063 1485 4134 Spolitinns,
1530 4068 1798 4139 Acipran-

257 4143 365 4197 dum
424 4149 656 4217 nomine,
723 4154 1141 4209 discutiendum.
1198 4153 1447 4209 Pontifex
1504 4155 1797 4227 Gregorius

255 4244 421 4290 sancte
446 4237 586 4293 sedis
611 4243 913 4309 apostolico,
944 4242 1200 4314 quicquid
1224 4260 1253 4297 a
1285 4244 1673 4301 Constantinus
1704 4247 1797 4302 im-

256 4334 452 4391 perator
493 4342 734 4385 concessa
784 4332 959 4387 fuerat
1001 4332 1388 4388 zecclesiastiee
1425 4334 1490 4400 δ’,
1525 4335 1795 4394 Lodoicus

259 4414 537 4483 imperator
574 4426 839 4480 concessit.
884 4425 1269 4481 Monasteriutn
1301 4428 1473 4482 sancti
1520 4412 1797 4487 Benedicti

258 4505 306 4559 in
336 4520 512 4564 monte
537 4511 726 4569 Cassini
756 4518 806 4571 in
837 4518 1115 4588 provincia
1142 4519 1368 4585 Samnii,
1407 4523 1791 4578 monasterium

1901 3337 2123 3398 agustus
2145 3337 2227 3383 est
2258 3328 2576 3399 appellatus,
2602 3343 2768 3399 regno
2792 3328 2944 3384 Italic
2974 3332 3210 3402 regebat.
3246 3330 3478 3390 Saxonis

1899 3420 2096 3475 cotidie
2120 3420 2434 3490 preliantes,
2466 3420 2608 3489 cepit
2641 3421 2957 3476 exminuarc
2987 3438 3207 3491 regnum
3238 3423 3479 3482 Franco-

1899 3527 2036 3565 rum.
2095 3510 2304 3565 Mortuo
2346 3512 2483 3567 idem
2539 3511 2901 3582 Karlomagno
2929 3512 3093 3584 (IOO),
3155 3514 3389 3570 Saxonia
3422 3518 3477 3573 in

1900 3604 2127 3659 Francia
2157 3605 2405 3675 ingrcssi,
2438 3604 2583 3660 ferro
2612 3605 2842 3677 igneque
2888 3615 3186 3673 vastantes,
3218 3608 3345 3664 fecit
3387 3610 3474 3665 Pi-

1897 3693 2055 3761 pinus
2083 3693 2227 3764 (101)
2259 3708 2353 3749 rex
2375 3694 2547 3749 amica
2572 3710 2734 3749 causa
2761 3709 2882 3749 cum
2911 3693 2957 3726 ⁸³
2983 3694 3246 3751 Saxones.
3279 3696 3479 3753 Lodui-

1898 3801 1993 3839 cus
2040 3801 2131 3839 rex
2186 3785 2477 3855 Aquitanic
2521 3784 2666 3858 (102)
2720 3802 2839 3841 cum
2895 3785 3127 3841 Saxonis
3179 3789 3473 3857 pugnabat.

1897 3874 2177 3946 Aquitanii
2213 3878 2354 3932 inter
2376 3894 2434 3934 se
2461 3879 2831 3935 conventicula
2868 3878 3033 3933 facta.
3063 3879 3213 3935 Unde
3239 3881 3476 3936 ablatum

1899 3980 1982 4025 est
2010 3986 2229 4042 regnum
2279 3971 2571 4043 Aquitanie
2597 3988 2626 4026 a
2653 3972 2895 4037 Francis,
2926 3988 3095 4042 usque
3144 3973 3197 4027 in
3244 3990 3478 4044 pra-sen-

1897 4069 2006 4115 tetn
2040 4063 2181 4116 diem

1887 4148 1893 4154 ’
1968 4152 2057 4208 26.
2094 4153 2304 4209 Mortuo
2334 4153 2476 4209 idem
2504 4154 2791 4210 Lotbarius
2817 4156 3097 4229 (1111.855),
3131 4159 3392 4214 successit
3422 4160 3474 4215 in

1882 4236 2067 4315 regno
2090 4243 2320 4301 Karolus
2348 4246 2519 4318 (l03).
2548 4244 2690 4302 ﬁlius
2724 4247 2862 4318 ejus,
2896 4262 2995 4316 pro
3019 4264 3083 4303 eo
3106 4266 3211 4304 non
3248 4250 3474 4306 multum

1900 4343 2109 4407 tempus
2145 4337 2255 4408 (an.
2281 4337 2429 4409 816).
2460 4337 2589 4394 Orta
2617 4348 2697 4393 est
2726 4340 3027 4408 persecutio
3071 4340 3299 4395 Romani
3338 4342 3479 4397 inter

1880 4418 1988 4492 se;
2019 4427 2268 4483 exierunt
2299 4429 2400 4484 viri
2426 4429 2695 4495 scelerati,
2718 4440 2773 4486 et
2798 4430 3002 4501 legatos
3030 4432 3292 4487 miserunt
3321 4448 3351 4487 a
3381 4448 3475 4487 rex

1899 4518 2213 4591 Babylonie,
2256 4532 2316 4577 ut
2356 4522 2606 4576 venirent
2635 4531 2689 4578 et
2715 4524 2992 4593 possidere
3037 4540 3259 4595 regnum
3304 4526 3473 4582 ltalie.

262 4609 426 4689 sancte
454 4601 549 4655 Dei
587 4606 840 4673 genitricis
868 4625 1189 4680 semperque
1220 4611 1441 4682 virginis
1472 4611 1640 4669 Marie
1673 4614 1784 4689 (96)
1820 4592 1870 4651 D
1900 4612 2072 4669 Tanta
2118 4614 2353 4684 denique
2381 4615 2649 4685 Aggareni
2675 4592 2729 4672 in
2752 4615 2900 4672 Italia
2931 4592 3159 4684 ingressi
3202 4633 3231 4672 a
3272 4617 3474 4674 Centu-

264 4684 311 4739 in
338 4700 509 4745 monte
529 4692 777 4754 Acutiano
819 4701 1093 4756 territorio
1136 4700 1465 4767 Sabinensis,
1500 4712 1553 4759 et
1579 4684 1790 4761 monas;

261 4783 439 4856 terinm
464 4786 660 4844 domini
695 4791 982 4850 Salvatoris
1027 4792 1299 4850 territorio
1344 4794 1596 4862 Reatino,
1637 4798 1792 4870 juxta

1901 4705 2152 4761 cellensis
2173 4713 2382 4776 portus,
2411 4707 2490 4760 sic
2514 4694 2871 4776 impleverunt
2897 4707 3091 4763 faciem
3127 4719 3293 4775 terre,
3337 4709 3476 4763 sicut

1899 4796 2107 4852 locuste
2136 4796 2284 4850 velut
2305 4807 2544 4869 segetem
2569 4798 2856 4869 in'campo.
2888 4799 3089 4855 Tantos
3118 4800 3280 4855 timor
3322 4800 3475 4855 inva-

1560 4915 1790 4971 vanma
1824 4884 2227 4974 LECTIONES.

324 5013 362 5043 ”
395 5014 429 5066 i.
452 5029 494 5066 e.
520 5013 769 5077 ecclesiag.

475 5031 494 5094 ί.
520 5026 769 5095 ecclesiae.
864 5026 909 5057 ⁸⁸
948 5028 985 5079 i.
1015 5044 1061 5079 e.
1094 5026 1492 5097 superscriptis.

261 5080 298 5111 "
332 5099 415 5136 rex
438 5084 510 5137 bis
535 5086 742 5154 scripta.

1589 5028 1638 5075 ἰ
1673 5029 1709 5082 i.
1743 5046 1788 5083 e.
1825 5047 1952 5091 non.

2028 5033 2073 5064 ⁸³
2113 5029 2282 5101 primo
2310 5028 2585 5085 lavaretur
2640 5041 2687 5086 et
2715 5032 2973 5103 putabant
3030 5031 3281 5099 scriptum
3336 5039 3475 5083 erat.

1739 5216 1985 5295 along,

272 5285 463 5341 millium
486 5290 686 5351 scribit.

331 5357 753 5408 (92iLndnvin-im
784 5376 996 5408 ..αξηεωη
1022 5379 1073 5408 τ..
1100 5379 1301 5408 r...t:.....
1333 5379 1631 5408 “manu”...
1662 5393 1776 5408 ηρ.-

1952 5320 2098 5408 ’(99)
2128 5310 2366 5408 Ξὲῗῖἶῑ.ο
