3986 5444
2898 248 2983 260 η-νη
2998 250 3002 253 -

463 270 534 327 se
1128 231 1136 237 ’
1518 275 1875 336 senseram
1903 277 1961 335 s.
2001 272 2304 335 [meum
2334 257 2649 335 moment
2898 248 3002 260 ”’”’
3618 276 3689 335 to

462 384 534 438 sit
563 381 850 448 Romanos,
893 390 952 437 ut
1000 381 1172 439 nullos
1200 391 1350 439 extra
1379 395 1560 455 portas
1601 389 1820 458 egredi;
1869 389 2022 444 obse-
2050 393 2098 455 Α
2126 387 2451 460 fossatagine
2475 404 2579 444 non
2615 388 2770 460 longe
2794 387 2863 444 ab
2903 403 3032 446 areo
3058 431 3073 455 ,
3100 386 3294 445 levavit
3332 403 3521 446 manus
3562 404 3690 448 suas

464 472 575 527 dita
611 480 696 527 est
725 470 914 534 Roma.
966 481 1021 527 et
1068 474 1258 529 civitas
1302 474 1575 530 Leoniana
1619 493 1939 548 appreensa,
1969 489 2026 535 et

460 561 685 616 ecclesia
715 564 887 617 sancti
915 563 1057 618 Petri
1086 575 1243 634 capta
1273 574 1327 619 et
1351 566 1635 636 expoliata,
1683 577 1737 624 et
1774 584 1871 640 per
1912 585 2025 625 mo-

460 653 693 707 nasteria
723 653 889 723 ipsius
912 653 1152 708 {ecclesie
1176 670 1357 723 arquos
1382 671 1565 710 eorum
1592 667 1736 712 stare
1760 661 2019 730 precepit.

460 740 627 797 Versa
673 750 754 796 est
814 749 985 796 mater
1039 743 1277 798 omnium
1314 745 1661 801 ecclesiarum
1719 748 1771 803 in
1827 765 2023 819 Oppre-

459 831 656 896 brium,
685 841 740 886 et
781 834 955 888 omnis
1007 834 1199 889 decore
1246 851 1342 891 suo
1382 837 1729 893 abstractum.
1764 841 2023 898 Veniente

457 921 606 992 juxta
640 922 807 976 altare
830 924 1043 978 barbari
1070 925 1185 995 giro
1206 926 1466 982 ballantes
1490 930 1757 985 manibus.
1790 931 2021 1002 Arrepto

460 1027 596 1068 unus
622 1028 686 1067 cx
710 1013 782 1067 illi
813 1013 1062 1078 lanciola,
1092 1014 1144 1068 in
1179 1026 1393 1083 pectore
1446 1017 1673 1072 vultum
1698 1021 1929 1075 Domini»
1964 1022 2018 1076 in

456 1101 640 1157 absida
669 1103 938 1173 depictum
968 1118 1152 1158 musco
1176 1104 1240 1169 “,
1269 1121 1373 1160 non
1406 1116 1611 1161 tantum
1639 1124 1825 1164 musco
1845 1110 2019 1165 dirru-

456 1192 552 1261 pit,
598 1208 791 1259 verum,
829 1194 992 1247 etiam
1037 1195 1259 1250 materie
1302 1196 1651 1252 confcctionis
1709 1200 2014 1255 transfudit.

453 1282 600 1353 Cepit
632 1298 883 1341 emanere
914 1276 1151 1356 sanguis,
1183 1287 1319 1341 sicut
1346 1289 1505 1343 homo
1545 1292 1698 1345 vivus
1736 1291 1922 1349 fuisset
1962 1294 2016 1349 in

452 1388 708 1443 corpore;
736 1375 875 1428 unde
905 1374 958 1429 in
979 1386 1223 1431 eternum
1247 1389 1545 1447 permanet.
1584 1380 1840 1450 Aparatio
1876 1385 2013 1455 ejus,

450 1472 512 1517 ut
537 1464 781 1533 superius
824 1464 1077 1532 diximus,
1126 1469 1395 1523 destructe
1437 1479 1628 1526 cunctc
1674 1477 2015 1531 monasteria:

449 1552 589 1622 ejus,
634 1562 690 1608 et
732 1554 1081 1610 ecclesiarum
1136 1557 1404 1624 omnibus,
1466 1560 1657 1615 civitas
1706 1561 2010 1630 Leoniaua;

450 1639 592 1696 facta
628 1650 713 1696 est
741 1641 933 1715 Tuseie
961 1645 1237 1713 provincia
1284 1646 1543 1715 desolata,
1584 1659 1639 1705 et
1665 1652 1915 1709 civitates
1958 1656 2009 1709 in

2123 489 2311 535 contra
2354 479 2612 547 Francis,
2648 489 2707 534 ut
2750 479 2973 536 Francis
3017 481 3281 547 videntes,
3333 491 3479 537 retro
3524 484 3691 551 pedes

2122 580 2244 640 post
2268 585 2325 625 se
2352 570 2417 624 ⁸⁸.
2445 571 2743 641 Aggarenis
2774 572 2915 627 inter
2942 586 3000 627 se
3032 571 3323 640 irritantes,
3341 571 3600 628 .exicrunt
3622 575 3691 630 de

2123 658 2316 715 civitas
2340 658 2634 727 Leoniana,
2662 670 2716 715 et
2750 662 2815 716 de
2844 661 3069 717 ecclesia
3114 663 3373 734 principis
3421 662 3693 734 apostolo-

2123 762 2264 813 rum,
2314 748 2588 803 irruerunt
2628 765 2790 819 super
2829 750 3101 815 Francos;
3149 752 3363 822 quantis
3413 751 3687 807 interfecti

2122 848 2269 903 sunt,
2301 838 2478 893 nullus
2503 841 2677 910 potuit
2702 842 2972 897 numerari
3002 842 3171 914 (l07).
3201 842 3374 908 Quido
3420 842 3693 898 mai-chio-

2120 944 2217 984 nes
2245 936 2298 984 et
2328 928 2629 984 Romanum
2673 933 2925 1003 populum
2954 942 3075 1003 post
3101 948 3194 990 eos
3234 934 3685 1001 interﬁciendum,

2120 1028 2173 1073 et
2207 1020 2470 1092 Aggareni
2500 1026 2881 1079 antecedentes
2906 1034 2961 1077 et
2989 1023 3274 1095 fugientes,
3307 1024 3693 1094 sicque'vene-

2120 1120 2245 1166 runt
2294 1129 2324 1166 a
2370 1112 2793 1169 Centucellensis
2821 1124 3036 1185 portus;
3082 1124 3447 1172 verumtamen
3477 1116 3682 1171 decima

2118 1212 2301 1273 partes
2330 1218 2397 1257 ex
2423 1204 2503 1258 eis
2541 1220 2646 1258 non
2687 1206 2965 1259 remansit.
2996 1205 3052 1258 ln
3088 1221 3221 1261 nave
3248 1206 3487 1261 ascensis
3511 1205 3687 1276 Agga-

2118 1294 2284 1357 renis,
2314 1309 2437 1348 cum
2478 1295 2654 1349 omnis
2690 1296 2889 1350 decore
2932 1296 3173 1351 aecclesie
3214 1305 3398 1351 sancte
3442 1297 3495 1352 in
3544 1298 3685 1352 mari

2118 1383 2343 1453 ingressi
2368 1393 2511 1439 sunt.
2556 1384 2729 1453 Quido
2763 1387 3106 1441 marchiones
3131 1403 3250 1441 cum
3280 1403 3377 1442 suo
3401 1388 3681 1452 comitatu,

2116 1472 2385 1529 Loduicus
2437 1492 2534 1531 rex
2577 1492 2698 1531 cum
2744 1485 2973 1546 quantos
3019 1478 3239 1533 Francis
3286 1483 3564 1548 evaseratj,
3626 1479 3681 1533 in

2114 1562 2283 1621 Roma
2331 1573 2457 1622 sunt
2506 1565 2728 1619 reversi.
2762 1564 2987 1635 Propter
3015 1566 3115 1621 hoc
3153 1566 3331 1636 populi
3372 1566 3597 1621 Romani
3627 1567 3682 1620 in

2114 1654 2379 1710 derisione
2404 1656 2671 1710 abuerunt
2692 1656 2907 1723 Franci,
2941 1672 3110 1727 usque
3134 1659 3186 1712 in
3214 1659 3489 1713 odieruum
3514 1659 3679 1714 diem.

449 1731 1058 1801 OpprohriumJlomani
1081 1735 1260 1791 afﬂicti
1283 1752 1494 1793 merere
1509 1741 1849 1809 apostolicus.
1878 1743 2007 1799 Gre-
2045 1734 2087 1794 Β
2113 1742 2285 1810 Quido
2315 1745 2627 1801 marchione
2669 1756 2893 1817 accepta
2925 1748 3062 1802 dona
3092 1749 3437 1818 ampliissima
3476 1759 3529 1804 et
3557 1765 3682 1821 gra-

448 1822 631 1890 gorius
654 1822 798 1892 (104)
835 1823 996 1890 hujus
1022 1827 1329 1895 apostolicis
1354 1829 1497 1884 sedis
1527 1840 1862 1887 successerat
1895 1834 2005 1904 (an.

448 1908 571 1977 847)
604 1909 893 1993 inspiratus
913 1909 1128 1968 ﬁamine
1172 1922 1379 1981 sancto,
1416 1916 1611 1971 cotidie
1644 1918 2011 1976 confortantes

445 2000 640 2069 popqu
684 1999 925 2056 Romano
953 2003 1005 2057 in
1029 2003 1227 2060 virtute
1254 2005 1454 2075 Spiritu
1481 2007 1673 2073 sancti,
1704 2018 1758 2063 et
1783 2011 2010 2068 consilio

447 2091 705 2158 inierunt,
746 2095 1014 2163 quomodo
1045 2095 1184 2150 Deus
1228 2097 1568 2167 omnipotens
1603 2099 1840 2156 auferret
1867 2100 2009 2159 feras

446 2184 693 2238 nationes
736 2172 1110 2252 barbarorum,
1138 2194 1194 2241 et
1226 2186 1456 2243 ecclesia
1486 2173 1665 2244 sancti
1688 2190 1832 2247 Petri
1875 2210 2008 2265 apo-

443 2272 586 2339 stoli,
624 2273 712 2342 qui
741 2282 824 2329 est
876 2283 1035 2346 caput
1070 2278 1309 2331 omnium
1351 2278 1735 2347 ecclesiarum,
1784 2299 1812 2337 a
1841 2285 2008 2354 pesti-

442 2362 585 2419 feras
637 2373 824 2435 gentes
870 2374 1103 2421 erueret.
1165 2366 1395 2423 Nuntius
1441 2370 1685 2426 missusa
1739 2372 2009 2430 Loduicus

445 2468 540 2508 rex
569 2453 678 2523 (an.
706 2452 833 2525 816)
855 2494 869 2520 ,
898 2454 1038 2510 ﬁlius
1065 2454 1282 2511 Loduici
1327 2458 1471 2528 (105)
1500 2460 1585 2530 pie
1625 2464 1915 2529 memorie,
1949 2473 2008 2518 ut

444 2544 651 2598 veniret
696 2551 751 2598 et
781 2543 1094 2600 defenderet
1128 2546 1357 2602 ecclesia
1395 2550 1567 2605 sancti
1598 2550 1764 2616 Petri,
1796 2562 1849 2607 et
1892 2553 2005 2609 Ro-

442 2650 657 2690 manum
690 2651 932 2708 regnum.
964 2634 1032 2692 Ut
1062 2639 1217 2693 sicuti
1248 2656 1277 2694 a
1304 2640 1515 2711 Pipino.
1546 2651 1599 2695 et
1629 2659 1658 2697 a
1702 2643 1921 2711 Karnlo,
1953 2656 2008 2702 et

439 2725 709 2782 Loduicus
762 2739 915 2798 pater
945 2728 1061 2798 ejus
1120 2730 1444 2802 triumphum
1496 2729 1735 2791 victoria:
1784 2753 2002 2809 regnum

438 2816 590 2873 ltalie
615 2829 881 2885 erexerat,
914 2819 987 2874 ita
1019 2830 1069 2874 et
1104 2821 1214 2892 ipse
1243 2839 1462 2892 regnum
1488 2822 1788 2882 Romanum
1816 2828 1866 2882 in
1892 2830 2005 2883 suis

439 2907 913 2977 pollicitationibus
975 2912 1261 2981 eptincret.
1314 2904 1430 2968 Non
1502 2917 1701 2973 diutius
1764 2930 2004 2977 moratus

441 2996 709 3052 Loduicus
734 3014 827 3052 rex
856 3038 871 3064 ,
913 3015 1033 3053 cum
1064 3001 1287 3057 Francis
1315 3019 1344 3057 a
1376 3003 1543 3059 Roma
1571 3008 1831 3076 perrexit.
1862 3010 2000 3064 Gre-

2116 1833 2216 1887 tias
2269 1832 2568 1890 Romanum
2599 1837 2885 1908 populum,
2932 1839 2983 1892 in
3020 1841 3235 1910 propria
3276 1850 3356 1896 est
3405 1856 3677 1896 reversus.

2110 1920 2378 1977 Loduicus
2417 1939 2512 1978 rex
2561 1925 2616 1979 in
2661 1924 2822 1993 Papia
2872 1928 3063 1982 civitas
3111 1928 3413 1998 ingressus,
3456 1945 3678 2000 regnum

2112 2014 2415 2072 fraudatum
2442 2034 2470 2072 a
2501 2018 2701 2074 Karulo
2727 2028 2916 2090 neptus
2944 2020 3058 2090 ejus
3087 2022 3196 2093 (an.
3224 2022 3348 2092 875)

2178 2109 2267 2164 27.
2304 2110 2531 2166 Romani
2565 2112 2685 2183 plus
2710 2113 2880 2184 magis
2907 2113 3481 2170 fraudulentercontra
3507 2114 3682 2170 Fran-

2109 2216 2203 2256 cos
2231 2202 2493 2257 miserunt
2534 2203 2831 2274 legationes
2873 2221 2902 2260 a
2954 2204 3221 2274 Palarmo,
3273 2217 3328 2262 et
3370 2206 3569 2272 Africe,
3617 2216 3680 2263 ut

2108 2291 2358 2345 venirent
2380 2301 2433 2346 et
2460 2292 2798 2363 possiderent
2828 2292 3007 2349 Italico
3025 2310 3211 2366 regno.
3243 2294 3392 2351 Tunc
3423 2297 3677 2352 exierunt

2105 2381 2405 2451 Aggarenis
2431 2397 2564 2452 gens
2592 2384 2745 2451 quasi
2792 2385 2952 2440 situle
2974 2425 2989 2451 ,
3035 2394 3091 2440 et
3136 2396 3484 2456 properantes
3511 2403 3676 2443 vene-

2108 2479 2232 2527 runt
2261 2471 2325 2524 ad
2351 2471 2612 2538 Amalvis,
2637 2482 2690 2528 et
2713 2474 3057 2545 repleverunt
3079 2475 3325 2531 Calabria
3349 2480 3672 2547 superiores,

2106 2563 2355 2619 veniente
2403 2565 2468 2619 ad
2517 2564 2735 2620 fluvium
2778 2568 2869 2637 qui
2920 2568 3117 2623 dicitur
3166 2568 3471 2639 Garinganu
3501 2569 3672 2640 (108),

2106 2656 2575 2726 apprchendcrunt
2607 2666 2800 2722 turres,
2823 2669 2877 2713 et
2899 2659 3035 2715 facta
3067 2670 3151 2715 est
3177 2677 3361 2727 eorum
3389 2661 3672 2716 habitatio.

2105 2749 2373 2821 Ccperunt
2404 2759 2514 2806 tota
2541 2750 2827 2822 Campania
2865 2752 3036 2818 ferro,
3083 2753 3204 2824 igne
3228 2763 3474 2817 vastare;
3506 2754 3673 2808 terri-

2106 2844 2245 2897 torio
2282 2842 2561 2908 Ciculano,
2585 2851 2639 2898 et
2671 2843 3002 2908 Savinensis,
3026 2852 3079 2898 et
3108 2844 3299 2899 civitas
3328 2843 3671 2908 Narnienses,

2103 2944 2157 2988 et
2189 2933 2378 2991 civitas
2402 2932 2625 2997 Ortana,
2658 2942 2713 2989 et
2751 2934 2945 2989 civitas
2975 2934 3245 3005 Ncpisina,
3276 2936 3327 2989 in
3359 2936 3471 2990 suis
3495 2936 3672 2989 domi-

2105 3025 2207 3079 niis
2239 3026 2452 3079 redacte
2484 3032 2638 3080 sunt.
2685 3023 2909 3094 Propter
2934 3025 3034 3082 hoc
3062 3026 3287 3097 amplius
3311 3040 3404 3081 rex
3432 3024 3673 3083 Franco-

438 3088 621 3157 gorius
658 3102 791 3158 papa
833 3088 1215 3165 legatosimisit
1261 3107 1290 3145 a
1339 3091 1512 3159 Quido
1557 3097 1892 3163 marchione,
1944 3109 2003 3154 ut

2110 3133 2223 3171 tum
2256 3118 2307 3171 in
2334 3118 2480 3171 Italia
2510 3132 2616 3172 non
2648 3120 2891 3188 regnavit
2918 3135 3086 3189 usque
3114 3135 3143 3173 a
3173 3128 3473 3190 presentem
3504 3120 3669 3174 diem.

439 3179 647 3233 veniret
702 3188 757 3236 et
815 3191 1157 3236 succurreret
1200 3183 1435 3240 civitatis
1460 3190 1468 3201 "
1487 3185 1729 3242 Romane
1774 3190 2001 3246 ecclesie

414 3274 645 3333 'sancte,
672 3284 768 3339 pro
804 3271 954 3341 cujus
993 3288 1177 3327 amore
1219 3274 1475 3332 Dominus
1502 3279 1816 3349 sanguinem
1844 3297 2000 3339 suum

439 3357 607 3424 fudit;
642 3368 694 3413 et
725 3360 862 3415 dona
895 3362 1227 3431 amplissima
1260 3364 1542 3435 reciperet.
1570 3367 1815 3426 Perrexit
1838 3372 2002 3444 igitur

437 3451 681 3505 marehio
718 3451 889 3517 Quido
919 3468 1040 3507 cum
1070 3455 1215 3509 omni
1245 3468 1499 3511 exarcatu
1524 3460 1700 3530 gentis
1727 3476 1823 3517 sue
1853 3464 1999 3519 Lan-

436 3542 790 3612 gobardorum
845 3542 894 3597 in
940 3545 1126 3599 urbem
1181 3545 1406 3601 Romam
1439 3549 1690 3620 ingressi,
1742 3566 1999 3624 ceperunt

435 3648 609 3705 pugna
638 3634 899 3705 inciperet
927 3652 957 3691 a
994 3645 1186 3707 pontes
1233 3641 1401 3695 sancti
1443 3641 1691 3709 Petri,et
1739 3659 1769 3699 a
1816 3657 2000 3717 portas

437 3725 622 3782 Sassie
662 3728 851 3782 civitas
880 3727 1150 3785 Leoniana
1203 3732 1384 3787 multis
1434 3733 1785 3793 barbarorum
1824 3742 1999 3810 gentis

437 3816 704 3872 interfecti
732 3825 875 3884 sunt,
904 3837 1003 3890 per
1027 3822 1226 3879 virtute
1251 3827 1421 3881 sancti
1453 3827 1632 3897 Petri;
1662 3840 1716 3887 et
1742 3834 1997 3904 pestifera

437 3905 613 3977 gentis
659 3908 798 3962 inter
842 3925 901 3965 se
952 3911 1235 3968 dicentes:
1292 3934 1310 3966 ι
1340 3915 1473 3984 Quia
1515 3920 1747 3980 vidimus
1780 3929 1998 3999 sanguis

436 4000 568 4057 deus
593 4002 1042 4061 Christianorum!
1081 4027 1099 4061 ι
1144 4009 1306 4066 Facta
1336 4022 1421 4069 est
1454 4015 1716 4086 dispersio
1762 4019 1997 4091 Agareni

434 4100 489 4146 et
510 4092 614 4147 dllX
640 4108 844 4161 eorum,
881 4102 935 4150 et
956 4098 1277 4156 ‘mollierunt
1302 4102 1354 4158 in
1386 4119 1444 4160 se
1480 4105 1611 4175 ipsis
1634 4107 1706 4165 β’.
1733 4108 1998 4171 Loduicus

434 4196 531 4236 rex
572 4185 715 4238 venit
758 4186 985 4242 ostiliter
1010 4205 1178 4260 usque
1220 4193 1286 4246 ad
1330 4206 1541 4252 montes
1587 4198 1783 4256 Malum
1823 4204 1995 4277 (106),

436 4271 566 4326 hubi
593 4283 675 4327 est
702 4275 927 4331 ecclesia
956 4281 1125 4335 sancti
1154 4281 1474 4352 Clementis,
1513 4294 1792 4360 conspexit
1817 4271 2000 4354 multis

438 4363 566 4417 tudo
615 4378 823 4431 eorum,
869 4365 1159 4441 formidare
1210 4375 1354 4444 cepit
1397 4392 1490 4432 cor
1540 4381 1678 4457 ejus,
1726 4386 1852 4455 quia
1884 4405 1990 4445 non

2104 3204 2486 3276 Regnaverant
2524 3206 2823 3277 Aggarenis
2859 3207 2911 3261 in
2941 3208 3185 3263 Romano
3217 3223 3382 3279 regno
3410 3209 3535 3262 anni
3569 3209 3669 3262 tri-

2101 3296 2284 3368 ginta;
2326 3296 2541 3351 redacta
2566 3308 2650 3351 est
2682 3306 2825 3352 terra
2850 3298 2902 3353 in
2930 3298 3237 3363 solitudine,
3265 3308 3319 3353 et
3344 3298 3673 3353 monasteria

2101 3399 2290 3445 sancte
2337 3390 2454 3444 sine
2500 3390 2703 3446 laudes.
2756 3392 3137 3448 Verumtamen
3186 3399 3404 3462 propter
3447 3399 3672 3461 peccata

2100 3482 2302 3551 populi.
2333 3482 2485 3536 Sicut
2516 3484 2772 3554 scriptum
2805 3492 2929 3539 est:
2967 3503 2985 3537 ‹
3023 3484 3097 3539 De
3124 3484 3237 3538 celo
3262 3483 3538 3553 prospexit
3567 3482 3674 3536 Do-
3728 3494 3729 3499 ‘

2101 3572 2282 3626 minus
2327 3587 2488 3641 super
2538 3572 2676 3627 ﬁlios
2746 3573 3020 3627 hominum
3065 3588 3253 3628 omnes
3289 3571 3379 3640 qui
3426 3572 3673 3626 habitant

2100 3661 2347 3716 liorbem.
2380 3661 2454 3715 De
2490 3671 2773 3730 preparato
2807 3660 3111 3716 habitacula
3151 3675 3247 3715 suo
3286 3658 3458 3729 (Psal.
3494 3675 3667 3725 xxxn,

2101 3751 2212 3823 15).
2251 3770 2271 3803 ι
2323 3752 2422 3818 Qui
2453 3752 2700 3821 superius
2726 3750 2981 3817 diximus,
3013 3765 3109 3820 per
3145 3748 3412 3804 curricula
3447 3750 3669 3819 triginta

2099 3856 2363 3897 annorum
2418 3851 2765 3911 usurpantem
2814 3842 3040 3912 Agareni
3088 3839 3389 3893 Romanum
3438 3854 3669 3909 regnum

2099 3935 2211 4001 (an.
2243 3933 2521 4005 904—9“).
2555 3935 2621 3987 Et
2650 3934 2701 3988 in
2735 3948 2942 3987 summa
2976 3932 3119 3986 sedis
3142 3933 3185 3965 ⁸⁷
3232 3941 3417 3985 sancte
3446 3939 3667 4001 aposto-

2097 4026 2199 4083 lice
2226 4036 2441 4097 preerat
2475 4026 2695 4098 Sergius
2723 4041 2857 4095 papa
2893 4025 3100 4079 tertius.
3143 4021 3307 4090 Cujus
3336 4023 3669 4093 temporibus

2098 4121 2253 4177 ruina
2280 4136 2472 4191 magna
2504 4119 2717 4174 concuti
2746 4118 2797 4171 in
2837 4116 3063 4171 ecclesia
3091 4113 3421 4184 patriarchio
3444 4113 3670 4168 Latera-

2096 4211 2280 4267 nensis
2327 4210 2499 4264 sancti
2541 4208 2834 4273 Johannis,
2868 4208 2961 4276 qui
3011 4206 3312 4276 appellatur
3357 4205 3669 4261 Constanti-

2095 4307 2282 4372 niana,
2307 4323 2338 4360 a
2363 4303 2726 4359 fundamentis
2749 4310 2833 4357 est
2854 4310 3007 4371 rupta
3031 4317 3045 4365 ;
3076 4300 3166 4370 qui
3190 4315 3312 4354 mox
3336 4298 3667 4368 apostolicus

2096 4396 2317 4467 Sergius
2343 4395 2640 4465 meliusque
2670 4393 2947 4450 renovavit
2970 4408 2998 4446 a
3030 4392 3423 4459 fundamentis;
3461 4401 3666 4462 quanta

434 4461 552 4558 erat
603 4468 698 4555 cor
752 4454 867 4523 ejus
915 4458 1059 4558 sicut
1108 4472 1261 4533 pater
1302 4464 1438 4535 ejus.
1493 4454 1699 4543 lmpetu
1744 4454 2069 4538 fecerunt.D
2100 4454 2323 4544 donaria
2368 4489 2422 4542 in
2450 4503 2515 4542 oc
2544 4454 2874 4558 patriarchio
2902 4485 3094 4554 optulit
3125 4484 3177 4538 in
3218 4482 3388 4553 ipsius
3408 4454 3663 4549 basilice,

434 4540 627 4598 Franci
679 4553 733 4600 et
778 4548 1167 4608 concinnerunt
1216 4558 1366 4623 tuba,
1414 4568 1470 4615 et
1519 4540 1657 4618 facta
1703 4578 1787 4624 est
1834 4587 1991 4631 voces

433 4646 618 4687 eorum
667 4644 721 4689 et
750 4637 875 4692 lube
924 4639 1062 4696 sicut
1111 4646 1423 4721 tonitruum,
1471 4654 1705 4712 maxime
1751 4650 1995 4721 rumores

432 4721 623 4778 civitas
667 4725 922 4793 Romane,
969 4739 1024 4785 et
1074 4748 1234 4789 voces
1282 4738 1655 4801 ecclesiarum.
1718 4748 1995 4809 Venerunt

431 4811 656 4870 Francis
684 4817 751 4871 ad
783 4834 941 4875 arcus
964 4822 1055 4892 qui
1088 4825 1284 4883 dicitur
1307 4828 1627 4904 Militorum;
1657 4840 1779 4909 quis
1818 4845 1994 4912 potuit

430 4909 704 4965 numerari
749 4910 836 4966 illa
874 4913 1180 4973 tribulatio?
1230 4919 1495 4982 Loduicus
1541 4943 1633 4984 rex
1674 4909 1923 4991 veniente
1958 4952 1989 4991 a

2100 4594 2130 4633 a
2162 4579 2368 4633 duobus
2422 4576 2681 4633 lateribus
2731 4584 2855 4630 ante
2882 4575 3071 4641 altare,
3114 4574 3167 4629 in
3196 4574 3404 4645 picture
3432 4566 3667 4627 renova-

2098 4669 2261 4725 tionis
2288 4668 2547 4737 scriptum
2573 4678 2673 4724 est.

2164 4760 2258 4815 28.
2287 4760 2343 4814 ln
2388 4759 2859 4829 Langobardorum
2890 4774 3020 4829 gens
3049 4758 3280 4813 civitatis
3317 4755 3504 4812 Ticine
3543 4772 3663 4827 pre-

2094 4861 2215 4906 erat
2237 4865 2356 4919 rex,
2379 4852 2595 4906 nomine
2618 4852 2811 4918 Quido,
2852 4852 3004 4922 cujus
3028 4852 3357 4922 temporibus
3381 4852 3662 4905 redactum

2096 4951 2179 4997 est
2226 4956 2448 5012 regnum
2498 4941 2969 5012 Langobardorum
3018 4958 3113 4998 sue
3154 4941 3474 5012 potestative
3516 4942 3664 5011 regie

1695 5110 1927 5168 VARUS
1962 5117 2366 5176 LECTIONES.

501 5221 549 5254 “
584 5222 621 5275 ἱ.
644 5238 691 5277 e.
721 5226 948 5282 musivo.

1028 5228 1073 5262 ⁸⁸
1110 5230 1192 5286 hic
1219 5233 1456 5296 distinxi.
1531 5243 1578 5276 “
1615 5229 1879 5303 distinctio
1907 5250 2045 5305 deest
2070 5253 2125 5305 in
2147 5252 2341 5305 codice.
2415 5250 2461 5283 ⁸⁷
2501 5251 2653 5307 sedes
2675 5268 2810 5305 corr.
2839 5251 2983 5307 sedis
3012 5270 3059 5307 c.

1905 5378 2133 5436 NOTAE.
