3986 5444
186 335 241 388 ti
1545 325 1962 385 CHRONICON.
3379 322 3453 377 Η

186 461 444 530 potestate
470 454 592 519 (an.
628 450 912 520 888-891).
934 398 1256 505 Veen-idem
1280 444 1460 514 Quldo
1501 443 1763 515 synodum
1792 454 1840 508 Α
1866 439 2048 495 odium
2069 452 2142 530 ex,
2169 436 2284 491 rixa
2316 436 2457 530 inter
2481 433 2757 530 Romanos
2781 440 2838 488 et
2864 431 3129 530 marchio,
3163 441 3225 488 ut
3257 447 3365 530 non
3394 434 3453 488 in

189 563 303 600 cum
322 544 624 615 episcopis,
656 552 714 598 et
743 541 1053 604 abbatibus,
1084 546 1137 593 et
1167 553 1289 592 cum
1317 534 1598 600 ﬁdelibus,
1632 534 1775 588 Lan-

190 636 436 709 gobardis
464 633 721 703 capitulis
750 632 907 703 legis,
942 639 998 684 et
1041 629 1095 683 in
1129 626 1323 682 edictis
1342 625 1486 694 adigi
1513 623 1773 693 precepit.

191 728 348 798 Cujus
385 727 726 797 temporibus
784 726 943 779 horta
992 732 1077 778 est
1124 721 1351 775 intentio
1400 721 1540 774 inter
1564 719 1778 789 Lango-

189 820 387 873 bardos
406 828 462 873 et
486 817 731 872 Francos
756 816 823 869 de
847 829 1014 885 regno
1030 812 1216 876 ltalie;
1241 810 1552 865 clauserunt
1574 808 1780 878 Lango-

189 906 335 961 bardi
365 908 574 971 clusas,
603 915 659 959 et
687 905 1065 959 custodierunt
1092 903 1177 955 vie
1201 900 1519 955 Galliarum.

252 998 345 1052 29.
386 997 539 1053 Obiit
596 997 816 1067 Sergius
873 1010 1010 1066 papa
1065 1009 1240 1048 llOltllS
1298 992 1570 1047 Kalendas
1610 989 1780 1045 Maias

190 1092 297 1163 (an.
329 1088 459 1153 915,
516 1086 682 1151 Οει.;
711 1087 837 1153 914,
872 1085 1047 1156 Aph).
1100 1084 1376 1139 Successit
1422 1084 1474 1136 in
1505 1082 1625 1137 loco
1662 1080 1780 1149 ejus

190 1179 371 1237 Laudo
400 1181 555 1251 (l09)
597 1180 818 1234 natione
850 1178 1213 1243 Saviniensis;
1260 1176 1401 1233 sedit
1438 1176 1491 1230 in
1522 1175 1781 1230 cathedra

190 1284 371 1328 sancte
420 1274 571 1328 sedis
623 1272 919 1343 apostolice
967 1286 1178 1327 menses
1224 1269 1533 1334 sex;obiit.
1576 1268 1630 1322 In
1662 1267 1781 1321 loco

191 1364 299 1430 ejus
326 1366 603 1420 successit
627 1364 925 1418 Formosus
951 1363 1120 1433 (110).
1150 1361 1452 1416 Renovavit
1488 1358 1781 1414 Formosus

193 1474 327 1529 papa
352 1458 605 1515 mcclesia
643 1456 909 1527 principis
945 1454 1309 1525 apostolorum
1358 1451 1526 1517 Petri,
1574 1451 1782 1521 picture

194 1562 333 1613 tota;
385 1560 595 1619 quanta
639 1559 695 1603 et
734 1550 921 1618 qualia
966 1546 1192 1602 intentio
1235 1546 1381 1601 inter
1418 1546 1687 1601 Romanos
1727 1551 1783 1598 et

193 1644 486 1698 Formosus
517 1656 681 1713 papa,
718 1641 881 1695 modo
910 1650 1208 1696 tacemus.
1232 1637 1388 1694 Obiit
1413 1638 1621 1692 hisdem
1652 1637 1781 1691 For-

192 1750 406 1796 mosus;
467 1735 522 1787 in
570 1734 691 1788 loco
743 1731 865 1801 ejus
910 1730 1172 1785 successit
1222 1729 1500 1784 Johanues
1538 1728 1783 1781 decimus

1878 530 2069 585 urbem
2115 528 2341 583 Romam
2397 525 2605 598 ingredi
2650 526 2893 581 deberet.
2938 524 3218 596 Ingressus
3262 522 3459 580 Petrus

1875 620 2122 678 marchio
2155 620 2207 674 in
2224 619 2423 675 civitas
2451 618 2742 683 Ortuense,
2768 626 2822 673 et
2846 618 2900 671 in
2926 617 3105 687 capite
3138 617 3298 687 hujus
3322 616 3461 673 civi-

1880 712 2006 767 tatis
2041 712 2313 767 editicavit
2361 720 2604 765 castrum
2654 710 3020 775 firmissimus,
3056 720 3112 766 et
3138 710 3257 781 plus
3288 710 3461 783 magis

1878 802 2157 857 scviebant
2199 800 2453 867 Romani,
2495 810 2552 855 et
2596 801 2826 871 amplius
2869 800 3064 856 Petrus
3110 801 3356 856 marchio
3404 802 3460 856 in

1880 895 2109 951 [turbem
2160 893 2332 947 Roma
2381 909 2489 947 non
2537 901 2625 947 est
2669 908 2833 946 ausus
2880 891 3107 963 ingredi.
3156 889 3465 962 Statimque

1881 989 2107 1043 nuntius
2137 985 2438 1041 transmisit
2475 986 2541 1040 ad
2580 984 2918 1055 Ungarorum
2949 999 3112 1055 gens,
3148 992 3208 1037 ut
3256 985 3468 1040 veniret

1882 1076 2271 1147 et'possideret
2311 1075 2495 1138 Italia;
2527 1084 2884 1162 quoperacto
2906 1074 3089 1127 omnia
3120 1072 3463 1143 Ungarorum

1882 1186 2015 1242 gens
2043 1170 2094 1223 iu
2120 1169 2268 1223 Italia
2300 1167 2529 1237 ingressi
2557 1177 2701 1221 sunt.
2736 1166 2910 1220 Simul
2938 1181 3062 1220 cum
3095 1165 3288 1221 Petrus
3316 1181 3464 1222 mar-

1882 1266 2007 1321 chio
2050 1264 2106 1319 in
2153 1264 2344 1318 urbem
2390 1262 2618 1316 Romam
2672 1261 2950 1330 ingressus
2993 1268 3095 1315 est.
3126 1259 3466 1330 Ungarorum

1881 1372 2014 1427 gens
2028 1356 2332 1425 deprardata
2350 1363 2459 1408 tota
2473 1353 2691 1411 Tuscia.
2708 1354 2850 1422 igne,
2875 1351 3050 1423 gladio
3065 1351 3110 1383 ⁸ο
3123 1361 3465 1423 consumpta.

1884 1450 2080 1505 multos
2102 1448 2301 1519 populo
2344 1448 2504 1503 simul
2553 1463 2676 1501 cum
2709 1446 2743 1499 ι.
2764 1446 2939 1511 mine,
2978 1456 3036 1501 et
3061 1444 3317 1515 quicquid
3360 1463 3471 1500 ma.

1885 1558 2013 1598 num
2044 1557 2247 1611 capere
2288 1549 2503 1610 poterat
2555 1546 2992 1610 asportaverunt.
3021 1538 3264 1607 Cumque
3290 1537 3471 1593 nullus

1885 1634 2078 1689 fuisset
2116 1634 2207 1703 qui
2257 1633 2466 1688 illorum
2507 1632 2767 1701 impetum
2807 1630 3069 1684 resistere
3098 1630 3385 1699 potuisset,
3434 1644 3470 1684 a

1885 1727 2103 1796 propria
2127 1734 2254 1780 sunt
2285 1725 2510 1780 reversi.
2544 1722 2774 1777 Romani
2800 1723 2851 1776 in
2889 1723 2969 1775 ira
2995 1721 3285 1789 commoti,
3316 1722 3473 1777 unia-

191 1841 323 1897 papa
356 1828 471 1895 (an.
503 1825 606 1878 9N
654 1825 835 1894 Apr.).
871 1822 1110 1877 Consilio
1153 1821 1289 1875 inito
1326 1836 1449 1875 cum
1498 1819 1781 1874 Albericus
1816 1836 1859 1895 Β
1886 1816 2107 1870 nimiter
2129 1816 2195 1868 ad
2218 1814 2476 1884 palatium
2500 1812 2886 1868 Lateranensis
2906 1821 3283 1881 properantes,
3310 1811 3476 1865 inter-

194 1917 540 1971 marchiones
587 1916 656 1970 de
696 1914 1036 1969 Sarraceuis.
1087 1913 1143 1967 In
1193 1912 1309 1980 ipso
1339 1920 1588 1979 tempore
1615 1909 1783 1963 exivit

195 2009 554 2079 Akyprandus
598 2007 857 2068 Reatino,
889 2015 943 2059 et
966 2005 1054 2059 alii
1084 2005 1265 2073 plures
1306 2003 1699 2073 Langobardis,
1728 2010 1784 2056 et

199 2098 505 2161 Savinensi,
536 2107 593 2152 et
626 2105 1057 2166 preparaveruut
1086 2110 1143 2149 se
1168 2111 1195 2149 a
1225 2110 1403 2166 pugna
1432 2109 1555 2148 cum
1585 2092 1782 2147 Sarra-

194 2190 339 2244 cenis
365 2230 381 2252 ,
410 2205 440 2242 a
477 2190 682 2243 mmnie
720 2188 957 2242 civitatis
986 2196 1257 2242 vetustate
1292 2194 1610 2256 consumpta
1632 2225 1646 2251 ,
1684 2200 1786 2239 no-

196 2282 340 2333 mine
388 2279 688 2333 Tribulaua
727 2279 894 2349 (111).
931 2278 994 2331 Et
1024 2276 1270 2332 conﬂictu
1296 2292 1496 2347 pugna,
1548 2277 1785 2331 interce-

198 2373 357 2425 dente
406 2371 569 2423 beato
616 2370 786 2424 Petro
823 2369 1104 2439 apostolo,
1153 2367 1473 2422 Sarraccnis
1516 2366 1785 2422 interfecti

194 2471 338 2516 sunt.
369 2461 491 2515 Alia
519 2475 703 2532 pugna
733 2459 987 2514 estfacta
1035 2460 1180 2513 inter
1221 2457 1505 2529 Nepisinos
1526 2467 1582 2512 et
1611 2456 1787 2511 Sutri-

196 2571 294 2610 nos
326 2570 454 2609 cum
504 2552 839 2609 Sarraeenis
869 2553 921 2608 in
971 2568 1166 2623 campo
1225 2554 1290 2608 de
1336 2551 1568 2608 Baccani
1614 2552 1785 2623 (1121.

196 2645 506 2716 multosque
562 2644 910 2700 Sarracenos
932 2643 1185 2698 trucidati
1216 2652 1350 2699 sunt
1395 2652 1453 2699 et
1497 2642 1785 2698 vulnerati.

196 2738 490 2793 Audientes
512 2737 840 2793 Sarracenis
858 2738 950 2808 qui
978 2744 1100 2793 erat
1127 2737 1179 2791 in
1203 2736 1531 2791 Narnienses
1546 2735 1600 2778 ⁸³
1622 2734 1792 2789 comi-

198 2838 327 2892 tam,
357 2830 659 2894 Ortuense,
690 2838 749 2884 et
771 2836 862 2899 qut
886 2838 1041 2884 erant
1062 2828 1116 2883 in
1147 2826 1339 2892 Cicuh’,
1360 2834 1792 2899 preparaveruut

198 2934 253 2973 se
274 2936 471 2978 attines
510 2922 565 2980 in
594 2937 764 2976 unum
796 2921 871 2976 ad
898 2921 1003 2978 dux
1028 2934 1219 2975 eorum
1250 2919 1343 2991 qui
1372 2928 1491 2974 erat
1516 2934 1544 2973 a
1567 2918 1790 2973 ﬂuvium

198 3012 501 3079 Garilianu,
537 3016 646 3069 iter
676 3015 975 3081 bastantes,
1003 3015 1239 3069 maxime
1281 3024 1704 3084 cognoscentes,
1736 3014 1789 3068 in

203 3120 255 3160 se
280 3108 413 3175 ipsis
462 3108 723 3162 interitus
750 3107 1013 3162 eveniret.
1061 3107 1369 3161 Ancxiehat
1395 3121 1490 3162 cor
1525 3104 1790 3163 Johannis

1891 1905 2033 1961 fecto
2060 1905 2253 1960 Petrus
2281 1902 2545 1969 marchio,
2571 1903 2638 1958 ad
2662 1902 2986 1973 apostolicos
3010 1902 3196 1956 nullus
3220 1902 3469 1971 adtingit.

1887 1996 2041 2052 Unde
2084 1995 2415 2049 consuetudo
2460 2009 2557 2063 per
2599 1993 2907 2063 singulos“
2961 1990 3164 2063 ngari
3202 1991 3467 2047 Romanis

1887 2087 2085 2141 ﬁnibus
2118 2085 2500 2154 depraadantur
2533 2084 2810 2153 deinceps.

1956 2196 2045 2250 '50.
2078 2194 2222 2251 Obiit
2248 2192 2522 2249 Johannes
2556 2195 2800 2250 decimus
2828 2209 2967 2264 papa
2997 2192 3109 2264 (an.
3147 2191 3273 2249 9‘28.
3308 2192 3471 2262 Mai.)

1892 2289 2065 2360 (115).
2092 2288 2297 2342 Domna
2327 2287 2572 2343 scnatrix
2599 2288 2741 2341 unde
2764 2287 3010 2357 superius
3036 2285 3293 2350 diximus,
3323 2298 3474 2340 orat-

1889 2382 2038 2436 navit
2063 2379 2339 2435 Iohannes
2384 2379 2846 2448 consanguineum
2892 2377 3011 2449 ejus
3039 2377 3094 2432 in
3123 2376 3306 2432 sedem
3356 2391 3478 2430 san-

1890 2473 2188 2537 ctissimus,
2210 2487 2306 2541 pro
2319 2486 2431 2541 quo
2453 2471 2773 2526 undecimus
2788 2479 2868 2524 est
2894 2469 3194 2539 appellatus
3221 2467 3331 2537 (an.
3348 2467 3444 2521 951
3458 2507 3476 2534 ,

1890 2562 2053 2619 Mart.
2093 2562 2208 2632 2.)).
2260 2560 2590 2631 Subjugatus
2649 2569 2733 2614 est
2779 2558 3008 2615 Romam
3052 2558 3372 2629 potestative
3421 2556 3479 2610 in

1891 2669 2053 2709 manu
2082 2653 2305 2717 femine,
2351 2654 2492 2707 sicut
2521 2653 2574 2706 in
2610 2652 2873 2721 propheta
2919 2650 3190 2720 legimus:
3250 2669 3266 2701 ι
3301 2649 3481 2703 Femi-

1890 2746 2007 2801 nini
2039 2743 2395 2799 dominabunt
2433 2742 2772 2801 Hierusalem
2801 2740 2936 2807 (Ira.
2971 2756 3056 2806 tu,
3102 2741 3180 2811 4).
3219 2740 3479 2796 {lterum

1892 2820 2067 2889 autem
2098 2833 2379 2888 venientes
2429 2831 2631 2902 Ungari
2668 2831 2824 2901 juxta
2857 2833 3083 2885 Romam
3111 2846 3141 2884 a
3170 2837 3322 2899 porta
3349 2844 3479 2884 san-

1891 2924 1962 2979 cti
1995 2924 2277 2988 Johannis,
2303 2923 2557 2978 exierunt
2606 2922 2837 2983 Romani
2861 2931 2915 2976 et
2942 2931 3318 2991 pugnaverunt
3353 2934 3481 2975 cum

1894 3014 2233 3084 Ungarorum
2267 3027 2435 3084 gens;
2463 3021 2522 3068 et
2560 3013 2872 3069 ceciderunt
2898 3012 2965 3068 de
2992 3012 3200 3069 nobiles
3222 3010 3479 3078 Romani,

1894 3104 2053 3159 sicuti
2086 3120 2115 3158 a
2163 3113 2348 3173 portas
2386 3102 2559 3172 ipsius
2589 3102 2821 3158 ecclesie
2860 3104 3101 3157 inumata
3129 3104 3483 3174 requiescunt

200 3196 385 3251 decimi
420 3213 565 3267 pape
593 3213 721 3255 cum
747 3197 1028 3254 Albericus
1054 3198 1320 3268 gloriosus
1345 3197 1709 3262 marchiones,
1733 3204 1789 3251 et
1817 3204 1861 3264 ε
1895 3193 2008 3264 (au.
2038 3194 2140 3248 957
2154 3193 2220 3264 ἒ).
2248 3192 2398 3247 Tunc
2438 3191 2776 3262 Ungarorum
2807 3209 2938 3264 gens
2974 3194 3254 3249 venientes
3283 3210 3313 3248 a
3352 3193 3483 3249 civi-

201 3288 417 3341 eollecta
448 3289 748 3343 multitudo
773 3290 1005 3344 ostiliter
1025 3300 1288 3347 venerunt
1309 3307 1338 3345 a
1363 3292 1409 3324 "
1432 3290 1653 3347 ﬂuvium
1684 3291 1788 3346 Ga-

206 3378 469 3433 rilianum.
510 3378 720 3435 Factus
766 3390 853 3435 est
880 3381 1167 3436 Atherieus
1195 3384 1436 3438 marchio
1481 3393 1535 3437 ut
1567 3384 1651 3439 leo
1681 3384 1792 3437 for-

207 3472 444 3528 tissimus
477 3474 629 3528 inter
667 3472 1003 3529 Sarracenos
1031 3472 1140 3544 (an.
1174 3475 1322 3547 9l6).
1353 3477 1659 3533 Audierunt
1689 3475 1794 3532 Be-

207 3564 487 3618 neventani
522 3564 779 3633 prelium,
814 3566 1065 3619 exierunt
1110 3566 1497 3631 Beneventum,
1532 3578 1587 3622 et
1630 3584 1794 3624 vene-

211 3658 422 3710 rnntad
471 3668 708 3723 turrem,
756 3669 812 3713 et
846 3658 1213 3727 preliaverunt
1241 3661 1468 3730 prelium
1501 3677 1789 3731 maguum;

212 3754 258 3798 et
277 3748 499 3801 contriti
555 3758 685 3803 sunt
709 3748 1031 3805 Sarraeenis
1052 3766 1081 3804 a
1114 3749 1255 3806 facie
1304 3751 1710 3816 Romanorum;
1741 3760 1799 3807 et

213 3835 439 3892 victores
466 3836 751 3893 Jobannes
790 3839 1036 3899 decimus
1064 3856 1228 3911 papa,
1256 3841 1615 3896 etAlbericus
1655 3857 1798 3895 mar-

215 3926 453 3993 cbiones,
504 3929 807 3984 honoriﬁce
833 3939 1143 4000 susceptum
1173 3931 1463 3986 Albericus
1491 3930 1735 3985 marchio
1763 3948 1793 3984 a

216 4014 457 4074 Romano
505 4019 732 4089 populo.
769 4020 902 4074 Erat
960 4021 1170 4076 hisdem
1216 4021 1499 4077 Alberieus
1554 4022 1798 4077 marchio

216 4108 591 4178 elangiforme.
623 4110 844 4180 Accepit
868 4127 970 4165 una
994 4114 1061 4167 de
1081 4113 1350 4168 nobilibus
1370 4113 1620 4177 Romani,
1646 4113 1800 4182 cujus

219 4201 430 4257 nomine
454 4210 743 4270 superest,
770 4202 1141 4269 Theophilacti
1175 4203 1282 4257 lilia
1303 4243 1321 4269 ,
1355 4218 1461 4259 non
1484 4204 1639 4275 quasi
1665 4220 1803 4259 uxor

218 4289 305 4343 sed
327 4291 382 4344 in
408 4292 865 4346 consuetudinem
883 4293 1192 4364 malignam.
1216 4292 1413 4349 Genuit
1433 4309 1497 4348 ex
1519 4309 1584 4349 ea
1608 4294 1800 4359 lilium,

216 4379 283 4432 ab
306 4395 499 4435 amore
525 4381 702 4451 patris
726 4382 1006 4439 Albericus
1032 4398 1226 4438 nomen
1252 4384 1542 4454 imposuit;
1568 4383 1805 4452 qualiter

217 4468 319 4525 huc
342 4470 641 4525 Albericus
667 4472 1007 4539 pervenerit,
1042 4485 1228 4543 p05Iea
1256 4474 1521 4528 dicamus.
1557 4472 1808 4527 Renova-

1895 3293 1981 3343 tas
2009 3286 2235 3341 Reatina
2256 3326 2271 3351 ,
2303 3284 2475 3340 exivit
2518 3285 2665 3341 foras
2700 3285 2898 3357 Joseph
2938 3287 3298 3357 Langobardo
3347 3303 3481 3359 pru-

1893 3378 2051 3443 dens,
2081 3393 2203 3433 eum
2228 3378 2464 3448 ingentis
2495 3379 2768 3433 exercitus
2792 3379 3311 3451 Langobardorum;
3354 3393 3482 3449 par-

1896 3478 1978 3524 tes
2008 3470 2285 3524 interemit
2314 3470 2514 3540 gladio,
2538 3480 2592 3524 et
2616 3480 2800 3541 partes
2822 3472 2974 3526 vivos
2998 3472 3335 3542 appreendit.
3367 3469 3479 3526 Un-

1893 3574 2149 3630 garorum
2196 3576 2328 3631 gens
2366 3562 2556 3616 videns
2598 3578 2657 3617 se
2703 3576 2771 3617 ex
2815 3563 2960 3617 omni
3003 3571 3185 3633 partes
3214 3563 3476 3633 impetum

1897 3652 2073 3723 gentis
2120 3653 2421 3716 dimicaret,
2464 3655 2572 3708 iter
2611 3655 2666 3709 in
2716 3657 2935 3725 propria
2974 3665 3101 3711 sunt
3152 3655 3378 3721 reversi,
3422 3664 3482 3711 et

1899 3742 2131 3812 amplius
2155 3744 2206 3797 in
2231 3743 2378 3797 italia
2401 3759 2499 3813 pro
2522 3745 2924 3814 deprmdatione
2946 3763 3051 3800 non
3075 3757 3200 3800 sunt
3229 3746 3489 3817 ingressi:

1901 3833 2027 3888 γεω
2049 3834 2306 3905 populum
2336 3836 2546 3890 ltalirol
2583 3847 2784 3907 quanta
2811 3838 3114 3893 accidentia
3149 3837 3214 3903 “,
3256 3848 3489 3908 quanta-

1902 3940 2009 3994 que
2033 3926 2187 3980 clade
2225 3927 2525 3997 alienigene
2550 3930 2727 3998 gentis
2757 3930 2810 3984 in
2836 3944 2934 3986 vos
2957 3932 3234 3987 exercuit!
3277 3931 3493 3988 Civitas

1904 4016 2177 4070 Leoniaua
2210 4016 2273 4081 ⁸⁸,
2299 4033 2461 4087 quem
2496 4020 2728 4073 (lentum
2758 4021 2944 4075 Civilis
2972 4024 3294 4086 construxit,
3327 4032 3488 4093 capta

1905 4108 2084 4163 fuistis
2126 4123 2155 4161 a
2200 4108 2520 4164 Sarracenis
2575 4120 2631 4166 et
2679 4111 2981 4180 alienigene
3026 4115 3237 4183 gentis;
3297 4110 3496 4169 verum

1905 4198 2067 4253 etiam
2096 4215 2125 4252 a
2168 4198 2546 4268 Bajuariornm
2576 4217 2708 4272 gens
2739 4202 3036 4259 Galliarum
3058 4246 3073 4269 ,
3102 4215 3157 4259 et
3182 4219 3211 4259 a
3241 4188 3367 4277 rege
3395 4207 3490 4262 cui

1906 4303 2101 4342 nonten
2130 4298 2250 4343 erat
2291 4289 2577 4357 Arnulfus;
2611 4293 2789 4347 ferunt
2834 4310 3068 4366 namque
3106 4297 3249 4366 quod
3285 4315 3314 4353 a
3338 4298 3487 4354 sellis

1906 4380 2240 4435 caballorum
2279 4379 2473 4436 fuisset
2498 4399 2814 4453 appreeusa.
2840 4386 2896 4441 In
2923 4388 3258 4459 temporibus
3285 4388 3492 4445 Johan-
3557 4401 3566 4410 ‘

1907 4476 1994 4530 uis
2037 4476 2231 4531 decimi
2283 4490 2439 4545 pape,
2479 4476 2635 4547 cujus
2679 4481 2929 4549 superius
2974 4482 3295 4535 memoriam
3338 4482 3489 4546 fecit,

221 4561 294 4614 vit
338 4563 511 4633 igitur
558 4562 834 4620 Joltanues
875 4564 1116 4620 decimus
1143 4580 1275 4634 papa
1319 4565 1374 4619 in
1419 4563 1803 4619 Lateranensis
1837 4567 2023 4656 Dt’isa
2054 4576 2179 4621 sunt
2210 4566 2399 4638 signa,
2448 4569 2683 4638 qualiter
2727 4570 2780 4625 in
2812 4572 2953 4627 hunc
3005 4572 3244 4628 libellum
3295 4575 3494 4631 seriem

218 4652 478 4720 palatium
511 4652 621 4710 tria
648 4653 876 4709 mirifice
911 4656 1234 4725 composuit,
1266 4657 1411 4726 picta
1434 4656 1719 4721 decorate,
1746 4666 1803 4712 et

219 4745 393 4799 versis
416 4760 485 4799 ex
509 4754 743 4813 utraque
764 4756 946 4815 partes
965 4763 1191 4802 exarare
1222 4748 1641 4818 studerejussit.
1669 4748 1803 4803 Orta

218 4844 306 4889 est
332 4836 567 4891 intentio
594 4836 735 4907 inter
761 4847 986 4893 matrem
1006 4839 1241 4896 Alberici
1278 4850 1335 4895 et
1362 4858 1519 4913 papa,
1557 4851 1614 4897 et
1648 4856 1805 4913 sepa-

226 4934 399 4979 ratum
425 4936 517 4981 est
537 4926 791 4997 populum
817 4928 1112 4986 Romanum
1141 4930 1283 4985 inter
1304 4946 1384 4987 se.
1410 4933 1545 4988 Erat
1573 4933 1805 5002 denique

226 5010 420 5070 Petrus
444 5014 797 5073 marchioues
814 5033 1103 5089 germanus
1123 5023 1476 5094 suprascripti
1497 5038 1656 5095 pape;
1680 5024 1808 5079 talis

1908 4661 2202 4715 vocitatur.
2231 4661 2277 4714 A
2305 4662 2496 4717 diebus
2524 4678 2761 4733 namque
2788 4664 2906 4735 ejus
2929 4666 3355 4721 demonstratum
3387 4675 3493 4732 est,

1912 4766 2016 4822 que
2050 4761 2173 4821 post
2200 4751 2396 4807 futuris
2425 4754 2540 4808 suis
2580 4757 2836 4823 temporis
2874 4757 3120 4826 adeptum
3144 4766 3249 4811 est.

1983 4845 2071 4899 51.
2094 4846 2252 4899 Anno
2275 4845 2344 4899 ab
2370 4845 2743 4903 incarnatione
2768 4848 2969 4902 domini
3002 4850 3169 4903 nostri
3192 4847 3317 4903 Jesn
3339 4845 3509 4902 Cbri-'

1912 4938 1980 4992 sti
2008 4938 2426 5008 nungentesimo
2457 4940 2711 4996 vicesimo
2742 4940 2935 5010 primo,
2977 4940 3268 4995 indictione
3296 4939 3493 5011 prima,

1915 5026 2137 5083 indictio
2186 5042 2328 5083 nona
2355 5067 2375 5094 ,
2407 5028 2742 5101 temporibus
2778 5030 2962 5086 domni
3006 5029 3269 5086 Johannis
3300 5025 3498 5081 decimi

1488 5132 1723 5188 VARUE
1756 5132 2158 5192 LECTIONES.
