3986 5444
505 331 569 388 ιδ
1558 328 1917 386 BEXEDlCTl
1958 327 2014 384 S.
2059 326 2360 384 ΑΝυῆἰΞίΕ
2405 324 2706 382 ῗοὈΝΑίίηι
3704 320 3774 375 Η

500 462 657 517 papa,
707 445 762 500 in
792 458 934 500 anno
968 442 1315 515 pontiﬁcatus
1348 442 1492 499 illius
1535 451 1761 512 septem,
1805 443 1921 498 vise
1958 450 2084 498 sunt
2115 453 2154 504 Α
2188 439 2333 493 velut
2352 439 2541 509 jacens
2566 436 2886 507 permansit,
2916 444 2968 492 et
2996 436 3191 492 iterum
3217 442 3398 493 erecta
3424 443 3509 493 est
3532 442 3590 493 ut
3616 435 3771 506 prius

499 542 672 610 signa.
725 535 858 591 Nam
896 536 1050 605 juxta
1073 536 1255 619 'hurbe
1302 534 1474 589 Roma
1522 534 1727 605 lapides
1769 534 1987 606 plurimi
2017 536 2083 587 de

495 631 611 686 celo
636 628 834 684 cadere
862 628 963 682 visi
995 637 1140 681 sunt.
1165 626 1220 680 lu
1243 625 1463 680 civitate
1485 639 1591 695 que
1619 633 1843 679 vocatur
1859 621 2079 685 Narnia,

497 730 605 775 tam
630 720 732 774 diri
755 733 819 774 ac
844 718 995 783 tetri,
1016 727 1076 772 ut
1094 717 1261 771 nichil
1276 716 1419 771 aliud
1437 716 1710 779 credatur,
1730 729 1894 784 quam
1914 714 1980 768 de
1996 714 2085 767 in-

494 802 796 869 fernalibus
822 810 955 865 locis
977 809 1193 865 deducti
1224 817 1425 866 essent.
1452 807 1589 862 Nam
1617 807 1692 862 ita
1720 821 1788 862 ex
1817 806 1922 861 illis
1947 804 2084 876 lapi-

494 906 652 961 dibus
678 919 820 959 unus
860 904 1102 959 omnium
1151 903 1420 958 maximus
1465 910 1572 967 est,
1620 910 1679 957 ut
1723 900 1982 958 decidens
2027 901 2082 954 in

494 998 691 1053 ﬂumen
742 997 997 1063 Narnus,
1056 997 1123 1051 ad
1173 1010 1425 1051 mensura
1475 995 1637 1050 unius
1681 993 1878 1049 cubitis
1923 1008 2087 1063 super

494 1092 665 1158 aquas
701 1085 938 1141 ﬂuminis
964 1099 1135 1154 usque
1164 1084 1323 1140 hodie
1353 1084 1649 1139 videretur.
1675 1082 1811 1137 Nam
1842 1091 1896 1138 et
1917 1082 2086 1153 ignite

497 1176 669 1232 facule
697 1192 729 1232 e
763 1177 883 1232 celo
912 1176 1143 1245 plurime
1182 1175 1433 1229 omnibus
1462 1174 1514 1229 in
1542 1175 1685 1230 hanc
1728 1174 1949 1229 civitate
1979 1173 2086 1226 Bo-

494 1269 641 1320 mani
668 1266 847 1337 populi
870 1266 985 1321 viso
1005 1276 1151 1331 sunt,
1177 1265 1250 1320 ita
1273 1273 1331 1319 ut
1352 1280 1488 1335 pene
1511 1274 1654 1320 terra
1683 1265 2082 1337 contingerent.

495 1355 612 1411 Alie
641 1356 897 1411 cadentes
920 1355 1075 1426 juxta
1103 1354 1322 1409 domum
1364 1353 1760 1425 'l‘heophilacti.
1791 1354 1909 1409 Alie
1929 1353 2103 1423 juxta

496 1447 724 1502 ecclesia
754 1455 1065 1501 sanctorum
1093 1446 1461 1515 apostolorum
1486 1445 1674 1502 Jacobi
1725 1456 1782 1501 et
1824 1446 2079 1517 Philippi,

497 1552 602 1607 quc
630 1552 729 1592 nos
750 1537 1051 1592 vocitamus
1079 1537 1253 1592 sancti
1295 1536 1547 1607 apostoli.
1576 1536 1695 1592 Alie
1719 1536 1824 1591 huc
1853 1535 2085 1606 illucque

498 1631 885 1686 discurrentes.
918 1628 1185 1684 Similiter
1203 1629 1392 1685 eodem
1422 1638 1666 1700 tempore
1689 1628 1865 1683 celum
1892 1628 2085 1683 ardere

496 1721 671 1774 visum
699 1726 802 1781 est.
828 1717 982 1788 juxta
1010 1718 1232 1774 Portum
1262 1717 1423 1787 hujus
1445 1718 1656 1784 burbis,
1680 1718 1916 1773 miliario
1937 1717 1985 1749 “
2012 1718 2082 1772 ab

2187 529 2379 583 fuerat.
2411 528 2467 582 in
2497 528 2743 583 (ecclesia
2778 542 2905 583 vero
2934 527 3105 582 sancti
3133 527 3343 597 Angeli,
3383 526 3537 595 juxta
3568 526 3773 583 ﬂumen

2186 617 2430 689 Tyberis,
2468 619 2522 673 in
2562 633 2666 688 qua
2698 619 2803 674 sita
2834 626 2917 674 est
2942 618 3183 673 ecclesia
3211 620 3384 672 sancti
3414 616 3670 673 Abbaciri
3717 625 3779 671 ct

2183 705 2466 772 Johannis,
2493 715 2549 760 et
2580 715 2764 761 sancte
2790 706 3052 771 Barbare,
3084 704 3228 761 fores
3254 703 3493 773 ejusdem
3522 705 3776 761 aecelesie

2184 811 2281 865 per
2309 805 2478 852 totum
2509 797 2677 852 ferme
2704 797 2847 853 diem
2876 798 3074 853 clausa:
3099 796 3356 863 fuerunt;
3409 797 3482 851 ita
3513 812 3613 852 nec
3657 798 3776 851 Vio-

2187 886 2377 952 lenter,
2407 904 2507 943 nec
2537 888 2750 943 letaniis
2776 888 2867 958 qui
2900 888 3050 965 visus
3072 888 3269 957 aliquis
3292 888 3381 944 illo
3410 888 3499 944 die
3524 904 3778 945 reserare

2186 978 2471 1048 potuisset.
2501 978 2620 1032 Alia
2650 987 2831 1032 autem
2865 977 2954 1033 die
2982 977 3128 1032 facta
3175 978 3374 1033 letania
3406 994 3469 1033 ac
3496 979 3621 1034 data
3650 993 3773 1033 ora-

2186 1069 2331 1125 tione
2362 1076 2653 1139 patuerunt
2694 1084 2753 1124 se
2804 1077 2862 1123 ut
2894 1069 3146 1139 primitus
3193 1070 3350 1125 solite
3400 1078 3578 1126 erant.
3630 1070 3784 1125 luse-

2186 1162 2372 1229 quenti
2407 1161 2570 1231 igitur
2593 1170 2833 1231 tempore
2863 1161 3035 1215 visum
3065 1170 3149 1215 est
3198 1162 3251 1216 in
3302 1161 3476 1217 forme
3515 1162 3692 1218 bestie
3722 1163 3778 1216 in

2189 1253 2576 1323 sublimijuxta
2596 1268 2798 1317 aerem,
2829 1254 2984 1322 quasi
3013 1255 3178 1309 draco
3202 1254 3663 1320 immanissimus;
3687 1256 3782 1310 cui

2186 1344 2460 1417 longitudo
2482 1334 2809 1402 cernebatur
2830 1348 2899 1402 ab
2919 1348 3161 1403 aecclesia
3185 1349 3360 1403 sancti
3383 1349 3600 1405 Eusebii
3614 1352 3780 1422 juxta

2187 1439 2473 1497 macellum
2511 1455 2737 1510 parvum
2788 1455 2927 1510 pene
2973 1443 3041 1495 ad
3096 1450 3281 1511 portas
3336 1437 3566 1508 Salaria,
3622 1442 3782 1498 multi

2187 1529 2537 1585 cernentibus
2560 1544 2656 1599 per
2678 1529 2915 1583 maxima
2936 1528 3107 1595 hora;
3141 1532 3338 1587 deinde
3357 1532 3588 1587 obducta
3612 1533 3786 1599 nube,

2189 1637 2452 1690 nusquam
2484 1622 2809 1691 comparuit.
2840 1620 2995 1693 Cepit
3018 1623 3186 1678 Roma
3218 1625 3271 1678 in
3307 1640 3365 1681 se
3387 1625 3500 1696 ipsa
3552 1640 3774 1682 merere

2195 1715 2394 1769 amicta
2427 1717 2604 1785 populi
2635 1731 2855 1770 vexare.

496 1809 631 1864 urbe
660 1808 831 1863 Roma
862 1810 1049 1864 decem
1079 1817 1135 1863 ct
1162 1818 1305 1864 octo.
1342 1808 1397 1863 ln
1423 1823 1527 1877 qua
1567 1807 1815 1862 videlicet
1866 1802 2091 1861 ﬂamma
2116 1813 2158 1871 lt
2254 1803 2344 1856 '52.
2392 1804 2561 1857 Mater
2606 1803 2890 1859 Albericus
2929 1806 3192 1876 principis
3233 1806 3463 1863 Romani
3490 1850 3505 1873 ,
3569 1808 3781 1880 legatos

499 1910 610 1955 tres
640 1899 801 1955 simul
824 1900 1076 1955 columne
1104 1902 1221 1955 vise
1246 1907 1408 1965 sunt,
1443 1900 1494 1954 in
1524 1903 1741 1954 modum
1770 1899 2084 1973 columpna-g

501 2007 619 2046 rum
648 2007 756 2061 que
778 2006 926 2045 nunc
957 1991 1009 2045 in
1037 1990 1271 2047 ediﬂeiis
1303 1991 1569 2045 locantur.
1599 1990 1658 2044 ln
1690 1989 1884 2059 quibus
1914 1989 2086 2044 tribus

496 2084 807 2154 columpnis
856 2091 968 2138 tres
1024 2083 1310 2154 columpne
1342 2084 1388 2117 ⁸⁸
1435 2092 1803 2155 apparuerunt
1856 2085 2103 2150 sedere,"

498 2187 822 2243 unaquaque
852 2188 1013 2244 super
1054 2173 1382 2244 columpna;
1431 2188 1463 2228 e
1493 2174 1689 2243 quibus
1731 2188 1838 2228 una
1879 2188 1946 2226 ex
1982 2172 2087 2228 illis

498 2264 728 2322 elevatis
750 2264 852 2321 alis
873 2266 1188 2337 extinguere
1208 2264 1459 2336 cupiebat
1478 2263 1713 2331 ﬂamine,
1734 2280 1831 2319 nec
1852 2272 2083 2334 poterat.

501 2357 704 2412 Deinde
736 2357 995 2422 secunda,
1022 2365 1081 2411 et
1110 2356 1329 2423 tertias,
1373 2364 1430 2411 et
1454 2356 1845 2426 necquicquam
1877 2355 2097 2420 valuit;

505 2461 608 2502 nec
638 2446 811 2502 multo
838 2455 959 2516 post
980 2448 1426 2517 supervenientes
1456 2463 1561 2502 una
1597 2463 1664 2503 ex
1693 2447 1813 2502 aliis
1842 2448 2087 2518 partibus

500 2539 753 2610 expansis
777 2538 898 2604 alis,
931 2549 985 2594 et
1012 2548 1120 2595 tam
1154 2540 1245 2595 ditt
1277 2550 1467 2597 contra
1509 2539 1726 2596 ﬂamma
1756 2541 1870 2597 alas
1904 2541 2109 2613 exagi-_

501 2638 634 2690 tant,
667 2645 952 2701 quousque
984 2632 1271 2687 totam-illa
1299 2631 1518 2688 ﬂamma
1545 2633 1827 2689 extincxit.
1858 2634 1930 2687 At
1956 2648 2087 2689 vero

498 2730 622 2791 post
650 2721 938 2789 harcjuxla
964 2732 1121 2793 porta
1167 2725 1328 2795 hujus
1373 2724 1609 2780 civitatis
1639 2741 1745 2796 que
1787 2726 2101 2795 appellatur

500 2811 706 2870 Salaria
736 2853 751 2876 .
798 2824 924 2868 ante
967 2814 1195 2871 ecclesia
1247 2816 1455 2872 scilicet
1499 2825 1686 2873 sancte
1734 2817 1983 2875 Susanne
2033 2812 2090 2874 et

498 2904 744 2975 Cyriaeis
795 2906 1095 2977 martyris,
1154 2907 1350 2962 mulier
1403 2908 1634 2978 quedam
1681 2910 1768 2965 die
1816 2911 2088 2966 dominico

498 2994 703 3049 mensis
746 2993 956 3050 Martiis
1000 3005 1306 3052 revertente
1358 2997 1428 3053 ab
1475 2999 1703 3055 ecclesia
1754 3002 1894 3057 beati
1939 3002 2086 3057 Petri

498 3083 763 3155 principis
793 3085 1163 3156 apostolorum
1194 3087 1262 3143 de
1287 3088 1520 3144 statione
1553 3090 1658 3145 diei
1694 3092 1855 3161 hujus
1885 3093 2087 3148 mensis

2191 1894 2414 1949 mittens
2464 1910 2494 1947 a
2552 1894 2741 1950 Ticine
2783 1895 3019 1951 civitatis
3065 1897 3135 1952 ad
3194 1896 3348 1967 llugo
3399 1900 3633 1969 quedam
3686 1916 3787 1955 rex

2194 1985 2594 2058 Langobardo,
2649 1996 2707 2041 ut
2772 1987 2872 2042 sibi
2929 1988 3273 2045 matrimonio
3322 1992 3623 2060 capularet.
3690 1991 3788 2048 Sic

2189 2077 2537 2148 adimpletum
2561 2085 2643 2133 est
2669 2081 2780 2150 (an.
2808 2078 2968 2149 952);
2999 2095 3126 2134 nam
3155 2089 3277 2151 post
3296 2083 3514 2151 nuptias
3535 2084 3785 2139 celebra-

2191 2175 2273 2222 tas
2301 2168 2355 2222 in
2391 2178 2571 2224 castro
2591 2169 2763 2224 sancti
2793 2169 2984 2238 Angeli
3017 2186 3110 2225 rex
3142 2186 3263 2226 cum
3297 2174 3480 2243 regina
3506 2173 3779 2239 ascendit,

2187 2260 2444 2329 cogitavit
2474 2275 2567 2315 rex
2613 2261 2870 2331 pessima,
2910 2270 2970 2315 ut
3009 2262 3195 2318 oculos
3221 2263 3488 2321 Albericis
3533 2268 3784 2339 previgni

2190 2349 2275 2404 sui
2324 2360 2562 2415 erueret,
2595 2362 2651 2407 et
2693 2351 2994 2408 Romanum
3027 2368 3250 2424 regnum
3299 2358 3350 2412 in
3383 2375 3479 2413 sna
3511 2360 3788 2431 redigeret

2193 2444 2496 2513 potestatis.
2525 2444 2753 2515 Cognita
2783 2445 3052 2503 Albericis
3074 2449 3424 2506 calliditatem
3459 2453 3619 2523 regis,
3647 2454 3786 2509 fides

2192 2536 2479 2606 spopondit
2521 2551 2643 2591 cum
2695 2536 2951 2592 Romanis
2995 2553 3009 2603 ;
3072 2550 3336 2609 ceperunt
3399 2543 3526 2598 tuba
3574 2559 3785 2601 canere

2191 2628 2424 2683 maxime
2444 2642 2603 2684 voces
2628 2629 3002 2696 ecclesiarum,
3030 2633 3589 2691 unianimiterloricis
3616 2636 3781 2690 indu-

2195 2719 2286 2783 tis,
2320 2722 2649 2775 resonabant
2683 2732 2825 2776 terra
2853 2738 3013 2779 voces
3039 2741 3246 2782 eorum.
3289 2727 3606 2784 Formidare
3630 2730 3785 2801 cepit

2189 2825 2284 2866 cor
2336 2811 2479 2882 regis
2535 2828 2639 2867 una
2702 2828 2823 2867 cum
2880 2817 3105 2886 regina;
3158 2818 3212 2873 in
3264 2816 3639 2889 Langobardia
3698 2830 3786 2876 est

2190 2917 2462 2959 reversus.
2512 2904 2796 2960 Albericus
2830 2908 3088 2978 princeps
3137 2910 3377 2964 omnium
3412 2910 3784 2967 Romanorum

2189 2993 2395 3048 vultum
2421 2995 2681 3050 nitentem
2713 2996 2855 3052 sicut
2888 3008 3042 3067 pater
3084 2998 3219 3069 ejus,
3262 3002 3567 3072 grandevus
3610 3003 3787 3057 virtus

2189 3084 2325 3154 ejus.
2354 3086 2484 3141 Erat
2516 3088 2660 3143 enim
2695 3089 2948 3145 terribilis
2994 3092 3172 3151 nimis.
3215 3103 3272 3147 et
3304 3096 3658 3165 aggrabatum
3699 3106 3791 3150 est

502 3176 689 3232 decem
716 3183 772 3231 et
797 3185 1029 3246 septem,
1074 3178 1127 3233 in
1156 3179 1408 3249 passione
1454 3180 1667 3236 Domini
1708 3196 1945 3251 coquens
1973 3182 2090 3253 pul-
2117 3179 2163 3240 C
2187 3172 2375 3245 jugum
2404 3190 2563 3244 super
2594 3176 2889 3245 Rotnanos,
2926 3189 2980 3233 et
3011 3181 3065 3234 in
3095 3190 3286 3238 sancte
3314 3184 3459 3239 sedis
3482 3184 3788 3250 apostolice

502 3275 767 3337 mentum.
818 3268 1061 3339 Cumque
1106 3271 1340 3340 primum
1401 3274 1701 3343 accepisset
1753 3274 2087 3345 pulmentum

503 3356 668 3417 oleris
712 3360 1003 3414 commedit
1030 3346 1053 3426 ς’
1093 3362 1287 3418 deinde
1314 3363 1540 3433 cupiens
1582 3364 1743 3420 ollam
1793 3365 1980 3422 tollere
2023 3367 2090 3422 de

504 3449 622 3509 loco
665 3450 719 3505 in
747 3465 855 3520 quo
882 3462 1158 3521 posuerat,
1190 3454 1416 3510 minime
1460 3454 1649 3511 valuit.
1680 3456 1735 3512 In
1783 3472 1890 3527 que
1915 3460 2091 3513 conti-

506 3541 737 3597 nebatur
762 3540 1121 3612 pulmentum,
1153 3559 1219 3616 ex
1267 3545 1416 3601 milio
1443 3544 1666 3601 factum.
1713 3546 1958 3617 Cumque
1987 3549 2090 3604 hoc

506 3630 790 3700 egrediens
819 3631 1036 3687 domum
1064 3672 1080 3697 ,
1126 3633 1308 3705 lugere
1343 3637 1487 3706 cepit
1517 3636 1709 3692 vicinis
1750 3646 1806 3693 et
1828 3639 2092 3708 proximis

508 3724 780 3794 cognitum
828 3723 1068 3791 faceret;
1099 3741 1289 3781 omnes
1320 3736 1621 3792 currentes,
1649 3728 1826 3783 nullus
1871 3745 1938 3784 ex
1985 3731 2092 3786 illis

509 3812 602 3881 qui
635 3822 898 3868 venerunt
934 3830 1130 3871 eruere
1160 3816 1226 3872 de
1269 3832 1542 3874 marmore
1590 3820 1644 3874 in
1693 3834 1801 3889 quo
1845 3823 2087 3878 sedebat.

508 3902 708 3961 lterum
744 3913 911 3976 atque
935 3906 1130 3962 iterum
1161 3917 1379 3964 caterve
1416 3910 1598 3980 populi
1644 3911 1804 3983 hujus
1831 3912 2090 3982 civitatis,

511 4001 623 4051 tam
651 3994 860 4064 clerici,
887 4011 1049 4067 quam
1076 3999 1255 4056 omnis
1285 4010 1439 4056 cetus
1471 3999 1840 4059 Romanorum
1886 4006 2093 4062 utrius-

509 4099 617 4156 que
649 4101 833 4154 scxus,
862 4088 1246 4157 advenissent;
1288 4106 1630 4165 nequaquam
1681 4096 1877 4167 aliquis
1924 4097 2095 4153 valuit

510 4188 747 4237 erueret.
778 4178 884 4236 Sed
915 4180 990 4235 ita
1014 4182 1311 4240 adberebat
1339 4200 1433 4242 vas
1459 4185 1607 4242 illum
1631 4190 1912 4255 marmori,
1942 4191 2093 4248 bacsi

511 4284 577 4327 ex
600 4270 715 4339 ipso
737 4286 1008 4329 marmore
1029 4273 1296 4345 sculptum
1317 4274 1527 4332 fuisset.
1553 4277 1667 4334 Hoc
1687 4290 1868 4335 autem
1890 4280 2092 4336 factum

512 4373 647 4430 pene
670 4374 765 4430 per
785 4368 1043 4429 quattuor
1060 4361 1318 4417 horarum
1340 4364 1541 4433 spatia,
1564 4365 1671 4420 hab
1693 4366 1824 4422 hora
1845 4368 2097 4425 videlicet

2195 3264 2308 3335 (rm.
2342 3268 2628 3339 942946).
2671 3269 2887 3325 Electus
2934 3271 3173 3328 Marinus
3213 3290 3349 3345 papa
3394 3290 3503 3330 non
3548 3276 3789 3333 audebat

2195 3358 2473 3430 adtingere
2497 3360 2693 3429 aliquis
2727 3370 2885 3418 extro
2907 3361 3083 3431 jussio
3114 3366 3347 3422 Alberici
3379 3367 3637 3437 principi.

2262 3469 2352 3525 33.
2386 3470 2721 3527 Recordatus
2766 3483 2849 3529 est
2893 3474 3158 3546 gloriosus
3193 3478 3450 3548 princeps
3498 3477 3790 3533 Albericus

2192 3588 2264 3602 --
2287 3560 2450 3615 credo
2488 3561 2539 3615 in
2572 3562 2772 3618 virtute
2809 3563 3045 3634 Spiritus
3070 3567 3243 3622 sancti
3270 3577 3414 3622 esset
3436 3568 3536 3622 hac
3571 3568 3784 3634 datum,

2193 3659 2247 3705 et
2272 3651 2371 3706 hec
2393 3651 2660 3707 diﬂnitum
2677 3682 2746 3693 ——
2762 3656 2905 3724 cepit
2927 3666 3072 3712 esset
3107 3659 3285 3713 cultor
3306 3661 3784 3716 monasteriorum.

2194 3738 2511 3796 Ediﬂcavit
2555 3746 2942 3800 monasterium
2966 3746 3013 3780 “
3042 3750 3214 3803 sancti
3250 3748 3523 3805 Laurentii
3555 3751 3610 3805 in
3654 3767 3787 3822 agro

2196 3829 2431 3898 Verane,
2455 3840 2511 3888 et
2540 3836 2927 3890 monasterium
2952 3839 3124 3893 sancti
3148 3839 3296 3895 Pauli
3319 3841 3546 3911 apostoli
3572 3858 3587 3908 ;
3618 3845 3786 3899 rebus

2193 3936 2325 3978 vero
2372 3925 2867 3993 monasteriorum,
2916 3938 3023 3998 qn’e
3068 3930 3246 3986 ablata
3293 3941 3449 3987 erant
3499 3934 3701 3989 dudum
3751 3951 3784 3991 a

2194 4013 2379 4082 pravis
2417 4013 2729 4071 hominibus
2776 4019 3032 4073 restituit.
3064 4021 3279 4077 Audivit
3319 4024 3674 4082 desolationis
3716 4042 3785 4083 ex

2196 4107 2530 4162 monasterio
2548 4109 2721 4164 sancti
2747 4109 2963 4166 Andrce
2990 4114 3240 4181 apostoli,
3260 4123 3314 4168 et
3331 4117 3505 4170 sancti
3532 4117 3785 4173 Silvestri

2197 4198 2250 4252 in
2288 4209 2471 4254 monte
2497 4198 2735 4271 Syrapti,
2779 4217 2885 4271 que
2927 4204 2995 4257 ab
3026 4206 3294 4274 Agarenis
3322 4216 3537 4276 captum
3582 4208 3783 4275 fuerat,

2197 4288 2434 4342 maxime
2459 4290 2749 4345 servitores
2773 4290 2930 4359 hujus
2943 4296 3255 4350 monasterii
3273 4297 3785 4364 carnalitervivans,

2198 4386 2253 4432 et
2306 4379 2468 4433 rebus
2515 4379 2868 4435 ecclesiarum
2921 4383 2973 4437 in
3041 4383 3384 4441 bassallatico
3444 4402 3474 4441 a
3536 4386 3789 4444 fidelibus

512 4467 654 4506 nona
687 4466 856 4546 usque
882 4452 950 4507 ad
979 4462 1158 4546 nocte.
1187 4453 1471 4527 Superque
1501 4471 1595 4513 vas
1621 4467 1851 4525 stantes,
1880 4460 2093 4532 signum
2128 4533 2169 4546 ﬁ
2198 4467 2457 4537 principis
2489 4468 2665 4525 fuerat
2690 4485 2966 4528 concessa.
2996 4473 3182 4530 Astitit
3211 4478 3299 4546 qui
3322 4477 3524 4533 diceret
3549 4496 3562 4531 :
3595 4497 3614 4531 ‹
3648 4480 3786 4536 Ειιιη

513 4542 693 4598 crucis
719 4540 1008 4611 facientes,
1053 4545 1283 4601 letanias
1310 4562 1406 4618 per
1434 4548 1696 4618 plurimas
1739 4551 2095 4622 deprecantes
2128 4533 2175 4592 υ
2202 4560 2324 4614 me!
2367 4571 2568 4628 quanta
2600 4562 2738 4616 mala
2781 4565 3084 4619 accidentia
3135 4567 3188 4621 in
3227 4533 3556 4623 monasterio
3607 4572 3787 4627 sancti

513 4633 705 4699 Deum,
732 4646 789 4688 ut
809 4644 1098 4693 erueretur
1118 4636 1264 4691 illum
1290 4651 1382 4694 vas
1403 4640 1468 4694 de
1492 4639 1609 4695 loco
1635 4640 1687 4694 in
1714 4656 1819 4709 quo
1840 4642 2091 4710 sedebat;

513 4724 607 4781 sed
633 4742 730 4781 nec
757 4727 834 4783 sic
859 4729 1081 4798 profuit.
1109 4728 1417 4787 Novissime
1455 4732 1798 4790 venientibus
1834 4736 1956 4792 aliis
1982 4739 2095 4793 cle-

514 4819 644 4889 ricis
673 4818 997 4875 facientibus
1022 4822 1271 4877 similiter
1294 4823 1541 4891 letanias,
1569 4837 1697 4883 tunc
1729 4843 1867 4885 unus
1895 4846 1962 4885 ex
1990 4831 2096 4887 illis

515 4917 735 4963 extensa
769 4926 931 4964 manu
989 4910 1134 4967 facto
1164 4914 1319 4985 signo
1360 4914 1587 4980 Christi,
1635 4917 1772 4972 dans
1798 4920 2097 4988 orationes,

515 5013 645 5054 mox
674 4999 1009 5054 sublevatum
1038 5016 1131 5057 vas
1171 5002 1299 5058 illud
1330 5004 1578 5060 inlesum.
1626 5004 1802 5062 Simili
1838 5009 1998 5065 modo
2042 5011 2100 5066 in

516 5092 746 5144 ecclesia
774 5101 959 5144 sancte
979 5093 1187 5144 Aaatbe
1214 5111 1320 5144 nne
1347 5108 1725 5144 nunmmnntnr
1752 5088 1998 5144 Λίαρηηεέι
2046 5103 2100 5142 in

2201 4652 2428 4707 Andreae
2451 4653 2699 4724 adtingit,
2731 4655 2822 4725 qui
2855 4665 2963 4711 tam
3007 4674 3235 4729 magnus
3274 4661 3473 4715 dudum
3514 4662 3689 4717 estitit
3710 4706 3724 4727 ,
3756 4679 3789 4720 a

2202 4743 2399 4798 Karolo
2447 4744 2637 4816 Magno
2689 4748 3033 4804 bedificatum
3080 4761 3135 4806 et
3179 4752 3318 4808 mire
3372 4757 3729 4825 compositum
3772 4773 3789 4822 ;

2202 4835 2332 4889 totis
2352 4835 2465 4890 suis
2488 4838 2650 4893 rebus
2669 4848 2725 4893 et
2746 4839 2948 4895 colonis
2973 4841 3040 4895 ad
3061 4841 3319 4897 nichilum
3342 4843 3594 4902 redactus
3613 4850 3736 4902 est!
3765 4867 3788 4901 ι

2203 4926 2315 4981 Hoc
2342 4927 2567 4982 audiens
2594 4928 2877 4985 Albericus
2919 4931 3184 5001 gloriosus
3231 4932 3509 5006 princeps,
3557 4940 3794 5008 amplius

2201 5018 2443 5087 cogitare
2480 5018 2646 5088 cepit.
2686 5020 2821 5074 Erat
2860 5021 3092 5092 denique
3137 5023 3372 5079 Leonem
3420 5029 3793 5084 venerabilem

2201 5108 2574 5142 “Iunquno-nm
2599 5119 2647 5142 nl
2680 5111 2915 5142 mnt':neua

2962 5129 3057 5142 (unus
3072 5123 3251 5140 ΑΙζΙΑΙΑ
3270 5123 3404 5140 -.Αἶα-Α
3433 5123 3761 5140 --.μ---ξι---
