3986 5444
225 290 285 345 lli
1529 281 1939 344 CHRONICON.
3426 283 3495 334 46

225 402 406 457 colone
435 400 679 457 bibidem
722 400 1098 457 habitantibus
1142 410 1197 457 et
1247 402 1600 457 residentibus
1625 444 1638 467 ,
1687 417 1807 456 cum
1839 404 1886 462 Α
1986 395 2073 453 34.
2117 395 2193 453 Ad
2219 398 2525 455 Albericum
2557 400 2851 471 principem
2879 410 3154 460 vertemur
3175 405 3484 470 articulum,

225 495 539 559 prepbatum
591 493 985 547 monasterium
1027 492 1195 546 sancti
1243 489 1486 546 Silvestri
1529 493 1580 544 in
1629 502 1807 545 monte

226 582 456 653 Syrapt‘i,
481 589 538 640 et
567 583 962 639 monasterium
993 578 1161 638 sancti
1188 583 1444 653 Stephani
1470 586 1522 638 in
1547 583 1808 645 Mariano,

225 677 270 728 ei
295 691 420 729 cum
450 675 636 729 omnia
684 675 898 729 illorum
931 675 1226 744 acjaeentia
1269 675 1322 728 in
1351 689 1513 745 super
1543 674 1812 742 descripto

225 765 555 819 monasterio
597 766 774 818 sancti
822 765 1048 818 Andreae
1093 765 1339 834 apostoli.
1397 772 1451 816 et
1497 779 1528 816 a
1575 763 1809 817 Leonem

222 858 585 912 venerabilem
617 859 870 912 abbatem
908 858 1180 912 investivit
1208 867 1262 911 et
1306 856 1561 920 restituit,
1593 854 1748 909 sicuti
1780 869 1808 907 a

222 949 394 1017 prisco
423 962 676 1018 tempore
727 949 904 1002 fuerat
951 963 1263 1003 concessus.
1315 948 1486 1001 Tanta
1539 945 1712 1016 gratia
1761 945 1812 999 ei

220 1039 445 1090 contulit
479 1040 626 1092 Deus
654 1038 836 1093 Leone
868 1039 1192 1092 venerabilis
1222 1038 1428 1102 abbati,
1477 1037 1634 1090 modo
1660 1036 1810 1089 diea-

220 1143 351 1179 mus.
386 1127 678 1181 Ediﬁcavit
709 1138 951 1182 castrum
973 1143 1038 1181 ex
1068 1135 1297 1196 utraque
1327 1136 1510 1197 partes
1541 1136 1812 1180 monaste-

219 1219 298 1280 rii,
321 1229 377 1272 et
406 1221 719 1274 construxit
743 1227 861 1274 tres
900 1229 1078 1274 turres
1121 1219 1190 1273 ab
1217 1219 1472 1274 introitus
1500 1217 1661 1287 hujus
1692 1233 1810 1271 mo-

216 1311 460 1371 nasterii,
511 1311 704 1365 ﬁrmus
745 1322 799 1364 et
837 1310 1082 1365 stabilem
1129 1311 1376 1381 perfecit.
1419 1309 1660 1365 Gemens
1710 1311 1812 1364 hoc

214 1401 501 1454 Alberieus
533 1403 805 1471 princeps,
853 1417 959 1470 que
1003 1401 1190 1455 libenti
1235 1402 1418 1455 animo
1459 1415 1683 1455 munera
1732 1400 1837 1455 eis~

216 1493 430 1561 optulit,
454 1504 513 1548 et
539 1495 592 1547 in
622 1496 734 1547 suis
759 1495 935 1549 sacris
965 1493 1302 1548 orationibus
1323 1509 1380 1548 se
1402 1491 1808 1547 commendans.

214 1586 251 1638 Α
276 1585 434 1639 ldans
465 1586 546 1639 eis
589 1587 980 1641 monasterium
1001 1585 1091 1654 qui
1121 1585 1318 1639 dicitur
1345 1585 1689 1647 Acutianum,
1718 1584 1811 1652 qui

215 1683 293 1727 est
323 1677 374 1728 in
405 1693 577 1730 onore
606 1686 795 1731 sancte
816 1677 907 1730 Dei
932 1675 1210 1746 genitricis
1235 1689 1557 1744 semperque
1585 1673 1808 1743 virginis

1909 501 1963 546 et
2000 491 2234 562 qualiter
2259 509 2287 547 a
2317 495 2534 563 regibus
2563 503 2708 550 terre
2737 495 3215 566 Langobardorum
3241 515 3334 554 seu
3360 496 3488 554 Tra-

1858 645 1861 647 _
1913 581 2120 651 salpine
2163 582 2338 637 nullus
2384 585 2575 639 robore
2623 587 2734 640 suis
2767 587 3096 657 temporibus
3143 589 3197 643 in
3246 588 3490 644 Romano

1913 671 2111 726 ﬁnibus
2133 687 2243 726 non
2273 682 2400 728 sunt.
2429 674 2676 744 ingressi.
2701 675 2900 732 Genuit
2926 686 3104 732 autem
3129 695 3194 734 ex
3226 679 3309 733 his
3335 681 3488 750 prin-

1909 763 2083 831 cipem
2117 779 2182 817 ex
2235 763 2591 818 concubinam
2641 767 2827 831 lilium,
2875 767 3130 836 imposuit
3171 770 3250 824 eis
3292 784 3488 824 nomen

1911 850 2259 906 Octabianus.
2291 852 2530 908 Consilio
2561 857 2693 909 emit
2722 856 2767 888 "
2796 856 3074 912 Albericus
3107 859 3398 929 principes,
3432 871 3494 914 ut

1911 942 1978 996 de
2019 944 2280 1012 sanguine
2318 943 2612 1000 Grecorum
2644 947 3026 1015 imperatorum
3059 950 3160 1004 sibi
3200 963 3366 1005 uxore
3398 966 3491 1005 so-

1912 1034 2184 1088 ciandam.
2234 1035 2610 1091 Transmissus
2673 1037 2994 1094 Benedictus
3053 1039 3405 1110 Campaniam
3459 1057 3489 1094 a

1912 1125 2453 1198 ConstantinOpolim,
2497 1139 2556 1182 ut
2598 1129 2884 1200 perliceret
2913 1131 3092 1186 omnia
3128 1132 3357 1202 qualiter
3388 1133 3490 1187 sibi

1911 1221 2198 1277 sociantlos
2225 1231 2390 1276 esset.
2434 1221 2665 1275 Romani
2711 1223 3004 1276 secundum
3045 1223 3490 1276 consuetudinem

1912 1314 2202 1383 malignam
2236 1314 2683 1374 eonsiliaverunt,
2722 1322 2779 1366 ut
2813 1311 3111 1382 principem
3143 1313 3488 1377 occiderent;

1912 1419 2016 1473 que
2061 1404 2282 1458 consilia
2331 1420 2517 1458 eorum
2565 1403 2853 1457 Albericus
2902 1403 3211 1456 innoteseit.
3252 1401 3492 1456 Marinus

1911 1497 2215 1566 episcopus,
2247 1506 2300 1551 et
2329 1496 2654 1552 Benedictus
2681 1495 2964 1566 episcopus
2985 1509 3125 1550 cum
3158 1494 3247 1548 alii
3297 1493 3495 1548 ceteris

1911 1581 2286 1655 perpetrantes
2314 1586 2546 1641 clamide
2572 1587 2637 1651 ‘°,
2671 1596 2730 1640 ιιι
2777 1587 3052 1656 principes
3084 1585 3365 1640 Albericus
3409 1585 3492 1638 in-

1913 1677 2223 1729 terﬁcerent
2248 1692 2262 1740 ;
2286 1675 2520 1746 pessima
2547 1673 2952 1744 coniurationes
2978 1675 3121 1728 inter
3141 1690 3199 1730 se
3229 1673 3494 1734 fecerunt.

215 1765 379 1819 Marie
405 1807 421 1831 ,
475 1769 759 1821 territorio
819 1767 1134 1822 Savinense.
1190 1767 1321 1820 Erat
1384 1766 1528 1820 enim
1575 1765 1806 1835 quedam
1840 1758 1882 1815 Β
1911 1775 2028 1819 erat
2058 1766 2202 1819 enim
2239 1767 2461 1820 consilia
2503 1781 2691 1820 eorum
2718 1781 2941 1820 vanum.
2985 1765 3196 1819 Abebat
3232 1764 3496 1834 gloriosus

215 1855 415 1925 Campo
446 1858 619 1912 abbas
652 1857 803 1927 (lM)
833 1858 885 1911 in
919 1859 1060 1912 lmuc
1090 1856 1442 1921 monasterio,
1475 1871 1596 1910 cum
1631 1853 1810 1908 fratri-

214 1948 312 2001 bus
342 1950 478 2012 suis,
509 1949 819 2005 lubricosus
851 1951 962 2005 suis
993 1950 1328 2020 corporibus.
1363 1949 1438 2002 Ita
1492 1947 1724 2002 Leonem
1755 1947 1808 2000 in

216 2037 326 2092 suis
352 2040 595 2110 regimen
645 2043 828 2096 erexit
859 2025 1064 2095 duobus
1110 2040 1285 2094 annis.
1333 2039 1474 2093 Emit
1519 2038 1662 2092 enim
1709 2038 1813 2092 iste

214 2125 447 2182 Leonem
475 2130 810 2184 venerabilis
831 2130 997 2184 abbas
1018 2129 1285 2183 casalibus
1309 2129 1516 2184 duabus
1539 2127 1811 2182 territorio

217 2218 518 2274 Savinense
565 2221 794 2276 fundum
846 2219 1234 2290 Similganum,
1285 2219 1414 2274 bubi
1460 2230 1541 2274 est
1580 2219 1810 2273 ecclesia

214 2308 385 2361 sancti
414 2307 705 2380 Clementi,
736 2311 896 2365 uncie
923 2326 1038 2374 sex,
1067 2311 1286 2364 t’undum
1312 2309 1571 2372 Tezzani,
1597 2309 1690 2362 ubi
1729 2316 1814 2362 est

212 2399 438 2453 ecclesia
469 2409 656 2455 sancte
700 2399 876 2455 Marie
919 2401 1166 2471 integro,
1211 2399 1433 2452 fundum
1480 2396 1614 2452 Villa
1665 2397 1810 2461 lena,

216 2487 437 2544 fundum
482 2491 755 2546 Peculiari
807 2492 1038 2563 integro,
1081 2491 1303 2545 fundum
1335 2489 1525 2546 Terrie
1575 2491 1810 2558 integro,

219 2578 438 2631 fundum
465 2577 788 2650 Garpiniani
825 2582 1054 2651 integro,
1086 2581 1308 2635 fundum
1354 2579 1634 2639 Graniani.
1685 2579 1812 2633 hubi

219 2681 298 2722 est
324 2670 571 2726 :ecclesia
597 2673 776 2727 sancti
808 2672 1021 2727 Andree
1049 2673 1298 2743 apostoli.
1326 2672 1546 2724 fundum
1580 2668 1811 2724 Poreani

220 2761 451 2830 integro,
485 2761 719 2816 fundum
747 2763 940 2833 Agelli,
977 2764 1134 2818 uncie
1163 2771 1292 2824 tres,
1323 2761 1544 2814 fundum
1567 2759 1812 2814 Galbiani

222 2850 449 2922 integro,
479 2852 714 2907 I'nndum
741 2854 1039 2908 Antiscanii
1071 2852 1294 2906 vinealis
1322 2853 1462 2922 petie
1489 2867 1603 2913 sex,
1633 2851 1728 2904 toti
1758 2851 1811 2903 in

224 2961 399 3001 massa
432 2950 504 3002 de
546 2950 694 3004 tocie
730 2950 872 3019 petie
901 2951 965 3005 de
995 2959 1138 3006 terra
1169 2950 1296 3004 hubi
1325 2951 1522 3004 dicitur
1548 2967 1576 3003 a
1610 2948 1810 3013 Saline,

223 3045 328 3091 tres
357 3041 504 3108 petie
528 3042 597 3094 de
619 3049 766 3095 terra
793 3058 820 3095 a
847 3040 1066 3096 fundum
1092 3042 1384 3097 Antiscano
1408 3057 1436 3095 a
1463 3051 1813 3096 monumento

1913 1855 2162 1925 princeps
2193 1857 2468 1912 sororibus
2499 1856 2820 1919 senatrices,
2852 1855 3080 1910 clamide
3103 1855 3148 1886 "
3174 1856 3314 1909 inter
3343 1869 3401 1908 se
3429 1855 3496 1907 de

1914 1960 2086 2002 morte
2111 1949 2264 2004 fratri
2292 1951 2372 2004 sui
2408 1959 2724 2004 tractantes.
2752 1947 2903 2001 Tunc
2938 1963 3095 2000 unam
3129 1946 3326 2002 exillis
3341 1946 3498 2000 dere-

1914 2043 2041 2097 licto
2067 2043 2311 2106 consilio,
2343 2042 2500 2113 quasi
2539 2041 2724 2096 dolens
2764 2041 2958 2095 ardore
3007 2039 3187 2094 cordis
3227 2039 3336 2102 sui,
3367 2037 3524 2091 inti--

1915 2133 2085 2187 mavit
2111 2133 2342 2202 principi
2371 2147 2631 2204 germano
2661 2147 2780 2195 suo,
2807 2145 2912 2200 que
2936 2139 2992 2184 et
3014 2128 3248 2198 qualiter
3271 2125 3498 2180 turbidi-

1914 2239 2038 2278 nem
2074 2223 2381 2277 acciderent
2408 2223 2459 2277 in
2489 2238 2633 2278 eum.
2663 2221 2762 2289 Qui
2789 2236 2910 2274 mox
2937 2220 3187 2290 princeps
3211 2217 3498 2272 Albericns

1915 2314 2232 2384 a‘ppreensis
2260 2329 2423 2384 super
2447 2321 2502 2368 et
2530 2313 2747 2382 scriptis
2777 2311 3068 2381 episcopis,
3099 2319 3152 2363 et
3178 2308 3266 2362 alii
3293 2306 3498 2362 ceteris

1914 2403 2259 2474 gladiatores,
2290 2403 2376 2457 alii
2410 2402 2704 2466 berberati,
2735 2401 2854 2455 aliis
2883 2399 3122 2471 gladiati,
3156 2398 3246 2452 alii
3289 2397 3342 2451 in
3374 2411 3502 2450 car-

1914 2513 2091 2553 cerem
2117 2498 2339 2552 retrusi.
2367 2497 2759 2566 Liberatusque
2794 2503 2878 2549 est
2923 2492 3173 2563 princeps
3209 2490 3274 2544 ad
3305 2487 3501 2544 seditio

1915 2590 2164 2643 Romani.
2189 2589 2312 2656 Que
2360 2589 2597 2659 posthtec
2629 2587 2904 2657 cogitavit,
2938 2594 2997 2639 ut
3043 2584 3108 2638 de
3143 2583 3350 2636 nobiles
3385 2580 3499 2634 Ro-

1916 2695 2076 2734 mane
2139 2679 2504 2749 pulcherrime
2547 2677 2746 2731 femine
2813 2677 2866 2730 in
2915 2674 3124 2729 ancillis
3173 2680 3498 2742 potestatem

1915 2769 2097 2822 domui
2117 2784 2214 2823 sue
2241 2777 2503 2838 preesset,
2527 2775 2585 2821 ut
2611 2767 2836 2836 conjuge
2865 2780 2960 2819 sue
2984 2764 3279 2818 Grecorum
3303 2771 3504 2830 genere

1919 2861 1971 2914 in
2009 2861 2323 2930 aspectibus
2347 2859 2644 2914 Grecorum
2692 2857 2743 2909 in
2777 2855 3032 2925 nuptialis
3057 2852 3246 2906 diebus
3277 2849 3503 2905 donaria

1917 2953 2246 3015 concedere;
2291 2958 2345 3004 et
2375 2950 2454 3003 sic
2503 2945 2854 3015 adimpletum
2899 2953 3000 2998 est.
3034 2941 3148 2996 Non
3197 2949 3402 2995 tantum
3433 2937 3503 2992 de

1921 3043 2109 3097 lrurbis
2125 3041 2326 3102 Romze,
2346 3041 2438 3094 sed
2467 3039 2630 3092 etiam
2661 3037 2727 3092 de
2757 3034 3095 3090 Savinensis.
3126 3031 3217 3086 Sic
3239 3029 3503 3099 adimple-

222 3145 386 3199 usque
413 3133 483 3186 ad
515 3134 724 3203 ripam,
758 3135 919 3188 castri
953 3135 1173 3188 Summa
1205 3135 1326 3188 villa
1352 3175 1366 3198 ,
1405 3134 1626 3188 fundum
1657 3133 1814 3187 Antia
1843 3122 1886 3180 C
1922 3141 2033 3185 tum
2087 3139 2200 3197 est;
2251 3137 2626 3184 verumtamen
2681 3126 2750 3180 ad
2800 3123 3094 3180 thalamum
3145 3121 3349 3191 nuptiis
3392 3134 3506 3174 non

222 3236 381 3290 quum
414 3240 544 3278 cum
581 3224 706 3279 aliis
735 3225 1044 3281 nominibus
1087 3227 1300 3296 integro
1323 3267 1338 3290 ,
1370 3226 1594 3280 fundum
1623 3225 1817 3280 Casale

220 3308 344 3366 hubi
388 3323 475 3368 est
525 3315 778 3369 aacclesia
833 3316 1004 3370 sancti
1050 3316 1360 3380 Valentini,
1419 3332 1540 3370 eum
1595 3317 1816 3370 fundum

225 3400 574 3471 Carpiniano,
610 3404 832 3459 fundum
863 3406 1164 3460 Mnsiniano
1198 3422 1319 3462 eum
1367 3407 1548 3462 omnia
1585 3423 1679 3462 sua
1723 3409 1826 3462 ad—'

219 3491 472 3558 iacentia,
511 3497 742 3552 fundum
783 3498 959 3554 Cazze
986 3501 1218 3572 integro,
1253 3499 1474 3555 fundum
1518 3500 1824 3557 Cesarnoni'

230 3587 454 3658 integro,
493 3579 727 3644 fundum
755 3591 1101 3657 Castellione,
1134 3593 1262 3648 hubi
1284 3601 1366 3647 est
1390 3593 1616 3648 ecclesia
1646 3577 1817 3648 sancti

229 3675 531 3734 Laurentii.
566 3680 711 3735 lnl'ra
756 3683 974 3739 civitate
1013 3683 1266 3753 Nepisina
1296 3684 1426 3739 cella
1472 3686 1644 3739 sancti
1689 3685 1820 3740 Gra-

233 3770 397 3825 liliani
427 3788 559 3826 eum
595 3788 692 3826 sua
721 3775 1106 3843 pertenientia,
1147 3775 1372 3831 fundum
1418 3775 1705 3831 Urbanella
1739 3777 1821 3830 iu-

231 3869 395 3932 tegro,
431 3863 666 3917 fundum
690 3865 983 3937 Rotilgani,
1011 3867 1061 3920 in
1092 3867 1361 3921 territorio
1387 3865 1639 3936 Nepisino
1683 3866 1822 3921 valle

229 3967 329 4021 que
354 3955 565 4009 dicitur
587 3954 758 4025 Gupa,
803 3958 1077 4012 territorio
1116 3957 1518 4028 Campaniano;
1564 3957 1700 4011 infra
1744 3958 1823 4013 ci—

227 4043 370 4097 res"
397 4046 580 4099 Roma
603 4062 708 4100 non
730 4046 887 4116 longe
907 4047 972 4102 ab
992 4048 1235 4103 aecelesia
1253 4047 1424 4101 sancti
1451 4047 1768 4117 Apolenaris
1788 4063 1818 4102 a

227 4134 490 4203 templum
521 4135 900 4202 Alexandrini,
940 4137 1129 4193 cellam
1173 4155 1336 4193 unam
1367 4138 1573 4202 utilem,
1618 4139 1821 4208 Aquin-

227 4232 334 4277 tum
364 4235 596 4294 pratum
636 4243 805 4281 unum
835 4232 1130 4299 optimum,
1177 4247 1207 4284 a
1252 4239 1406 4300 prata
1449 4231 1623 4285 sancti
1675 4229 1821 4284 Petri

225 4313 351 4370 hubi
406 4317 620 4372 dicitur
679 4335 838 4374 arcus
891 4320 1178 4375 Militorum
1229 4330 1445 4392 pratum
1501 4337 1710 4385 unum,
1765 4322 1819 4376 in

222 4407 399 4461 taline
421 4408 482 4461 in
513 4408 776 4463 Artheula
801 4410 884 4464 tila
909 4413 1134 4466 duabus.
1175 4412 1229 4466 ln
1257 4427 1434 4466 massa
1457 4411 1523 4464 de
1543 4410 1821 4480 Septemio

1920 3223 2189 3294 pervenit.
2228 3222 2359 3276 Erat
2401 3221 2636 3290 denique
2683 3219 2736 3273 in
2786 3217 2990 3273 sanctis
3037 3215 3182 3270 sedis
3211 3211 3507 3284 apostolico

1919 3316 2180 3386 Agapitus
2229 3313 2466 3367 nomine.
2510 3312 2640 3366 Post
2692 3311 2806 3365 [nec
2853 3324 2961 3363 non
3013 3307 3241 3363 multum
3292 3315 3506 3374 tempus

1920 3410 2187 3480 gloriosus
2225 3409 2477 3478 princeps
2525 3405 2876 3476 languescere
2910 3402 3092 3472 coepit.
3143 3400 3244 3466 Qui
3277 3397 3510 3453 festinus

1921 3503 1987 3558 ad
2016 3501 2300 3558 ecclesiam
2327 3499 2585 3570 principis
2611 3496 2979 3566 apostolorum
3011 3492 3248 3554 devenit,
3279 3489 3507 3544 nuntius

1923 3589 2270 3648 transmissos
2318 3605 2418 3661 per
2467 3597 2690 3645 cunctos
2742 3587 3016 3641 Romanos
3063 3582 3272 3638 nobiles
3324 3580 3391 3635 ad
3446 3593 3510 3634 se

1922 3687 2107 3741 venire
2135 3684 2295 3746 fecit;
2327 3691 2383 3736 et
2409 3696 2600 3737 omnes
2637 3678 3006 3750 promiserunt
3041 3674 3147 3729 ﬁde
3194 3689 3292 3744 per
3319 3685 3509 3728 sacra-

1923 3785 2187 3840 mentum,
2216 3783 2276 3829 ut
2320 3772 2650 3830 Octabianus
2682 3770 2850 3824 lilium
2899 3782 3056 3823 suum
3105 3773 3228 3835 post
3277 3771 3510 3818 mortem

1921 3867 2135 3938 Agapiti
2172 3880 2308 3936 pape
2355 3863 2689 3919 Octabianus
2733 3874 2870 3930 papa
2917 3858 3200 3927 eligerent.
3247 3854 3512 3910 Ordinate

1923 3973 2179 4028 germane
2209 3949 2308 4010 sue
2338 3968 2527 4017 causa,
2559 3961 2612 4007 et
2638 3948 2921 4007 Octabiani
2953 3948 3046 4002 ﬁlii
3077 3946 3184 4012 sui,
3210 3944 3349 3999 infra
3378 3959 3514 3999 cons

1923 4049 2160 4104 fessione
2215 4047 2360 4102 beati
2407 4039 2578 4100 'Petri
2651 4042 2919 4114 apostoli,
2983 4041 3095 4095 vita
3157 4036 3334 4092 ﬁnivit
3392 4036 3510 4108 (an.-

1923 4137 2203 4204 946-955).
2230 4209 2236 4215 _
2755 4208 2765 4213 ζ

1930 4217 1970 4274 τ”
1994 4226 2083 4282 55.
2121 4227 2266 4280 Inter
2291 4225 2406 4279 haec
2443 4239 2548 4279 non
2577 4221 2802 4277 multum
2837 4229 3048 4291 tempus
3077 4216 3340 4289 Agapitus
3369 4229 3511 4285 papa

1924 4319 2160 4373 decessit
2187 4317 2300 4387 (an.
2325 4315 2455 4379 956,
2481 4313 2656 4382 Jan).
2684 4311 3017 4368 Octabianus
3050 4310 3100 4362 in
3129 4309 3257 4363 sede
3283 4306 3513 4364 sanctis-

1924 4411 2059 4464 sima
2088 4397 2368 4477 susceptus
2393 4415 2496 4471 est,
2529 4414 2584 4460 et
2624 4414 2848 4458 vocatus
2883 4411 2967 4457 est
3006 4400 3282 4456 Johannes
3311 4396 3514 4452 duode-

222 4496 364 4551 liana
394 4500 681 4553 territorio
713 4499 1038 4566 Savinense,
1072 4503 1136 4556 da
1161 4503 1245 4556 via
1272 4503 1518 4556 domniea
1543 4517 1712 4571 usque
1753 4503 1819 4555 ad
1858 4499 1902 4556 D
1929 4503 2054 4558 cimi
2087 4518 2243 4572 papc.
2274 4499 2471 4555 Factus
2495 4507 2580 4552 est
2624 4507 2734 4552 tam
2772 4495 3011 4550 lubricus
3041 4493 3124 4548 sui
3159 4490 3426 4562 corporis,
3457 4497 3514 4543 et

223 4589 456 4649 ﬂubium
489 4593 718 4648 fundum
749 4593 1071 4649 Brutrucnm
1100 4605 1238 4649 terra
1275 4605 1329 4649 et
1355 4596 1554 4660 vineae,
1600 4595 1823 4649 fundum

223 4683 511 4737 Ascletum
535 4671 803 4739 onmia'et
834 4686 886 4739 in
917 4687 1186 4740 omnibus.
1210 4687 1264 4739 In
1294 4687 1624 4741 monasterio
1650 4685 1823 4739 sancti

223 4774 462 4828 Andreae
504 4774 640 4830 fecit
680 4776 733 4830 in
781 4776 949 4830 isdem
996 4779 1323 4832 monasterio
1364 4777 1589 4832 ecclesia
1637 4785 1826 4831 sancte

229 4863 437 4931 Marie,
495 4877 555 4922 et
606 4868 926 4936 conjuncxit
976 4884 1097 4924 cum
1147 4870 1388 4925 cenobio.
1448 4868 1747 4925 Renovavit
1795 4882 1826 4920 a

212 4956 603 5048 fundamentis
645 4960 894 5015 ascclesia
941 4962 1108 5016 sancti
1155 4963 1383 5017 Andrcze
1421 4961 1648 5033 apostoli
1675 4959 1827 5028 juxta

229 5049 444 5106 ﬂumen.
477 5052 797 5108 Renovavit
824 5053 1062 5108 aacclesia
1103 5055 1273 5108 sancti
1307 5054 1492 5126 Angeli
1528 5057 1582 5111 in
1616 5062 1830 5106 montes

230 5137 543 5196 Gritianello
569 5158 584 5208 ;
619 5141 827 5197 estimo
854 5142 994 5212 quod
1023 5141 1278 5198 memoria
1309 5143 1450 5200 illius
1476 5146 1528 5201 in
1573 5154 1826 5200 eternnm

229 5243 529 5296 permanet.

1929 4602 2038 4646 tam
2083 4595 2336 4655 audaces,
2382 4587 2646 4659 quantum
2689 4602 2834 4641 nunc
2872 4586 2918 4617 ⁷⁰
2961 4585 3015 4639 in
3057 4583 3274 4654 gentilis
3317 4579 3514 4650 populo

1928 4685 2135 4740 solebat
2162 4684 2297 4739 ﬁeri.
2317 4677 3030 4737 Habebat-consuetudinem
3055 4675 3236 4744 sepius
3256 4670 3509 4730 venandi,

1931 4789 2036 4828 non
2077 4773 2231 4843 quasi
2259 4771 2624 4841 apostolicus,
2671 4769 2767 4824 sed
2797 4767 2952 4836 quasi
2979 4766 3142 4820 homo
3185 4763 3351 4819 ferus.
3384 4759 3514 4812 Erat

1931 4865 2076 4921 enim
2111 4864 2312 4936 c0gitio
2343 4861 2459 4929 ejus
2500 4877 2741 4926 vanum;
2789 4853 3331 4930 diligebat'collectio
3362 4847 3516 4903 femi-

1931 4972 2148 5019 narum,
2174 4955 2405 5012 odibiles
2432 4953 2827 5015 ecclesiarum,
2857 4947 3105 5005 amabilis
3131 4942 3345 5014 juvenis
3377 4938 3513 4992 fero-

1931 5048 2180 5103 citantes.
2210 5045 2384 5101 Tanta
2412 5045 2648 5115 denique
2674 5041 2893 5095 libidine
2917 5027 3000 5094 sui
3024 5034 3269 5106 corporis
3289 5026 3514 5115 exarsit,

1933 5147 2134 5206 quanta
2177 5149 2325 5191 nunc
2351 5134 2398 5165 "'
2445 5114 2735 5206 possumus
2782 5141 3060 5184 enarrare.
3099 5125 3230 5179 Erat
3267 5114 3518 5206 enimdin

1883 5208 1901 5223 ⁸
1930 5203 2062 5272 an...
2092 5227 2261 5274 Roma
2291 5203 2479 5276 sancti.
2509 5226 2752 5278 Romane.
2796 5217 3041 5268 κριθεῖσι
3096 5213 3369 5256 “item”
3407 5203 3521 5252 δίη·
