3986 5444
464 395 531 446 47
1320 444 1328 449 ,
1546 396 1904 452 BENEDICTI
1948 397 2005 451 S.
2046 395 2347 449 ΑΝυΙὶΕᾸΞ
2394 394 2694 449 ΜΟΝΑΟΙΙΙ
3660 390 3743 451 ’48

463 518 639 559 conus
664 503 905 568 nomine,
930 514 983 558 et
1007 504 1151 558 Azzo
1180 503 1617 572 protoscrinium,
1649 505 1911 560 hodibiles
1939 514 2054 559 erat
2082 512 2131 569 Α
2161 504 2432 573 Ceperunt
2477 502 2704 558 Romani
2738 501 3052 560 mollescere
3086 501 3418 573 apostolicis,
3446 512 3503 558 et
3535 503 3754 562 factum

460 610 525 647 cu
542 610 591 647 ιιι
643 594 961 663 pontifices;
996 605 1217 665 propter
1244 595 1437 648 crebro
1476 596 1591 649 suis
1618 594 1765 665 (115)
1802 595 2058 663 nequitiis

455 683 701 753 qualiter
725 699 879 751 reges
903 682 1147 737 Saxones
1172 684 1223 737 in
1247 684 1395 738 Italia
1424 682 1664 738 Romano
1688 699 1873 753 regno,
1900 684 2057 738 modo

465 789 522 829 ιο
537 775 768 830 citemus
801 774 971 845 (LIB).
1004 773 1278 830 Jrhauues
1317 776 1577 831 diaconus
1599 786 1651 831 et
1700 776 1846 831 Azzo
1876 785 2057 848 proto-

459 868 650 922 mrinii
684 869 875 923 helecti
906 877 1033 923 sunt
1065 870 1309 936 robusti;
1338 878 1456 924 erat
1478 886 1573 924 cor
1600 885 1764 925 unum
1788 881 1843 925 et
1871 874 2055 928 anima

392 1020 403 1027 ἡ
460 973 569 1013 una
600 959 750 1014 inter
776 976 854 1023 se,
882 970 936 1014 ut
967 958 1136 1027 magis
1163 961 1229 1013 ad
1263 970 1438 1015 morte
1467 957 1746 1016 subii-aere
1772 964 2058 1039 pontiﬁces

453 1064 627 1117 quam
662 1050 730 1103 al
780 1049 967 1115 vitam,
1004 1060 1063 1104 ut
1089 1049 1391 1105 Rommum
1434 1052 1717 1122 imperium
1747 1055 1799 1108 iu
1832 1056 2056 1109 Saxoni-

455 1155 584 1193 .-.um
620 1155 799 1209 regem
829 1141 1151 1203 concedere,
1180 1150 1238 1195 ut
1268 1142 1511 1197 mcclcsie
1534 1153 1721 1199 sancte
1750 1145 1799 1198 in
1827 1146 2055 1215 prcsulis

456 1232 689 1301 aenigni
733 1240 993 1302 prcesset.
1036 1232 1299 1288 Miserum
1345 1233 1551 1304 legatos
1585 1236 1650 1288 ad
1684 1234 1809 1291 Otto
1849 1237 2056 1306 primus

464 1322 709 1379 Saxones
740 1339 946 1393 regem,
994 1336 1054 1379 ut
1101 1327 1313 1380 veniret
1361 1338 1417 1380 et
1457 1328 1757 1397 possideret
1798 1327 1973 1393 Italia,
2000 1337 2055 1383 et

460 1412 761 1468 Romanum
792 1414 1096 1483 imperium.
1128 1415 1247 1483 Quo
1276 1418 1491 1487 cognita
1526 1418 1837 1480 calliditate.
1878 1419 2055 1489 ponti-

460 1506 545 1561 fex
598 1520 929 1575 appreensus
981 1504 1255 1563 Iohannes
1283 1508 1315 1562 d
1342 1524 1568 1576 aconus,
1610 1519 1665 1564 et
1691 1510 1836 1565 Azzo
1871 1521 2055 1580 proto~

460 1599 741 1659 scrinium.
790 1612 1013 1653 manum
1055 1600 1259 1653 athidi
1293 1601 1553 1670 precepit,
1598 1617 1720 1655 cum
1752 1618 1859 1670 quo
1890 1603 2053 1657 brebe

458 1690 750 1755 scribebat,
782 1700 837 1744 et
872 1688 1149 1745 Iohannes
1186 1691 1445 1746 diaconus
1479 1708 1665 1747 nasum
1696 1691 1814 1760 ejus
1843 1693 2051 1749 abscidi

460 1779 608 1834 fecit.
651 1780 751 1846 Qui
802 1795 899 1849 per
946 1781 1217 1834 curricula
1266 1791 1567 1853 temporum
1618 1782 1965 1838 rotelando“
1996 1793 2052 1839 et

2156 605 2239 648 cst
2280 592 2439 646 ritum
2465 594 2510 624 ⁷⁸
2543 610 2819 664 maguum,
2848 592 3115 647 discordia
3161 591 3303 647 inter
3328 593 3660 661 apostolicus
3689 604 3755 650 ες

2162 686 2488 753 imperator;
2523 686 2757 755 qualiter
2806 689 2959 741 horta
2992 686 3062 740 sit
3098 685 3345 751 intentio,
3376 687 3751 742 adbreviando

2156 777 2515 845 adtingamus.
2546 776 2890 845 Apostolicus
2919 775 3194 830 Johannes
3218 776 3269 829 in
3299 774 3593 846 Campanie
3618 793 3746 848 par—

2158 869 2301 923 tibus
2326 870 2570 935 secessit,
2598 869 2783 923 relicta
2812 871 2961 927 sedis.
2980 868 3272 938 apostolice
3296 879 3516 939 propter
3539 878 3747 924 metum

2158 961 2523 1030 imperatoris.
2552 962 2776 1016 Romani
2808 963 2976 1032 magis
3002 962 3267 1016 sevientes
3300 961 3440 1014 inter
3467 977 3546 1026 sc,
3577 962 3747 1031 petie-

2156 1063 2282 1108 runt
2337 1055 2403 1107 ad
2457 1055 2866 1123 imperatorem,
2916 1064 2973 1107 ut
3031 1053 3266 1109 Leonem
3319 1055 3745 1123 protoscrinium

2155 1162 2349 1217 papam
2379 1147 2663 1216 eligerent.
2695 1146 2902 1201 Placuit
2939 1146 3281 1216 imperatori;
3313 1146 3554 1200 helectus
3578 1157 3663 1199 est
3692 1154 3749 1200 et

2154 1239 2207 1293 in
2237 1240 2363 1293 sede
2410 1240 2751 1295 sanctissima
2796 1249 2883 1293 est
2911 1240 3116 1309 positus
3156 1239 3309 1311 (Dec.
3363 1240 3438 1308 ϐ).
3480 1237 3747 1294 Ordinata

2154 1339 2349 1384 cuncta
2398 1329 2617 1393 Tuscia,
2663 1338 2717 1384 et
2762 1329 3096 1399 Pentapolim
3151 1332 3347 1385 ﬁnibus
3398 1330 3451 1383 in
3494 1329 3748 1384 arcelesia

2153 1424 2518 1493 apostolorum
2566 1424 2849 1495 principis,
2878 1433 2933 1478 et
2970 1424 3138 1480 Leoni
3185 1441 3323 1496 papa
3360 1423 3658 1487 concessit,
3690 1423 3749 1478 in

2152 1513 2323 1569 Gallia
2352 1524 2435 1569 est
2474 1530 2747 1569 reversus.

2223 1607 2312 1661 57.
2340 1607 2462 1677 (Λη.
2484 1604 2634 1676 964.)
2665 1607 2890 1660 Romani
2922 1622 3049 1660 vero
3074 1606 3367 1662 secundum
3396 1604 3751 1660 consuetudi-

2153 1716 2274 1753 nem
2308 1701 2505 1769 prisca,
2536 1700 2765 1753 divisum
2799 1709 2883 1754 est
2913 1699 3166 1769 p0pulum
3199 1701 3340 1754 inter
3374 1714 3452 1763 se,
3490 1708 3546 1753 et
3577 1698 3750 1752 advo-

2152 1802 2306 1845 catus
2336 1801 2418 1845 est
2449 1789 2724 1845 Iohannes
2752 1806 2885 1861 papa
2914 1792 2979 1845 de
3004 1790 3311 1861 Campania:
3349 1791 3584 1844 tiuibns:
3617 1804 3750 1845 cum

456 1874 637 1944 sepius
676 1876 922 1929 iterando
956 1874 1007 1927 in
1036 1873 1239 1929 Gallias
1266 1884 1319 1928 et
1350 1876 1401 1929 in
1450 1874 1777 1930 Saxonicum
1820 1892 2044 1947 regnum
2080 1877 2117 1934 Β
2148 1881 2349 1951 ingenti
2376 1881 2573 1935 robore
2600 1880 2652 1935 in
2683 1880 2852 1935 Roma
2883 1882 3159 1953 ingressus
3188 1891 3302 1947 est;
3332 1897 3436 1951 que
3466 1897 3746 1950 appreen-

461 1965 589 2019 Otto
620 1981 710 2020 rex
748 1966 964 2021 Saxone
992 1974 1048 2020 et
1075 1965 1312 2033 Liutulfo
1357 1965 1527 2022 ﬁlium
1571 1965 1690 2036 ejus
1730 1967 1955 2037 prinms,
1991 1967 2045 2022 in

456 2056 607 2112 Italia
642 2058 905 2127 ingressi;
936 2068 993 2113 et
1023 2058 1259 2127 qualiter
1294 2058 1347 2113 in
1392 2061 1691 2116 accidentia
1737 2060 2046 2131 Langobar-

455 2150 643 2205 dorum
671 2149 752 2202 vel
779 2150 876 2202 Liu
906 2149 1039 2216 ull'o,
1066 2150 1225 2205 modo
1247 2166 1353 2205 non
1379 2150 1643 2217 dicamus,
1668 2161 1721 2205 et
1748 2151 1827 2206 sic
1851 2152 2045 2207 adbre-

456 2238 655 2294 hiando
686 2255 906 2310 regnum
934 2242 1001 2296 ad
1034 2242 1244 2312 apicem
1283 2243 1441 2297 modo
1469 2242 1831 2314 adtingamus.

523 2333 611 2386 36.
653 2332 781 2387 Otto
823 2348 917 2387 rex
966 2335 1215 2389 veniente
1257 2334 1443 2389 Italico
1492 2349 1679 2403 regno,
1713 2344 1859 2389 tanta
1910 2349 2047 2404 pene

455 2428 745 2483 multitudo
768 2430 943 2498 gentis
968 2429 1020 2482 in
1048 2428 1221 2493 Italia,
1246 2443 1349 2499 que
1369 2429 1450 2483 sic
1475 2428 1830 2499 impleverunt
1852 2428 2046 2484 faciem

456 2529 620 2581 terre,
672 2520 812 2573 sicut
854 2519 1035 2574 situle.
1085 2519 1327 2573 Habebat
1390 2529 1569 2573 autem
1626 2535 1809 2574 secum
1856 2529 2047 2589 gentes

458 2610 738 2675 nationes,
782 2624 1012 2679 quorum
1057 2609 1237 2678 lingue
1282 2625 1391 2664 non
1439 2610 1803 2679 agnoscebant
1849 2612 2044 2680 gent-is.

453 2702 678 2772 Insuper
708 2704 821 2758 [nec
866 2703 1098 2757 habebat
1139 2718 1269 2772 gens
1294 2718 1400 2773 que
1429 2702 1661 2756 Guinula
1719 2706 2047 2757 vocabantur

455 2796 701 2849 sarcinas
728 2796 794 2859 ",
834 2804 886 2847 et
936 2808 1144 2859 carros,
1176 2802 1229 2848 et
1275 2792 1523 2848 machina
1571 2803 1868 2863 portantes.
1916 2793 2049 2847 Erat

452 2889 597 2940 cnim
646 2897 900 2955 aspectus
945 2899 1130 2939 eorum
1171 2884 1433 2949 orribilis,
1478 2892 1534 2939 et
1570 2884 1819 2939 curbis”
1856 2898 2048 2953 prope-

454 2987 663 3043 rantes,
692 2988 981 3046 carpentes
1009 2977 1133 3042 iter,
1165 2986 1220 3031 et
1247 2978 1315 3031 ad
1362 2977 1596 3047 prelium
1629 2988 1685 3031 ut
1716 2977 1861 3032 ferro
1896 2987 2048 3031 stan-

454 3078 555 3123 tes.
584 3068 847 3124 Omnibus
879 3076 1181 3122 vertentem
1228 3068 1393 3136 igitur
1422 3084 1516 3123 rex
1547 3080 1602 3123 et
1630 3078 1914 3138 pergentes
1949 3082 2049 3136 per

452 3173 678 3229 mgnum
709 3156 974 3220 Italicum,
1020 3172 1087 3210 ex
1130 3164 1358 3224 utraque
1406 3166 1591 3226 partes
1633 3158 1940 3211 venientem
1988 3157 2043 3210 in

2147 1972 2221 2027 sis
2256 1971 2453 2025 missus
2497 1971 2563 2025 de
2614 1971 2972 2041 imperatores
3006 1981 3062 2026 et
3112 1972 3418 2041 aliquantus
3464 1971 3751 2027 Romanos

2147 2062 2238 2131 qui
2269 2073 2424 2117 erant
2471 2064 2818 2120 consentanei
2868 2064 2958 2133 qui
3008 2074 3163 2118 erant
3206 2081 3330 2119 cum
3375 2064 3556 2119 Leone
3581 2080 3750 2135 papa,

2148 2152 2330 2208 Leone
2358 2170 2494 2224 papa
2531 2153 2655 2225 fuga
2684 2156 2979 2225 capientes,
3007 2156 3057 2209 in
3088 2156 3396 2226 longinquis
3431 2156 3750 2227 regionibus

2145 2246 2390 2299 secessit.
2433 2247 2614 2315 Agunt
2645 2262 2902 2316 namque,
2927 2246 3069 2316 quod
3107 2262 3277 2318 usque
3306 2248 3372 2300 ad
3418 2246 3753 2316 Trasalpine

2147 2339 2349 2391 montis
2379 2338 2449 2391 ita
2484 2348 2857 2406 properantes.
2886 2337 3001 2391 Non
3031 2347 3147 2407 post
3178 2338 3378 2393 multos
3403 2347 3619 2408 tempus
3648 2338 3755 2391 im-

2146 2441 2365 2500 perator
2406 2447 2526 2487 cum
2562 2432 2762 2502 ingenti
2792 2434 3036 2488 exercitu
3079 2433 3236 2488 simul
3283 2449 3405 2487 cum
3443 2434 3752 2503 apostolico

2144 2527 2201 2583 in
2232 2524 2383 2578 Italia
2409 2533 2493 2579 est
2523 2540 2790 2579 reversus.
2815 2523 3090 2579 Johannes
3126 2540 3261 2595 papa
3306 2525 3594 2579 audientes
3644 2525 3755 2579 im-

2145 2625 2331 2687 petum
2362 2623 2417 2668 et
2441 2616 2678 2667 furerent
2710 2614 2874 2683 regis,
2907 2614 3090 2668 relicta
3138 2614 3306 2667 lloma
3352 2614 3548 2669 iterum
3582 2614 3752 2667 Cam-

2147 2705 2305 2775 pania
2336 2713 2419 2758 est
2450 2704 2746 2772 ingressus.
2776 2702 3004 2757 Romani
3055 2703 3196 2757 inter
3225 2716 3283 2757 se
3324 2704 3615 2766 sevientes,
3649 2718 3751 2757 vo-

2147 2795 2320 2855 lentes
2343 2794 2694 2863 nolentesque
2722 2809 2919 2847 cruore
2946 2794 2999 2847 in
3028 2793 3353 2848 Benedictus
3379 2792 3752 2848 subdiaconus

2148 2894 2334 2939 sancte
2385 2882 2629 2937 Romane
2676 2884 2918 2937 mcrlesie
2957 2883 3197 2938 hcleetus
3228 2892 3331 2946 est,
3365 2893 3421 2938 et
3464 2883 3533 2937 ab
3579 2884 3751 2940 scolis

2146 2985 2232 3030 est
2256 2975 2568 3038 advocatus,
2598 2984 2655 3029 et
2686 2975 2737 3028 in
2769 2984 2956 3029 sancte
3001 2975 3145 3029 sedis
3173 2974 3471 3043 apostolice
3516 2990 3751 3045 preesse

2147 3064 2411 3117 fecerunt.
2454 3064 2586 3117 Erat
2627 3066 2770 3117 enim
2818 3064 2904 3117 vir
2947 3065 3398 3134 prudentissinms
3440 3066 3753 3133 gramatice

2148 3152 2283 3207 artis
2309 3152 2549 3219 inbutus,
2580 3155 2722 3209 unde
2750 3155 2815 3207 ad
2847 3154 3149 3207 Romanum
3176 3154 3374 3223 populo
3409 3154 3752 3212 Benedictus

451 3252 587 3307 urbe
619 3250 808 3304 Itoma.
837 3248 1091 3303 Adlatum
1119 3256 1204 3303 est
1229 3247 1279 3301 ei
1311 3248 1541 3318 populus
1568 3247 1845 3302 Romanus
1876 3246 2039 3301 simul
2070 3232 2115 3293 C
2146 3248 2491 3305 Gramaticus
2530 3257 2613 3303 est
2661 3249 2982 3317 appellatus.
3032 3248 3231 3302 Audita
3282 3248 3576 3316 imperator
3623 3252 3751 3309 lucc

456 3355 580 3395 cum
613 3340 889 3409 pontitice,
912 3347 967 3394 et
988 3338 1285 3393 honoriﬁce
1308 3347 1609 3406 susceptus,
1635 3345 1691 3391 et
1715 3336 1766 3391 in
1794 3335 2039 3392 ecclesia

452 3427 1114 3499 aposrolomm‘principis
1145 3427 1341 3482 missas
1385 3425 1674 3491 celebrata,
1698 3436 1755 3481 et
1790 3425 2043 3499 laudibus

451 3519 677 3574 abstolis
699 3516 745 3549 ⁷⁵
772 3516 1066 3572 honoriﬁce
1093 3515 1359 3579 laudatus,
1384 3524 1440 3571 et
1462 3514 1733 3586 Augustus
1757 3523 1841 3570 est
1860 3515 2045 3586 appel-

454 3608 597 3664 latus
627 3608 801 3679 (H7),
836 3606 1009 3662 lactus
1034 3616 1119 3661 est
1142 3621 1273 3678 ergo
1301 3606 1487 3662 Italico
1516 3622 1685 3678 regno
1710 3606 1796 3661 vel
1838 3606 2042 3663 Roma-

453 3718 581 3757 num
611 3702 898 3771 imperium
928 3717 957 3755 a
987 3702 1314 3757 Saxonicum
1346 3716 1525 3772 regem
1553 3702 1898 3773 subjugatum
1925 3704 2042 3775 (an.

452 3794 577 3859 962,
626 3792 786 3847 Febr.
817 3794 896 3863 2).
940 3793 1018 3848 De
1052 3793 1273 3864 regibus
1321 3791 1709 3863 Langobardis,
1736 3804 1791 3850 et
1816 3796 1883 3852 de
1926 3795 2042 3851 Hu-

452 3884 647 3940 bertus
681 3883 1048 3949 marchiones,
1082 3885 1317 3953 qualiter
1351 3883 1474 3954 fuga
1502 3886 1644 3954 capti
1676 3901 1708 3940 a
1739 3900 1904 3957 regno
1933 3886 2043 3941 Ita-

453 3978 560 4035 lico
583 3979 812 4049 expulsi,
840 3979 998 4035 modo
1021 3978 1299 4034 sileamus.
1324 3979 1451 4034 Otto
1475 3994 1570 4036 rex
1594 3980 1846 4036 robustus
1868 3980 2045 4038 factus

455 4080 539 4127 cst
571 4073 624 4125 in
653 4086 839 4141 regno,
868 4070 922 4125 in
950 4069 1120 4125 Gallia
1148 4079 1229 4125 est
1256 4084 1527 4125 reversus.
1554 4069 1752 4125 Iterum
1779 4070 1846 4125 ad
1873 4070 2042 4125 Roma

456 4172 810 4235 propeantes
843 4178 935 4217 rex
966 4179 1089 4218 cum
1120 4162 1325 4233 regina,
1350 4162 1587 4217 Adelade
1628 4162 1864 4230 nomine,
1890 4179 2044 4219 coro-

456 4258 569 4314 nati
617 4257 909 4311 astiterunt
957 4256 1011 4310 in
1058 4256 1303 4310 :ccclesia
1361 4254 1727 4324 apostolorum
1778 4254 2041 4325 principi;

459 4347 629 4402 multa
657 4346 795 4399 dona
829 4345 1248 4399 transmiserunt
1278 4358 1374 4413 per
1411 4352 1604 4397 cuncte
1640 4351 1830 4398 sancte
1856 4342 2045 4397 accele-

456 4439 535 4493 sie
570 4437 831 4490 Itoinane.
875 4434 1053 4505 Coepit
1102 4434 1333 4501 denique
1377 4447 1623 4488 crescere
1656 4434 1822 4489 multe
1866 4434 2046 4504 inopie

454 4506 641 4586 Italico
672 4544 858 4599 regno,
890 4526 1195 4598 pestilentie
1244 4524 1429 4579 famis-
1456 4526 1574 4595 igne
1621 4525 1905 4595 gladioque
1945 4541 2041 4579 va-

2141 3340 2359 3403 scisma,
2389 3340 2559 3394 iratus
2586 3338 2760 3403 valde,
2805 3347 2861 3394 et
2895 3338 3101 3407 iuravit
3150 3353 3247 3406 per
3272 3339 3528 3393 virtutem
3581 3340 3745 3409 regni

2141 3429 2246 3495 sui,
2264 3438 2323 3483 ut
2350 3428 2575 3483 Romam
2598 3428 2791 3483 civitas
2809 3427 3169 3498 possideret"
3188 3442 3254 3481 ex
3279 3436 3508 3497 utraque
3528 3441 3746 3497 partes,

2143 3521 2246 3576 nisi
2295 3519 2616 3575 Benedictus
2669 3535 2803 3590 papa
2855 3519 2909 3572 in
2974 3534 3070 3573 sua
3129 3517 3399 3588 redigeret
3453 3522 3743 3587 potestati.

2140 3611 2313 3669 Tanta
2357 3612 2588 3682 denique
2638 3612 2814 3681 gentis
2857 3610 3355 3681 Langobardorum,
3402 3618 3455 3663 et
3493 3609 3746 3679 Saxone,

2141 3712 2201 3761 et
2232 3702 2542 3760 Gallearum
2575 3714 2762 3773 gentes
2791 3702 2963 3757 Roma
2999 3702 3332 3756 circumdata
3362 3710 3445 3755 cst
3471 3718 3568 3770 per
3601 3720 3744 3773 gyro

2142 3795 2416 3854 curricula
2462 3804 2719 3864 utrasque
2765 3803 2967 3863 partes,
3018 3802 3074 3847 ut
3124 3792 3303 3846 nullus
3346 3801 3498 3847 extra
3550 3810 3744 3848 murus

2143 3886 2330 3957 egredi
2384 3886 2628 3940 auderet.
2682 3885 2846 3940 Facta
2896 3885 3085 3954 ingens
3133 3883 3291 3938 laniis
3340 3883 3396 3938 in
3456 3882 3743 3939 Romanos

2145 3979 2324 4051 ignem
2353 3986 2407 4033 et
2430 3978 2687 4049 gladium,
2718 3978 2858 4032 sicut
2891 3978 3150 4047 scriptum
3195 3987 3278 4029 est
3312 3993 3325 4029 :
3359 3995 3375 4029 (
3409 3974 3535 4028 Sola
3569 3991 3743 4029 vexa-

2150 4071 2226 4125 tio
2239 4071 2394 4125 daret
2412 4069 2918 4131 intellectumetiam
2935 4079 2989 4123 et
3013 4068 3195 4122 auditu
3214 4066 3347 4135 (Jes.
3373 4082 3569 4128 xxvm,
3596 4061 3752 4121 ωδ.)

2144 4163 2434 4231 Coeperunt
2478 4161 2791 4216 mollescere
2822 4162 2962 4215 inter
2990 4176 3071 4224 se,
3106 4170 3163 4214 ut
3193 4160 3419 4213 virtutes
3450 4174 3556 4229 que
3576 4171 3741 4230 prius,

2144 4253 2469 4315 habuerunt,
2498 4254 2568 4306 ad
2614 4252 2876 4306 nichilum
2908 4252 3109 4306 redacti
3150 4261 3295 4305 sunt.
3342 4250 3577 4320 Unoque
3609 4268 3745 4306 con-

2144 4344 2266 4399 silio
2304 4359 2335 4398 a
2378 4344 2586 4398 minore
2614 4359 2785 4414 usque
2831 4343 2899 4397 ad
2947 4344 3263 4397 maximum.
3294 4344 3357 4397 Et
3410 4345 3749 4399 necessitate

2145 4435 2427 4504 compulsi,
2463 4434 2955 4503 compreenderunt
2999 4433 3325 4488 Benedictus
3376 4448 3541 4504 papa,
3590 4444 3647 4487 et
3691 4435 3746 4487 in

2145 4541 2338 4580 manus
2380 4525 2723 4593 imperatoris
2768 4524 2915 4578 illum
2962 4525 3265 4585 dederunt;
3312 4533 3367 4577 et
3413 4523 3633 4578 dicebat
3676 4538 3747 4579 ac

456 4631 635 4676 Stante
680 4618 869 4683 Italia;
925 4617 1108 4680 boves,
1162 4630 1356 4671 vaccas
1405 4616 1456 4669 in
1500 4626 1643 4671 terra
1694 4625 2038 4683 corruerent;
2071 4590 2119 4648 D
2147 4618 2467 4672 alterutrum
2500 4635 2513 4670 :
2545 4635 2563 4668 ι
2595 4616 2785 4671 Melius
2812 4624 2918 4681 est,
2944 4625 2998 4669 ut
3031 4616 3133 4669 iste
3162 4615 3308 4669 solus
3337 4616 3612 4670 moriatur
3644 4632 3745 4685 pro

456 4714 676 4766 redacta
702 4718 785 4764 est
807 4718 948 4763 terra
974 4709 1024 4761 in
1051 4708 1360 4768 solitudine,
1387 4708 1556 4777 magis
1580 4708 1856 4778 magisque
1882 4708 2041 4763 famis

458 4804 634 4858 valida
665 4802 844 4873 pullul:
868 4810 989 4855 rent
1014 4800 1121 4871 (an.
1149 4797 1293 4867 963).
1328 4797 1477 4853 Unde
1503 4801 1675 4854 crevit
1701 4800 1823 4855 lites
1846 4817 2039 4871 magna

455 4899 601 4953 later
629 4895 958 4968 apostolicus
997 4903 1052 4949 et
1081 4894 1395 4964 imperator,
1430 4894 1588 4948 modo
1635 4909 1741 4949 non
1773 4894 2037 4949 dicamus.

2145 4711 2420 4774 omnibus,
2468 4718 2526 4763 ut
2575 4708 2865 4762 liberemur
2918 4708 3100 4761 anims
3145 4714 3330 4761 nostre
3383 4721 3415 4759 a
3464 4718 3749 4760 cruciatus

2144 4801 2325 4857 famis.
2348 4821 2366 4852 ι
2387 4801 2684 4870 Imperator
2710 4814 2839 4853 vero
2864 4798 2917 4852 in
2935 4797 3093 4852 exilio
3109 4796 3462 4851 transmissus
3491 4796 3742 4866 pontifex

2147 4893 2200 4948 in
2228 4892 2462 4947 Saxonie
2486 4890 2753 4962 partibus.
2784 4889 3056 4945 Reversus
3087 4895 3169 4943 est
3199 4886 3308 4941 Leo
3340 4900 3483 4958 papa
3506 4887 3577 4941 .in
3614 4890 3746 4943 sede

1742 5003 1976 5059 VARle
2018 5003 2308 5060 LECTION
2316 5004 2419 5060 ES.

533 5121 576 5150 "
618 5120 656 5174 ἰ.
694 5136 739 5172 ε.
770 5113 1104 5199 protelap‘do.
1181 5113 1571 5199 "‘sarracinas
1612 5132 1747 5169 corr.
1791 5116 2062 5169 sarracins
2092 5132 2138 5169 ο.

462 5201 599 5254 tum,
632 5183 883 5244 irritatio.
981 5184 1029 5217 '°
1068 5185 1105 5238 ἱ.
1133 5200 1180 5238 e.
1209 5183 1504 5239 obsideret.

1939 5251 2169 5355 Nam

2227 5116 2275 5147 "
2310 5117 2346 5170 ἰ.
2375 5133 2421 5169 e.
2450 5115 2644 5171 curris.
2721 5114 2769 5145 "
2805 5114 2842 5167 ἕ.
2868 5130 2914 5167 e.
2940 5110 3271 5184 apostolicis.
3362 5108 3409 5140 "
3449 5107 3489 5161 ἱ.
3520 5123 3569 5162 ε.
3606 5109 3737 5164 irri-

2557 5398 2602 5406 ,ο
2622 5383 2871 5406 ..-ε---.ηδ
2899 5380 3265 5406 ὩΑ“Α“Α“ΙΙ“
3284 5394 3297 5405 ο
3325 5375 3461 5406 ⁸611³.
3486 5390 3659 5406 “Is-‘15}!
3684 5378 3716 5406 ο
