3986 5444
239 252 313 307 d9
1240 256 1329 311 DE
1368 255 1839 312 IMPERATOR“
1882 252 2293 309 POTESTATE
2333 254 2397 309 IN
2446 256 2649 311 URBE.
3442 261 3511 312 50

240 367 609 431 sanctissima,
639 376 696 422 et
726 376 926 424 cuncto
953 369 1149 440 populo
1193 369 1436 427 Romano
1467 372 1715 427 laudibus
1750 380 1833 427 est
1862 375 1907 431 Α
1934 367 2208 423 Johannes
2236 384 2371 439 papa
2405 368 2623 439 fugatus
2652 368 2717 423 de
2738 369 2981 423 custadia
3018 369 3069 424 in
3102 368 3402 427 Marsorum
3429 390 3514 428 rc-

238 463 556 518 honoratus.
586 458 715 513 Erat
748 459 893 514 enim
920 462 1177 529 gaudium
1208 480 1461 532 magnum
1488 464 1629 518 inter
1658 465 1828 518 Saxo—

239 553 422 607 nicum
461 564 643 619 regem
687 559 741 603 et
784 551 1066 620 pontifices
1111 553 1174 605 de
1213 551 1485 607 Johanues
1525 552 1830 606 duodecimi

237 657 376 713 pape
402 640 481 701 ";
532 640 599 693 de
643 638 947 693 accidentia
996 640 1136 695 illius
1181 651 1235 695 et
1281 652 1454 698 morte
1504 643 1556 696 in
1592 642 1829 697 libellum

239 729 601 800 episcopalem
634 730 959 797 repperitur.

311 822 403 876 58.
444 820 646 876 Genuit
677 831 856 874 autem
892 822 1061 875 isdem
1106 821 1404 893 imperator
1438 822 1565 880 Otto
1597 824 1833 891 Saxone,

242 913 312 969 ab
342 926 534 966 amore
564 912 647 967 sui
680 912 917 966 nominis
937 911 1063 967 Otto
1088 921 1311 967 vocatur
1334 914 1571 969 nomine.
1598 914 1835 969 Corona-

240 1013 358 1058 tnm
385 1011 474 1057 est
517 1010 695 1055 autem
727 999 939 1056 hisdem
972 1002 1097 1057 Otto
1128 1004 1369 1059 secundo
1403 1021 1431 1058 a
1460 1019 1671 1059 summo
1701 1022 1834 1075 pon-

240 1091 410 1154 tifice,
440 1101 498 1147 et
542 1093 805 1147 sociatum
852 1103 937 1149 est
968 1110 1189 1166 regnum
1233 1096 1404 1165 patris
1445 1096 1527 1150 sui
1570 1098 1678 1167 (an.
1710 1096 1835 1164 967,

243 1181 372 1237 Dec.
397 1184 515 1254 25).
542 1182 809 1239 Fecerunt
835 1193 1013 1240 autem
1041 1186 1249 1242 hisdem
1278 1188 1621 1257 imperatoris
1641 1187 1837 1258 legem,

243 1282 297 1327 et
326 1272 601 1327 conclusit
648 1274 700 1327 in
748 1273 958 1343 legibus
986 1275 1285 1331 Romanam
1328 1276 1501 1348 legem
1539 1288 1593 1332 et
1638 1277 1842 1348 Lango-

242 1365 521 1430 bardiam,
566 1374 621 1420 et
664 1366 717 1421 in
750 1366 945 1423 edictis
967 1368 1447 1439 Langobardorum
1484 1368 1621 1441 attigi
1651 1386 1839 1440 prece-

1933 459 2112 530 ginno,
2137 446 2191 512 et
2220 458 2299 512 sic
2325 465 2677 528 properantes
2719 456 2954 533 ostiliter
2990 457 3042 513 in
3088 458 3405 515 Sabinensis
3432 474 3516 517 cst

1934 550 2233 621 ingressus,
2261 565 2381 604 cum
2413 548 2607 603 Tuscie
2639 547 2837 603 ﬁnibus
2880 548 2948 603 ad
2991 547 3162 604 Roma
3203 560 3289 605 est
3335 566 3517 606 rever-

1933 657 2059 696 sus:
2104 650 2159 695 et
2182 640 2328 696 clero
2354 650 2409 697 et
2449 640 2645 711 populo
2673 639 2922 695 Romano
2956 657 3077 696 cum
3112 643 3293 712 yinnis
3322 654 3376 698 et
3405 644 3519 696 lan-

1935 732 2091 785 dibus
2128 731 2343 785 obviam
2387 731 2437 786 ei
2473 739 2851 799 processerunt
2889 730 2999 799 (an.
3047 730 3197 801 966).
3247 732 3315 786 Et
3354 733 3519 787 missa

1934 824 2209 880 celebrata
2242 824 2296 879 in
2330 823 2559 880 ecclesia
2587 824 2761 878 sancti
2792 822 2956 889 Petri,
2984 823 3037 878 in
3070 824 3269 893 palatio
3296 824 3522 879 Latera-

1935 915 2121 970 ncnsis
2170 915 2465 988 ingressus.
2517 913 2711 983 Sepius
2757 914 2904 968 enim
2952 914 3194 984 pontifex
3245 914 3524 969 salutabat

1936 1003 2222 1075 populum;
2253 1003 2521 1075 gaudebat
2540 1018 2661 1057 cum
2684 1002 2982 1067 Romanos,
3010 1012 3066 1057 et
3086 1003 3409 1071 epulabatur
3438 1020 3523 1056 co-

1938 1098 2091 1153 tidie.
2134 1096 2272 1152 Puto
2313 1097 2455 1167 quod
2501 1091 2686 1151 dolose
2729 1094 2911 1149 animo
2952 1094 3071 1164 ejus
3114 1095 3365 1165 injuriam
3419 1095 3524 1148 sibi

1940 1187 2343 1253 vindicandam,
2398 1186 2631 1256 turpiter
2672 1184 2994 1240 vindicaret.
3043 1184 3273 1255 Legatos
3322 1186 3529 1240 missus

1939 1276 2176 1350 pontifex
2220 1277 2289 1333 ab
2332 1275 2750 1346 imperatoribus
2794 1274 3029 1329 clamide
3072 1274 3125 1329 in
3169 1274 3429 1339 Saxonia,
3466 1283 3529 1328 ut

1940 1370 2153 1426 veniret
2176 1379 2233 1423 et
2254 1367 2569 1424 defenderet
2591 1375 2779 1421 sancte
2801 1365 3044 1419 Romane
3066 1364 3330 1420 mcclesie.
3354 1362 3524 1418 Tanta

244 1459 321 1529 pit
352 1459 470 1527 (an.
500 1459 627 1525 968,
662 1458 781 1514 Oct.
809 1461 924 1533 ‘29).
959 1461 1264 1534 Statimque
1287 1465 1510 1520 nuntius
1542 1466 1845 1521 transmisit
1942 1460 2363 1531 deniquegentis
2385 1457 2683 1513 Galliarum
2718 1457 2871 1511 ltalia
2897 1465 3025 1512 sunt
3048 1456 3299 1527 ingressi,
3321 1464 3527 1525 quanta

247 1553 299 1606 In
339 1550 903 1625 Constantinopolim,
946 1564 1006 1610 ut
1050 1558 1117 1611 de
1164 1558 1430 1627 sanguine
1486 1558 1668 1623 regale
1717 1574 1845 1614 suos
1943 1571 2087 1611 nunc
2115 1565 2274 1609 antea
2298 1562 2353 1608 et
2383 1561 2570 1623 postea
2597 1566 2707 1606 non
2746 1559 2873 1605 sunt
2921 1548 3149 1603 inventi.
3194 1545 3272 1602 Ve
3314 1546 3519 1602 Roma!

245 1650 401 1696 natos
446 1641 703 1712 iungere.
761 1645 893 1699 Erat
938 1654 1115 1701 autem
1164 1644 1375 1701 hisdem
1422 1648 1842 1717 imperatoribus

1943 1646 2072 1715 quia
2103 1644 2271 1699 tantis
2311 1643 2488 1716 gentis
2520 1655 2780 1712 oppressa
2812 1649 2866 1694 et
2905 1638 3220 1695 conculcata
3253 1638 3365 1707 (an.
3400 1637 3527 1700 967,

247 1743 487 1804 potestas
520 1734 886 1798 ﬁrmissimas.
915 1744 969 1791 et
1014 1738 1177 1792 robor
1202 1753 1393 1792 eorum
1436 1738 1490 1793 in
1535 1753 1701 1808 regno
1742 1737 1845 1793 lta-
1875 1729 1919 1787 Β
1947 1736 2133 1807 lam);
2175 1735 2268 1806 qui
2312 1734 2478 1789 etiam
2518 1748 2548 1788 a
2584 1732 2799 1787 Saxone
2830 1744 2957 1800 rege
2993 1744 3290 1800 appreensa
3324 1728 3523 1791 fuistis,

249 1823 368 1877 lico.
397 1822 609 1878 Placuit
636 1825 806 1878 verba
847 1824 1143 1894 imperator
1172 1825 1501 1893 Grecorum;
1528 1828 1844 1899 gaudebun-

250 1914 347 1967 dus
365 1912 617 1979 eﬂ‘ectus,
641 1932 837 1970 aurum
859 1928 912 1971 et
933 1928 1214 1987 argentum
1236 1918 1503 1973 infinitum
1525 1935 1648 1975 cum
1670 1920 1844 1991 puella

256 2006 684 2062 transmiserunt
712 2008 765 2063 in
798 2018 940 2063 terra
968 2009 1250 2077 Romania,
1286 2010 1337 2065 in
1367 2010 1595 2067 ecclesia
1625 2022 1846 2082 aposto-

256 2097 433 2155 lorum
472 2100 709 2171 principi
752 2116 955 2159 corona
990 2102 1183 2174 capitis
1218 2103 1507 2174 impositis,
1534 2113 1589 2160 et
1633 2105 1847 2175 nuptias

253 2188 545 2255 celebrate,
574 2197 633 2244 et
661 2188 911 2245 laudibus
939 2191 1212 2256 decorata,
1256 2191 1573 2263 irnperatrix
1604 2192 1847 2248 Romana

252 2275 441 2331 effecta
473 2286 582 2342 est,
612 2286 671 2332 et
710 2278 1006 2332 secundum
1037 2277 1336 2335 Grecorum
1368 2280 1551 2352 lingua
1588 2281 1847 2354 Pypbanu

254 2369 611 2423 vocitabatur.
661 2368 720 2424 ln
787 2368 1131 2442 Saxoniaquc
1196 2381 1427 2444 pergunt
1477 2388 1601 2428 cum
1653 2390 1846 2445 magna

254 2460 421 2516 letitia
447 2464 563 2529 (an.
594 2461 744 2531 972).

319 2554 412 2608 39.
456 2553 607 2609 Obiit
655 2554 866 2609 hisdem
908 2552 1017 2610 Leo
1071 2570 1208 2629 papa
1247 2556 1359 2628 (an.
1387 2557 1536 2627 965).
1562 2556 1843 2614 Iohannes

254 2648 540 2716 episcopus
570 2645 891 2702 Narniensis
921 2648 1113 2704 civitas
1140 2649 1346 2705 electus
1379 2651 1431 2705 in
1461 2651 1587 2706 sede
1614 2652 1848 2707 sanctis-

256 2741 423 2806 sima;
471 2749 699 2811 propter
731 2740 833 2795 hoc
879 2741 1198 2796 advocatum
1240 2752 1324 2798 est
1365 2741 1641 2799 Johannes
1688 2742 1849 2799 tertio

256 2829 453 2885 decimi
481 2846 643 2901 pape.
671 2829 899 2883 Romani
924 2846 1049 2885 vero
1072 2832 1370 2887 secundum
1399 2832 1849 2887 consuetudinem

258 2921 474 2975 illorum
510 2922 828 2993 malignam,
865 2920 1073 2994 cjectus
1100 2939 1235 2994 papa
1266 2924 1333 2979 de
1355 2924 1738 2979 Lateranensis
1762 2940 1850 2995 pa-

259 3011 411 3077 latio,
458 3012 550 3066 alii
597 3012 979 3083 percutiebant
1024 3022 1189 3083 caput
1236 3011 1373 3081 ejus,
1421 3014 1509 3068 alii
1562 3012 1744 3083 alapas
1794 3012 1849 3067 in

259 3100 426 3156 facies
467 3100 585 3169 ejus
616 3102 976 3171 percntiebat,
1008 3102 1097 3155 alii
1140 3113 1333 3158 nautes
1364 3103 1511 3159 nutis
1551 3104 1598 3135 ⁷⁸
1635 3104 1847 3158 crucia-
1876 3087 1921 3147 (ἶ

258 3193 481 3249 bantur.
516 3192 610 3249 Sic
646 3195 899 3249 cedentes
929 3205 983 3249 et
1017 3194 1313 3264 aﬂligentes
1355 3195 1408 3249 in
1448 3194 1738 3266 Campanie
1783 3196 1848 3249 tl-

262 3285 419 3338 nibns
458 3284 730 3347 inclusus,
772 3295 824 3337 et
870 3284 1122 3341 dicebant
1158 3284 1418 3340 Romanis
1454 3285 1596 3339 inter
1626 3301 1684 3339 se
1727 3303 1739 3338 :
1782 3282 1849 3339 Ut

263 3392 363 3429 non
392 3378 607 3430 veniant
661 3394 804 3447 rcges
845 3375 1079 3433 Saxones
1126 3388 1174 3432 et
1219 3379 1451 3433 destruat
1499 3396 1713 3449 regnum
1756 3395 1853 3434 no-

262 3476 456 3530 strum,
482 3478 532 3521 et
563 3468 749 3523 liberes
790 3480 961 3525 nostra
1003 3471 1059 3524 in
1090 3472 1464 3540 captivitatem,
1504 3472 1848 3527 intercedente

266 3552 426 3611 Petro
466 3558 744 3628 apos:olo!
785 3560 945 3629 Cujus
994 3562 1139 3616 sedis
1174 3562 1460 3617 exviduata
1488 3571 1847 3617 remanserat.

1948 1839 2003 1885 et
2029 1829 2245 1901 gladiati
2276 1827 2455 1899 populi
2481 1825 2581 1893 tui,
2611 1833 2668 1881 et
2698 1823 2862 1881 robor
2896 1831 2987 1876 tua
3028 1820 3097 1877 ad
3138 1817 3400 1875 nichilum
3444 1834 3527 1873 rc-

1947 1922 2103 1977 dacta
2124 1924 2237 1977 est!
2264 1922 2472 1975 Aurum
2500 1927 2555 1975 et
2578 1925 2859 1988 argentum
2885 1923 3036 1970 tuum
3060 1912 3111 1967 in
3135 1912 3348 1967 illorum
3374 1926 3520 1965 mar-

1947 2013 2151 2083 suppiis
2176 2012 2480 2084 deportant.
2506 2008 2679 2065 Mater
2702 2007 2904 2073 fuistis,
2930 2020 3076 2062 nunc
3098 2003 3245 2061 facta
3271 2012 3355 2060 est
3385 2004 3527 2069 filia;

1946 2105 2089 2175 quod
2119 2103 2352 2159 habuisti
2382 2102 2685 2175 perdidisti.
2715 2100 2984 2172 expoliata
3023 2114 3084 2156 es
3120 2114 3153 2154 a
3194 2098 3393 2154 virtute
3437 2108 3529 2152 tua

1946 2195 2146 2266 prima,
2183 2194 2283 2249 sub
2320 2202 2565 2264 tempore
2595 2191 2763 2247 Leoni
2796 2206 2968 2262 papae,
3010 2199 3093 2246 est
3126 2198 3442 2245 conculcata
3494 2202 3527 2241 a

1946 2284 2122 2342 Julius
2163 2285 2391 2355 primus.
2422 2284 2576 2339 Celsa
2608 2293 2823 2337 tuarum
2858 2282 3206 2352 triumphasti
3247 2280 3522 2352 gentibus,

1948 2377 2207 2432 mundum
2239 2376 2485 2442 calcasti,
2507 2374 2763 2445 jugulain
2798 2374 3014 2446 regibus
3044 2382 3222 2439 terre;
3256 2383 3533 2442 sceptrum

1949 2470 2168 2528 tenebat
2194 2480 2247 2527 et
2276 2478 2518 2541 potestas
2558 2470 2829 2532 maxima;
2868 2484 2899 2523 a
2941 2467 3160 2522 Saxone
3196 2482 3323 2537 rege
3367 2480 3534 2535 expo-

1947 2561 2074 2616 liata
2115 2570 2169 2617 et
2207 2569 2539 2617 menstruata
2581 2559 2815 2613 fortiter.
2861 2558 3014 2613 Sicut
3058 2572 3154 2627 per
3184 2556 3403 2627 quidam
3446 2571 3533 2610 sa-

1948 2652 2161 2722 pientes
2190 2649 2410 2715 dicitur,
2436 2658 2490 2704 et
2521 2649 2572 2703 in
2601 2649 2789 2704 storiis
2815 2657 3028 2703 tuorum
3061 2646 3319 2716 scriptum
3345 2661 3536 2716 reppe-

1950 2744 2108 2798 ritur.
2140 2741 2351 2797 Dndum
2376 2743 2627 2813 pugnasti
2660 2749 2970 2796 exterorum
2996 2737 3269 2810 gentibus,
3290 2752 3354 2791 es
3381 2740 3531 2792 ontni

1949 2844 2106 2907 parto
2148 2835 2413 2905 superasti
2466 2833 2707 2889 seculum
2748 2849 2779 2886 a
2822 2832 3209 2913 septemtrione
3253 2845 3421 2899 usque
3466 2830 3536 2884 ad

1950 2924 2263 2988 meridiem;
2316 2938 2348 2978 a
2400 2922 2689 2979 Galearnm
2733 2931 2925 2993 gentes
2970 2928 3256 2991 usurpata,
3308 2919 3538 2973 nimium

1951 3014 2197 3084 speciosa
2225 3011 2425 3067 fuistis.
2449 3011 2649 3067 Omnes
2680 3021 2767 3066 tua
2795 3011 2992 3067 mtenia
3017 3025 3139 3065 cum
3175 3009 3339 3063 turris
3360 3019 3413 3062 et
3439 3024 3539 3077 pn-

1952 3104 2163 3178 gnaculi
2193 3104 2355 3160 sicuti
2384 3105 2543 3159 modo
2573 3104 2876 3174 repperitur
2902 3121 2915 3156 :
2948 3100 3152 3157 Turres
3183 3109 3398 3154 tuarum
3434 3099 3534 3152 tri-

1954 3198 2097 3253 centi
2127 3198 2401 3269 octoginta
2434 3213 2541 3252 una
2585 3196 2874 3260 habuistis,
2920 3205 3097 3250 turres
3132 3193 3372 3249 castellis
3404 3208 3537 3261 qua-

1956 3291 2203 3361 draginta
2234 3306 2349 3353 sex,
2384 3288 2673 3361 pugnaculi
2718 3288 2791 3343 tui
2834 3303 2930 3342 sex
2975 3288 3118 3342 milia
3158 3295 3280 3341 octo
3308 3286 3536 3347 centies,

1954 3390 2140 3451 portes
2176 3388 2266 3436 tue
2303 3380 2632 3450 quindecim.
2664 3377 2741 3434 Ve
2767 3379 2961 3435 civitas
2990 3377 3294 3433 Leoniana!
3330 3376 3531 3431 dudum

1954 3478 2113 3540 capta
2159 3471 2359 3538 fuistis,
2404 3471 2564 3525 modo
2609 3485 2740 3525 vero
2780 3486 2808 3525 a
2862 3469 3197 3525 Saxonicum
3241 3482 3367 3539 rege
3414 3464 3537 3521 reli-

1956 3572 2043 3617 cta
2072 3563 2117 3593 "
2146 3566 2160 3619 l

1547 3721 1782 3813 VARUE
1825 3722 2207 3781 LECTlONES

410 3857 457 3887 ⁷⁷
498 3857 617 3911 scil.
647 3857 817 3912 obitu.
888 3858 936 3890 ⁷⁸
976 3866 1129 3913 nates
1160 3857 1352 3913 nodis?
1426 3858 1469 3891 ⁷⁸
1510 3855 1611 3911 Hic
1632 3868 1818 3912 auctor
1853 3858 2126 3913 scribendo
2148 3858 2305 3927 ﬁnem
2339 3858 2499 3911 dedit.

493 4200 621 4296 DE
683 4200 1351 4300 IMPERATORIA
1428 4199 1987 4301 POTESTATE
2046 4198 2145 4295 ΙΝ
2208 4195 2463 4295 URBE
2541 4193 2817 4294 ROMA
2876 4192 3366 4292 LlBELLUS.

1706 4427 2095 4441 m—

336 4571 553 4627 Priscis
569 4569 893 4639 temporibus
915 4571 1189 4643 imperiale
1204 4572 1368 4627 decus
1389 4570 1622 4625 efl'lornit
1645 4570 1851 4633 Romze,
1888 4554 1935 4612 Ῑ)
1962 4575 2042 4628 sic
2073 4582 2250 4627 tamen
2283 4582 2341 4625 ut
2380 4572 2602 4640 antiqua
2646 4571 2812 4624 Roma
2859 4569 3091 4638 glut'iusn
3132 4574 3549 4637 prteponerctnr

263 4666 370 4719 sub
419 4664 584 4733 cujus
622 4662 982 4720 dominatione
1009 4666 1221 4721 diversa
1250 4663 1621 4719 consistebant
1658 4676 1848 4732 regna,

264 4764 322 4806 et
363 4752 456 4807 cui
516 4760 731 4807 cunctae
772 4761 954 4823 gentes
997 4754 1215 4825 propria
1263 4752 1651 4809 submittebant
1695 4751 1850 4806 colla.

262 4842 579 4901 Constituit
618 4856 747 4913 ergo
784 4846 1051 4911 consules,
1094 4846 1185 4915 qui
1234 4844 1505 4901 cotidiano
1552 4858 1648 4897 usu
1700 4842 1851 4912 regni

266 4933 651 5006 gubernacula
703 4936 925 4991 consilio
969 4937 1343 5007 disponebant.
1405 4935 1575 4989 Erant
1620 4948 1852 5003 namque

269 5027 580 5083 distributa
608 5024 778 5081 ofﬁcia
807 5042 900 5098 per
920 5037 1195 5083 senatores
1221 5036 1275 5083 et
1298 5028 1665 5095 magistratus,
1696 5032 1854 5093 prout

268 5116 581 5185 unicuique
614 5117 961 5173 ministerium
984 5132 1145 5186 opere
1173 5118 1534 5189 competebat.
1572 5114 1855 5184 Imperiale

271 5223 407 5263 vero
437 5208 612 5262 decus
642 5207 881 5265 laudibus
918 5210 1323 5282 honoribusque
1353 5210 1421 5265 ab
1446 5208 1699 5261 omnibus
1731 5214 1852 5259 tau-

272 5301 568 5355 tummodo
594 5300 963 5357 extollebatur.
995 5302 1121 5357 Post
1143 5304 1430 5359 adventum
1462 5298 1724 5369 unigeniti
1762 5298 1854 5351 lilii

275 5391 373 5444 Dei
393 5400 593 5444 etpost
615 5394 941 5444 ascensionis
982 5394 1098 5444 eius
1140 5394 1717 5444 alnriam-Romanum
1759 5390 1859 5444 im-

1962 4666 2195 4723 czeteris.
2228 4664 2495 4719 Euntibus
2524 4672 2701 4718 autem
2728 4661 2986 4731 apostolis
3013 4659 3091 4715 vel
3123 4656 3537 4715 successoribus

1960 4770 2147 4812 eorum
2193 4754 2491 4823 praedicare
2544 4753 2885 4824 evangelium
2944 4750 3244 4807 secundum
3293 4747 3536 4802 divinum

1959 4854 2289 4918 praeceptum
2317 4845 2371 4898 in
2396 4843 2655 4899 mundum
2684 4843 3018 4907 universum,
3054 4840 3283 4894 Romam
3315 4850 3550 4901 camaras

1959 4934 2394 4999 revertebantur,
2422 4934 2634 4987 diversa
2675 4942 2941 4989 tormenta
2982 4930 3189 4987 sanctis
3217 4927 3563 4990 inferentes.

1954 5036 2013 5081 ut
2034 5026 2138 5081 diis
2162 5024 2274 5080 suis
2296 5025 2590 5095 placerent.
2616 5024 2766 5079 Unde
2788 5024 3005 5090 accidit,
3030 5031 3088 5075 ut
3111 5022 3302 5075 beatus
3327 5017 3547 5078 Petrus.

1956 5120 2046 5189 qui
2077 5117 2329 5189 praelatus
2369 5118 2545 5173 fuerat
2576 5116 2790 5171 czeteris
2829 5132 2859 5169 a
2903 5112 3029 5168 Jesu
3066 5109 3288 5163 Christo
3328 5106 3552 5159 domino

1962 5218 2166 5272 nostro,
2213 5208 2440 5263 Romam
2485 5204 2888 5277 prmdicatiOuis
2928 5211 3093 5257 causa
3141 5198 3375 5255 veniret,
3430 5210 3553 5263 qum

1965 5300 2203 5356 omnium
2238 5301 2478 5368 gentium
2510 5297 2854 5351 clamabatur
2876 5290 3127 5350 domina;
3153 5301 3275 5358 quae
3299 5293 3549 5348 eatenus,

1969 5397 2112 5444 sicut
2146 5391 2329 5444 multis
2361 5392 2625 5444 idolorum
2654 5385 3002 5442 simulachris
3037 5388 3159 5434 erat
3195 5383 3436 5440 seducta,
3479 5383 3551 5429 ita
