3986 5444
216 219 275 277 53
795 267 801 270 .
1148 212 1238 270 DE
1275 208 1743 270 iMPERATOitlA
1791 203 2194 265 POTESTATE
2221 205 2283 260 IN
2316 201 2521 261 URBE.
2791 211 2796 216 '
3411 207 3476 261 5-5

271 337 572 403 -Pr0pterea
604 327 894 383 inventum
929 337 1034 394 est,
1058 336 1117 380 ut
1137 342 1326 382 oumes
1355 329 1585 396 majores
1615 324 1800 377 Roma:
1833 329 1877 387 Α
1905 331 2048 376 esset
2072 321 2254 384 italiae,
2299 319 2484 372 volens
2525 317 2688 371 totius
2719 317 2869 387 regni
2901 318 3034 374 ﬁnes
3060 334 3168 374 sua:
3193 321 3479 376 vendicare

217 434 387 481 essent
412 419 723 491 imperiales
754 418 1029 482 homines,
1063 426 1170 470 lam
1194 417 1430 487 episcopi
1463 431 1622 485 quam
1649 413 1796 476 laici,

217 529 266 574 et
303 528 466 570 enim:
502 513 698 583 vulgus
724 511 939 580 pariter
978 526 1098 564 cum
1129 509 1215 563 his
1256 508 1457 562 faceret
1487 506 1797 560 ﬁdelitatem

217 603 634 674 imperatori,.et
676 610 748 655 ut.
773 616 912 654 suus.
943 601 1138 654 missus
1175 600 1321 653 omni
1353 607 1596 666 tempore
1624 611 1801 650 mora-

218 670 360 755 agtur
387 696 576 750 Romae
603 693 673 747 ad
702 692 1092 748 deliberandas
1111 692 1373 762 litigiosas
1401 691 1797 745 contentiones.

217 787 525 842 Morabatur
565 787 770 854 quippe
818 783 870 836 in
917 781 1118 852 palatio
1149 782 1322 835 sancti
1367 780 1550 846 Petri;
1589 788 1643 834 et
1682 787 1802 833 erat

219 878 592 938 constitutum,
625 883 832 944 quanta
854 882 907 927 et
932 873 1111 942 qualia
1133 872 1398 942 stipendia
1423 873 1488 926 de
1521 871 1722 940 palatio
1752 870 1802 924 ei

219 969 473 1022 darentur
499 965 721 1021 cotidie.
754 964 908 1030 Quod
934 969 1114 1017 autem
1144 963 1413 1031 reliquum
1455 971 1576 1015 erat
1606 961 1675 1016 de
1714 976 1803 1014 su-

220 1055 477 1127 pradictis
515 1053 874 1108 monasteriis
918 1052 997 1106 vel
1052 1052 1417 1121 patrimoniis,
1457 1049 1805 1105 deferebatur

225 1146 530 1202 aﬂuenter.
549 1144 724 1199 Tanta
749 1159 945 1212 nempe
967 1142 1263 1213 imperialis
1280 1144 1450 1196 virtus
1471 1143 1541 1196 ibi
1569 1142 1802 1212 vigebat,

221 1248 275 1292 ut
301 1239 345 1292 si
380 1239 435 1291 in
469 1236 631 1308 legali
657 1236 866 1304 judicio
907 1235 1130 1290 minoris
1166 1235 1248 1288 vel
1285 1235 1436 1289 inscii
1466 1249 1628 1288 causa
1661 1241 1806 1303 post-

225 1337 535 1397 poneretur,
567 1336 623 1380 et
653 1326 742 1380 ille
773 1325 1001 1396 alicujus
1033 1323 1264 1379 consilio
1292 1324 1460 1394 pedes
1498 1330 1705 1378 teneret
1731 1322 1806 1378 le-

226 1420 325 1486 gati
347 1416 718 1487 imperatoris,
745 1425 938 1486 petens
959 1417 1026 1470 ab
1053 1430 1119 1468 eo
1139 1415 1342 1484 justam
1372 1413 1567 1482 legem,
1595 1423 1650 1468 et
1680 1413 1807 1466 tuis-

225 1523 310 1562 sus
351 1507 636 1574 adjuraret
671 1504 950 1574 principes
998 1505 1363 1558 Romanorum
1414 1503 1602 1557 dicens
1649 1521 1661 1555 :
1705 1501 1808 1555 Per

223 1614 330 1651 eam
368 1597 556 1664 ﬁdem,
602 1612 762 1666 quam
803 1595 1013 1648 domino
1048 1593 1353 1665 imperatori
1391 1594 1608 1660 debetis,
1649 1594 1808 1662 facile

1901 412 2123 476 ditioui;
2158 411 2348 470 altero.
2382 425 2446 464 eo
2475 409 2616 477 quod
2656 409 3046 464 immanissima
3072 426 3205 481 gens
3231 411 3476 481 Aggare-

1902 518 2094 557 norutn
2128 502 2216 556 illa
2243 500 2354 568 jam
2389 501 2641 570 tangebat
2683 501 2954 564 conﬁnia,
2989 503 3265 571 capientes
3308 519 3482 572 quan-

1902 595 2025 648 dam
2058 593 2245 646 urbem
2281 607 2401 660 qua:
2427 601 2651 645 vocatur
2680 591 2801 644 Bari
2824 631 2840 657 ,
2871 607 3030 660 quam
3070 594 3392 655 munientes,
3430 604 3482 650 ct

1905 684 2086 737 multis
2117 682 2443 737 victualibus
2475 681 2920 751 implentes,.pro
2952 681 3165 752 refugio
3189 683 3483 740 habebant.

1904 775 1973 830 Et
2017 775 2138 830 ideo
2187 789 2228 828 a'
2275 772 2818 842 comprovincialibus
2866 783 3024 828 terra:
3071 772 3214 828 illius
3258 774 3489 846 benigna

1903 873 2192 932 susceptus
2214 871 2318 918 est.

1913 1005 1917 1009 .
1977 954 2242 1009 Praefatus
2288 955 2471 1024 itaque
2530 969 2701 1009 caesar
2759 969 2882 1009 cum
2937 955 3279 1009 multitudine
3308 956 3491 1026 pOpuIi

1906 1043 2354 1115 proﬁciscebatur
2402 1043 2470 1097 ad
2518 1044 2861 1110 accipiendas
2914 1046 3131 1100 easdem
3182 1057 3390 1114 gentes.
3427 1047 3493 1099 Et

1907 1149 1977 1188 ne
2011 1141 2264 1202 gravaret
2292 1148 2386 1187 eos
2412 1133 2503 1203 qui
2533 1134 2824 1202 depraedati
2856 1135 2924 1188 ab
2954 1135 3256 1206 Aggareuis
3294 1146 3452 1192 erant
3476 1177 3490 1200 ,

1907 1223 2158 1294 quaesivit
2196 1222 2449 1278 solatium
2476 1223 2779 1288 Ravenme;
2814 1225 2909 1279 sed
2939 1227 3187 1294 qumsivit
3215 1228 3376 1282 etiam
3408 1245 3495 1284 so-

1911 1316 2102 1390 latium
2131 1356 2145 1381 ,
2177 1331 2296 1385 qua:
2321 1315 2498 1371 vicina
2529 1324 2650 1370 erat
2675 1357 2690 1382 ,
2725 1315 2988 1384 Venetiae,
3018 1327 3288 1387 quatenus
3317 1322 3495 1375 navali

1909 1407 2180 1477 adiutorio
2226 1407 2393 1464 fultus
2436 1418 2633 1479 posset.
2663 1410 3007 1465 abundanter
3050 1411 3197 1467 ferre
3221 1409 3494 1481 Apuliam.

1911 1503 2240 1558 Prmsidebat
2269 1502 2418 1574 (125)
2464 1518 2713 1573 namque
2746 1511 2874 1558 tunc
2910 1503 3216 1559 Ravennati
3256 1504 3506 1559 ecclesia}

1908 1594 2186 1651 Johannes
2219 1593 2702 1664 archiepiscopus,
2752 1595 2843 1664 qui
2893 1594 3136 1649 serviens
3186 1595 3498 1665 imperatori

225 1689 336 1740 huic
357 1688 560 1753 homini
577 1688 782 1756 justam
804 1686 986 1756 legem,
1012 1703 1171 1742 nemo
1197 1698 1316 1742 crat
1338 1703 1505 1742 ausus
1531 1687 1809 1742 declinare
1842 1714 1884 1773 Β
1912 1686 2233 1740 familiarior
2259 1694 2398 1739 erat.
2432 1684 2582 1740 Unde
2615 1685 2814 1740 invidia
2845 1686 3038 1741 ductus
3063 1687 3337 1741 Romanus
3367 1697 3502 1757 pott‘

226 1793 390 1846 neque
422 1779 493 1832 ad
522 1778 812 1832 dexteram
849 1792 1025 1847 neque
1064 1779 1131 1831 ad
1167 1778 1468 1842 sinistram,
1501 1778 1667 1832 etiam
1699 1780 1744 1833 si
1775 1794 1807 1832 a

221 1870 538 1941 propinquis
567 1870 715 1940 (120)
747 1851 1020 1938 pontiﬁcis
1047 1869 1194 1923 illata
1225 1880 1372 1924 esset
1409 1867 1631 1937 injuria.
1671 1869 1808 1922 Mul-

226 1963 422 2017 totiens
464 1976 600 2016 vero
628 1976 734 2015 non
776 1970 903 2016 ante
933 1961 1308 2032 apostolicum,
1352 1961 1446 2016 sed
1480 1962 1534 2015 in
1568 1960 1812 2030 judiciali

222 2055 335 2109 loco
373 2054 443 2108 ad
489 2053 783 2109 Lateranis
822 2055 902 2121 ⁸³,
946 2055 1036 2108 ubi
1064 2054 1285 2124 quidam
1314 2053 1465 2108 locus
1507 2053 1708 2108 dicitur
1733 2055 1814 2110 Ad

222 2143 446 2213 Lupam,
493 2159 620 2212 quae
669 2154 848 2198 mater
893 2146 1189 2199 vocabatur
1236 2145 1606 2199 Romanorum
1639 2145 1813 2214 (121),

228 2233 295 2285 ibi
321 2233 674 2302 judiciariam
703 2233 881 2304 legem
913 2233 1192 2288 tinniebant.
1223 2232 1656 2303 Compositiones
1682 2251 1817 2304 quo-

226 2337 325 2390 que
352 2338 475 2390 qua:
511 2321 765 2376 solebant
801 2322 948 2393 (122)
977 2339 1006 2377 a
1037 2323 1506 2390 malefactoribus,
1537 2325 1820 2394 aequaliter

229 2413 607 2468 dividebantur
636 2415 810 2470 misso
839 2416 1184 2486 imperatoris
1212 2427 1268 2470 et
1296 2417 1600 2486 apostolici.
1636 2418 1694 2473 Si
1719 2433 1820 2474 au-

232 2510 331 2556 tem
361 2504 492 2557 talis
524 2503 686 2572 culpa
723 2513 862 2569 erat,
905 2515 963 2559 ut
1004 2522 1090 2560 res
1120 2506 1383 2561 scelerata
1428 2506 1562 2563 ﬁsco
1605 2508 1822 2578 publico

232 2591 573 2656 subderetur,
625 2608 734 2673 non
768 2593 835 2647 ad
868 2593 1292 2650 ecclesiasticam
1336 2598 1620 2651 transibat
1643 2597 1822 2667 subje-

235 2686 488 2754 ctionern,
519 2683 626 2766 nisi
655 2674 765 2764 per
799 2690 1114 2744 donativum
1155 2691 1434 2761 imperiale
1470 2703 1819 2764 prteceptum.

235 2778 288 2833 Si
315 2781 460 2834 enim
495 2781 697 2850 aliquis
731 2781 869 2836 iram
906 2771 1218 2838 incurrebat
1252 2786 1593 2854 imperatoris
1615 2787 1825 2856 episco-

1915 1777 2044 1832 til'ex
2073 1776 2289 1830 nomine
2319 1775 2594 1837 Nicolaus,
2627 1776 2834 1831 exarsit
2857 1777 2909 1830 in
2941 1777 3077 1830 iram
3107 1787 3296 1832 contra
3329 1777 3499 1843 illum,

1913 1883 2114 1922 vocans
2144 1883 2266 1923 eum
2305 1867 2529 1922 subdole
2567 1866 2818 1932 Romam,
2845 1876 2904 1923 ut
2929 1869 3082 1938 quasi
3131 1869 3503 1925 ecclesiastico

1910 1958 2117 2029 judicio
2153 1968 2335 2029 posset
2377 1960 2522 2015 hunc
2564 1961 2930 2015 condemnare
2954 2001 2969 2028 ,
3011 1969 3067 2016 et
3106 1962 3336 2016 alterum
3371 1962 3501 2017 sub-

1879 2097 1882 2100 .
1915 2067 2130 2121 rogare.
2157 2050 2250 2107 llis
2277 2053 2475 2122 quippe
2510 2051 2744 2116 auditis,
2773 2053 3216 2124 archiepiscOpus
3259 2054 3503 2130 confugit

1919 2143 1986 2196 ad
2017 2142 2256 2212 reginam
2281 2143 2672 2214 Eogelbergam
2700 2184 2714 2209 ,
2739 2158 2861 2213 quae
2902 2160 3032 2200 suos
3057 2145 3262 2216 legatos
3297 2146 3503 2200 direxit

1921 2234 2240 2304 apostolico,
2258 2250 2454 2306 rogans
2475 2245 2533 2289 ut
2551 2236 2800 2291 redderet
2815 2237 3046 2306 gratiam
3069 2237 3512 2306 archiepiscopo.

1881 2350 1884 2352 ν
1921 2325 2074 2392 Quod
2095 2341 2219 2382 cum
2252 2327 2543 2398 impetrare
2570 2327 2838 2396 nequiret,
2871 2342 2969 2383 suo
2991 2327 3211 2381 domino
3232 2327 3509 2382 humiliter

1886 2441 1893 2471 -.
1923 2416 2231 2481 intimavit,
2272 2425 2330 2469 ut
2378 2415 2606 2487 gratiam
2657 2416 2972 2471 interferret
3013 2432 3124 2471 suae
3151 2416 3392 2470 tuitionis
3422 2432 3510 2469 ar-

1924 2506 2301 2576 chiepiscopo,
2347 2514 2536 2560 vetans
2570 2505 2928 2575 apostolicum
2967 2505 3034 2559 ei.
3061 2505 3263 2559 nullam
3298 2504 3508 2574 inquie—

1928 2599 2167 2654 tudinem
2191 2598 2388 2654 l‘acere.
2417 2599 2484 2652 Et
2509 2599 2634 2667 quia
2658 2598 2900 2653 inaudito
2917 2599 3165 2666 principe
3180 2598 3509 2668 apostolicus

1925 2691 2514 2746 excommunicationes
2549 2693 2602 2744 in
2633 2705 2757 2744 eum
2794 2689 3052 2760 protulit,
3095 2689 3280 2760 gravis
3330 2689 3511 2742 inimi-

1927 2783 2057 2838 citia
2078 2783 2220 2838 inter
2250 2798 2344 2837 eos
2373 2781 2516 2838 facta
2554 2790 2655 2836 est.
2699 2782 2924 2836 Erectus
2952 2790 3035 2836 est
3067 2781 3296 2851 denique
3330 2780 3511 2851 regius

237 2886 329 2939 pus
360 2875 453 2926 aut
477 2871 648 2940 judex
682 2872 983 2941 Romanus,
1019 2885 1074 2930 et
1108 2875 1314 2931 licitum
1341 2887 1486 2932 esset
1508 2880 1697 2934 ca~sari
1729 2897 1822 2936 ve-
1928 2878 2102 2932 honor
2135 2885 2323 2932 contra
2364 2876 2714 2948 apostolicam
2762 2862 3080 2946 dignitatem
3106 2915 3122 2942 ,
3169 2874 3432 2944 objicicns
3461 2876 3512 2929 ei

241 2961 348 3015 nire
383 2963 650 3030 Romam,
687 2965 974 3031 veniebat;
1011 2967 1094 3020 sin
1136 2974 1338 3033 autem,
1371 2969 1689 3025 mittebatur
1717 2973 1824 3026 dux
1893 2970 2153 3039 ~antiqua
2185 2977 2400 3038 patrum
2423 2976 2626 3024 statuta
2657 2985 2670 3020 :
2698 2983 2804 3022 non
2841 2967 3005 3024 licere
3035 2967 3255 3036 prmlato
3294 2981 3516 3022 excom-

242 3050 567 3120 Spoletinus,
607 3056 1176 3124 eomprehendebatur
1201 3057 1455 3123 oﬂeusor,
1501 3069 1556 3113 et
1586 3062 1824 3116 duceba-
1854 3073 1899 3136 α
1933 3060 2212 3115 municare
2238 3060 2576 3130 episcopum,
2600 3057 2909 3147 inconsulto
2933 3056 3175 3147 synodaii
3196 3055 3517 3122 concilio,e:

244 3148 322 3193 tur
349 3143 399 3195 in
426 3144 682 3198 exilium.
724 3145 923 3221 Domus
953 3162 1078 3216 vero
1111 3147 1253 3203 illius
1277 3150 1597 3220 signabatur
1620 3153 1823 3208 annulo

245 3232 373 3299 regis
407 3249 584 3302 usque
613 3234 683 3287 ad
717 3234 834 3302 ejus
861 3236 1186 3309 consultum,
1225 3248 1282 3292 ut
1319 3239 1362 3292 si
1398 3241 1616 3309 quando
1644 3258 1826 3298 rever-

246 3331 435 3378 teretur
457 3327 528 3380 ad
561 3313 822 3397 gratiam,
855 3329 1075 3384 haberet
1103 3331 1318 3400 propria
1350 3333 1531 3399 salva;
1561 3334 1642 3387 sin
1668 3334 1823 3402 alias,

247 3427 332 3481 per
384 3415 690 3485 imperialia
749 3428 1006 3487 precepta
1061 3419 1491 3479 distribuebatur
1545 3425 1824 3480 militibus.

248 3502 384 3568 Quod
417 3507 463 3560 si
489 3507 556 3561 ad
574 3506 779 3576 judicis
800 3519 1126 3579 potestatem
1151 3512 1498 3582 rcjiciebatur
1517 3519 1826 3589 quisquam,

248 3603 294 3648 et
318 3599 535 3653 cresaris
565 3600 878 3656 adhaereret
904 3589 1228 3673 clementia),
1263 3609 1583 3664 mittebatur
1608 3630 1705 3682 pro
1735 3616 1827 3670 tali

250 3689 460 3756 negocio
504 3689 724 3759 legatus
759 3693 827 3746 ab
868 3693 1218 3765 imperatore,
1259 3699 1350 3767 qui
1382 3699 1668 3771 diligenter
1701 3720 1829 3759 exa-

246 3780 465 3831 minaret
505 3780 583 3832 rei
627 3781 946 3850 veritatem;
981 3794 1036 3839 et
1073 3786 1118 3839 si
1169 3789 1374 3854 ejectus
1423 3793 1698 3860 propriam
1735 3796 1831 3850 ha-

246 3863 386 3921 beret
413 3869 660 3938 culpam,
695 3874 985 3930 sustineret
1015 3877 1288 3946 injuriam.

307 3954 416 4010 Hac
441 3961 851 4015 consuetudine
894 3965 974 4018 usi
1003 3976 1129 4021 sunt
1157 3968 1384 4025 Romani
1422 3987 1593 4042 usque
1623 3975 1689 4027 ad
1723 3974 1831 4029 Lu—

246 4043 505 4100 dovricum
541 4063 804 4117 magnum
828 4051 873 4083 ⁸³
901 4053 1315 4128 imperatorem,
1355 4061 1601 4120 Lotharii
1636 4065 1832 4124 ﬁliutn.

249 4130 340 4226 llic
382 4137 512 4206 quia
556 4139 740 4210 magis
790 4141 997 4201 italiam
1049 4150 1300 4207 habitare
1345 4154 1552 4226 elegit,
1606 4158 1836 4214 vicinior

251 4223 411 4281 {actus
438 4237 527 4284 est
565 4230 788 4298 Romre;
819 4237 905 4290 ubi
935 4247 990 4294 et
1031 4244 1279 4314 ampliori
1327 4223 1560 4317 quadam
1598 4268 1729 4307 usus
1753 4244 1838 4309 est

252 4327 532 4408 potestate,
568 4323 782 4380 habens
809 4336 1054 4388 strenuos
1083 4335 1230 4391 viros
1255 4338 1373 4407 ejus
1395 4343 1568 4408 urbis,
1597 4345 1834 4402 scientes

1894 3180 1898 3183 -
1928 3152 2054 3223 quia
2083 3152 2323 3223 synodus
2347 3168 2452 3206 non
2479 3167 2508 3204 a
2541 3135 2678 3221 pa'pa
2699 3191 2714 3217 ,
2748 3151 2843 3205 sed
2872 3151 2939 3204 ab
2969 3135 3298 3218 imperatore
3328 3147 3517 3203 vocari

1929 3244 2170 3299 deberet.
2214 3242 2466 3296 Plurima:
2495 3243 2729 3311 denique
2770 3241 3129 3311 irrogationes
3161 3257 3259 3312 pro
3295 3241 3389 3295 tali
3419 3255 3514 3294 oc-
3542 3283 3544 3285 .

1929 3335 2147 3392 casione
2176 3334 2337 3389 illatae
2359 3344 2484 3390 sunt
2515 3336 2760 3390 Romano
2789 3334 3052 3404 pontiﬁci.
3080 3333 3214 3388 Nam
3236 3329 3524 3404 Pentapoli

1928 3426 2273 3482 beneﬁciales
2310 3428 2528 3482 ordines
2569 3427 2684 3482 suis
2725 3425 3023 3490 distribuit,
3053 3424 3370 3494 przecipicns
3401 3422 3521 3476 uul-

1929 3516 2034 3570 lam
2083 3517 2606 3573 administrationem
2654 3517 2975 3587 impendere
3003 3515 3225 3582 Romze,
3277 3513 3522 3581 exceptis

1931 3606 2206 3678 suﬁ‘ragiis
2233 3607 2412 3662 navali
2457 3609 2851 3680 deportatione.
2879 3607 3042 3662 Multa
3075 3607 3216 3662 enim
3239 3606 3519 3678 juvamiua

1932 3699 2245 3769 imperiales
2275 3701 2594 3756 habuerunt.
2626 3701 2832 3755 ﬁdeles.
2863 3700 3017 3756 Fecit
3050 3701 3213 3754 etiam
3249 3697 3522 3776 occupare

1932 3790 2187 3846 nonnulla
2205 3790 2528 3860 patrimonia
2554 3791 2606 3846 in
2631 3791 2937 3861 Campania:
2957 3791 3202 3861 partibus
3223 3790 3370 3859 regio
3401 3790 3522 3843 usui

1917 3900 2265 3955 suorumque
2300 3885 2563 3940 ﬁdelium.
2591 3886 2666 3939 De
2695 3884 2966 3955 prtedictis
3002 3897 3218 3952 quoque
3249 3890 3524 3935 monaste—

1936 3978 2032 4030 riis
2047 3977 2318 4031 cotidiana
2341 3977 2699 4047 exigebantur
2718 3975 2939 4030 servitia
2963 3975 3014 4028 in
3038 3974 3188 4029 disco
3212 3973 3359 4043 (124)
3382 3973 3522 4042 regis

1935 4080 2039 4144 per.
2064 4066 2308 4121 diversos
2339 4073 2652 4136 apparatus.
2684 4064 2978 4120 Constituit
3003 4063 3237 4134 denique
3271 4061 3522 4117 consultu

1936 4157 2306 4213 Romanorum
2359 4160 2665 4230 principum
2723 4159 2778 4214 in
2830 4158 2963 4214 urbe
3012 4158 3184 4212 Roma
3236 4157 3523 4211 Arsenium

1937 4253 2205 4320 quendam
2242 4254 2577 4324 episcopum,
2605 4254 2898 4309 sanctitate
2923 4262 2974 4309 et
3014 4252 3240 4309 scientia
3279 4249 3521 4305 adorna-

1942 4355 2055 4403 tum
2099 4355 2154 4401 et
2196 4347 2588 4418 apocrisarium
2621 4347 2764 4404 sedis
2815 4346 3112 4414 Romanae,
3149 4342 3525 4418 deditque_illi

255 4416 532 4507 antiquam
546 4411 934 4507 imperatorum
953 4428 1422 4498 consuetudinem,
1440 4442 1496 4486 et
1518 4433 1833 4495 intimantcs
1861 4423 2237 4507 D'adjutorem
2263 4441 2562 4496 Johannem
2596 4441 2880 4496 diaconum
2906 4449 2959 4496 et
2983 4415 3526 4494 archicancellarium

260 4503 462 4555 caesari.
497 4503 605 4570 Qui
640 4513 990 4578 suggerebant
1019 4517 1115 4584 illi,
1149 4531 1394 4590 repetere
1423 4526 1703 4595 antiquam
1736 4530 1833 4585 im-

257 4600 569 4656 peratorum
624 4595 1071 4674 dominationem;
1114 4620 1169 4666 et
1203 4613 1304 4668 nisi
1357 4617 1426 4672 ob
1472 4623 1832 4677 reverentiam

259 4679 539 4773 lacertorum
574 4689 930 4754 apostolorum
953 4698 1270 4766 dimitteret,
1299 4721 1396 4773 pro
1425 4717 1576 4764 certo
1606 4708 1834 4766 faceret.

261 4769 354 4870 ilic
385 4775 559 4870 etiam
596 4779 842 4870 princeps
881 4785 1171 4846 Beneventi
1205 4794 1339 4851 ﬁnes
1368 4799 1653 4870 ingressus
1680 4812 1763 4859 est
1783 4813 1840 4859 et

260 4861 424 4917 totius
449 4862 730 4920 Calabriae
768 4870 961 4933 duobus
985 4881 1185 4949 modis,
1218 4899 1322 4940 uno
1344 4927 1358 4952 ,
1386 4861 1532 4958 quod
1555 4892 1838 4960 provincia

1941 4547 2206 4600 suumque
2227 4535 2603 4597 secretarium,
2630 4533 2719 4602 qui
2745 4540 2930 4602 postea
2955 4529 3218 4586 Reatinus
3241 4528 3532 4598 episcopus

1891 4671 1901 4682 ί,
1941 4623 2162 4678 eifectus
2190 4633 2293 4689 est,
2323 4623 2465 4677 unde
2498 4624 2608 4695 jam
2641 4621 2845 4676 electus
2873 4630 3012 4676 erat.
3044 4627 3057 4638 “

2018 4713 2281 4784 Tempore
2313 4713 2459 4785 (£9.33)
2490 4715 2652 4785 igitur
2679 4703 2918 4783 congruo
2957 4714 3249 4781 imperator
3283 4707 3536 4761 veniebat

1951 4803 2176 4860 Romam
2209 4808 2322 4881 (an.
2352 4806 2503 4876 864),
2537 4815 2591 4860 et
2625 4804 3020 4872 suscipiebatur
3048 4803 3114 4856 ab
3141 4800 3392 4855 omnibus
3422 4806 3538 4853 tam

1949 4895 2247 4966 majoribus
2275 4912 2438 4970 quam
2480 4896 2780 4952 minoribus
2811 4894 3142 4955 honoriﬁce;
3175 4889 3544 4959 veniebatquo

1557 5023 1639 5076 VA
1652 5023 1789 5080 Rl/E
1829 5025 2120 5084 LECTION
2130 5032 2236 5092 ES.

320 5105 365 5135 ³²
401 5105 484 5158 ita
515 5109 766 5161 correxi:
793 5111 1032 5181 laleratus
1062 5127 1151 5182 ad.
1231 5129 1274 5160 ”

1311 5133 1400 5201 Qui
1423 5133 1556 5188 alias
1585 5132 1622 5184 ll
1652 5146 1879 5192 vocatur
1903 5154 1935 5190 a
1963 5137 2153 5200 Flucio
2179 5146 2427 5205 additum
2451 5160 2560 5198 esse
2587 5140 2805 5197 videtur.

1730 5267 1963 5323 NOTAS.

319 5355 481 5444 ς
693 5372 838 5428 supra
862 5366 1102 5444 Chronici
1131 5388 1280 5426 num.
1316 5377 1403 5432 2-5.

1942 5393 2112 5444 cmari
2157 5397 2382 5444 npmicl.
