3986 5444
450 0 557 62 .55
1117 0 1478 54 BENEDICTI
1516 0 1582 52 ι.
1619 0 1832 50 stum.
1875 0 2040 50 non.
2081 0 2169 47 DE
2206 0 2440 47 IMPER.
2483 0 2775 47 l’UNEST‘.
2813 0 2880 45 tu
2925 0 3126 46 UllBlS.

492 123 616 169 cum
643 124 709 165 eo
727 104 842 179 jam
871 98 1047 164 dictus
1077 105 1517 177 archiepiscopus
1539 104 1827 171 Ravenna,
1855 101 1932 159 nil
1958 117 2073 159 me.
2097 112 2147 166 Α
2176 116 2329 157 suam
2355 99 2641 157 ecclesiam
2667 139 2684 168 ,
2713 107 2773 155 ut
2813 99 2968 171 quasi
3010 113 3110 171 per
3145 99 3258 158 vim
3294 99 3367 159 ab
3396 100 3579 175 aliqua
3602 92 3748 164 esset

488 212 649 256 tuens
679 200 856 255 minas
880 197 1171 270 pontificis.
1200 195 1355 253 Unde
1391 195 1572 252 evenit
1597 194 1771 265 major
1797 194 2070 250 discordia

486 292 633 347 Inter
660 304 853 362 papam
880 300 937 345 et
958 288 1365 359 imperatorem.
1395 286 1526 341 Erat
1547 287 1751 358 quippe
1774 286 2074 357 imperator

449 438 455 443 ,
483 383 538 438 in
563 381 765 453 palatio
791 381 965 436 sancti
1012 379 1158 434 Petri
1201 377 1432 450 apostoli
1460 418 1477 444 ,
1501 385 1556 433 et
1584 393 1723 448 papa
1755 378 1824 432 ad
1852 384 2072 434 sanctos

478 470 809 542 Apostolos;
843 483 1074 537 cumque
1097 482 1288 523 omnes
1329 467 1477 522 illius
1523 466 1732 523 insidiae
1760 474 1947 521 contra
1980 481 2070 523 re-

480 562 624 633 giam
655 558 972 630 dignitatem
1019 574 1118 629 pro
1168 557 1338 614 nihilo
1384 558 1749 623 ducerentur,
1790 557 2074 613 constituit

482 652 781 708 monachos
808 665 902 707 seu
930 650 1149 706 Christo
1176 649 1386 705 dicatas
1415 648 1655 720 virgines
1684 663 1754 704 ex
1800 658 2072 705 monaste-

480 743 580 800 riis
606 738 793 798 Roma:
817 783 832 805 ,
863 752 924 797 ut
951 741 1108 812 quasi
1152 741 1253 797 sub
1281 741 1505 797 obtentu
1537 740 1817 812 religionis
1844 741 2072 796 cotidia-

481 848 588 889 nas
634 834 974 890 celebrarent
1007 832 1257 887 lectanias
1293 846 1391 902 per
1434 832 1725 887 circuitum
1763 848 2070 901 murorum,

480 934 538 981 et
564 926 760 981 missas
788 932 1048 980 canerent
1096 932 1284 978 contra
1331 924 1605 993 principes
1635 925 1775 978 male
1818 932 2064 994 agentes.

479 1018 580 1073 llis
602 1016 803 1072 auditis
826 1055 840 1080 .
880 1015 1125 1086 primarii
1155 1014 1296 1086 regis
1335 1014 1614 1070 humiliter
1652 1014 1974 1069 accedentes
1999 1014 2067 1070 ad

478 1127 703 1185 papam,
734 1118 1061 1181 rogaverunt
1085 1124 1209 1165 eum
1240 1108 1605 1173 familiariter,
1643 1114 1702 1163 ut
1730 1107 1855 1162 talia
1882 1108 2069 1178 prolti-

477 1202 637 1259 heret
653 1218 676 1269 ;.
701 1209 756 1257 et
795 1216 918 1256 cum
969 1200 1107 1256 nihil
1131 1200 1200 1256 ab
1252 1214 1318 1257 eo
1372 1200 1664 1270 impetrare
1704 1207 1950 1270 possent,
1980 1215 2071 1255 re-

478 1294 628 1350 versi
650 1302 777 1349 sunt
804 1299 1116 1348 merentes.
1152 1290 1395 1358 Quadam
1425 1305 1553 1347 vero
1580 1290 1668 1345 die
1689 1305 1810 1345 eum
1842 1289 2065 1361 quidam

481 1383 684 1439 milites
713 1382 924 1454 praefati
957 1382 1219 1454 principis
1246 1382 1395 1437 irent
1424 1381 1493 1438 ad
1535 1389 1782 1438 sanctum
1811 1379 2067 1447 Paulum,

2170 206 2429 264 oppressa

2240 282 2463 340 Talibus
2488 282 2728 340 evolutis
2747 277 3264 349 machinationibus,
3303 284 3537 340 moritur
3568 284 3750 343 Ludo-

2170 373 2342 429 wieus
2369 375 2481 445 (an.
2516 374 2666 447 875).
2697 375 2929 430 Mittitur
2955 374 3138 431 statim
3164 375 3365 431 citatus
3406 391 3438 431 a
3476 374 3750 445 Jobaune,

2169 465 2260 536 qui
2293 476 2419 522 tunc
2448 473 2705 537 praeerat,
2733 482 2764 521 a
2798 465 2845 499 ⁸⁸
2873 481 3010 537 papa
3042 466 3254 538 legatus
3290 468 3358 522 ad
3385 469 3618 524 eundem
3642 471 3749 526 Ca-
3774 515 3780 541 δ

2167 555 2369 622 rolum,
2399 557 2489 626 qui
2517 555 2691 612 nullas
2713 555 2980 612 veniendo
3007 558 3214 612 faciens
3236 572 3445 625 moras,
3476 552 3777 631 ingressus

2166 646 2374 704 Italiam
2408 649 2563 718 petiit
2597 647 2825 704 Romam
2877 651 2990 720 (an.
3037 648 3186 720 876).
3242 649 3475 706 Mittitur
3520 652 3754 722 denique

2167 737 2310 793 alius
2335 739 2534 793 missus
2561 740 2630 794 ab
2659 754 2829 796 uxore
2850 741 3194 809 imperatoris
3216 741 3545 813 Engelberga
3562 783 3578 806 ,
3610 742 3697 797 vel
3722 759 3754 796 a

2167 828 2283 883 suis
2329 829 2656 899 primatibus
2688 830 2756 884 ad
2803 830 3313 902 Carolummagnum
3358 834 3656 888 ostendens
3700 833 3753 888 ei

2165 926 2290 972 vota
2316 917 2576 973 defuncti.
2602 919 2666 974 Et
2697 918 2823 988 quia
2847 919 3059 991 longius
3079 931 3229 990 erat,
3250 922 3420 977 noluit
3439 924 3487 957 ⁸⁸
3511 933 3621 978 tam
3644 925 3757 981 cito

2163 1007 2378 1072 venire,
2406 1017 2467 1062 ut
2516 1009 2779 1080 impedi-re
2826 1020 3011 1080 posset
3065 1012 3171 1067 iter
3215 1012 3395 1069 Caroli
3443 1014 3759 1083 δαινῦτρή

2166 1097 2393 1154 veniens
2438 1097 2691 1165 Romam,
2733 1103 3014 1156 renovavit
3058 1113 3272 1173 paetum
3318 1119 3440 1159 cum
3467 1105 3757 1176 Romanis,

2167 1190 2480 1259 perdonans
2528 1191 2636 1248 illis
2673 1192 2796 1264 jura
2849 1195 3001 1265 regni
3029 1206 3085 1251 et
3113 1198 3535 1255 consuetudines
3563 1201 3754 1269 illius,

2168 1282 2415 1339 tribuens
2455 1282 2561 1341 illis
2608 1295 2856 1357 sumptus
2908 1289 2977 1344 de
3031 1290 3206 1345 tribus
3264 1293 3590 1362 supradictis
3642 1311 3759 1351 mo-

2166 1377 2443 1444 nasteriis,
2473 1378 2525 1432 id
2568 1388 2653 1434 est
2678 1379 2883 1435 domini
2913 1380 3211 1439 Salvatoris
3239 1424 3254 1450 ,
3282 1394 3337 1440 et
3364 1386 3537 1443 beata:
3570 1388 3757 1444 Mariae

479 1482 539 1531 et
563 1482 989 1539 reverterentur,
1018 1474 1218 1530 accidit
1239 1488 1337 1529 eos
1364 1487 1656 1529 occurrere
1681 1472 1878 1528 talibus
1917 1469 2142 1529 laeta-Il
2168 1482 2382 1539 semper
2425 1469 2654 1542 virginis
2696 1472 2749 1527 in
2802 1471 3041 1540 Sabinis,
3090 1487 3255 1547 atque
3300 1480 3472 1534 sancti
3522 1481 3758 1539 Andreae

479 1563 611 1619 niis.
638 1564 738 1631 Qui
767 1564 1024 1619 instinctu
1054 1563 1263 1633 antiqui
1291 1563 1463 1620 hostis
1490 1565 1543 1620 in
1569 1565 1707 1620 iram
1733 1564 1877 1621 versi
1920 1573 2066 1631 sunt,

480 1660 538 1707 et
570 1667 668 1722 pro
699 1652 959 1708 ﬁdelitate
990 1652 1077 1708 sui
1106 1653 1336 1709 senioris
1361 1653 1657 1709 vindictam
1708 1663 2071 1709 exercuerunt

481 1753 675 1800 contra
703 1744 848 1811 illos,
873 1745 1250 1815 percutientes
1282 1753 1338 1801 et
1367 1745 1639 1801 caedentes
1669 1745 1909 1816 graviter
1944 1761 2068 1800 cum

478 1832 739 1898 fustibus,
790 1848 928 1905 quas
966 1833 1216 1890 manibus
1262 1831 1598 1889 deferebant.
1650 1834 1753 1903 Qui
1804 1833 2072 1905 fugientes

454 1922 831 1997 ‘projecerunt
854 1940 1049 1981 cruces
1073 1934 1128 1980 et
1153 1925 1340 1981 iconas
1360 1964 1377 1990 ,
1408 1941 1546 1996 quas
1584 1926 1902 1995 portabant,
1928 1926 2072 1983 sicut

480 2001 603 2070 mos
630 2023 715 2070 est
741 2014 1056 2071 Graecorum
1079 2056 1094 2082 ,
1125 2030 1158 2071 e
1184 2015 1381 2086 quibus
1410 2015 1685 2072 nonnullae
1712 2016 2068 2084 “conculcata,

481 2105 755 2164 nonnulla}
795 2107 1022 2177 dirupta:
1047 2115 1192 2162 sunt.
1226 2104 1382 2164 Unde
1410 2107 1796 2183 etimperator
1835 2107 2074 2177 graviter

481 2208 571 2255 est
608 2209 887 2270 permotus
919 2201 977 2255 in
1011 2200 1166 2264 iram,
1189 2207 1246 2254 ct
1272 2213 1374 2270 pro
1412 2214 1517 2270 qua
1544 2214 1708 2254 causa
1742 2199 2073 2270 apostolicus

481 2289 669 2344 mitior
704 2289 928 2348 effectus
955 2300 1056 2349 est.
1081 2289 1364 2347 Profectus
1392 2299 1476 2346 est
1499 2291 1732 2360 denique
1765 2291 1907 2358 idem
1933 2307 2071 2363 pon-

480 2380 615 2436 tifex
646 2381 712 2437 ad
743 2393 992 2438 sanctum
1020 2382 1266 2447 Petrum.
1306 2397 1517 2454 rogans
1544 2383 1929 2454 imperatorem
1972 2399 2072 2455 pro

479 2470 596 2527 suis
639 2472 767 2527 talia
815 2473 1186 2543 patrantibus;
1235 2480 1291 2529 et
1318 2473 1406 2528 vix
1446 2472 1698 2529 obtinere
1734 2462 1924 2529 valuit.
1950 2471 2070 2529 Jam

480 2559 664 2630 itaque
698 2562 840 2616 inter
872 2577 932 2617 se
961 2561 1255 2618 familiares
1292 2561 1469 2619 effecti
1502 2571 1647 2618 sunt.
1682 2561 1884 2619 Tamen
1909 2563 2075 2635 .regia

481 2649 714 2721 dignitas
742 2668 956 2721 semper
989 2652 1089 2708 fuit
1120 2653 1306 2709 Romae
1334 2653 1556 2722 suisque
1595 2653 1873 2719 conﬁniis,
1898 2669 2072 2724 usque

481 2741 552 2795 ad
587 2742 745 2796 ﬁnem
775 2744 983 2798 dierum
1012 2744 1357 2814 imperatoris
1381 2784 1397 2809 ,
1434 2745 1575 2799 sicut
1603 2759 1766 2814 supra
1811 2745 2071 2814 praeliba-

2162 1557 2321 1629 juxta
2351 1570 2590 1617 montem
2618 1560 2881 1629 Soractis,
2909 1572 2965 1620 et
2991 1565 3056 1620 de
3083 1567 3302 1623 caeteris
3320 1583 3482 1639 quam
3505 1569 3759 1640 plurimis

2174 1651 2522 1706 monasteriis
2544 1651 2746 1708 ﬁscalia
2774 1654 3118 1723 patrimonia.
3150 1654 3358 1712 Patrias
3382 1669 3561 1715 autem
3590 1659 3764 1717 Sum-

2169 1742 2275 1797 nia:
2303 1751 2359 1798 et
2385 1741 2649 1799 Calabriae
2682 1744 2847 1800 simul
2868 1760 2999 1801 cum
3030 1748 3285 1805 omnibus
3313 1750 3622 1807 civitatibus
3651 1754 3756 1811 Be-

2169 1835 2393 1890 neventi
2424 1836 2506 1893 eis
2524 1835 2767 1902 contulit,
2794 1837 3016 1910 insuper
3036 1840 3101 1894 ad
3122 1839 3376 1896 decorem
3400 1843 3551 1913 regni
3579 1852 3759 1900 totum

2171 1929 2424 1986 ducatum
2462 1928 2798 2000 Spoletinum
2841 1946 2964 1986 cum
2990 1933 3198 1989 duabus
3232 1932 3540 1990 civitatibus
3573 1934 3760 1992 Thus-

2171 2022 2271 2077 cite
2290 2061 2304 2086 ,
2335 2022 2479 2092 quod
2515 2021 2705 2078 solitus
2733 2030 2852 2079 erat
2890 2023 3095 2079 habere
3126 2024 3242 2095 ipse
3270 2025 3375 2080 dux
3401 2065 3416 2090 ,
3449 2025 3503 2081 id
3529 2035 3613 2082 est
3637 2027 3763 2083 Ari-

2172 2112 2316 2166 cium
2348 2119 2401 2167 et
2429 2111 2693 2177 Clusium,
2737 2122 3009 2185 quatenus
3029 2123 3089 2170 ut
3128 2116 3195 2181 is,
3225 2117 3316 2186 qui
3344 2129 3577 2187 praterat
3605 2118 3765 2190 regia

2169 2201 2290 2257 vice
2317 2210 2446 2257 ante
2470 2241 2485 2267 .
2517 2202 2778 2259 Romanis
2808 2203 3085 2260 videretur
3120 2215 3242 2276 post
3282 2220 3405 2262 esse
3450 2207 3764 2276 subjectus.

2171 2290 2422 2347 Rcmovit
2449 2292 2614 2348 etiam
2638 2294 2707 2349 ab
2732 2294 2812 2349 eis
2836 2295 3014 2366 regias
3038 2295 3353 2365 legationes,
3380 2298 3761 2357 assiduitatem

2170 2383 2255 2443 vel
2285 2385 2626 2454 praesentiam
2680 2387 2991 2457 apostolicae
3021 2387 3326 2445 electionis.
3376 2390 3516 2457 Quid
3557 2390 3765 2462 plura!

2171 2472 2375 2531 Cuncta
2406 2476 2514 2532 illis
2539 2478 2767 2532 contulit
2801 2491 2924 2548 qua:
2960 2476 3268 2544 voluerunt,
3298 2478 3762 2548 quemadmodum

2171 2565 2372 2622 dantur
2395 2566 2485 2622 illa
2505 2607 2521 2633 ,
2550 2582 2817 2647 quameo
2854 2576 3000 2625 recte
3031 2569 3391 2641 adquiruntur
3414 2586 3514 2627 nec
3541 2586 3766 2644 posscs-

2172 2672 2304 2715 sura
2325 2674 2616 2730 sperantur
2638 2648 2810 2733 (liti).

2248 2748 2456 2820 Fugato
2494 2750 2677 2819 itaque
2705 2753 2808 2806 isto
2837 2751 3037 2809 Carolo
3060 2768 3170 2824 pra:
3205 2763 3352 2809 metu
3402 2753 3629 2812 alterius
3659 2757 3766 2812 Ca-

485 2841 601 2886 tum
632 2842 735 2887 est.
777 2834 856 2888 Eo
887 2850 1015 2890 vero
1043 2834 1354 2890 inﬁrmante
1402 2843 1458 2889 et
1502 2835 1568 2905 ad
1612 2845 1916 2891 extremum
1945 2850 2069 2906 pros
2095 2830 2141 2892 C
2173 2839 2272 2895 roli
2316 2840 2462 2911 (127)
2488 2881 2504 2907 ,
2533 2842 2624 2910 qui
2654 2844 2904 2898 veniebat
2925 2885 2940 2909 ,
2974 2845 3302 2911 infirmatur,
3354 2856 3642 2919 antequam
3695 2852 3770 2907 de

481 2922 807 2995 pinquante,
839 2926 965 2995 quia
989 2942 1094 2980 non
1126 2924 1360 2980 habebat
1383 2923 1574 2991 lilium,
1606 2924 1776 2980 voluit
1803 2925 1907 2980 sibi
1944 2941 2073 2981 suc-

488 3014 689 3070 cedere
717 3012 1232 3089 Carolummagnum
1279 3018 1351 3072 ad
1376 3020 1726 3088 suscipienda
1771 3019 2076 3090 imperialia

489 3117 728 3180 sceptra.
754 3109 888 3168 Cum
918 3112 1033 3167 haec
1070 3112 1142 3166 ita
1173 3122 1435 3183 geruntur
1462 3154 1477 3178 ,
1509 3113 1739 3169 Romani
1789 3115 2077 3185 pontifices

481 3216 699 3274 semper
725 3219 824 3274 per
869 3214 1117 3260 oratores
1158 3205 1368 3262 litteras
1407 3205 1454 3239 ⁸³⁵
1488 3207 1776 3262 mittebant
1815 3208 2072 3263 invitato-

482 3290 600 3347 rias
641 3294 710 3349 ad
753 3293 1008 3351 Carolum
1041 3294 1264 3351 Calvum
1307 3311 1492 3369 regem
1528 3297 1862 3352 Francorum
1891 3338 1906 3362 ,
1936 3298 2073 3353 invi-

484 3392 666 3441 tantes
699 3401 822 3442 eum
853 3386 1016 3442 clam.
1055 3387 1124 3443 Et
1159 3389 1285 3458 quia
1318 3396 1439 3443 erat
1467 3388 1521 3442 in
1549 3387 1745 3443 litteris
1777 3388 1930 3458 quasi
1957 3388 2079 3459 phi--

484 3470 760 3549 losophus,
799 3477 1063 3547 rogabant
1107 3477 1255 3531 illum
1303 3477 1653 3548 supervenire
1700 3478 1860 3533 beato
1906 3477 2070 3534 Petro

485 3573 547 3621 et
563 3564 631 3621 de
649 3567 931 3624 servitutis
945 3567 1077 3642 jugo
1091 3569 1158 3624 ad
1182 3570 1460 3643 propriam
1476 3568 1785 3639 libertatem
1809 3570 2069 3627 reducere

2175 2945 2343 3001 regno
2393 2934 2741 3002 egrederetur
2795 2934 3001 2992 Italico.
3049 2937 3313 3009 Egressus
3361 2953 3601 3009 namque
3624 2941 3717 2995 vix
3745 2983 3761 3006 ,

2175 3024 2464 3080 defunctus
2494 3035 2578 3080 cst
2607 3028 2719 3097 (an.
2756 3028 2905 3089 877).
2938 3029 3020 3084 Ab
3065 3029 3157 3084 illo
3207 3040 3385 3086 autem
3424 3031 3510 3087 die
3541 3033 3766 3088 honori-

2175 3116 2307 3173 ﬁcas
2340 3121 2760 3176 consuetudines
2800 3123 2962 3192 regie
3004 3122 3287 3193 dignitatis
3317 3138 3475 3179 nemo
3524 3125 3768 3197 impera-

2183 3216 2359 3264 torum
2388 3249 2404 3276 ,
2449 3226 2609 3267 nemo
2654 3228 2842 3284 regum
2885 3215 3204 3286 acquisivit;
3257 3218 3380 3284 quia
3433 3227 3524 3272 aut
3581 3220 3767 3276 virtus

2180 3297 2373 3366 defuit,
2406 3310 2500 3356 aut
2524 3303 2750 3359 scientia
2804 3321 2901 3376 pro
2931 3307 3115 3363 multis
3143 3309 3289 3379 regni
3315 3310 3764 3366 contentionibus

2176 3399 2234 3445 et
2280 3393 2513 3450 assiduis
2560 3396 2932 3462 divisionibus,
2985 3399 3125 3454 unde
3174 3399 3340 3455 multa
3366 3402 3581 3472 praelia,
3609 3401 3764 3458 delatu-

2179 3481 2383 3550 tiones,
2416 3493 2472 3539 et
2502 3484 2702 3558 rapinae
2730 3485 2951 3543 fuerunt
2987 3489 3042 3544 la
3072 3503 3266 3561 regno.

1776 3718 1860 3776 VA
1870 3721 2006 3777 BHE
2040 3721 2453 3788 LECTIONES.

558 3854 606 3889 “
637 3856 822 3914 literas
844 3857 965 3913 edd.
1039 3856 1087 3891 ⁸⁸
1124 3857 1401 3915 delendum
1418 3875 1531 3916 esse
1549 3860 1769 3916 videtur.
1845 3858 1894 3893 ⁸⁸
1931 3860 2157 3931 fortasse
2183 3880 2291 3920 non
2323 3867 2517 3925 valuit.

1986 3971 2218 4031 NOTE.

559 4083 710 4160 (l26)
739 4085 820 4160 Eg
845 4086 1059 4160 O_ttonis
1083 4065 1149 4160 lii
1172 4086 1482 4160 diplomate.
1509 4086 1648 4160 _Vide
1676 4085 2054 4160 MinttLQermf,

484 4152 753 4228 chnm't.
779 4158 839 4228 ll,
865 4156 930 4225 Β,
962 4157 1085 4227 162,
1102 4159 1198 4215 lin.
1217 4152 1287 4215 26
1307 4156 1631 4231 (Patralog.,
1647 4168 1686 4214 t.
1704 4156 1900 4216 CXXX
1911 4152 2071 4231 Vlll).

2239 4093 2395 4164 ([27).
2424 4095 2645 4158 Scilicet
2667 4099 2875 4160 Crassi.
