3986 5444
199 378 3414 425 W

1482 565 1651 609 Δί(Νο
1695 564 1926 609 υοιιιιιι
1972 565 2091 607 IIII
2104 589 2119 604 .

444 812 1916 1024 SILVESTEB
2080 802 2753 1014 PAPA
2907 812 3182 1017 II.

1268 1206 2211 1361 (GERBERTUS.)

507 1673 959 1751 NOTITIA
1031 1670 1582 1751 HISTORICA
1643 1671 1754 1748 IN
1835 1667 2485 1751 SILVESTRUM
2552 1671 2889 1749 PAPAM
2967 1674 3079 1751 ΙΙ.

1240 1887 1437 1960 (Natal.
1466 1887 1642 1952 Δίρκη
1670 1887 1935 1944 Saeculum
1962 1906 2013 1955 ι,
2043 1906 2167 1962 pag.
2198 1889 2314 1961 ὃὸ.)

255 2246 500 2316 Gregorio
550 2242 598 2297 ν
635 2241 895 2300 successit
935 2238 1231 2297 Gerbertus
1278 2237 1498 2294 natione
1545 2235 1753 2305 Gallus,
1782 2237 1835 2298 Α
1857 2236 2088 2307 quadam
2112 2238 2261 2293 stella
2290 2246 2573 2298 nautarum
2600 2246 2755 2301 duce.
2779 2244 2908 2299 Post
2936 2245 3051 2302 haec
3089 2256 3266 2303 autem
3299 2264 3437 2319 prm-

200 2341 348 2410 patria
377 2339 716 2408 Aquitanus,
758 2335 939 2391 humili
972 2346 1175 2404 genere
1206 2340 1387 2394 natus,
1418 2330 1752 2383 Auriliacen-
1790 2382 1802 2395 ,

202 2432 266 2487 sis
283 2432 600 2492 monachus,
630 2427 825 2483 deinde
844 2424 1123 2480 Bobiensis
1144 2423 1335 2487 abbas,
1363 2420 1576 2477 Ottonis
1607 2419 1670 2473 111
1700 2427 1758 2474 et

203 2522 395 2576 lloberti
425 2521 577 2592 regis
608 2518 940 2574 Francorum
970 2524 1290 2586 praeceptor,
1315 2511 1756 2581 archiepiscopus

203 2607 484 2675 Bernensis,
511 2607 709 2663 deinde
737 2603 1182 2667 Ravennatensis,
1224 2601 1435 2657 Ottonis
1461 2601 1755 2669 imperato-

203 2705 267 2759 ris
305 2702 552 2775 discipuli
584 2702 668 2757 sui
710 2699 894 2755 favore
939 2698 995 2753 in
1026 2696 1209 2752 sedem
1247 2692 1598 2765 apostolicam
1629 2706 1759 2747 eve-

203 2803 323 2857 ctus,
350 2803 563 2847 mutato
588 2790 823 2853 nomine,
859 2786 1121 2843 Silvester
1146 2784 1189 2839 ll
1219 2782 1538 2854 appellatus.
1576 2781 1755 2851 Ipsum

205 2880 382 2952 llispali
429 2891 584 2937 artes
631 2880 871 2949 magicas
910 2885 966 2933 et
1007 2876 1430 2932 necromantiam
1480 2874 1755 2936 didicisse,

207 2973 477 3028 daemonem
520 2972 839 3026 familiarem
870 2968 1159 3033 habuisse,
1206 2967 1369 3022 etiam
1399 2980 1467 3020 ex
1498 2980 1606 3034 quo
1655 2962 1758 3018 fuit

205 3066 417 3137 pontifex
454 3068 633 3135 ipsum
673 3062 1010 3118 consuluisse
1035 3060 1102 3115 de
1132 3058 1418 3115 duratione
1448 3057 1573 3111 vitae
1617 3070 1755 3121 suae,

205 3159 261 3209 ab
281 3171 445 3224 eoque
470 3168 789 3224 responsum
811 3151 997 3206 tulisse
1017 3150 1160 3219 quod
1185 3157 1311 3203 ante
1331 3148 1626 3202 moriturus
1650 3161 1756 3201 non

206 3256 328 3301 esset
355 3262 519 3316 quam
561 3246 781 3299 missam
806 3227 1206 3299 celebrassetin
1235 3239 1628 3305 Jerusalem,et
1652 3239 1757 3295 alia

209 3340 420 3393 absurda
448 3347 507 3392 et
538 3338 750 3407 inepta,
780 3337 962 3391 Benno
995 3332 1493 3405 pseudocardinalis
1517 3338 1573 3387 et
1614 3332 1758 3386 schi-

207 3432 445 3483 smaticus
476 3437 670 3480 auctor
696 3433 1143 3482 commeatus-est
1170 3433 1227 3479 et
1268 3423 1489 3493 scriptis
1533 3422 1758 3477 manda-

211 3518 293 3571 rit.
307 3518 469 3585 Quam
497 3516 735 3570 fabulam
759 3516 811 3569 in
836 3514 1264 3571 Commentarios
1278 3528 1405 3568 suos
1428 3512 1661 3567 retulere
1681 3511 1759 3566 Si-

1857 2330 2007 2386 dicto
2053 2346 2193 2403 papa
2240 2331 2528 2402 defuncto,
2574 2337 2621 2394 is
2666 2338 2840 2409 gratia
2874 2339 3215 2409 imperatoris
3256 2340 3433 2395 eidem

1854 2424 2136 2490 successit,
2180 2434 2234 2479 et
2265 2441 2433 2498 usque
2459 2429 2524 2483 ad
2557 2438 2767 2501 tempus
2789 2429 3005 2486 llenrici
3028 2432 3168 2501 regis
3191 2432 3433 2495 sedebat,

1856 2512 2117 2570 Silvester
2156 2527 2399 2573 vocatus.
2449 2537 2468 2571 ι
2503 2520 2577 2576 De
2621 2537 2687 2576 eo
2731 2521 3023 2591 Helgalilus
3066 2522 3433 2579 Floriacensis

1857 2607 2156 2662 monachus
2186 2608 2239 2662 in
2276 2609 2395 2664 Vita
2427 2609 2649 2666 Roberti
2677 2614 2818 2684 regis
2860 2612 3331 2677 Christianissimi,
3368 2613 3437 2667 de

1856 2712 1963 2767 quo
2012 2698 2085 2753 ita
2140 2700 2331 2755 scribit
2373 2719 2386 2754 :
2422 2720 2441 2753 ι
2487 2703 2606 2757 Fuit
2657 2704 2798 2758 idem
2854 2719 2948 2757 rex
3006 2703 3439 2771 sapientissimus

1856 2790 2183 2857 litterarum,
2216 2791 2366 2861 cujus
2396 2795 2797 2863 sapientissimo
2822 2796 2971 2850 cordi
3004 2795 3167 2850 insita
3216 2804 3373 2849 erant
3406 2810 3437 2849 a

1858 2883 1968 2937 Deo
2014 2885 2136 2937 data
2170 2885 2420 2955 perfecta:
2452 2888 2693 2941 scientiae
2743 2888 2905 2941 dona.
2942 2888 3073 2942 Nam
3112 2902 3141 2941 a
3188 2886 3437 2957 piissima

1858 2985 2034 3030 matre
2081 2977 2281 3031 schola:
2330 2977 2587 3033 Rcmcnsi
2646 2980 2895 3045 traditus,
2933 2981 3131 3035 domno
3176 2980 3441 3035 Gerberto

1857 3067 1924 3121 ad
1954 3068 2306 3122 erudiendum
2333 3079 2417 3124 est
2446 3072 2601 3126 datus
2620 3112 2634 3135 ,
2666 3073 2757 3141 qui
2788 3087 2908 3126 eum
2947 3070 3276 3126 sullicienter
3304 3071 3439 3124 libe-

1858 3157 2061 3212 ralibus
2108 3158 2401 3215 instrueret
2446 3160 2769 3229 disciplinis,
2818 3167 2873 3214 ut
2924 3162 2977 3214 in
3031 3159 3284 3216 omnibus
3328 3160 3441 3213 Dco

1856 3249 2209 3318 omnipotenti
2237 3249 2599 3319 complaceret
2637 3251 2926 3305 virtutibus
2968 3251 3146 3304 almis.
3182 3248 3439 3303 Facturu-

1857 3354 1961 3409 que
1986 3349 2106 3393 cst:
2142 3340 2186 3393 is
2212 3341 2408 3409 quippe
2452 3340 2747 3396 Gerbertus
2793 3356 2893 3411 pro
2938 3341 3173 3395 maximo
3204 3357 3315 3395 sum
3344 3356 3434 3393 sa-

1855 3433 2072 3502 pientia:
2103 3432 2315 3497 merito,
2348 3449 2451 3502 qua
2498 3442 2610 3486 toto
2638 3434 2884 3488 radiabat
2923 3434 2975 3486 in
3008 3432 3240 3497 mundo,
3272 3434 3441 3487 dona-

1858 3524 1967 3577 tivo
2024 3524 2165 3593 rcgis
2218 3523 2455 3594 llugonis
2505 3540 2756 3587 munere,
2820 3525 3152 3595 pontiﬁcium
3212 3524 3447 3593 adeptus

209 3610 437 3679 seberlus
462 3609 530 3661 ad
555 3623 750 3661 annum
773 3606 1160 3676 998.quanwis
1182 3604 1249 3659 de
1263 3619 1324 3657 ea
1348 3602 1751 3658 dubitantcrlo-
1785 3608 1827 3665 Β
1856 3613 2141 3678 Remense,
2176 3630 2278 3669 non
2308 3616 2490 3671 multis
2514 3617 2669 3671 annis
2698 3617 2825 3671 illud
2852 3616 3135 3670 adornavit
3160 3616 3443 3686 splendide

212 3710 412 3769 quatur;
439 3699 702 3753 Martinus
718 3697 971 3760 Polonus,
990 3696 1046 3751 S.
1063 3695 1363 3750 Antoninus
1382 3703 1509 3747 tom.
1524 3692 1564 3747 11
1581 3692 1756 3747 Chro-

213 3793 419 3856 nic.,tit.
451 3792 540 3854 16,
559 3789 588 3863 §
610 3791 699 3855 18;
719 3789 1030 3845 Vincentius
1054 3788 1451 3842 Bellovacensis
1479 3784 1574 3841 lib.
1602 3799 1755 3849 xxiv,

217 3897 320 3950 cap.
346 3883 439 3947 88;
480 3880 776 3936 \Veruerus
807 3878 1103 3943 Bolcwink,
1128 3878 1180 3931 in
1219 3876 1502 3933 Fasciculo
1553 3884 1759 3944 tempo-

218 3991 350 4041 rum;
377 3975 686 4031 Willclmus
728 3971 1220 4029 Malmesburiensis
1265 3969 1360 4025 lib.
1392 3984 1429 4023 ll
1474 3969 1540 4023 de
1581 3967 1761 4022 Gestis

221 4083 378 4139 regum
406 4068 663 4133 Anglor.,
708 4081 825 4136 cap.
858 4066 957 4129 10;
997 4063 1402 4118 Ccnturiatores
1444 4059 1762 4128 Magdebur-

222 4171 406 4225 genses,
429 4169 485 4212 et
512 4157 746 4221 Platina,
771 4156 869 4210 lib.
893 4154 958 4209 de
996 4154 1134 4209 Vitis
1178 4150 1515 4222 pontiﬁcum,
1547 4149 1602 4203 in
1636 4147 1761 4203 8η.-

222 4261 399 4304 resne
432 4249 497 4304 ll.
532 4247 731 4303 Verum
778 4248 921 4302 istud
954 4244 1284 4302 schismatici
1334 4243 1573 4298 auctoris
1613 4256 1763 4296 com-

224 4350 481 4405 mentum,
528 4338 675 4409 quod
728 4338 966 4393 historici
1018 4336 1182 4390 nimis
1224 4334 1431 4388 creduli
1478 4341 1532 4386 et
1585 4331 1763 4385 minus

226 4429 437 4482 accurali
465 4441 747 4497 excepere,
776 4427 937 4482 coaevi
971 4426 1267 4496 scriptores
1295 4423 1602 4485 destruunt,
1639 4436 1762 4476 cum

229 4514 449 4570 laudibus
494 4526 756 4570 exornant
805 4515 1123 4572 Gerbertum
1172 4528 1263 4568 seu
1317 4513 1635 4567 Silvestrum
1686 4510 1763 4576 ll,

230 4614 275 4657 et
305 4607 413 4676 ejus
440 4606 644 4661 eximia
690 4607 974 4677 pradicant
1018 4606 1229 4660 merita.
1271 4604 1352 4659 De
1387 4620 1453 4658 eo
1490 4603 1765 4657 Ditmarus

234 4693 674 4763 Merseburgensis
718 4697 991 4766 episcopus
1025 4695 1122 4750 lib.
1153 4709 1204 4749 vr
1249 4712 1262 4749 :
1310 4712 1330 4746 ε
1366 4692 1652 4763 Superius,
1685 4692 1761 4747 in.

233 4792 356 4857 quit,
386 4792 453 4846 de
503 4790 785 4846 universali
831 4808 964 4864 papa
1018 4792 1271 4847 Brunone
1310 4792 1610 4861 disputans,
1642 4803 1765 4845 cum

234 4896 587 4936 successorem
640 4880 748 4950 ejus
780 4884 1096 4942 Gerbertum
1146 4892 1353 4940 tantum
1407 4882 1763 4946 nominarem,

1860 3704 1913 3759 in
1942 3706 2026 3759 his
2071 3721 2190 3777 qua:
2236 3705 2414 3761 forent
2461 3708 2766 3763 necessaria
2818 3716 3017 3763 sancta:
3050 3708 3325 3762 Ecclesiae.
3360 3707 3438 3761 Eo

1860 3812 2094 3867 namque
2125 3796 2404 3862 derelicto,
2437 3798 2829 3855 Ravennatium
2860 3798 3035 3855 factus
3063 3810 3145 3855 est
3171 3809 3351 3855 rector
3372 3799 3443 3853 ab

1861 3886 2056 3941 Ottone
2106 3887 2190 3940 ΙΙΙ.
2221 3888 2295 3942 De
2339 3904 2446 3958 quo
2490 3889 2556 3943 ad
2613 3888 2971 3959 apostolatum
3023 3889 3171 3944 Petri
3207 3888 3437 3960 apostoli

1861 3976 2186 4031 sanctissimi
2236 3975 2465 4031 festinus
2513 3978 2904 4042 conscendens,
2944 3977 3109 4030 multa
3156 3978 3208 4031 iu
3241 3994 3305 4032 eo
3336 3978 3449 4032 vir-

1865 4076 2035 4121 tutum
2086 4076 2340 4135 operatus
2376 4078 2458 4122 est
2489 4068 2737 4137 insignia,
2772 4079 2824 4121 et
2874 4069 3141 4138 prmcipue
3193 4069 3244 4122 iu
3295 4068 3440 4123 elec-

1864 4174 2085 4229 mosyua
2136 4168 2323 4213 sancta
2371 4173 2530 4229 quam
2578 4158 2790 4211 fortiter
2831 4159 3021 4220 tenuit,
3055 4159 3180 4211 dum
3217 4157 3455 4213 ﬁdeliter

1862 4248 2017 4303 vixit.
2042 4249 2188 4302 lnter
2212 4257 2407 4303 caetera
2435 4248 2501 4303 de
2531 4264 2591 4304 se
2620 4248 2774 4304 iretus
2800 4259 2854 4303 et
2882 4249 3072 4304 hilaris
3100 4250 3175 4304 ita
3203 4250 3256 4304 in
3290 4249 3330 4304 li
3354 4249 3446 4304 lit-

1864 4348 1977 4396 tera
2006 4340 2130 4394 lusit
2155 4360 2168 4395 :

1926 4478 2118 4530 Scandit
2142 4479 2203 4526 ab
2223 4476 2281 4530 ll.
2306 4476 2580 4528 Gerbertus
2600 4477 2647 4525 in
2666 4474 2746 4538 Β..
2763 4481 2872 4539 post
2910 4487 3034 4540 papa
3055 4478 3233 4539 vigens
3259 4474 3321 4525 R.

1866 4601 1981 4657 Hoc
2024 4608 2206 4669 aperte
2257 4594 2640 4651 demonstrans
2666 4596 2807 4666 quod
2852 4595 2906 4651 hi
2941 4605 3052 4651 tres
3096 4598 3453 4666 episcopatus

1867 4690 2122 4755 honores,
2153 4703 2288 4757 quos
2314 4687 2647 4756 professione
2676 4686 2943 4758 regularis
2982 4687 3109 4741 vita:
3137 4686 3316 4741 Patris
3343 4687 3451 4741 Bc-

1868 4778 2067 4836 ncdicti
2099 4777 2396 4832 monachus
2444 4777 2620 4831 factus
2651 4777 2911 4847 suscepit,
2957 4775 3097 4830 rexit
3141 4783 3197 4829 et
3251 4776 3451 4838 tenuit,

1867 4870 2027 4939 hujus
2053 4870 2095 4923 fl
2125 4870 2320 4925 littera:
2342 4869 2495 4941 signo
2523 4869 2577 4924 in
2599 4870 2779 4940 capite
2806 4879 2932 4924 sunt
2959 4867 3216 4924 declarati
3240 4884 3255 4929 ;
3291 4886 3310 4920 ι
3343 4867 3453 4925 sei-

236 4980 288 5023 ut
323 4975 386 5024 de
425 4985 493 5024 eo
537 4969 695 5026 latius
737 4972 926 5046 aliquid
980 4976 1237 5038 scribam,
1269 4990 1376 5031 non
1416 4973 1761 5043 incongruum

1872 4961 2000 5017 licet
2025 4959 2314 5023 Remensis,
2334 4957 2604 5016 Ravenna:
2626 4969 2682 5013 et
2706 4958 2996 5013 Romanus.

237 5070 330 5113 est.
353 5060 484 5113 Erat
510 5060 559 5115 is
606 5070 753 5118 natus
787 5066 850 5123 de
876 5068 1120 5124 occiduis
1165 5067 1494 5138 regionibus,
1524 5080 1555 5119 a
1602 5077 1770 5134 puero

243 5147 435 5202 liberali
489 5157 608 5203 arte
646 5155 877 5224 nutritus,
914 5169 968 5214 et
1010 5158 1080 5213 ad
1114 5156 1356 5213 ultimum
1381 5196 1398 5222 ,
1444 5154 1769 5211 Remensem

244 5235 415 5289 urbem
442 5237 508 5289 ad
534 5240 800 5304 regendum
818 5246 957 5314 jnste
981 5256 1281 5318 promotus.
1305 5246 1522 5319 Optime
1541 5244 1772 5300 callebat

247 5334 497 5376 astrorum
524 5339 707 5383 cursus
733 5333 1047 5404 discernere,
1080 5347 1136 5393 et
1182 5336 1614 5409 contemporales
1644 5350 1772 5393 suos

246 5414 393 5444 ini-Dn
418 5413 551 5444 ηι-Ιῖο
588 5418 755 5444 πλιζιὲ-
794 5441 804 5444 -
1102 5428 1165 5444 Ilo
1253 5440 1261 5444 .
1364 5431 1376 5444 ι
1508 5442 1515 5444 .
1578 5427 1605 5444 ιη
1654 5428 1686 5444 σι

1944 5060 2018 5115 De
2043 5061 2231 5115 eodem
2261 5061 2517 5127 pontiﬁce
2558 5057 2758 5114 Glaber
2786 5057 3047 5115 Rodulfus
3072 5054 3168 5110 lib.
3199 5072 3214 5110 ι
3247 5054 3454 5111 Hister.

1870 5152 1945 5207 ita
1969 5151 2153 5205 scribit
2184 5168 2195 5204 :
2232 5167 2250 5199 ‹
2281 5149 2587 5205 Accerscns
2634 5146 2926 5217 imperator
2978 5144 3305 5199 Gerbertum
3353 5142 3457 5196 lla-

1868 5258 2061 5299 vennas
2085 5240 2582 5313 archiepiscOpum,
2610 5238 2890 5293 constituit
2916 5236 3064 5291 illum
3102 5234 3466 5304 principalem

1870 5335 2239 5390 Romanorum
2268 5334 2599 5399 pontificem.
2633 5330 2790 5399 Isque
2818 5329 3115 5384 Gerbertus
3142 5327 3403 5381 oriundus
3431 5337 3463 5375 e

1874 5424 2056 5444 l".|l?!_
2096 5424 2290 5444 ---ι2ιξι
2385 5424 2527 5444 ...2,-

2538 5434 2650 5444 ...ιιυι
2686 5419 2848 5444 ΑΙξ--Α
2894 5431 3085 5444 Α-Λ-ιιιηη
3125 5416 3434 5444 ηιαΛθι-ιηζηιη
