3986 5444
493 371 561 427 59
1696 358 1799 413 SlL
1818 356 2074 413 i'liS'i'ER
2116 355 2296 410 PAPA-
2328 353 2401 409 ll,
3670 350 3742 409 σο

487 485 747 559 pontifex.
781 476 886 538 Sed
920 481 1173 551 quoniam
1206 477 1358 533 valde
1384 484 1501 529 erat
1548 489 1671 529 acer
1701 491 1763 530 ac
1790 474 2063 544 providus,
2093 475 2143 534 Α
2228 465 2973 559 Ροῇι.
3209 468 3434 529 sumtis“.

490 577 791 644 intelligens
817 571 1100 627 Arnulfnm
1138 568 1377 637 ejusdem
1403 566 1552 621 urbis
1572 565 2062 634 archiepiscopum,

488 684 596 739 quo
626 667 836 719 vivente
877 663 1158 716 ordinatus
1200 658 1375 712 fuerat
1408 671 1471 712 ex
1521 653 2063 737 consensuejusdem

488 758 652 829 regis,
683 754 783 808 niti
827 753 880 806 in
919 750 1202 821 pristinam
1233 746 1513 802 reformari
1543 746 1748 811 sedem,
1776 751 1937 798 caute
1965 744 2066 796 iter

489 846 776 916 arripiens,
806 842 872 895 ad
902 840 1217 911 praedictum
1245 835 1455 899 devenit
1492 835 1761 909 Ottonem.
1790 833 1891 900 Qui
1932 832 2066 888 satis

490 936 788 995 honorifice
837 935 906 989 ab
953 933 1142 990 eodem
1172 935 1456 998 susceptus
1505 945 1517 981 :
1566 942 1726 996 quem
1759 925 1922 979 etiam
1952 933 2067 978 sla-

489 1032 585 1085 tim
633 1029 925 1092 Ravennae,
958 1025 1080 1081 inde
1114 1038 1241 1089 vero
1283 1019 1542 1076 Romana:
1584 1017 1734 1085 urbis
1761 1003 2070 1073 subliinavit

489 1122 823 1195 pontiﬁcem.
860 1139 879 1172 ι
1754 1124 1755 1127 “

560 1215 636 1269 De
663 1215 777 1284 ipso
801 1209 1050 1280 'episcOpi
1080 1205 1371 1285 provinciae
1415 1201 1717 1265 Remensis,
1761 1200 1814 1254 in
1852 1199 2072 1254 decreto

488 1305 770 1363 electionis
818 1302 962 1357 illius
992 1301 1059 1354 ad
1089 1299 1335 1354 eumdem
1384 1293 1947 1365 archiepiscopatum,
1998 1292 2070 1346 ita

491 1398 802 1467 scripsere:
840 1412 858 1444 ‹
894 1392 1003 1447 Nos
1050 1389 1288 1461 episcopi
1317 1388 1607 1442 Remorum
1636 1385 2069 1447 diteceseos,‘se-

492 1488 725 1543 cundum
755 1481 1167 1539 constitutiones
1197 1479 1439 1541 Patrum,
1472 1477 1655 1531 favore
1682 1483 1737 1531 et
1781 1472 2072 1529 conniven-

494 1580 566 1634 tia
593 1578 874 1646 utriusque
910 1573 1168 1644 principis
1213 1570 1407 1633 nostri,
1460 1568 1645 1623 domui
1686 1565 1925 1637 llugonis
1971 1565 2074 1618 Au-

492 1650 659 1740 gusti,
686 1678 742 1724 et
768 1665 1205 1722 excellentissimi
1240 1663 1382 1734 regis
1419 1661 1662 1725 Roherti,
1696 1675 1915 1715 assensu
1940 1672 2075 1728 quo-

492 1775 600 1833 que
628 1774 817 1816 eorum
842 1757 932 1827 qui
960 1755 1055 1810 Dei
1083 1748 1205 1810 sunt
1237 1754 1291 1808 in
1321 1753 1477 1807 clero
1496 1760 1551 1806 et
1580 1749 1793 1821 populo,
1825 1749 2074 1819 eligimus

492 1830 648 1910 nobis
688 1850 1151 1920 archiepiscopum
1200 1848 1449 1901 abbatem
1501 1844 1861 1906 Gerhertum,
1915 1850 2072 1897 attate
2108 1830 2149 1890 Β

446 2010 457 2022 ,
493 1956 789 2012 maturum,
820 1954 1014 1998 natura
1057 1941 1402 2012 prudentem,
1429 1937 1737 2001 docibilem,
1778 1934 2072 1999 alfabilem,

448 2082 451 2083 ν
496 2036 938 2094 misericordem.
967 2074 1016 2087 ..
1059 2031 1228 2100 Hujus
1282 2032 1449 2085 vitam
1492 2044 1571 2084 ac
1600 2042 1778 2082 mores
1827 2041 1856 2079 a
1906 2040 2076 2094 puero

495 2129 764 2191 novimus,
802 2124 1039 2181 studium
1085 2124 1137 2178 in
1181 2122 1379 2179 divinis
1412 2138 1476 2176 ac
1508 2120 1759 2175 hmnanis
1786 2118 1947 2172 rebus
1974 2133 2075 2171 ex-

493 2220 633 2290 perti
658 2232 873 2283 sumus;
907 2215 1065 2285 hujus
1107 2213 1348 2268 consiliis
1371 2229 1434 2267 ac
1462 2198 1771 2281 magisterio
1794 2205 2074 2263 informari

493 2309 806 2379 quaerimus,
850 2307 967 2375 ejus
993 2304 1310 2375 electionem
1352 2301 1743 2358 subscribendo
1784 2296 2074 2354 confirma-

497 2415 639 2455 mus.
679 2418 697 2452 ι
735 2399 911 2469 ipsum
945 2395 1243 2466 Gregorius
1265 2394 1309 2448 V
1336 2391 1577 2473 pontifex
1606 2390 1845 2461 optimus
1888 2399 1946 2444 et
1988 2403 2077 2443 ec-

495 2489 813 2546 clesiasticae
846 2480 1278 2543 studiosissimus
1295 2483 1593 2554 disciplina:
1615 2483 1679 2537 ad
1707 2481 2075 2535 Ravennatem

495 2579 1020 2649 archiepiscopatum
1072 2576 1289 2642 evexit,
1343 2574 1632 2643 multisque
1666 2572 1880 2628 ornavit
1913 2569 2077 2642 privi-

496 2672 650 2747 legiis
673 2670 751 2747 ob
773 2670 973 2725 eximia
1001 2667 1119 2738 ejus
1154 2668 1366 2721 merita.

568 2744 899 2836 Stephanum
932 2762 1275 2838 .Ungarorum
1307 2775 1484 2831 regem
1513 2758 1915 2813 sanctissinnnn
1938 2796 1953 2822 ,
1984 2754 2078 2826 qui

497 2838 833 2910 Pannoniam
865 2852 932 2907 ad
972 2851 1363 2907 Christilidem
1398 2850 1765 2920 perduxerat,
1808 2847 1952 2918 regis
1981 2862 2080 2901 no-

496 2946 643 3001 mine
672 2928 924 3016 regioque
954 2943 1261 2998 diademate
1301 2942 1558 2997 Silvester
1598 2941 1642 2995 ll
1681 2939 2076 3004 cohonestavit,

497 3051 716 3092 crucem
747 3045 874 3090 ante
909 3035 1109 3105 ipsum,
1146 3050 1242 3089 ceu
1267 3033 1601 3105 apostolatus
1645 3033 1856 3103 insigne
1881 3030 2077 3103 gestari

493 3131 686 3202 jussit,
728 3128 989 3184 ecclesias
1018 3127 1071 3181 in
1114 3124 1232 3194 ejus
1278 3126 1570 3179 ditionibus
1611 3124 1934 3178 constitutas
1979 3122 2077 3193 ipsi

498 3202 830 3289 ordinandas
885 3219 1124 3289 reliquit,
1170 3217 1595 3288 Strigonicnsem
1641 3216 1984 3281 Ecclesium,
2017 3230 2081 3269 eo

498 3325 761 3387 rogante,
792 3313 1131 3384 metropolim
1168 3310 1466 3369 constituit.
1516 3316 1746 3362 cmteros
1773 3306 2080 3376 episcopos,

499 3415 821 3476 gentemque
854 3413 1018 3458 totam
1045 3402 1340 3472 apostolica
1379 3399 1756 3455 benedictione
1793 3397 2082 3452 confirma-

499 3501 600 3565 vit,
628 3508 685 3554 ut
711 3508 941 3567 testatur
968 3496 1267 3553 Cartuitius
1295 3495 1581 3563 episcopus
1610 3493 1664 3546 in
1707 3490 1923 3557 Vitas.
1957 3489 2081 3546 Ste-

497 3587 664 3659 phani
708 3588 851 3657 regis
892 3587 1249 3656 Ungarorum,
1283 3584 1423 3654 apud
1456 3582 1698 3647 Surium,
1745 3580 1811 3635 ad
1842 3580 1985 3636 diem
2012 3579 2087 3634 20

497 3678 746 3750 Augusti.
775 3676 983 3732 Arnulli
1027 3674 1311 3732 Remensis
1336 3671 1740 3742 archiepiscopi
1785 3671 2086 3726 restitutio-

502 3787 623 3827 nem
653 3770 998 3827 conlirmavit
1026 3765 1367 3831 Silvesterll,
1385 3782 1447 3820 ea
1477 3774 1595 3817 arte
1616 3780 1679 3819 ac
1702 3761 2007 3833 prudentia,
2026 3771 2087 3815 ut

500 3862 568 3925 iis
609 3877 727 3930 qiue
753 3861 806 3916 in
841 3862 1013 3930 ipsum
1050 3858 1345 3928 scripserat
1372 3856 1731 3911 tumulationis
1765 3863 1820 3909 et
1856 3846 2086 3909 eonten-

502 3956 667 4011 tionis
695 3954 924 4024 iugenio,
960 3962 1015 4007 et
1044 3952 1193 4006 Actis
1222 3951 1410 4022 synodi
1457 3947 1744 4003 Bernensis
1776 3947 1829 4001 in
1859 3961 1963 4015 qua
1995 3945 2088 3999 de-

500 4048 709 4116 positus
739 4044 947 4107 fuerat,
1000 4058 1105 4109 non
1143 4042 1454 4111 derogaret,
1492 4047 1547 4095 et
1596 4039 1741 4093 sedis
1780 4037 2087 4108 apostolica:

500 4136 809 4205 auctoritati
842 4133 1166 4189 consuleret.
1223 4132 1374 4187 Unde
1423 4139 1479 4184 et
1529 4139 1704 4184 reatus
1757 4129 2088 4182 conscientia:

503 4227 771 4288 meminit,
809 4235 866 4280 et
892 4224 1208 4292 quibusdam
1246 4221 1539 4277 excessibus
1566 4221 1857 4293 pontiﬁcali
1893 4223 2088 4274 honore

501 4318 759 4386 privatum
796 4317 992 4370 asserit
1037 4318 1088 4368 in
1133 4314 1362 4382 epistola
1415 4315 1483 4367 ad
1532 4315 1706 4382 ipsum
1757 4316 1910 4377 data;
1945 4320 2013 4366 et
2038 4312 2086 4364 ei

502 4407 791 4461 subvenire
834 4420 893 4460 se
936 4406 1089 4468 dicit,
1123 4414 1181 4458 ut
1208 4406 1332 4473 quia
1374 4403 1486 4472 ejus
1532 4403 1799 4468 abdicatio
1848 4402 2088 4456 Romano

502 4516 723 4553 assensu
766 4498 959 4563 caruit,
1012 4495 1263 4550 [laniante
1297 4495 1503 4566 pietatis
1549 4510 1761 4548 munere
1798 4507 2084 4563 reparatur.

504 4588 652 4643 Obiit
692 4587 956 4641 Silvester
983 4585 1024 4640 ll
1061 4585 1123 4639 12
1160 4585 1279 4638 Maii
1329 4600 1470 4637 anno
1520 4584 1718 4638 Christi
1773 4583 1930 4651 1003,
1963 4603 2085 4639 cum

506 4696 676 4734 annos
723 4689 954 4749 quatuor
983 4687 1039 4732 et
1070 4693 1287 4733 menses
1314 4685 1424 4731 tres
1453 4677 1534 4732 vel
1565 4687 1795 4746 quatuor
1834 4678 2083 4732 sedisset.

504 4773 611 4841 lpsi
665 4773 767 4826 hoc
812 4770 1154 4841 "epitaphium
1212 4770 1390 4839 posuit
1449 4770 1671 4839 Sergius
1724 4768 1788 4822 IV
1843 4769 2085 4840 pontifex

506 4864 791 4925 Maximus;
820 4863 963 4932 quod
993 4862 1262 4916 Bennonis
1305 4861 1658 4925 calumniam,
1685 4863 1752 4916 ab
1787 4862 1908 4916 aliis
1952 4862 2085 4917 sim-

506 4955 822 5027 pliciorihus
861 4965 915 5007 ct
938 4954 1098 5007 nimis
1124 4953 1359 5009 credulis
1396 4954 1750 5025 scriptoribus
1778 4964 2084 5024 exceptam,

508 5048 747 5103 funditus
785 5046 1051 5103 subvertit
1077 5060 1092 5099 :

573 5180 671 5230 iste
696 5179 741 5229 lo
773 5166 830 5228 ns
857 5180 1020 5227 mundi
1048 5179 1266 5228 Silvestri
1294 5179 1510 5226 membra
1536 5179 1713 5237 sepulti

636 5243 855 5292 Ventnro
878 5242 1085 5291 Domino
1108 5242 1331 5290 conferet
1355 5244 1413 5288 ad
1436 5249 1664 5288 son-tum.

573 5302 729 5367 Quem
753 5304 956 5352 dederat
982 5304 1156 5351 mundo
1182 5305 1438 5368 celebrent
1469 5305 1741 5368 doctissinu
1767 5303 1901 5360 vir.,o

2297 527 2358 577 Ut
2381 537 2480 577 toto
2515 537 2673 588 [iastor
2696 530 2835 577 Iieret
2854 529 2973 577 orbe
2991 542 3157 576 novus.

2228 590 2313 638 Cui
2337 590 2531 637 nimium
2559 589 2729 650 placuit
2747 591 2909 637 sociali
2933 597 3101 651 mente
3124 588 3296 651 tidehs,

2292 652 2484 700 Ubtulit
2504 653 2592 699 hoe
2611 651 2767 701 (aesar
2794 653 2970 699 tertius
2995 650 3109 699 Otto
3130 652 3244 699 sibi.

2227 711 2441 773 Tempus
2465 717 2671 771 uterque
2691 714 2833 760 comit
2856 713 2982 760 clara
3008 714 3183 759 virtute
3205 713 3413 773 sapitis);

2293 774 2482 822 Gaudet
2504 783 2550 821 et
2578 787 2720 820 crime
2739 774 2946 833 sectum,
2972 774 3211 833 lrangitnr
3234 783 3378 822 emue
3400 788 3559 825 reum.

2232 834 2474 891 Clavigeri
2499 836 2645 881 instar
2663 845 2767 881 erat
2785 837 3037 896 cwlorum,
3062 836 3183 883 sede
3206 837 3406 896 petitus,

2291 896 2450 945 Terna
2465 896 2697 944 sulfeelus
2721 896 2795 942 cui
2822 900 2928 945 vice
2965 907 3125 956 pastor
3149 904 3271 943 erat.

2235 956 2330 1020 late
2358 961 2511 1020 vicem
2549 959 2681 1005 l‘elri
2706 966 2952 1020 postquam
2976 958 3213 1016 suscepit,
3240 959 3421 1019 abegit

2299 1018 2501 1067 Lustrali
2527 1021 2683 1079 spatio
2707 1018 2879 1067 siccata
2906 1022 3177 1067 morte-sui.

2237 1081 2465 1142 Obriguit
2488 1082 2694 1129 mundus
2713 1080 2922 1130 discussi
2949 1095 3067 1142 pace
3101 1081 3392 1142 triumphus,

2299 1141 2525 1191 Ecclesiae
2553 1149 2725 1190 nutans
2747 1141 2974 1191 dedidicit
2996 1144 3242 1203 requiem.

2236 1202 2440 1267 Sergius
2463 1203 2589 1252 hunc
2612 1203 2818 1251 loculum
2844 1206 2944 1253 miti
2974 1202 3156 1264 pietate
3174 1204 3424 1267 sacerdos,

2204 1303 2213 1309 .
2299 1265 2663 1326 Successorque
2684 1277 2801 1312 suus
2824 1269 3026 1326 compsit
3049 1277 3212 1313 amore
3234 1266 3332 1312 sui.

2237 1328 2465 1392 Quisquis
2496 1326 2706 1392 adhunc
2725 1327 2959 1392 tumulum
2977 1328 3170 1392 devexa
3194 1326 3373 1392 lumina
3397 1329 3567 1392 vertis,

2300 1390 2620 1451 Omnipotens
2640 1388 2843 1436 Domine
2863 1389 2939 1438 die
2961 1389 3202 1437 miserere
3223 1389 3319 1437 sui.

2246 1488 2597 1545 Occasionem
2646 1489 2792 1544 dedit
2837 1488 3072 1562 ﬁngendi
3124 1490 3299 1561 ipsum
3346 1492 3569 1561 magicis
3618 1493 3757 1547 arti-

2174 1580 2277 1635 bus
2316 1579 2556 1634 deditum
2610 1578 2808 1643 fuisse,
2860 1594 3067 1633 smnma
3097 1579 3214 1648 ejus
3254 1581 3305 1634 in
3359 1582 3767 1636 mathematicis

2175 1672 2391 1742 peritia,
2428 1672 2481 1726 in
2518 1671 2671 1727 novis
2698 1670 2993 1742 horologiis
3018 1672 3243 1742 aliisque
3282 1673 3550 1730 machinis
3597 1690 3767 1730 exco-

2176 1762 2409 1831 gitandis
2449 1762 2774 1817 acerrimum
2803 1762 3097 1832 ingenium,
3143 1763 3196 1816 in
3232 1750 3761 1832 perliéiendisindu—

2175 1856 2331 1921 stria,
2364 1870 2485 1926 qua:
2508 1856 2624 1910 rudi
2656 1854 2878 1921 saeculo,
2902 1855 3185 1910 ineruditis
3207 1856 3533 1922 hominibus,
3556 1856 3766 1926 absque

2178 1945 2427 2001 familiari
2464 1947 2621 2017 genio
2650 1956 2705 2001 et
2731 1947 2991 2002 daemonis
3023 1962 3125 2017 ope
3157 1946 3272 2001 lieri
3319 1962 3426 2002 non
3478 1963 3637 2017 posse
3684 1949 3772 2002 vi--

2176 2038 2465 2093 debantur.
2531 2037 2825 2093 Rumorem
2876 2038 3113 2109 ineptum
3166 2039 3318 2095 auxit
3374 2055 3584 2095 summa
3645 2041 3771 2111 ejus

2118 2146 2129 2151 τ
2175 2129 2437 2196 felicitas,
2471 2131 2613 2200 quod
2644 2145 2838 2200 nempe
2878 2132 2961 2185 vir
2990 2131 3275 2201 ignobilis,
3311 2147 3379 2187 ex
3424 2131 3664 2188 claustro
3694 2133 3766 2185 ad

2177 2225 2356 2277 aulam
2405 2231 2773 2293 penetrasset,
2814 2224 2957 2293 quod
2998 2223 3157 2279 facile
3207 2239 3265 2278 se
3321 2224 3648 2279 insinuasset
3704 2224 3791 2277 in~

2178 2316 2474 2371 amicitiam
2515 2316 2855 2387 principum,
2900 2317 3042 2386 quod
3090 2317 3588 2387 archiepiscopatus
3626 2318 3767 2373 duos

2177 2404 2362 2461 Gallia:
2413 2415 2477 2460 et,
2505 2405 2670 2460 Italia:
2713 2405 3002 2475 primarius
3048 2408 3404 2474 obtinuisset,
3444 2423 3509 2463 ac
3544 2407 3769 2463 demum

2176 2497 2244 2550 ad
2296 2497 2479 2552 sedem
2533 2497 2865 2566 pontilieiam
2915 2506 3062 2552 esset
3090 2508 3396 2567 provectus.
3434 2517 3452 2549 ε
3489 2498 3615 2553 [lare
3647 2499 3768 2553 vul-

2177 2589 2381 2657 gariter
2424 2588 2548 2643 ﬁcta
2593 2587 2676 2661 (ut
2724 2586 2977 2644 Willelmi
3030 2588 3528 2644 Malmesburiensis
3583 2591 3771 2645 verbis

2179 2678 2439 2748 utamur),
2463 2694 2529 2733 eo
2563 2678 2703 2749 quod
2726 2679 2897 2734 soleat
2923 2680 3150 2750 populus
3179 2680 3538 2736 litteratorum
3564 2680 3771 2736 famam

2179 2769 2406 2834 trudere,
2461 2770 2650 2826 dicens
2697 2771 2846 2825 illum
2899 2771 3046 2845 loqui
3104 2787 3226 2827 cum
3283 2773 3560 2839 diemone,
3604 2789 3771 2843 quem

2180 2861 2236 2916 in
2289 2861 2470 2933 aliquo
2499 2862 2696 2918 viderit
2733 2863 3091 2918 excellentem
3131 2879 3315 2935 opere.
3372 2865 3523 2921 Unde
3549 2865 3775 2921 Boetius

2180 2954 2233 3008 in
2282 2954 2425 3010 libro
2471 2955 2540 3011 de
2579 2955 2961 3013 Consolatione
2989 2958 3340 3029 philosophia?
3367 2961 3614 3030 queritur
3648 2975 3775 3029 pro-

2180 3052 2300 3113 pter
2324 3044 2558 3100 studium
2586 3047 2864 3116 sapientia:
2891 3064 2950 3103 se
2974 3049 3040 3104 de
3070 3049 3266 3104 talibus
3306 3061 3584 3116 notatum,
3608 3053 3772 3121 quasi

2132 3194 2150 3211 ,
2185 3139 2573 3193 conscientiam
2600 3155 2751 3195 suam
2782 3142 3064 3213 sacrilegio
3092 3143 3372 3213 polluisset
3405 3146 3475 3201 ob
3504 3145 3772 3202 ambitum

2185 3228 2482 3299 dignitatis.
2515 3230 2639 3285 Non
2669 3234 3000 3287 conveniebat
3018 3275 3033 3301 ,
3058 3235 3268 3305 inquit,
3296 3236 3662 3292 vilissimorum
3689 3254 3774 3292 me

2183 3318 2466 3388 spirituum
2521 3323 2769 3390 prcesidia
2822 3334 3067 3393 captare,
3117 3342 3267 3396 quem
3310 3338 3366 3380 tu
3400 3328 3454 3380 in
3487 3328 3624 3381 lianc
3675 3343 3773 3381 er-

2184 3407 2478 3463 cellentiam
2521 3412 2895 3482 componebas,
2939 3426 2993 3468 ut
3028 3416 3352 3471 consimilem
3403 3417 3510 3471 Deo
3547 3417 3770 3487 faceres.

2182 3497 2341 3569 Atqui
2369 3499 2467 3553 hoc
2514 3501 2627 3569 ipso
2673 3501 2908 3555 videmur
2934 3503 3111 3573 afﬁnes
3159 3505 3448 3574 maleﬁcio,
3481 3506 3617 3577 quod
3666 3507 3774 3561 tuis

2183 3587 2371 3644 imbuti
2408 3590 2731 3661 disciplinis,
2785 3595 2890 3648 tuis
2941 3596 3168 3649 instituti
3212 3596 3443 3650 moribus
3491 3613 3695 3651 sumus.
3747 3617 3767 3649 ι

2183 3679 2387 3749 Ingenii
2433 3690 2488 3735 et
2530 3684 2850 3739 eruditionis
2890 3702 3002 3741 sum
3030 3688 3285 3742 nonnulla
3334 3688 3554 3757 reliquit
3582 3705 3776 3744 monu-

2186 3781 2365 3826 menta
2416 3772 2678 3830 Silvester
2719 3777 2793 3842 ll,
2833 3778 3028 3834 librum
3071 3781 3281 3836 scilicet
3324 3782 3391 3835 de
3423 3780 3773 3850 Geomelria,

2186 3877 2347 3931 quem
2388 3864 2441 3918 in
2486 3865 2809 3922 bibliotheca
2845 3867 3174 3925 Farnesiana
3213 3888 3273 3927 se
3314 3872 3510 3943 legisse
3542 3883 3778 3930 testatur

2188 3955 2501 4024 Onuphrius
2535 3956 2810 4013 Panvinus
2834 3958 2886 4015 in
2909 3959 3361 4017 Adnotationihus
3386 3954 3771 4030 adPlatinam;

2187 4045 2384 4100 librum
2408 4047 2474 4101 de
2494 4047 2745 4105 Numeris
2765 4052 2831 4105 ad
2848 4051 3259 4108 Constantinum
3291 4058 3615 4111 monachum
3650 4059 3779 4114 Flo-

2189 4138 2488 4193 riacensem
2508 4180 2523 4203 ,
2555 4149 2609 4194 et
2637 4140 2918 4212 plerasque
2946 4145 3201 4215 epistolas
3236 4148 3428 4202 breves
3453 4189 3468 4214 ,
3514 4164 3637 4218 qua:
3667 4166 3771 4205 ex-

2188 4237 2338 4285 stant
2383 4232 2581 4300 partim
2633 4235 2686 4288 in
2716 4234 2970 4291 Biblioth.
3018 4237 3145 4305 PP.,
3189 4240 3348 4296 editae
3397 4257 3463 4296 ex
3508 4244 3630 4301 cod.
3669 4244 3775 4298 Pa.

2188 4321 2323 4390 pyrii
2367 4320 2633 4387 Mass‘oui,
2669 4325 2866 4392 partim
2912 4334 3043 4381 tom.
3076 4328 3119 4381 ll
3154 4329 3405 4385 Historia:
3443 4332 3776 4387 Francorum

2189 4413 2419 4466 Andreae
2470 4413 2779 4469 Duchesnii.
2826 4415 3053 4487 Scripta:
3100 4429 3225 4474 sunt
3266 4430 3391 4474 ante
3429 4422 3569 4478 illius
3599 4425 3781 4492 ponti-

2193 4502 2440 4569 ﬁcatum,
2490 4514 2541 4559 et
2582 4507 2854 4561 nonnulla:
2899 4520 3025 4563 sunt
3066 4511 3118 4564 in
3164 4509 3424 4566 Joannem
3462 4513 3556 4568 XV
3594 4516 3778 4584 ponti-

2192 4589 2345 4651 licem
2397 4598 2692 4653 maximum
2755 4600 3018 4656 duriores.
3076 4603 3322 4658 Gerberti
3371 4605 3650 4675 epistolam
3711 4608 3779 4661 ad

2190 4687 2602 4742 Constantinum
2651 4691 2997 4744 monachum
3023 4691 3418 4749 Floriacensem
3453 4694 3528 4750 De
3564 4697 3779 4765 sphera)

2190 4780 2626 4845 constructione,
2657 4786 2713 4835 et
2753 4782 3059 4836 sermonem
3107 4785 3378 4854 egregimn
3410 4785 3485 4839 De
3517 4785 3780 4840 informa-

2192 4868 2337 4922 tione
2388 4874 2807 4940 episcOportnn,
2848 4871 3018 4927 edidit
3058 4872 3116 4926 Ρ.
3167 4871 3502 4928 Mabillonius
3551 4883 3700 4928 tomo
3737 4874 3780 4927 ll

2195 4960 2448 5015 Veterum
2494 4961 2895 5017 Analectormn.
2949 4963 3134 5017 Eidem
3184 4964 3560 5019 ascribendum
3590 4973 3782 5018 censet

2192 5051 2451 5106 Libellum
2486 5053 2537 5105 in
2570 5054 2876 5122 quemdam
2928 5053 3209 5125 Porphyrii
3253 5055 3427 5110 locum
3448 5096 3462 5119 ,
3495 5054 3653 5126 cujus
3682 5054 3778 5110 Li-

2189 5144 2312 5201 belli
2363 5142 2608 5212 praefatio
2655 5145 2722 5199 ad
2776 5144 3028 5199 Ottonem
3080 5146 3576 5216 lllimperatorem
3627 5147 3779 5201 edita

2190 5244 2272 5289 est
2316 5245 2459 5289 tonio
2503 5233 2521 5287 Ι
2562 5230 2967 5289 Analeétbrum.
3000 5233 3251 5306 Ejusdem
3292 5236 3689 5302 Geoinetriam,
3722 5248 3780 5292 ot

2194 5328 2738 5368 Ilimlhmnmanhinm
2783 5328 2833 5368 in
2878 5328 3215 5368 hilniinllmnm
3245 5328 3516 5368 Timor-mm
3548 5343 3629 5368 me
3682 5344 3784 5368 nn.
