3986 5444
198 349 252 403 61
1478 355 1753 410 ΝΟΤΙΤΙΑ

1884 353 2245 409 TTERARIA.
3371 349 3440 403 (‘2

3135 494 3430 510 ..ι-

1175 645 1685 738 NOTITIA
1752 639 2518 732 LITTERARIA.

639 854 816 926 (Apud
851 853 1178 918 Fabricium,
1205 853 1527 908 Bibliotheca
1552 853 1736 906 mediae
1767 862 1813 905 et
1853 851 2052 918 inﬁma;
2089 849 2414 914 Latinitatis,
2448 856 2580 904 tom.
2612 848 2698 914 lll,
2729 864 2848 920 pag.
2873 850 2989 917 14.)

249 1137 603 1199 (insumus,
659 1134 1060 1192 Aurelianensis
1103 1138 1460 1192 scholasticus
1505 1137 1622 1189 ord.
1666 1123 1847 1191 Be-A
1941 1135 2180 1206 Epistola
2244 1136 2313 1188 ad
2370 1134 2709 1188 Adelboldmn
2769 1134 2834 1188 de
2895 1148 3056 1187 causa
3119 1132 3446 1188 diversitatis

192 1227 301 1281 net].
331 1227 384 1280 in
409 1226 669 1280 cmnobio
712 1226 1074 1293 Floriacensi,
1105 1239 1405 1299 praaccptor
1447 1228 1661 1284 Ottonis
1701 1228 1764 1282 lll

196 1319 312 1388 inp.
355 1327 411 1372 et
458 1316 713 1372 Rotberti
754 1320 894 1388 regis
921 1319 1244 1376 Francorum
1276 1329 1435 1389 atque
1478 1335 1542 1374 ex
1574 1319 1767 1373 abbate

198 1409 430 1463 Bobiensi
457 1417 514 1462 et
546 1408 606 1462 S.
634 1409 953 1463 Columbani
996 1409 1278 1465 “(atriensis
1315 1420 1371 1464 et
1399 1410 1524 1465 hinc
1561 1410 1767 1463 Raven-

202 1501 426 1554 natensis
453 1499 934 1570 archiepiscopus,
966 1518 1028 1557 ac
1053 1503 1286 1572 denique
1327 1519 1461 1572 papa
1509 1503 1770 1571 Sylrcster

195 1588 255 1643 ΙΙ
297 1589 362 1643 ab
403 1605 552 1644 anno
596 1589 732 1652 999,
784 1591 950 1658 April.
1001 1592 1069 1657 2,
1124 1593 1190 1646 ad
1239 1608 1437 1646 annmn
1481 1592 1642 1655 1605,
1705 1591 1770 1644 12

193 1680 330 1734 Ilaii.
374 1679 432 1734 1n
469 1680 836 1735 Conciliornm
889 1683 1048 1736 tomis
1077 1693 1292 1737 exstant
1322 1684 1441 1752 ejus
1475 1681 1723 1750 Epistoltc
1746 1693 1765 1732 :

193 1774 247 1827 1ο
273 1773 336 1825 ad
360 1771 670 1826 Ascelinum
697 1772 1023 1843 (Azolinum)
1051 1788 1144 1827 seu
1170 1773 1560 1826 Adalbcronem
1582 1813 1596 1835 ,
1625 1772 1768 1825 Latt-

192 1860 482 1914 dunensetn
536 1861 886 1930 episcopum,
933 1871 991 1916 ut
1037 1871 1321 1916 accusatus
1354 1861 1420 1915 ad
1470 1861 1768 1914 Romanam

189 1950 450 2020 synodum
499 1951 723 2014 veniat;
758 1951 818 2004 2ο
866 1951 930 2005 ad
980 1951 1264 2006 Arnulfnm
1313 1967 1472 2022 quem
1519 1951 1770 2004 Rcmcusi

191 2039 422 2093 restituit
473 2040 998 2109 archiepiscopatui,
1043 2050 1098 2096 et
1133 2041 1190 2094 5ο
1221 2043 1287 2095 ad
1338 2040 1632 2095 llobertmn
1687 2039 1773 2094 Vi-

193 2130 542 2184 ccliacensem
595 2131 884 2194 abbatem,
941 2130 1096 2200 cujus
1139 2131 1414 2202 privilegia
1466 2131 1771 2186 confirmat.

191 2222 317 2276 Alia:
361 2221 617 2290 Epistolrc
664 2220 870 2287 CLXI,
917 2238 1054 2292 quas
1101 2222 1347 2278 Gerbcrti
1393 2223 1568 2277 adhuc
1617 2233 1775 2276 utens

189 2317 429 2377 nomine,
465 2315 907 2384 archiepiscopus
948 2315 1228 2369 Remensis
1275 2316 1526 2383 scripsit,
1563 2323 1618 2369 et
1653 2315 1775 2382 qni—

193 2403 286 2458 bus
309 2420 377 2458 ex
404 2402 580 2458 Nicol.
613 2404 772 2458 Fabri
804 2404 987 2459 codice
1011 2419 1139 2459 usus
1177 2403 1440 2459 Baronius
1469 2414 1552 2458 est
1573 2445 1587 2468 ,
1616 2404 1774 2458 edita:

193 2494 419 2562 primum
475 2509 506 2546 a
541 2493 705 2549 Joan.
758 2493 996 2564 Baptista
1028 2494 1306 2557 Massono,
1341 2495 1550 2566 Papyrii
1585 2495 1769 2557 fratre,

196 2585 357 2639 Paris.
395 2586 530 2640 1611
571 2602 586 2651 ;
626 2585 715 2651 4⁸,
747 2585 1062 2656 atqueinde
1101 2587 1152 2641 in
1205 2585 1430 2641 Andreae
1456 2587 1523 2640 du
1566 2585 1777 2640 Chesne

197 2676 562 2748 Scriptor-ibus
604 2677 884 2733 Francicis
940 2689 1065 2733 tom.
1114 2678 1192 2743 ll,
1243 2693 1364 2747 pag.
1403 2678 1676 2741 789-827,
1723 2686 1778 2732 et

199 2772 246 2823 in
273 2770 633 2826 Bibliothecis
671 2769 890 2824 l‘atrum
920 2770 1093 2825 Paris.
1135 2769 1468 2835 16444651,
1504 2779 1648 2825 tomo
1676 2769 1776 2837 111;

200 2859 378 2917 Colon.
427 2860 608 2925 1613,
642 2871 788 2918 torno
818 2860 897 2926 Χ,
929 2870 983 2916 et
1028 2860 1197 2929 Lugd.
1240 2861 1406 2925 1677,
1451 2870 1580 2914 tom.
1614 2859 1777 2925 XVII,

201 2965 311 3022 pag.
361 2951 492 3006 669.
550 2951 747 3006 Ultima
800 2968 863 3006 ex
916 2952 1021 3006 illis
1069 2952 1164 3006 161
1224 2953 1464 3022 epistolis
1517 2962 1599 3006 est
1652 2951 1776 3005 data

201 3043 262 3095 ad
289 3042 700 3098 Constantinum
725 3084 740 3109 ,
788 3059 948 3113 quam
982 3043 1308 3113 pncfatiouis
1337 3044 1454 3100 loco
1485 3043 1780 3098 Gerbertus

202 3135 452 3202 prtemisit
499 3134 645 3189 libro
701 3151 798 3190 suo
855 3135 1031 3189 adhuc
1078 3135 1279 3190 inedito
1321 3135 1400 3188 De
1444 3150 1777 3188 numerorum

203 3225 463 3280 divisione.
500 3226 612 3280 Sed
660 3226 995 3281 Duchesnius
1037 3235 1298 3296 praetcrea
1327 3241 1391 3279 ex
1425 3225 1608 3279 codice
1657 3223 1776 3278 Sir-

203 3316 523 3380 mondiano,
557 3325 689 3371 tom.
736 3316 776 3370 ll
807 3316 1070 3386 Scriptor.
1100 3316 1382 3380 Francor.,
1410 3315 1582 3368 Paris.
1618 3315 1775 3380 1656,

207 3424 316 3478 pag.
345 3409 631 3473 828-845,
663 3409 897 3480 vulgavit
932 3409 1065 3462 alias
1091 3407 1336 3463 Gcrberti
1368 3407 1630 3476 Epistolas
1661 3404 1774 3470 LV,

208 3517 330 3569 quas
365 3503 421 3556 in
451 3501 801 3556 Bibliothecis
832 3501 1050 3555 Patrum
1082 3500 1341 3568 repetitas
1385 3516 1491 3552 non
1542 3498 1776 3552 invcnio.

274 3590 516 3663 Epistola
571 3592 640 3644 ad
688 3591 1086 3645 Constantinum
1135 3591 1402 3653 eumdem,
1451 3591 1774 3643 monachum

207 3680 627 3748 Floriacensem,
673 3691 728 3737 et
766 3691 950 3752 postea
977 3682 1224 3736 abbatem
1255 3680 1312 3736 S.
1347 3681 1620 3734 Maximini
1653 3695 1666 3733 :
1704 3681 1777 3733 De

207 3778 399 3842 sphera:
436 3777 836 3841 constructione,
885 3777 935 3830 in
973 3775 1201 3830 Joannis
1231 3774 1517 3829 Mabillonii
1569 3783 1696 3828 tom.
1733 3773 1775 3828 ll
1804 3809 1847 3869 Ο

207 3867 745 3936 Analectorum,pag.
782 3866 885 3920 212
910 3866 1062 3936 (edit.
1093 3879 1243 3919 nova:
1268 3880 1385 3934 pag.
1419 3862 1562 3927 109.).

278 3954 462 4008 Sermo
485 3956 550 4008 de
585 3955 957 4022 informatione
979 3957 1359 4022 episcoporum,
1394 3951 1489 4013 id.,
1519 3967 1634 4020 pag.
1656 3949 1774 4004 105.

275 4042 534 4112 Pra-[atio
559 4044 626 4096 ad
656 4043 894 4097 Ottonem
929 4043 1018 4096 111
1058 4045 1183 4112 imp.
1215 4043 1266 4096 in
1294 4041 1463 4095 locum
1501 4041 1778 4110 Porphyrii

211 4150 241 4185 a
267 4151 318 4188 se
343 4134 685 4199 illustratum,
714 4134 788 4187 id.
822 4141 950 4187 tom.
982 4134 1022 4199 1,
1056 4149 1107 4204 p.
1135 4133 1235 4187 110
1264 4132 1415 4202 (edit.
1460 4146 1610 4184 nova:
1655 4145 1774 4198 pag.

218 4222 355 4294 106).
383 4223 605 4276 Librum
637 4224 812 4294 ipsum
840 4221 1086 4278 Gerberti
1120 4222 1195 4274 De
1221 4220 1467 4273 rationali
1497 4230 1542 4272 et
1577 4219 1779 4271 ratione

216 4326 310 4378 uti,
336 4316 614 4385 praemissa
647 4314 833 4369 eadem
868 4330 988 4370 cum
1019 4300 1333 4384 praafatione
1358 4311 1527 4365 edidit
1549 4310 1778 4364 Bernar-

213 4406 309 4460 dns
356 4405 457 4459 Pe:
507 4414 636 4460 tom.
666 4405 686 4459 ι
712 4405 1056 4470 Anecd~itor.,
1081 4415 1229 4474 parte
1260 4419 1320 4469 ιι,
1364 4419 1483 4474 pag.
1521 4401 1636 4456 149.
1669 4399 1779 4454 Hoc

214 4497 470 4566 scriptum
496 4497 713 4565 respicit
738 4496 827 4551 Fr.
855 4497 1173 4558 Benzonius,
1205 4511 1327 4548 cum
1357 4495 1433 4547 ait
1456 4511 1469 4546 :

336 4606 516 4669 Logica
541 4619 654 4656 cum
683 4608 845 4664 volt-is,
873 4608 987 4668 quid
1013 4614 1087 4666 tu,
1122 4607 1387 4664 Gel-herle,
1411 4602 1657 4653 resolvis?

335 4670 459 4718 Illuc
481 4671 590 4718 orbi
614 4677 710 4719 toto
741 4676 788 4719 te
807 4670 1002 4732 pralet‘t
1023 4670 1195 4718 tertias
1215 4670 1344 4718 Otto.

285 4769 505 4835 Accepta
531 4767 781 4823 solutione
811 4770 873 4824 de
896 4770 1093 4824 ratione
1123 4769 1198 4822 uti
1243 4779 1288 4823 et
1335 4766 1607 4830 rationali,
1644 4765 1774 4821 Ger-

219 4861 357 4912 berto
380 4859 655 4912 resalutari
689 4871 793 4928 post
816 4861 1113 4916 Ravennam
1145 4859 1338 4930 placuit
1369 4860 1591 4914 Romam
1621 4868 1773 4923 dare,

220 4953 413 5005 donum
441 4951 670 5006 videlicet
696 4952 970 5023 imperiale.
1021 4954 1145 5009 Ηωε
1191 4953 1491 5008 Benzonins
1522 4951 1611 5002 lib.
1647 4949 1776 5003 illi-

221 5043 425 5105 storite,
448 5057 570 5110 cap.
599 5042 681 5106 15,
709 5043 760 5096 in
785 5043 936 5098 Joau.
968 5045 1113 5100 Petri
1140 5044 1370 5117 Ludevig
1401 5042 1662 5111 Reliqniis
1688 5057 1776 5094 vc-

1867 1242 2113 1281 arcarmn
2145 1226 2196 1280 in
2227 1226 2435 1295 trigono
2460 1225 2804 1294 atquilatero,
2835 1224 3159 1293 geometrica
3180 1224 3440 1276 arithme-

1867 1321 2079 1389 ticcqne
2125 1332 2380 1387 expenso.
2413 1317 2468 1371 la
2495 1317 2695 1372 laudati
2730 1316 2871 1372 Pczii
2909 1316 3155 1370 anccdot.
3200 1324 3328 1369 tom.
3359 1315 3444 1379 Ill,

1865 1420 2020 1483 parte
2055 1425 2114 1475 ιι,
2149 1426 2202 1480 p.
2235 1409 2422 1464 82-8-4.

1938 1501 2231 1556 Ceometria
2254 1501 2423 1553 divisa
2448 1499 2714 1569 capitibus
2739 1497 2827 1563 91,
2862 1497 2954 1557 id.,
2985 1514 3033 1567 p.
3076 1495 3230 1550 7-89..

1937 1590 2173 1645 Libellus
2195 1589 2271 1643 De
2297 1590 2550 1658 sanguine
2579 1598 2626 1642 et
2665 1605 2878 1656 corpore
2911 1587 3152 1649 Domini,
3188 1585 3286 1650 id.,
3314 1592 3445 1636 tom.

1869 1682 1910 1746 l,
1941 1693 2092 1751 parte
2121 1697 2188 1746 ιι,
2215 1695 2336 1749 pag.
2369 1680 2617 1734 155—148.
2647 1679 2811 1748 lncip.
2843 1696 2856 1730 :
2883 1675 3027 1733 Sicut
3053 1687 3171 1730 tmte
3195 1692 3285 1729 nos
3316 1675 3449 1726 dixit

1868 1775 2081 1844 quidam
2121 1774 2346 1842 sapiens.
2383 1772 2637 1825 Ediderat
2679 1769 2771 1824 sed
2803 1770 2916 1824 sine
2955 1769 3169 1822 nomine
3209 1765 3449 1820 auctoris

1870 1867 2003 1921 Lnd.
2029 1865 2284 1919 Cellotius
2309 1864 2602 1934 appendice
2623 1864 2688 1917 ad
2721 1863 2854 1916 llist.
2878 1860 3235 1918 Gotcscbalei,
3269 1857 3444 1911 Paris.

1875 1959 2011 2011 1655
2040 1957 2106 2009 fol
2140 1997 2154 2019 ,
2179 1966 2232 2009 et
2265 1959 2364 2011 sub
2395 1954 2633 2024 llerigeri
2657 1954 2868 2008 abbatis
2892 1952 3207 2007 Laubiensis
3235 1951 3452 2005 nomine

1873 2046 2212 2101 Mabillonins
2262 2045 2554 2116 proli-gum.
2605 2044 2670 2097 ad
2711 2055 2847 2112 part.
2897 2058 2934 2095 ιι
2964 2041 3099 2096 δαῖε.
3135 2057 3186 2095 tv
3226 2039 3453 2092 Benedi-

1873 2139 2003 2194 cain.
2035 2139 2140 2193 Sed
2171 2155 2234 2193 cx
2269 2138 2370 2191 fide
2400 2135 2776 2191 Gottwicensis
2803 2134 3004 2188 codicis
3033 2132 3295 2188 Gerberto
3318 2146 3439 2184 cum

1876 2231 2066 2285 Pelius
2095 2230 2346 2284 restituit.

1948 2324 2077 2377 Acta
2101 2323 2287 2394 synodi
2319 2321 2587 2374 Remensfs
2615 2334 2703 2373 an.
2729 2318 2856 2380 9-32,
2885 2316 3022 2386 apud
3046 2314 3452 2369 Ctntnriatorcs

1876 2416 2145 2486 Magdcb.,
2181 2415 2420 2469 centuria
2475 2430 2530 2475 ιι,
2577 2429 2694 2480 cap.
2727 2412 2781 2474 9,
2813 2427 2932 2479 pag.
2966 2408 3100 2473 246,
3140 2417 3447 2478 oppugnata

1877 2525 1906 2563 a
1940 2508 2169 2562 Baronio
2197 2507 2262 2560 ad
2296 2506 2442 2560 illum
2471 2520 2692 2567 annum,
2728 2518 2874 2555 unm.
2906 2501 2937 2555 9
2967 2515 3080 2568 seq.

1949 2599 2129 2653 Sermo
2161 2596 2523 2666 apologoticus
2552 2595 2605 2647 in
2640 2593 2858 2646 concilio
2887 2588 3199 2643 .llosontensi
3228 2604 3313 2639 an.
3347 2584 3452 2640 995

1875 2691 2052 2746 editus
2083 2690 2134 2744 in
2166 2688 2316 2743 Actis
2357 2687 2497 2741 illius
2534 2684 2742 2739 concilii
2778 2683 2907 2736 etin
2939 2680 3205 2736 Ccntnriis
3243 2677 3453 2746 Magde-

1855 2782 2055 2850 burg,
2087 2789 2216 2834 tom.
2249 2777 2330 2841 111,
2362 2793 2413 2847 p.
2438 2776 2562 2830 2'79.
2601 2771 2751 2842 Apud
2778 2775 2974 2826 Baron.
3006 2771 3069 2823 ad
3099 2785 3296 2822 annum
3323 2765 3448 2831 995,

1876 2881 2037 2938 atque
2069 2867 2286 2922 ineditis
2308 2880 2588 2936 perperam
2623 2878 2652 2917 a
2693 2859 3139 2933 pra:stantissimo
3167 2857 3340 2911 Cavco
3363 2872 3452 2910 ac-

1875 2958 2137 3014 consitus.

1946 3045 2407 3117 Rhytlmtamacltia
2449 3043 2589 3098 edita
2621 3041 2812 3111 Lipsiae
2849 3039 2978 3094 1616
3028 3038 3145 3104 I'al.,
3187 3052 3308 3090 cum
3338 3035 3446 3105 glo-

1880 3138 2162 3192 riosissimi
2211 3135 2469 3206 principis
2491 3133 2738 3203 Augusti,
2765 3129 3264 3198 Luneburgeusium
3293 3126 3446 3180 ducis

1879 3231 2028 3285 libris
2064 3245 2135 3293 tv,
2169 3229 2240 3282 De
2273 3227 2395 3281 ludo
2423 3226 2838 3297 scbaccliorum.

1962 3323 2074 3376 Vita
2096 3334 2142 3376 et
2159 3322 2328 3392 passio
2351 3319 2409 3374 S.
2444 3317 2710 3372 Adalberti
2743 3315 2952 3379 Ursini,
2985 3311 3200 3367 comitis
3227 3310 3453 3363 Rosciu-

1879 3418 2050 3486 bcrgi,
2076 3414 2362 3485 Pragcnsis
2383 3411 2642 3482 episcopi,
2670 3408 2958 3464 Gnescnsis
2988 3401 3371 3472 archiepiscopi
3403 3409 3455 3453 et

1879 3524 1968 3562 an.
1995 3507 2096 3562 967
2123 3503 2393 3574 martyris,
2420 3503 2761 3563 Bocmorum,
2792 3487 3189 3567 llnngar‘ornm,
3222 3492 3455 3546 Polono—

1880 3615 2017 3664 rtnn,
2042 3598 2363 3652 Prussorum
2391 3593 2636 3663 apostoli,
2662 3592 2802 3647 edita
2826 3590 2892 3642 ab
2919 3575 3225 3643 Abrahamo
3257 3583 3453 3637 Bzovio

1879 3707 1947 3745 ex
1975 3689 2459 3753 codiceCasincnsi
2490 3688 2645 3741 Rom.
2679 3685 2813 3740 16:29
2851 3683 2968 3748 fol.,
2996 3698 3098 3736 una
3122 3696 3243 3734 cum
3268 3677 3456 3746 Sylvc-

1879 3791 1992 3838 stro
2015 3781 2053 3834 ll
2087 3779 2255 3835 Cazsio
2277 3778 2545 3848 Aquitano
2569 3794 2595 3829 ει
2621 3775 2794 3845 magia
2818 3781 2872 3828 ct
2899 3773 3018 3826 aliis
3040 3767 3320 3823 calumniis
3344 3766 3457 3818 vin-

1879 3876 2055 3930 dicato
2079 3873 2189 3944 (1):
2219 3873 2347 3927 etin
2371 3869 2663 3941 appendiec
2698 3867 2762 3920 ad
2794 3877 2994 3920 tomum
3027 3861 3120 3915 XX
3141 3859 3453 3920 Annalium,

1877 3968 2034 4022 Rom.
2090 3965 2220 4020 1641
2281 3963 2368 4018 fol.
2417 3961 2679 4030 Georgius
2743 3973 2869 4012 vero
2913 3951 3312 4011 llenschcnius,
3359 3948 3450 4016 qui

1875 4057 2118 4111 eamdem
2164 4053 2341 4108 Vitam
2387 4052 2554 4106 edidit
2595 4066 2658 4103 ex
2696 4048 2880 4102 codice
2927 4041 3183 4112 Pragcnsi
3220 4041 3271 4092 in
3304 4037 3451 4091 Actis

1879 4145 2150 4206 Sanctor.,
2179 4150 2306 4195 tom.
2329 4140 2416 4204 111,
2442 4138 2611 4207 April.
2638 4137 2728 4200 Ξῖ,
2754 4151 2875 4205 pag.
2908 4134 3029 4195 178,
3053 4128 3297 4196 Cerberti
3331 4142 3448 4180 eam

1877 4253 1994 4292 esse
2021 4241 2202 4305 negat,
2234 4247 2541 4302 quanquam
2575 4228 2777 4283 monitu
2806 4226 3046 4298 ejusdem
3080 4223 3336 4288 scriptam
3370 4218 3448 4271 ci~

1877 4341 1981 4396 (pte
2028 4325 2261 4380 dicatam
2313 4339 2415 4378 non
2450 4319 2705 4374 diilitetur
2737 4334 2765 4370 a
2807 4316 3070 4372 monacho
3092 4311 3320 4382 quodam
3353 4307 3454 4362 SS.

1875 4417 2138 4474 llonifacii
2162 4426 2217 4470 et
2240 4415 2431 4469 Alcxii.
2469 4414 2665 4467 Eadem
2711 4409 2958 4463 Boltuslai
2991 4405 3196 4461 Balbini
3227 4411 3307 4456 est
3338 4417 3458 4454 scn—

1879 4511 2066 4573 tcntia,
2097 4509 2188 4576 qui
2219 4509 2356 4562 hanc
2386 4507 2560 4560 Vitam
2591 4505 2640 4557 in
2672 4501 2928 4556 Bohemia
2958 4506 3144 4552 sancta
3175 4493 3454 4564 legendam

1867 4599 2034 4666 ,ollcrt
2062 4597 2246 4652 dccad.
2278 4593 2536 4650 ιΜὶδεριι.
2565 4593 2764 4647 llislor.
2800 4593 2947 4660 regni
2981 4586 3274 4649 Bobcmite,
3320 4585 3457 4636 libro

1864 4699 2087 4759 quarto,
2121 4678 2463 4756 l‘ragze168‘2
2501 4683 2589 4737 fol.
2640 4681 2768 4734 Sine
2814 4679 3031 4733 nomine
3075 4675 3310 4730 auctoris
3350 4670 3461 4722 vul-

1879 4778 2026 4849 gavit
2071 4777 2231 4830 etiam
2262 4775 2510 4830 Canisius
2539 4783 2667 4826 ιοιιι.
2701 4769 2773 4834 ν,
2807 4782 2961 4841 parte
2990 4785 3026 4824 ιι
3057 4766 3240 4835 Antiq.
3283 4762 3459 4822 Lect.,

1879 4883 1998 4937 pag.
2035 4865 2139 4920 559
2162 4864 2311 4936 (edit.
2344 4879 2496 4918 norm
2521 4873 2626 4919 tam
2652 4859 2739 4924 111,
2763 4877 2814 4930 p.
2847 4859 2958 4930 45).

1952 4957 2364 5010 Dodecastichou
2411 4956 2465 5009 in
2521 4953 2732 5008 laudem
2785 4951 3020 5007 Severini
3065 4943 3262 5005 Boctii,
3317 4938 3457 5009 apud

1864 5025 2192 5116 iBaroninm,
2221 5051 2288 5104 ad
2323 5066 2519 5104 annum
2548 5046 2675 5110 526,
2713 5064 2764 5100 ιι.
2799 5047 2889 5102 18.

225 5140 394 5184 ternm
425 5143 878 5190 monumentorum
908 5143 1031 5192 tom.
1058 5135 1153 5201 1X,
1182 5151 1230 5204 p.
1263 5137 1390 5204 249,
1424 5144 1478 5190 et
1523 5134 1576 5188 in
1605 5132 1776 5212 Mcnc-
1801 5151 1858 5208 Ι)
1955 5139 2060 5194 Sed
2087 5156 2247 5208 quam
2273 5139 2412 5193 idem
2445 5145 2706 5192 memorat
2740 5137 3003 5190 Baronius
3027 5128 3094 5182 ad
3120 5140 3204 5177 an.
3239 5119 3363 5180 99:2,
3397 5134 3449 5212 ιι..

222 5220 280 5240 ι-
331 5223 497 5240 ".,,.
557 5221 763 5240 In,'.
891 5226 924 5240 Α

3036 5235 3067 5240 Α-
3098 5211 3305 5240 1--....z.
3350 5207 3384 5240 γ
3400 5205 3440 5240 ν
