3986 5444
163 380 3423 442 πεωωωεεέέ-τετπ

1276 589 2435 727 GERBERTI

1664 869 2051 915 POSTMODL'M

676 1043 1897 1203 SILVESTRI
2033 1042 2662 1199 PAPZE
2770 1047 2938 1195 ΙΙ

1071 1366 1533 1521 0PERUM
1638 1365 1937 1519 PARS
2053 1363 2471 1517 PRIMA.

485 1676 698 1802 DE
801 1675 1735 1809 DISCIPLINIS
1830 1674 3101 1811 MATHEMATICIS.

1654 1919 1982 1936 _——-

1534 2068 2123 2159 LIBELLUS

830 2285 1008 2395 DE
1096 2283 1993 2399 NUMERORUM
2080 2283 2818 2401 DIVISIONE

180 2508 519 2585 Eurusque
561 2506 740 2567 inter
773 2503 1075 2584 opuscula
1112 2504 1334 2585 spuria
1367 2503 1745 2564 Venerabilis
1778 2500 1953 2585 Beda:
1985 2500 2171 2585 (_0pp_.
2208 2509 2357 2562 tom.
2404 2501 2463 2585 ζ,
2511 2500 2661 2585 ίσοιλ
2713 2499 2855 2585 6-81)
2917 2500 3462 2585 γρζεαᾳζείξε-ηαῃε

244 2580 525 2664 primum
592 2605 713 2645 suo
773 2580 1023 2664 auctori
1088 2580 1422 2643 restitutus
1462 2591 1518 2664 et
1564 2583 1905 2643 recensitus
1955 2580 2036 2641 ad
2066 2580 2256 2660 ﬁdem
2312 2580 2553 2643 codicis
2614 2580 3011 2661 Scaligcrani
3049 2580 3361 2656 XXVIII,
3396 2582 3465 2647 in

250 2662 641 2725 bibliotheca
678 2662 879 2743 Lugd.
915 2664 1136 2725 Βαίου.
1177 2663 1508 2723 asservati.

1549 2831 1611 2893 (ιί
1666 2831 1871 2881 Scliedis
1897 2831 1953 2879 Ι).
1987 2831 2164 2893 Pitra.)

1492 3166 2171 3260 PB/EFATIO.

1640 3386 2077 3406 ,ψ’-α

326 3489 689 3546 Constantino
726 3506 818 3544 suo
856 3488 1135 3543 Gerbertus
1177 3487 1486 3542 scolasticus
1517 3487 1574 3541 S‘.
1611 3490 1649 3542 ⁸.

263 3585 357 3640 Vis
375 3584 639 3638 amicitite
652 3597 786 3652 pene
805 3581 1158 3652 impossibilia
1180 3580 1450 3649 redigitad
1481 3580 1779 3649 possibilia.

205 3672 325 3729 Nam
366 3674 647 3745 quomodo
677 3674 911 3728 rationes
938 3686 1288 3727 numerorum
1326 3671 1479 3725 abaci
1514 3671 1790 3742 explicare

211 3767 676 3827 contenderemus,
704 3764 804 3818 nisi
830 3772 880 3818 te
907 3763 1255 3827 adhortante,
1287 3777 1319 3816 o
1345 3762 1417 3816 mi
1446 3761 1603 3815 dulce
1638 3762 1785 3817 sola-

214 3870 324 3909 tuen
354 3856 624 3915 laborum,
650 3853 1041 3907 Constantine?
1069 3851 1253 3920 Itaque
1285 3866 1409 3905 cum
1449 3850 1656 3920 aliquot
1707 3852 1785 3905 lu-

214 3952 313 3997 stra
340 3942 455 4012 iam
482 3941 812 4005 transierint,
833 3956 896 3995 ex
926 3956 1033 4011 quo
1060 3956 1159 3994 nec
1191 3938 1409 4004 librum,
1444 3954 1545 3994 nec
1575 3938 1790 3994 exerci-

217 4032 339 4086 tium
376 4034 568 4087 ltarnm
614 4048 792 4086 rerum
828 4032 1177 4086 habuerimus
1200 4073 1214 4097 ,
1255 4031 1524 4101 quasdam,
1555 4033 1783 4101 repetita

218 4125 491 4189 memoria,
521 4125 719 4179 eisdem
737 4124 914 4178 verbis
941 4122 1288 4194 proferimus,
1316 4123 1559 4192 quaedam
1578 4124 1786 4177 eisdem

223 4217 512 4270 sententiis.
564 4215 668 4269 Nec
696 4224 847 4285 putet
886 4216 1239 4285 philosophus
1270 4216 1389 4271 sine
1423 4216 1620 4271 litteris
1669 4216 1786 4271 haec

225 4304 371 4359 alicui
402 4307 505 4359 arti
527 4306 609 4359 vel
647 4307 744 4359 sibi
776 4321 895 4361 esse
934 4307 1228 4361 contraria.
1280 4306 1417 4373 Quid
1461 4306 1605 4359 enim
1645 4306 1790 4360 dicet

227 4407 333 4448 esse
358 4395 572 4465 digitos,
603 4394 876 4459 articulos,
906 4396 1133 4459 minuta,
1158 4395 1247 4464 qui
1275 4394 1489 4447 auditor
1523 4394 1787 4463 majorum

229 4482 330 4537 fore
364 4482 849 4551 dedignatur.‘\lult
878 4492 1049 4538 tamen
1083 4484 1252 4538 videri
1282 4483 1428 4538 solus
1455 4484 1614 4550 scire,
1647 4484 1791 4554 quod

230 4586 425 4625 mecum
474 4573 697 4642 ignorat,
751 4581 813 4626 ut
861 4573 937 4626 ait
982 4573 1227 4628 Flaccus.
1281 4573 1418 4640 Quid
1474 4589 1595 4628 cum
1650 4575 1789 4629 idem

233 4675 471 4716 numerus
500 4663 653 4717 modo
699 4664 947 4732 simplex,
992 4665 1152 4719 modo
1200 4665 1530 4734 compositus
1573 4684 1587 4720 :
1647 4682 1789 4721 nunc

232 4750 432 4821 digitus,
464 4768 606 4806 nunc
627 4755 985 4809 constituatur
1012 4766 1071 4809 ut
1111 4755 1408 4809 articulus?
1436 4756 1613 4810 Habes
1639 4772 1788 4824 ergo,

1807 3500 1854 3564 C

2214 3488 2340 3559 CAP.
2377 3488 2418 3543 Ι.
2457 3488 2532 3544 De
2571 3489 2832 3558 singulari
2868 3506 3082 3545 numero
3111 3493 3149 3544 '.

1961 3642 2019 3697 Si
2083 3640 2528 3710 multiplieaveris
2593 3642 2955 3712 singularem,
3020 3642 3199 3715 [dabis
3252 3645 3470 3700 unicui-

1888 3747 1993 3802 que
2030 3731 2074 3803 ³]
2111 3732 2277 3803 digito
2301 3731 2563 3786 duntaxat
2590 3747 2758 3801 usque
2795 3732 2863 3785 ad
2897 3740 3098 3796 ternos,
3135 3733 3218 3787 vel
3245 3734 3475 3789 articulo

1889 3824 2175 3894 quinquies
2206 3823 2381 3877 binos.
2416 3822 2678 3893 Deinceps
2712 3836 2880 3891 pones
2902 3822 3098 3891 digitos
3139 3823 3192 3877 in
3236 3823 3475 3893 singula-

1889 3914 2037 3970 ribus
2084 3922 2139 3968 et
2182 3913 2443 3969 articulos
2493 3914 2546 3968 in
2604 3915 2859 3977 decenis,
2902 3914 3107 3969 directe
3165 3915 3376 3970 scilicet
3420 3925 3477 3971 et

1891 4006 2193 4061 conversim
2222 4006 2548 4076 singularem
2573 4022 2668 4075 per
2687 4006 2975 4069 decenum,
3001 4006 3156 4061 dabis
3181 4008 3475 4077 unicuique

1890 4098 2057 4166 digito
2082 4097 2292 4159 decem,
2320 4104 2375 4151 et
2398 4096 2543 4150 omni
2568 4094 2798 4149 articulo
2817 4103 3059 4148 centum.

1964 4188 2020 4242 Si
2051 4187 2376 4257 singularem
2416 4202 2513 4255 per
2538 4195 2854 4250 centenum,
2879 4184 3034 4239 dabis
3058 4185 3351 4258 unicuique
3388 4188 3476 4243 di-

1892 4280 2003 4351 gito
2027 4288 2265 4342 centum,
2292 4287 2346 4332 et
2374 4276 2601 4332 articulo
2632 4276 2794 4331 mille.

1964 4369 2021 4424 Si
2056 4369 2383 4439 singularem
2410 4383 2505 4437 per
2532 4366 2830 4432 millenum,
2860 4366 3015 4422 dabis
3036 4367 3204 4439 digito
3233 4368 3481 4435 mille,“

1892 4458 2121 4531 articulo
2148 4459 2331 4513 decem
2364 4459 2550 4516 millia.

1965 4550 2023 4606 Si
2049 4550 2377 4621 singularem
2395 4566 2491 4620 per
2511 4551 2773 4605 decenum
2799 4550 3103 4616 millenum,
3131 4549 3286 4605 dabis
3310 4550 3481 4621 digito

1893 4643 2080 4699 decem
2110 4642 2297 4708 millia,
2317 4650 2373 4697 et
2398 4642 2623 4697 articulo
2649 4654 2868 4698 centum
2897 4642 3084 4697 millia.

1967 4733 2024 4793 Si
2057 4732 2380 4801 singularem
2407 4747 2504 4801 per
2530 4742 2819 4786 centenum
2864 4733 3164 4795 millenum,
3213 4732 3368 4788 dabis
3397 4732 3485 4786 di-

238 4845 403 4898 talinm
436 4844 657 4915 diligens
710 4847 1084 4917 investigator,
1118 4846 1260 4900 viam
1295 4848 1540 4911 rationis,
1570 4823 1789 4904 brevem
1819 4858 1869 4917 D
1897 4825 2010 4897 εῑιο
2042 4833 2259 4879 centum
2298 4823 2486 4891 mima:
2519 4834 2573 4877 θί
2597 4823 2828 4879 “nemo
2854 4825 3000 4881 mine
3027 4823 3212 4878 minim

238 4935 434 5002 quidem
465 4937 658 5001 verbis,
684 4939 777 4995 sed
803 4940 1063 5008 prolixam
1100 4941 1407 5005 sententiis,
1444 4948 1499 4995 et
1531 4941 1596 4994 ad
1629 4940 1794 4995 colle-

240 5028 453 5079 etionem
487 5027 877 5084 intervallorum
922 5039 977 5084 et
1018 5030 1455 5086 distributionem
1505 5032 1559 5085 in
1607 5041 1792 5087 actua-

242 5113 365 5169 libus
412 5120 713 5186 geometrici
764 5122 899 5176 radii
933 5122 1229 5177 secundum
1282 5122 1687 5193 inclinationem
1737 5138 1793 5181 et

2326 4979 2479 5053 [ΟΑΡ.
2508 4980 2570 5035 ll.
2605 4980 2680 5033 De
2711 4980 2917 5034 Deceno
2946 4978 3013 5052 Ἴ.

1970 5120 2026 5175 Si
2066 5119 2328 5174 decenum
2368 5133 2469 5187 per
2502 5116 2789 5180 decenum,
2840 5115 2996 5170 dabis
3047 5108 3213 5176 digito
3245 5114 3483 5171 centum,
