3986 5444
513 276 580 329 87
1120 274 1504 333 SYLVESTRI
1538 274 1582 338 ll
1620 273 1821 328 ΡΑΡιΕ
1849 272 2002 328 OPP.
2037 271 2216 328 PARS
2252 273 2294 344 1,.
2335 303 2407 314 -—
2442 272 2531 330 DE
2565 274 2848 338 DISCIPL.
2886 275 3200 334 MATHEM.
3707 279 3784 337 88

585 392 643 450 Si
693 392 954 447 decenum
998 405 1095 460 per
1143 393 1452 460 millenum,
1504 392 1654 450 dabis
1699 392 1869 464 digito
1906 392 2091 448 decem
2119 393 2170 453 Α
2196 390 3078 451 babentdeceni“adeentenoset
3097 375 3367 461 millenos,
3389 405 3446 452 et
3469 398 3686 457 centeni
3714 401 3784 455 ad

511 486 698 546 millia.
725 493 781 540 et
801 484 1030 538 articulo
1055 495 1269 538 centum
1299 485 1484 539 millia.

583 577 640 632 Si
666 578 926 631 decenum
963 590 1058 646 per
1099 577 1360 630 deceuum
1411 575 1715 640 millenum,
1744 573 1902 630 dabis
1925 573 2095 645 digito

511 679 726 726 centum
751 668 938 731 millia,
969 677 1024 721 et
1061 669 1293 723 articulo
1323 667 1468 722 mille
1499 667 1688 721 millia.

581 761 636 816 Si
665 763 926 815 dooenum
961 775 1058 829 per
1090 771 1374 814 centenum
1407 759 1703 818 millenum,
1736 756 1892 811 dabis
1923 755 2093 827 digito

512 851 655 906 mille
685 851 868 917 millia,
899 861 954 906 et
980 851 1142 907 etiam
1172 851 1460 919 unicuique
1486 848 1714 904 articulo
1737 847 1916 903 decies
1947 848 2092 904 mille

508 937 700 993 millia.

933 1023 1082 1098 [c.tP.
1109 1022 1194 1077 lll.
1230 1023 1304 1077 De
1330 1023 1552 1078 Centeno
1577 1023 1666 1096 ⁸⁸].

577 1139 636 1193 Si
665 1147 952 1194 centenum
1004 1151 1101 1206 per
1151 1146 1459 1200 centenum,
1495 1138 1646 1190 dabis
1694 1135 1863 1206 digito
1904 1135 2088 1196 decem

507 1232 696 1289 millia.
718 1240 775 1288 et
801 1227 1029 1282 articulo
1061 1228 1265 1281 centies
1292 1229 1436 1283 mille
1469 1229 1634 1282 millia
1676 1229 1720 1281 ³.

581 1321 636 1374 Si
674 1332 959 1375 centenum
1012 1334 1108 1387 per
1167 1319 1463 1381 millenum,
1494 1321 1650 1375 dabis
1675 1320 1846 1392 digito
1872 1329 2087 1376 centum

507 1411 698 1476 millia,
721 1419 775 1464 et
800 1409 1028 1463 articulo
1060 1409 1236 1464 decies
1259 1419 1487 1465 centena
1516 1412 1708 1465 millia.

578 1499 633 1554 Si
664 1510 950 1555 centenum
981 1514 1077 1569 per
1111 1501 1369 1553 tlccenttm
1401 1500 1702 1564 millenum,
1734 1499 1892 1556 dabis
1920 1499 2089 1570 digito

504 1591 652 1645 mille
689 1591 878 1654 millia,
919 1599 972 1646 et
1003 1590 1231 1645 articulo
1262 1590 1444 1647 decies
1489 1593 1635 1646 mille
1665 1592 1854 1646 millia.

577 1682 632 1737 Si
660 1692 946 1738 centenum
995 1698 1092 1750 per
1127 1693 1414 1738 centenum
1459 1685 1758 1745 millemtm,
1807 1683 1962 1739 dabis
2000 1684 2086 1738 di-

506 1775 618 1844 gito
663 1773 842 1828 decies
876 1772 1023 1828 mille
1079 1773 1266 1839 millia,
1321 1781 1378 1828 et
1419 1774 1650 1830 articulo
1682 1774 1891 1830 centies
1939 1773 2087 1829 mille

503 1865 695 1925 millia.
1224 1871 1227 1873 '
2040 1879 2043 1882 -

962 1981 1090 2037 CAP.
1123 1981 1209 2036 IV.
1245 1981 1316 2036 De
1343 1982 1556 2036 Milleno
1587 1981 1630 2034 ⁸.

571 2073 954 2150 εἶ”ῐηίὶιθηιιιη
988 2111 1086 2165 per
1121 2095 1437 2158 millenum‘,
1494 2093 1647 2148 dabis
1693 2093 1860 2160 digito
1907 2093 2088 2150 decies

503 2195 726 2246 centena
758 2188 944 2251 millia,
973 2197 1027 2242 et
1054 2188 1282 2242 articulo
1311 2188 1489 2242 decies
1518 2186 1664 2240 mille.
1704 2186 1890 2240 millia.

573 2274 629 2328 Si
666 2277 937 2331 millenum
963 2295 1058 2347 per
1098 2279 1356 2332 decertum
1387 2275 1686 2338 mtlleuum,
1735 2275 1888 2330 dabis
1921 2275 2108 2344 digito

501 2367 680 2420 decies
719 2368 864 2424 mille
893 2369 1080 2433 millia,
1111 2377 1166 2424 ct
1195 2367 1428 2421 articulo
1469 2367 1676 2419 centies
1717 2365 1865 2418 mille
1897 2365 2085 2419 millia.

572 2459 626 2512 Si
660 2459 933 2514 millenum
965 2477 1061 2530 per
1090 2471 1377 2530 centenum
1410 2459 1710 2521 millemun,
1737 2458 1888 2512 dabis
1919 2459 2090 2526 digito

501 2548 708 2604 centies
743 2549 887 2604 ntille
919 2550 1109 2616 tnillia,
1133 2559 1188 2605 et
1217 2547 1447 2604 articulo
1472 2551 1680 2606 centies
1715 2546 1911 2608 millies
1943 2546 2090 2603 mille

501 2639 674 2706 millia

857 2727 986 2784 CAP.
1021 2729 1088 2783 ν.
1122 2729 1198 2783 De
1221 2730 1421 2785 Deceno
1456 2730 1666 2784 milleno
1690 2731 1712 2764 "

566 2839 623 2896 Si
665 2840 926 2895 decennm
986 2841 1260 2895 millenum
1305 2858 1403 2912 per
1449 2842 1710 2895 deeennm
1755 2841 2032 2896 millenum
2065 2882 2080 2902 .

498 2931 654 2986 dabis
710 2931 882 2999 digito
931 2931 1076 3010 mille
1109 2931 1297 2997 millia,
1346 2945 1400 2987 et
1458 2931 1913 2998 articulocentics
1943 2932 2085 2988 mille

497 3027 668 3089 millia
698 3027 742 3080 ο.
948 3007 977 3020 ⁷’

2193 483 2462 549 millenos,
2494 494 2550 539 et
2591 485 2792 540 milleni
2823 489 2888 542 ad
2921 489 3060 542 ultra
3093 503 3151 544 se
3178 490 3510 558 compositos
3541 489 3785 546 decenos

2191 575 2461 638 millenos,
2494 586 2549 631 et
2583 586 2844 633 centenos
2884 581 3155 645 millenos,
3196 581 3299 635 hoc
3347 583 3547 636 modo:
3591 582 3648 636 Si
3681 598 3782 637 vo-
3804 622 3843 662 ί,

2193 665 2361 721 lueris
2391 682 2488 736 per
2516 667 2839 739 singularem
2888 686 3172 724 numerum
3222 670 3464 725 dividere
3508 662 3830 727 decenum"

2193 768 2285 812 aut
2313 767 2624 822 centenum,
2655 769 2747 813 aut
2791 760 3088 825 millenum,
3132 761 3213 815 vel
3263 761 3424 816 simul
3472 761 3556 814 vel
3609 762 3804 816 inter—'

2193 848 2380 907 misse.
2425 848 2666 902 dividere
2719 849 3077 905 dill‘ereutiam
3109 868 3138 904 a
3170 851 3428 920 singulari
3455 852 3497 883 ¹¹
3526 853 3591 907 ad
3620 853 3786 907 dcccc

2193 953 2345 999 Imm,
2372 954 2467 1004 per
2497 940 2762 1010 integram
2790 942 3284 996 denominationem
3325 942 3600 998 dividendi
3635 943 3783 996 mul-

2193 1019 2473 1093 tiplicabis.
2491 1037 2544 1080 ct
2565 1028 2824 1083 articulus
2847 1031 3061 1097 quidem
3091 1032 3304 1101 propria
3330 1032 3785 1086 denominatione

2188 1124 2243 1168 et
2279 1115 2451 1183 posita
2491 1114 2790 1170 differentia
2827 1117 3114 1178 diminues.
3165 1121 3366 1192 digitos
3419 1136 3550 1174 vero
3593 1123 3786 1194 digitis

2189 1208 2506 1277 aggregabis
2531 1222 2544 1260 :
2574 1217 2630 1261 et
2659 1210 2704 1261 si
2736 1210 2944 1263 articuli
2975 1211 3288 1280 provenient
3320 1221 3372 1264 ιιι
3404 1227 3590 1280 supra,
3619 1213 3788 1269 dimi-.-

2189 1315 2322 1353 uues
2369 1315 2537 1370 usque
2581 1302 2647 1354 ad
2689 1302 2831 1355 solos
2863 1304 3079 1371 digitos,
3111 1315 3165 1359 et
3215 1303 3532 1358 milleuus"
3558 1305 3788 1373 quidem

2190 1390 2410 1446 habebit
2452 1392 2710 1456 articulus
2743 1394 2794 1447 iu
2843 1395 3099 1461 millenis,
3130 1397 3326 1466 digitos
3351 1395 3395 1428 “
3419 1397 3471 1450 in
3500 1399 3783 1464 centenis,

2188 1481 2385 1549 digitos
2438 1483 2490 1538 in
2536 1484 2783 1550 decenis;
2837 1486 3071 1543 deccuus
3111 1487 3372 1544 articulos
3423 1489 3480 1544 in
3529 1488 3784 1562 decentis,

2189 1569 2388 1641 digitos
2417 1572 2472 1627 in
2503 1572 2887 1644 singularibus.

2836 1665 2968 1720 CAP.
2999 1666 3133 1720 Vlll.

2116 1745 2162 1804 Β
2191 1748 2464 1834 Quomodo
2505 1753 3009 1834 metiaturodecenus
3044 1765 3439 1834 conferturnam
3479 1758 3784 1834 millenum,

2258 1819 2335 1900 rel
2392 1832 2661 1875 centenum
2711 1824 3021 1894 millenum,
3078 1825 3154 1888 vel
3209 1827 3484 1884 millenum
3533 1841 3582 1884 et
3641 1819 3790 1885 ulte-'-

2260 1907 2421 1944 nores
2429 1929 2443 1944 ο

2257 1978 2315 2034 Si
2346 1980 2578 2037 volneris
2622 1997 2720 2050 per
2760 1992 3020 2041 decenum
3054 2003 3338 2044 numerum
3371 1990 3614 2046 dividere
3648 2007 3790 2047 cen-

2187 2078 2372 2125 tenum
2405 2069 2487 2123 vel
2541 2071 2840 2138 millenum,
2892 2085 2986 2128 aut
3028 2091 3125 2146 per
3165 2089 3455 2134 centenum
3494 2081 3786 2147 millenum

2187 2162 2270 2218 vel
2296 2162 2599 2224 ulteriores.
2634 2173 2726 2218 aut
2755 2181 2852 2234 per
2873 2167 3148 2224 millenum
3173 2182 3483 2242 sequentes,
3516 2172 3786 2227 diﬂ'eren—

2188 2253 2318 2307 tiam
2352 2253 2602 2307 divisoris
2629 2256 2781 2324 quasi
2814 2257 3101 2326 singularis
3131 2262 3197 2314 ad
3239 2261 3525 2324 decennm,
3554 2278 3653 2332 per
3695 2263 3789 2316 iu-

2190 2354 2395 2410 tegram
2423 2344 2914 2412 denuminationem
2946 2349 3216 2404 dividendi
3262 2352 3673 2422 multiplicabis,
3724 2353 3785 2408 id

2189 2444 2272 2489 est
2303 2449 2399 2503 per
2429 2437 2687 2490 vocabula
2713 2438 3021 2508 singularis,
3068 2457 3130 2496 ac
3181 2443 3364 2497 decem
3419 2445 3684 2500 articulos
3713 2462 3788 2503 ac

2189 2527 2384 2597 digitos
2434 2530 2701 2585 diminues
2751 2547 2920 2601 usque
2968 2533 3035 2586 ad
3094 2542 3394 2596 extremum
3446 2537 3780 2612 divisorem,

2189 2620 2328 2673 sicut
2360 2621 2521 2675 tiebat
2541 2621 2594 2674 in
2619 2621 2980 2692 singularibus
3005 2626 3300 2702 quemlibet
3325 2644 3615 2686 numerum
3638 2632 3787 2687 divi-

2191 2711 2464 2784 dentibus.

2890 2786 3020 2843 CAP.
3053 2787 3143 2844 lX.

2191 2863 2464 2930 Quomodo
2491 2866 2781 2942 singulares
2801 2871 2975 2942 cuncti
3010 2871 3214 2942 decenis
3241 2872 3530 2926 metiantur
3553 2873 3785 2942 dereuos

2256 2945 2516 3016 centenos,
2545 2937 2804 3006 millenos,
2836 2939 2911 2994 vel
2934 2941 3092 2993 simul
3144 2942 3450 2998 diuidendos
3489 2945 3555 3010 ³⁵,
3585 2947 3669 2999 vel
3698 2937 3784 3003 in?

2258 3015 2515 3060 tenuisse.

569 3119 626 3173 Si
682 3119 946 3173 deeennm
1005 3118 1282 3171 millenum
1325 3133 1424 3186 per
1460 3127 1746 3173 centenum
1781 3117 2079 3179 millenum,

2257 3091 2312 3147 Si
2355 3095 2589 3150 volueris
2617 3110 2712 3164 per
2733 3097 3092 3167 compositum
3132 3099 3394 3156 decenum
3427 3119 3552 3159 cum
3583 3121 3781 3179 smgue

495 3211 654 3267 dabis
676 3211 845 3280 digito
883 3209 1077 3265 millies
1105 3210 1248 3265 mille
1277 3210 1484 3276 millia',
1529 3219 1585 3267 et
1631 3210 1860 3266 articulo
1906 3209 2086 3264 decies

495 3302 694 3359 millies
725 3302 871 3372 mille
895 3301 1080 3355 millia.

879 3411 1008 3468 CAP.
1037 3412 1123 3465 Ἢ.
1162 3409 1387 3467 Centeno
1419 3412 1625 3467 milleno
1653 3418 1701 3466 ο.

567 3527 626 3581 Si
659 3534 948 3581 centenum
1001 3524 1275 3578 millenum
1305 3538 1400 3592 per
1450 3531 1738 3577 centenum
1786 3523 2082 3588 millenum,

496 3619 655 3674 dabis
706 3618 874 3687 digito
912 3614 1094 3669 decies
1131 3614 1326 3668 millies
1356 3613 1500 3668 mille
1529 3613 1716 3688 millia,
1749 3622 1805 3668 et
1853 3612 2084 3668 articulo

493 3709 700 3764 centies
742 3707 936 3761 millies
964 3705 1112 3764 mille
1141 3705 1329 3758 millia.

496 3817 770 3884 Quomodo
797 3815 1068 3870 dividatur
1081 3815 1367 3884 singularis
1388 3832 1478 3878 per
1502 3814 1842 3883 singularem,
1866 3813 1942 3866 rel
1965 3830 2086 3868 cen-

569 3899 721 3943 tenus
755 3905 847 3958 per
867 3902 1162 3953 concitum,
1195 3884 1270 3938 rel
1302 3886 1542 3954 milleutts
1571 3901 1664 3953 per
1699 3885 1987 3938 millenum.

560 4001 619 4056 In
649 4001 938 4068 partitione
966 4013 1314 4052 numerorum
1345 3998 1498 4052 abaci
1525 3998 1586 4061 ⁸⁸,
1617 3997 1759 4051 sicut
1786 4011 1844 4049 se
1884 3995 2086 4050 habent

492 4095 797 4163 singulares
848 4091 914 4144 ad
967 4089 1292 4160 singulares,
1339 4090 1419 4144 sic
1451 4087 1846 4158 quodammodo
1884 4087 2082 4140 habent

491 4202 551 4240 se
594 4187 778 4238 decem
807 4185 872 4237 ad
905 4186 1159 4257 decentis,
1189 4184 1404 4239 centeni
1436 4185 1505 4239 ad
1551 4192 1832 4246 centenos,
1874 4177 2080 4248 milleni

490 4278 559 4330 ad
588 4277 860 4338 millenos,
891 4277 992 4330 Itoc
1021 4277 1180 4330 modo
1205 4292 1218 4327 :

571 4367 628 4422 Si
667 4367 903 4421 volueris
930 4366 1172 4420 dividere
1196 4363 1500 4435 singulares
1523 4375 1617 4432 per
1643 4359 1962 4432 singulares,
1996 4359 2079 4426 vel

2187 3185 2286 3238 lari
2316 3185 2575 3252 dividere,
2606 3188 2689 3242 vel
2722 3188 3020 3259 simplicem
3039 3192 3298 3247 deceuum
3330 3194 3554 3249 velcum
3582 3199 3782 3267 singu-

2185 3275 2284 3329 lari
2311 3277 2690 3345 compositnm,
2724 3281 3007 3338 considera
3039 3292 3256 3350 quotam
3285 3293 3494 3352 partem
3520 3286 3784 3346 divisoris

2188 3374 2368 3420 teneat
2405 3368 2731 3438 singularis;
2780 3387 2904 3426 nam
2965 3375 3236 3429 secundus
3274 3375 3569 3445 singularis
3614 3379 3784 3434 liabet

2186 3457 2450 3512 rationem
2493 3459 2558 3512 ad
2605 3463 2870 3520 secundas
2895 3461 3188 3524 dividendi.
3223 3468 3416 3522 tertius
3454 3470 3520 3523 ad
3555 3471 3780 3535 tertias,

2185 3547 2411 3608 quartus
2439 3540 2504 3593 ad
2530 3552 2769 3609 quartas,
2799 3545 3018 3613 quintus
3041 3545 3105 3598 ad
3129 3548 3368 3615 quintas,
3399 3558 3453 3604 et
3483 3551 3778 3623 deinceps,

2185 3628 2236 3682 id
2267 3637 2353 3683 est
2395 3629 2695 3686 dill'ercutia
2727 3649 2756 3687 a
2805 3634 3062 3704 singulari
3111 3637 3367 3696 divisoris
3408 3640 3474 3694 ad
3504 3642 3782 3701 decenum

2183 3721 2628 3791 multiplicabitttt‘
2677 3738 2774 3792 per
2821 3726 3319 3786 (lc-nominationem
3376 3734 3780 3804 secundarum,

2185 3811 2336 3863 tertia
2349 3828 2487 3874 rtnn,
2503 3823 2814 3880 quartarum
2831 3832 2846 3880 ;
2863 3819 3006 3886 quod
3022 3834 3149 3885 vero
3175 3832 3462 3890 exsuperat
3477 3827 3780 3894 secundas,

2185 3902 2393 3966 tertias,
2433 3912 2678 3970 quartas,
2717 3905 2936 3973 quintas
2966 3911 3315 3981 aggregabis;
3357 3913 3479 3966 etsi
3511 3897 3782 3985 multiplié

2184 3991 2361 4046 cinres
2406 4001 2533 4047 sunt
2577 3993 2834 4059 divisere,
2886 3999 3073 4052 eadem
3127 4000 3306 4070 regula
3349 4001 3777 4061 diminneulur:

2183 4080 2430 4134 similiter
2457 4097 2584 4135 vero
2618 4093 2670 4136 et
2689 4083 2990 4153 singulares
3014 4089 3297 4157 compositi
3321 4091 3387 4142 ad
3417 4091 3780 4154 dividendum

2183 4171 2633 4239 aggregabunlttt‘.
2675 4171 2737 4224 Et
2778 4173 2828 4226 in
2868 4177 3114 4230 centenis
3138 4186 3194 4231 et
3233 4179 3468 4234 millenis
3499 4183 3643 4236 idem
3695 4185 3783 4240 fa-

2181 4260 2294 4314 cies
2321 4300 2335 4322 ,
2391 4260 2492 4314 nisi
2539 4263 2679 4328 quod
2720 4278 2885 4317 unum
2930 4275 3215 4335 centenum
3269 4269 3353 4323 vel
3403 4271 3686 4336 millenum
3720 4276 3779 4331 in

2184 4363 2407 4408 catteros
2447 4353 2752 4421 dissipabis,
2782 4357 2924 4426 quod
2958 4357 3010 4411 in
3042 4374 3149 4412 uno
3177 4376 3282 4414 non
3326 4363 3509 4416 evenit
3537 4365 3776 4434 deceno,

491 4457 759 4512 deccnum
783 4472 880 4525 per
912 4454 1304 4517 decertum,ch
1332 4462 1621 4508 centenum
1647 4467 1744 4521 per
1763 4463 2075 4517 centenum,
2111 4444 2157 4503 υ
2181 4454 2235 4498 et
2275 4444 2486 4497 articuli
2517 4447 2732 4513 quidem
2764 4447 2832 4501 ab
2869 4465 2976 4503 uno
3002 4463 3233 4505 centeno
3269 4452 3352 4506 vel
3401 4455 3626 4510 milleno
3678 4473 3777 4514 se-

489 4550 577 4605 vel
613 4549 890 4602 millenum
922 4564 1018 4618 per
1055 4548 1360 4610 tnillenum,
1411 4545 1706 4600 secundum
1765 4545 2082 4599 denomina-

492 4642 696 4698 tionem
723 4656 914 4699 eorum
941 4641 1245 4713 singulares
1275 4638 1642 4710 singularibus
1669 4638 1979 4694 subtraltes.

1149 4750 1277 4822 CAP.
1306 4749 1415 4806 \‘ll.

493 4861 768 4930 Quomodo
802 4862 1102 4934 singulares
1146 4881 1244 4919 sua
1287 4865 1580 4934 quantitate
1623 4861 1907 4916 metiantur
1924 4861 2076 4916 dece-

913 4949 1031 4997 nas,
1089 4933 1349 4997 centenos,
1400 4933 1656 4988 millenos.

556 5023 618 5078 In
681 5025 975 5095 partitione
1036 5040 1384 5082 numerorum
1436 5041 1466 5078 a
1506 5024 1588 5078 sic
1624 5036 1682 5078 se
1737 5020 2078 5076 babeutsin-

489 5113 708 5185 gulares
746 5117 813 5170 ad
862 5117 1096 5172 deccnos
1143 5127 1200 5190 et
1235 5125 1494 5186 centenos
1537 5125 1594 5171 et
1612 5115 1884 5185 millenos,
1916 5113 1996 5169 sic
2019 5127 2079 5170 se

561 5250 604 5282 δ’
636 5251 805 5316 Edit.,
843 5254 908 5307 de
941 5264 1173 5310 centeno.

560 5320 582 5393 ξ
617 5322 786 5393 βίαι..
808 5333 854 5376 et
885 5325 1107 5379 articulo
1140 5335 1346 5382 centum
1373 5323 1557 5393 millia.

561 5390 582 5421 ⁵
617 5390 783 5444 ΕίΙὶΙ..
820 5394 883 5444 de
920 5394 1148 5444 milleno-

2183 4533 2594 4600 cunilabuutur,
2637 4550 2668 4588 a
2698 4536 2941 4606 pluribus
2983 4539 3398 4606 dividendorum
3443 4543 3782 4603 obtinebunt

2185 4626 2365 4680 sedes.

2851 4696 2979 4751 CAP.
3016 4697 3086 4752 Χ.

2186 4763 2321 4820 Item
2365 4765 2472 4821 alia
2514 4763 2698 4820 divisio
2751 4769 2950 4847 centeni
2973 4771 3054 4847 rel
3083 4768 3298 4834 milleni,
3323 4781 3370 4824 et
3399 4772 3643 4845 deinceps
3677 4793 3780 4847 per

2727 4837 2928 4890 eosdem
2949 4840 3002 4890 di
3010 4841 3217 4894 risores.

2255 4927 2312 4984 Si
2347 4927 2579 4983 volueris
2613 4927 2862 4982 dividere‘
2898 4939 3183 4985 centenum
3227 4934 3313 4988 vel
3361 4935 3664 5002 millettum,
3717 4951 3780 4997 et

2183 5020 2459 5088 deinceps,
2488 5033 2586 5088 per
2616 5017 2876 5073 decenuin
2909 5035 3031 5074 cum
3075 5022 3335 5092 singulari
3377 5027 3772 5095 compositum,

2180 5112 2415 5181 primum
2443 5117 2730 5163 centenum
2769 5108 2935 5166 veluti
2965 5126 3127 5183 snpra
3154 5113 3384 5180 divides,
3424 5129 3639 5189 sumpta
3667 5120 3781 5176 dif-

2537 5241 2740 5322 addlnnlt
2768 5243 2957 5322 Αιηιεὶἶ
2985 5254 3036 5300 et
3063 5245 3246 5322 legunt
3266 5251 3409 5304 dicat
3432 5269 3534 5322 pro
3559 5255 3655 5309 sic.

2253 5314 2293 5345 “
2335 5311 2497 5393 ﬁdit"
2527 5313 2601 5392 sic
2633 5313 2815 5393 habent
2852 5329 2905 5364 se
2925 5316 3095 5366 decem
3116 5311 3194 5366 '0"
3222 5311 3456 5350 “Mue:

2250 5384 2291 5415 ιι
2333 5381 2493 5434 suae-
