3986 5444
190 239 257 297 89
379 334 405 345 -
1266 253 1392 312 LIB.
1432 258 1519 315 DE
1550 261 1992 321 NUMERORUM
2032 265 2394 326 Dl\'lSl0.\'E.
3382 276 3455 333 90

193 350 414 406 terentia
458 352 717 412 divisoris
763 373 793 413 a
826 359 1087 433 singulari
1129 365 1194 419 ad
1223 367 1514 426 deeenum:
1549 382 1599 426 et
1633 374 1775 443 quod
1808 378 1855 434 Δ

190 453 542 513 snperaverit,
580 466 679 519 per
725 453 1221 514 denominationem
1251 466 1507 533 prapositi
1557 469 1764 522 centeni

190 538 566 563 _...h:..l:..-l.2_
588 561 597 563 _
628 553 670 563 ,.
709 546 745 563 κ·
810 549 820 559 -
940 550 951 563 ι
1022 551 1033 561 ι
1380 556 1417 563 --
1499 558 1511 563 -

1879 488 2151 563 Quomodo
2173 506 2415 546 centenus
2453 511 2567 546 cum
2613 496 2868 563 singulari
2904 498 3153 551 metiatur
3181 498 3449 555 milicnum

190 538 674 607 multiplicabistet
703 546 746 598 si
778 549 1067 618 singularis
1095 564 1327 608 centeno
1378 556 1419 588 ⁸⁸
1445 558 1512 611 ad
1553 574 1775 627 compo-
1881 538 1915 554 δ
1945 574 1989 611 e:
2016 560 2307 625 ulterioma,
2332 564 2405 616 re!
2437 565 2677 619 millenus
2698 538 2821 619 ium
2848 567 3051 622 decenis
3079 571 3295 624 decenas
3327 573 3451 623 urit-

188 630 431 685 sitiooem
453 635 676 689 additur
706 657 717 689 :
744 648 839 693 aut
888 642 1122 698 decenns
1153 660 1274 699 eum
1303 648 1587 713 singulari,
1616 651 1772 705 dimi-

187 737 312 775 ttas
332 723 416 777 vel
447 730 769 794 aggregabis
791 730 1261 800 (quemadmodum
1292 741 1540 803 superius
1566 742 1770 795 dictum

186 815 282 880 σει)
332 813 386 867 in
444 816 669 873 decenis
714 831 767 874 et
800 823 1167 893 singularibus
1201 846 1212 879 :
1247 840 1299 881 et
1346 832 1503 897 primi
1550 832 1770 899 quidem

184 907 388 959 articuli
422 923 543 962 sum
597 911 647 963 in
701 930 912 970 summa
954 919 1251 973 dividendis
1281 925 1522 989 proxima
1578 941 1639 978 ac
1672 926 1772 979 mi-

185 1013 307 1051 nore
343 1016 355 1051 ;
395 1006 737 1069 auguieutati
774 1023 901 1062 vero
934 1009 985 1063 in
1019 1013 1280 1068 articulos
1321 1016 1475 1083 alios,
1528 1019 1772 1073 dividen-

184 1089 362 1159 dorum
390 1093 643 1149 obtinent
672 1100 852 1154 sedes.

860 1212 986 1266 CAP.
1035 1214 1123 1268 XI.

182 1289 443 1373 Quomodo
469 1296 659 1349 decepti
685 1300 729 1330 ⁸⁷
752 1302 923 1368 juncti
945 1307 1190 1362 cen'euis.
1218 1308 1291 1361 vel
1320 1312 1521 1362 centeni
1545 1310 1769 1366 millenis

274 1372 563 1417 metiantur
587 1380 836 1425 centenos
862 1385 951 1427 aut
983 1376 1218 1431 millenos
1252 1390 1342 1431 out
1371 1382 1662 1436 ultericres.

237 1471 292 1525 Si
319 1475 566 1531 volneris
588 1492 689 1546 per
712 1486 1069 1550 compositum
1088 1498 1376 1541 cenleuum
1394 1505 1516 1542 cum
1540 1491 1765 1555 deccno,

178 1561 251 1615 vel
294 1569 665 1631 compositum
721 1574 995 1629 millenum
1055 1594 1177 1631 cum
1227 1591 1454 1633 centeno
1502 1581 1766 1648 dividere,

177 1662 260 1705 aut
291 1666 616 1721 Centenium,
675 1672 774 1715 ειη
824 1665 1093 1720 millenum
1142 1686 1157 1721 :
1217 1670 1500 1723 considera
1542 1681 1762 1739 qnolam

176 1757 371 1814 partem
414 1751 681 1807 divisoris
722 1766 898 1812 teneat
923 1761 1178 1820 decernis.
1204 1764 1282 1818 vel
1310 1780 1370 1819 ce
1416 1774 1571 1819 tenus
1600 1764 1763 1822 ".vcl
1798 1738 1835 1793 Β

176 1841 446 1903 millenus.
489 1855 546 1900 et
593 1863 693 1912 per
737 1852 1227 1908 denominationem
1283 1873 1469 1911 earum
1531 1859 1765 1926 partium

175 1935 468 2005 multiplica
503 1939 871 1998 differentiam
925 1948 1200 2012 divisoris,
1251 1951 1394 2006 sicut
1438 1949 1679 2006 faciebas
1709 1952 1766 2014 in

174 2025 545 2096 singularibus
566 2033 779 2103 junctis
805 2053 923 2091 cum
956 2039 1194 2095 deceuis.

829 2148 938 2203 Cve
992 2150 1106 2203 ΧΪΙ.

176 2225 296 2287 Item
323 2229 441 2312 alio
471 2232 666 2287 dirisio
691 2239 888 2312 ren'eni
927 2240 1005 2312 nol
1038 2240 1257 2301 m'lleni.
1301 2252 1348 2295 et
1390 2244 1631 2307 deinceps
1677 2260 1770 2312 per

296 2302 513 2353 eosdem
554 2309 872 2373 compositos
902 2309 1153 2365 divisores
1180 2312 1257 2366 rei
1284 2315 1539 2383 simplices
1574 2302 1639 2369 λ’.

235 2407 287 2463 Si
330 2411 583 2468 volueris
614 2416 857 2471 dividere
908 2432 1194 2475 centenum
1250 2425 1333 2478 vel
1365 2426 1640 2481 millenqu
1672 2445 1769 2497 per

176 2497 453 2566 decertum,
492 2514 589 2557 aut
622 2507 894 2562 Illlllt'lllllll
920 2527 1016 2581 per
1045 2524 1360 2579 centemun,
1406 2535 1589 2575 sumes
1619 2521 1768 2575 dilic-

177 2592 395 2646 rentiam
427 2596 718 2663 divisoris,
750 2604 1043 2657 secundum
1095 2609 1357 2662 rationem
1409 2611 1763 2680 singularium

177 2682 232 2732 ad
260 2684 557 2749 decertum,
612 2700 667 2742 et
707 2692 1101 2763 multiplicabis.
1135 2698 1241 2751 Aul
1282 2716 1377 2768 per
1405 2711 1571 2757 lolatll
1600 2704 1765 2755 deuo-

180 2773 521 2831 minationem
570 2781 865 2849 dividendi,
906 2788 949 2841 si
988 2789 1215 2856 simplex
1250 2791 1508 2853 decenus,
1536 2792 1615 2846 vel
1644 2809 1769 2847 cen-

181 2873 318 2920 tenus
345 2869 570 2925 divisor
601 2884 702 2943 est,
733 2876 817 2928 vel
862 2895 955 2946 per
983 2884 1271 2945 secundas,
1300 2884 1524 2953 vel'per
1555 2887 1762 2953 tertias,

180 2956 247 3009 vel
274 2975 367 3025 per
396 2972 663 3030 quartas,
694 2968 770 3019 vel
802 2985 898 3036 per
934 2987 1002 3040 qu
1033 2981 1171 3035 ntas,
1206 2974 1247 3026 si
1277 2976 1610 3044 compositus
1643 2987 1760 3040 (Μς

182 3047 341 3103 ιιιὺὶιτι
374 3054 640 3108 videlicet
682 3060 909 3122 ratione,
936 3079 1093 3130 quam
1126 3075 1333 3133 partem
1364 3069 1643 3139 compositi
1678 3069 1763 3123 di-

181 3139 357 3195 visoris
385 3153 584 3198 teneat
610 3148 841 3206 decenus
883 3153 961 3207 vel
994 3166 1277 3211 centenus.

815 3267 942 3321 Car.
975 3270 1106 3324 Xlll.

185 3344 469 3416 Quomodo,
523 3369 631 3435 imo
687 3358 856 3409 medio
886 3377 1221 3413 numerorum
1249 3362 1566 3428 intermisso,
1586 3368 1763 3435 juncti

497 3423 606 3474 duo
636 3432 848 3506 extremi
890 3442 1102 3485 cwteros
1139 3434 1445 3487 metiuntur.

241 3530 293 3583 Si
323 3534 575 3591 volueris
618 3540 855 3598 dividere
901 3557 1182 3601 centenum
1225 3550 1308 3603 vel
1363 3551 1637 3605 millenum
1673 3569 1767 3621 per

182 3629 537 3694 eunpo‘itnm
563 3644 849 3689 centenum
872 3644 952 3692 vel
979 3642 1280 3706 millenum,
1300 3660 1408 3697 uno
1427 3645 1762 3711 intermisso,

182 3730 210 3767 u
247 3735 332 3773 um
365 3722 788 3782 divilendorum
817 3747 993 3789 sumes
1023 3734 1089 3786 ad
1130 3737 1335 3789 minuta
1366 3741 1762 3805 componenda,

181 3821 225 3862 et
252 3817 556 3870 mavimum
587 3818 873 3877 divisorem
906 3828 1121 3895 reliqum
1146 3830 1285 3897 parti
1312 3833 1673 3899 comparabis.
1702 3834 1764 3886 Et

184 3903 367 3972 siquid
402 3908 783 3974 abundaverit,
814 3916 1177 3986 relinquendis
1210 3936 1454 3989 repones.
1494 3922 1759 3976 Minutum

182 4003 354 4047 autem
412 4010 510 4063 per
544 3998 1036 4060 denominatioucm
1070 4007 1185 4073 ejus
1231 4026 1326 4076 per
1354 4026 1515 4075 quem
1560 4013 1767 4066 divisor

185 4098 527 4154 enarquatnr,
577 4091 866 4147 dividendo
911 4098 1312 4167 multiplicabis.
1372 4102 1435 4155 Et
1480 4103 1531 4156 in
1583 4104 1764 4173 digitis

186 4180 394 4244 quidem
422 4182 657 4249 perlecta
697 4199 923 4254 ponetur
949 4191 1274 4246 ditl'erentia.
1317 4198 1454 4250 Ante
1502 4198 1763 4253 articulos

187 4282 327 4326 vero.
358 4269 527 4326 altera
562 4274 885 4351 «lilii-rentia,
921 4296 1024 4333 uno
1066 4284 1265 4345 minus,
1310 4287 1463 4353 quasi
1500 4289 1761 4342 rationem

189 4355 389 4411 habens
416 4362 482 4413 ad
520 4363 675 4432 juxta
714 4367 936 4432 positos,
968 4386 1086 4424 cum
1114 4385 1238 4426 sunt
1265 4374 1417 4444 digiti
1448 4386 1503 4429 et
1526 4379 1758 4433 articuli.

1944 630 2087 686 lenos
2116 644 2161 685 et
2186 634 2475 687 ulteriores.

1946 741 2001 795 Si
2036 744 2272 798 volneris
2313 745 2554 799 dividere
2584 745 2862 800 millenum
2910 746 2993 802 vel
3040 748 3327 803 ulteriores
3354 765 3451 819 per

1872 844 2158 889 centenum
2187 851 2307 889 eum
2354 837 2610 906 singulari
2641 840 3018 906 compositum.
3059 856 3221 893 unum
3276 841 3450 894 mille-

1873 948 1997 984 num
2024 932 2074 984 in
2099 942 2358 985 centenos
2397 933 2705 1001 dissipabis.
2751 934 2807 986 Et
2845 952 3030 990 rursus
3075 953 3237 989 unmn
3269 948 3451 993 ccnle-
3517 923 3531 930 θ

1872 1038 1999 1075 num
2042 1022 2107 1073 ad
2142 1024 2344 1075 minuta
2383 1024 2752 1091 componenda
2781 1024 3043 1085 secludes.
3073 1035 3124 1079 et
3156 1028 3449 1080 maximum

1872 1115 2161 1170 divisorem
2193 1116 2410 1185 rcliqnze
2453 1117 2589 1183 parti
2619 1116 2979 1183 comparabis.
3032 1118 3095 1172 Et
3136 1119 3180 1174 si
3209 1120 3336 1189 quid
3367 1136 3453 1175 se-

1870 1207 2142 1264 cludetur.
2172 1208 2543 1275 relinquendis
2574 1226 2822 1278 repones.
2869 1209 3126 1263 Miruttum
3160 1222 3361 1277 autem,
3393 1220 3452 1266 ut

1873 1301 1924 1354 in
1956 1301 2220 1369 superiori
2268 1301 2503 1370 capitulo
2536 1301 2941 1370 multiplicabis.
2977 1303 3290 1371 reliquaque
3334 1319 3452 1357 om-

1871 1392 1959 1445 nia
1999 1392 2079 1444 vel
2134 1408 2252 1457 quae
2284 1392 2655 1453 scclmlunlur,
2706 1393 2787 1445 vel
2839 1409 2958 1460 qua:
3011 1410 3106 1462 pro
3135 1394 3454 1450 dili'erentiis

1871 1503 1900 1537 a
1927 1484 2218 1542 'bibentur.
2255 1484 2549 1535 ordinabis.
2601 1484 2913 1554 Rursusque
2958 1487 3175 1540 easdem
3207 1485 3458 1540 differen-

1872 1574 1995 1633 tias,
2024 1590 2086 1626 at:
2115 1575 2155 1625 si
2189 1576 2277 1641 qui
2299 1574 2433 1626 forte
2455 1575 2645 1628 seclusi
2665 1584 2809 1634 sunt.
2839 1591 2936 1643 per
2962 1577 3452 1631 denouiinationem

1870 1666 2127 1737 propositi
2173 1666 2444 1719 dividendi
2489 1666 2889 1735 multiplicabis.
2938 1668 3012 1721 Ac
3043 1669 3236 1722 iterum
3262 1668 3453 1723 eadem

1871 1756 2048 1826 regda
2079 1756 2311 1811 deduces
2365 1774 2532 1824 usque
2570 1759 2635 1810 ad
2675 1768 2949 1813 extremas
2979 1760 3336 1826 differentias,
3394 1771 3450 1817 et

1871 1847 1923 1901 in
1959 1848 2191 1901 millenis
2243 1850 2569 1906 divisoribns
2618 1868 2740 1905 cum
2794 1852 3050 1918 dei-onis,
3097 1857 3163 1909 ad
3220 1857 3454 1914 deccnos

1870 1941 2113 1994 millenos
2136 1953 2189 1995 et
2213 1942 2516 2007 ulteriores,
2542 1944 2694 2013 quasi
2719 1946 2962 2000 eamdem
2988 1948 3157 2017 ipsam
3189 1950 3451 2005 rationem

1869 2032 2135 2087 servabis.

2532 2126 2660 2181 Car.
2688 2128 2805 2182 XV.

2034 2236 2170 2303 Quot
2201 2239 2450 2293 divisores
2479 2242 2579 2294 sint
2611 2247 2663 2295 in
2701 2244 2925 2313 quolibet
2956 2244 3253 2299 dividendo.

1940 2349 1995 2404 Si
2028 2351 2266 2407 volueris
2308 2368 2465 2408 nosse
2492 2364 2622 2422 quot
2651 2357 2915 2411 divisores
2962 2358 3068 2412 sint
3110 2360 3161 2412 in
3212 2361 3455 2429 quolibet

1870 2444 2180 2507 dividendo.
2214 2447 2474 2502 articulos
2517 2464 2545 2502 a
2580 2451 2774 2517 quibus
2807 2452 3275 2508 denominationes
3323 2456 3455 2511 fiunt

1870 2540 2342 2609 multiplicationis
2358 2544 2680 2596 seemnlabis
2703 2544 2765 2596 ad
2788 2546 3006 2612 digitos,
3022 2548 3134 2601 etsi
3165 2560 3453 2617 augmento

1869 2643 2057 2682 eorum
2090 2630 2299 2682 articuli
2329 2632 2665 2699 provenienl,
2696 2632 2939 2685 reﬂeclcs
2964 2634 3027 2687 ad
3055 2636 3352 2701 articulos;
3400 2646 3455 2692 et

1868 2720 1912 2774 si
1968 2721 2018 2773 in
2082 2722 2447 2790 singularibus
2501 2738 2661 2790 pares
2705 2724 3031 2779 divisordms
3078 2729 3449 2794 proicnerint,

1871 2812 2091 2864 totidem
2121 2814 2358 2865 unitates
2382 2814 2793 2868 collectionibus
2823 2818 3160 2885 aggregabis.
3202 2817 3372 2887 Igitur
3397 2829 3455 2874 et

1870 2905 1920 2958 in
1953 2904 2479 2960 denominationilms
2509 2922 2536 2958 a
2584 2916 2694 2960 toto
2724 2916 2777 2961 et
2824 2924 2853 2961 a
2903 2909 3148 2977 partibus
3176 2926 3296 2977 quae
3327 2920 3455 2965 sunt

1869 3011 1896 3048 a
1926 2997 2175 3049 secundis
2206 3006 2254 3050 et
2291 2998 2464 3049 tertiis
2486 3006 2536 3049 et
2566 2998 2792 3065 quartis,
2810 3000 3132 3068 etdciuceps
3154 3001 3451 3056 secundum

1869 3090 2111 3142 canitiem
2160 3088 2423 3141 rationem
2475 3104 2572 3156 pro
2618 3098 2860 3144 extremo
2907 3091 3143 3144 divisore
3190 3090 3453 3146 unitatem

1867 3182 2182 3235 constitues.
2216 3182 2279 3234 Et
2310 3182 2452 3234 sicut
2482 3183 2531 3234 in
2560 3182 2804 3236 centenis
2826 3194 2874 3237 et
2911 3184 3165 3247 millenis,
3203 3187 3345 3253 quod
3384 3187 3453 3241 ab

1869 3287 1975 3324 uno
2002 3283 2315 3341 exsuperat,
2358 3289 2453 3343 per
2480 3274 2974 3329 denominationem
3026 3276 3189 3328 totius
3229 3292 3455 3331 summm

1870 3364 2287 3433 multiplicatur.
2314 3366 2392 3419 sic
2418 3367 2489 3418 ;²¹
2515 3366 2796 3421 divisores.
2830 3381 2926 3433 per
2955 3365 3453 3422 denominationem

1870 3457 2034 3510 totius
2061 3457 2334 3511 dividendi
2374 3458 2876 3527 nudtiplicalmnlur
2912 3458 3016 3512 Sed
3048 3474 3149 3511 non
3184 3460 3313 3528 ipsis
3337 3469 3454 3513 tan-

1870 3549 2143 3601 tummodo
2166 3552 2408 3602 centenis
2433 3558 2485 3601 et
2504 3550 2994 3619 millenis,simplev
3013 3551 3443 3604 deeenus’3divi.

1868 3654 1958 3692 sor
1988 3641 2201 3692 centeni
2232 3640 2311 3692 vel
2339 3641 2561 3705 milleni,
2609 3652 2663 3695 et
2704 3642 2840 3695 ultra
2891 3644 3312 3711 coruposilorun’r
3362 3644 3450 3697 der

1870 3731 2266 3785 nominationes
2296 3734 2461 3786 mittit
2499 3734 2565 3787 ad
2600 3735 2822 3791 tertias.
2857 3735 2904 3786 id
2936 3746 3017 3788 est
3046 3734 3093 3765 “
3124 3735 3189 3787 ad
3239 3734 3453 3788 tertium

1871 3820 2046 3874 locmn
2079 3821 2146 3875 ab
2189 3838 2255 3875 eo
2286 3836 2445 3889 quem
2503 3822 2729 3881 dividit,
2784 3823 2988 3876 scilicet
3032 3823 3082 3875 in
3134 3822 3454 3890 colligendis

1872 3915 2508 3971 divisoribus.Centenus
2543 3918 2588 3948 ’⁵
2642 3917 2838 3971 iuilleni
2872 3918 3076 3970 divisor
3103 3918 3169 3970 ad
3204 3926 3448 3984 quartas,

1869 4008 2121 4061 millenus
2157 4010 2223 4061 ad
2278 4011 2519 4077 quintus,
2577 4020 2837 4062 centenus
2890 4009 2970 4059 vrl
3031 4008 3283 4061 millenus
3317 4009 3456 4061 divi-

1871 4115 2023 4153 sores
2068 4100 2173 4163 sui,
2228 4110 2282 4153 et
2323 4101 2628 4167 compositi,
2684 4115 2789 4152 uno
2859 4099 3073 4160 relicto,
3132 4098 3453 4153 denomina-

1873 4194 2047 4248 lioncs
2075 4209 2202 4248 suas
2242 4194 2465 4248 mittunt
2491 4212 2517 4246 a
2543 4199 2553 4245 ί
2581 4203 2857 4247 extremos
2884 4194 3101 4264 digitos.

2511 4328 2639 4383 CAP.
2679 4327 2817 4383 XVI.

187 4444 312 4501 Nam
344 4450 491 4504 solus
521 4457 783 4511 τηειίοηιηε
808 4457 881 4529 [id
907 4471 989 4515 est
1021 4464 1137 4517 sine
1186 4439 1370 4534 digiti;
1396 4467 1464 4538 ιο]
1499 4468 1766 4537 integram
1795 4464 1846 4523 Ι)
1968 4439 2045 4493 De
2071 4440 2396 4509 protensione
2415 4442 2764 4508 quorumdam
2787 4458 3149 4495 mensurarum
3166 4450 3344 4494 terrm.

187 4545 433 4610 proponit
462 4546 562 4599 sibi
611 4548 969 4608 ditiorentiam
1007 4556 1158 4627 digiti
1183 4560 1295 4612 sive
1322 4560 1470 4614 solus
1506 4564 1578 4617 sit
1613 4564 1763 4618 inte-

190 4647 332 4699 gram
380 4640 635 4708 supponit
671 4644 714 4673 “
766 4663 778 4697 :
830 4656 883 4699 et
940 4658 1050 4702 tum
1093 4668 1214 4705 cum
1257 4655 1404 4708 solus
1432 4666 1514 4709 cst
1539 4657 1762 4726 digitus,

193 4723 266 4775 vel
306 4741 428 4780 cum
468 4731 702 4785 articulo
741 4749 955 4804 semper
999 4740 1044 4794 ei
1076 4742 1165 4810 qui
1199 4742 1264 4795 ad
1303 4746 1505 4799 minuta
1539 4763 1765 4816 compo-

189 4817 353 4903 nenda
382 4820 631 4879 seclusus
659 4836 763 4888 est,
792 4828 1087 4885 dilierentia
1119 4835 1325 4903 integra
1352 4840 1759 4895 secundabitur.

190 4902 249 4996 iit
284 4909 363 4964 lue
387 4914 607 4981 quidem
632 4916 968 4982 differentim.
1001 4927 1114 4979 etsi
1145 4929 1269 4996 quis
1297 4928 1436 4986 forte
1463 4949 1491 4986 a
1524 4935 1761 4988 maximo

193 4994 413 5058 divisere
440 5007 693 5063 seclusus
721 5019 824 5077 est,
869 4994 1248 5085 signiﬁcabant
1272 5026 1412 5093 quod
1439 5026 1764 5097 relinquitur

194 5100 257 5141 ex
279 5091 594 5156 dividendis.

333 5246 494 5310 E'lil.,
529 5250 875 5315 singulariter
907 5263 1157 5316 centeno.’

264 5314 300 5344 ’⁷
335 5317 371 5369 Ε
393 5321 495 5381 lil.,
522 5325 728 5374 decem.

266 5384 301 5418 η
335 5389 496 5444 ﬁdit"
523 5394 821 5444 auinamm
854 5398 928 5444 uel
950 5413 1192 5444 rpn'pnuc

1939 4554 2149 4623 Digitus
2171 4564 2255 4609 est
2285 4555 2503 4608 minima
2538 4572 2661 4626 pars
2690 4556 2987 4624 agrestium
3012 4568 3419 4611 mensurarum.

1938 4647 2107 4702 chia
2142 4648 2304 4700 lialvet
2324 4647 2521 4714 digitos
2553 4660 2681 4719 tres,
2929 4713 2933 4718 .

1937 4743 2159 4797 Palmus
2187 4743 2237 4796 in
2268 4751 2501 4810 quatuor
2532 4741 2875 4811 protenditur
2914 4742 3132 4812 digitos.

1937 4836 2137 4891 Pedem
2167 4836 2399 4887 sedecim
2434 4836 2733 4889 metiuntur
2761 4833 2939 4903 digiti.

1944 4929 2144 4985 Passus
2176 4926 2413 4993 quinque
2442 4928 2634 4994 pedum
2664 4940 2979 4979 mensuram
3016 4922 3272 4978 sortitur.

1949 5019 2161 5080 Pertica
2206 5018 2339 5071 duos
2379 5033 2607 5086 passus,
2644 5015 2907 5073 videlicet
2956 5017 3140 5072 decem
3184 5006 3357 5077 pedes
3387 5024 3483 5063 ex-

1860 5116 2050 5183 plicat
2073 5112 2140 5163 "-

1962 5280 2009 5311 ²²
2051 5267 2209 5329 Edit.,
2239 5261 2616 5329 multiplicatur
2647 5274 2665 5311 :
2697 5260 2792 5311 sic.
3228 5320 3238 5331 .

1965 5348 2016 5383 sa
2052 5338 2180 5394 Edit.
2200 5327 2204 5329 ’
2226 5333 2323 5388 Sed
2354 5327 2456 5388 non
2488 5335 2611 5403 ipsis
2638 5332 3005 5385 tantummodo
3036 5327 3266 5383 centenis
3290 5331 3339 5375 el
3370 5327 3513 5393 mila

1862 5415 1884 5444 Ι
1906 5439 1925 5444 _
1989 5421 2029 5444 ε.
2064 5408 2269 5444 οὸηηιέινν
2300 5403 2521 5444 Hermum
