3986 5444
183 292 248 353 95
1487 310 1574 366 DE
1625 311 2069 369 GEOMETRIAJ
3377 320 3445 375 94

186 414 541 487 quantitatem
567 415 725 487 agelli
750 416 969 476 facilius
995 434 1023 474 a
1051 421 1351 477 continenti
1382 435 1563 493 posset
1589 441 1768 481 secer-
1794 437 1843 491 Α
1872 428 2207 482 amatoribus
2241 443 2402 497 quam
2454 427 2688 483 maxima
2732 436 2837 483 est.
2889 427 3022 484 Nam
3069 436 3125 483 et
3172 428 3237 483 ad
3278 430 3444 485 animi

184 520 324 561 nere.
354 502 462 559 Sed
505 508 764 574 quamvis
796 510 863 563 ad
894 510 1243 566 dimensionis
1274 522 1429 567 terra:
1478 515 1766 570 utilitatem

183 597 423 668 primitus
483 598 714 653 inventa
770 602 1195 673 vocabulumque
1228 604 1350 658 inde
1379 606 1568 659 sortita
1616 607 1705 671 sit,
1736 621 1768 660 a

184 689 572 758 posterioribus
602 700 810 758 tamen,
860 696 1125 749 rationem
1161 697 1277 765 ejus
1324 697 1633 766 diligentius
1688 698 1771 751 in-

185 781 603 850 vestigantibus,
641 786 709 839 ad
727 786 831 839 alia
872 803 1085 857 quoque
1116 790 1393 851 nonnulla,
1426 807 1544 860 qua:
1569 792 1649 845 \‘el
1679 808 1773 846 co-

188 872 322 941 gnitu
356 872 536 934 utilia,
574 874 663 928 vel
706 879 969 933 exercitio
1004 878 1239 945 jocnnda
1274 882 1610 943 Videbantur,
1642 899 1767 951 spe-

182 961 365 1017 etdatio
393 962 516 1029 ejus
546 970 967 1023 accommodata
994 981 1095 1024 est.
1132 972 1227 1025 Cui
1261 974 1423 1025 etiam
1455 974 1614 1027 talem
1651 976 1769 1043 qui-

178 1054 292 1106 dam
346 1054 701 1111 diﬂinitionis
756 1062 1045 1116 terminum
1100 1074 1353 1133 aptavere
1397 1082 1411 1118 :
1459 1064 1766 1123 Geometria

180 1154 255 1196 est
282 1144 574 1213 disciplina
636 1152 1024 1217 magnitudinis
1074 1166 1129 1207 et
1170 1155 1491 1219 fortunarum,
1530 1172 1646 1224 qua:
1680 1172 1768 1211 se-

184 1235 404 1285 cundum
461 1240 904 1315 magnitudinem
934 1245 1390 1313 contemplanlur.
1424 1244 1606 1299 Potest
1634 1260 1768 1315 quo-

178 1336 272 1395 que
297 1332 350 1376 et
376 1324 479 1388 ita,
520 1328 576 1380 ni
634 1328 819 1394 fallor,
852 1332 1033 1400 aliquo
1062 1336 1219 1388 modo
1246 1334 1463 1388 dilliuiri
1500 1352 1514 1389 ε
1542 1335 1769 1390 Gemue-

182 1413 272 1464 tria
302 1426 385 1468 est
432 1420 887 1488 magnitudinum
927 1426 1327 1479 rationabilium
1370 1429 1768 1497 propositarum

180 1506 375 1561 ratione
404 1513 689 1583 restigata
716 1517 1008 1584 probabilis
1038 1520 1393 1574 dimensiunis
1423 1521 1671 1578 scientia.

242 1597 457 1663 utilitas
510 1619 651 1661 vero
680 1607 979 1680 disciplina:
1020 1610 1179 1685 hujus
1206 1612 1455 1673 omnibus
1490 1611 1770 1682 Sapientia:

1872 520 2183 590 ingeniique
2214 520 2356 573 vires
2384 520 2765 575 cxercitandas
2795 520 3156 589 intuitumque
3179 535 3448 574 exacuen-

1873 610 1998 663 dum
2030 610 2405 673 subtilissima,
2446 621 2499 664 et
2544 611 2609 666 ad
2657 610 2885 679 plurima
2918 620 3064 664 certa
3094 625 3328 679 veraque
3358 625 3444 663 ra-

1873 701 2019 757 tione
2070 700 2408 769 vestiganda,
2447 716 2567 769 quso
2621 700 2803 754 multis
2835 700 3084 753 miranda
3112 708 3164 753 et
3199 700 3449 768 inopina-

1872 791 1999 845 bilia
2034 790 2304 851 videntur,
2330 789 2744 858 iocundissima,
2784 798 2945 859 atque
2972 790 3037 843 ad
3063 789 3253 843 miram
3292 800 3451 842 natu-

1873 897 1947 934 ra:
1982 881 2117 945 \‘im,
2158 880 2434 934 Creatoris
2462 882 2641 933 omnia
2676 881 2726 934 in
2762 896 2987 935 numero
3032 890 3084 934 et
3110 894 3358 933 mensura
3399 886 3453 932 et

1871 972 2108 1040 pondere
2132 972 2466 1040 disponentis
2495 972 2649 1041 (ειη).
2689 988 2767 1034 xr,
2794 972 2882 1041 2|)
2918 972 3209 1041 potentiam
3239 979 3293 1025 et
3313 970 3449 1024 inef-

1872 1061 2086 1115 fabilem
2137 1063 2457 1131 sapientiam
2501 1061 2991 1129 contemplandum,
3050 1060 3446 1125 admirandam,

1870 1162 1923 1207 et
1970 1152 2315 1214 laudandam,
2359 1151 2634 1207 subtilium
2684 1151 3108 1220 speeulationum
3141 1150 3450 1220 plenissima

1872 1254 1973 1299 est.
2009 1245 2083 1298 De
2117 1245 2269 1313 cujus
2302 1246 2509 1298 ratione
2540 1255 2597 1298 et
2629 1244 2827 1314 regulis
2853 1243 3033 1312 aliqua
3048 1252 3168 1312 ‘pru
3196 1242 3451 1312 iugenioli

1875 1336 2046 1391 nostri
2081 1334 2387 1391 facultatula
2422 1336 2779 1402 undecunque
2807 1333 3086 1387 collecturi
3108 1373 3122 1396 ,
3152 1341 3209 1384 ut
3238 1333 3449 1385 ordina-

1875 1426 1982 1481 tius
2032 1426 2384 1495 ingredientis
2415 1428 2653 1483 animum
2687 1426 2754 1478 ad
2782 1425 3067 1478 subtiliora
3098 1424 3450 1488 deducamus,

1877 1519 1943 1572 ab
1990 1518 2160 1587 ipsius
2207 1518 2343 1573 artis
2374 1518 2680 1585 elementis,
2730 1534 2889 1588 quem
2930 1518 3217 1572 terminum
3246 1516 3449 1579 dicunt,

1876 1610 2163 1665 exordium
2189 1625 2486 1673 sumamus.

1467 1747 1760 1827 Explicit
1811 1744 2130 1825 Prologus

1625 2083 2032 2163 INCIPIT

684 2273 1806 2436 GEOMETRIA
1919 2284 2934 2444 GERBERTI.
2989 2309 2996 2320 ’

711 2668 939 2729 CAPUT
976 2670 1266 2726 PRIMUM.

184 2782 309 2848 Quid
357 2783 426 2836 sit
483 2798 679 2853 corpus
709 2781 977 2834 solidum?
1011 2782 1150 2845 Quid
1176 2783 1338 2846 linea,
1370 2794 1643 2853 punctum,
1676 2804 1765 2839 su-

275 2853 572 2920 perﬁcies?
602 2850 738 2916 Quid
781 2868 869 2919 pes
906 2852 1127 2916 solidus,
1170 2850 1492 2919 constratas,
1526 2857 1661 2909 etc.?

244 2963 387 3016 Artis
456 2961 629 3028 huius
695 2961 848 3015 initia
887 2970 945 3015 .et
990 2963 1143 3031 quasi
1193 2963 1459 3018 elementa
1517 2966 1765 3020 videntur

184 3065 479 3121 punctum,
541 3054 717 3117 linea,
770 3056 1115 3122 superﬁcies,
1173 3066 1335 3124 atque
1382 3057 1646 3111 soliditas.
1691 3057 1766 3110 De

186 3147 364 3214 quibus
418 3161 559 3199 cum
615 3160 758 3213 saepe
811 3145 1030 3199 Boetius
1083 3146 1284 3216 aliique
1336 3156 1444 3201 tam
1487 3148 1767 3202 smcnlaris

187 3255 332 3307 quam
387 3239 600 3293 divina:
653 3248 978 3294 tractatores
1032 3240 1351 3295 litteratum
1401 3243 1452 3295 in
1511 3242 1759 3311 plurimis

189 3332 510 3399 scriptorum
552 3345 772 3384 suorum
808 3330 939 3386 locis
977 3332 1107 3386 satis
1154 3348 1421 3402 superque
1452 3334 1754 3402 disputent,

188 3429 288 3472 tum
313 3424 514 3475 beatus
539 3431 593 3474 et
624 3420 1100 3488 eloquentissimus
1130 3423 1385 3478 Ecclesiae
1412 3424 1621 3489 doctor,
1648 3424 1764 3478 Au-

188 3511 451 3578 gustinus,
483 3510 537 3563 in
571 3510 847 3565 nonnullis
886 3510 1037 3565 libris
1067 3514 1202 3577 suis,
1235 3522 1290 3567 et
1320 3515 1590 3583 praecipue
1617 3514 1670 3568 in
1699 3530 1763 3569 eo

188 3602 271 3668 qui
308 3603 382 3655 De
415 3602 729 3671 quantitate
762 3604 951 3657 anima:
980 3604 1311 3669 inscribitur,
1336 3606 1556 3675 copiose
1586 3606 1755 3661 disse-

191 3693 293 3745 rit:
326 3692 430 3747 Ubi
470 3694 635 3747 etiam
676 3694 849 3748 tantis
877 3695 1090 3749 oculum
1138 3712 1527 3765 corporearqu
1580 3714 1762 3752 rerum

189 3782 666 3854 imaginationibus
691 3785 941 3839 obtusum
989 3802 1084 3856 per
1116 3788 1300 3840 talium
1332 3788 1532 3841 artium
1556 3788 1765 3842 exerci-

189 3873 259 3925 tia
283 3874 348 3927 ad
374 3873 645 3944 spiritalia
670 3889 904 3945 veraque
932 3886 1203 3946 utcunque
1217 3876 1631 3946 contemplanda
1654 3894 1762 3932 non

188 3965 457 4018 modicum
496 3966 712 4035 purgari
743 3973 797 4019 et
826 3967 1012 4019 exacui
1042 3967 1300 4021 ostendit.
1329 3967 1437 4021 Sed
1481 3969 1759 4037 prudenti-

1799 2685 1841 2743 Β
1871 2698 1962 2734 seu
2010 2682 2197 2737 Gt'mee
2243 2702 2478 2753 gmmma
2521 2696 2624 2741 est.
2661 2688 2830 2754 Quam
2873 2688 2943 2742 ita
2975 2698 3153 2744 mente
3184 2693 3452 2762 perciyias

1871 2784 2106 2840 oportet,
2142 2785 2200 2827 ut
2245 2776 2546 2832 latitudinis
2592 2795 2787 2847 expers
2815 2782 2979 2834 solius
3008 2781 3361 2852 longitudinis
3387 2803 3446 2842 se

1879 2866 2059 2934 rigore
2090 2866 2370 2933 producat,
2400 2885 2468 2921 ne
2502 2869 2785 2925 latitudine
2809 2871 3115 2939 addilajam
3148 2890 3253 2927 non
3284 2876 3449 2946 linea,

1840 3030 1841 3033 η
1867 2956 1956 3009 sed
1983 2958 2298 3025 superficies
2315 2960 2402 3011 sit.
2436 2958 2613 3013 Linea:
2640 2972 2817 3015 autem
2850 2964 3170 3034 principium
3200 2977 3450 3023 etextre-

1870 3058 2114 3102 nntatem
2146 3064 2396 3118 punctum
2436 3053 2780 3115 determinat,
2816 3057 2959 3125 quod
2998 3058 3070 3109 ita
3102 3072 3159 3110 se
3191 3058 3448 3130 intelligi-

1867 3140 1960 3193 bili
1995 3142 2203 3194 ratione
2228 3152 2491 3208 coarctat,
2533 3154 2590 3198 ut
2614 3146 2763 3199 linere
2790 3150 3159 3203 tantummodo
3184 3150 3306 3205 linis
3327 3153 3445 3206 exi-

1868 3230 2231 3284 stenanullam
2267 3232 2318 3284 in
2348 3247 2411 3286 eo
2438 3235 2605 3303 partis
2633 3245 2724 3288 aut
2753 3236 2977 3307 alicujus
2997 3240 3218 3293 omnino
3243 3241 3451 3311 magni-

1868 3322 2071 3376 tudinis
2098 3325 2459 3391 quantilatem
2492 3327 2755 3382 obtineat.
2790 3329 3051 3399 ltaquent
3075 3332 3447 3401 singulajuxta

1864 3410 2178 3480 prtedictam
2206 3415 2467 3468 rationem
2494 3415 2748 3470 dilliniam
2782 3435 2794 3469 :
2833 3416 3094 3472 Punctum
3122 3430 3203 3474 est
3236 3423 3449 3491 parvis-

1866 3503 2062 3556 simum
2114 3512 2168 3557 et
2215 3504 2542 3561 indivisibile
2585 3508 2821 3577 signum.
2856 3509 3007 3575 Quod
3046 3509 3232 3565 Graece
3258 3512 3449 3565 simion

1864 3591 2079 3647 dicitur.
2134 3597 2241 3649 lloc
2293 3597 2410 3650 vice
2472 3597 2727 3661 unitatis,
2768 3614 2886 3667 qua-
2954 3608 3039 3653 est
3098 3616 3447 3656 mnnerorum

1865 3686 2105 3738 omnium
2171 3687 2534 3757 principium,
2595 3704 2694 3743 nec
2746 3700 2923 3743 tamen
2989 3691 3100 3759 ipsa
3170 3706 3448 3757 numerus,

1864 3778 2107 3827 omnium
2176 3777 2328 3846 origo
2400 3786 2484 3831 est
2548 3793 2954 3841 mensurarum;
3024 3780 3199 3848 ipsum
3273 3792 3451 3835 tamen

1864 3865 2063 3919 nullius
2119 3882 2385 3920 mensura:
2447 3878 2541 3921 aut
2604 3868 2989 3938 magnitudinis
3051 3885 3241 3938 capax.
3288 3868 3452 3924 Linea

1865 3965 1947 4009 est
1991 3955 2267 4025 longitudo
2297 3958 2413 4011 sine
2442 3956 2745 4021 latitudine,
2778 3959 2999 4028 htecque
3026 3960 3199 4013 solum
3252 3960 3305 4013 in
3337 3960 3453 4014 lou-

188 4050 300 4111 bus,
333 4053 380 4106 si
408 4052 505 4121 qui
541 4052 643 4107 hoc
683 4052 825 4107 [οηθ
873 4054 955 4107 νει
995 4055 1240 4123 aspicere
1280 4056 1484 4126 dignati
1536 4055 1759 4123 fuerim,
1791 4046 1835 4108 C
1868 4048 2109 4117 gitudine
2146 4049 2228 4101 sui
2277 4049 2572 4103 scelionem
2616 4051 2871 4103 admittit.
2924 4049 3236 4119 Superﬁcies
3263 4061 3345 4105 est
3375 4052 3452 4105 la-

191 4141 467 4196 tazdiosum
503 4158 608 4196 non
636 4143 727 4207 sit,
759 4144 802 4197 si
834 4159 864 4196 a
911 4144 1084 4199 solido
1130 4160 1391 4215 corpore,
1442 4147 1586 4215 quod
1619 4163 1766 4202 com-

192 4234 334 4287 muni
382 4234 664 4289 hominum
695 4236 878 4291 sensui
910 4237 1090 4292 notius
1124 4247 1229 4300 est,
1263 4248 1594 4309 praepostero
1624 4240 1764 4295 inci-

196 4323 345 4390 piens
378 4324 572 4379 ordine
619 4326 1055 4397 simplidoribus,
1104 4329 1236 4399 quid
1275 4329 1393 4384 lucc
1418 4329 1627 4401 singula
1657 4331 1768 4386 sint

193 4416 372 4483 paucis
395 4418 615 4473 tentabo
646 4410 965 4476 monstrare.

263 4506 507 4561 Solidum
537 4525 717 4578 corpus
747 4520 832 4565 est
861 4512 1121 4581 quidquid
1145 4512 1317 4567 tribus
1344 4513 1648 4570 intervallis
1671 4528 1766 4569 seu

200 4599 620 4659 dimensionibus
654 4606 972 4676 porrigitur,
1011 4606 1063 4660 id
1100 4615 1205 4671 est,
1238 4607 1495 4676 quidquid
1532 4608 1769 4678 longitu-

198 4688 335 4755 dine,
366 4691 649 4749 latitudine
682 4694 1076 4764 altitudineque
1106 4697 1455 4761 distenditur,
1489 4697 1648 4751 sicuti
1683 4706 1769 4751 est

200 4781 455 4851 quidquid
503 4784 616 4838 visu
662 4794 884 4841 tactuve
920 4788 1304 4857 comprehendi
1336 4797 1535 4858 potest,
1564 4798 1623 4842 ut
1656 4788 1770 4843 haac

199 4884 455 4938 pratsens,
483 4874 534 4929 in
564 4891 665 4945 qua
718 4876 924 4941 scribo,
951 4879 1170 4935 tabella.
1222 4877 1336 4935 Hoc
1364 4889 1549 4935 autem
1580 4880 1770 4935 Graece

206 4971 401 5015 ιιεηοη
449 4963 660 5020 dicitur.
710 4965 886 5035 llujus
928 4981 1105 5023 autem
1162 4970 1377 5025 termini
1434 4985 1530 5025 seu
1609 4986 1772 5040 super

202 5048 423 5105 obducta
447 5053 694 5122 planities
706 5056 1002 5124 superﬁciei
1024 5059 1165 5129 apud
1192 5074 1290 5114 nos
1319 5076 1515 5116 nomen
1538 5061 1767 5129 accepit,

206 5135 561 5174 αωοβ-...εφη
587 5145 892 5174 ηηξηιια-ιῖηη
938 5147 1061 5174 ηιμ-η
1094 5149 1168 5174 ε...
1204 5148 1474 5174 2ns-ll--n--
1513 5152 1763 5174 -....!-..J..

1872 4136 2045 4190 titudo
2092 4136 2209 4190 sine
2254 4136 2560 4192 altitudine.
2594 4138 2718 4193 lla'c
2744 4150 2799 4193 et
2828 4142 3141 4208 superlicies
3182 4142 3234 4195 in
3268 4157 3450 4195 rermn

1868 4237 2063 4284 natura
2114 4228 2411 4285 subsistere
2464 4240 2736 4300 nequeunt
2767 4242 2966 4301 prteter
2991 4248 3241 4302 corpora,
3271 4242 3454 4289 mente

1867 4332 2047 4377 tamen
2086 4322 2463 4393 intelliguntur
2510 4323 2892 4394 incorporalia,
2946 4334 3002 4381 et
3051 4327 3204 4395 quasi
3253 4336 3450 4398 prteter

1867 4430 2095 4484 corpora
2140 4430 2262 4470 esse
2304 4431 2460 4471 suum
2500 4417 2775 4472 habentia.
2832 4418 3088 4474 Solidilas
3131 4436 3259 4475 vero
3287 4437 3449 4490 supra

1869 4506 2101 4561 diftinita
2120 4507 2173 4561 in
2194 4507 2378 4563 solidis
2405 4525 2630 4564 manens
2655 4511 2993 4580 corporibus,
3011 4511 3255 4566 sensibus
3282 4514 3447 4566 etiam

1869 4597 2253 4665 comprehendi
2280 4598 2442 4664 valet,
2476 4614 2651 4668 eaque
2682 4600 2984 4676 omnifariis
3023 4610 3077 4656 et
3120 4601 3172 4654 in
3214 4601 3451 4669 longitu-

1870 4686 1994 4741 dine
2016 4703 2079 4741 ac
2105 4686 2409 4752 latitudine,
2433 4705 2531 4744 nec
2558 4703 2662 4743 non
2678 4690 2839 4744 etiam
2866 4701 2919 4746 et
2942 4690 3226 4745 altitudine
3254 4691 3451 4743 sectio-

1870 4777 2031 4831 nibus
2076 4779 2341 4848 subjacet.
2389 4780 2565 4849 Atque
2608 4779 2724 4835 haec
2766 4781 2981 4835 interim
3028 4780 3452 4849 simplicioribus

1870 4869 1936 4923 de
1962 4868 2202 4939 praefatis
2226 4870 2389 4924 rebus
2420 4871 2720 4925 ratiuncula
2745 4871 2871 4925 data
2901 4870 3146 4926 sulﬁciet.
3175 4871 3453 4923 Doctiores

1869 4962 2132 5031 siquidem
2156 4964 2220 5017 de
2250 4962 2447 5019 talibus
2477 4965 2830 5021 sullicientius
2857 4967 2994 5022 alias
3023 4965 3313 5020 instructos
3333 4960 3447 5015 ditt-

1871 5052 1977 5105 tius
2009 5053 2062 5107 in
2088 5053 2171 5108 his
2195 5054 2425 5108 detineri
2459 5073 2564 5110 non
2596 5066 2834 5123 oportet.

1938 5145 2125 5174 ιίηηιιΑ
2171 5162 2268 5172 ,κλει
2298 5148 2590 5172 ησιΜᾹξΑΙαα
2637 5156 2744 5172 ...Αι-
2780 5152 2881 5172 ..-1⁸
2908 5155 2939 5170 1⁸
2982 5143 3213 5170 ---οιΑ-ειη
3250 5142 3429 5170 ,ὶῖωηη
