3986 5444
475 324 546 385 95
1038 324 1465 381 SlLVESTRl-ll
1503 322 1703 379 ΡΑΡᾸΞ
1738 322 1893 379 OPP.
1928 321 2090 377 PARS

2210 351 2279 359 —
2303 318 2390 374 DE
2422 315 2710 374 DISCIPL.
2752 313 3061 374 ΜΑἸῊΕΜ.
3666 302 3738 360 96

480 419 629 473 libus
653 458 669 483 ,
696 415 840 472 utin
883 414 1141 470 itinerum
1172 415 1385 485 spatiis,
1425 422 1485 467 ut
1513 417 1567 467 in
1598 412 1855 467 arborum
1890 410 2063 465 aeditl-
2095 413 2144 473 Α

477 510 798 577 οἷοι-υιηίιυθ
829 504 1272 569 sublimitatibus,
1303 511 1364 558 ut
1392 504 1446 558 in
1476 501 1781 565 ﬂuminum,
1811 507 2052 555 curttum

478 602 775 655 aliarumve
798 612 979 653 rerum
1003 596 1191 651 lineari
1220 596 1274 650 in
1296 596 1562 650 directum
1586 593 1860 665 proposita
1883 603 2062 660 usque

479 691 547 745 ad
572 699 782 745 certum
837 688 1128 743 terminum
1184 667 1620 749 mensuratione,
1654 698 1775 754 quae
1801 682 2075 737 videlicet

480 780 700 835 linearis
734 793 979 832 mensura
1002 769 1248 830 vdeatur.
1297 775 1549 830 Latitudo
1574 790 1723 837 vero.
1754 783 1812 828 ut
1839 774 1892 827 in
1919 764 2073 827 areas

481 872 655 943 ipsius
681 870 765 925 vel
797 867 1060 938 planitiei,
1088 882 1212 937 qum
1249 866 1516 921 linearum
1567 865 1734 922 certis
1769 863 2066 920 includitur

482 962 754 1025 terminis,
777 960 1081 1030 quantitate
1104 945 1371 1012 constrata
1396 956 1478 1011 vel
1504 957 1666 1029 plana
1693 956 1892 1010 dicitur
1922 970 2068 1009 men-

482 1067 645 1117 sura,
672 1061 727 1106 et
764 1051 951 1106 Grtece
983 1049 1199 1118 epipeda
1245 1048 1465 1102 dicitur.
1514 1046 1751 1101 Altitudo
1789 1056 1969 1100 autem
2007 1050 2070 1099 ut

486 1145 850 1201 crassitudine
870 1143 953 1196 vel
980 1140 1329 1211 spissitudiae
1347 1139 1703 1207 quarumdam
1727 1146 1892 1192 certae
1916 1150 2072 1189 men-

489 1253 632 1293 sura:
655 1242 1084 1298 structurarum;
1121 1248 1215 1287 seu
1251 1231 1550 1301 capacitate
1577 1229 1823 1285 diliiuitaz
1855 1227 2087 1299 quanti-'

491 1330 618 1384 tatis
654 1340 909 1382 vasorum
943 1343 956 1378 :
986 1339 1107 1394 quae
1135 1339 1381 1377 mensura
1410 1321 1582 1376 solida
1613 1328 1858 1375 vocatur.
1894 1318 2073 1388 Atque

493 1422 623 1477 hinc
669 1424 772 1482 est,
821 1417 963 1487 quod
1017 1430 1303 1469 mensuras
1350 1414 1613 1483 quasdam
1664 1420 1854 1480 utpote
1916 1409 2073 1480 pedes

489 1529 635 1568 nunc
673 1511 929 1573 lineares,
978 1522 1124 1563 nunc
1170 1516 1483 1572 constratas,
1530 1518 1678 1560 nunc
1714 1517 1845 1559 vero
1870 1502 2074 1557 solidos

489 1625 578 1663 vo.
595 1607 735 1663 itare
772 1605 1029 1661 solemus.

591 1718 832 1774 Liuearis
883 1733 993 1787 pes,
1029 1730 1127 1786 per
1154 1728 1314 1785 quem
1343 1712 1516 1768 lineas
1542 1709 1624 1767 vel
1668 1705 2071 1779 longitudinem

496 1813 736 1882 aliquam
772 1809 1027 1863 metimur
1057 1805 1191 1859 nihil
1224 1803 1443 1858 interim
1475 1803 1541 1857 de
1565 1798 1851 1855 altitudine
1878 1805 1935 1851 et
1964 1794 2083 1849 lati-

500 1903 688 1958 tudine
724 1908 1003 1961 curantes,
1028 1905 1084 1951 ct
1113 1906 1196 1951 est
1225 1895 1366 1949 talis.
1395 1891 1813 1946 —'Conslratus
1840 1904 1935 1959 pes
1971 1888 2084 1942 sive

498 1999 715 2066 planus,
745 2008 843 2063 per
865 2007 1024 2061 quem
1054 1987 1369 2058 superﬁcies
1394 1987 1507 2040 sive
1533 1982 1809 2054 planities.
1835 1995 1930 2035 seu
1957 1993 2083 2033 '«rea

497 2088 657 2144 lineis
688 2086 1044 2152 circumst»pta
1092 2087 1424 2136 mensurata.
1454 2084 1511 2129 et
1538 2084 1619 2129 est
1655 2074 1707 2126 in
1738 2068 2079 2138 longitudine

498 2191 547 2236 et
586 2178 868 2234 latitudine
897 2172 1122 2244 aequalis
1143 2181 1195 2227 et
1215 2171 1536 2241 quadratus,
1560 2167 1654 2223 sed
1681 2164 1971 2219 altitudine
1997 2176 2088 2216 ca-

501 2286 627 2325 rens
658 2269 728 2322 ita
751 2266 839 2338 C.
872 2263 1086 2320 Sotidus
1112 2272 1288 2316 autem
1313 2271 1394 2315 est
1417 2254 2067 2328 longitudine.latitudine

503 2361 788 2416 altitudine
828 2355 1112 2426 :equaliter
1139 2353 1346 2407 distans
1369 2360 1424 2406 et
1446 2348 1763 2421 quadratus,
1790 2361 1888 2416 per
1924 2357 2087 2414 quem

505 2451 679 2507 solida
708 2449 1006 2503 metiuntur
1028 2460 1280 2513 corpora,
1307 2442 1536 2496 formam
1563 2438 1815 2494 videlicet
1838 2436 1961 2493 cubi
1990 2451 2087 2490 seu

508 2555 733 2601 tessera:
760 2542 1025 2603 retinens,
1056 2538 1147 2608 qui
1181 2538 1232 2591 in
1270 2535 1320 2606 pl
1342 2535 1508 2589 initiei
1531 2533 1748 2601 quidem
1782 2527 2093 2601 :equalitate

511 2653 618 2693 non
649 2642 832 2706 potest
861 2642 1050 2701 aperte
1087 2629 1328 2699 ﬁgurari,
1360 2626 1452 2682 sed
1485 2625 1568 2680 vel
1616 2632 1798 2679 mente
1843 2620 2090 2689 intelligi,

508 2731 595 2786 vel
637 2725 891 2793 cera,vel
944 2724 1111 2792 ligno,
1141 2721 1313 2775 aliave
1353 2716 1617 2787 ejusmodi
1662 2714 1888 2769 materia
1934 2710 2094 2765 facile

508 2823 655 2879 Valet
684 2819 935 2880 formari,
958 2814 1211 2887 quamvis
1247 2812 1527 2869 Calcidius
1553 2808 1801 2863 Timcum
1846 2802 2089 2859 Platonis

506 2927 789 2984 exponens
816 2907 1051 2965 solidum
1081 2906 1134 2959 in
1159 2904 1319 2975 plano
1342 2916 1540 2972 corpus
1562 2899 1853 2971 ﬁguratum
1881 2904 2095 2949 utrum-

511 3023 619 3078 que
657 3000 1033 3072 descripserit.

588 3117 720 3172 Alixe
744 3114 907 3169 etiam
928 3150 943 3175 ,
971 3110 1038 3164 de
1074 3107 1272 3176 quibus
1299 3104 1460 3175 paulo
1490 3110 1612 3172 post
1652 3099 1918 3158 dicemus,
1946 3107 2099 3149 men-

518 3223 660 3263 sura:
686 3203 916 3268 trifaria,
943 3210 1005 3256 ut
1025 3199 1093 3253 de
1106 3198 1239 3268 pede
1254 3195 1367 3262 jam
1390 3193 1594 3247 dictum
1623 3197 1737 3248 est.
1764 3185 2101 3253 distinguen-

522 3310 610 3355 tur
640 3298 869 3352 ratione.
904 3292 1005 3347 Aut
1040 3290 1185 3345 enim
1216 3296 1270 3340 et
1296 3286 1425 3355 ipsae
1449 3282 1464 3336 l
1491 3295 1705 3341 neares,
1730 3288 1823 3332 aut
1851 3282 2125 3331 constra-~

527 3403 617 3455 ne,
657 3398 752 3445 aut
784 3387 969 3442 solidae
1017 3381 1415 3449 intelliguntur.
1451 3374 1743 3432 Sciendum
1776 3378 1959 3427 autem
1989 3382 2104 3423 ma-

525 3497 763 3555 gnopere
800 3488 884 3534 est
918 3475 1060 3546 quod
1103 3488 1202 3542 per
1232 3471 1464 3525 lineares
1489 3478 1772 3521 mensuras
1816 3467 2131 3522 constratae

527 3551 925 3641 investigandae
957 3572 1104 3622 sunt.
1139 3561 1195 3617 Si
1219 3561 1365 3616 enim
1403 3558 1641 3612 lineares
1667 3555 1720 3609 in
1758 3569 1818 3609 se
1843 3551 1926 3605 vel
1961 3551 2106 3605 inter

524 3681 583 3722 se
613 3661 1069 3729 multiplicemur,
1103 3661 1394 3710 constratae
1440 3656 1752 3704 nascentur.
1800 3645 1868 3698 Et
1895 3644 1939 3698 si
1980 3658 2110 3697 con-

526 3764 730 3812 stratas
763 3751 947 3807 itidem
975 3762 1072 3819 per
1098 3746 1332 3802 lineares
1360 3739 1707 3812 multiplices,
1731 3736 1932 3793 solidas
1960 3734 2111 3791 inve-

526 3849 672 3906 nies.
956 3908 960 3914 _

598 3961 753 4030 Quod
774 3968 832 4013 ut
854 3954 1010 4012 facile
1039 3944 1330 4014 clarescat,
1361 3944 1593 4017 exempli
1626 3960 1791 4000 eausa
1820 3942 1963 3998 linea
1989 3941 2111 3997 vice

526 4055 681 4129 pedis
705 4050 931 4107 linearis
962 4047 1015 4102 in
1050 4044 1267 4114 longum
1298 4041 1552 4103 ducatur,
1583 4052 1755 4107 eaque
1791 4036 1844 4090 in
1877 4041 2112 4129 quatt'tlor

532 4104 766 4203 Irineares
790 4141 998 4211 palmus
1021 4137 1127 4192 hoc
1153 4134 1313 4189 modo
1339 4140 1556 4189 secetur
1609 4135 1951 4201 ω
2015 4104 2115 4159 Πῖο

529 4252 658 4309 ergo
706 4231 928 4288 linearis
963 4243 1059 4299 pes
1103 4226 1148 4280 si
1191 4224 1475 4279 latitudine
1518 4221 1757 4293 ejusdem
1796 4215 2116 4289 quantitatis

535 4326 717 4381 addita
767 4323 819 4376 in
853 4321 1119 4392 quadrum
1160 4314 1441 4384 :rqualiter
1467 4311 1832 4372 describatur,
1872 4316 2118 4364 Constra-

535 4428 623 4473 tus
646 4410 956 4485 hujusmodi
986 4407 1308 4465 informatur
1341 4422 1355 4459 :

2171 1122 2325 1191 Quod
2369 1122 2414 1178 si
2463 1123 2594 1178 item
2626 1119 2875 1176 eumdem
2914 1118 3107 1190 pedem
3138 1119 3368 1177 solidum
3393 1123 3630 1181 cmciens
3652 1140 3765 1197 pa.

2172 1229 2287 1269 rem
2329 1212 2651 1293 longitudini
2689 1211 3070 1281 latitudiuique
3097 1211 3145 1266 ei
3183 1211 3523 1271 altitudinem
3552 1233 3757 1288 super-

2174 1305 2427 1383 imponis.
2458 1304 2654 1375 hicque
2682 1319 2779 1374 per
2821 1310 3054 1373 quatuor
3077 1302 3309 1359 lineares
3341 1321 3502 1378 super
3531 1307 3763 1377 adjecta:

2180 1398 2486 1453 altitudinis
2522 1397 2734 1467 palmos
2758 1396 2991 1451 sedecim
3024 1396 3264 1467 planitiei
3294 1408 3600 1454 constratos
3622 1399 3774 1454 mula

2180 1490 2413 1560 tipltccs,
2454 1490 2506 1544 in
2538 1489 2711 1543 solido
2738 1486 2992 1542 nimirum
3029 1488 3185 1558 pede,
3219 1490 3499 1560 sexaginta
3528 1502 3768 1561 quatuor

2182 1581 2386 1663 solidos
2422 1578 2631 1651 palmes
2654 1578 2915 1647 reperies,
2945 1577 3089 1646 quod
3121 1592 3149 1633 a
3178 1578 3418 1647 quolibet
3454 1583 3659 1649 poterit
3686 1579 3773 1633 fa-

2182 1671 2338 1727 cilius
2380 1668 2605 1739 intelligi
2636 1683 2799 1739 quam
2849 1668 2902 1722 in
2934 1667 3111 1738 palmo
3137 1669 3391 1725 describi.
3441 1669 3533 1726 Sic
3580 1671 3769 1740 itaque

2112 1773 2157 1830 Β
2187 1763 2406 1820 linearis
2438 1776 2533 1834 pes
2562 1761 2795 1815 lineares
2821 1760 3029 1830 palmes
3057 1770 3311 1830 quatuor,
3343 1772 3658 1816 constratus
3683 1778 3774 1818 se-

2190 1855 2364 1911 decim
2391 1860 2721 1914 eoustrates,
2749 1850 2943 1906 solitus
2962 1852 3242 1922 sexaginta
3286 1862 3518 1922 quatuor
3562 1853 3777 1908 solidos

2183 1946 2396 2016 palmus
2427 1943 2639 2014 recipit,
2676 1942 2975 2011 eademque
3000 1958 3052 1995 tn
3078 1942 3288 1997 caeteris
3326 1943 3599 2014 mensuris
3628 1943 3773 1996 ratio

2186 2008 2648 2107 multiplicationis
2682 2032 2838 2103 juxta
2870 2008 3131 2103 cujusque
3172 2008 3537 2106 quantitatem
3580 2032 3787 2090 obsera

2189 2138 2364 2185 vetur.
2453 2184 2460 2189 _

2812 2194 3040 2251 CAPUT
3066 2194 3128 2250 ll.

2190 2290 2267 2346 De
2295 2287 2563 2347 vocabulis
2591 2297 2639 2342 et
2682 2289 2977 2368 quantitate
3007 2301 3377 2342 nremurarum
3414 2284 3490 2339 ab.
3525 2285 3782 2357 antiquis.

2796 2368 3142 2411 inventorum.

2262 2453 2637 2507 Mensurarum
2669 2458 2850 2503 autem
2879 2447 3137 2502 vocabula
3168 2446 3236 2501 ab
3261 2445 3501 2516 antiquis
3528 2445 3791 2510 inventa,

2193 2557 2246 2599 et
2276 2543 2327 2597 in
2354 2557 2453 2595 usu
2485 2550 2821 2611 posterorum
2847 2538 3112 2592 hactenus
3136 2545 3437 2600 reservata,
3459 2534 3634 2589 ferme
3661 2536 3780 2589 haec

2195 2644 2322 2691 sunt
2353 2652 2366 2688 :
2400 2632 2618 2702 digitus,
2648 2630 2829 2695 uncia,
2858 2629 3091 2699 palmus,
3121 2637 3419 2696 sextaque;
3448 2642 3569 2696 quae.
3598 2635 3657 2679 et
3683 2625 3795 2679 do-.

2196 2728 2380 2793 drans,
2410 2741 2528 2795 pes,
2559 2721 2872 2789 laterculns,
2898 2721 3133 2783 cubitus,
3164 2719 3380 2791 gradus,
3417 2732 3630 2787 passus,
3656 2731 3785 2785 per-

2197 2821 2342 2884 tica;
2392 2832 2513 2888 qua:
2557 2823 2615 2870 et
2659 2812 3007 2882 decempeda,
3059 2820 3213 2866 actus
3265 2810 3554 2873 minimus,
3583 2808 3793 2871 clima,

2200 2927 2387 2984 porca,
2415 2918 2570 2964 actus
2606 2906 2939 2977 quadratus;
2969 2903 3059 2974 qui
3091 2911 3145 2957 et
3171 2902 3525 2972 agripeunus,
3553 2914 3650 2953 seu
3674 2898 3781 2951 ari-

2198 3019 2430 3079 pennus,
2481 3001 2758 3071 iugerum,
2810 3012 2903 3051 seu
2932 2994 3113 3064 juger,
3152 2991 3238 3047 vel
3282 2991 3466 3062 jugus,
3511 2986 3783 3051 centuria,

2203 3078 2463 3159 stadium,
2486 3091 2821 3153 milliarium,
2844 3086 3275 3152 leuea.Quorum
3305 3082 3584 3151 quantitas
3600 3078 3789 3147 singu-

2151 3178 2172 3200 ³
2206 3190 2378 3244 lorum
2407 3186 2640 3257 primum
2664 3182 2819 3250 juxta
2836 3180 3080 3234 lineares
3113 3189 3394 3231 mensuras
3414 3173 3686 3236 videatur,
3730 3178 3797 3229 ut

2206 3277 2548 3351 postmodum
2599 3273 2668 3328 ad
2696 3277 3031 3328 constratas
3086 3268 3397 3337 solidasque
3445 3264 3793 3321 commodius

2210 3368 2545 3424 traducatur.

2279 3458 2490 3529 Digitus
2511 3463 2595 3511 est
2621 3452 2845 3508 minima
2879 3466 2984 3522 qua
3031 3450 3087 3504 in
3125 3447 3274 3520 agris
3317 3444 3610 3502 metiendis
3645 3442 3796 3497 anti-

2213 3551 2302 3621 qui
2334 3549 2624 3607 utebantur
2665 3559 2950 3606 mensura,
2996 3539 3283 3596 continens
3318 3534 3507 3591 hordei
3553 3543 3802 3603 quatuor

2212 3657 2398 3715 grana,
2427 3641 2478 3699 in
2500 3636 2883 3708 longitudinem
2912 3633 3121 3690 scilicet
3140 3628 3493 3688 continuatim
3509 3626 3807 3695 disposita.

2212 3713 2329 3791 Non
2377 3741 2558 3788 autem
2609 3740 3061 3800 quorumcunqne
3115 3723 3393 3778 hominum
3425 3718 3656 3787 digitos,
3704 3713 3811 3786 qui

2212 3829 2403 3897 utique
2436 3823 2665 3880 multum
2689 3819 2934 3888 dispares
2964 3823 3114 3880 sunt,
3146 3812 3351 3884 passim
3376 3809 3618 3878 accipias
3638 3820 3807 3877 Opor-

2215 3931 2316 3985 tet,
2347 3918 2442 3976 sed
2472 3915 2723 3986 spatium
2762 3909 2906 3981 quod
2936 3908 3166 3963 latitudo
3209 3904 3360 3974 digiti
3408 3901 3641 3971 alicujus
3689 3912 3826 3952 me--

2217 4011 2420 4069 diocris
2465 4008 2611 4063 iuius
2639 4002 2897 4073 temporis
2926 4000 3207 4056 hominum
3240 3992 3597 4050 transversim
3628 4004 3806 4044 oecu-

2216 4105 2414 4178 pabat,
2470 4113 2571 4172 pro
2617 4093 2955 4165 longitudine
2994 4096 3144 4145 certa
3203 4080 3603 4157 geometricalis
3647 4077 3808 4149 digiti

2219 4168 2564 4251 uitiferntiter
2589 4199 2795 4243 teneas.
2827 4182 3081 4248 Idemque
3097 4177 3164 4232 de
3189 4175 3387 4246 palmo,
3415 4169 3574 4241 pede.
3594 4168 3813 4234 cubito,

2221 4296 2278 4341 et
2304 4282 2515 4339 caneris
2545 4274 2808 4345 ejusmodi
2832 4268 3139 4326 faciendum
3166 4275 3273 4319 est.

2297 4373 2492 4437 Uncia,
2512 4344 2668 4437 juxta
2696 4360 3035 4432 antiquiores
3065 4365 3199 4419 tres,
3224 4353 3423 4423 digitos
3449 4346 3668 4417 recipit.
3691 4344 3811 4419 Sed

2150 4466 2199 4526 D
2700 4416 2795 4512 rei
2832 4416 3160 4507 duodecima
3182 4416 3194 4419 —
3221 4416 3349 4515 pars
3393 4441 3549 4495 uncia
3569 4416 3810 4503 dicitur,

2226 4527 2555 4630 posteriores
2594 4563 2759 4604 unum
2784 4553 2990 4600 tantum
3020 4539 3245 4609 digitum
3285 4542 3343 4589 et
3386 4540 3603 4588 tertiam
3652 4527 3814 4599 digiti

2226 4619 2437 4721 partem
2463 4640 2635 4698 unciae
2662 4640 3009 4707 deputavere,
3042 4639 3102 4685 ut
3128 4628 3303 4698 pedis,
3337 4624 3427 4694 qui
3457 4620 3696 4677 sedecim
3722 4619 3812 4673 di-

2228 4707 2356 4812 pilis
2382 4742 2619 4794 constat,
2653 4745 2779 4799 pars
2816 4722 3134 4781 duodecima
3161 4717 3335 4790 possit
3375 4714 3634 4769 existere.
3676 4707 3819 4763 Nam

2228 4850 2290 4888 as
2311 4840 2366 4887 et
2390 4829 2559 4884 triens
2589 4823 2657 4879 16
2681 4830 2827 4877 sunt.

2307 4924 2524 4980 Palma:
2553 4927 2755 4982 autem,
2783 4916 2975 4983 quarta
3003 4920 3132 4978 pars
3158 4902 3333 4974 pedis,
3358 4908 3596 4971 quatuor
3616 4894 3817 4969 digitos

2232 5015 2446 5087 recipit,
2473 5010 2660 5066 uncias
2690 5017 2867 5061 autem
2916 5009 3046 5055 tres.
3093 4996 3279 5051 Dictus
3323 5001 3505 5047 autem
3548 4987 3760 5058 palmus
3785 4999 3816 5041 ε

2232 5079 2430 5182 patrna,
2460 5105 2513 5159 id
2539 5112 2643 5166 est,
2675 5116 2707 5154 a
2737 5110 2899 5153 manu
2933 5097 3178 5154 extensa,
3216 5101 3338 5157 quae
3364 5090 3600 5154 quatuor
3635 5079 3847 5150 digitis‘

2234 5208 2385 5234 ιπηιιοΙ
2396 5206 2446 5234 ηΙ
