3986 5444
180 200 232 257 97

1491 202 1578 256 DE
1616 202 2041 260 GEOMETRIA.

3332 202 3400 256 08

236 312 517 367 Laterculus
548 327 653 365 non
682 311 737 365 in
768 311 883 365 sola
927 310 1280 382 longitudine,
1312 320 1370 366 ut
1393 315 1713 381 superiores.
1750 319 1796 378 Α
1823 317 2253 387 computabatur.
2284 314 2375 369 lia!
2399 324 2597 377 tamen,
2622 328 2740 383 qurc
2774 330 3024 383 agrorum
3049 316 3403 385 quantitatem

180 405 320 475 accipi
355 412 547 473 pateat,
580 401 674 457 sed
704 401 755 455 ei
788 401 1016 455 latitudo
1043 402 1208 457 etiam
1246 411 1349 468 est,
1388 412 1442 456 ut
1471 414 1719 458 constra-

182 508 249 551 tus
278 494 383 557 tiat,
430 494 698 561 habetque
745 492 802 547 in
850 491 1133 547 latitudine
1180 493 1367 563 pedem
1412 510 1612 557 unum,
1666 494 1721 546 in

181 586 473 657 longitudine
513 600 729 654 quoque
770 585 961 654 pedem
1000 600 1164 639 unum
1201 594 1253 638 et
1288 584 1546 639 deuncem
1585 584 1722 653 ejus,

182 683 223 736 in
249 681 344 733 lato
370 680 557 733 uncias
583 679 893 743 duodecim,
936 678 988 733 itt
1037 677 1194 746 longo
1219 677 1407 748 viginti
1436 686 1575 740 tres;
1609 677 1725 731 hic-

181 791 263 842 que
291 773 336 825 in
362 781 466 826 tota
512 788 638 825 area
678 787 775 826 sua
826 773 987 826 habet
1028 773 1216 826 uncias
1260 781 1566 826 constratas
1600 769 1725 824 276.

183 868 337 919 Dictus
366 873 546 916 autem
578 864 874 918 laterculus
904 864 1220 917 diminutive
1267 878 1297 916 a
1342 863 1525 924 latere.
1556 861 1603 915 id
1647 870 1730 915 ist

184 958 347 1025 tegula,
391 958 517 1024 quia
560 956 719 1024 hujus
768 970 1034 1009 mensurae
1080 956 1144 1007 ad
1193 956 1417 1023 tegenda
1457 969 1551 1007 seu
1595 967 1724 1006 coa-

182 1051 435 1104 sterneuda
474 1048 707 1102 :eliticia
748 1046 862 1100 ﬁeri
894 1049 1120 1100 solebat.

238 1143 431 1195 Cubitus
463 1140 651 1208 recipit
692 1138 881 1208 pedem
913 1154 1075 1190 unum
1118 1146 1166 1190 et
1208 1138 1512 1197 semissem,
1556 1144 1733 1191 sextas

185 1236 309 1291 duas.
336 1232 542 1300 palnios
569 1245 687 1291 sex,
717 1230 905 1282 unrias
946 1226 1031 1291 18,
1064 1228 1258 1296 digitos
1303 1227 1392 1280 24.
1443 1225 1541 1280 llic
1572 1228 1735 1279 etiam

184 1324 227 1376 in
262 1320 569 1391 quibusdam
628 1320 763 1373 locis
813 1332 912 1388 pro
956 1326 1165 1373 statura
1212 1318 1487 1371 hominum
1548 1316 1740 1385 rccipi-

187 1423 273 1465 tur.

244 1501 429 1555 Gradus
462 1501 664 1570 recipit
705 1500 916 1556 cubitos
948 1502 1003 1561 2,
1028 1500 1189 1565 pedes
1232 1499 1287 1564 5,
1334 1510 1515 1552 sextas
1543 1498 1596 1561 4,
1627 1497 1741 1567 pal-

188 1609 284 1646 mos
304 1592 386 1655 12,
415 1592 609 1645 uncias
630 1590 718 1653 56,
744 1590 939 1659 digitos
968 1589 1055 1643 48.
1091 1589 1297 1651 Βὶνιιις,
1323 1590 1462 1657 quod
1486 1588 1742 1657 gradien-

189 1693 255 1779 tes
295 1682 541 1736 homines
590 1681 785 1751 sa'pius
826 1688 1032 1734 tantum
1078 1680 1237 1749 spatii
1282 1680 1588 1733 alternatim
1628 1692 1743 1732 me-
1782 1705 1822 1763 Β
1922 1718 2162 1773 Stadium
2188 1725 2391 1779 πίθητ’

193 1776 388 1827 liatttur.

246 1865 434 1919 Passus
498 1865 742 1919 continet
801 1862 1026 1935 gradum
1091 1871 1375 1949 unum-et
1429 1845 1751 1949 S—SU’ctua

188 1955 350 2012 Glossa
384 1960 437 2011 in
464 1959 589 2011 cod.
615 1960 820 2040 exponit
852 1958 1081 2019 hissem;
1112 1937 1468 2040 olims-Sest
1491 1937 1752 2021 dodrans)

191 2052 379 2106 cubitus
421 2054 457 2106 5
518 2030 942 2138 θιῖζςῌίηξίρηι
991 2046 1175 2102 Clossa
1208 2087 1223 2109 ,
1270 2030 1544 2114 trientem)
1595 2045 1756 2113 pedes

191 2146 422 2214 quinque,
458 2122 712 2198 sextasii
741 2122 1131 2229 el‘gs,palmos
1153 2140 1241 2201 20,
1267 2140 1455 2193 uncias
1492 2139 1580 2201 60,
1613 2140 1722 2209 digi

192 2247 263 2293 tos
290 2238 369 2292 80.
401 2235 580 2304 Hujus
611 2237 663 2289 iit
694 2236 946 2289 itinerum
989 2233 1175 2303 spatiis
1211 2233 1479 2285 maximus
1517 2247 1644 2285 usus
1674 2239 1760 2285 est

192 2326 477 2381 metiendis.
538 2326 721 2379 Dictus
764 2339 953 2394 passus
990 2338 1020 2377 a
1043 2323 1264 2390 petendo
1288 2323 1521 2385 videtur,
1558 2338 1653 2392 pro
1692 2337 1760 2378 eo

193 2419 315 2485 quod
358 2417 680 2487 patentibus
711 2415 1106 2483 intercapedine
1138 2415 1374 2483 quinque
1408 2415 1602 2482 pedum
1632 2430 1757 2468 cru-

197 2509 324 2561 ribus
368 2509 641 2577 figuratur
679 2524 692 2559 :
727 2506 865 2559 unde
896 2513 947 2559 et
971 2505 1111 2573 passi
1133 2508 1304 2557 crines
1330 2504 1602 2558 dicuntur.

255 2596 476 2654 Partica,
512 2606 629 2665 qua:
651 2606 703 2650 et
724 2595 1050 2661 decempeda,
1073 2595 1313 2648 continet
1347 2611 1533 2663 passus
1560 2595 1613 2651 2.
1641 2611 1761 2663 gra-

199 2689 281 2742 dus
309 2689 340 2741 3
367 2699 422 2742 et
458 2688 737 2753 trientem,
788 2686 996 2740 cubitus
1032 2686 1064 2737 6
1104 2694 1157 2739 et
1196 2685 1416 2745 bisseni,
1466 2686 1627 2754 pedes
1673 2684 1759 2745 10,

200 2789 355 2832 sertas
393 2780 465 2831 15
495 2761 696 2868 ερὲς.
725 2776 930 2845 paltnos
953 2774 1040 2839 40,
1073 2776 1259 2827 uncias
1283 2774 1401 2832 120,
1420 2774 1614 2844 digitos
1640 2775 1760 2829 160.

200 2870 329 2924 Dicta
361 2870 580 2940 pertica
598 2866 751 2937 quasi
778 2869 979 2937 portica
1000 2883 1029 2920 a
1061 2869 1322 2934 portando
1351 2868 1572 2919 scilicet.
1606 2866 1763 2919 Manu

202 2980 411 3034 namque
444 2962 716 3017 mensoris
757 2961 825 3015 ad
864 2975 1022 3029 agros
1047 2960 1406 3013 diutetiendos
1428 2960 1575 3030 virga
1608 2974 1765 3013 men-

198 3054 373 3108 suralis
402 3061 681 3123 portatur.

262 3148 411 3198 Actus
454 3143 706 3195 minimus
749 3140 800 3193 in
856 3139 1156 3209 quantitate
1204 3148 1411 3193 tantum
1459 3140 1762 3210 superliciei

207 3253 435 3308 agrorum
486 3233 879 3298 consideratur,
905 3232 1170 3300 habetque
1207 3231 1259 3285 in
1291 3231 1398 3285 lato
1425 3232 1587 3300 pedes
1615 3232 1669 3291 4,
1714 3232 1768 3285 in

208 3328 348 3398 longo
374 3328 503 3383 140.
539 3326 637 3391 Q-ti
674 3326 899 3378 invicem
925 3323 1093 3384 ducti,
1123 3322 1174 3376 id
1215 3332 1319 3385 est,
1345 3333 1537 3389 quater
1566 3322 1685 3387 140,
1716 3324 1769 3377 in

213 3430 308 3474 tota
345 3420 460 3489 agri
484 3415 770 3487 superﬁcie
798 3422 1105 3469 conslralos
1145 3413 1305 3480 pedes
1329 3412 1433 3466 560
1458 3413 1769 3467 ostendunt.

215 3508 398 3563 Ductus
426 3519 606 3562 autem
642 3508 708 3560 ab
744 3504 941 3574 agendo
982 3503 1145 3557 rurali
1172 3518 1331 3570 opere
1357 3503 1589 3559 videtur.

276 3598 462 3661 Clima,
491 3597 676 3651 eodem
727 3596 884 3649 modo
928 3593 1044 3660 agri
1079 3592 1433 3660 quantitatem
1466 3592 1772 3661 designans,

214 3690 363 3743 habet
383 3700 436 3742 et
472 3689 521 3742 itt
555 3687 712 3756 longo
740 3694 795 3739 et
838 3684 891 3738 in
932 3684 1039 3737 lato
1083 3683 1243 3751 pedes
1266 3682 1354 3735 60.
1394 3681 1494 3748 Qui
1545 3682 1776 3736 invicem

218 3778 349 3832 ducti
390 3777 526 3831 1600
555 3777 718 3844 pedes
743 3783 1048 3827 constratos
1071 3771 1361 3840 complent.

286 3867 463 3930 Porta,
504 3870 597 3922 nih
624 3866 895 3920 lbominus
932 3864 1043 3933 agri
1076 3879 1381 3916 mensuram
1424 3863 1691 3931 indicans,
1724 3865 1777 3918 in
1829 3841 1831 3843 ι
1867 3844 1870 3846 Ὺ

218 3958 531 4029 longitmline
578 3958 666 4019 80,
715 3957 767 4009 itt
810 3956 1091 4009 latitudine
1142 3952 1209 4006 3C
1244 3954 1408 4023 pedes
1451 3952 1632 4008 habet.
1681 3955 1782 4021 Qui

220 4049 436 4105 inviceut
464 4049 608 4103 ducti
644 4046 784 4101 2400
814 4046 1048 4100 indicant
1069 4052 1395 4099 constratas.

285 4145 438 4196 Actus
457 4142 767 4213 quadratus,
808 4138 899 4207 qui
944 4145 997 4192 et
1035 4138 1350 4207 agripetmus
1384 4150 1476 4192 seu
1502 4136 1784 4206 aripennm

224 4234 431 4297 dicitur,
458 4249 563 4303 quo
585 4232 696 4302 agri
721 4232 936 4285 modum
979 4228 1431 4292 discritninatuus,
1459 4243 1555 4297 per
1580 4226 1786 4295 singula

226 4336 448 4396 quatuor
473 4326 637 4378 latera
672 4322 906 4393 perticas
933 4321 1017 4378 12,
1048 4320 1098 4372 id
1124 4327 1227 4381 est.
1261 4321 1422 4387 pedes
1448 4318 1548 4372 120
1573 4319 1783 4387 recipit.

1824 408 2129 476 designant,
2155 420 2440 469 mensum,
2471 406 2641 475 magis
2678 406 2729 459 in
2764 406 3065 474 quantitate
3107 419 3247 458 area:
3291 406 3406 465 ola-

1824 500 2063 567 nitieque
2089 498 2244 551 lineis
2266 497 2695 565 circumscripta.
2730 513 2889 565 quam
2923 497 3180 565 ipsarum,
3213 496 3411 565 quibus

1826 590 2313 652 circumscribitur,
2344 587 2603 641 linearum
2635 586 3413 656 longitudine,consideranda:

1828 693 1973 736 sunt.
1998 680 2161 749 Cujus
2181 679 2323 733 enim
2350 678 2698 747 longitudinis
2726 678 2878 730 linezc
2906 692 3088 730 aream
3113 677 3413 738 includunt,

1830 776 1965 830 nihil
2010 777 2253 831 interest.
2282 774 2324 825 si
2374 783 2552 825 tamen
2600 772 2711 839 ipsa
2746 771 3015 840 propriam
3055 773 3412 840 quantitatem

1834 886 1959 925 area
1990 884 2093 921 non
2116 870 2348 927 amittat,
2377 874 2438 917 ut.
2468 865 2519 917 in
2543 864 2754 933 jngere.
2784 862 2976 917 Utrum
2999 864 3141 918 enim
3177 865 3227 915 in
3257 863 3418 928 lmth

1836 962 1901 1015 21
1934 962 2187 1031 perticas,
2227 960 2279 1011 itt
2311 957 2416 1009 lato
2464 972 2589 1009 vero
2636 954 2721 1016 12,
2767 966 2823 1007 ιιι
2871 971 3029 1023 supra
3071 956 3268 1008 dictum
3313 964 3415 1015 est,

1840 1055 2052 1112 haheat.
2078 1067 2144 1103 an
2179 1052 2229 1102 in
2260 1049 2415 1117 longo
2451 1046 2533 1108 18,
2572 1048 2621 1099 ἰιι
2668 1046 2777 1099 lato
2809 1046 2903 1109 16;
2939 1064 3004 1098 an
3054 1047 3103 1098 in
3147 1048 3302 1112 longe
3329 1045 3415 1103 52.

1840 1146 1892 1200 in
1931 1146 2039 1199 lato
2072 1159 2198 1196 vero
2241 1142 2310 1204 9;
2358 1157 2423 1193 an
2471 1139 2573 1191 alio
2606 1148 2766 1207 atque
2810 1138 2917 1191 alio
2959 1138 3115 1191 modo
3148 1137 3424 1203 longitudo

1839 1239 2174 1306 latitudoque
2204 1241 2595 1304 permutentur.
2632 1230 2674 1284 si
2719 1242 2894 1283 tamen
2948 1238 3128 1281 mutua
3171 1226 3426 1294 mult'pli-

1842 1330 2057 1385 catioue
2116 1327 2219 1381 288
2265 1334 2571 1379 constratas
2627 1324 2861 1391 perticas
2911 1320 3122 1375 eﬂirere
3168 1325 3426 1388 possunt,

1840 1420 2090 1491 jugerum
2137 1416 2485 1471 nihilominus
2536 1412 2849 1482 intplebunt.
2894 1412 3147 1479 Idemque
3197 1410 3248 1461 in
3286 1408 3429 1479 agri-

1846 1528 2022 1584 penuo
2073 1519 2128 1565 et
2180 1507 2390 1563 caeteris
2439 1520 2692 1576 agrorum
2762 1501 3032 1557 mensuris
3088 1500 3428 1556 sentiendum

1850 1612 1952 1657 est.

2412 1712 2551 1781 quod
2587 1711 2757 1782 magis
2784 1710 2836 1764 in
2866 1709 3119 1782 itinerum
3146 1704 3441 1761 dimensio-

1853 1812 2011 1867 nibus
2038 1808 2223 1862 usuale
2252 1816 2352 1867 est.
2381 1779 2618 1858 continet
2653 1779 2843 1871 passus
2872 1801 2995 1861 125,
3025 1779 3225 1869 gradus
3250 1796 3357 1850 208
3385 1804 3440 1849 et

1855 1904 2126 1961 trientem.
2169 1899 2380 1953 cubitos
2430 1894 2533 1949 116
2594 1873 2825 1975 (ξιξ-ς,
2855 1892 3018 1959 pedes
3069 1889 3197 1952 623,
3256 1895 3441 1941 sextus

1853 1996 1958 2051 935
1983 2005 2036 2047 et
2070 1994 2345 2051 trientem,
2377 1988 2586 2059 palmas
2630 1985 2791 2046 2500,
2827 1984 3013 2038 uncias
3054 1980 3215 2042 7500,
3245 1978 3444 2049 digitos

1857 2085 2013 2139 1000.
2048 2084 2257 2137 Dictum
2309 2090 2489 2132 autem
2539 2090 2621 2131 sta
2645 2078 2771 2130 lium
2819 2075 3016 2129 dicitur
3042 2088 3070 2124 a
3106 2072 3315 2131 uinaria,
3345 2084 3439 2121 seu

1857 2174 2244 2244 qnodjurenes
2289 2178 2571 2224 Currentes
2608 2183 2830 2221 emenso
2880 2166 2981 2218 hoc
3025 2161 3200 2230 spatio
3230 2161 3296 2213 ad
3332 2174 3444 2211 tne-

1859 2277 1967 2322 tam
1993 2273 2231 2326 starent;
2260 2277 2352 2315 seu
2380 2260 2520 2327 quod
2558 2257 2813 2311 llercules
2847 2255 3051 2323 primus
3082 2254 3181 2305 hoc
3206 2249 3445 2320 spatium

1860 2373 1965 2412 uno
1997 2354 2235 2409 anhelitu
2270 2362 2643 2404 transcursum
2676 2346 2868 2400 stando
2899 2343 3225 2412 signaverat.

1932 2466 2245 2521 Milliarium
2295 2462 2457 2517 habet
2502 2459 2670 2514 stadia
2712 2462 2764 2520 8,
2814 2470 3006 2525 passus
3032 2447 3364 2525 rmille(ttntie
3398 2455 3453 2501 et

1864 2573 2061 2612 nomen
2125 2553 2378 2622 accepit),
2420 2551 2620 2620 gradus
2681 2524 2860 2609 16007,
2921 2524 3165 2623 διδ-8.
3238 2538 3452 2623 cubitus

1865 2648 2121 2712 3500.35
2146 2614 2510 2731 rgg'apeftes
2563 2640 2725 2706 suae,
2779 2650 2963 2692 sextas
3013 2614 3168 2731 6.60:
3219 2630 3286 2683 66
3308 2614 3449 2716 5-5,

1865 2742 2071 2813 palmos
2121 2721 2319 2798 20000,
2370 2736 2558 2787 uncias
2606 2729 2805 2791 60000,
2854 2726 3052 2796 digitos
3099 2722 3296 2778 80000.
3340 2721 3453 2772 lloc

1866 2832 2132 2903 permissu
2170 2830 2361 2899 priscae
2392 2826 2521 2895 legis
2547 2824 2650 2877 iter
2679 2820 2901 2876 Sabbati
2931 2819 3052 2872 fuit.

1940 2945 2111 2997 Leuca
2143 2940 2334 3011 recipit
2357 2936 2668 2992 milliarium
2694 2950 2856 2988 unum
2881 2943 2934 2986 et
2957 2923 3260 2990 dimidium,
3285 2926 3459 2981 stadia

1795 3052 1837 3113 ς
1878 3039 1961 3100 12,
2013 3052 2203 3107 passus
2250 3033 2393 3087 mille
2449 3031 2789 3098 quingentos,
2822 3026 3019 3095 gradus
3047 3021 3208 3081 2500,
3244 3019 3461 3073 cubitos

1870 3127 2031 3188 5000,
2060 3126 2222 3194 pedes
2248 3122 2407 3185 7500,
2436 3130 2619 3174 sextus
2666 3117 2860 3176 10000,
2892 3113 3100 3184 palmus
3128 3108 3324 3170 50000,
3363 3124 3464 3160 un-

1871 3218 1985 3271 cias
2016 3214 2209 3274 00000,
2257 3212 2456 3282 digitos
2502 3207 2729 3263 120000.
2777 3207 2925 3259 Dicta
2973 3203 3124 3257 leuca
3152 3216 3180 3254 a
3218 3198 3462 3258 levando,

1873 3309 1924 3361 id
1958 3317 2060 3369 est.
2095 3304 2385 3358 relevando
2415 3309 2535 3370 post
2570 3309 2775 3353 tantum
2816 3298 2917 3349 iter
2946 3307 3190 3361 corpore.
3228 3288 3377 3343 Unde
3407 3299 3466 3341 et

1875 3398 2016 3468 apud
2046 3394 2372 3471 Teutonicos
2400 3389 2559 3445 Παιδία
2591 3405 2619 3442 a
2653 3385 3041 3457 requiesceudo
3064 3380 3389 3453 appellatur.

2493 3519 2720 3578 CAPUT
2762 3518 2847 3572 lll.

1878 3664 1955 3718 De
2006 3661 2352 3731 descriptione
2392 3650 3057 3731 quantitqﬁycarumdem
3102 3660 3467 3701 mensurarum

2558 3724 2770 3793 tt'ifaria

1954 3864 2059 3919 Sed
2090 3863 2213 3933 quia
2246 3863 2361 3915 lucc
2390 3861 2456 3915 de
2484 3857 2801 3919 linearibus,
2834 3855 2882 3909 id
2915 3863 2997 3908 est
3028 3854 3196 3908 solam
3240 3850 3474 3921 longitu-

1882 3954 2062 4009 dinem
2095 3950 2500 4020 designantibus
2531 3947 2799 4003 mensuris
2844 3956 3117 4014 utcunque
3156 3944 3299 3997 dicta
3325 3950 3471 4003 sunt,

1884 4060 2025 4100 nunc
2056 4057 2269 4113 quoque
2317 4038 2628 4094 earumdem
2676 4037 3053 4105 quantitatem,
3095 4022 3137 4087 si
3183 4040 3477 4086 constrata:

1890 4142 1984 4189 aut
2030 4132 2212 4188 solida:
2264 4129 2413 4191 liant,
2470 4142 2568 4198 per
2617 4141 2826 4197 passus.
2876 4126 3040 4194 pedes
3090 4132 3143 4176 et
3191 4122 3389 4191 digitos
3422 4120 3477 4172 in

1892 4227 2150 4297 subjecta,
2182 4224 2226 4278 si
2269 4221 2463 4292 placet,
2498 4217 2749 4290 paginula
2776 4232 2936 4287 quam
2985 4215 3303 4269 brevissime
3351 4213 3479 4264 sub-

1892 4329 2161 4381 notemus,
2191 4331 2282 4369 eas
2314 4314 2564 4367 videlicet
2612 4310 3032 4364 intermittentes
3078 4319 3231 4374 quas,
3265 4299 3482 4372 quanti-

227 4416 320 4481 Qui
356 4416 410 4468 in
442 4430 498 4468 se
548 4414 693 4467 ducti
736 4411 837 4464 144
879 4410 1110 4478 perticas
1148 4417 1471 4472 constratas,
1519 4408 1787 4477 pedesque
1820 4406 1865 4464 D
1893 4420 2029 4465 tates
2059 4418 2263 4463 tantum
2307 4402 2612 4475 superﬁciei
2644 4415 2922 4469 agrorum,
2946 4399 3318 4452 demonstrare
3348 4406 3485 4463 prae-

228 4503 479 4571 ejusmodi
526 4510 827 4558 constratos
882 4499 1054 4553 14100
1114 4500 1167 4554 itt
1223 4499 1517 4569 agripenuo
1567 4499 1791 4554 demon-

231 4600 424 4646 strant.
1092 4600 1100 4607 '

295 4680 540 4749 Iugerum
567 4696 659 4734 seu
673 4681 846 4751 juger,
875 4694 968 4734 seu
988 4679 1173 4747 jugus,
1200 4677 1341 4747 quod
1359 4677 1563 4744 junctis
1583 4677 1795 4733 duobus

234 4772 498 4838 arlpennis
532 4774 713 4835 conﬁt,
765 4774 995 4839 indeque
1030 4773 1093 4823 ah
1119 4770 1388 4839 jungeudo
1423 4785 1616 4823 nomen
1652 4770 1797 4823 acci-

233 4865 332 4932 pit,
363 4868 700 4933 quantitatcm
732 4866 915 4919 itidem
945 4864 1124 4931 agri...
1158 4863 1328 4925 nietts,
1367 4863 1527 4916 habet
1574 4864 1625 4916 in
1675 4860 1794 4914 lon-

238 4953 469 5021 gitudine
494 4957 714 5024 perticas
748 4954 837 5014 2i,
883 4953 932 5006 id
959 4960 1043 5005 est
1067 4952 1227 5020 pedes
1252 4949 1386 5015 21ος
1422 4951 1472 5002 itt
1514 4948 1797 5004 latitudine

240 5042 465 5109 perticas
504 5045 587 5107 12,
633 5046 680 5099 id
727 5052 813 5098 est
860 5041 963 5096 120
1003 5042 1182 5109 pedes.
1221 5037 1333 5106 Qua
1378 5040 1662 5094 latitudine
1703 5053 1799 5107 per

244 5129 608 5201 longitudinem
630 5134 788 5189 ducta
819 5134 871 5188 in
901 5132 1180 5201 superﬁcie
1201 5130 1373 5200 jugeri
1403 5133 1640 5201 perticas
1667 5144 1799 5201 conf

247 5199 442 5274 stratas
458 5222 575 5288 288,
602 5225 763 5293 pedes
794 5238 922 5277 vero
941 5199 1112 5275 28800
1139 5199 1419 5274 invenies.—
1445 5218 1612 5287 Hujus
1633 5199 1798 5286 quar:

250 5321 359 5365 tam
384 5325 571 5380 partem
601 5316 830 5370 tabulam
857 5312 1142 5384 appellant,
1167 5310 1540 5366 continentem
1565 5307 1802 5379 perticas

252 5415 534 5444 ranula-nn;
559 5411 622 5444 '10

1893 4500 2151 4555 diximus.

1970 4602 2142 4654 Leuca
2181 4599 2347 4653 habet
2374 4595 2607 4650 lineares
2642 4606 2835 4660 passus
2871 4588 3359 4678 lseoﬂnstratos
3404 4580 3490 4633 bis

1894 4686 2195 4763 ﬁdit-LL,
2225 4696 2428 4751 solidos
2455 4706 2537 4749 ter
2563 4679 2736 4754 m,
2762 4697 2817 4744 et
2854 4699 2935 4743 ter
2964 4687 3129 4751 CMM,
3157 4694 3207 4737 et
3238 4679 3400 4744 LXX.
3431 4693 3491 4732 es

1898 4788 2025 4864 ml,
2057 4809 2109 4855 et
2139 4799 2239 4854 Ves
2269 4789 2337 4851 Π.

1973 4889 2287 4943 Milliarium
2319 4885 2487 4941 habet
2512 4885 2746 4938 lineares
2768 4894 2962 4948 passus
2989 4875 3157 4936 mille,
3185 4876 3469 4924 constrato

1900 4983 1996 5059 ΠῙ,
2021 4992 2220 5047 solidos
2249 4978 2372 5052 Lm,
2406 4988 2575 5042 millia
2604 4973 2708 5037 Nl—M
2737 4982 2928 5036 millia.

1976 5106 2181 5159 Pertica
2226 5104 2389 5159 habet
2439 5102 2673 5155 lineares
2719 5111 2915 5166 passus
2964 5092 3100 5146 duos
3126 5123 3145 5148 ,
3186 5086 3495 5136 constratas

1905 5206 2156 5266 quatuor,
2182 5194 2385 5248 solidos
2409 5201 2553 5245 octo.

1980 5309 2179 5363 Passus
2205 5306 2372 5362 habet
2413 5304 2651 5358 lineares
2691 5296 2860 5365 pedes
2891 5294 3151 5365 quinque,
3201 5282 3514 5337 constratas

1908 5399 1996 5444 291-
2028 5399 2226 5444 mlitan
2259 5393 2383 5444 125.
