3986 5444
520 361 590 419 99
1131 367 1489 427 smvesrm
1526 373 1569 428 ιι
1604 347 1805 431 PAsz
1835 336 1988 433 ore.
2021 371 2205 431 rans
2233 371 2458 429 l.--DE
2483 336 2780 429 balsama
2824 367 3136 427 unum

3687 346 3797 421 100‘

596 471 812 529 Cubitus
849 474 1014 533 habet
1058 477 1316 536 linearem
1361 484 1550 551 pedem
1585 484 1626 550 l,
1673 483 2101 561 unumS.(8-lq,
2132 490 2184 548 Α
2212 492 2318 539 tem
2345 484 2533 554 planus
2563 482 2785 553 angulus
2811 482 3041 538 duarum
3088 479 3356 534 linearum
3395 476 3458 534 in
3495 475 3727 553 planitie
3759 491 3799 532 ο

523 571 836 622 constratas
875 567 1030 636 duos,
1076 586 1243 626 unum
1288 573 1559 642 trientem,
1601 575 1804 632 solidos
1835 585 1967 643 tres,

591 657 726 728 (η).
1148 652 1153 659 ‘

524 742 895 893 ξέάΡεέἑιὲἓθι
921 750 1156 833 lineares
1185 752 1381 825 digitos
1421 754 1504 820 l6,
1536 763 1838 813 constratas
1865 756 1992 825 256,
2022 772 2114 813 soa

549 851 563 889 ι
606 849 667 890 os
835 878 850 893 .

549 849 667 890 100$
687 849 850 893 4095.

602 921 765 981 Sexta
812 928 978 985 habet
1022 929 1253 989 lineares
1301 934 1496 1006 digitos
1524 936 1610 1004 12,
1649 945 1954 994 constratas
1992 936 2116 1005 HL,

522 1011 726 1068 'solidas
761 1017 915 1074 i728.

597 1081 831 1233 lifting;
850 1090 1013 1146 habet
1058 1091 1292 1170 lineares
1336 1095 1533 1165 digitos
1571 1096 1627 1164 ι,
1674 1105 1983 1154 constratas
2026 1088 2119 1164 16)

617 1190 629 1227 ι
673 1191 732 1231 os
839 1218 854 1233 .

531 1187 732 1231 SOlldOS
765 1187 854 1233 64.

607 1265 782 1323 Uncia
809 1271 973 1368 light?!
1001 1275 1263 1332 linearem
1293 1276 1520 1350 digitum
1549 1268 2121 1368 ιιηιιιιιῇςιςςθηεῑη-

534 1345 940 1461 toshunumS-S
956 1375 1011 1417 et
1118 1368 1319 1461 solidos
1353 1345 1513 1434 duos,
1660 1345 1811 1454 ξεν),
1832 1345 1960 1452 ΗΝ
1984 1362 2118 1444 (mi-

604 1446 814 1516 Digilus
843 1446 1006 1507 habet
1034 1454 1259 1512 li‘nearia
1306 1458 1493 1514 hordei
1542 1446 1801 1530 ῶ-Ξιῖιιί,
1846 1446 2123 1528 ὧιμειηιω

537 1536 625 1602 16,
654 1538 823 1594 solida
855 1541 948 1596 64.

604 1629 672 1683 Ει
699 1630 961 1690 hactenus
977 1635 1043 1690 de
1074 1639 1365 1707 mensuris,
1384 1655 1501 1709 qua:
1526 1657 1554 1695 a
1577 1641 1847 1712 prioribus
1869 1643 2025 1698 nobis
2045 1652 2125 1696 re:

536 1720 665 1778 licla
693 1734 839 1792 sunt,
864 1728 996 1784 satis
1018 1736 1200 1786 etnon
1225 1734 1512 1803 superﬂue.
1538 1745 1595 1790 ut
1624 1751 1769 1803 reor,
1792 1724 1992 1792 dictum
2017 1746 2121 1792 est.

539 1814 691 1881 Quod
723 1819 768 1872 si
804 1822 1078 1889 prioribus
1122 1824 1174 1879 in
1220 1828 1584 1881 mensurando
1613 1829 1857 1898 partibus
1897 1820 2125 1900 indiget,
2168 1842 2217 1902 Β

537 1906 1042 1983 όίιίεθηεηηὶςτιυθ
1084 1904 1528 1988 unamquamque
1571 1934 1948 1975 mensurarum
1994 1936 2133 1991 prae-

538 1999 833 2069 dictarum,
870 2015 931 2059 ut
956 2019 1177 2062 necesse
1218 2006 1403 2075 fuerit,
1437 2023 1529 2062 seu
1566 2024 1663 2078 per
1711 2010 1966 2065 minutias
2012 2010 2129 2063 usi-

539 2098 677 2146 tatas
705 2093 820 2150 sive
862 2111 959 2167 per
987 2096 1376 2154 intellectuale‘s
1420 2098 1759 2155 multimodis
1790 2088 1989 2156 habere
2036 2114 2132 2170 po-

541 2183 692 2239 terit.

1159 2281 1391 2343 CAPUT
1429 2280 1518 2343 IV.

1065 2417 1146 2476 De
1180 2420 1352 2492 planis
1374 2420 1598 2493 'ﬁguris.

617 2546 773 2606 Nunc
825 2565 955 2606 vero
1002 2550 1070 2607 de
1126 2550 1333 2623 figuris,
1384 2567 1504 2622 qure
1539 2551 1788 2622 praefatis
1832 2551 2131 2607 linearibus

544 2640 899 2697 includuntur
945 2644 1252 2709 mensuris,
1302 2643 1686 2713 speculandum
1738 2651 1839 2698 est.
1886 2642 2126 2712 Figura,

542 2746 665 2801 qum
690 2731 876 2788 Graece
896 2733 1106 2788 schema
1154 2742 1399 2797 vocatur,
1427 2742 1510 2788 est
1554 2733 1788 2802 spatium
1817 2731 1984 2787 certis
2023 2739 2134 2784 ter-

546 2822 710 2877 minis
734 2822 1020 2879 inclusum.
1054 2822 1222 2891 Hujus
1247 2824 1456 2894 species
1494 2822 1613 2878 dum
1663 2831 1807 2878 sunt.
1837 2821 1946 2876 Aut
1983 2821 2132 2875 enim

544 2909 720 2977 planis
750 2921 844 2966 aut
871 2911 1057 2967 solida:
1081 2921 1225 2968 sunt.
1273 2911 1380 2968 Sed
1425 2913 1493 2968 de
1517 2911 1705 2967 solidis
1743 2911 1796 2965 in
1825 2909 2138 2982 posteriori-

544 3002 675 3067 bus;
708 3020 850 3059 nunc
877 3005 943 3059 de
964 3004 1139 3074 planis
1162 3005 1461 3061 videamus.

621 3095 810 3151 Plana:
845 3097 1100 3152 dicuntur
1133 3097 1338 3167 ligurte,
1366 3113 1486 3167 quae
1512 3096 1897 3167 profunditate,
1931 3094 1984 3149 id
2026 3101 2133 3157 est,

546 3187 833 3243 altitudine
848 3198 1122 3254 carentes,
1152 3189 1204 3242 in
1220 3187 1553 3259 longitudine
1584 3195 1791 3263 tantum
1821 3184 2129 3239 latitudine-
2163 3197 2211 3261 ε

546 3294 654 3349 quc
699 3279 1129 3335 considerantur.
1165 3279 1261 3334 Ha:
1306 3294 1435 3334 vero
1482 3279 1528 3333 si
1577 3277 1971 3332 rationabiliter
2010 3289 2137 3345 pra-

552 3378 845 3439 ponuntur,
873 3377 967 3423 aut
1009 3369 1173 3424 rectis
1201 3367 1382 3433 lineis,
1413 3383 1535 3438 quas
1577 3367 1763 3423 Graece
1792 3367 2018 3437 euthyaa,
2047 3365 2142 3419 de-

552 3460 933 3526 terminantur,
949 3470 1006 3516 et
1032 3459 1298 3531 angulata:
1319 3469 1466 3524 sunt,
1490 3458 1937 3529 appellanturque
1956 3457 2140 3527 euthy-

548 3567 830 3622 grammaa;
873 3560 968 3606 aut
1011 3550 1197 3606 curvis
1248 3565 1344 3605 seu
1401 3548 1910 3606 circumferentibus
1960 3548 2138 3614 lineis,

548 3655 684 3710 quas
714 3640 887 3696 Graeci
937 3640 1159 3712 cyclicus
1204 3634 1318 3696 sive
1364 3640 1635 3711 cycloides
1681 3638 1860 3709 (Cod.,
1893 3636 2138 3707 licoides)

549 3732 666 3788 sive
690 3732 915 3803 capellas
946 3740 1159 3797 vocant,
1186 3731 1576 3799 includuntur,
1625 3740 1681 3787 et
1732 3730 1978 3787 rotundae
2029 3731 2144 3787 sive

555 3823 803 3894 oblongae
848 3832 996 3889 sunt,
1033 3835 1088 3879 et
1116 3807 1606 3895 Eampylogrammaz
1633 3823 2026 3879 nominantur:
2059 3822 2144 3878 vel

559 3925 711 3971 certe
736 3917 999 3986 utrisque,
1030 3917 1081 3971 id
1105 3925 1189 3971 est
1211 3917 1376 3971 rectis
1419 3925 1474 3970 et
1522 3916 1780 3981 curvatis,
1809 3929 2142 3986 componun-

553 4012 660 4072 tur,
692 4013 748 4059 et
779 4006 976 4075 partim
1007 4006 1292 4078 angulataa,
1320 4006 1515 4076 partim
1543 4006 1745 4061 lunatas
1766 4020 1860 4061 seu
1889 4004 2139 4061 rotundas

553 4107 702 4165 sunt,
752 4102 894 4171 quod
943 4116 1112 4172 genus
1155 4103 1346 4156 micion
1401 4117 1433 4156 a
1486 4089 1690 4157 Graecis
1737 4099 1954 4156 dicitur.
2006 4098 2137 4167 Qum

558 4188 815 4262 singulm,
862 4200 1025 4263 prout
1075 4192 1418 4248 commodum
1473 4199 1529 4246 et
1568 4189 1702 4246 utile
1745 4190 2037 4256 videbitur,
2089 4189 2144 4244 in

554 4281 1012 4353 consequentibus
1060 4285 1299 4353 apertius
1343 4283 1740 4338 describentur.
1783 4280 2026 4351 Spatium
2052 4296 2149 4335 au-

557 4377 669 4426 tem
701 4371 814 4429 sive
840 4371 1093 4443 planities
1115 4374 1396 4442 planarum
1425 4374 1718 4442 figurarum
1742 4371 1899 4427 lineis
1921 4372 2149 4426 circum-

555 4462 778 4533 scripta,
803 4461 1077 4537 embadum
1093 4479 1121 4517 a
1137 4463 1341 4519 Graacis
1365 4463 1687 4533 appellatur,
1709 4461 1852 4532 quod
1883 4476 1913 4515 a
1938 4450 2141 4515 nostris

2214 576 2426 632 diverso
2472 575 2761 631 ductarem
2804 574 2872 629 ad
2916 586 3082 627 unum
3132 578 3394 641 punctum
3438 568 3799 625 euadunatio.

2216 668 2343 726 Sive
2372 666 2534 722 aliter
2566 684 2585 721 τ
2606 664 2846 737 Angulus
2874 672 2959 720 est
2985 663 3220 733 spatium
3268 660 3413 732 quod
3446 647 3548 716 sub
3582 660 3804 715 duabus

2214 760 2371 815 lineis
2401 760 2710 815 continetur
2747 773 2806 813 se
2832 756 3059 812 invicem
3105 754 3473 826 tangentibus.
3504 751 3608 820 Qui
3640 750 3807 805 nimi-

2216 865 2358 914 rum,
2392 850 2646 904 trimodis-
2683 848 2975 919 speciebus
3022 845 3312 915 discretus,
3345 853 3439 899 aut
3488 853 3663 899 rectus
3691 848 3802 909 est,

2218 944 2311 999 a‘u‘t
2346 942 2521 1007 hebes,
2553 949 2648 996 aut
2673 950 2882 995 acutus.

2281 1031 2501 1097 Rectus,»
2541 1033 2631 1102 qui
2668 1040 2720 1088 et
2748 1029 3001 1086 normalis
3030 1028 3249 1094 dicitur,
3291 1028 3397 1084 hoc
3441 1026 3604 1083 m'o‘do
3646 1024 3731 1089 ﬁt,
3763 1023 3815 1079 si

2223 1132 2427 1180 rectam
2461 1124 2660 1179 lineam
2696 1121 2971 1191 jacentcm
3009 1121 3181 1175 altera
3212 1128 3365 1176 stans
3410 1128 3558 1174 recta
3588 1114 3817 1171 contin-

2223 1226 2336 1289 gat,
2387 1225 2442 1272 et
2486 1232 2555 1272 ex
2610 1223 2844 1285 utraque
2890 1213 2976 1269 sui
3022 1219 3178 1283 parte
3226 1225 3411 1283 aequos
3456 1206 3684 1279 angulos
3738 1203 3821 1260 in

2220 1308 2351 1364 facit
2374 1326 2393 1365 :
3306 1306 3307 1309 “

2304 2072 2403 2142 Hic
2429 2091 2633 2151 autem,
2663 2070 2819 2156 quasi
2843 2084 2944 2139 viae
2972 2080 3186 2141 virtutis
3226 2083 3461 2141 medium
3493 2090 3708 2147 tenens,
3741 2075 3826 2138 si;

2232 2181 2397 2251 bique
2424 2182 2522 2252 ipsi
2546 2178 3195 2251 semper’etuniformiter
3213 2178 3576 2249 aequalismec
3603 2191 3667 2233 se
3698 2174 3828 2246 plus

2232 2288 2388 2344 sequo
2413 2273 2622 2337 dilatat,
2651 2254 2755 2328 nec
2777 2271 2953 2326 minus
2968 2271 3116 2340 justo
3143 2277 3410 2325 coarctat.
3658 2342 3663 2345 Ι

2306 2363 2476 2419 Hebes
2544 2372 2751 2430 autem,
2803 2362 2893 2432 qui
2931 2371 2985 2416 et
3025 2361 3145 2432 plus
3198 2344 3428 2416 normali
3466 2357 3551 2413 vel
3599 2344 3826 2411 obtusus

2233 2458 2433 2516 dicitur
2481 2459 2730 2530 angulus,
2774 2458 2888 2529 qui,
2920 2456 3077 2528 quasi
3113 2454 3402 2526 pleonasite
3427 2466 3603 2516 more,
3648 2448 3827 2505 semel

2234 2551 2441 2604 rectum
2464 2548 2754 2613 excedens,
2802 2548 3008 2601 incerta
3058 2543 3447 2613 Indefinitaque
3483 2541 3824 2611 quantitate,

2236 2643 2407 2697 donec
2438 2640 2490 2693 in
2520 2640 2717 2695 lineam
2744 2638 2981 2704 deficiat,
3011 2637 3225 2693 dilatari
3257 2646 3312 2691 et
3348 2633 3581 2704 expaudi
3614 2637 3824 2701 potest.

2241 2732 2327 2790 Fit
2369 2740 2549 2786 autem
2580 2732 2626 2787 si
2653 2731 2859 2802 jacenti
2904 2731 3061 2787 linea:
3109 2731 3287 2785 altera
3326 2727 3395 2783 ab
3436 2739 3503 2782 ea
3552 2722 3836 2779 inclinata

2231 2823 2489 2895 jungatur
2514 2824 2585 2878 ita
2613 2840 2628 2880 :

2310 3310 2508 3364 Acutus
2537 3316 2641 3375 est,
2689 3306 2802 3378 qui,
2836 3306 3165 3361 neomesia‘m
3191 3303 3431 3368 imitans,
3459 3305 3515 3356 et
3561 3296 3705 3353 infra
3735 3311 3834 3352 re‘

2240 3411 2387 3456 ctum
2415 3399 2734 3463 subsistens,
2764 3397 3057 3452 identidem
3079 3395 3381 3465 quantitate
3411 3390 3692 3447 indeﬁnita
3729 3402 3834 3442 us-

2243 3507 2349 3564 que
2376 3492 2429 3545 in
2460 3490 2657 3545 lineam
2702 3489 2964 3544 directam
2989 3488 3255 3543 coarctari
3284 3485 3448 3542 valet.
3480 3483 3570 3539 Fit
3610 3496 3750 3536 vero
3781 3478 3836 3533 si

2228 3582 2511 3653 jaceutem
2553 3580 2752 3636 lineam
2780 3589 2987 3636 rectam
3014 3579 3189 3636 altera
3215 3578 3283 3634 ad
3311 3592 3434 3633 eam
3466 3573 3688 3631 inclinis
3710 3580 3837 3626 tan-

2243 3684 2353 3747 gat,
2383 3676 2455 3730 ita
2480 3691 2497 3730 ε

2317 4187 2455 4246 Ethi
2481 4187 2699 4258 quidem
2725 4184 2930 4258 anguli,
2954 4199 3022 4239 ex
3053 4184 3217 4241 rectis
3244 4183 3455 4242 scilicet
3474 4181 3625 4250 facti,
3650 4183 3848 4254 eutliy-

2247 4280 2469 4353 grammi
2495 4279 2706 4343 Grazee,
2751 4276 3004 4331 rectilinci
3035 4285 3264 4345 possunt
3310 4274 3503 4330 Latine
3547 4272 3844 4344 appellari.

2249 4374 2486 4429 Possunt
2521 4379 2701 4425 tamen
2744 4369 2947 4423 easdem
2979 4376 3089 4422 tres
3113 4366 3434 4435 angulorum
3482 4363 3696 4434 species
3739 4362 3849 4416 ali-

2250 4461 2524 4535 quomodo
2552 4478 2621 4516 ex
2647 4460 2813 4516 rectis
2840 4468 2898 4514 et
2931 4456 3445 4514 circumferentibus
3476 4454 3674 4519 lineis,
3703 4454 3846 4509 item

559 4551 977 4622 interpretatum
1005 4570 1130 4608 area
1159 4544 1519 4623 nuncupatur,
1547 4552 1613 4608 ad
1641 4552 1795 4622 cujus
1821 4549 2072 4606 videlicet
2094 4558 2150 4604 et
2177 4546 2228 4607 Β
2251 4569 2321 4609 ex
2349 4550 2859 4608 circumferentibus
2900 4548 3030 4604 solis
3072 4546 3316 4618 (igurari.
3360 4546 3441 4601 Ex
3468 4544 3635 4599 rectis
3680 4558 3846 4597 nam-

561 4658 701 4699 areaa
729 4646 1084 4714 quantitatem
1116 4644 1546 4714 investigandam
1576 4644 1763 4709 varias,
1792 4658 1891 4712 pro
1920 4641 2148 4697 diversi-

562 4742 675 4791 tate
705 4735 996 4807 flgurarum
1021 4743 1076 4790 et
1100 4735 1518 4799 theorematum,
1556 4732 1755 4804 regulae
1799 4731 1999 4803 passim
2032 4730 2147 4784 dis-

556 4840 731 4897 persas
755 4823 1021 4890 feruntur,
1061 4839 1128 4880 ex
1165 4822 1361 4895 Quibus
1408 4820 1636 4893 aliquas,
1671 4837 1806 4893 quas
1843 4820 2013 4876 nostri
2066 4829 2149 4875 at-

562 4918 773 4988 tingere
811 4916 986 4987 potuit
1034 4916 1329 4988 diligentia,
1373 4931 1492 4985 quae
1529 4911 1773 4968 utiliores
1804 4911 2144 4976 videbantur,

564 5008 954 5078 aliquantisper
994 5007 1294 5063 ordinatius
1360 5005 1597 5075 digestas
1650 5003 1868 5074 aggredi
1912 5000 2145 5056 tentabi-

563 5112 708 5164 mus,
769 5097 815 5153 si
861 5097 1011 5168 prius
1046 5112 1220 5168 pauca
1268 5094 1335 5150 de
1381 5093 1695 5164 angulorum
1747 5089 2048 5161 speciebus,
2091 5097 2147 5143 et

566 5188 673 5245 alia
736 5190 983 5261 quaedam
1034 5187 1460 5261 ingredientibus
1519 5184 1830 5242 necessaria
1883 5182 2150 5255 probave-

566 5279 764 5336 rimus.
1043 5287 1046 5291 ’

636 5369 822 5402 'lnnnn
850 5371 1026 5402 ,ειη-ιη.
1073 5370 1261 5402 αλια-σιω
1312 5384 1381 5402 ηπ

1389 5383 1446 5402 σεο
1484 5366 1650 5402 ὀι-σεο
1694 5365 1852 5418 li-weis
1892 5362 2149 5418 determi-

2251 4660 2358 4716 que
2379 4652 2435 4700 et
2458 4640 2964 4698 circumferentibus
3008 4638 3169 4693 lineis
3198 4638 3332 4692 recti
3374 4634 3561 4706 anguli
3588 4634 3846 4704 figurau-

2255 4746 2362 4803 tur,
2395 4737 2439 4792 si
2466 4735 2700 4791 circulus
2726 4734 3004 4804 aequaliter
3031 4747 3060 4786 a
3088 4740 3289 4801 puncto
3310 4729 3723 4785 circumductus
3759 4740 3849 4779 re-

2251 4839 2395 4886 ctam
2439 4827 2640 4883 liueam
2672 4841 2772 4897 per
2811 4826 2986 4896 ipsum
3013 4832 3276 4895 punctum
3306 4821 3363 4877 iu
3409 4819 3518 4876 duo
3561 4831 3723 4887 aqua
3767 4830 3851 4869 sed

2253 4930 2344 4978 cat
2367 4922 2482 4977 ita:
