3986 5444
225 332 300 387 lOl
1574 355 1659 411 DE
1694 348 2117 414 GEOMETMA.
3367 377 3471 431 l0!

282 444 474 540 [lebetes
518 461 725 523 autem,
781 465 877 534 qui
925 474 980 521 et
1028 466 1205 523 obtusi
1249 468 1453 538 anguli,
1507 470 1553 524 si
1600 471 1771 540 major
1798 478 1849 533 Α

216 537 403 594 dimidio
426 540 610 600 circuli
642 563 779 619 pars
818 558 921 613 hoc
948 560 1107 615 modo
1138 537 1437 626 formetur;

696 1080 899 1130 "[8133
921 1089 1215 1136 NNGULIZS

258 1316 391 1375 Acuti
420 1334 551 1376 vero
581 1321 753 1391 ﬁunt,
784 1324 829 1380 si
861 1325 1037 1383 minor
1080 1331 1368 1388 medietate
1408 1333 1595 1389 circuli
1634 1351 1761 1406 pars

194 1410 419 1465 scribitur
449 1429 464 1466 :

1940 1686 2225 1742 Sciendum
2254 1701 2467 1757 quoque
2493 1694 2575 1741 est
2598 1687 2739 1756 quod
2760 1690 2900 1743 acuti
2931 1689 3111 1759 anguli
3142 1691 3439 1755 interiores,

1790 1820 1834 1879 Β
1869 1778 2091 1832 hebetes
2135 1794 2263 1832 vero
2310 1780 2590 1831 exteriores
2630 1779 2697 1833 ad
2736 1782 3191 1849 comparationem
3238 1783 3443 1838 scilicet

246 1867 314 1922 Ex
344 1867 474 1923 solis
516 1880 712 1926 autem
741 1873 1245 1931 circumferentibus
1278 1877 1457 1943 lineis,
1490 1880 1532 1933 si
1559 1895 1673 1944 eas,
1703 1880 1755 1936 id

1865 1870 1995 1923 recti
2023 1870 2203 1940 anguli
2239 1870 2411 1925 solent
2438 1872 2719 1941 appellari.
2756 1873 2952 1928 [lectus
2977 1876 3172 1945 quippe
3213 1876 3442 1945 angulus

185 1968 273 2027 est,
305 1969 411 2014 tres
463 1962 799 2031 angulorum
847 1967 1074 2034 species,
1110 1969 1241 2023 velis
1299 1969 1565 2039 ﬁgurare,
1622 1974 1759 2031 duo;
1860 1962 1927 2015 ab
1953 1962 2166 2026 hebete,
2212 1972 2397 2032 utpote
2438 1966 2731 2041 exteriore,
2775 1965 3071 2037 latioreque
3111 1967 3438 2028 includitur;

184 2055 394 2124 aequales
421 2055 673 2111 circulos
702 2058 775 2112 ita
808 2060 908 2113 sibi
940 2062 1165 2117 invicem
1200 2064 1426 2121 innexos
1448 2069 1755 2124 circumdu-

1858 2055 1955 2108 sed
1993 2055 2106 2124 ipse
2132 2071 2318 2110 rursus
2355 2067 2596 2119 acutum,
2634 2067 2692 2111 ut
2719 2058 2967 2114 videlicet
3000 2060 3252 2129 amplior,
3292 2060 3434 2113 intc-

186 2146 298 2209 cito,
327 2155 384 2200 ut
422 2154 667 2215 uterque
708 2150 1168 2208 circumductione
1203 2171 1298 2210 sua
1339 2167 1485 2213 secet
1530 2159 1753 2214 alterius
1864 2144 2061 2199 riorem
2092 2147 2337 2213 includit;
2364 2150 2506 2218 quod
2540 2150 2591 2202 in
2616 2151 2855 2220 suLjecta
2880 2150 3109 2206 fortmtla
3137 2152 3433 2214 rectilinea,

184 2243 455 2302 punctum;
487 2237 691 2305 sicque
718 2248 771 2292 ει
810 2239 861 2293 in
893 2242 1085 2310 media,
1116 2246 1166 2298 ni
1212 2246 1388 2312 fauor,
1422 2266 1571 2315 area.
1601 2259 1654 2304 ει
1698 2251 1749 2319 in
1856 2239 1946 2291 ubi
1973 2254 2161 2293 omnes
2192 2241 2507 2310 angulorum
2546 2243 2755 2310 species
2784 2244 2849 2297 ad
2880 2261 3042 2298 lllltlm
3089 2260 3153 2300 eo
3181 2246 3434 2299 adunatae

182 2324 383 2395 singulis
410 2326 672 2395 partibus
701 2327 1021 2387 altrinsecus
1043 2337 1232 2404 positis
1256 2350 1433 2395 rectos
1458 2356 1648 2396 omnes
1682 2342 1750 2395 ad

1853 2339 1979 2383 sunt
2006 2340 2291 2400 punctum,
2314 2333 2640 2388 describitur
2665 2334 2765 2389 hoc
2795 2336 2974 2390 modo.

180 2418 253 2472 sui
281 2420 497 2475 modum
533 2417 771 2490 angulos
796 2426 1107 2492 pernotabis
1136 2428 1209 2483 ita
1237 2448 1250 2484 :
2476 2486 2612 2541 RBG

1306 2760 1349 2827 χ
2249 2762 2471 2821 liEBES
2496 2581 3106 2827 LL35

905 2730 1001 2928 ί
1306 2810 1309 2813 ,
2249 2762 2471 2821 liEBES
2496 2730 3106 2827 :L—_—_4’/ACUTUS

995 2730 1096 3104 >
1252 2730 1370 3104 >
1918 2940 2237 2994 Intuendum
2266 2942 2427 2993 etiam
2462 2949 2545 2995 est
2583 2942 2725 3010 quod
2777 2951 2937 2995 rectm
2969 2940 3344 3011 liuemjucenti
3378 2943 3425 2999 si

905 2931 994 3104 \
1847 3040 1996 3085 recta
2028 3046 2153 3094 una,
2187 3047 2304 3101 quae
2339 3033 2802 3101 perpendicularis
2849 3034 3066 3100 dicitur,
3101 3043 3280 3088 erecta
3335 3051 3424 3089 suo

1847 3040 1996 3085 recta
2028 3046 2153 3094 una,
2187 3047 2304 3101 quae
2339 3033 2802 3101 perpendicularis
2849 3034 3066 3100 dicitur,
3101 3043 3280 3088 erecta
3335 3051 3424 3089 suo

1770 3170 1814 3231 C

1847 3131 2070 3191 perstet,
2109 3123 2196 3176 ubi
2239 3121 2511 3190 jacentem
2553 3125 2741 3194 tangit,
2775 3140 2840 3178 ex
2883 3134 3109 3195 utraque
3158 3126 3239 3180 sui
3269 3135 3423 3195 parte

1848 3224 2053 3269 rectum
2085 3215 2337 3284 angulum
2370 3214 2566 3271 eﬂiciet
2593 3218 2695 3272 hoc
2722 3218 2880 3272 modo
2907 3236 2918 3270 :

247 3273 388 3343 Quod
436 3280 484 3335 si
528 3280 654 3339 duos
706 3284 839 3341 alios
880 3287 1262 3353 connexueris,
1290 3287 1362 3341 ita
1402 3296 1464 3342 ut
1510 3296 1742 3355 uterque
2156 3273 2184 3284 ν
2556 3317 2559 3320 ‘

187 3378 269 3418 suo
311 3369 519 3423 ambitu
572 3384 821 3441 punctum
886 3377 1125 3432 includat
1179 3378 1233 3431 in
1288 3378 1464 3432 medio
1513 3378 1743 3431 embado

186 3451 304 3507 duos
344 3457 586 3523 hebetes,
632 3463 680 3517 in
730 3474 962 3533 quatuor
1005 3466 1328 3521 altrinsecus
1379 3481 1507 3521 vero
1551 3466 1742 3536 positis

186 3475 304 3507 uuos
344 3475 586 3523 neoetes,
632 3480 680 3517 in
730 3475 962 3533 quatuor
1005 3475 1328 3521 altrinsecus
1379 3481 1507 3521 vero
1551 3475 1742 3536 positis

186 3552 355 3601 acutos
383 3548 731 3611 nihilominus
758 3556 981 3628 angulos
1016 3556 1278 3614 formabis
1303 3559 1379 3614 ita
1406 3577 1419 3612 :
2618 3475 2628 3728 Ι

1913 3817 1967 3873 Si
2002 3833 2128 3873 vero
2154 3820 2220 3873 ad
2244 3818 2557 3874 alterutram
2587 3830 2793 3890 partem
2826 3822 2964 3879 linea
2990 3832 3304 3895 superstans
3340 3829 3421 3881 iu-

1839 3908 2088 3974 clinetur,
2129 3911 2181 3965 in
2217 3911 2328 3974 illa,
2372 3912 2437 3965 ad
2469 3928 2628 3981 quam
2663 3914 2973 3983 inclinetur,
3005 3928 3156 3988 parte
3192 3919 3417 3975 interio-

1836 4013 1978 4069 rem,
2015 4000 2066 4054 id
2090 4012 2193 4066 est,
2234 4014 2450 4057 acutum
2482 4005 2734 4074 angulum
2764 4007 2944 4072 elIicit,
2974 4012 3025 4063 in
3079 4011 3245 4066 altera
3280 4028 3412 4065 vero

1835 4092 2182 4157 exteriorem,
2212 4094 2262 4148 id
2289 4104 2368 4149 est
2399 4096 2667 4162 hebetem,
2694 4098 2767 4153 ita
2815 4109 2990 4155 tamen
3022 4111 3078 4156 ut
3103 4104 3153 4156 Ιιὶ
3186 4103 3291 4159 duo
3315 4121 3415 4157 an-

947 4180 1162 4251 ἐίχ
1836 4180 1970 4248 guli,
2005 4182 2230 4236 interior
2259 4185 2463 4250 scilicet
2493 4194 2547 4240 et
2576 4189 2811 4246 exterior
2845 4191 3053 4248 duobus
3094 4194 3257 4250 rectis
3302 4197 3413 4251 sint

1834 4272 2089 4341 aequales,
2121 4274 2224 4330 hoc
2254 4276 2411 4330 modo
2440 4292 2454 4330 :

243 4394 552 4491 Sinqautem
579 4406 648 4462 ita
675 4411 772 4468 bini
801 4418 898 4473 sibi
929 4430 1233 4488 nectuntur,
1266 4432 1326 4476 ut
1352 4435 1611 4491 punctum
1645 4424 1725 4477 al-

186 4488 531 4584 terutrinsab
569 4499 726 4557 altero
752 4505 981 4566 immune
1028 4516 1249 4568 omnino
1286 4516 1645 4584 relinquatur,
1682 4518 1730 4570 in
1769 4516 1815 4575 D

183 4573 332 4690 :nfidta
380 4579 648 4690 nimir‘nm
687 4598 852 4653 areola
897 4603 1039 4655 acuti
1088 4603 1141 4656 in
1172 4605 1433 4659 extremis
1475 4605 1732 4674 utrinque

197 4672 361 4690 mm..-
391 4674 588 4690 -..μμ
730 4684 739 4690 .
2299 4683 2353 4690 με

320 4664 332 4674 ,
942 4654 951 4655 ί
1178 4654 1283 4658 -ν-ν-
1304 4654 1317 4657 -
1338 4654 1430 4659 ν-νη
1644 4654 1657 4674 ι
1686 4654 1731 4661 -ν
2279 4654 2631 4687 Μίκκα-ν
2750 4654 3009 4690 ACU'i'L-S

180 4654 365 4719 bemus
390 4672 589 4738 “"8"”
614 4684 802 4748 Species
835 4690 1151 4763 ﬁgurantur,
1179 4703 1237 4748 ut
1256 4696 1455 4750 cernis.
2115 4683 3122 4732 Μ

1897 4947 2168 5013 Quantum
2199 4949 2341 5002 enim
2376 4950 2605 5007 interior
2626 4968 2652 5004 a
2687 4964 2837 5008 recto
2870 4956 3047 5009 minus
3075 4957 3257 5020 habet,
3294 4968 3410 5013 tan-

1827 5046 1939 5091 tum
1972 5040 2212 5093 exterior
2251 5050 2457 5098 rectum
2504 5048 2833 5114 supervadit.
2867 5049 3018 5115 Quod
3062 5050 3105 5102 si
3144 5053 3411 5121 rectmju-

1825 5130 1969 5183 centi
2001 5130 2156 5183 lineae
2188 5131 2306 5184 dua:
2334 5134 2583 5190 adversis
2628 5137 2874 5204 partibus
2905 5138 3173 5191 inclinatae
3205 5140 3277 5193 ita
3318 5156 3409 5195 su-

1824 5232 2087 5291 perstent,
2122 5233 2256 5278 utet
2298 5225 2449 5284 illam
2494 5240 2545 5285 et
2588 5244 2645 5282 se
2691 5230 2919 5285 invicem
2967 5231 3032 5283 ad
3075 5246 3236 5284 unum
3272 5248 3411 5302 pun-

1829 5324 1978 5370 ctum
2012 5325 2254 5387 tangant,
2282 5326 2393 5374 tres
2426 5323 2680 5378 nimirum
2706 5322 2990 5376 interiores
3040 5322 3265 5391 angulos
3299 5326 3406 5380 for-

1830 5414 1981 5444 mnnl
2052 5407 2122 5444 ita
2176 5415 2355 5444 Inmnn
2412 5422 2470 5444 nl
2513 5411 2565 5444 1ιῖ
2607 5418 2713 5444 Irae
2759 5411 2937 5444 anan"
2987 5410 3193 5444 .lnnhne
3240 5418 3407 5444 nonet-
