3986 5444
520 373 626 426 ica
701 357 706 362 ’

1105 522 1182 593 κῗκ

1095 596 1117 630 ι

594 765 652 821 Si
693 765 812 819 duae
863 768 1028 817 rectm
1065 775 1185 816 sese
1229 761 1461 815 invicem
1505 758 1674 812 altera
1725 771 1822 825 per
1874 753 2100 808 alteram

525 858 699 914 ducta!
726 865 932 914 secent,
981 864 1074 907 aut
1100 862 1336 923 quatuor
1368 861 1545 906 rectos
1571 847 1812 902 alliciunt
1854 845 2098 916 angulus,

526 958 620 1003 aut
665 951 798 1002 duos
843 948 1161 1008 exteriores,
1196 946 1526 1011 totidemque
1574 943 1860 996 interiores
1898 954 1962 993 ex
2014 937 2104 990 ad-

525 1054 685 1094 verso
713 1039 810 1092 sibi
844 1037 1072 1090 invicem
1117 1049 1300 1103 :equus
1334 1034 1586 1096 reddunt,
1619 1033 1707 1100 qui
1757 1042 1936 1084 tamen
1976 1043 2104 1098 qua-

533 1145 656 1191 tuor
690 1135 852 1189 rectis
883 1132 1095 1202 angulis
1125 1140 1250 1186 sunt
1275 1128 1539 1199 aequales,
1579 1128 1681 1181 hoc
1706 1125 1903 1180 modo:

1393 1295 2062 1767 >2<

1597 1537 1632 1573 Α
1797 1509 1834 1545 Α

1669 1587 1764 1641 ηε,
1971 1620 1975 1624 .

607 1923 741 1978 Duae
765 1924 928 1972 rectae
963 1913 1120 1967 linem
1149 1901 1344 1976 :equali
1390 1913 1420 1952 a
1463 1909 1522 1951 se
1561 1888 1790 1946 invicem
1829 1869 2004 1948 spatio
2034 1885 2116 1924 tn-

540 2013 792 2071 ductione
823 2023 917 2062 sua
953 2004 1216 2058 distantes
1241 2003 1294 2048 et
1338 1991 1390 2044 in
1437 1982 1704 2041 inﬁnitum
1739 1975 1936 2029 ductae,
1977 1975 2118 2016 nun-

537 2117 698 2173 quam
732 2095 960 2151 invicem
999 2090 1385 2144 concurrentes
1421 2068 1716 2148 paralellw,
1747 2063 1802 2117 id
1840 2065 1926 2114 est
1962 2061 2116 2120 mque

537 2193 800 2250 distantes
838 2185 1107 2245 dicuntur,
1138 2177 1212 2232 ita
1242 2191 1258 2228 :

1719 2354 1729 2360 ν,
1989 2337 2002 2348 1

1946 2352 2000 2360 4‘

700 2352 2000 2408 _______________————-

701 2423 2002 2469 __________..__——

611 2569 764 2640 Quod
809 2567 856 2622 si
898 2571 1048 2620 recta
1083 2561 1228 2616 linea
1260 2556 1329 2610 ab
1360 2567 1467 2607 una
1500 2547 1569 2602 ad
1613 2543 1772 2598 aliam
1806 2534 1965 2588 ducta
2007 2523 2123 2640 lu:-

613 2610 764 2640 κην..
809 2610 856 2622 ...
902 2610 1048 2620 .-νη

542 2665 639 2728 rit,
670 2671 764 2715 aut
798 2667 977 2712 rectos
1007 2651 1234 2723 angulos
1262 2654 1514 2716 quatuor,
1550 2636 1637 2690 ubi
1674 2627 1836 2696 tangit
1867 2610 2126 2717 easgfm'

544 2707 639 2728 ...,
670 2707 764 2715 --η
801 2707 971 2712 ---m
1014 2707 1017 2708 ,
1081 2707 1110 2723 υ
1279 2707 1294 2716 _

544 2756 676 2818 ciet,
705 2761 798 2805 attt
833 2747 1054 2802 totidem
1103 2741 1264 2795 rectis
1301 2748 1506 2803 mquos,
1547 2727 1703 2781 binos
1751 2715 1958 2772 scilicet
1987 2707 2127 2759 inte-

546 2795 676 2818 ων,
705 2795 798 2805 ...η
834 2795 1053 2802 μηηη
1369 2795 1383 2803 _

546 2848 742 2908 riores,
798 2842 1062 2904 binosque
1112 2830 1412 2888 exteriores
1447 2821 1550 2878 sibi
1596 2832 1664 2872 ex
1693 2808 1940 2882 opposito
1986 2795 2124 2853 invi-

544 2953 661 2994 cem
687 2930 924 3004 aequales
961 2926 1141 2981 taliter
1162 2941 1177 2977 :

562 3575 688 3616 cere
713 3551 921 3628 putavi.

1184 3647 1412 3709 CAPUT
1451 3642 1518 3700 V.

565 3786 666 3843 His
707 3780 874 3838 tribus
906 3771 1085 3844 anguli
1133 3763 1398 3844 speciebus
1426 3753 1604 3813 7omnis
1648 3742 1925 3818 coagulata
1967 3736 2143 3793 consi-

1196 3835 1286 3889 stit
1315 3832 1511 3901 ﬁgura.

634 3967 695 4023 In
727 3960 979 4019 omnibus
1025 3965 1179 4023 ergo,
1215 3955 1273 4002 ut
1317 3944 1518 3998 dictqu
1567 3941 1672 3996 est,
1709 3926 1884 4001 planis
1935 3918 2145 3991 ﬁguris,

563 4075 686 4132 quae
743 4053 961 4124 quidem
1014 4041 1284 4114 angulata:
1327 4041 1473 4096 sunt,
1519 4019 1684 4083 unam
1723 4020 1806 4075 vel
1854 4018 2008 4079 duas,
2063 4009 2150 4065 vel

565 4103 686 4114 ...,.
1090 4103 1118 4114 ν

561 4103 708 4208 dertc
736 4157 926 4201 omnes
953 4141 1050 4193 bas
1088 4132 1409 4202 angulorum
1457 4118 1668 4192 species
1717 4105 2025 4168 necessario
2068 4103 2151 4157 in-

567 4331 794 4388 hebetes
823 4336 1037 4384 omnes,
1085 4314 1171 4369 vel
1207 4322 1401 4366 omnes
1446 4309 1674 4362 acutos;
1707 4296 1859 4352 duas,
1917 4296 1975 4341 ut
2017 4285 2151 4338 alios

567 4418 798 4490 angulos
828 4420 1004 4467 rectos
1025 4406 1282 4463 habeant,
1313 4396 1445 4450 alios
1471 4399 1677 4452 acutos,
1711 4392 1802 4437 aut
1834 4379 1966 4433 alios
1993 4373 2153 4429 hebe-

572 4472 674 4574 tes:
701 4509 836 4562 alios
856 4511 1064 4562 acutos,
1091 4502 1184 4548 aut
1211 4491 1347 4544 alios
1373 4494 1573 4545 rectos,
1603 4479 1738 4532 alios
1757 4472 2006 4533 hebetes;
2036 4479 2154 4521 om-

571 4616 692 4664 nes,
726 4606 787 4652 ut
811 4607 866 4650 et
899 4598 1100 4651 rectus,
1141 4593 1196 4638 et
1242 4579 1407 4635 hebes
1444 4583 1498 4629 et
1530 4577 1739 4630 acutus,
1783 4561 1924 4632 quod
1974 4568 2156 4610 tamen

575 4692 756 4748 rarius
796 4683 998 4744 evenit,
1031 4687 1091 4732 ut
1137 4675 1190 4729 in
1241 4686 1348 4728 una
1379 4667 1556 4734 aliqua
1608 4655 1915 4714 inveniatur
1963 4649 2152 4718 figura.

576 4780 733 4849 Quod
769 4786 936 4831 totum
965 4765 1240 4842 posterius
1272 4762 1328 4815 in
1370 4769 1558 4813 earum
1592 4749 1724 4804 satis
1749 4737 2156 4799 formationibus

572 4831 826 4930 aurebit.
856 4831 1010 4920 Nunc
1033 4863 1146 4932 jam
1187 4857 1252 4911 de
1293 4846 1579 4918 triangula,
1609 4841 1699 4912 qui
1732 4841 1784 4892 in
1826 4832 1998 4906 planis
2027 4831 2159 4898 ligu-

577 4970 661 5025 ris
704 4959 1029 5019 naturaliter
1062 4954 1268 5025 primus
1310 4941 1568 5006 occurrit,
1600 4947 1833 5006 sequens
1878 4931 2014 4984 ratio
2042 4939 2160 4996 qua:

581 5061 915 5118 videbuntur
940 5047 1158 5122 aggredi
1186 5039 1434 5099 tentahit.

1199 5150 1424 5213 CAPUT
1464 5145 1570 5214 vn

979 5277 1052 5332 De
1089 5265 1472 5345 principalitate
1507 5251 1777 5324 trianguli.

661 5392 708 5402 ..
744 5393 755 5402 .
907 5388 918 5402 .
1075 5392 1090 5402 .
1144 5383 1176 5401 9,
1227 5369 1580 5402 -_:.t....m:n:c
1609 5362 1743 5402 cati:
1774 5374 1803 5412 ελ
1833 5353 2017 5410 Boetio
2071 5349 2168 5404 de-

1125 359 1479 420 SILVESTRI
1515 357 1557 415 ll
1594 354 1796 412 ΡΑΡΕ
1834 353 1984 412 ΟΡΡ.
2014 350 2135 409 PAll

2233 346 2268 403 ι.
2305 377 2375 389 -
2418 347 2504 402 DE
2545 345 2822 402 DISCII’L.
2862 339 3173 399 MATIIEM.

1123 465 1154 531 ⁵,
1217 527 1251 531 _
1379 511 1423 531 ,.
2121 464 2174 528 Α
2199 475 2304 531 que
2346 459 2437 515 ille
2483 459 2602 514 ideo
2629 500 2643 524 ,
2691 458 2816 528 quia
2865 455 3036 512 tribus
3077 451 3235 508 lineis
3272 447 3544 506 distensus
3580 449 3786 520 figuras

3682 337 3781 390 104

2199 552 2480 622 angulatas
2516 550 2810 620 planasque
2839 547 3047 618 primus
3074 542 3238 598 ellicit
3263 582 3280 607 ,
3323 542 3446 612 jure
3492 541 3544 594 in
3575 540 3786 595 eisdem

2200 647 2388 716 ﬁguris
2432 644 2770 714 principatus
2826 641 3002 694 locum
3055 634 3343 690 obtinebit.
3396 632 3497 700 Qui
3549 639 3604 685 ct
3667 631 3789 684 ideo

2199 737 2525 807 principium
2574 743 2627 789 et
2661 731 2812 799 quasi
2855 729 3180 784 elementum
3211 733 3384 779 exstat
3418 723 3470 776 in
3517 719 3791 791 angulatis

2204 827 2413 898 liguris,
2444 825 2584 893 quod
2615 835 2951 892 unaquaeque
2979 834 3165 873 carum
3205 832 3270 872 ex
3313 831 3379 869 eo
3405 821 3789 882 componatur,

2202 929 2258 974 et
2289 919 2341 972 iu
2389 917 2637 970 eumdem
2692 913 3010 968 resolvatur.
3047 910 3103 964 Si
3137 909 3280 962 cuitu
3313 906 3484 976 ipsius
3535 900 3792 970 trianguli
3831 922 3842 929 -

2205 1013 2320 1066 sive
2355 1008 2620 1078 tetragoni
2656 1008 2736 1060 vel
2766 1003 3079 1075 peutagoui,
3120 999 3453 1068 hevagonive
3498 1011 3596 1049 ceu
3629 1003 3796 1046 caue-

2207 1117 2392 1158 roruin
2422 1098 2758 1168 sequentium
2804 1091 3275 1161 mtdtiangulorum
3321 1083 3684 1154 szzperliciem.
3741 1080 3796 1133 id

2203 1202 2289 1246 est
2317 1206 2498 1244 aream
2527 1189 2757 1242 mediam
2783 1193 2980 1256 puncto
3008 1179 3393 1250 designaveris,
3425 1185 3480 1228 et
3507 1176 3574 1227 ab
3601 1172 3797 1225 eodem

2206 1297 2421 1356 puneto
2460 1279 2526 1333 ad
2565 1278 2787 1346 angulos
2834 1284 3010 1328 rectas
3041 1273 3209 1325 lineas
3254 1264 3563 1324 deduxeris,
3597 1274 3798 1316 unum-

2211 1351 2479 1442 quemque
2508 1385 2694 1423 eorum
2729 1383 2796 1421 ex
2837 1375 2913 1420 tot
2941 1361 3297 1432 compositum
3329 1366 3384 1409 et
3430 1356 3481 1408 iu
3517 1364 3595 1406 tot
3627 1350 3803 1404 triaud

2209 1463 2364 1533 gulos
2394 1461 2621 1514 divisum
2653 1457 2983 1527 pernotabis,
3013 1463 3143 1522 quot
3173 1451 3284 1519 ipse
3311 1455 3604 1501 constatcx
3619 1455 3802 1510 augu-

2214 1553 2305 1610 lis.
2341 1550 2473 1604 Nam
2501 1549 2688 1604 eodem
2721 1549 2880 1601 modo
2913 1548 3024 1613 ipse
3064 1540 3363 1609 triangulus
3403 1537 3454 1590 in
3495 1544 3606 1587 tres
3662 1529 3804 1583 alias

2215 1639 2546 1710 triangulus;
2589 1648 2898 1706 tetragonus
2923 1633 2973 1685 in
3010 1631 3075 1696 4;
3108 1640 3444 1698 pentagouus
3488 1622 3541 1674 in
3574 1620 3643 1684 5;
3683 1617 3807 1670 ςιιεὶ-

2214 1747 2320 1802 que
2365 1737 2654 1797 sequentes
2692 1724 2848 1794 juxta
2889 1735 3173 1775 numerum
3222 1714 3539 1784 angulorum
3574 1724 3803 1763 suorum

2217 1821 2270 1875 in
2327 1818 2625 1888 tri-angulos
2670 1817 3000 1869 dividuntur.
3053 1809 3149 1864 Ubi
3209 1805 3478 1860 subtiliter
3525 1801 3579 1855 id
3631 1800 3807 1855 etiam

2151 1917 2191 1976 Β
2220 1913 2402 1969 evenit
2429 1924 2506 1975 ut,
2531 1909 2654 1978 quia
2689 1909 2740 1961 iu
2775 1903 3072 1980 triangulus
3100 1900 3360 1968 cujusque
3389 1910 3578 1949 eorum
3607 1892 3809 1945 divisio

2220 2003 2300 2067 lt,
2335 2018 2430 2074 per
2469 1998 2856 2070 triaugulurutu
2886 2008 3101 2065 quoque
3133 1989 3350 2060 uastitas
3376 1983 3814 2052 uniuscujusque

2218 2111 2406 2150 eorum
2430 2109 2459 2146 a
2488 2090 2836 2170 diligentibus
2864 2087 3150 2141 entbadum
3181 2078 3406 2135 invi-nivi
3433 2076 3628 2146 possit.
3659 2073 3813 2140 Qua-

2218 2201 2280 2241 re
2318 2185 2454 2240 satis
2490 2169 2719 2252 cuipiam
2751 2189 2928 2250 potest
2955 2175 3220 2232 declarari
3247 2173 3486 2226 omnium
3513 2169 3814 2241 pinnarum

2221 2281 2516 2354 ﬁgurarum
2547 2273 2875 2346 triangulum
2909 2269 3240 2344 principium
3270 2278 3413 2321 esse.

2760 2411 3287 2798 Α,

2831 2833 3059 2894 CAPUT
3100 2830 3209 2886 VII.

2669 2931 2748 2988 De
2788 2929 3051 3001 speciebus
3101 2919 3368 2992 trianguli.

2298 3031 2395 3088 Est
2432 3037 2610 3085 autem
2639 3021 2958 3094 triangulus,
2987 3019 3076 3088 qui
3115 3025 3170 3070 et
3197 3015 3430 3083 trigonus
3461 3008 3576 3064 sive
3604 3003 3826 3075 triplets-

2232 3140 2323 3178 τας
2351 3123 2570 3183 dicitur,
2600 3118 2758 3187 plane
2795 3113 2965 3183 ﬁgura
2996 3108 3172 3162 tribus
3204 3102 3364 3159 rectis
3391 3099 3550 3154 lineis
3598 3096 3713 3149 sive
3742 3093 3826 3146 Ia-

2231 3215 2436 3270 teribus
2484 3221 2540 3265 et
2577 3183 2799 3263 totidem
2830 3201 3039 3273 angulis
3069 3196 3376 3252 terminata.
3410 3188 3580 3259 Hujus
3610 3183 3829 3255 species

2234 3315 2347 3359 tres
2372 3311 2518 3368 sunt,
2553 3295 2891 3368 ortliogouius
2915 3289 3156 3354 scilicet,
3203 3294 3261 3339 et
3307 3277 3680 3351 ampligonius,
3733 3281 3822 3324 at-

2162 3377 2208 3440 C
2239 3411 2344 3465 que
2368 3391 2676 3463 oa'ygonius.

2315 3488 2657 3556 Orlltigouius
2680 3491 2764 3538 est
2795 3475 3094 3548 triangulus
3125 3485 3294 3529 unum
3324 3472 3536 3523 rectum
3564 3457 3830 3532 angulum

2242 3579 2450 3636 habens
2478 3582 2534 3630 et
2556 3573 2691 3630 duos
2711 3581 2920 3636 acutos,
2953 3566 3164 3622 taliter:

2780 3713 3289 3867 ὶ>

2317 3959 2362 4013 Α
2389 3965 2541 4013 recto
2569 3962 2750 4009 autem
2788 3949 3006 4020 angulo,
3055 3957 3215 4017 quem
3250 3939 3434 4000 habet,
3470 3945 3668 3988 nomen
3701 3943 3832 3997 pos-

2250 4050 2406 4107 sidet.
2452 4046 2653 4102 Orthon
2683 4017 2885 4113 quippe
2907 4039 3092 4094 Graece
3125 4041 3330 4088 rectum
3358 4046 3370 4081 :
3400 4040 3528 4095 gone
3574 4017 3835 4090 angulum

2250 4149 2426 4200 sonat.
2455 4139 2582 4193 lnde
2625 4112 2978 4205 Ortltogonius
3017 4126 3171 4198 quasi
3216 4116 3568 4188 rectiangulns
3608 4112 3836 4166 dicitur.

2321 4230 2678 4303 Ampligonius
2707 4201 3114 4292 estvtriaugulus
3138 4230 3306 4273 unum
3341 4210 3593 4267 hebetem
3621 4211 3678 4258 et
3701 4201 3843 4255 duos

2255 4336 2446 4384 acutos
2475 4323 2683 4378 habens
2708 4319 2964 4390 angulos,
2999 4316 3069 4368 ita
3098 4330 3113 4366 :

2182 4721 2236 4782 υ
2260 4707 2314 4756 εἴ
2330 4702 2430 4771 Qui
2456 4708 2512 4756 et
2541 4699 2656 4768 ipse
2684 4692 2751 4748 ab
2773 4688 2973 4744 hebete
2999 4676 3194 4748 angulo
3228 4689 3328 4730 suo
3356 4669 3654 4727 identidem
3685 4681 3841 4722 acce‘

2263 4798 2341 4869 pit
2363 4788 2702 4849 vocabulum.

2337 4877 2639 4955 Oxggonius
2667 4881 2845 4930 autem
2873 4874 2959 4923 est
3009 4857 3314 4932 triangulus
3365 4851 3618 4910 omnibus
3671 4845 3852 4903 acutis

2265 4963 2474 5068 angulis
2505 4967 2913 5030 determinatus,
2944 4960 3018 5016 ita
3047 4973 3064 5012 :

2794 5118 3317 5402 /\
