4082 6328
293 378 399 434 105

1679 378 1767 435 DE.
1806 368 2222 435 GEOMETRIA.

3434 391 3535 451 ιοθ

291 490 571 557 possibile,
596 499 732 547 utet
757 491 934 547 uuivis
954 491 1115 548 l'acile
1144 492 1464 564 intelligere,
1504 501 1561 550 et
1590 494 1644 549 in
1675 494 1862 565 liguris
1889 497 1942 555 Δ
1966 495 2109 549 acuti
2139 504 2464 565 superantur
2497 515 2528 555 a
2552 509 2721 557 recto.
2758 502 2825 558 Et
2855 502 2907 558 in
2931 501 3255 577 Ortbogonlo
3283 523 3424 566 unus
3450 525 3537 569 rer

290 597 480 637 eorum
508 578 679 639 oculis
708 576 851 639 valet
879 584 1197 654 approbare.

362 673 576 729 Habent
600 676 764 729 etiam
798 676 959 731 iidem
990 677 1184 746 trigoni
1219 676 1465 746 quaedam
1512 677 1616 733 alia
1651 693 1865 750 quoque

242 762 247 765 ⁴
289 765 396 820 tria
434 767 502 822 ad
529 768 914 823 discretionem
966 768 1049 823 sui
1079 768 1361 825 vocabula.
1398 769 1551 825 Alius
1577 770 1720 825 enim
1772 786 1867 827 co-

289 874 411 913 rum
442 858 754 930 isoplcurus,
787 860 925 917 alius
961 860 1194 926 isoceles,
1227 860 1364 915 alius
1384 862 1620 917 scalencs
1642 863 1862 918 dicitur.

361 946 669 1018 lsopleurus
693 959 778 1005 est
810 950 901 1021 qui
929 949 1179 1004 omnibus
1227 951 1525 1020 aequalibus
1555 952 1867 1007 continetur

288 1039 569 1097 lateribus.
621 1040 738 1096 Isos
777 1041 975 1113 quippe
1020 1040 1284 1112 wqualis;
1325 1039 1535 1111 pleuros
1585 1041 1725 1096 latus
1781 1042 1866 1097 di-

286 1133 454 1187 citur.

281 1358 488 1431 [saple-
509 1309 735 1550 Δ
874 1261 1078 1559 Δ
1118 1366 1295 1423 [soce-
1327 1252 1645 1545 ἢ
1685 1367 1865 1449 Scala-

317 1449 467 1493 erus.
1122 1438 1226 1505 les,
1716 1453 1829 1493 nos.

317 1449 467 1493 erus.
526 1438 564 1505 /
659 1438 713 1505 \
890 1438 924 1505 /
1025 1438 1063 1505 \
1122 1438 1226 1505 les,
1438 1438 1634 1505 \\
1694 1448 1829 1493 nos.

354 1594 605 1662 Isoccles,
637 1595 729 1667 qui
768 1596 873 1653 duo
900 1598 1065 1653 habet
1096 1596 1267 1654 latera
1296 1597 1549 1669 aequalia,
1574 1598 1664 1669 qui
1693 1598 1862 1654 etiam

278 1689 440 1758 quasi
472 1689 722 1745 cruribus
776 1689 1007 1756 insistit;
1045 1691 1259 1745 tertium
1287 1690 1577 1761 inaequale,
1621 1690 1763 1746 unde
1808 1699 1865 1746 et

280 1780 536 1845 isoceles,
562 1782 715 1851 quasi
738 1782 1094 1851 aequiorurius
1124 1782 1340 1837 dicitur.

1968 595 2088 641 ctus
2118 600 2223 653 est,
2251 599 2308 644 et
2335 590 2636 657 interiores,
2670 593 2721 648 id
2752 603 2835 649 est
2863 598 3029 663 acuti,
3063 598 3152 667 qui
3182 599 3333 667 item,
3364 611 3424 657 ut
3455 607 3537 660 di-

1968 684 2119 731 ctum
2147 686 2252 744 est,
2277 695 2441 735 unum
2471 693 2678 738 rectum
2706 686 2955 757 angulum
2982 690 3272 759 complent.

2038 768 2096 823 In
2146 772 2416 842 oxygonio
2449 788 2665 845 quoque
2691 775 2796 832 duo
2825 777 2967 832 acuti
2995 794 3161 834 unum
3204 790 3409 838 rectum
3446 800 3538 841 su-

1967 869 2178 929 perant,
2210 862 2303 917 sed
2332 862 2537 918 duobus
2574 873 2779 920 tantum
2810 868 3045 925 minores
3073 879 3231 939 sunt,
3273 885 3535 943 quantum

1970 951 2169 1005 tertius
2198 952 2448 1023 supplere
2486 958 2685 1026 poterit
2710 959 2953 1030 angulus.
2987 962 3054 1016 Et
3076 961 3231 1031 juxta
3270 966 3410 1022 hanc
3447 982 3536 1021 ra-

1970 1037 2198 1107 tionem,
2230 1043 2286 1096 ni
2314 1043 2492 1110 fallor,
2528 1048 2634 1101 erit
2656 1048 3061 1120 intelligendum
3092 1056 3234 1122 quod
3277 1056 3330 1109 in
3382 1066 3534 1113 cate-

1968 1132 2241 1201 goriarum
2266 1132 2572 1193 Aristotelis
2597 1136 3013 1197 Commentariis
3042 1158 3073 1197 a
3098 1143 3286 1200 Boetio
3329 1146 3533 1202 dictum

1968 1230 2088 1277 est:
2123 1223 2280 1280 Multi
2310 1244 2443 1296 ηερε
2483 1245 2682 1283 movere
2729 1230 2871 1284 soliti
2912 1243 3033 1287 sunt
3070 1236 3368 1305 scrupulum
3395 1254 3415 1292 :
3437 1242 3537 1294 sci-

1968 1329 2083 1369 mus
2112 1317 2433 1387 triangulum
2476 1329 2580 1375 tres
2606 1322 2878 1380 interiores
2903 1326 3120 1397 angulos
3149 1329 3350 1384 duobus
3382 1334 3533 1388 rectis

1967 1407 2172 1476 angulis
2204 1409 2391 1464 habere
2416 1428 2609 1482 arquos.

2041 1496 2134 1553 His
2176 1498 2391 1556 interim
2426 1504 2492 1558 de
2539 1513 2733 1560 natura
2794 1507 3186 1579 triangulnrum
3244 1516 3532 1585 expeditis,

1967 1587 2201 1656 qualiter
2240 1591 2471 1663 quisque
2519 1596 2769 1665 angulus,
2822 1608 3003 1654 utrum
3041 1610 3221 1657 rectus
3268 1618 3335 1657 an
3364 1605 3532 1664 hebes

1967 1686 2061 1732 aut
2094 1689 2283 1736 acutus
2306 1682 2398 1748 sit,
2426 1685 2658 1740 discerni
2698 1699 2861 1757 queat
2894 1690 3133 1746 breviter
3161 1692 3421 1762 dicamus,
3475 1707 3535 1753 ut

1966 1769 2170 1826 certius
2222 1775 2517 1843 requirenti
2554 1787 2733 1833 utrum
2776 1782 3072 1853 triangulus
3095 1784 3323 1856 quisque
3348 1791 3535 1845 ortho-

355 1867 632 1938 Scalenos,
654 1870 744 1939 qui
767 1869 948 1924 omnia
976 1870 1143 1925 latera
1174 1869 1454 1941 inaequalia
1482 1870 1709 1926 invicem
1732 1885 1859 1927 con-
1888 1862 1935 1923 Β
1962 1861 2176 1931 sonius.
2215 1879 2281 1918 an
2309 1866 2669 1940 ampligonius
2708 1871 2823 1928 sive
2855 1876 3155 1946 oxygonius
3179 1878 3270 1945 sit.
3299 1881 3532 1949 probare

281 1957 454 2024 tinet;
497 1957 777 2030 dictusque
812 1960 1046 2014 scalenos
1076 1960 1226 2030 quasi
1276 1960 1551 2031 grauatus,
1595 1976 1661 2017 eo
1713 1962 1857 2031 quod

280 2046 433 2101 velut
463 2048 754 2117 gradibus,
785 2049 851 2105 de
895 2065 1003 2105 uno
1041 2050 1095 2104 in
1140 2048 1287 2104 aliud
1327 2048 1651 2105 transfertur
1693 2050 1852 2108 latus.

280 2135 389 2193 Sed
419 2137 730 2207 isoplevrus,
758 2139 813 2194 id
840 2149 921 2195 est
954 2140 1296 2211 aequilaterus
1321 2139 1466 2195 solus
1485 2141 1660 2197 dictus
1681 2149 1857 2212 potest

278 2242 400 2283 esse
454 2228 697 2300 trigonus
740 2232 1064 2302 oxygonius;
1105 2229 1331 2287 isoceles
1359 2246 1489 2286 vero
1523 2239 1685 2301 atque
1731 2247 1855 2289 sca-

279 2318 386 2373 leni
412 2327 471 2373 et
505 2320 801 2391 orthogonii
831 2331 884 2376 et
907 2320 1234 2391 ampligonii,
1263 2323 1473 2392 ipsique
1506 2322 1633 2377 item
1661 2339 1853 2394 oxyga-

279 2411 354 2463 m'i
393 2421 651 2480 poterunt
679 2411 816 2466 ﬁeri.
853 2412 1058 2484 Singuli
1094 2413 1291 2484 quippe
1320 2430 1510 2470 eorum
1557 2423 1611 2469 et
1646 2416 1855 2472 duobus

278 2500 544 2556 lateribus
573 2502 885 2572 aequalibus,
918 2504 1077 2558 tertio
1093 2504 1362 2575 inaequali,
1380 2514 1433 2560 et
1447 2507 1697 2562 omnibus
1722 2507 1852 2562 inat-

277 2594 530 2664 qualibus
556 2594 730 2650 solent
753 2594 996 2650 formari.

863 2686 1090 2743 CAPUT
1144 2687 1270 2743 VIII.

683 2776 762 2832 De
804 2788 991 2832 natura
1038 2778 1443 2850 triangulorum.

349 2865 480 2921 Illud
519 2881 731 2937 quoque
783 2868 838 2923 in
890 2869 974 2924 his
1014 2869 1297 2940 triangulis
1347 2870 1663 2940 speculare,
1708 2870 1852 2940 quod

278 2956 431 3026 juxta
462 2958 831 3027 supradictam
870 2959 1119 3029 superius
1140 2961 1458 3031 angulorum
1491 2962 1849 3032 quantitatem

282 3047 338 3101 in
366 3047 515 3103 omni
546 3047 757 3118 trigono
799 3048 1121 3119 ampligonio
1152 3051 1391 3105 exterior
1415 3087 1432 3117 ,
1486 3052 1539 3105 id
1567 3060 1649 3104 est
1686 3051 1852 3106 hebes

284 3140 514 3206 angulus
544 3140 716 3210 major
742 3149 827 3195 est
854 3140 1097 3211 utrisque
1122 3141 1493 3208 interioribus,
1540 3142 1591 3197 id
1616 3150 1699 3197 est
1724 3158 1852 3197 acu-

1960 1953 2253 2011 valeamus.

2554 2070 2779 2130 CAPUT
2826 2071 2915 2132 IX.

1960 2192 2232 2263 Quomodo
2280 2211 2385 2258 tres
2429 2204 2739 2276 angulorum
2786 2210 2979 2280 species
3021 2213 3246 2268 discerni
3287 2216 3533 2273 valeant!

2030 2330 2087 2387 Si
2120 2334 2185 2390 de
2215 2335 2395 2407 aliquo
2446 2340 2659 2409 angulo,
2692 2352 2869 2413 utrum
2901 2355 3078 2404 rectus
3105 2364 3171 2405 an
3202 2350 3366 2408 hebes
3398 2368 3529 2410 acu.

1959 2429 2112 2479 tusve
2140 2425 2244 2493 sit,
2275 2427 2637 2495 dubitaveris,
2681 2432 2981 2503 bujusmodi
3022 2440 3387 2507 experimento
3442 2442 3522 2498 uti

1956 2515 2182 2583 poteris.
2212 2516 2294 2571 Ab
2320 2519 2534 2589 angulo,
2567 2521 2632 2576 de
2672 2538 2778 2592 quo
2816 2523 3059 2591 dubitas,
3109 2527 3162 2582 in
3194 2540 3422 2601 utraque
3458 2530 3529 2587 li-

1955 2619 2079 2669 nea,
2108 2620 2225 2674 qua
2248 2607 2300 2661 in
2326 2623 2390 2663 eo
2413 2614 2735 2667 conveniunt
2754 2655 2769 2680 ,
2799 2617 3058 2686 aequalem
3098 2635 3408 2678 mensuram
3434 2640 3503 2679 cu

1949 2693 2122 2764 jusvis
2152 2695 2500 2767 longitudinis
2525 2713 2790 2773 sumptam
2816 2709 3033 2775 punctis
3077 2712 3330 2784 utrinque
3371 2723 3530 2770 notao

1956 2794 2034 2851 to,
2059 2797 2113 2842 et
2136 2788 2205 2841 ab
2234 2804 2341 2843 uno
2368 2790 2434 2844 ad
2462 2790 2605 2847 aliud
2643 2806 2896 2863 punctum
2940 2810 3143 2854 rectam
3186 2802 3381 2858 lineam
3431 2806 3531 2860 du-

1955 2886 2114 2943 cens,
2144 2892 2371 2949 eamque
2415 2879 2467 2935 in
2519 2883 2625 2939 duo
2662 2898 2813 2956 {equa
2855 2888 3137 2956 dividens,
3184 2893 3527 2951 medietatem

1954 2965 2070 3036 ejus
2097 2977 2295 3036 puncto
2322 2969 2580 3040 signabis.
2610 2974 2655 3027 A
2686 2988 2791 3043 quo
2818 2976 3065 3033 videlicet
3096 2987 3297 3048 puncto
3326 2983 3372 3038 si
3412 2984 3528 3056 ipsa

1956 3059 2253 3129 eademque
2285 3074 2557 3127 mensura,
2591 3079 2695 3134 qua
2730 3067 3072 3124 medietatem
3107 3069 3262 3128 linea:
3297 3088 3419 3130 esse
3448 3077 3531 3131 in-

1958 3149 2193 3215 venisti,
2239 3150 2468 3222 angulus
2499 3153 2604 3218 ille,
2650 3155 2717 3210 de
2766 3173 2872 3227 quo
2911 3162 3240 3229 qumsieras,
3284 3162 3526 3235 distabit,

283 3232 352 3285 tis
389 3231 443 3285 in
497 3232 615 3301 ipso
653 3232 858 3287 scilicet
892 3233 1220 3305 ampligonio
1270 3235 1481 3305 trigono
1508 3250 1570 3290 ex
1622 3235 1851 3290 adverso
1879 3213 1925 3277 (ἶ
1961 3248 2145 3295 rectus
2168 3240 2292 3295 erit.
2324 3242 2380 3296 Si
2412 3240 2621 3314 longius
2645 3213 2851 3302 distans
2874 3213 2943 3303 al;
2975 3265 3038 3304 ea
3072 3267 3325 3309 mensura
3363 3213 3524 3312 attint

283 3324 632 3391 constitutis,
673 3324 884 3396 ipsique
927 3325 1034 3381 duo
1078 3341 1187 3383 non
1237 3328 1409 3382 solum
1463 3328 1731 3382 exteriore
1760 3327 1857 3384 sed

288 3421 450 3476 etiam
484 3430 637 3478 recto
658 3420 855 3493 angulo
882 3421 1121 3477 minores
1147 3421 1464 3493 probantur,
1499 3428 1558 3475 ut
1587 3420 1638 3474 in
1668 3419 1769 3475 hoc
1793 3422 1854 3492 :‘j

827 3575 1306 3743 Δ

349 3824 406 3879 1η
437 3826 584 3882 omni
612 3839 825 3897 quoque
855 3814 1123 3897 triangqu
1148 3809 1270 3881 ‘duo'
1297 3817 1495 3894 anguli'
1513 3838 1850 3895 quoquomo-

286 3916 351 3971 do
380 3919 579 3989 sumpti
606 3918 817 3973 duobus
837 3918 1002 3973 rectis
1025 3917 1237 3989 angulis
1260 3917 1497 3972 minores
1527 3925 1672 3972 sunt.

350 4009 405 4062 In
462 4010 612 4064 omni
656 4010 821 4064 etiam
865 4009 1134 4080 triangqu
1176 4009 1353 4064 minus
1394 4008 1537 4065 latus
1589 4006 1851 4080 majorem

287 4097 558 4167 angulum,
589 4099 763 4169 majus
791 4113 920 4155 vero
952 4099 1214 4154 minorem
1240 4096 1423 4163 ellicit.

351 4190 405 4245 Si
433 4190 487 4245 in
516 4191 756 4261 quolibet
776 4191 1028 4263 trianguli
1056 4190 1225 4245 latere
1252 4205 1282 4244 a
1312 4189 1510 4245 ﬁnibus
1524 4188 1712 4246 lateris
1731 4187 1852 4244 duae

284 4293 439 4335 rectae
479 4281 635 4337 lineae
679 4283 975 4337 introrsum
1021 4281 1295 4336 inclinatae
1344 4281 1599 4352 angulum
1628 4279 1851 4347 faciant,

282 4370 408 4439 ipsa:
459 4372 676 4442 quidem
727 4373 942 4429 caeteris
985 4371 1238 4442 trianguli
1299 4370 1560 4426 lateribus
1615 4370 1854 4426 minores

280 4470 442 4528 sunt;
479 4462 731 4535 angulum
762 4478 893 4520 vero
917 4461 1175 4532 majorem
1206 4460 1442 4517 elliciunt
1471 4462 1541 4516 ita
1566 4477 1582 4516 :

343 5114 404 5170 in
431 5112 579 5169 omni
599 5108 919 5184 orthogonio
947 5110 1239 5185 triangulo,
1256 5108 1402 5167 solus
1422 5114 1602 5164 rectus
1629 5101 1855 5176 angulus

281 5207 493 5262 duobus
517 5203 739 5275 reliquis
770 5202 1144 5268 interioribus,
1170 5203 1223 5256 id
1246 5208 1330 5256 est
1354 5199 1548 5260 acutis,
1590 5197 1856 5267 probatur

277 5295 519 5367 :equalis.
547 5295 604 5349 In
633 5294 902 5366 oxygonio
928 5301 1109 5349 autem
1146 5301 1260 5348 tres
1290 5289 1579 5345 interiores
1601 5328 1616 5353 ,
1668 5286 1719 5341 id
1772 5293 1856 5340 est

277 5386 420 5442 scuti
452 5384 647 5457 singuli
696 5386 903 5441 duobus
953 5384 1119 5439 rectis
1147 5380 1356 5455 angulis
1408 5379 1545 5449 aequi
1601 5384 1746 5440 sunt,
1801 5383 1857 5429 et

276 5476 498 5532 omnino
529 5476 582 5530 in
620 5475 874 5531 omnibus
913 5471 1196 5542 triangulis
1227 5470 1367 5524 idem
1393 5467 1573 5522 etvenit
1596 5506 1609 5527 ,
1643 5474 1700 5519 ut
1741 5476 1853 5518 tres

275 5582 467 5623 eorum
504 5565 687 5637 anguli
723 5564 929 5620 duobus
958 5562 1123 5618 rectis
1150 5560 1362 5633 angulis
1382 5558 1523 5629 aequi
1561 5557 1688 5611 sint.
1718 5553 1852 5609 Nam

278 5660 331 5713 in
375 5655 703 5726 ampligonio
730 5660 987 5723 quantum
1030 5651 1305 5713 exterior,
1348 5648 1402 5704 id
1447 5656 1529 5703 est
1564 5646 1730 5702 hebes
1760 5659 1853 5697 an-

277 5746 434 5817 gulus
461 5753 667 5802 rectum
698 5752 936 5813 superat,
966 5751 1172 5797 tantum
1209 5741 1316 5796 duo
1348 5738 1656 5804 interiores,
1687 5734 1738 5791 id
1770 5742 1854 5790 est

633 5859 907 5923 Parnon.
946 5855 1304 5918 CXXXIX.

1959 3329 2012 3401 gi
2041 3331 2369 3402 nequiverit,
2394 3341 2615 3401 acutus;
2667 3337 2709 3390 si
2739 3348 2918 3393 autem
2964 3342 3184 3412 prapior
3226 3360 3256 3400 a
3304 3346 3529 3415 pnelata

1958 3424 2358 3491 transgreditur
2385 3440 2659 3493 mensura,
2705 3430 2963 3498 obtusus,
3000 3435 3049 3487 id
3086 3443 3169 3491 est
3212 3436 3376 3493 hebes
3409 3455 3531 3495 esse

1959 3512 2313 3583 dignoscitur.
2343 3516 2501 3572 Verbi
2529 3519 2723 3590 gratia.
2757 3519 2827 3576 sit
2851 3524 3099 3596 angulus,
3148 3527 3213 3581 de
3243 3541 3348 3598 quo
3379 3531 3532 3586 dubi-

1962 3616 2063 3674 tus,
2087 3620 2156 3663 a:

2686 3732 2729 3791 A

2554 3778 2968 4103 Δρ

1955 4260 1985 4300 a
2016 4259 2123 4315 quo
2154 4244 2205 4300 in
2230 4252 2459 4317 utraque
2488 4245 2628 4301 linea
2650 4247 2841 4317 aequali
2870 4263 3120 4306 mensura
3151 4252 3315 4310 distet
3344 4254 3373 4309 ὁ
3398 4263 3451 4312 et
3478 4272 3528 4313 ε.

1956 4335 2211 4392 Medietas
2232 4336 2387 4393 linea:
2407 4353 2438 4392 a
2461 4338 2488 4392 b
2516 4337 2580 4392 ad
2603 4354 2631 4392 ε
2650 4339 2823 4395 ductae
2848 4340 2906 4395 lit
2930 4340 2983 4396 ά.
3006 4340 3064 4398 Si
3086 4359 3212 4416 ergo
3230 4360 3260 4399 a
3279 4346 3314 4399 d
3334 4359 3533 4417 puncto

1957 4428 1993 4483 b’
2015 4440 2070 4485 et
2097 4447 2124 4484 c
2152 4436 2208 4485 et
2235 4448 2267 4484 a
2310 4430 2503 4500 aequali
2535 4446 2788 4487 mensura
2831 4433 3053 4501 distent,
3079 4446 3261 4492 rectus
3300 4439 3531 4510 angulus

1882 4562 1940 4624 Β
1961 4536 1994 4573 a
2021 4520 2141 4575 erit.
2173 4518 2231 4575 Si
2276 4521 2454 4576 minor
2473 4521 2540 4577 ad
2574 4539 2605 4577 a
2627 4521 2814 4589 fuerit,
2835 4534 2995 4595 quam
3026 4528 3093 4582 ad
3124 4527 3153 4581 b
3180 4537 3235 4583 et
3263 4544 3314 4594 c,
3344 4530 3531 4585 hebes.

1965 4610 2023 4666 Si
2063 4621 2242 4668 autem
2289 4612 2483 4682 major,
2530 4624 2719 4671 acutus
2755 4617 2981 4688 angulus
3020 4635 3053 4672 α
3081 4632 3200 4675 esse
3244 4634 3349 4675 non
3379 4620 3536 4677 dubi-

1964 4712 2128 4759 tatur.

2033 4795 2132 4851 Vel
2162 4794 2340 4861 aliter,
2366 4791 2519 4866 juxta
2545 4794 2865 4867 Pythagora:
2886 4792 3185 4854 inventum.
3204 4799 3288 4855 Ab
3315 4798 3533 4871 angulo,

1961 4884 2029 4944 de
2053 4903 2160 4958 quo
2182 4885 2416 4955 dubitas,
2440 4886 2495 4944 in
2518 4906 2623 4944 una
2646 4888 2762 4959 ejus
2787 4888 2925 4946 linea
2957 4898 3069 4946 tres
3095 4892 3329 4960 :equales
3359 4892 3533 4962 longi-

1964 4979 2165 5035 tudinis
2188 4990 2490 5045 mensuras,
2516 4986 2699 5050 utpote
2720 4982 2905 5053 pedes,
2938 4982 2994 5037 in
3018 4980 3187 5038 altera
3215 4979 3331 5052 ejus
3359 4985 3532 5054 longi-

1963 5072 2164 5128 tudinis
2187 5081 2423 5143 quatuor
2442 5072 2747 5138 dimetiens,
2778 5073 2866 5128 ubi
2906 5070 3159 5143 utrinque
3194 5072 3397 5128 fuerint
3426 5082 3533 5128 ter-

1964 5164 2201 5229 minatas,
2231 5160 2444 5234 punctis
2486 5166 2719 5236 signato,
2747 5171 2802 5219 et
2836 5164 2904 5219 ab
2947 5176 3055 5219 uno
3089 5164 3280 5218 horum
3332 5173 3533 5233 puncto
3604 5202 3611 5208 -

1961 5251 2029 5308 ad
2052 5254 2280 5309 alterum
2308 5254 2505 5309 lineam
2538 5263 2744 5310 rectam
2770 5255 3039 5311 deducito.
3072 5255 3137 5309 Et
3163 5254 3209 5309 si
3236 5253 3350 5309 hazc
3392 5254 3533 5310 linea

1961 5343 2197 5415 quinque
2228 5345 2506 5413 aequaliter
2535 5345 2697 5414 pedes
2727 5343 2997 5409 habuerit,
3035 5342 3263 5413 angulus
3310 5341 3419 5407 illc,
3466 5344 3533 5400 de

1959 5448 2068 5503 quo
2116 5433 2363 5501 dubitas,
2412 5445 2594 5490 rectus
2629 5435 2771 5500 erit;
2816 5434 2859 5490 si
2892 5433 3015 5505 plus
3033 5440 3235 5506 fquam
3272 5434 3533 5503 quinque,

1956 5522 2153 5592 hebes;
2180 5526 2227 5581 si
2254 5535 2433 5582 autem
2462 5528 2672 5584 minus.
2718 5534 2909 5582 acutus
2947 5525 3250 5598 apparebit.
3282 5523 3537 5596 Exempli

1956 5632 2139 5686 causa,
2181 5626 2252 5674 sit
2275 5620 2387 5701 ipse
2417 5618 2641 5699 angulus
2648 5636 2720 5705 ,πε-
3408 5609 3413 5614 ’

3108 5818 3193 5909 ,ἑκ
