3986 5444
627 488 716 541 il!

622 601 671 654 id
707 609 788 654 εει
820 602 869 654 ll
1145 592 1214 668 Ι
1249 601 1473 654 duarttm
1522 598 1623 652 silit
1650 614 1836 650 narum
1879 607 1933 651 et
1974 599 2181 650 trientis

622 687 824 760 siliqua
864 690 1002 744 latus
1031 693 1133 744 erit
1173 689 1339 755 basis,
1382 689 1434 744 id
1469 699 1550 743 est
1577 615 1966 768 8ὲ-ςόξρεε
1994 688 2179 742 eodem

617 687 824 760 siliqua:
864 687 1002 744 laﬁis
1031 693 1133 744 erit
1173 689 1339 755 basis,
1382 689 1434 744 id
1469 699 1550 743 est
1577 687 1966 760 8Ἓ-ςδξςἜε
1994 688 2179 742 eodem

617 781 959 851 Itypotenusre
1014 797 1237 835 numero
1293 782 1435 835 basis
1473 781 1526 834 in
1575 797 1632 835 se
1675 784 1833 851 ducta
1874 781 2084 848 dempta
2135 778 2180 832 si

619 869 799 935 fuerit,
831 875 1173 936 remanentis,
1209 871 1260 925 id
1298 875 1380 926 est
1407 871 1526 935 608,
1565 846 1925 970 ειότόθιειιυε
1954 846 2186 940 tetrago-

619 959 758 1022 nale,
795 959 938 1029 quod
967 966 1048 1016 est
1071 957 1122 1024 6,
1152 958 1425 1016 cathetum
1457 956 1712 1015 restituit.
1738 958 1912 1028 Atque
1947 960 2060 1013 hare
2095 971 2182 1012 re-

618 1050 738 1117 gula
769 1051 819 1104 in
847 1051 1059 1106 caeteris
1082 1063 1293 1120 quoque
1319 1048 1652 1121 orthogouiis
1673 1047 1898 1118 probare
1919 1047 2182 1102 volentem

619 1156 888 1212 nunquam
921 1141 1076 1208 fallit,
1105 1142 1148 1197 si
1181 1141 1414 1198 lineares
1449 1137 1675 1197 laterum
1715 1155 1995 1197 mensuras
2034 1140 2184 1197 inve-

615 1231 735 1286 nire
754 1230 989 1286 libuerit.

685 1324 765 1377 Ad
787 1333 1116 1380 constratam
1149 1337 1277 1378 vero
1302 1321 1534 1388 embadi,
1560 1321 1612 1377 id
1635 1329 1716 1377 est
1737 1336 1878 1377 areas
1907 1306 2183 1390 quantita-

621 1424 726 1469 tem
754 1415 805 1468 in
827 1415 910 1470 his
931 1413 1300 1487 Pythagoricis
1321 1413 1655 1486 orthogoniis
1681 1414 2057 1469 inveniendam
2081 1412 2186 1466 hu-

611 1506 843 1576 jnsmodi
878 1506 1015 1562 habe
1041 1507 1306 1577 regulam;
1350 1501 1510 1560 trium
1558 1503 1788 1559 laterum
1835 1503 2184 1574 quantitates,

620 1595 864 1651 videlicet
891 1597 1108 1661 catheti,
1142 1593 1286 1652 basis
1319 1604 1370 1650 et
1408 1597 1748 1666 bypotenusa:
1786 1594 1837 1648 in
1879 1607 2043 1648 unum
2072 1588 2188 1648 col-

618 1687 886 1758 ligantur;
937 1690 1194 1744 medietas
1222 1686 1350 1743 hinc
1389 1696 1652 1750 sumatur,
1701 1694 1756 1741 et
1800 1685 1867 1739 ab
1907 1685 2009 1739 hac
2040 1682 2185 1738 basis

605 1779 926 1848 auferatur;
956 1782 1045 1852 qui
1069 1789 1330 1845 remanet,
1357 1794 1454 1851 per
1481 1778 1754 1834 calhetum
1779 1775 2181 1845 multiplicetur,

613 1882 667 1927 et
692 1889 899 1927 summa
935 1874 1060 1928 inde
1089 1881 1212 1926 nata
1237 1872 1574 1941 duplicetur;
1602 1867 1867 1938 duplicata
1897 1881 1992 1936 per
2020 1879 2179 1935 quar-

616 1975 724 2020 tam
755 1965 836 2020 sui
872 1975 1076 2035 partem
1104 1963 1500 2034 multiplicetur,
1528 1969 1774 2031 nataeque
1804 1959 1928 2014 inde
1963 1972 2185 2012 summa:
2219 1953 2259 2010 Β
2356 1951 3181 2035 Ιιι-εεηιιειιιίιιιιελνςιῃ.-ευὶιιε
3209 1968 3334 2009 area
3363 1963 3668 2010 constratas
3695 1956 3845 2026 pedes
3937 1978 3942 1993 ι

613 2055 753 2111 latus
779 2054 1104 2126 tetragonale
1124 2070 1221 2124 pro
1240 2054 1468 2111 embado
1491 2053 1770 2108 habeatur.
1797 2050 1956 2106 Verbi
1980 2049 2182 2121 gratia:

616 2146 820 2200 minimi
845 2146 894 2199 in
920 2143 1284 2214 superioribus
1306 2143 1637 2214 orthogouiis
1659 2142 1817 2196 trium
1840 2141 2066 2195 laterum
2089 2154 2192 2193 nu-

618 2250 812 2300 meros,
847 2234 898 2288 id
942 2245 1027 2288 est
1063 2233 1118 2299 5,
1165 2232 1218 2298 4,
1256 2233 1290 2288 5
1330 2233 1614 2302 conjuugo,
1647 2230 1774 2284 ﬁent
1805 2228 1933 2284 mihi
1963 2227 2060 2291 '12;
2091 2227 2188 2282 ho-

617 2342 732 2379 rum
759 2325 1018 2380 medietas
1044 2324 1077 2380 6
1108 2323 1230 2379 crit.
1266 2325 1391 2378 Inde
1414 2322 1623 2379 sublata
1655 2321 1710 2386 4,
1743 2319 1880 2382 basi,
1908 2319 1944 2373 2
1986 2316 2185 2372 residui

614 2431 709 2484 per
729 2415 1024 2480 catlietum,
1048 2414 1100 2469 id
1128 2422 1211 2470 est
1236 2413 1290 2481 5,
1315 2411 1460 2467 ducti
1483 2411 1516 2466 6
1542 2410 1776 2474 faciunt;
1807 2408 1896 2478 qui
1924 2406 2185 2477 multipli-

612 2507 717 2562 citi
755 2506 820 2560 12
855 2505 1170 2561 redduntur.
1219 2502 1283 2558 Hi
1323 2518 1417 2574 per
1449 2513 1696 2574 quartam
1743 2502 1824 2558 sui
1861 2510 2091 2572 partem,
2133 2499 2186 2554 id

616 2609 695 2654 est
743 2614 838 2669 per
880 2598 914 2653 5
954 2599 1117 2663 ducti,
1143 2595 1210 2651 36
1238 2594 1493 2651 elIiciunt.
1545 2595 1746 2650 llornm
1782 2595 1826 2651 si
1851 2593 1994 2650 latus
2019 2601 2186 2647 tetra-

617 2688 827 2760 gouale,
877 2689 1019 2758 quod
1067 2695 1151 2742 est
1195 2684 1248 2752 6,
1303 2685 1527 2758 accipio,
1588 2698 1729 2740 arcae
1776 2682 2187 2755 orthogoniique

615 2783 753 2836 hanc
789 2795 1051 2835 summam
1091 2779 1281 2835 habeo.

685 2871 742 2927 In
773 2871 945 2943 primo
989 2885 1223 2942 quoque,
1263 2884 1421 2940 quem
1457 2885 1578 2924 cum
1609 2867 1846 2924 minutiis
1891 2865 2067 2943 posui,
2097 2881 2188 2922 eo-

617 2963 736 3016 dem
765 2941 942 3025 modo,
984 2941 1028 3016 si
1061 2960 1288 3017 laterum
1331 2976 1532 3026 sumas,
1566 2960 1618 3016 id
1656 2969 1740 3016 est
1777 2960 1833 3029 4,
2089 2963 2187 3050 ςς

617 3053 827 3123 copalo,
859 3054 924 3107 16
951 3052 1197 3109 conficio.
1244 3054 1438 3119 Media,
1470 3055 1522 3108 id
1552 3062 1634 3110 est
1675 3052 1728 3118 8,
1784 3053 1906 3110 inde
1951 3059 2182 3121 sumpta,

615 3145 860 3232 limique,
894 3144 943 3200 id
974 3153 1055 3200 est
1079 3143 1111 3201 5
1147 3125 1390 3232 Ἠίηάε
1438 3144 1632 3212 ablata,
1679 3142 2012 3232 residuisLid
2040 3152 2122 3232 est
2148 3142 2183 3196 2

612 3221 842 3328 δ-ςρει·
882 3219 1196 3300 εειιιειυιιιῗ
1221 3219 1284 3328 id
1318 3245 1400 3328 est
1445 3236 1497 3301 4,
1541 3235 1733 3301 dnctis,
1766 3219 2179 3321 lOS-Shabcto.

617 3296 1038 3412 ﬂigdupiicatis,
1074 3296 1512 3412 ΞΟῘίΠς-ςΐιιείίξ,
1541 3296 1737 3412 quibus
1781 3296 1951 3398 ch'i
1995 3327 2099 3392 sui,
2131 3326 2184 3382 id
2213 3296 2257 3362 Ο

615 3431 695 3512 εει
740 3423 772 3477 5
955 3395 1128 3476 ductis
1164 3395 1907 3512 nciii_'t-’ts_,j.gg’oqu'ujus
1947 3425 2184 3512 ιειιηιιςο.ἶ

616 3511 735 3568 nale
779 3496 940 3577 latu's,
977 3511 1117 3581 quod
1143 3518 1226 3566 est
1254 3509 1321 3564 10
1525 3496 1598 3565 ἐἷ
1621 3496 1921 3578 sumpsero,
1975 3505 2188 3563 eiubadi

616 3604 780 3659 totius
809 3601 1082 3675 planitiem
1109 3601 1320 3671 impleo,
1351 3611 1406 3656 et
1439 3603 1507 3655 ita
1537 3601 1587 3654 in
1621 3599 1850 3654 cmteris.

688 3691 910 3748 Multum
940 3707 1068 3747 vero
1103 3689 1396 3761 simplicior
1439 3687 1750 3760 faciliorque
1793 3697 1846 3743 et
1891 3687 2191 3758 expeditior

613 3784 716 3838 erit
760 3782 940 3854 regula
987 3779 1197 3838 embadi
1236 3779 1540 3835 inveniendi
1571 3780 1623 3833 iu
1654 3778 1904 3833 omnibus
1931 3778 2188 3848 orthogo-

616 3875 726 3944 uiis,
741 3889 843 3928 una
875 3874 927 3928 in
954 3871 1202 3928 omnibus
1221 3886 1445 3942 prorsus
1467 3867 1746 3940 triangulis
1771 3868 2187 3938 universalihus,

615 3976 673 4019 ut
700 3963 905 4021 scilicet
927 3979 1021 4036 per
1047 3961 1320 4019 dimidium
1339 3960 1482 4017 basis
1509 3961 1752 4016 cathetus
1779 3959 2187 4030 multiplicetur,

614 4067 668 4115 et
696 4060 838 4130 quod
868 4058 990 4115 inde
1024 4058 1288 4125 creverit,
1322 4073 1417 4128 pro
1451 4056 1676 4112 embado
1701 4056 1978 4111 habeatur.
2037 4054 2188 4122 Quod

618 4155 756 4208 idem
795 4151 918 4217 erit,
949 4151 991 4206 si
1026 4151 1324 4205 converslm
1355 4163 1449 4220 per
1472 4148 1750 4202 dimidium
1799 4145 2002 4200 catheti
2050 4145 2190 4200 mul-

615 4245 882 4314 tiplicetur
928 4242 1073 4298 basis
1119 4241 1364 4312 integra,
1409 4249 1464 4296 et
1510 4241 1631 4295 inde
1678 4249 1860 4294 natum
1901 4239 2187 4294 embadum

612 4336 853 4402 dicatur;
887 4332 970 4390 vel
999 4333 1042 4389 si
1071 4342 1180 4388 tota
1206 4329 1350 4387 basis
1379 4347 1474 4402 per
1502 4339 1662 4385 totam
1688 4327 2184 4400 perpendicularem

618 4427 862 4492 ducatur,
887 4437 940 4482 et
963 4423 1073 4481 nati
1102 4419 1224 4479 inde
1263 4420 1470 4478 numeri
1513 4422 1772 4477 medietas
1809 4436 1948 4476 areae
1988 4421 2192 4474 tribua-

620 4529 724 4571 tur.
781 4516 912 4572 Cum
944 4515 1084 4586 enim
1109 4528 1206 4583 per
1227 4513 1495 4566 cathetum
1520 4510 1663 4566 basis
1683 4550 1698 4576 ,
1729 4510 1813 4565 vel
1837 4526 1932 4580 per
1959 4509 2189 4580 longitu-

617 4605 795 4660 dinem
839 4589 1065 4658 latitudo
1103 4601 1334 4665 ducitur,
1377 4600 1623 4669 quadrati
1651 4615 1789 4654 area:
1812 4600 2083 4668 quantitas
2108 4599 2183 4653 in-

620 4697 847 4750 venitur.
897 4696 1063 4761 Quem
1113 4708 1233 4748 cum
1283 4691 1631 4746 transversim
1661 4691 1726 4745 ab
1756 4690 1951 4762 angulo
1986 4691 2052 4745 ad
2095 4705 2187 4743 an-

618 4773 868 4855 angulum
910 4784 1140 4838 medium
1185 4783 1387 4849 divido,
1427 4782 1561 4836 duos
1595 4782 1846 4837 nimirum
1889 4779 2184 4851 triangulos

617 4881 718 4936 sibi
755 4879 980 4934 invicem
1011 4891 1193 4947 aequos
1225 4873 1416 4940 eﬂicio,
1452 4875 1573 4944 quia
1618 4873 1672 4928 in
1725 4882 1968 4943 utroque.
1996 4885 2182 4926 eorum

613 4969 953 5026 medietatem
985 4980 1124 5021 area:
1158 4963 1420 5034 tetragoni
1450 4960 1663 5016 invenio

689 5059 793 5115 Sed
819 5058 944 5114 huic
970 5065 1027 5111 ut
1061 5053 1302 5124 exempla
1327 5067 1539 5123 quoque
1570 5050 1766 5121 regula?
1791 5038 2092 5121 subjiciam,
2117 5063 2186 5105 ex

617 5148 985 5218 superioribus
1015 5142 1346 5215 ortliogoniis
1377 5141 1462 5196 ille
1488 5140 1614 5195 mibi
1651 5149 1999 5210 proponatur,
2036 5138 2187 5206 cujus

613 5239 860 5294 cathetus
895 5235 983 5302 15,
1013 5234 1156 5290 basis
1189 5233 1259 5288 20
1289 5231 1512 5302 pedibus
1539 5239 1846 5284 annotatur.
1896 5227 2187 5298 Multiplico

615 5330 794 5368 immm
822 5343 918 5368 nor
945 5325 1212 5368 mtlmtum
1239 5322 1408 5368 basim
1433 5321 1535 5368 hac
1566 5321 1722 5368 modo
1747 5338 1759 5368 ξ
1795 5318 1879 5368 15-
1920 5318 2008 5368 90.
2056 5319 2186 5368 ﬁent

1185 486 1537 543 SILVESTRI
1575 485 1616 540 11
1659 486 1854 540 ΡΑΡκΕ
1890 487 2036 541 OPP.
2067 483 2244 539 PARS
2276 482 2313 537 Ι.
2335 515 2403 525 —-
2426 486 2511 540 DE
2553 486 2824 542 DlSClPL.
2871 485 3175 542 MATZEEM.

2211 599 2254 655 Α
2286 600 2402 666 ped.
2434 573 2719 678 stag-3‘6.
2748 558 2949 686 (die,
2996 608 3052 652 ει
3100 597 3357 652 medietas
3406 597 3632 668 siliqum,
3687 603 3838 654 totius

3747 487 3839 541 ΗΞ

2284 689 2635 756 quantitatem
2666 687 2869 742 indicat
2901 703 3058 740 arca.
3106 687 3412 750 Eodemque
3440 689 3596 741 modo
3645 689 3697 741 in
3745 704 3839 743 ca)-

2282 780 2433 835 teris.

2273 866 2276 868 ’
2351 869 2504 936 Quod
2543 869 2588 925 si
2630 869 2870 925 minores
2909 885 3120 940 quoque
3159 870 3294 939 pede
3338 886 3616 926 mensuras
3665 881 3838 940 utpote

2281 960 2507 1030 palmes.
2563 960 2781 1026 uncias,
2819 959 3016 1029 digitos
3045 960 3095 1014 in
3122 961 3390 1029 praadictis
3409 962 3654 1017 embadis
3679 1002 3694 1024 ,
3719 973 3838 1031 quot

2281 1050 2412 1116 sint,
2453 1049 2589 1105 velis
2625 1050 2786 1113 scire.
2830 1049 3081 1119 respicito
3106 1049 3158 1104 in
3184 1050 3548 1119 superioribus
3575 1089 3589 1114 ,
3617 1060 3839 1120 quantas

2280 1155 2347 1200 ex
2377 1141 2461 1197 bis
2481 1139 2703 1212 singulis
2723 1140 2870 1212 pedis
2897 1140 3154 1196 constrati
3179 1141 3356 1211 capiat
3387 1155 3704 1196 mensuras-
3747 1141 3842 1195 lte-

2281 1231 2413 1303 cipit
2438 1231 2635 1302 quippe
2674 1245 2769 1301 pes
2815 1238 3140 1299 constratus,
3167 1239 3225 1284 ut
3257 1229 3460 1284 dictum
3496 1239 3599 1294 est,
3647 1230 3843 1300 palmo:

2282 1331 2477 1393 quater
2503 1329 2814 1392 quaternos,
2842 1320 2896 1375 id
2929 1328 3012 1375 est
3041 1318 3126 1384 i6,
3165 1319 3354 1374 uncias
3391 1333 3521 1374 vero
3565 1318 3841 1374 duodecies

2282 1413 2576 1476 duodenas,
2603 1413 2654 1467 id
2676 1422 2758 1468 est
2778 1411 2878 1466 144
2907 1452 2922 1472 .
2945 1412 3140 1481 digitos
3174 1412 3351 1466 decies
3396 1412 3573 1468 sexies
3601 1413 3840 1477 sedenos,

2282 1503 2335 1558 id
2364 1510 2444 1558 est
2466 1502 2590 1557 256.
2627 1500 2732 1556 Per
2749 1501 2850 1558 hos
2873 1500 3109 1569 singulos
3133 1515 3382 1556 numeros
3407 1503 3648 1572 priorum
3673 1518 3842 1558 aream

2282 1593 2720 1662 orthogoniorum
2763 1591 3154 1660 multiplicato,
3213 1600 3266 1644 et
3313 1592 3366 1646 in
3419 1593 3584 1662 priori
3637 1592 3842 1662 quidem

2282 1696 2430 1751 area,
2456 1699 2574 1754 quae
2600 1682 2698 1737 150
2719 1683 2877 1753 pedes
2908 1693 3212 1739 constratos
3239 1684 3438 1756 habet,
3468 1685 3714 1755 invenies
3737 1688 3842 1753 pal-

2284 1789 2404 1830 mos
2447 1782 2752 1829 constratos
2791 1772 2954 1841 2400,
3002 1772 3187 1829 uncias
3213 1772 3407 1839 2i600,
3450 1773 3649 1844 digitos
3676 1783 3844 1829 autem

2284 1873 2583 1919 coastratos
2616 1863 2808 1921 38100.

3087 2044 3404 2129 εριιεξιὶιιιιι
3442 2046 3558 2116 ejus
3595 2024 3844 2112 continet,

2286 2111 2523 2235 repc‘rie's
2548 2111 2902 2235 palmes
3128 2111 3416 2235 iet
3434 2111 3566 2235 duas
3592 2111 3844 2235 siliquas

2287 2196 2473 2319 timebis
2516 2196 2643 2282 vero
2692 2196 2898 2319 38535
2927 2196 3656 2319 ’quii’iquel‘crg‘mmitos
3698 2196 3844 2294 6863,

2285 2308 2444 2396 5-5-5
2485 2321 2722 2389 quinque
2755 2293 2882 2401 5-5
2918 2359 2930 2382 ,
2959 2293 3012 2374 et
3040 2293 3172 2375 duas
3197 2293 3420 2389 siii'q‘u’as
3446 2293 3734 2376 contineri.
3789 2293 3848 2373 Et

2286 2411 2472 2464 eodem
2503 2411 2553 2464 in
2581 2410 2786 2464 caneris
2812 2411 2985 2464 modo.

2355 2500 2508 2567 Quod
2533 2500 2575 2555 si
2600 2501 2760 2553 etiam
2790 2515 2918 2571 ager
2955 2500 3257 2570 hujusmodi
3289 2499 3596 2569 orthogonii
3645 2499 3847 2555 schema

2287 2599 2473 2646 tenens
2497 2591 2830 2661 proponitur,
2863 2601 3045 2660 utpote
3087 2591 3242 2660 cujus
3284 2591 3529 2645 cathetus
3579 2591 3672 2656 60,
3703 2592 3847 2666 basis

2285 2683 2372 2747 80,
2417 2683 2746 2755 hypoteuusa
2796 2680 2896 2736 £00
2943 2681 3163 2750 perticis
3192 2681 3467 2746 metiatur,
3506 2690 3578 2743 et,
3615 2691 3746 2751 quot
3773 2682 3848 2751 ju-

2286 2792 2412 2848 gera
2475 2774 2558 2828 vel
2615 2782 2743 2844 quot
2800 2773 3122 2843 agripennos
3174 2773 3470 2839 contineat,
3519 2773 3845 2844 iuquiratur;

2286 2868 2478 2938 primo,
2516 2881 2611 2935 per
2642 2869 2935 2931 cathetum,
2975 2865 3022 2918 id
3055 2873 3135 2917 est
3165 2863 3252 2929 60,
3293 2862 3490 2928 basim,
3513 2880 3636 2934 quae
3659 2875 3739 2920 est
3763 2865 3843 2927 80,

2285 2957 2618 3025 multiplico:
2662 2955 2789 3012 fient
2829 2955 2986 3011 4800.
3034 2954 3234 3009 [lorum
3267 2955 3636 3020 medietatem,
3675 2957 3727 3010 id
3773 2962 3848 3009 est

2283 3048 2424 3104 ειοο
2456 3063 2553 3118 pro
2588 3050 2875 3103 constratis
2900 3046 3062 3101 totius
3093 3045 3205 3116 agri
3247 3045 3471 3114 perticis
3491 3045 3684 3100 habeo.
3731 3045 3846 3098 Post

2287 3147 2487 3202 autem,
2538 3137 2747 3207 quoties
2799 3137 2851 3191 in
2893 3136 2994 3190 hoc
3044 3149 3267 3190 numero
3307 3143 3594 3189 constrata:
3643 3135 3846 3204 perticae

2289 3229 2446 3283 utrius
2483 3225 2657 3299 iugeri
2698 3227 2822 3290 288,
2877 3225 2958 3282 vel
3011 3225 3320 3296 agrippeuni
3351 3226 3532 3289 unius,
3566 3225 3619 3280 id
3646 3234 3725 3279 εει
3757 3224 3846 3278 ιιι

2288 3319 2654 3384 cohibeantur,
2686 3316 2917 3388 inquiro.
2963 3315 3100 3372 Sunt
3127 3330 3253 3373 vero
3285 3314 3337 3370 in
3374 3315 3513 3370 2600
3536 3315 3708 3373 octies
3729 3313 3842 3378 288,

2289 3423 2340 3468 et
2377 3414 2595 3480 insuper
2637 3412 2790 3465 tertia
2827 3425 3010 3464 eorum
3056 3424 3218 3479 pars:
3248 3407 3346 3462 H5
3389 3424 3514 3464 vero
3566 3409 3622 3463 iu
3670 3411 3846 3463 eodem

2290 3522 2512 3560 numero
2541 3504 2778 3559 sedecies
2809 3503 3070 3557 habentur
3099 3511 3153 3555 et
3187 3495 3328 3556 bisse
3365 3517 3583 3564 eorum;
3611 3501 3768 3572 igitur
3799 3501 3846 3552 in

2288 3598 2564 3668 proposito
2591 3613 2718 3667 agro
2739 3595 3053 3664 orthogonio
3082 3594 3347 3664 triangula
3373 3591 3636 3662 8jngera,
3669 3601 3722 3644 et
3749 3601 3847 3645 ter-

2291 3687 2420 3743 tiam
2452 3697 2657 3756 partem
2694 3686 2887 3756 jugcri,
2933 3685 3289 3755 agrippcunos
3316 3693 3494 3736 autem
3534 3682 3614 3746 l6,
3645 3692 3699 3736 et
3727 3681 3850 3736 duas

2290 3779 2477 3834 tertias
2501 3778 2809 3848 agrippcnui
2835 3776 2992 3830 unius
3017 3776 3278 3830 contineri
3305 3791 3408 3829 non
3433 3772 3654 3827 dubium
3686 3782 3782 3827 est.

2362 3871 2466 3926 Sed
2487 3870 2736 3940 quoniam
2758 3869 2822 3923 de
2853 3868 3168 3922 invenienda
3199 3868 3251 3920 in
3281 3866 3363 3920 his
3391 3865 3725 3934 orthogouiis
3743 3879 3847 3918 emo

2295 3963 2420 4018 badi
2456 3962 2757 4032 quantitate
2787 3961 2918 4012 satis
2948 3947 3148 4012 dictum
3172 3967 3276 4021 εει,
3306 3957 3464 4010 aliam
3492 3957 3727 4027 regulam
3758 3957 3845 4010 ad-

2290 4057 2415 4120 huc,
2447 4070 2550 4124 qua
2578 4068 2672 4122 per
2699 4053 3044 4122 hypotenusa:
3075 4058 3128 4103 et
3151 4048 3361 4103 embadi
3394 4063 3647 4102 muueros
3675 4047 3848 4101 cathe-

2293 4156 2403 4200 tum
2449 4154 2501 4198 et
2532 4143 2702 4198 basim
2745 4142 3040 4211 reperiunt,
3073 4137 3262 4208 subjici
3297 4147 3565 4209 putamus,
3611 4155 3732 4212 qua:
3773 4146 3850 4192 est

2291 4234 2624 4304 ltujnsntodi:

2359 4328 2592 4382 Numero
2619 4327 2964 4398 hypotenusa:
2997 4326 3048 4382 in
3085 4341 3143 4381 se
3171 4327 3328 4382 ducto
3351 4334 3581 4398 quatuor
3601 4322 3846 4379 embado-

2290 4435 2408 4473 rum
2444 4419 2802 4472 numerositas
2833 4417 3145 4484 adjiciatur,
3173 4427 3226 4474 et
3255 4418 3414 4487 hujus
3442 4417 3602 4473 simul
3634 4427 3847 4471 summa:

2290 4509 2431 4565 latus
2461 4509 2787 4580 tetragonale
2816 4519 3079 4573 sumatur,
3113 4509 3271 4578 idque
3298 4509 3442 4564 basis
3459 4517 3511 4561 et
3531 4508 3731 4562 catheti
3755 4520 3845 4558 nu-

2293 4614 2496 4652 merum
2527 4597 2684 4652 simul
2713 4596 2991 4666 complecti
3017 4613 3120 4650 non
3147 4595 3436 4651 dubitetur.
3473 4595 3541 4650 Ut
3565 4609 3693 4649 vero
3717 4592 3846 4645 utri-

2290 4705 2394 4758 que
2415 4703 2619 4751 eormu,
2644 4688 2756 4741 basi
2779 4688 2983 4741 scilicet
3002 4697 3055 4742 et
3075 4689 3308 4751 catheto,
3333 4703 3462 4742 suus
3481 4685 3735 4740 distincte
3757 4699 3848 4736 nu-

2291 4793 2475 4832 merus
2505 4778 2777 4840 reddatur,
2810 4792 2874 4831 ex
2905 4792 3126 4830 numero
3157 4778 3498 4848 hypotenusae
3524 4775 3577 4828 in
3611 4788 3668 4829 se
3696 4773 3847 4826 ducto

2287 4869 2320 4922 4
2351 4868 2572 4922 embada
2613 4867 2890 4932 subtraho,
2941 4875 2993 4919 et
3025 4867 3220 4921 residui
3262 4867 3437 4919 adhuc
3476 4863 3685 4918 muneri
3717 4862 3850 4914 latus

2293 4959 2623 5030 tetragonalc
2658 4972 2843 5023 sumo;
2886 4957 3042 5025 idque
3081 4957 3327 5028 superius
3357 4957 3573 5010 invento
3604 4959 3844 5013 numero,

2292 5054 2382 5117 qui
2413 5052 2583 5108 basim
2615 5061 2667 5106 et
2695 5052 2962 5106 cathetutn
2986 5049 3209 5105 confuse
3239 5048 3568 5110 continebat,
3598 5045 3844 5114 adjuugo,

2293 5146 2560 5199 cthorum
2593 5142 2749 5196 simul
2782 5141 3117 5195 medietatem
3162 5138 3351 5210 majori
3396 5153 3459 5192 ex
3511 5137 3618 5200 bis,
3669 5143 3848 5205 utpote

2292 5232 2430 5297 basi,
2468 5232 2741 5303 propriam
2774 5231 2965 5284 tribuo.
2996 5229 3170 5299 Ipsum
3192 5243 3319 5284 vero
3349 5227 3489 5281 latus
3522 5221 3847 5294 tetragonale

2295 5323 2336 5368 si
2371 5323 2437 5368 ah
2466 5327 2652 5368 endem
2693 5334 2940 5368 numero.
2978 5320 3066 5368 aui
3099 5320 3266 5368 basim
3291 5316 3451 5368 simul
3496 5324 3552 5368 et.
3579 5315 3846 5368 cathetutn

2286 2044 2356 2099 εδ
