4082 6328
294 359 390 416 117
587 351 592 360 ’
1657 357 1744 411 DE
1781 357 2198 412 GEOMETIUA.
3417 361 3517 416 H8

293 446 888 540 secundum—quosdam,
919 466 1058 538 quod
1092 467 1274 522 verius
1302 477 1404 532 est,
1433 467 1658 538 digitum
1687 482 1850 520 unum
1879 472 1928 527 Α
1957 466 2158 520 dietate
2183 467 2431 536 quadrati
2471 468 2835 524 medielinium
2864 469 3093 531 steterit,
3123 471 3216 526 sed
3247 472 3298 526 in
3317 475 3520 543 primo,

295 575 344 616 et
371 562 584 616 tertiam
612 560 781 630 digiti.
1953 567 2047 610 aut
2079 558 2130 611 in
2164 559 2419 620 secundo,
2447 569 2538 615 aut
2569 563 2620 614 in
2648 563 2828 626 tertio,
2857 571 2949 615 aut
2979 563 3030 615 in
3063 563 3241 631 aliquo
3270 568 3517 632 quadrati

363 653 575 705 Palmm
605 650 765 704 habet
792 649 986 720 digitos
1011 657 1258 716 quatuor,
1291 647 1477 700 uncias
1503 658 1629 703 tres.
1950 647 2142 716 gradu,
2177 649 2240 702 12
2271 650 2524 718 gradibus
2547 650 2776 712 collatis,
2808 651 2980 720 qualis
3010 650 3171 705 fuerit
3197 652 3413 707 collatio
3441 657 3519 708 in-

359 741 513 794 Sexta
567 739 760 812 digitos
804 738 1110 804 duodecim,
1149 739 1340 793 uncias
1382 752 1592 802 novem,
1644 738 1847 807 palmos
1948 746 2030 790 ter
2059 735 2178 790 illos
2205 737 2413 806 aliquos
2435 739 2678 805 quadrati
2707 740 2903 808 gradus
2928 749 2981 792 et
3005 740 3090 802 12,
3111 740 3231 794 talis
3255 743 3360 796 erit
3381 742 3525 797 inter

293 843 412 886 "es.
1945 823 2220 892 planitiem
2246 835 2300 880 et
2325 826 2660 880 altitudinem
2685 830 3122 895 meusurandam,
3144 837 3350 885 statura
3373 847 3526 886 meu-

359 918 676 990 Pes.digitos
704 919 791 987 16,
820 921 1006 976 uncias
1033 919 1120 986 {2,
1144 920 1350 991 palmes
1375 920 1427 985 4,
1450 929 1657 975 sextam
1685 936 1846 976 unam
1947 916 2087 971 s'oris
2113 916 2386 988 adjuncta.
2805 965 2814 974 μ

291 1021 340 1064 et
366 1012 576 1065 tertiam
605 1013 740 1083 ejus.
2490 1056 2500 1067 .
2523 1005 2748 1062 CAPUT
2783 1007 2944 1063 XVII.

359 1103 661 1158 ιητενειιιιιε
691 1105 880 1174 pedem
917 1119 1082 1158 unum
1129 1103 1184 1158 in
1233 1103 1535 1168 latitudine,
1567 1103 1752 1158 uncias
1776 1103 1848 1160 25
1947 1093 2029 1150 Ad
2060 1095 2392 1154 altitudinem
2450 1099 2854 1174 ittacceasibilem
2905 1116 3020 1155 cum
3078 1101 3362 1174 horoscopo
3414 1121 3524 1161 me-

295 1193 343 1246 ia
372 1170 725 1263 longitudine.
2611 1172 2744 1222 tiend

2611 1170 2860 1222 tiendam.

351 1283 568 1338 Cubitus
609 1285 980 1354 sesquipedem
1005 1326 1022 1353 ,
1074 1293 1258 1340 sertas
1311 1283 1370 1351 2,
1417 1283 1623 1352 palmes
1651 1283 1702 1346 6,
1748 1300 1848 1339 uno
2011 1280 2091 1336 Ad
2119 1280 2456 1337 altitudinem
2497 1281 2930 1337 inaccessibilem-
2963 1283 3032 1338 ob
3062 1281 3207 1339 ﬂuvii
3257 1285 3338 1340 vel
3367 1286 3521 1342 vallis

292 1376 396 1430 eias
425 1375 510 1439 18,
537 1376 736 1444 digitos
764 1376 854 1430 24.
1949 1369 2350 1440 impeditionem
2397 1372 2470 1426 sit
2519 1371 2746 1426 altitudo
2775 1372 3044 1441 quaelibet,
3077 1385 3138 1428 ut
3166 1384 3248 1429 est
3277 1393 3308 1430 a
3335 1377 3384 1441 ὸ,
3419 1377 3520 1432 sit-

351 1465 558 1518 Gradus
608 1466 773 1521 habet
814 1468 977 1536 pedes
1021 1467 1095 1532 2;
1157 1483 1342 1536 passus
1389 1466 1464 1532 5;
1520 1467 1716 1536 pertica
1772 1465 1843 1532 9;
1949 1477 2053 1531 que
2079 1460 2224 1516 lluvii
2261 1461 2344 1516 vel
2389 1462 2546 1516 vallis
2569 1462 2867 1532 impeditio,
2900 1472 2958 1517 ut
2987 1471 3069 1518 est
3099 1463 3126 1516 ὁ
3156 1481 3201 1518 c.
3237 1463 3400 1520 Sume
3430 1467 3527 1522 ho—

289 1555 430 1609 clima
462 1556 551 1610 60.
1947 1566 2230 1621 roscopum
2256 1563 2406 1606 stans
2443 1555 2495 1607 in
2529 1553 2642 1622 ripa
2675 1569 2722 1618 c,
2755 1562 2806 1605 et
2841 1567 2934 1622 per
2961 1562 3252 1624 utrumque
3282 1555 3523 1611 foramen

351 1649 504 1702 Actus
537 1650 590 1702 in
624 1649 906 1703 latitudine
935 1649 1054 1706 110.
1088 1650 1138 1703 in
1168 1649 1498 1719 longitudine
1525 1648 1646 1703 120.
1951 1644 2244 1699 mediclinii
2272 1644 2635 1698 summitatem
2664 1661 2695 1696 a
2733 1643 3018 1712 diligenter
3065 1643 3288 1714 inspice.
3335 1645 3528 1700 Consi»

351 1739 629 1809 Iugerum,
669 1740 812 1810 quod
843 1739 900 1792 lit
924 1739 1128 1808 junctis
1154 1741 1362 1796 duobus
1387 1740 1614 1806 actibus,
1650 1739 1702 1793 in
1732 1737 1850 1792 Ion-
1951 1738 2077 1800 dera
2109 1752 2390 1791 numerum
2435 1738 2696 1806 graduum
2732 1737 2783 1790 in
2832 1751 3080 1791 mensura
3127 1737 3402 1807 quadrati,
3433 1741 3522 1809 qui

287 1829 514 1898 gitudine
537 1828 668 1888 210,
702 1830 755 1883 in
793 1829 1075 1884 latitudine
1102 1830 1227 1884 220.
1853 1811 1918 1871 υ
1949 1827 2096 1880 verbi
2123 1842 2286 1881 causa
2318 1817 2535 1881 notatur
2563 1826 2906 1896 quaternario
2934 1841 3176 1890 numero,
3223 1841 3318 1894 per
3363 1843 3523 1897 quem

353 1917 597 1972 Centurio
629 1919 755 1974 200.
1951 1934 2158 1973 summa
2209 1919 2372 1973 totius
2415 1917 2660 1987 quadrati
2705 1917 2910 1972 scilicet
2957 1917 3058 1971 IM
3109 1918 3420 1983 dividatur,
3471 1930 3527 1974 et

353 2010 595 2064 Stadium
626 2012 788 2081 pedes
819 2013 943 2076 625’,
980 2015 1304 2083 passusl25.
1949 2020 2139 2080 quarta
2170 2026 2292 2080 pars
2323 2018 2554 2078 reperta,
2586 2008 2834 2064 videlicet
2867 2009 2934 2063 56
2963 2011 3358 2066 conscribatur.
3395 2012 3520 2066 Post

349 2099 660 2157 Nilliarium
687 2118 877 2172 passus
914 2105 1067 2169 I000,
1099 2106 1267 2159 stadia
1297 2106 1353 2160 8.
1949 2101 2067 2155 haec
2093 2100 2157 2154 de
2183 2117 2210 2154 c
2236 2101 2302 2154 ad
2331 2101 2365 2153 α
2391 2111 2537 2154 certa
2587 2101 2744 2170 spatii
2777 2102 3047 2169 quantitas
3091 2102 3364 2167 metiatur,
3405 2117 3525 2172 quae

1948 2188 2179 2258 exempli
2205 2188 2275 2242 40
2305 2189 2498 2260 pedum
2540 2199 2904 2258 praeponatur.
2953 2188 3152 2242 lterum
3183 2205 3334 2243 sume
3363 2189 3524 2244 born..-

1949 2295 2172 2350 seopum
2205 2290 2353 2337 stans
2384 2280 2438 2334 in
2471 2280 2574 2334 ﬁne
2605 2280 2657 2342 ά,
2690 2289 2746 2334 et
2789 2294 2885 2349 per
2931 2287 3220 2348 utrumque
3255 2281 3522 2343 foramen,

1947 2380 2008 2426 ut
2054 2373 2205 2442 prius
2255 2371 2617 2427 summitatem
2665 2389 2697 2424 a
2730 2371 2952 2440 inspice.
3003 2370 3280 2441 Perpende
3330 2370 3525 2427 iterum

345 2457 398 2512 Si
430 2457 595 2513 fuerit
627 2457 851 2513 altitudo
879 2457 1297 2530 inaequalitate,
1336 2458 1424 2514 tali
1463 2461 1658 2529 poterit
1695 2476 1842 2517 men-
1949 2475 2230 2516 numerum
2261 2458 2519 2530 graduum
2549 2457 2600 2512 in
2633 2460 2916 2530 quadrato,
2943 2459 3032 2529 qui
3060 2460 3304 2530 signatur
3337 2461 3388 2514 in
3417 2470 3533 2514 ter...

286 2550 446 2603 surari
481 2549 840 2620 inspectione.
896 2548 1153 2604 Sumatur
1201 2549 1269 2604 ab
1309 2550 1576 2603 altimetra
1623 2551 1850 2605 astrola-
1949 2551 2102 2604 nario
2132 2564 2380 2614 numero,
2407 2564 2504 2618 per
2529 2564 2687 2618 quem
2735 2548 2910 2602 denuo
2954 2563 3163 2602 summa
3195 2549 3356 2602 tutius
3387 2563 3519 2617 qua—

286 2641 438 2702 biam,
465 2651 522 2696 et
549 2642 607 2695 in
639 2641 923 2695 medietate
948 2640 1194 2710 quadrati
1227 2640 1276 2693 iu
1301 2641 1505 2709 postica
1533 2638 1650 2708 ejus
1679 2640 1851 2709 plani-
1951 2641 2088 2695 drati
2136 2641 2426 2704 dividatur,
2470 2647 2525 2693 et
2570 2654 2693 2708 pars
2743 2638 2898 2693 tertia
2927 2679 2940 2704 ,
2968 2653 3085 2707 qua:
3131 2647 3214 2693 est
3247 2638 3336 2700 $8,
3366 2638 3518 2710 juxta

290 2731 349 2783 tie
378 2731 581 2784 exarati
618 2729 978 2785 constituatur
1012 2729 1395 2794 medielinium,
1423 2740 1481 2784 ut
1510 2729 1611 2783 hac
1641 2730 1848 2784 scilicet
1911 2743 1916 2752 '
1951 2738 2224 2802 quartam,
2257 2745 2374 2799 quae
2404 2737 2485 2784 est
2511 2729 2598 2794 '56,
2629 2729 3019 2790 conscribatur,
3057 2735 3112 2782 et
3139 2728 3314 2781 minor
3337 2744 3526 2782 nume-

287 2821 534 2888 positione
563 2828 678 2875 stet
711 2819 1074 2874 mediclinium
1119 2819 1339 2874 alterius
1369 2819 1536 2889 partis
1568 2819 1845 2874 astrolabii
1952 2835 2045 2874 rus
2075 2821 2140 2874 de
2171 2817 2396 2886 majore,
2429 2819 2479 2872 id
2517 2828 2598 2872 est
2632 2819 2702 2872 36
2728 2819 2793 2872 de
2821 2818 2890 2874 48
2923 2816 3158 2880 tollatur,
3186 2825 3239 2870 et
3266 2817 3406 2883 quod
3439 2834 3523 2870 rr-

289 2912 334 2966 in
361 2927 584 2966 numero
611 2912 873 2983 graduum
903 2911 1108 2966 dierum
1130 2912 1218 2977 t5,
1245 2920 1298 2966 et
1322 2912 1505 2966 taudiu
1533 2913 1600 2966 ab
1629 2927 1694 2966 eo
1724 2919 1850 2965 ante
1952 2917 2156 2972 manet,
2188 2909 2238 2962 id
2266 2917 2348 2961 est
2378 2907 2443 2961 12
2472 2922 2593 2966 cum
2644 2906 2814 2960 latere
2856 2905 3128 2974 quadrati,
3157 2905 3299 2974 quod
3326 2913 3406 2959 est
3440 2903 3524 2967 I2,

287 3009 334 3054 et
360 3011 496 3056 retro
534 3001 862 3056 aestimando
891 3010 1164 3071 pergatur,
1197 3001 1368 3055 donec
1413 3016 1512 3070 per
1555 3011 1852 3071 utrumque
1957 3006 2324 3068 comparetur,
2349 3005 2404 3050 et
2427 3010 2683 3050 numerus
2713 3011 2997 3050 remanens
3022 3004 3076 3050 et
3105 2995 3244 3051 latus
3273 2997 3524 3065 quadrati

289 3088 439 3160 ipsius
462 3089 759 3146 mediclinii
787 3089 1026 3144 foramen
1054 3089 1350 3144 altitudinis
1374 3089 1658 3144 summitas
1685 3089 1851 3160 inspi-
1953 3088 2173 3157 mualis
2195 3086 2597 3157 pronuntietur,
2615 3093 2671 3139 et
2693 3087 2831 3139 sicut
2857 3085 3098 3140 ultimum
3125 3101 3410 3141 remanens
3435 3087 3524 3151 12,

288 3183 465 3236 ciatur.
489 3183 619 3250 Qua
640 3182 896 3251 inspecta,
923 3180 1040 3236 loco
1068 3181 1121 3234 in
1168 3196 1275 3249 quo
1299 3181 1448 3235 stetit
1477 3195 1693 3235 mensor
1723 3189 1848 3234 nota
1878 3169 1922 3231 C
1953 3179 2200 3252 quadrati
2248 3177 2405 3232 lateri
2450 3177 2516 3232 12
2557 3177 2762 3246 aequale
2791 3177 3035 3241 trahetur,
3069 3178 3150 3232 sic
3178 3179 3406 3247 spatium
3437 3178 3471 3231 ιι
3501 3195 3527 3232 c

289 3271 643 3339 imprimatur,
693 3279 748 3325 et
794 3271 918 3325 huic
965 3271 1303 3339 impressioni
1347 3280 1554 3326 statura
1589 3271 1854 3327 mensoris
1952 3271 2127 3341 spatio
2153 3288 2185 3322 a
2209 3271 2236 3323 b
2257 3269 2464 3340 aequale
2487 3267 2798 3334 allirmetur,
2820 3277 2874 3324 et
2898 3279 3058 3340 quota
3080 3285 3208 3339 pars
3236 3270 3527 3338 tertiarius,

289 3360 620 3432 adiungatur.
651 3359 780 3416 Post
822 3360 934 3416 haec
971 3359 1123 3416 locus
1161 3363 1274 3430 ipse
1301 3362 1583 3432 diligenter
1609 3371 1859 3428 notetur,
1953 3361 2046 3431 qui
2071 3369 2153 3416 est
2177 3360 2398 3415 ultimus
2444 3375 2701 3415 numerus
2725 3360 2984 3430 graduum
3031 3359 3084 3414 in
3119 3361 3204 3425 12,
3231 3359 3530 3429 iudicatur,

289 3451 421 3506 etab
447 3466 511 3505 eo
549 3465 727 3521 usque
751 3451 820 3506 ad
853 3451 1087 3506 radicem
1117 3451 1416 3506 altitudinis
1447 3462 1554 3507 tota
1603 3451 1855 3522 planities
1954 3451 2142 3506 eadem
2170 3466 2296 3520 pars
2323 3469 2354 3505 a
2387 3449 2415 3504 b
2445 3451 2678 3520 spatium
2711 3450 2762 3504 in
2791 3450 2825 3504 ά
2860 3449 2889 3503 b
2917 3451 3088 3520 spatio
3113 3451 3231 3504 sine
3258 3449 3420 3504 dubio
3451 3451 3530 3505 di-

289 3550 428 3596 caute
448 3549 840 3606 incusaretur;
870 3549 926 3596 et
946 3551 1077 3610 quot
1105 3541 1299 3612 pedmn
1328 3542 1441 3612 ipsa
1468 3542 1716 3612 planities
1738 3542 1852 3598 fue-
1883 3552 2128 3612 ;.catur.
2168 3543 2266 3597 Est
2292 3543 2456 3612 igitur
2484 3540 2554 3596 40
2579 3559 2610 3595 a
2640 3542 2691 3607 b,
2720 3542 2862 3597 sicut
2891 3550 2973 3598 est
3007 3540 3076 3596 40
3104 3557 3132 3596 c
3153 3539 3209 3608 ιι,
3239 3551 3294 3594 et
3317 3555 3398 3597 es:
3433 3540 3530 3595 160

290 3634 369 3696 rit,
397 3642 472 3690 tot
498 3634 626 3691 sine
655 3633 816 3690 dubio
847 3632 1072 3690 altitudo
1105 3600 1240 3689 erit.
1283 3600 1496 3690 Si'vero
1522 3648 1625 3689 non
1657 3633 1712 3690 in
1742 3648 1856 3690 me-
1881 3600 1914 3641 .
1955 3643 2127 3690 totum
2169 3633 2196 3687 ὁ
2231 3600 2368 3698 (1,3:
2395 3641 2478 3688 est
2521 3631 2620 3693 I20
2647 3632 2676 3686 b
2705 3649 2752 3687 ε.

867 2237 1092 2292 CAPUT
1125 2237 1261 2292 XVI.

434 2345 517 2400 Ad
545 2345 880 2400 altitudinem
905 2363 1021 2400 cum
1051 2347 1330 2407 astrolabio
1366 2350 1703 2404 metiendum.

986 3793 1028 3848 Α

959 3970 1014 4094 ’Ξ

959 4103 1012 4162 ’Ξ

973 4169 1012 4204 ﬂ,

1097 4160 1128 4202 θ
1455 4165 1516 4215 18
1742 4208 1822 4285 ⁸

1078 4354 1083 4359 .
1185 4273 1198 4284 ἢ
1303 4323 1410 4360 12.0

1303 4329 1410 4359 4ο
2199 4355 2202 4358 .

1965 4397 2007 4451 (Σ
2192 4355 2261 4450 i0
2285 4397 2480 4466 pedum
2806 4323 2870 4378 D-

844 4547 1069 4606 CAPUT
1103 4547 1288 4605 XVIII.
1877 4551 1927 4610 D
1954 4558 2009 4604 et
2030 4550 2178 4603 verbi
2203 4549 2375 4619 gratia
2402 4549 2437 4604 2
2461 4549 2784 4612 habeantur,
2807 4545 2978 4616 quiin
3003 4545 3089 4609 I2,
3109 4543 3160 4599 id
3181 4551 3264 4597 est
3285 4541 3528 4611 quadrati

1945 4638 2125 4693 latere
2151 4640 2326 4695 sexies
2353 4640 2616 4694 contineri
2635 4653 2740 4693 non
2765 4636 3096 4697 dubitanter,
3116 4645 3170 4688 et
3192 4631 3527 4688 intervallum

837 4726 968 4786 Ιιεηι
1007 4728 1071 4784 de
1104 4727 1281 4782 eodem
1954 4735 2245 4789 stationum
2271 4733 2536 4788 mensoris
2561 4731 2628 4791 12
2655 4730 2845 4801 pedum
2868 4727 3104 4785 notabile
3129 4725 3409 4782 habeatur.
3433 4721 3530 4782 His

1954 4821 2191 4891 peractis
2219 4821 2402 4878 minus
2445 4821 2727 4876 continens
2768 4817 3010 4883 ternarii,
3043 4817 3097 4872 id
3135 4824 3219 4871 est
3244 4821 3504 4884 quaterna

355 4905 406 4959 Si
436 4905 565 4977 quid
595 4906 841 4966 eminens
882 4905 1254 4960 inaecessibile
1284 4905 1444 4959 fuerit
1475 4905 1850 4960 aestimandum
1954 4915 2072 4971 ι-ῑιιε
2103 4915 2170 4970 de
2198 4913 2388 4982 majori
2417 4911 2735 4976 continenti,
2779 4911 2830 4964 id
2877 4919 2960 4964 εει
2988 4907 3202 4963 senm-io
3227 4903 3393 4966 semel
3426 4901 3530 4960 ιοι.

299 5011 406 5048 cum
435 4998 750 5067 horoscopo,
778 5007 882 5051 stet
903 4996 1218 5051 altimensor
1247 4997 1298 5050 in
1328 4996 1582 5051 metiendi
1609 4997 1852 5051 eminen-
1954 5007 2122 5072 hu",
2149 5015 2206 5061 οι
2230 5007 2500 5068 bium-ius,
2530 5005 2619 5074 qui
2652 5011 2914 5066 remanet,
2942 5001 2996 5054 in
3036 5009 3214 5053 mente
3241 4996 3526 5056 habeatur,

303 5084 361 5136 tis
387 5087 654 5153 artiﬁnio,
701 5087 1061 5156 suspieiatque
1104 5102 1198 5156 per
1243 5095 1534 5156 utrumque
1563 5086 1851 5142 mediclinii
1957 5105 2013 5151 et
2059 5097 2230 5165 ipsum
2279 5094 2620 5148 intervallum
2669 5101 2744 5146 sta

1957 5105 2013 5151 et
2059 5097 2230 5165 ipsum
2279 5094 2620 5148 intervallum
2669 5092 2958 5146 stationum
3011 5085 3274 5142 mensoris
3307 5082 3525 5152 duplum

301 5171 547 5242 foramen,
575 5193 817 5248 quosque
848 5177 1124 5232 intueatur
1149 5176 1450 5231 altitudinis
1478 5179 1852 5231 mensurandae
1939 5184 2348 5250 .inaccessibilis
2393 5183 2484 5237 alii
2534 5183 2744 5237 dicatur

1959 5184 2348 5250 inaccessibilis
2393 5183 2484 5237 alti
2534 5183 2764 5237 dicatur.
2812 5181 2877 5235 Et
2907 5188 2985 5244 ut,
3018 5176 3158 5248 quod
3190 5174 3441 5236 dicimus,
3473 5174 3528 5226 in

303 5275 565 5319 cacumen-
597 5265 714 5332 QUO
748 5267 1007 5336 ίηεβεοῑον
1056 5266 1253 5336 gradus
1289 5266 1535 5336 quadrati
1566 5271 1854 5320 "limere"-
1945 5262 2210 5334 omnibus
2231 5261 2415 5329 notum
2437 5274 2718 5335 habeatur,
2744 5267 3061 5324 universalis
3084 5264 3266 5336 regula
3296 5262 3351 5316 in
3381 5261 3529 5316 nullo
3623 5285 3625 5288 ⁴
3659 5268 3666 5275 ’

305 5360 398 5417 tur,
425 5357 511 5427 qui
542 5359 768 5428 exempli
809 5359 1246 5439 manifestatione
1272 5359 1304 5413 5
1329 5370 1726 5430 computentur,
1761 5361 1851 5428 qui
1957 5367 2219 5426 vacillans
2246 5374 2494 5436 ponatur.
2527 5363 2744 5418 Subtrat

1957 5367 2219 5426 vacillans
2246 5374 2494 5436 ponatur.
2527 5362 2906 5418 Subtractione
2928 5357 3315 5414 continentium
3343 5367 3528 5409 nume‘

306 5442 350 5496 iu
373 5447 432 5500 I2
456 5451 698 5517 quadrati
727 5451 893 5506 latere
918 5462 1108 5521 quater
1133 5442 1458 5506 continetur.
1495 5453 1606 5506 Hoc
1632 5460 1852 5520 peracto
1959 5474 2141 5511 rerum
2171 5456 2330 5520 facta,
2363 5456 2408 5510 si
2437 5471 2575 5510 unus
2601 5452 2940 5515 remanserit,
2974 5446 3310 5504 intervallum
3337 5444 3499 5500 statio

307 5540 473 5592 tandiu
500 5553 620 5596 ante
649 5553 703 5597 et
733 5555 876 5599 retro
909 5553 1183 5615 pergatur,
1224 5547 1392 5600 donec
1417 5545 1528 5613 jam
1560 5547 1733 5600 visum
1763 5549 1854 5599 επ.
1960 5567 2087 5607 nuru
2124 5549 2387 5603 mensoris
2413 5547 2518 5602 alto
2545 5545 2750 5614 :equale
2775 5545 2910 5608 erit;
2951 5541 2995 5596 si
3030 5537 3437 5610 duo,~duplum;
3485 5550 3511 5589 ε

307 5639 480 5714 eumen
512 5631 805 5690 altitudinis
853 5635 1136 5689 metiendre
1178 5635 1368 5690 iterum
1423 5637 1683 5690 videatur.
1736 5635 1854 5702 Quo
1941 5633 2088 5703 ἰι-εει,
2121 5642 2370 5711 triplum,
2404 5649 2458 5694 et
2486 5641 2562 5694 sic
2600 5639 2649 5692 in
2680 5637 3029 5706 sequentibus
3063 5653 3074 5688 :
3137 5651 3140 5654 ·

309 5731 409 5786 viso
447 5752 692 5794 numerus
719 5729 980 5809 graduum
1012 5739 1280 5810 quadrati
1307 5739 1483 5794 denuo
1513 5733 1852 5808 inspiciatur,
2039 5733 2154 5787 Tali
2175 5733 2376 5801 pictum
2403 5730 2461 5798 [it
2490 5727 2775 5782 declaralio
2800 5743 2953 5789 ιηιναο
