3986 5444
545 359 647 418 119

617 693 637 712 .
1140 640 1306 729 νιευε
1332 689 1370 744 2

579 716 636 846 ἓ
845 722 1197 856 δθθάμίθσς
1518 741 1633 808 6⁸4
1645 770 1761 835 Ovs

1014 821 1141 910 ⁸οε
1385 839 1433 923 δεῖ
1640 849 1644 854 ·

1388 929 1433 971 2
1672 941 1674 943 >
1863 959 1868 963 Α

955 1078 957 1080 ·
1391 980 1434 1070 ἒ
1478 1044 1769 1106 ,ὮὋΡῙιῸΜ

1591 1150 1660 1206 12

1113 1264 1339 1321 CAPUT
1364 1264 1504 1319 XIX.

674 1378 753 1432 Ad
780 1378 1107 1433 altitudinem
1143 1394 1258 1431 cum
1295 1377 1578 1444 horoscopo
1621 1372 1958 1428 metiendam.

600 1469 654 1524 Si
685 1471 762 1525 vis
795 1485 918 1525 cum
949 1470 1247 1546 horoscopo
1274 1465 1571 1540 quamlibet
1615 1463 1896 1536 planitiem
1937 1459 2098 1517 meti-

1179 1628 1217 1683 Α

1181 1691 1763 1912 |\

1101 1847 1152 1891 ,σέ

1116 1896 1152 1919 ι.

1113 1926 1152 1988 8

1113 1989 1150 2057 ἒ

1112 2145 1149 2218 ἓ

1091 2305 1142 2358 εἳ

1181 2522 1225 2577 Β

1107 2701 1331 2779 CAPUT
1368 2721 1486 2777 xx.

731 2904 811 2961 Ad
833 2903 1146 2958 memmium
1175 2918 1292 2958 cum
1323 2901 1610 2969 horoscopo
1632 2909 1868 2968 puteum.

585 3080 769 3136 Primo
823 3080 1186 3150 perpendatur
1230 3077 1512 3148 diligenter
1557 3091 1587 3131 a
1631 3083 1906 3147 geometra
1949 3088 2084 3144 qua-

511 3181 668 3230 tenus
694 3170 976 3226 circulatio
997 3169 1144 3240 putei
1170 3166 1548 3238 perpendiculo
1572 3179 1833 3235 perpensa
1863 3163 2084 3234 aequalis

515 3262 796 3322 habeatur.
848 3261 1048 3315 Deinde
1097 3258 1249 3329 cujus
1277 3253 1674 3326 quantitudinis
1703 3253 1774 3308 sit
1807 3251 1923 3320 ejus
1969 3251 2083 3305 dia-

518 3365 746 3414 metrum
787 3353 1111 3422 inquiratur.
1163 3351 1384 3405 lnvento
1423 3349 1706 3410 diametro,
1758 3355 1908 3400 stans
1933 3356 2085 3396 men-
2187 3388 2194 3397 .

513 3463 604 3504 sor
651 3461 813 3515 super
841 3443 988 3518 putei
1037 3443 1243 3497 labrum
1291 3439 1555 3508 despiciat
1597 3451 1694 3508 per
1719 3433 2083 3490 mediclinium

513 3538 788 3600 astrolabii
821 3535 1005 3590 lateris
1027 3533 1256 3604 Oppositi
1305 3531 1616 3587 terminum.
1641 3527 1758 3594 Quo
1801 3527 1938 3590 viso,
1987 3539 2084 3578 nu-
2131 3599 2136 3606 1

513 3644 699 3689 merus
727 3625 1014 3699 graduum,
1040 3624 1094 3678 in
1116 3637 1222 3692 quo
1244 3619 1610 3675 mediclinium
1639 3615 1853 3671 steterit
1879 3615 1931 3668 in
1954 3627 2087 3683 qua-

514 3723 692 3786 drato,
736 3735 856 3776 cum
904 3718 970 3773 12
1017 3721 1374 3783 comparetur.
1423 3711 1489 3764 Et
1532 3723 1638 3778 quo
1674 3706 1834 3761 modo
1882 3719 1940 3759 se
1987 3703 2083 3757 lia-

510 3811 690 3868 buerit
713 3823 969 3864 numerus
1013 3804 1277 3877 graduum
1311 3801 1366 3856 in
1395 3799 1660 3870 quadrato
1683 3796 1750 3851 ad
1786 3794 1872 3858 12,
1903 3793 1981 3848 sic
2027 3806 2086 3846 se

514 3901 735 3960 habebit
789 3901 1114 3955 diametrum
1167 3896 1234 3951 ad
1277 3891 1693 3968 profunditatem
1732 3885 1875 3958 putei
1919 3893 1976 3940 et
2018 3883 2086 3938 ad

509 4001 777 4051 staturam
807 3988 1091 4050 mensoris.
2058 3996 2066 4006 '

583 4145 706 4200 Sint
732 4151 911 4199 autem
954 4140 1173 4212 gradus,
1222 4136 1452 4208 exempli
1499 4147 1686 4197 causa,
1735 4131 1770 4185 4
1797 4137 1852 4184 et
1881 4128 2086 4184 diame-

510 4246 655 4291 trum
683 4232 717 4287 4
739 4233 956 4308 pedum.
982 4229 1136 4284 Sicut
1164 4242 1292 4297 ergo
1321 4227 1390 4293 ις
1420 4233 1505 4280 cst
1527 4233 1608 4278 ter
1633 4221 1687 4276 in
1716 4219 1823 4284 ης
1861 4218 1942 4272 sic
1969 4215 2086 4270 dia-

512 4331 744 4381 metrum
788 4330 874 4378 est
926 4321 980 4376 in
1010 4319 1373 4390 profunditate
1419 4315 1566 4386 putei
1594 4321 1650 4366 et
1701 4320 1908 4366 statura
1937 4321 2086 4362 men-

512 4412 672 4469 soris.
701 4411 820 4478 Qua
867 4417 1076 4464 statura
1119 4407 1320 4470 ablata,
1364 4404 1507 4474 quod
1553 4398 1896 4462 remanserit,
1945 4395 2086 4450 habe

507 4499 934 4572 profunditatem
983 4497 1150 4568 putei.
1181 4493 1544 4564 Subjiciamus
1587 4503 1716 4559 ergo
1747 4487 1968 4556 ﬁguram
1993 4497 2087 4552 pu-

511 4601 588 4657 tei
612 4599 778 4656 certis
807 4598 1003 4654 litteris
1052 4593 1389 4665 insignitam.
1421 4589 1506 4646 Sit
1527 4601 1658 4657 ergo
1695 4583 1730 4639 4
1754 4581 1950 4654 pedum
1974 4597 2006 4633 a
2033 4595 2084 4645 c,

512 4708 618 4762 hoc
641 4715 723 4760 est
750 4703 1110 4764 diametrum;
1155 4698 1226 4752 sit
1267 4693 1414 4766 putei
1457 4689 1683 4746 altitudo
1709 4704 1743 4740 a
1781 4686 1831 4752 ὁ,
1860 4685 1931 4739 sit
1971 4680 2087 4750 ejus

513 4808 836 4878 diametrum
867 4820 900 4857 a
921 4819 949 4856 ο
977 4818 996 4866 ;
1032 4801 1102 4855 sit
1129 4807 1334 4854 statura
1366 4799 1653 4864 geometra:
1683 4787 1761 4845 σα
1789 4786 1823 4839 1
1867 4783 2082 4854 pedum.

513 4909 611 4964 Eia
638 4913 1028 4962 constituamus
1053 4901 1087 4955 4
1109 4888 1303 4971 pedum
1330 4912 1362 4949 a
1391 4911 1440 4960 ο,
1465 4893 1517 4948 id
1551 4899 1635 4946 est
1655 4889 2003 4944 diametrum.
2033 4888 2088 4934 et

515 5007 812 5076 dirigamus
862 5002 1112 5059 intuitum
1156 5012 1253 5068 per
1281 4990 1644 5049 mediclinium
1675 4985 1747 5040 de
1793 5002 1823 5037 a
1862 4983 1895 5036 ά
1923 4980 1989 5035 ad
2033 4980 2083 5031 Ι).

513 5075 649 5162 Post
665 5119 777 5159 meo
805 5101 1026 5164 gradus,
1055 5099 1174 5164 qui,
1199 5091 1428 5163 exempli
1456 5091 1780 5151 causa,sunt
1801 5081 1834 5135 4
1855 5093 1978 5136 cum
2000 5075 2083 5139 li,

1147 354 1498 414 SILVESTRI
1538 354 1579 409 ll
1614 351 1812 408 PAl’xE
1853 346 2002 404 OPP.
2043 343 2222 398 PARS
2254 341 2292 395 Ι.
2330 370 2404 386 -.-
2438 340 2527 395 DE
2567 337 2849 394 DISCIPL.
2891 335 3204 392 MATHEM.

1631 451 1634 453 λ
2136 465 2185 523 Α
2215 457 2284 519 ri,
2317 454 2487 525 dirige
2516 452 2764 512 intuitum
2794 463 2890 520 per
2918 458 3204 520 utrumque
3248 449 3489 508 foramen
3539 447 3782 504 niedicli.

2061 895 2076 912 ο

2039 925 2078 948 In

2035 953 2078 988 Ο

2037 989 2078 1016 ω

2038 1021 2078 1054 Ω

2037 1056 2079 1145 ἓ

2058 1756 2198 1860 151,08

1474 2423 1805 2472 PLANI'I’IIS
1852 2419 2231 2474 ΟυΑιιιιυΡιΑ
2303 2418 2562 2474 81188οΕ

3681 335 3781 392 120

2214 546 2313 610 nii,
2342 546 2512 600 donec
2537 542 2859 597 terminetur
2897 539 3122 594 intuitus
3149 539 3203 594 in
3234 538 3517 594 metienda:
3558 538 3799 606 quantic'

2213 636 2342 692 tatis
2368 635 2556 689 limite.
2587 632 2714 687 Post
2738 633 2853 686 haec
2907 630 2961 685 in
2990 637 3156 702 quoto
3193 629 3361 700 gradu
3391 628 3640 698 quadrati
3669 642 3782 683 me—

2212 726 2485 788 diclinium
2513 731 2640 788 stet,
2663 721 3000 791 inspiciatur,
3030 729 3086 775 et
3106 719 3218 790 ipSe
3238 734 3492 775 numerus
3513 717 3780 789 graduum

2214 815 2462 885 superior
2503 827 2626 867 cum
2677 811 2744 864 12
2792 809 3122 872 conferatur,
3148 816 3201 864 et
3229 807 3403 878 qualis
3446 806 3782 875 computatio

2217 907 2378 963 fuerit
2403 905 2661 976 graduum
2703 901 2770 959 ad
2799 901 2884 966 12,
2910 901 3032 955 talis
3056 900 3386 970 comparatio
3413 907 3638 958 statuta:
3663 912 3779 951 me-

2218 998 2401 1056 tientis
2427 997 2494 1052 ad
2527 1003 2692 1050 totam
2719 993 3014 1063 planitiem.
3045 990 3204 1045 Verbi
3235 990 3405 1058 gratia
3431 1007 3444 1043 :
3474 989 3546 1043 sit
3567 995 3780 1042 statura

2211 1090 2481 1152 mensoris
2501 1109 2532 1146 a
2557 1091 2608 1154 b,
2631 1087 2880 1160 planities
2903 1086 2931 1140 ι
2955 1103 3002 1151 c,
3030 1099 3286 1140 numerus
3317 1083 3578 1154 graduum
3603 1081 3659 1142 ὅ,
3683 1081 3778 1150 qui
3815 1078 3818 1080 ⁷

2211 1187 2280 1244 ad
2310 1185 2377 1240 12
2401 1189 2745 1252 comparatus
2772 1186 2959 1248 quarta
2979 1191 3106 1246 pars
3125 1173 3240 1244 ejus
3265 1173 3535 1228 dubietate
3563 1171 3778 1226 sublata

2205 1277 2504 1334 invenitur.
2542 1273 2711 1343 Igitur
2739 1289 2769 1324 a
2803 1270 2852 1335 b,
2876 1284 2995 1340 quae
3034 1277 3118 1323 est
3141 1274 3346 1322 statura
3371 1264 3665 1328 molientis,
3693 1263 3778 1317 sic

2211 1369 2240 1422 b
2268 1384 2317 1434 c,
2349 1365 2402 1420 id
2430 1372 2516 1420 est
2551 1359 2792 1432 planitiei
2812 1366 3005 1428 quarta
3032 1371 3158 1427 pars
3180 1354 3468 1423 invenitur,
3497 1355 3643 1410 sicut
3663 1361 3779 1407 ter-

2207 1457 2395 1515 narius
2420 1455 2477 1510 in
2512 1452 2582 1516 12
2611 1464 2741 1524 pars
2763 1455 2955 1523 quarta
2977 1452 3338 1525 computatur.

1189 1912 1211 2511 Ι
1474 2423 1805 2472 ΡιΑΝιτιιε
1852 2419 2231 2474 ΟυΑιιιιυΡιΑ
2303 2418 2562 2474 81188οΕ
3030 2422 3143 2496 λ

3191 2444 3232 2498 C

2681 2667 2734 2730 ι)

2652 2750 2718 2811 Ci

2680 3133 2730 3173 α

2686 3189 3261 3246 El..____)lB

2783 3337 3009 3394 CAPUT
3046 3337 3186 3392 XXI.

2183 3426 2265 3482 Ad
2287 3425 2616 3492 altituaﬁnem
2653 3427 2878 3492 arboris,
2912 3427 3187 3489 columnw,
3215 3425 3294 3479 vel
3317 3433 3478 3477 turris
3507 3436 3600 3491 per
3645 3435 3767 3473 um.

2467 3497 2614 3550 brum
2640 3515 2757 3552 cum
2787 3497 3068 3551 astrolabio
3098 3494 3477 3549 inveniendum.

2256 3589 2314 3646 Si
2343 3589 2425 3644 vis
2453 3588 2677 3655 alicujus
2701 3589 2912 3643 arboris
2941 3597 3032 3644 aut
3055 3586 3317 3642 columna:
3341 3583 3424 3639 vel
3451 3580 3638 3644 turris,
3674 3577 3763 3636 vel

2185 3679 2500 3749 cujusquam
2559 3677 2747 3731 talium
2796 3677 2847 3730 in
2899 3675 3057 3746 plano
3103 3675 3364 3729 duntaxat
3416 3671 3534 3725 loco
3563 3667 3764 3723 stantis

2189 3767 2520 3823 altitudinem
2549 3782 2646 3836 per
2693 3768 2936 3820 umbram
2984 3766 3152 3837 ipsius
3204 3762 3466 3826 invenire,
3497 3771 3764 3828 suspenso

2187 3858 2494 3925 astrolabio,
2526 3858 2762 3926 solisque
2793 3857 2942 3910 radio
2971 3871 3067 3926 per
3086 3865 3311 3926 utraque
3347 3851 3618 3908 foramina
3666 3849 3766 3903 ba-

2190 3949 2420 4002 lliidadm
2447 3946 2694 4001 directim
2718 3945 2980 4009 immisso,
3005 3945 3128 4000 vide
3156 3945 3208 3999 in
3239 3958 3344 4013 qua
3368 3951 3524 4013 parte
3575 3939 3766 3994 lateris

2189 4039 2458 4111 quadrati,
2511 4037 2653 4104 quod
2701 4037 2753 4091 in
2787 4035 2855 4090 l2
2909 4035 3139 4091 divisum
3185 4043 3289 4099 est,
3337 4033 3540 4087 directa
3592 4029 3768 4099 ipsius

2190 4129 2495 4191 halhidada:
2519 4137 2626 4186 stet
2651 4127 2815 4193 linea,
2844 4135 2899 4182 et
2939 4137 3317 4196 quamcunque
3354 4120 3763 4192 proportionem

2188 4235 2446 4276 numerus
2471 4219 2700 4291 partium
2728 4232 2887 4288 supra
2909 4216 3156 4272 albidada
3189 4212 3566 4285 apparentium
3594 4211 3666 4266 ad
3695 4210 3764 4266 i2

2187 4314 2356 4370 id-est
2407 4311 2473 4367 ad
2519 4320 2688 4370 totum
2742 4309 2883 4366 latus
2920 4307 3167 4378 quadrati
3206 4305 3475 4370 habuerit,
3507 4303 3766 4359 eamdem

2187 4402 2370 4472 procul
2394 4401 2556 4456 dubio
2583 4400 2981 4470 proportionem
3027 4398 3270 4462 altitudo,
3311 4410 3474 4466 quam
3511 4395 3768 4450 invenire

2187 4493 2420 4557 voluisti,
2449 4493 2515 4546 ad
2562 4492 2806 4545 umbram
2839 4491 2890 4544 iu
2929 4488 3151 4560 planitie
3199 4504 3227 4542 a
3261 4502 3320 4542 se
3359 4486 3557 4540 factam
3592 4485 3770 4540 habe-

2133 4575 2137 4578 λ
2185 4586 2284 4641 bit.
2314 4600 2366 4638 γ.
2399 4599 2474 4654 g.,
2507 4584 2552 4638 si
2579 4583 2695 4637 duae
2717 4590 2896 4651 partes
2935 4596 3094 4650 supra
3124 4587 3409 4649 apparent,
3432 4577 3498 4630 ad
3523 4591 3667 4645 quas
3699 4575 3768 4630 η

2187 4675 2488 4743 sescuplam
2540 4673 2740 4726 habeat
2785 4671 3209 4741 proportionem,
3248 4665 3492 4736 sescupla
3537 4681 3763 4736 quoque

2189 4765 2254 4819 ad
2279 4762 2618 4817 altitudinem
2647 4761 2873 4825 umbra;
2931 4759 2974 4812 si
3023 4769 3129 4812 tres
3170 4765 3484 4826 appareant,
3518 4756 3766 4824 quadru-

2185 4855 2314 4926 pla;
2356 4854 2402 4908 si
2441 4853 2496 4918 4,
2546 4851 2756 4921 tripla;
2831 4850 2876 4904 si
2923 4849 2976 4913 5,
3047 4847 3240 4916 duplex
3295 4845 3769 4918 superbipartiens

2174 4945 2402 5016 ,quintas
2426 4960 2440 5008 ;
2467 4943 2513 4997 si
2545 4944 2601 5005 6,
2657 4940 2852 5009 dupla;
2893 4940 2937 4993 si
2965 4940 3018 5004 Ἰ,
3047 4953 3207 5008 super
3235 4937 3471 5008 quinque
3516 4937 3766 5010 partiens

2191 5036 2494 5104 septimas;
2521 5034 2564 5086 si
2589 5033 2643 5096 8,
2669 5029 3059 5098 sesquialtera;
3109 5029 3154 5081 si
3193 5029 3247 5090 9,
3281 5027 3674 5095 sesqnitertia;
3718 5026 3762 5079 si

2189 5129 2255 5164 m
2301 5124 2665 5164 cncuninninla
2692 5139 2703 5149 '
2734 5122 2777 5164 Ri
2823 5120 2909 5164 41-
2939 5116 3404 5164 ςρςαιιίηηίίραίηιθ
3429 5132 3444 5164 1
3471 5117 3514 5164 Si
3543 5130 3718 5164 omne.
3741 5151 3764 5164 .
