3986 5444
217 178 307 235 121

1535 188 1621 243 DF.
1652 185 1839 243 CEOM
1849 186 2077 241 ETRIA.

3368 199 3474 257 l2?

218 293 1227 357 solis-umbramtransversimlimitans
1244 302 1594 373 hypotenusa:
1614 302 1783 357 vicem
1816 302 1860 363 Α
1891 300 2134 369 partibus
2180 302 2424 374 adjicias.
2485 305 2754 378 Quidquid
2804 319 2985 367 autem
3037 313 3093 369 in
3153 313 3340 370 umbra
3386 317 3470 371 vel

218 386 539 458 dignoscitur
558 388 780 446 habere.

778 505 1008 563 CAPUT
1040 507 1205 563 XXII.

730 594 867 651 Item
899 598 961 651 de
985 599 1165 653 eadem
1197 617 1268 654 re.

278 705 331 762 Si
352 708 431 763 vis
459 706 704 764 invenire
731 709 910 779 qualis
933 712 1271 780 comparatio
1301 711 1372 767 sit
1413 712 1641 783 alicujus
1663 728 1783 767 um-

213 799 459 855 bracum
512 798 693 869 aliquo
719 816 954 871 corpore
1006 802 1058 855 in
1098 817 1422 873 quacunque
1475 802 1582 858 diei
1626 804 1785 868 hora,

213 901 450 945 sumatur
482 891 845 961 astrolapsus,
869 902 945 957 et,
990 891 1141 947 radio
1193 894 1321 948 solis
1368 908 1465 962 per
1492 893 1787 949 mediclinii

213 982 467 1037 foramina
517 995 775 1052 exeunte,
834 985 1131 1055 aspiciatur
1184 986 1238 1040 in
1293 987 1557 1055 quadrato
1599 987 1651 1041 in
1679 1001 1789 1056 quo

208 1078 363 1146 gradu
412 1078 789 1134 mediclinium
837 1089 984 1145 stet;
1035 1090 1114 1145 et,
1154 1080 1329 1149 qualis
1376 1079 1591 1134 cellatio
1643 1080 1787 1135 illius

208 1168 397 1237 gradus
446 1184 570 1224 cum
610 1170 700 1236 12,
764 1171 891 1226 talis
942 1172 1151 1226 umbrae
1195 1187 1318 1227 cum
1373 1186 1641 1241 corpore;
1686 1171 1789 1227 hoc

207 1268 402 1313 tantum
442 1261 669 1331 proviso
696 1263 864 1333 quod,
897 1262 1116 1333 quando
1162 1262 1532 1317 mediclinium
1578 1273 1687 1319 stet
1733 1264 1787 1318 in

206 1350 386 1406 dextro
416 1352 591 1409 latere
634 1355 893 1421 climatis,
926 1357 1103 1427 major
1128 1364 1210 1411 est
1241 1356 1432 1410 umbra
1469 1371 1630 1425 quam
1662 1372 1783 1412 cor-

204 1457 335 1511 pus;
381 1449 605 1515 quando
656 1464 788 1504 vero
838 1449 893 1504 in
940 1449 1183 1517 sinistro,
1232 1448 1409 1519 majus
1468 1458 1550 1505 est
1588 1464 1787 1521 corpus

202 1550 349 1607 quam
374 1538 590 1595 umbra.

767 1630 993 1688 CAPUT
1036 1631 1216 1687 XXIII.

261 1743 337 1795 Ad
362 1743 705 1798 altitudinem
735 1761 850 1799 cum
870 1746 1078 1816 speculo
1110 1747 1185 1802 vel
1206 1748 1338 1818 pelvi
1367 1750 1680 1804 metiendam

258 1853 441 1911 Posito
473 1857 527 1911 in
578 1858 800 1928 speculo
838 1867 1045 1925 centro,
1096 1861 1181 1916 vel
1231 1865 1283 1916 in
1328 1863 1501 1919 media
1551 1864 1775 1921 scutalia

197 1944 343 2013 plena
374 1964 544 2018 aqua,
572 1950 938 2006 constituatur
966 1952 1019 2006 in
1053 1953 1212 2023 plano
1236 1970 1385 2020 arvo,
1424 1965 1479 2011 et
1527 1958 1710 2011 tandiu
1744 1974 1772 2011 a

196 2048 465 2106 geometra
497 2041 606 2095 huc
636 2041 867 2111 illucque
893 2045 1158 2112 trahatur,
1187 2048 1362 2103 donec
1408 2064 1507 2118 per
1537 2051 1772 2106 medium

194 2137 434 2185 centrum
482 2132 651 2188 unius
699 2150 857 2204 supra
900 2135 1169 2191 dictorum
1227 2154 1486 2194 cacumen
1537 2142 1614 2196 rei
1662 2157 1772 2197 tne-

195 2218 380 2274 tienda:
405 2224 739 2293 aspiciatur.
765 2224 1058 2281 Cacumine
1081 2226 1323 2294 invento,
1347 2229 1602 2298 spatium,
1627 2231 1770 2300 quod

197 2313 505 2368 continetur
563 2316 710 2370 inter
770 2318 934 2387 pedes
989 2322 1357 2375 meusurantis
1405 2332 1461 2377 et
1523 2333 1768 2378 centrum

195 2405 404 2472 speculi,
443 2407 533 2462 vel
572 2408 808 2463 medium
854 2410 1000 2466 vasis
1039 2411 1255 2482 limpbae
1285 2413 1449 2484 pleni,
1483 2415 1773 2486 diligenter

196 2510 552 2566 mensuretur,
586 2512 641 2556 et
669 2511 789 2571 post
831 2503 947 2558 haec
978 2519 1083 2557 non
1137 2505 1316 2561 minus
1362 2516 1517 2561 (aute
1547 2516 1769 2563 statura:

198 2590 461 2646 metientis
492 2606 878 2663 comparetur;
936 2604 1015 2662 et,
1049 2605 1111 2650 ut
1156 2596 1319 2652 fuerit
1357 2598 1488 2653 illud
1533 2600 1768 2669 spatium

198 2677 461 2736 metientis
498 2690 735 2745 staturas,
764 2685 841 2739 sic
875 2687 977 2741 erit
1004 2686 1145 2743 linea
1175 2703 1205 2741 a
1232 2689 1408 2743 medio
1437 2698 1623 2745 centro
1649 2706 1769 2761 spe-

198 2767 292 2820 culi
353 2786 530 2841 usque
587 2774 654 2828 ad
695 2774 998 2831 altitudinis
1045 2778 1280 2832 radicem
1332 2779 1411 2834 rei
1459 2781 1764 2838 metienda}.

200 2857 425 2932 Exempli
458 2881 643 2934 causa,
671 2867 902 2922 addatur
924 2868 1084 2942 plana
1110 2869 1278 2942 ﬁgura
1308 2888 1321 2929 :

1650 3171 1701 3218 Ξ

1664 3224 1716 3258 Ω.

1668 3263 1703 3292 :3

1649 3300 1701 3330 τ

1651 3335 1705 3366 ..‘:

1666 3373 1704 3432 Ξ

1650 3458 1703 3504 .i’.‘

1666 3509 1704 3574 Ξ

1667 3577 1704 3619 1’

1665 3626 1703 3674 ὃ

1667 3680 1703 3730 Ξ

1668 3770 1705 3831 Ξ

1668 3839 1704 3869 :3

1663 3878 1705 3949 Ξ

1653 3959 1706 3996 ΖΙ)

241 3474 287 3538 ἕ

243 3635 284 3743 ἓ

237 3781 287 3868 ἓν

232 3891 281 3927 ,τε

228 3934 279 3971 .1:

238 3977 274 4007 es

382 3112 469 3214 ἐῷ

452 3199 595 3383 θθῇ

588 3386 654 3446 ,εδ
1335 3390 1379 3440 ἢ

627 3441 731 3555 ἐδοώ
1282 3437 1357 3493 4‘

704 3544 772 3624 ξ»

376 3648 414 3681 τ

364 3688 651 3762 sionem
882 3723 1069 3768 sucu
1291 3717 1496 3761 DUPLA

357 3799 405 3916 ,ξ
811 3799 1041 3965 Ψ

353 3925 399 3995 Ξ

1787 4372 1839 4432 D

765 4486 982 4549 CAPUT
1009 4493 1198 4549 XXIV.

194 4587 269 4648 Ad
310 4596 695 4654 wstimandam
746 4607 984 4679 cujusque
1035 4612 1110 4664 rei
1164 4610 1493 4665 altitudinem
1536 4610 1643 4665 sole
1682 4610 1763 4664 lu-

905 4692 1064 4735 rente.

262 4780 615 4856 Quaecunque
642 4801 723 4841 res
759 4794 920 4861 posita
967 4795 1131 4851 fuerit
1179 4795 1280 4850 sub
1316 4797 1466 4861 divo,
1516 4800 1763 4853 umbram

202 4874 406 4942 emittit,
456 4880 562 4934 sed
594 4894 695 4933 non
722 4882 812 4937 sibi
859 4902 1067 4959 semper
1104 4887 1385 4961 aequalem.
1417 4888 1762 4960 Quapropter

204 4967 396 5023 umbrae
426 4971 607 5039 ipsius
631 4980 831 5038 quotam
864 4988 1071 5047 partem
1116 4976 1382 5043 volueris,
1428 4977 1617 5049 eligas.
1657 4977 1758 5033 De-

207 5056 318 5116 inde
342 5064 621 5139 virgulam
674 5072 975 5137 coaequalem
1006 5071 1132 5127 huic
1191 5070 1332 5140 parti
1384 5071 1435 5125 in
1471 5079 1611 5126 terra
1644 5078 1759 5125 sta-

207 5162 335 5221 ιυειε,
376 5168 432 5213 et
469 5158 716 5212 umbram
741 5162 917 5221 exinde
964 5167 1257 5222 cadentem
1314 5178 1405 5219 seu
1445 5178 1541 5234 per
1566 5163 1757 5234 pedes,

206 5260 290 5301 seu
319 5263 418 5318 per
453 5251 682 5321 palmos,
721 5266 804 5308 seu
850 5273 942 5331 per
969 5260 1160 5314 uncias
1206 5255 1433 5312 dividas.
1476 5257 1532 5312 Si
1584 5252 1777 5326 major

205 5336 409 5395 inventa
440 5343 609 5399 fuerit
629 5344 801 5402 umbra
829 5365 982 5421 quam
1005 5351 1244 5424 virgula,
1277 5357 1536 5420 quantum
1561 5348 1754 5404 umbra

1888 393 2331 461 augmentationc
2359 401 2613 463 creverit,
2644 401 2728 455 vel
2769 404 3146 463 subtractione
3191 420 3462 465 remanse

1886 486 1980 552 rit,
2010 500 2108 558 pro
2130 501 2385 545 mensura
2411 489 2553 547 illius
2574 493 2651 549 rei
2681 494 2897 553 habeto.

2575 1305 2615 1338 ς

2570 1343 2624 1430 ἓ-

2566 1437 2606 1492 Β

2133 1406 2188 1472 ἔξω

2116 1473 2172 1521 .L"

2132 1526 2170 1559 >

2760 1031 2816 1117 ιὲξ

2757 1123 2814 1207 ,ἓ

2767 1210 2813 1229 -ο

2770 1236 2810 1321 ἕ

2768 1372 2807 1403 α

2750 1405 2806 1471 Ξ

2766 1477 2804 1524 Ξ

2764 1532 2803 1564 ε

2746 1696 2799 1763 -ἓ

2745 1806 2798 1845 .‘2

2745 1876 2799 1927 ’Ξ

3116 989 3157 1022 Ε

2836 627 3324 2005 [Χ

3118 1121 3167 1182 ’ὖ

2890 1623 2935 1664 «τ

2887 1665 2935 1821 Ξ

1948 2098 2304 2170 Componitur
2340 2104 2503 2159 etiam
2549 2106 2693 2163 aliud
2725 2108 3143 2161 instrumentum
3172 2101 3239 2158 ad
3279 2101 3464 2158 altitu-

1876 2189 2056 2246 dinem
2086 2193 2205 2249 sine
2248 2192 2561 2253 dillicultate
2608 2199 3021 2263 inveniendam,
3068 2194 3212 2265 quod
3263 2194 3363 2248 hac
3394 2192 3464 2247 de

1874 2297 2041 2336 causa
2100 2298 2133 2337 a
2186 2284 2431 2355 sapiente
2474 2286 2740 2357 (Glossula
2774 2306 2787 2342 :
2820 2286 3147 2358 Pythagora)
3187 2283 3461 2338 inventum

1874 2383 2115 2443 putatur,
2138 2377 2263 2445 quia
2288 2377 2458 2432 visum
2484 2379 2631 2434 humi
2655 2376 3177 2451 adjungeredillicile
3199 2376 3459 2441 mensori,

1875 2466 2261 2525 inconveniens
2303 2472 2593 2540 spectaturi
2626 2473 2942 2544 putabatur,
2976 2470 3247 2539 sumitque
3291 2483 3463 2537 quan-

1876 2560 2087 2615 titatem
2112 2576 2224 2617 sua:
2248 2563 2639 2635 magnitudinis
2666 2579 2695 2618 a
2719 2561 3091 2636 magnitudine
3113 2569 3336 2617 staturae
3354 2573 3463 2613 me-

1873 2674 2078 2730 tientis.

1943 2766 2348 2824 Constituamus
2379 2770 2699 2825 arundinem
2739 2770 2832 2824 tali
2866 2769 3258 2838 magnitudine,
3282 2778 3343 2824 ut
3365 2770 3461 2825 du-

1874 2859 2008 2929 plari
2044 2861 2391 2930 proportione
2436 2862 2883 2933 proportionetur
2924 2862 3192 2918 mensoris
3235 2860 3461 2932 longitu-

1873 2951 2019 3017 dini;
2046 2948 2200 3019 cujus
2224 2953 2401 3009 medio
2426 2954 2598 3008 altera
2623 2954 2830 3009 arundo
2872 2951 3302 3022 orlbogonaliter
3328 2967 3461 3006 con-

1867 3044 2148 3117 jungatur,
2165 3062 2305 3117 quae,
2334 3056 2557 3103 statura:
2579 3047 2848 3102 mensoris
2872 3045 3191 3117 longitudini
3212 3045 3459 3115 aqualis,

1871 3137 1918 3191 ei
1952 3138 2037 3191 cui
2089 3138 2453 3209 conjungitur,
2491 3138 2752 3208 subdupla
2777 3138 3059 3193 habeatur.
3088 3136 3199 3191 [loc
3225 3152 3353 3206 ergo
3381 3136 3462 3190 in-

1871 3210 2232 3283 strumentum
2264 3228 2343 3283 sic
2371 3228 2728 3298 compositum
2774 3228 2961 3282 tandiu
2994 3227 3225 3281 ducatur
3247 3240 3275 3277 a
3308 3240 3459 3278 men-

1873 3333 1996 3373 sore
2046 3334 2142 3388 per
2194 3320 2445 3389 planttm,
2488 3321 2658 3375 donec
2701 3334 2797 3389 per
2845 3318 3185 3373 summitates
3232 3316 3459 3369 istarum

1869 3410 2141 3479 virgarum
2174 3412 2250 3465 rei
2283 3410 2566 3465 metienda:
2612 3410 2977 3480 conSpiciatur
3006 3422 3297 3463 summum.
3340 3402 3459 3473 Qud

1871 3501 2111 3571 inspecto
2137 3511 2284 3557 tanta
2314 3502 2541 3557 altitudo
2572 3504 2805 3569 dicatur,
2854 3512 3116 3572 quantum
3141 3500 3372 3570 spatium
3425 3514 3457 3552 a

1868 3592 1986 3647 loco
2017 3594 2070 3647 in
2103 3608 2211 3664 quo
2244 3592 2467 3650 mensor
2512 3604 2620 3649 stat
2645 3595 2710 3649 ad
2747 3594 2980 3649 radicem
3019 3592 3340 3657 altitudinis,
3365 3592 3461 3645 ad-

1859 3684 2054 3752 juncta
2100 3693 2332 3750 statura,
2369 3695 2733 3741 mensuratur.
2774 3684 2837 3739 V.
2879 3701 2946 3755 g.r
2978 3685 3050 3738 sit
3078 3692 3284 3760 statura
3310 3698 3463 3737 met:-

1866 3776 2005 3832 seris
2032 3793 2085 3843 a,
2110 3777 2162 3841 b,
2193 3779 2400 3834 arundo
2422 3779 2527 3833 sibi
2553 3779 2711 3850 dupla
2738 3795 2783 3845 c,
2802 3778 3041 3844 d,altera
3071 3776 3279 3831 arundo
3301 3775 3459 3831 istius

1868 3869 2048 3923 medio
2076 3870 2511 3940 orthogonaliter
2552 3871 2738 3940 juncta
2768 3888 2819 3933 a,
2852 3886 2900 3933 ε,
2934 3862 3159 3922 altitudo
3184 3868 3455 3921 metienda

1866 3958 1909 4026 Ῑ,
1937 3977 1987 4029 g,
2016 3962 2249 4029 spatium
2282 3976 2312 4015 a
2344 3976 2593 4016 mensore
2620 3962 2687 4014 ad
2718 3961 2954 4015 radicem
2984 3957 3283 4012 altitudinis
3322 3958 3372 4021 ὸ,
3402 3974 3454 4024 g.

1873 4047 1987 4105 Hoc
2037 4062 2215 4105 tamen
2279 4050 2426 4106 nullo
2479 4052 2638 4105 modo
2670 4066 2889 4105 mensor
2929 4049 3296 4113 obliviscatur,
3325 4047 3457 4117 quin

1869 4143 1997 4199 huic
2024 4144 2346 4199 dimensioni
2374 4146 2632 4215 omnique
2651 4142 3034 4214 perpendiculo
3055 4136 3473 4212 tequipendium‘

1865 4235 2226 4306 appendatur,
2269 4235 2412 4303 quod
2482 4232 2937 4305 geometricaliter
3011 4232 3321 4288 institutum
3387 4230 3481 4284 ad?

1867 4343 2174 4382 mensuram
2207 4337 2449 4398 paratur.
2498 4326 2743 4397 Exempli
2782 4340 2971 4391 causa,
2999 4320 3263 4379 subdatur
3289 4322 3451 4394 plana

1866 4421 2059 4492 ﬁgura.

2836 4660 2876 4714 C

2833 4829 2849 4997 Ι
2954 4744 3122 4839 αικθθθ

2437 5049 2485 5125 ξ
2521 5086 2564 5115 ιη

2438 5121 2567 5223 εξ

2434 5221 2486 5265 .<
2517 5226 2562 5259 ω

2440 5262 2485 5351 ε,
2517 5265 2565 5335 ξ

2518 5341 2563 5387 Σ

2438 5411 2471 5444 ι
2815 5418 2850 5444 n
3247 5411 3278 5444 (ἓ

2437 5049 2509 5136 ἑ.

2438 5137 2486 5170 ε)

2434 5179 2486 5265 ἑξ

2440 5262 2485 5351 ε.

2438 5411 2471 5444 ιι

3339 4831 3376 4893 ἓ

3340 4920 3377 4985 Ξ

3345 4997 3380 5060 ‘3.

3336 5132 3387 5197 -ἒ

3344 5205 3387 5257 Ξ

3337 5268 3389 5323 Ξ

3354 5330 3391 5358 τι

1979 5410 2267 5444 ΩΨᾹΠἿΙΙΙΔ
2295 5405 2379 5444 ΑΒ
