3986 5444
504 278 612 336 ηις

1089 392 1317 449 CAPUT
1360 392 1522 449 XXV.

552 544 559 551 ι
639 506 721 559 Ad
752 503 1023 575 planitiem
1048 506 1195 576 virga
1223 506 1300 560 vel
1334 507 1593 561 arundine
1615 517 1974 578 qua'renaam.

573 618 896 673 Stabiliatnr
920 620 1127 675 arundo
1155 621 1290 675 visui
1330 622 1665 691 aequiparata
1696 622 1975 676 metientis
2030 623 2085 677 in

499 712 733 767 termino
773 713 1096 783 epiphanire,
1127 714 1214 768 cui
1262 712 1525 783 jungatur
1578 714 1747 769 altera
1801 713 2091 782 cujuslibet

501 805 820 875 quantitatis
847 806 1187 875 orthogonali
1219 806 1448 869 ratione,
1488 821 1609 875 quae
1639 805 1847 861 scilicet
1872 821 2089 860 sursum

488 893 779 965 jusumque
812 896 996 950 tandiu
1046 912 1074 948 a
1121 895 1440 964 planimetra
1493 896 1745 959 ducatur,
1788 896 1960 950 donec
1989 911 2089 965 per

498 985 785 1053 utriusque
834 986 1117 1040 arundinis
1187 987 1529 1040 summitates
1587 985 1867 1056 oppositus
1930 986 2086 1043 limes

491 1079 735 1150 planitiei
787 1087 1063 1133 cernatur.
1110 1078 1228 1144 Quo
1285 1079 1550 1147 inspecto,
1613 1078 1730 1149 ipsa
1779 1080 2086 1149 conjunctio

505 1171 832 1225 arundinum
858 1169 1144 1240 diligenter
1171 1178 1409 1234 notetur,
1437 1179 1492 1223 et
1537 1170 1784 1240 superior
1806 1184 1933 1240 pars
1963 1171 2083 1227 lixae

492 1262 777 1316 arundinis
801 1270 831 1313 a‘
857 1260 1240 1326 coniunctione
1273 1258 1495 1314 alterius
1523 1275 1644 1314 cum
1669 1267 1778 1313 tota
1809 1260 1888 1314 sui
1910 1275 2083 1329 quano

494 1355 652 1409 titate
687 1362 1056 1418 comparetur,
1085 1361 1140 1406 et
1186 1354 1376 1407 eadem
1411 1353 1745 1422 comparatio
1794 1353 2081 1422 pendentis

490 1446 656 1515 virga:
687 1443 939 1514 planique
962 1443 1345 1497 incunctanter
1374 1442 1604 1505 dicatur,
1637 1458 1757 1511 quae
1784 1443 2080 1513 superioris
2126 1484 2133 1493 .

487 1537 657 1607 partis
678 1551 707 1589 a
731 1533 1112 1606 conjunctione
1145 1549 1267 1588 cum
1301 1542 1408 1587 tota
1435 1534 1738 1603 quantitate
1770 1534 1892 1588 lixae
1912 1549 2079 1588 arun-

488 1629 631 1683 dinis
687 1629 935 1696 superius
986 1626 1288 1680 dicebatur.
1340 1625 1409 1679 Et
1455 1635 1512 1679 ut
1562 1625 1762 1680 clarius
1819 1626 2077 1681 reddatur

489 1718 633 1789 quod
658 1718 875 1773 litterali
907 1715 1192 1771 inﬂexione
1214 1722 1609 1783 computamus,
1629 1716 1893 1784 picturam
1923 1730 2075 1784 aper-

488 1812 597 1865 tius
618 1812 852 1881 obscura
879 1816 1273 1863 monstrantem
1302 1805 1439 1861 visui
1479 1804 1774 1876 legentium
1805 1821 2074 1877 suppona-
2107 1831 2152 1890 Β

555 2014 640 2070 Sit
668 2013 875 2068 arundo
900 2020 1052 2067 stans
1083 2009 1223 2064 visui
1252 2009 1533 2064 metientis
1579 2009 1913 2079 mquiparata
1938 2026 1970 2063 a
2001 2025 2027 2063 ε
2058 2025 2074 2074 ;

482 2110 555 2165 sit
609 2108 861 2178 planities
906 2104 1174 2158 metienda
1222 2120 1250 2156 c
1301 2103 1383 2166 d;
1442 2102 1592 2173 virga
1643 2100 2076 2171 orthogonaliter

480 2200 733 2269 pendens
768 2197 797 2251 b
827 2213 884 2261 e;
944 2196 1016 2250 sit
1066 2194 1234 2264 igitur
1282 2210 1313 2247 a
1370 2192 1426 2258 lt,
1462 2192 1697 2247 medium
1729 2211 1761 2246 a
1790 2208 1848 2260 c;
1881 2201 1938 2248 et
1972 2191 2074 2248 crit

480 2290 510 2344 b
540 2308 587 2358 e,
615 2290 851 2345 medium
877 2303 904 2341 c
934 2286 992 2343 tl.

490 2495 705 2623 ΑΝ

785 2579 909 2687 gos

704 2623 762 2663 \

909 2758 945 2783 Χ

930 2969 1022 3005 nus
1197 2957 1261 3030 ᾗ
1352 2951 1402 3011 Ε

469 2948 566 3027 ςΒῖ
591 2962 760 3001 vnum
782 2969 1022 3005 PENDDNB

493 3249 569 3542 ΩΙ
642 3413 999 3463 PLatJthBB
1032 3415 1116 3461 me
1132 3411 1375 3460 TIBNDA
1746 3337 1901 3443 \“~~

2020 3493 2065 3551 D

1052 3648 1281 3708 CAPUT
1320 3648 1511 3707 XXVI.

705 3807 912 3881 Figura
941 3809 1011 3862 ad
1035 3808 1368 3863 altitudinem
1400 3807 1832 3862 mensurandam.

544 3956 600 4013 Si
624 3956 747 4026 quis
760 3957 1055 4027 superioris
1078 3957 1261 4029 ﬁgura:
1290 3966 1434 4013 retro
1462 3956 1648 4027 posita:
1677 3957 1806 4021 vim,
1824 3971 1927 4026 qua
1954 3957 2068 4027 pla-

470 4049 655 4105 nitiem
704 4049 1161 4114 mensuravimus,
1217 4048 1490 4106 subtiliter
1544 4050 1862 4118 inspexerit,
1905 4050 2066 4103 istius

470 4154 689 4209 quoque
747 4140 935 4210 ﬁgura:
963 4141 1066 4206 vis,
1109 4156 1215 4210 qua
1265 4141 1581 4196 altitudines
1629 4140 1907 4204 metimur,
1938 4156 2065 4194 eum

468 4246 697 4300 prorsus
715 4230 884 4287 latere
912 4247 1022 4287 non
1046 4233 1267 4303 poterit.
1296 4232 1498 4287 Parum
1526 4232 1670 4287 enim
1704 4232 1819 4287 haec
1840 4231 2006 4286 distat
2031 4248 2060 4285 ει

471 4320 738 4389 superiori
766 4320 955 4391 ﬁgura,
1003 4330 1231 4391 excepto
1266 4323 1410 4391 quod
1439 4323 1689 4392 superior
1718 4322 1771 4377 in
1818 4322 2057 4390 planitie,

1057 283 1418 340 SILVESTRI
1449 285 1488 339 Il
1522 282 1724 340 ΡᾹΡιιΕ
1754 282 1905 341 ΟΡΡ.
1942 281 2122 362 PARS
2152 282 2191 337 l.
2225 313 2293 324 ——-
2332 283 2418 340 DE
2456 285 2737 342 DlSClPL.
2765 282 3078 339 MATIIEM.

2109 3210 2156 3273 C

3674 285 3779 341 1‘24

2119 405 2164 464 Α
2196 394 2403 464 tienda,
2444 406 2500 452 et
2529 397 2781 454 similiter
2834 397 3099 468 superiori
3134 395 3237 452 alia
3271 400 3647 467 componenda
3685 396 3786 452 erit

2195 486 2390 559 ﬁgura.

2652 736 2696 792 Α
3194 750 3198 754 Α

2991 801 3033 857 F

2738 934 3289 1179 II

2738 934 2958 983 t._—.:
3191 952 3199 956 --
3251 934 3289 970 υ

2738 934 3289 1186 ρ

2668 1201 2712 1257 Β
3001 1206 3046 1260 E

2741 1357 2969 1417 CAPUT
3008 1358 3218 1415 XXVII.

2492 1511 2697 1585 Figura
2726 1514 2798 1567 ad
2820 1515 3133 1568 metiendam
3165 1513 3460 1585 planitiem.

2251 1671 2506 1728 Meliatur
2528 1671 2784 1743 planities
2809 1672 2841 1726 b
2869 1674 2909 1736 i,
2937 1673 3114 1742 sitque
3149 1680 3359 1728 statura
3416 1673 3698 1731 metientis
3747 1693 3769 1732 ι

2181 1764 2240 1831 lt;
2268 1766 2338 1819 sit
2362 1765 2571 1819 arundo
2597 1752 2821 1834 aequalis
2848 1764 3113 1835 superiori
3138 1764 3157 1817 Ι
3185 1781 3267 1831 in;
3315 1765 3387 1820 sit
3414 1764 3556 1820 linea
3585 1768 3782 1822 ortho-

2181 1853 2450 1924 gonaliter
2476 1854 2636 1910 ducta
2662 1870 2719 1919 a,
2763 1855 2880 1910 visu
2910 1855 3184 1911 metientis
3228 1855 3457 1911 tendens
3486 1856 3555 1912 ad
3602 1856 3787 1912 altum

2179 1960 2278 2015 per
2301 1944 2619 2000 arundinem
2658 1943 2688 1997 lt
2719 1962 2773 1999 η.
2803 1943 2932 2000 Post
2983 1945 3098 2004 lucc
3148 1943 3179 1997 Ic
3203 1962 3257 2010 n,
3288 1963 3320 2000 n
3363 1944 3381 1998 ι
3422 1945 3475 1999 in
3533 1948 3783 2015 quadru-

2179 2037 2267 2109 pla
2298 2036 2653 2107 proportione
2676 2035 3009 2102 conferatur,
3037 2048 3093 2092 et
3123 2037 3379 2093 similiter
3427 2046 3601 2092 totum
3654 2037 3686 2091 Is
3721 2039 3780 2103 lt,

2178 2128 2213 2183 It
2242 2146 2293 2193 a,
2326 2128 2689 2199 quadruplum
2717 2129 3090 2185 indubitanter
3119 2130 3352 2185 dicatur.
3392 2128 3460 2185 Et
3487 2131 3617 2200 quia
3659 2130 3785 2201 jam

2179 2224 2431 2294 superius
2482 2223 2516 2277 tl
2547 2223 2606 2290 Ii,
2641 2222 2675 2277 h
2705 2238 2759 2282 a.
2786 2221 3009 2293 duplum
3065 2223 3402 2289 discebatur,
3458 2224 3624 2279 modo
3677 2238 3783 2278 au-

2181 2324 2292 2370 tem
2336 2313 2369 2366 Ιι
2420 2314 2475 2380 li,
2531 2315 2565 2368 Ιι
2618 2330 2672 2380 a,
2728 2314 3088 2386 quadruplum
3155 2314 3586 2386 pronuntiatur,
3639 2315 3780 2370 sub.

2179 2404 2290 2460 lato
2316 2404 2351 2457 ά
2378 2405 2435 2471 h,
2474 2403 2541 2461 de
2568 2412 2684 2465 toto
2711 2404 2741 2458 lt
2773 2405 2832 2470 It,
2862 2412 3110 2461 remanet
3166 2404 3197 2459 It
3230 2406 3288 2471 ά,
3332 2404 3477 2475 quod
3502 2413 3590 2462 est
3615 2420 3778 2460 men-

2180 2495 2417 2551 surabile
2445 2494 2667 2565 duplum
2727 2496 2794 2551 ad
2850 2496 2884 2551 lt
2932 2513 2986 2552 a.
3050 2496 3202 2565 Quod
3253 2496 3362 2552 sia
3392 2497 3448 2563 d,
3480 2496 3515 2551 Ιι
3566 2513 3624 2562 a,
3671 2494 3774 2561 lsi,

2187 2598 2396 2644 statura
2428 2588 2721 2655 metientis,
2751 2605 2871 2659 quae
2902 2597 2985 2646 est
3039 2588 3265 2662 aequalis
3302 2607 3336 2644 n
3381 2606 3454 2657 m,
3489 2598 3545 2644 et
3578 2589 3614 2642 d
3643 2604 3695 2653 c,
3721 2596 3778 2644 et

2181 2707 2214 2760 υ
2249 2706 2300 2754 e,
2333 2696 2388 2741 et
2422 2688 2455 2741 lt
2498 2686 2546 2752 b,
2603 2687 3041 2742 mensurabiliter
3089 2696 3393 2759 apponatur
3430 2694 3603 2740 totum
3652 2684 3683 2737 ὁ
3717 2699 3773 2749 a,

2182 2779 2326 2851 quod
2381 2786 2468 2835 est.
2512 2777 2742 2837 altitudo
2789 2788 3159 2836 mensuratutn
3213 2778 3358 2834 nullo
3389 2777 3554 2833 modo
3608 2774 3774 2830 dubi-

2183 2883 2327 2937 etur,

2602 3002 2648 3058 Δ

2803 3227 2951 3368 ι
3146 3220 3187 3275 L

2557 3357 2604 3416 ll
2969 3325 3375 3697 '5‘

2602 3720 2644 3774 Β
2784 3720 2828 3776 Ε
2954 3719 2997 3776 C
3128 3649 3355 3776 Mi

2710 3910 2939 3968 CAPUT
2980 3909 3213 3966 XXVIII.

2365 4059 2445 4112 Ad
2474 4058 2787 4114 metiendum
2819 4058 3092 4129 planitiem
3109 4074 3201 4129 per
3220 4058 3555 4114 arundinem.

2242 4228 2407 4284 Stans
2436 4242 2656 4283 mensor
2702 4228 2754 4281 in
2786 4227 3072 4283 metienda:
3118 4229 3365 4300 planitiei
3410 4238 3773 4287 extremitate

2165 4326 2455 4386 componat
2490 4317 2590 4371 sibi
2615 4319 2935 4373 arundinem
2961 4319 3225 4376 minorem
3256 4337 3369 4376 sua:
3398 4321 3766 4392 longitudinis

469 4412 588 4468 haec
610 4422 868 4487 operatur
891 4413 951 4475 in
988 4413 1274 4468 altitudine
1302 4415 1686 4469 mensuranda.
1719 4412 1801 4467 Sit
1832 4414 2061 4470 altitudo
2163 4408 2473 4477 prolixitate
2492 4424 2506 4474 ;
2537 4423 2657 4477 quze
2696 4407 2903 4463 scilicet
2934 4408 3118 4464 tandiu
3148 4411 3378 4467 diversis
3418 4411 3557 4468 locis
3582 4414 3764 4484 plani-

469 4503 833 4559 mcnsuranda
888 4520 921 4557 a
952 4503 1015 4568 b;
1056 4511 1285 4558 statura
1328 4504 1604 4558 metientis
1667 4521 1694 4557 c
1720 4505 1785 4569 tl;
1827 4506 2056 4573 arundo,
2088 4564 2130 4576 __
2165 4501 2258 4556 tiei
2287 4501 2492 4556 directa
2544 4499 2760 4571 ligatur,
2799 4501 2971 4556 donec
3022 4516 3121 4571 per
3169 4502 3541 4559 summitatem
3589 4506 3763 4576 ipsius

469 4610 595 4650 cum
626 4609 732 4664 qua
768 4564 1011 4649 altitudo
1048 4595 1326 4660 metiatur,
1390 4603 1602 4649 statura
1659 4564 1897 4666 longior,
1922 4613 1950 4650 e
2000 4564 2055 4666 f
2087 4564 2137 4625 Β
2163 4593 2444 4648 arundinis
2470 4564 2638 4648 altera
2661 4594 2981 4650 extremitas
3001 4564 3242 4664 planitiei
3271 4612 3340 4651 ex
3360 4564 3763 4667 opposito-cer.

468 4685 611 4742 linea
639 4685 1068 4755 orthogonaliter
1094 4685 1255 4741 ducta
1281 4702 1310 4740 a
1332 4687 1454 4742 visu
1482 4686 1758 4742 molientis
1780 4703 1878 4758 per
1898 4703 2062 4743 arun-
2166 4691 2345 4755 natur.
2375 4681 2493 4749 Quo
2524 4681 2688 4747 facto,
2715 4698 2744 4737 a
2769 4683 3082 4740 summitate
3110 4679 3392 4739 arundinis
3412 4686 3753 4757 orthogona-

468 4775 654 4832 dinem
684 4789 858 4846 usque
881 4776 948 4830 ad
973 4775 1316 4832 altitudinem
1355 4793 1389 4846 g
1436 4776 1486 4830 ὁ.
1522 4776 1617 4831 His
1651 4778 1892 4847 peractis
1942 4778 1978 4832 ὀ
2027 4795 2060 4847 g
2163 4774 2230 4830 lis
2277 4774 2419 4829 linea
2469 4788 2641 4844 usque
2669 4776 2737 4829 ad
2768 4775 3035 4830 mensoris
3061 4784 3324 4829 staturam
3354 4775 3652 4847 dirigatur,
3704 4787 3762 4834 et

468 4861 539 4919 ad
585 4881 618 4930 g
651 4864 691 4935 Ι
735 4874 1139 4934 comparantur,
1178 4874 1233 4919 et
1258 4865 1448 4920 eadem
1481 4867 1818 4936 comparatio
1845 4867 1881 4920 tl
1916 4867 1944 4920 b
1990 4867 2061 4922 ad
2163 4867 2318 4924 locus
2342 4866 2513 4937 ipsius
2559 4875 2805 4931 staturae,
2838 4868 2889 4922 in
2920 4882 3028 4938 quo
3061 4866 3200 4922 linea
3240 4868 3649 4935 terminabitur,
3676 4871 3759 4928 dic

470 4953 501 5007 ὁ
554 4970 587 5007 a
645 4955 1043 5025 pronuntietur,
1094 4970 1220 5025 quae
1278 4956 1316 5011 ά
1364 4972 1398 5026 g
1433 4956 1499 5009 ad
1549 4972 1582 5026 g
1612 4955 1641 5026 f
1676 4956 2059 5026 pronuntiaba-
2162 4957 2395 5030 ligen'er
2418 4958 2683 5029 signetur,
2716 4966 2771 5011 et
2819 4955 2930 5027 ipsa
2967 4972 3093 5026 pars
3123 4965 3344 5012 staturae
3368 4959 3438 5011 ab
3470 4958 3587 5029 ipsa
3629 4970 3758 5017 nota

468 5052 559 5072 ⁴····
610 5046 655 5082 V
715 5063 764 5090 σ-
799 5047 834 5090 II
868 5064 899 5090 η
929 5047 994 5090 ml
1033 5065 1064 5090 η
1096 5047 1122 5090 1⁸
1164 5046 1324 5090 rlnnln
1381 5059 1617 5090 nnnntnr
1691 5056 1745 5090 nt
1802 5065 1907 5090 nnn
1952 5048 2054 5090 mi-

2188 5066 2332 5090 iemm
2390 5051 2456 5090 ad
2514 5050 2686 5090 vicum
2736 5064 2857 5090 num
2914 5048 3051 5090 linem
3100 5049 3531 5090 nrthmmnnlitor
3589 5053 3752 5090 ιιι-οισι
