3986 5444
519 357 620 415 127

1063 469 1291 526 CAPUT
1332 468 1544 522 XXXII.

551 586 634 643 Ad
657 601 763 641 rem
783 583 1190 639 inaccessibilem
1222 567 1367 638 nobis
1409 582 1686 637 altioribus
1729 582 2066 636 metiendum.

586 698 666 753 Ad
697 712 808 751 rem
833 693 1255 765 inaccessibilem
1279 685 1437 748 nobis
1476 692 1759 746 altioribus
1785 701 1864 756 ut,
1909 689 2104 750 metia-

516 800 625 856 tur,
654 774 902 860 quamvis
931 779 1222 850 laboriose,
1244 785 1346 839 hoc
1374 785 1534 839 modo
1563 782 1826 838 faciamus
1851 781 2101 854 ﬁguram.

518 880 601 935 Sit
627 879 700 933 rei
728 878 1013 932 metienda:
1040 876 1314 947 quantitas
1345 893 1376 928 a
1426 876 1476 938 b,
1517 883 1569 928 et
1604 883 1734 944 quot
1765 873 2098 936 cubitorum,

515 969 1000 1035 velulnarum,vel
1029 969 1249 1040 pedum,
1293 967 1379 1022 vel
1431 967 1747 1039 digitorum,
1804 967 1889 1020 vel
1937 967 2103 1020 etiam

515 1061 820 1124 unciarum,
853 1058 939 1114 vel
965 1056 1253 1126 cujuslibet
1290 1056 1514 1111 alterius
1535 1071 1803 1111 mensurae
1834 1056 1906 1111 sit
1949 1054 2104 1108 nobis

519 1152 856 1224 propositum
908 1150 1068 1224 scire.
1108 1149 1187 1203 Re
1217 1149 1650 1219 ortlmgonaliter
1672 1147 1985 1212 constituta,
2034 1145 2105 1199 sit

516 1245 748 1315 spatium
782 1243 1092 1298 immeabile
1140 1243 1282 1297 inter
1317 1256 1418 1297 nos
1466 1250 1519 1296 et
1569 1257 1706 1304 rem,
1760 1249 1820 1296 ut
1871 1248 1954 1294 est
1991 1256 2022 1310 9
2050 1239 2101 1293 b.

515 1337 769 1405 Erigatur
797 1335 954 1390 nobis
978 1334 1360 1406 orthogonium
1407 1333 1441 1387 ὀ
1465 1349 1517 1403 9,
1568 1341 1626 1388 et
1662 1331 1734 1387 sit
1776 1331 1918 1386 linea
1965 1346 2091 1384 sur-

515 1444 636 1484 sum
675 1428 834 1482 ducta
865 1426 930 1482 de
958 1442 990 1496 9
1013 1424 1079 1479 ad
1107 1411 1164 1489 di,
1218 1425 1359 1479 sicut
1386 1424 1566 1494 primo
1597 1423 1801 1478 dictum
1843 1430 1928 1478 est
1983 1422 2050 1478 de
2071 1439 2105 1477 α

515 1519 567 1585 b,
601 1519 830 1574 ducatur
855 1517 1014 1588 plane
1041 1517 1181 1572 linea
1217 1514 1284 1570 de
1310 1515 1345 1569 ά
1367 1516 1434 1570 ad
1465 1533 1513 1580 ι,
1563 1516 1705 1570 sicut
1749 1513 1910 1585 plana
1957 1513 2104 1586 jacet

514 1608 657 1665 linea
690 1611 755 1665 de
777 1626 808 1680 9
837 1608 903 1662 ad
931 1594 988 1674 α,
1017 1617 1073 1664 et
1099 1607 1172 1662 sit
1194 1615 1380 1662 notum
1409 1615 1613 1676 quanta
1657 1605 1726 1661 sit
1781 1604 1926 1660 linea
1970 1623 2001 1677 9
2045 1605 2102 1671 d,

516 1710 572 1757 et
605 1700 749 1756 linea
772 1703 805 1754 ιι
830 1717 879 1754 κ.
929 1697 1038 1755 Nos
1062 1699 1204 1754 enim
1235 1714 1330 1755 eas
1369 1697 1619 1754 facimus.
1675 1697 1963 1769 Erigamus
2017 1711 2106 1751 or-

521 1794 879 1866 thogonaliter
900 1793 1094 1848 lineam
1133 1793 1198 1847 de
1229 1810 1260 1845 ι
1281 1805 1498 1847 sursum
1526 1791 1594 1846 ad
1625 1807 1683 1855 ιι,
1742 1797 1799 1844 et
1838 1803 2102 1859 ponamus
2131 1819 2179 1879 Β

517 1887 731 1944 oculum
758 1886 811 1942 in
836 1886 1080 1942 lineasu
1109 1883 1538 1954 orthogonaliter
1582 1892 1784 1946 erecta.
1837 1890 1900 1937 ut
1946 1890 2108 1937 exeat

517 1979 668 2034 visus
719 1978 908 2033 nester
942 1991 1039 2048 per
1063 1977 1098 2030 ιι
1121 1975 1187 2030 ad
1214 1977 1285 2041 b;
1335 1983 1391 2031 et
1417 1974 1569 2030 locus
1623 1973 1780 2029 linea:
1811 1972 1968 2028 istius
2012 1972 2105 2027 ubi

515 2070 669 2126 stetit
696 2069 902 2131 oculus,
935 2077 1150 2124 notetur
1164 2076 1362 2139 puncto
1383 2068 1499 2138 ipso
1515 2084 1572 2134 ιι,
1597 2075 1653 2122 et
1680 2065 1970 2122 metiamur
2003 2082 2029 2118 ι
2055 2072 2110 2120 et

517 2179 553 2216 ιι
580 2169 783 2231 quanta
812 2161 902 2214 sit.
927 2159 996 2214 Et
1019 2171 1140 2231 post
1163 2161 1268 2214 hoe
1318 2164 1588 2228 ponamus
1644 2157 1837 2213 iterum
1888 2155 2106 2211 oculum

517 2251 572 2307 in
597 2251 741 2306 linea
767 2269 796 2304 ι
826 2267 882 2316 ιι,
905 2250 977 2305 ita
1012 2260 1073 2303 ut‘
1095 2249 1376 2304 valeamus
1397 2248 1582 2303 videre
1607 2263 1702 2319 per
1731 2247 1765 2300 ά
1803 2233 1846 2299 ἀ
1871 2263 1889 2312 ;
1919 2254 1975 2300 et
2031 2244 2109 2299 lo-

516 2358 614 2398 eus
650 2343 701 2396 iu
726 2357 833 2412 quo
860 2343 1008 2396 visus
1048 2341 1281 2404 steterit,
1331 2347 1549 2393 notetur
1603 2345 1801 2408 puncto
1824 2337 1896 2400 b;
1937 2344 1991 2391 et
2028 2335 2106 2390 vi-

516 2433 745 2488 deamus
774 2430 1182 2488 ubi’baec'linea
1231 2440 1455 2501 tangens
1505 2439 1706 2483 terram
1765 2427 2110 2498 conjungitur

517 2524 674 2581 linea:
701 2542 734 2595 9
771 2526 824 2592 b,
863 2534 917 2580 et
957 2525 1028 2580 sit
1055 2532 1316 2594 punctum
1348 2510 1395 2586 e,
1427 2523 1498 2576 ita
1521 2529 1578 2575 ut
1601 2520 1740 2575 linea
1777 2535 1809 2589 g
1833 2535 1861 2574 e
1907 2519 1978 2573 sit
2019 2533 2108 2573 re-

517 2627 621 2673 cta.
646 2617 710 2672 Et
732 2626 854 2688 post
881 2605 995 2673 base
1025 2625 1272 2672 notemus
1293 2623 1553 2684 quantum
1580 2613 1650 2668 sit
1679 2613 1822 2666 inter
1847 2628 1875 2664 z
1897 2621 1952 2665 et
1981 2611 2038 2674 h;
2058 2619 2112 2664 et

515 2715 680 2778 quota
704 2721 831 2778 pars
849 2714 929 2761 est
956 2723 985 2759 ι
1010 2707 1041 2760 h
1063 2705 1130 2760 ad
1154 2722 1184 2758 ι
1204 2705 1238 2758 d
1265 2713 1319 2758 et
1343 2721 1372 2756 ι
1392 2705 1447 2768 d,
1481 2702 1602 2756 add
1625 2719 1676 2771 9,
1709 2708 1856 2754 tanta
1901 2708 1981 2754 est
2008 2698 2043 2752 ά
2081 2715 2112 2768 9

526 2797 594 2852 ad
624 2814 656 2868 9
681 2813 730 2863 e,
769 2806 825 2851 et
855 2805 996 2852 notae
1017 2802 1144 2850 sunt
1170 2794 1388 2849 linere-Ii
1420 2811 1450 2847 κ
1477 2802 1533 2847 et
1569 2809 1598 2846 z
1623 2791 1678 2855 ιι,
1728 2791 1854 2860 quia
1893 2805 1992 2844 nos
2020 2804 2115 2844 eas

519 2886 777 2944 fecimus.
819 2886 884 2942 Et
910 2887 1076 2958 igitur
1104 2895 1291 2940 notum
1316 2893 1400 2939 est
1425 2893 1631 2953 quanta
1659 2891 1743 2937 est
1774 2881 1913 2936 linea
1935 2897 1967 2950 9
1986 2898 2036 2947 ρ,·
2061 2892 2115 2937 et

518 2987 722 3048 quanta
747 2987 837 3034 est
861 2978 1002 3033 linea
1028 2995 1062 3032 ιι
1099 2995 1129 3031 z
1150 2980 1216 3032 ad
1243 2994 1273 3030 ι
1299 2977 1354 3042 τι,
1383 2984 1534 3030 tanta
1556 2983 1642 3029 est
1687 2973 1827 3027 linea
1864 2971 1915 3025 -ά
1963 2988 1994 3040 9
2049 2968 2116 3023 ad

517 3065 716 3122 lineam
738 3084 770 3138 9
798 3068 850 3129 b.
874 3075 929 3121 et
949 3067 1108 3122 linea:
1133 3083 1210 3120 ιιι
1234 3076 1288 3121 et
1311 3083 1341 3120 ι
1366 3067 1400 3118 d
1423 3075 1477 3120 et
1505 3065 1540 3118 ά
1568 3081 1600 3134 9
1629 3062 1784 3118 nobis
1807 3071 1931 3117 sunt
1951 3069 2112 3124 nola‘;

519 3168 706 3214 notmu
741 3158 848 3213 erit
875 3157 1041 3225 igitur
1068 3156 1208 3212 linea
1238 3164 1432 3226 quarta
1459 3171 1491 3224 9
1517 3153 1570 3208 b.
1621 3153 1690 3207 Et
1732 3152 1860 3222 quia
1907 3151 2108 3206 dudum
2138 3185 2184 3247 Ο

518 3250 796 3321 sapuimus
820 3248 1019 3303 lineam
1055 3265 1086 3316 9
1113 3263 1161 3314 e,
1194 3254 1252 3303 et
1301 3247 1542 3317 sapimus
1597 3244 1721 3299 inde
1765 3243 1962 3298 lineam
1992 3259 2023 3312 9
2059 3241 2107 3306 b,

517 3356 807 3410 possumus
837 3354 1025 3409 sapere
1055 3348 1258 3408 quanta
1287 3345 1372 3394 est
1399 3337 1540 3392 linea
1566 3335 1594 3389 b
1619 3351 1682 3400 e;
1716 3343 1774 3389 et
1793 3341 1996 3403 quanta
2027 3341 2112 3387 est

519 3433 660 3488 linea
689 3434 722 3486 ιι
753 3449 784 3504 9
811 3433 878 3487 ad
929 3432 1128 3486 lineam
1152 3448 1183 3502 9
1209 3448 1258 3496 e,
1285 3440 1432 3484 tanta
1459 3438 1542 3484 est
1571 3427 1712 3482 linea
1764 3443 1797 3480 ιι
1851 3426 1879 3479 b
1936 3427 2002 3478 ad
2049 3423 2112 3478 li-

518 3538 675 3579 ticam
711 3523 739 3576 ὁ
765 3539 812 3588 e,
845 3521 1070 3576 etlineze
1099 3521 1133 3574 ά
1163 3538 1194 3591 9
1222 3529 1276 3576 et
1297 3537 1329 3590 9
1355 3520 1386 3573 It
1417 3527 1472 3572 et
1503 3518 1531 3571 Ι)
1561 3534 1586 3572 e
1616 3527 1758 3570 uota:
1801 3522 1948 3569 sunt.
2005 3512 2106 3584 Igi—

521 3622 665 3669 tura
694 3612 722 3665 ὁ
761 3613 1052 3666 liueanota
1074 3620 1178 3677 est,
1213 3619 1270 3664 et
1320 3610 1436 3664 haec
1475 3617 1560 3662 est
1616 3621 1776 3676 quam
1832 3605 2112 3674 quaereba-

519 3717 662 3758 mus.
698 3701 764 3756 Et
793 3709 852 3755 ut
902 3701 1143 3766 brevius,
1200 3701 1342 3771 quod
1385 3699 1631 3769 superius
1677 3693 1866 3750 diffuse
1907 3695 2111 3749 dictum

520 3800 622 3854 est,
650 3791 1160 3861 comprehendatur,
1184 3790 1586 3862 compendium,
1615 3802 1722 3858 quo
1768 3785 2110 3856 phil050pltia

522 3885 740 3954 gaudet,
772 3893 1028 3954 ponatur.
1084 3883 1276 3951 Qualis
1331 3880 1670 3951 comparatio
1733 3878 1898 3932 fuerit
1926 3895 1956 3930 z
1983 3894 2015 3931 ιι
2043 3877 2111 3933 ad

520 3979 554 4031 Ιι
583 3994 636 4038 ιι.
671 3977 792 4031 talis
813 3977 920 4032 erit
947 3994 980 4047 9
1015 3977 1048 4028 d
1071 3977 1137 4030 ad
1188 3976 1217 4029 b
1242 3993 1296 4043 α,
1329 3985 1384 4032 et
1415 3975 1486 4032 sit
1508 3991 1538 4028 ι
1563 3990 1596 4028 ιι
1627 3957 1851 4042 duplum
1891 3970 1959 4027 ad
1989 3971 2021 4026 Ιι
2053 3988 2105 4036 ιι,

521 4068 625 4123 erit
649 4085 681 4139 9
713 4070 743 4120 d
765 4067 984 4139 duplum
1014 4067 1082 4122 ad
1113 4068 1141 4122 ὁ
1171 4085 1224 4123 a.

2061 4219 2108 4277 U

1424 4510 1543 4555 κ.
2063 4501 2108 4557 u

940 4612 987 4668 Α
1018 4465 2108 4871 η⁴ί

1227 4723 1460 4783 spumat
1499 4703 2046 4798 ’ῗ-έῖτ--·;.··

1135 4798 1479 4852 nmmum-:0

1054 4987 1282 5046 CAPUT
1320 4986 1556 5043 XXXIII.

557 5107 638 5158 Ad
671 5105 989 5160 metieudum
1010 5104 1227 5175 planum
1265 5103 1491 5176 quolibet
1538 5103 1693 5156 modo
1727 5099 2070 5172 propositum.

593 5218 648 5232 no
687 5217 708 5232 ρ
807 5217 841 5232 ι.
950 5215 999 5232 ul
1266 5217 1299 5232 ο.
1455 5230 1458 5231 ν
1529 5213 1606 5232 ,I'I
1639 5225 1677 5232 ,.
1723 5227 1804 5232 η--
1831 5211 1878 5232 1-
1925 5209 2102 5232 --.μεμε

1110 351 1489 410 SILVESTRI.
1517 350 1558 408 ll
1595 350 1795 407 ΡΑΡᾸΞ
1835 349 1985 408 OPP.
2017 348 2103 407 PA.

2235 346 2280 404 I.
2313 377 2381 388 -—
2419 346 2508 403 DE
2545 340 2825 400 DISCIPL.
2868 333 3178 395 MATIIEM.

2125 464 2178 524 Α
2206 461 2475 532 perforata
2517 449 2634 531 per.
2663 465 2954 524 utrumque
3009 439 3249 505 foramen
3299 433 3472 500 visum
3518 443 3782 498 metientis

3681 325 3780 384 123

2206 554 2492 610 admittere
2516 551 2823 607 videantur.
2855 545 2986 602 Post
3012 545 3128 598 Itmc
3185 536 3515 594 extremitati
3556 536 3784 608 oppositi

2204 649 2391 704 lateris
2419 645 2787 702 mediclinium
2815 642 3116 708 horoscopo
3137 637 3214 692 sic
3241 633 3543 705 copuletur,
3569 639 3628 684 ut
3654 630 3778 681 dum

2203 758 2301 813 per
2322 739 2627 810 oppositum
2664 733 2765 789 sibi
2791 732 2932 786 latus
2955 729 3122 808 certis
3143 722 3568 780 dimensionibus
3597 717 3788 774 distiu-

2203 807 2634 889 etum—l—rahitur,
2667 824 2898 878 formam
2930 807 3238 888 orthogonii
3281 809 3626 884 Pythagorici
3673 807 3786 861 imi-

2205 932 2369 988 tetur,
2393 920 2478 975 vel
2511 917 2713 974 imitari
2746 915 3013 969 videatur.
3047 910 3112 966 V.
3142 925 3219 980 g.,
3242 907 3314 960 sit
3340 901 3591 975 quadrati
3622 900 3786 970 ﬁgura

2203 1032 2234 1068 a
2263 1014 2290 1067 b
2313 1031 2339 1066 c
2361 1012 2427 1077 d;
2458 1010 2563 1081 duo
2584 1002 2935 1076 semipedalia
2957 1000 3104 1070 ligna
3127 999 3180 1052 in
3210 991 3615 1075 summitatibus
3631 990 3790 1043 unius

2204 1107 2393 1161 lateris
2414 1104 2584 1174 posita
2615 1101 2714 1170 ef;
2761 1095 3128 1153 mediclinium
3177 1092 3232 1146 in
3287 1089 3511 1144 alterius
3563 1085 3790 1155 oppositi

2204 1197 2520 1254 summitate
2540 1193 2774 1248 locatum
2796 1203 2896 1258 per
2913 1185 3221 1257 oppositum
3242 1181 3348 1238 sibi
3378 1181 3523 1236 larus
3569 1178 3784 1234 discur-

2205 1307 2331 1348 rens
2351 1291 2384 1345 d
2410 1306 2442 1361 9
2469 1290 2523 1345 in
2545 1287 2691 1342 hunc
2724 1281 2980 1338 modum:

2228 1449 3384 1525 D,_____.___.____,c

2297 1495 3333 1739 l’\_——l

2824 1795 2826 1797 >
3433 1775 3473 1834 a

3366 1839 3473 1914 2%

3359 1911 3473 1976 ξ’ξξ

3358 1980 3488 2049 Ξὲ.

3361 2050 3470 2125 gs

3243 2180 3269 2204 ι
3344 2159 3396 2207 £2
3432 2114 3503 2169 et;

3341 2215 3396 2248 :-

2488 2301 2522 2338 ο
3003 2301 3137 2366 ‘f
3327 2291 3390 2513 Β

3433 1775 3473 1834 a

3421 1839 3473 1921 ,Ξ

3435 1951 3488 2049 Ξ

3432 2050 3503 2169 Ξ

3366 1871 3399 1914 Ξ

3358 1983 3400 2048 Ξ

3363 2053 3399 2104 Ξ

3361 2107 3399 2125 -ι

3344 2159 3396 2207 ἐξ

3341 2215 3396 2248 :-

3322 2539 3649 2622 superﬁcies

3245 2625 3248 2627 λ
3457 2619 3562 2664 ista

2282 2775 2589 2846 Composita
2617 2773 2864 2844 quadrati
2901 2772 3066 2842 ﬁgura
3090 2770 3194 2825 hac
3214 2769 3425 2823 ratione
3465 2777 3706 2836 ponatur
3726 2766 3800 2835 ja-

2215 2882 2345 2922 cens
2379 2867 2431 2920 in
2460 2849 2744 2921 metienda:
2781 2862 3018 2934 planitiei
3048 2859 3409 2920 extremitate,
3447 2865 3503 2912 et
3549 2857 3736 2911 taudiu
3773 2873 3799 2908 a

2217 2960 2476 3015 metiente
2500 2973 2565 3012 ex
2593 2957 2763 3012 altera
2795 2964 2948 3025 parte
2985 2953 3249 3023 erigatur,
3299 2950 3473 3004 donee
3514 2965 3617 3018 per
3665 2947 3801 3004 feras

2219 3052 2416 3106 minae
2445 3050 2738 3120 [opposita
2775 3046 3091 3103 extremitas
3135 3041 3276 3114 plani
3328 3050 3604 3105 cernatur,
3655 3051 3711 3094 et
3750 3040 3798 3094 iu

2220 3141 2322 3196 hoc
2351 3141 2491 3205 loco,
2521 3155 2629 3210 quo
2660 3140 2808 3193 visus
2837 3135 3069 3199 steterit,
3098 3141 3224 3187 nota
3251 3140 3506 3201 ponatur.
3534 3130 3669 3186 Post
3693 3131 3803 3186 hinc

2215 3246 2311 3302 per
2341 3231 2704 3285 mediclinium
2736 3243 2800 3282 ex
2827 3229 3054 3281 adverso
3078 3222 3431 3279 constitutum
3455 3221 3606 3276 visus
3650 3236 3802 3274 men-

2214 3320 2354 3375 soris
2381 3319 2670 3389 dirigatur,
2695 3316 2990 3384 donecjatn
3022 3321 3204 3368 notata
3253 3311 3574 3366 extremitas
3627 3311 3801 3364 vidca-

2215 3421 2322 3466 tur.
2353 3410 2470 3477 Quo
2493 3410 2638 3464 facto
2659 3408 2829 3474 locus,
2853 3421 2960 3476 quo
2997 3423 3030 3476 9
3057 3403 3290 3467 steterit,
3349 3411 3588 3468 notetur,
3641 3411 3742 3457 etc
3771 3417 3802 3471 9

2214 3505 2279 3557 ad
2304 3521 2335 3572 9
2370 3503 2397 3556 b
2422 3512 2799 3578 comparetur;
2834 3510 2888 3553 ct
2911 3498 3087 3568 qualis
3136 3496 3470 3565 comparatio
3518 3512 3546 3548 c
3570 3512 3604 3565 9
3626 3495 3692 3548 ad
3714 3513 3744 3564 9
3773 3495 3802 3546 b

2213 3592 2397 3654 fuerit.
2434 3593 2620 3646 eadem
2661 3591 2996 3662 comparatio
3053 3588 3137 3643 ab
3188 3587 3254 3641 ad
3303 3595 3471 3640 totam
3518 3585 3803 3655 planitiem

2213 3684 2336 3738 erit.
2382 3682 2446 3739 V.
2471 3700 2549 3755 g.,
2592 3693 2700 3737 tota
2729 3681 2976 3753 planities
3006 3681 3346 3744 abdicatur,
3404 3686 3457 3733 et
3486 3695 3513 3731 c
3543 3695 3575 3747 9
3621 3678 3802 3742 (idest

2212 3791 2242 3828 a
2259 3775 2570 3829 summitate
2594 3773 2890 3843 superioris
2918 3770 3168 3840 quadrati
3197 3783 3367 3838 usque
3389 3768 3453 3822 ad
3485 3767 3797 3822 inferiorem

2211 3875 2421 3936 partem
2454 3863 2770 3934 medieliuii)
2801 3879 2832 3933 9
2855 3863 2907 3928 b,
2935 3862 3058 3933 (boc
3087 3870 3171 3915 est
3204 3876 3232 3914 a
3260 3857 3572 3913 medicliuio
3596 3858 3668 3912 ad
3717 3858 3796 3912 in-

2215 3957 2466 4012 feriorem
2491 3956 2746 4028 angulum
2766 3953 3006 4025 ejusdem
3031 3950 3238 4021 lateris)
3261 3950 3485 4020 :equalis
3509 3949 3802 4003 constitua-

2215 4056 2319 4102 tur.
2349 4047 2514 4117 Igitur
2545 4063 2576 4099 a
2603 4045 2655 4110 ὁ.
2686 4044 2738 4099 id
2765 4053 2849 4100 est
2871 4042 3161 4106 latitudo,b
3186 4041 3264 4109 Ιι).
3294 4039 3345 4094 id
3361 4047 3446 4094 est
3487 4055 3516 4093 a
3537 4039 3803 4109 quadrato

2211 4152 2386 4207 usque
2415 4135 2482 4189 ad
2511 4135 2740 4189 limitem
2764 4131 3006 4203 planitiei
3031 4129 3257 4202 aequalis
3286 4143 3409 4184 esse
3431 4143 3538 4184 non
3591 4128 3804 4184 dubite-

2212 4237 2318 4283 tur.
2350 4225 2441 4281 Sic
2469 4234 2525 4281 et
2549 4226 2605 4280 iu
2628 4224 2841 4280 caeteris
2865 4219 3306 4294 proportionibus
3357 4234 3384 4272 c
3405 4235 3436 4290 9
3466 4218 3534 4274 ad
3559 4235 3592 4290 9
3616 4218 3648 4271 b
3677 4231 3805 4272 con-

2212 4322 2500 4377 sideretur.

2745 4495 2974 4582 CAPUT
3002 4495 3272 4582 ixxxrv.‘

2352 4678 2436 4732 Ad
2461 4676 2601 4747 putei
2625 4673 2704 4729 vel
2730 4673 2886 4744 fossa:
2928 4673 3261 4726 altitudinem
3308 4668 3648 4724 moliendum.

2282 4831 2434 4886 Putei
2459 4841 2551 4884 aut
2575 4826 2860 4895 cujuslibet
2885 4824 3044 4880 fossae
3057 4821 3400 4878 altitudinem
3425 4818 3795 4889 sicprobabis.

2138 4945 2187 5004 ι)
2214 4924 2410 4992 Accipe
2427 4921 2629 4992 lignum
2656 4920 2921 4972 directum
2944 4924 3000 4969 et
3020 4930 3156 4984 pone
3179 4928 3343 4982 super
3370 4913 3596 4967 buccam
3626 4909 3796 4980 putei,

2216 5026 2271 5072 et
2295 5015 2448 5085 cujus
2471 5012 2718 5066 umbram
2743 5007 2952 5062 videbis
2983 5005 3036 5074 in
3068 5005 3156 5074 cf,
3199 5005 3251 5059 id
3303 5012 3390 5059 est
3431 5001 3799 5074 profunditate

2213 5107 2383 5178 putei,
2415 5113 2469 5160 et
2493 5103 2695 5174 lignmn
2717 5107 2949 5170 quatuor
2977 5096 3192 5152 eubitos
3218 5136 3231 5150 .
3254 5137 3268 5149 .
3325 5095 3448 5166 plus
3497 5093 3714 5155 habeat,
3747 5097 3803 5145 et

2213 5207 2365 5232 ovnnl
2396 5197 2586 5232 un‘ﬂnc
2609 5193 2776 5232 nodo:
2825 5188 2942 5232 ρίΙΙΩ
2989 5189 3094 5232 alia
3143 5188 3296 5232 IIIIS”.
3343 5186 3548 5232 directa
