3986 5444
232 303 317 358 19.)
1604 303 1691 357 DE
1731 304 1818 358 CF.

1928 304 2149 360 ETRIA.

3384 298 3484 355 I30

224 418 253 469 ιι
272 433 318 475 a,
342 414 485 468 sicut
514 425 601 469 est
624 433 653 469 ιι
684 433 710 469 c
736 415 763 468 b
794 411 967 469 tribus
997 412 1201 469 vicibus
1249 413 1301 470 in
1324 416 1357 468 ιι
1380 434 1410 469 α
1438 433 1483 470 e.
1527 416 1797 472 Abstrahe
1828 422 1875 481 Α
1906 432 2187 487 quousque
2214 418 2396 473 videas
2421 418 2484 472 de
2513 418 2545 469 h
2578 432 2672 487 per
2699 435 2725 471 c
2752 432 2918 485 usque
2942 417 3007 471 ad
3034 434 3088 480 ιι,
3119 416 3208 471 ubi
3236 424 3319 472 est
3340 430 3491 486 sum:

222 527 248 564 ιι
275 508 323 574 d,
349 518 604 565 remanet
633 528 666 565 a
688 530 737 566 e.

821 688 1237 1366 XV
1262 868 1303 925 Β

745 1521 971 1578 CAPUT
1011 1518 1229 1577 XXXV.

458 1610 542 1668 Ad
581 1615 907 1669 altitudinem
939 1616 1126 1667 montis
1155 1612 1533 1667 inveniendam.

277 1706 416 1761 Cum
469 1707 672 1776 qumris
721 1705 1057 1760 altitudinem
1105 1703 1333 1771 alicujus
1387 1702 1622 1767 montis,
1668 1717 1806 1773 pone

224 1796 431 1851 hastam
459 1803 587 1850 ante
629 1804 680 1849 te
712 1796 763 1849 in
794 1795 954 1864 plano
989 1810 1086 1864 pro
1116 1803 1297 1847 monte
1320 1792 1614 1863 longiorem
1642 1808 1803 1863 quam
1840 1783 1882 1841 Β

228 1896 268 1940 tu
304 1906 318 1939 :
372 1898 430 1942 et
462 1895 545 1941 cst
594 1886 751 1941 hasta
780 1903 811 1939 a
838 1885 885 1949 ὁ,
917 1894 973 1940 et
998 1895 1053 1938 tu
1080 1902 1106 1938 c
1132 1884 1186 1937 d.
1220 1883 1412 1938 Postea
1444 1883 1808 1953 contemplare

230 1979 308 2033 hac
341 1980 469 2034 illac
501 1989 552 2034 te
582 1993 802 2034 movens
838 1987 987 2033 recto
1009 1977 1290 2033 oculorum
1318 1977 1434 2032 visu
1462 1993 1611 2047 pera
1641 1992 1810 2046 usque

229 2069 407 2124 videas
440 2071 479 2139 f.
506 2069 661 2123 Tunc
682 2068 968 2124 considera
991 2075 1191 2138 quanta
1219 2067 1290 2121 sit
1310 2085 1341 2137 9
1370 2084 1397 2120 c
1424 2065 1490 2121 ad
1521 2084 1552 2136 g
1577 2084 1629 2130 a,
1658 2075 1810 2120 tanta

232 2173 295 2215 est
320 2178 353 2214 c
380 2162 411 2215 ι
439 2161 505 2214 ad
534 2160 563 2214 ὁ
590 2160 691 2229 [ιιι
720 2169 869 2230 puta.
894 2158 949 2213 Si
983 2176 1014 2228 g
1044 2175 1091 2223 c,
1121 2157 1281 2228 dupla
1309 2166 1391 2212 est
1418 2157 1484 2212 ad
1506 2174 1537 2227 9
1567 2175 1621 2221 a,
1651 2154 1809 2225 dupla

234 2263 294 2306 est
333 2271 365 2306 c
403 2254 434 2306 h
457 2253 523 2306 ad
552 2254 583 2305 h
612 2253 666 2322 f;
704 2261 759 2309 et
790 2252 1126 2323 quantalibet
1164 2268 1195 2321 9
1225 2267 1251 2303 c
1279 2249 1343 2303 ad
1382 2266 1413 2319 9
1439 2268 1491 2315 ιι,
1548 2258 1695 2303 tanta
1730 2256 1813 2303 est

238 2344 412 2411 procul
467 2344 632 2399 dubio
668 2360 695 2396 c
744 2344 777 2395 It
825 2342 947 2396 adh
975 2342 1031 2411 f;
1067 2350 1122 2396 et
1151 2349 1351 2410 quanta
1381 2347 1466 2394 est
1508 2357 1539 2393 a
1563 2356 1594 2409 9
1623 2338 1686 2393 ad
1707 2356 1739 2409 9
1760 2355 1810 2403 c,

242 2449 365 2492 nuta
408 2448 489 2493 est
518 2440 599 2508 fit
630 2440 697 2493 ad
726 2439 757 2491 h
786 2455 844 2503 r;
896 2445 949 2492 et
969 2439 1000 2491 Ιι
1032 2437 1163 2505 {est
1189 2451 1363 2499 mons,
1393 2442 1448 2488 et
1477 2441 1679 2503 quanta
1730 2441 1814 2487 est

242 2534 312 2585 ιιι
349 2533 423 2587 ad
448 2534 478 2586 Ιι
504 2550 534 2601 9
559 2542 708 2586 tanta
736 2540 819 2585 est
843 2533 876 2584 ά
909 2532 926 2584 ἱ
953 2532 1018 2585 ad
1041 2530 1119 2599 fi.
1147 2529 1297 2595 Quod
1331 2527 1377 2582 si
1402 2527 1594 2580 lluvius
1620 2525 1813 2580 habea-

245 2634 312 2678 tur
360 2624 452 2678 vcl
509 2624 655 2678 aliud
684 2622 1019 2677 obstaculum
1054 2622 1197 2674 inter
1230 2637 1256 2673 ο
1289 2620 1344 2683 Ιι,
1397 2626 1450 2671 et
1499 2633 1605 2671 non
1638 2614 1813 2685 possis

250 2720 539 2787 pertingere
576 2717 660 2785 ad
690 2716 888 2770 montis
930 2715 1190 2779 radicem,
1227 2723 1284 2767 ut
1311 2712 1623 2783 praedictam
1666 2709 1815 2763 iuve-

250 2810 341 2863 nias
364 2824 704 2871 mensuram,
748 2808 929 2877 accipe
961 2825 991 2861 a
1020 2824 1051 2877 9
1084 2806 1132 2868 b,
1168 2805 1219 2859 id
1247 2814 1329 2858 est
1359 2805 1594 2862 hastam,
1624 2809 1677 2853 et
1700 2815 1815 2852 am-

254 2900 351 2955 bula
407 2909 554 2956 retro
599 2899 669 2954 30
716 2900 926 2953 cubitans
974 2906 1065 2951 aut
1098 2894 1498 2965 quantumlibet
1524 2902 1578 2947 et
1617 2892 1815 2947 iterum

255 2992 597 3062 contemplare
642 3001 792 3046 recto
837 2991 953 3045 visu
991 2989 1057 3044 de
1092 3006 1143 3042 ιιι
1187 3003 1283 3058 per
1312 3005 1343 3041 n
1374 3001 1547 3055 usque
1588 2983 1655 3038 ad
1704 2983 1737 3035 ά
1772 2981 1815 3051 f,

259 3083 371 3150 quod
392 3092 474 3137 est
498 3082 785 3135 summitas
814 3081 1028 3142 montis,
1058 3089 1112 3135 et
1139 3089 1323 3147 postea
1350 3077 1491 3141 vide,
1516 3084 1715 3143 quanta
1746 3074 1817 3129 sit

260 3144 300 3225 ut
325 3190 345 3226 c
370 3174 431 3227 ad
456 3191 482 3227 c
506 3192 540 3227 η
565 3183 711 3227 tanta
736 3182 817 3227 est
837 3189 885 3226 m
917 3173 949 3225 Ιι
973 3173 1090 3227 adh
1197 3169 1463 3225 Abstrahe
1484 3168 1551 3223 de
1572 3184 1623 3221 m
1647 3168 1679 3221 It
1702 3184 1727 3220 c
1753 3165 1808 3232 It,

264 3272 307 3315 et
350 3263 458 3317 vide
512 3263 655 3333 quod
693 3271 955 3325 remanet,
1009 3270 1157 3315 tanta
1185 3269 1269 3315 est
1299 3258 1526 3313 altitudo
1578 3257 1806 3319 montis;

266 3364 309 3405 ut
332 3364 461 3423 puta,
502 3356 545 3409 si
596 3355 845 3410 invenisti
878 3373 905 3409 c
936 3356 968 3408 It
990 3354 1207 3423 duplum
1239 3353 1305 3406 ad
1340 3353 1371 3406 Ιι
1396 3352 1439 3421 f,
1480 3357 1675 3418 etpost
1700 3366 1747 3401 ιιι
1779 3348 1813 3401 It
1904 3352 1910 3362 '

266 3450 589 3519 qtatlruplum
620 3450 684 3503 ad
714 3451 744 3502 Ιι
775 3450 826 3519 f;
883 3449 1011 3504 tolle
1039 3468 1063 3501 ε
1086 3450 1116 3501 Ιι
1149 3449 1215 3501 de
1240 3464 1288 3499 ιη
1310 3447 1366 3509 Ιι,
1419 3444 1469 3498 id
1491 3452 1577 3498 est
1606 3443 1710 3495 duo
1750 3440 1817 3495 de

269 3551 491 3608 quatuor,
523 3551 800 3597 remanent
838 3543 963 3607 duo,
1008 3542 1149 3610 quod
1179 3547 1263 3594 est
1290 3555 1339 3591 m
1365 3554 1416 3600 c,
1458 3536 1644 3590 dices:
1687 3532 1813 3603 quia

265 3650 305 3684 m
349 3649 375 3685 ε
413 3634 628 3704 duplum
665 3646 747 3689 est
772 3635 803 3687 h
843 3634 883 3703 f,
929 3635 1069 3688 dona
1117 3632 1186 3686 30
1213 3672 1228 3696 ,
1282 3628 1366 3683 vel
1392 3627 1461 3681 20
1487 3625 1721 3689 cubitus,
1747 3623 1813 3677 ad

254 3738 295 3773 ιιι
340 3740 364 3775 c
403 3734 465 3779 et
506 3725 590 3789 15,
648 3725 730 3779 vel
762 3726 826 3780 10
854 3726 918 3780 ad
948 3724 983 3777 It
1008 3724 1050 3793 f,
1096 3732 1146 3777 et
1174 3723 1252 3776 sic
1280 3739 1307 3775 ε
1332 3722 1364 3774 Ιι
1394 3718 1609 3789 triplum
1641 3723 1724 3770 est
1752 3715 1818 3769 ad

261 3812 325 3880 inf
352 3822 403 3867 et
424 3816 555 3880 mh,
595 3815 893 3885 septuplum
926 3815 992 3868 ad
1022 3815 1053 3866 It
1102 3813 1141 3881 f.
1175 3809 1442 3866 Abstrabe
1473 3825 1500 3861 c
1530 3808 1561 3860 Ιι
1592 3806 1658 3861 de
1679 3822 1729 3858 ιη
1764 3805 1815 3865 Ιι,

271 3903 317 3956 il
364 3915 438 3958 cst
475 3906 530 3969 5,
585 3908 650 3960 de
678 3908 707 3961 7
739 3913 1020 3961 remanent
1043 3904 1097 3971 ι,
1123 3901 1483 3975 quadruplum
1510 3905 1595 3953 est
1620 3912 1668 3949 ιη
1692 3913 1719 3950 c
1748 3896 1816 3950 ad

271 3996 297 4046 II
324 3996 359 4064 Ῑ,
388 3997 459 4050 sic
483 3998 527 4051 iu
551 4000 687 4053 aliis.

452 4106 486 4159 F

698 4275 925 4754 ‘i
1182 4476 1225 4531 Ν
1502 4404 1533 4420 η

865 4757 895 4847 Η
976 4790 1125 4851 ln-
1204 4666 1486 4846 -δ,

906 4874 1067 4933 IE
1400 4934 1403 4937 λ

783 4986 1006 5043 CAPUT
1047 4985 1139 5042 XX
1152 4985 1284 5042 XVI.

881 5079 959 5134 De
984 5081 1184 5135 eodem.

355 5171 407 5227 Si
444 5171 626 5242 quzeris
668 5171 778 5227 sine
817 5171 1114 5227 mutatione
1160 5170 1349 5229 hasne.
1399 5167 1479 5221 sic
1510 5164 1693 5219 facies.
1736 5162 1832 5219 Est

302 5280 490 5319 monsa
524 5264 579 5326 b;
630 5266 802 5336 accipe
838 5266 1044 5320 hastam
1085 5265 1312 5319 duorum
1361 5259 1669 5317 cubitorum
1712 5254 1831 5311 lon-

304 5356 481 5425 giorem
516 5363 583 5417 te,
609 5365 659 5409 et
702 5372 833 5423 pone
873 5367 995 5412 ante
1022 5367 1075 5412 te
1100 5357 1153 5410 in
1186 5357 1363 5426 plano.
1409 5352 1599 5405 Postea
1650 5347 1832 5402 consi-

1917 507 2078 559 mitas
2110 508 2331 570 montis,
2379 517 2433 561 et
2466 508 2576 562 vidi
2626 516 2889 576 quantum
2925 508 2994 562 sit
3036 508 3067 560 Ιι
3092 525 3119 563 e
3148 507 3214 561 ad
3236 524 3333 570 ec,
3372 515 3490 561 tau-

1917 606 2028 651 tutu
2056 606 2137 652 est
2164 598 2194 650 Ιι
2216 615 2248 668 9
2271 599 2336 651 ad
2363 616 2393 669 9
2420 616 2471 651 a.
2500 598 2753 653 Invenisti
2778 598 3021 654 forsitam
3050 606 3206 653 antea
3234 597 3325 667 [9,
3349 612 3489 666 qua-

1916 686 2162 756 druplum
2189 704 2221 756 9
2264 704 2317 753 a,
2344 696 2394 741 et
2428 688 2459 740 Ιι
2490 705 2521 758 9
2561 688 2839 758 decuplum
2886 688 2951 742 ad
2975 705 3007 758 9
3043 706 3095 742 a.
3120 686 3299 742 Minue
3321 686 3396 755 [9
3421 685 3490 741 de

1914 778 1945 831 Ιι
1968 795 2019 848 9,
2057 778 2107 831 id
2137 786 2220 833 est
2258 777 2293 832 4
2338 779 2403 833 de
2429 779 2517 844 l0,
2572 779 2922 834 remaneutti.
2959 778 3049 835 Sic
3077 787 3158 833 est
3187 779 3217 831 Ιι
3250 778 3279 846 Ῑ
3309 792 3492 833 sescu-

1914 867 2061 940 plum
2091 866 2157 922 ad
2186 884 2217 938 9
2248 885 2280 921 ιι
2315 868 2397 923 vel
2419 886 2451 939 9
2480 886 2511 924 a
2538 869 2840 940 sescuplum
2868 870 2933 924 ad
2954 868 2983 939 f
3004 870 3057 923 Ιι.

2033 958 3408 1858 ε

2435 1916 2664 1975 CAPUT
2698 1916 2962 1973 XXXVII.

1910 2014 1993 2068 Ad
2054 2015 2416 2070 inveniendam
2488 2029 2591 2096 per.
2660 2011 2925 2083 speculum
2987 2008 3315 2063 altitudinem
3383 2015 3495 2060 tur-

2544 2094 2702 2148 rium,
2741 2094 2840 2137 etc.

1988 2176 2044 2232 Si
2095 2192 2190 2248 per
2238 2176 2514 2247 speculum
2548 2184 2641 2228 aut
2688 2189 2785 2245 per
2815 2172 3077 2227 concham
3102 2185 3313 2242 p.enam
3341 2183 3494 2239 aqua:

1911 2270 2112 2339 qumris
2142 2268 2283 2323 scire
2312 2268 2653 2323 altitudinem
2689 2267 2917 2321 turrium
2945 2265 3029 2319 vel
3073 2265 3356 2327 montium,
3400 2278 3495 2317 ac-

1913 2364 2031 2433 cipe
2058 2362 2360 2432 specuhnn,
2386 2370 2440 2416 et
2466 2376 2601 2431 poue
2626 2376 2792 2432 prope
2815 2367 3051 2413 montem
3077 2357 3128 2410 iu
3150 2355 3328 2425 plano,
3361 2363 3415 2410 et
3442 2362 3496 2408 tu

1917 2462 2123 2507 tantum
2153 2462 2203 2506 te
2242 2454 2414 2522 ipsum
2447 2460 2502 2505 et
2530 2450 2805 2521 speculum
2836 2448 3069 2524 positum
3112 2447 3166 2500 in
3201 2455 3342 2499 terra
3380 2458 3496 2498 mo-

1915 2559 2044 2597 veas
2082 2543 2187 2597 huc
2233 2552 2290 2597 et
2319 2542 2467 2606 illuc,
2519 2556 2799 2611 quousque
2826 2525 3017 2613 rvide‘as
3052 2556 3092 2613 ra
3138 2537 3191 2590 iu
3226 2536 3277 2599 b,
3324 2534 3377 2587 id
3416 2539 3500 2587 est

1916 2636 2281 2689 Sumntitatem
2315 2635 2514 2688 montis
2547 2633 2600 2687 in
2630 2632 2806 2687 medio
2846 2628 3086 2699 speculo,
3127 2636 3181 2680 et
3211 2625 3330 2678 vide
3359 2638 3496 2693 quo-

1916 2728 2076 2781 modo
2099 2727 2225 2789 sint,
2253 2735 2307 2781 et
2335 2734 2534 2795 quanta
2572 2726 2716 2779 inter
2739 2738 2798 2777 se
2822 2722 3052 2776 invicem
3082 2718 3116 2771 d
3141 2732 3191 2781 ε,
3212 2724 3311 2770 etc
3332 2714 3383 2778 b,
3415 2712 3496 2765 sic

1916 2827 2043 2871 sunt
2080 2818 2306 2870 invicem
2334 2816 2361 2869 b
2385 2834 2432 2880 e,
2466 2827 2520 2872 et
2542 2833 2644 2869 ea.
2689 2814 2819 2868 Etsi
2846 2813 2916 2866 sit
2940 2808 3299 2869 obstaculum,
3350 2801 3495 2875 quod

1919 2923 2025 2961 non
2052 2907 2226 2977 possis
2252 2907 2503 2977 probare,
2542 2906 2628 2961 hic
2661 2903 2875 2959 ambula
2909 2909 3054 2956 retro
3077 2914 3198 2953 cum
3224 2896 3340 2966 ipso
3364 2910 3494 2963 spe-

1920 2999 2063 3062 culo,
2105 3006 2161 3053 et
2211 3012 2348 3068 pone
2371 2998 2423 3051 in
2456 3005 2622 3061 terra,
2652 3004 2708 3052 et
2733 2995 2915 3050 videas
2944 2988 3208 3046 movendo
3236 2997 3286 3041 te
3309 3003 3340 3041 a
3370 2984 3423 3040 in
3447 2999 3497 3050 ιι,

1921 3096 1977 3143 et
2006 3095 2261 3157 quautam
2289 3086 2691 3158 proportionem
2719 3084 2919 3140 habent
2951 3080 3180 3141 invicem
3210 3096 3241 3149 ρ
3260 3094 3307 3143 r,
3332 3083 3391 3131 et
3422 3091 3449 3127 r
3470 3090 3502 3126 ι

1917 3180 2164 3235 eamdem
2196 3179 2415 3247 habent,
2448 3195 2479 3231 ι
2508 3194 2557 3246 e,
2585 3185 2641 3234 et
2660 3193 2689 3235 ε
2711 3195 2745 3233 a
2765 3167 3020 3233 invicem.
3046 3171 3224 3228 Minue
3253 3165 3421 3224 indeb
3448 3180 3498 3231 ε,

1917 3277 2198 3325 remanent
2229 3268 2256 3317 ὁ
2281 3283 2328 3325 ι.

3044 3410 3053 3420 .
3346 3400 3356 3410 .
3410 3346 3457 3403 Α

3034 3421 3324 3714 //-

2835 4383 2867 4417 c
3040 4332 3099 4353 ”

2351 4438 2505 4519 κν
3081 4450 3107 4491 ει
3420 4411 3464 4469 ε

2435 4616 2671 4674 CAPUT
2710 4617 2991 4675 XXXVIII.

1998 4711 2080 4766 Ad
2103 4708 2461 4765 inveniendam
2490 4708 2816 4762 latitudinem
2838 4711 2984 4779 ﬂuvii
3030 4707 3105 4762 vel
3126 4708 3317 4776 campi,
3341 4716 3440 4762 etc.

2006 4803 2062 4857 Si
2086 4800 2285 4873 quaeris
2307 4801 2448 4856 scire
2470 4799 2804 4854 latitudinem
2828 4798 2972 4853 ﬂuvii
2990 4797 3075 4853 vel
3096 4794 3321 4863 alicujus
3343 4797 3522 4866 campi

1935 4892 2018 4947 vel
2066 4889 2238 4946 curtis
2264 4898 2361 4944 aut
2389 4887 2678 4960 cujuslibet
2709 4887 2819 4953 rei,
2871 4883 3327 4958 accipe'liguum,
3376 4886 3526 4952 quod

1936 4980 2209 5052 pertingat
2236 4994 2409 5047 usque
2442 4977 2510 5033 ad
2547 4964 2732 5030 oculos
2761 4984 2904 5043 tuos,
2934 4974 3225 5031 secundum
3259 4972 3396 5027 alios
3424 4972 3531 5028 mi-

1938 5089 2040 5127 nus
2065 5086 2174 5126 uno
2205 5068 2391 5126 cubito
2416 5112 2431 5137 ,
2483 5075 2537 5121 et
2566 5081 2702 5136 pone
2728 5065 2783 5120 in
2812 5068 2926 5137 ripa
2965 5063 3132 5127 ﬂuvii,
3166 5072 3222 5118 et
3242 5069 3326 5113 sta
3356 5076 3531 5132 prope

1937 5179 2080 5225 eum,
2132 5168 2189 5217 et
2227 5169 2311 5212 est
2345 5160 2567 5232 lignum,
2611 5166 2671 5211 ttt
2701 5157 2892 5212 subtus
2921 5155 3089 5211 vides.
3120 5149 3275 5223 quasi
3303 5166 3336 5203 a
3369 5150 3421 5214 b,
3482 5162 3536 5207 et

1939 5269 2077 5325 pone
2106 5249 2252 5307 aliud
2279 5248 2489 5322 lignum
2533 5260 2692 5313 super
2713 5245 2887 5315 ipsum
2912 5242 3061 5312 prius
3093 5247 3361 5301 erectum,
3386 5238 3536 5294 sicut

1939 5352 2024 5399 est
2047 5360 2072 5395 c
2094 5345 2146 5395 ιι.
2176 5338 2376 5393 Postea
2403 5332 2784 5402 contemplatio
2809 5341 2955 5387 recto
2986 5330 3263 5384 oculorum
3292 5326 3410 5379 visu
3435 5342 3536 5395 per

2850 5436 2963 5444 ____.
3012 5436 3071 5444 ,ν
3104 5420 3269 5444 Alea-gn
3326 5427 3487 5444 nni-In
3513 5431 3528 5444 ι
