3986 5444
197 332 274 388 155

706 436 937 496 CAPUT
987 436 1142 495 XLII.

249 551 477 620 Quomodo
510 549 563 604 in
597 551 802 622 trigono
831 550 1142 619 orlliogonio
1170 549 1404 605 cathelus
1435 560 1481 603 et
1513 549 1650 603 basis

768 633 1097 691 quwrautur.

1749 439 1798 498 Α

246 733 290 790 ln
323 736 512 804 trigono
541 733 895 802 orthogonio,
929 732 1081 802 cujus
1112 733 1389 804 podismus
1418 732 1612 804 pedum
1644 739 1727 785 cst

195 828 262 892 25,
285 827 540 879 embadum
578 825 695 885 150,
731 826 986 879 catbetus
1010 836 1063 878 et
1105 826 1252 879 basis
1284 825 1361 879 sic
1394 832 1724 893 quaerantur.

197 919 494 988 llypoteuusm
529 931 787 970 numerus
816 917 868 969 in
908 931 965 970 se
996 915 1400 985 multiplicetur.
1440 915 1518 967 Ad
1557 914 1726 978 hanc,

196 1027 285 1080 qua?
313 1010 420 1062 hinc
458 1009 784 1071 exrreverit,
820 1024 1108 1073 summam,
1140 1009 1172 1060 4
1210 1007 1434 1063 embada
1456 1048 1468 1066 ,
1501 1022 1619 1075 qua:
1655 1004 1732 1058 fa-

195 1103 310 1153 ciunt
336 1098 426 1152 (300
458 1097 785 1168 adjiciantur
819 1117 832 1152 :
868 1114 988 1167 quae
1025 1098 1337 1167 conjunctio
1369 1099 1505 1153 l225
1536 1113 1732 1168 reprae-

194 1202 350 1248 sentat.
377 1189 536 1259 Hujus
567 1208 794 1245 summas
820 1193 926 1244 erit
959 1191 1099 1245 latus
1122 1190 1212 1245 35.
1244 1190 1446 1246 Deinde
1476 1201 1534 1245 ιιι
1568 1191 1730 1244 ἱΙιΙθΓιο

192 1286 363 1340 stitium
391 1287 613 1338 duarum
645 1296 914 1338 rectarum
945 1286 1273 1346 inveniatur,
1304 1283 1500 1337 catlieti
1528 1281 1734 1336 Scilicet

193 1388 233 1431 et
259 1375 408 1441 basis,
438 1379 601 1431 ducto
635 1378 986 1447 bypotenusse
1016 1392 1239 1430 numero
1278 1376 1329 1430 in
1367 1391 1425 1429 se
1456 1375 1584 1428 ﬁent
1611 1373 1734 1426 6'25.

193 1467 299 1523 Hinc
330 1468 561 1523 enibadis
588 1470 623 1523 4
654 1469 914 1532 sublatis,
953 1468 1022 1523 9.5
1056 1479 1355 1522 remanent.
1399 1466 1565 1536 Hujus
1596 1465 1739 1520 latus

191 1561 272 1614 erit
292 1560 337 1614 ὅ.
369 1559 478 1626 Quo
503 1561 572 1614 ad
603 1559 744 1614 latus
771 1559 1065 1630 superioris
1104 1558 1312 1612 numeri
1348 1558 1602 1612 nimirum
1629 1549 1738 1610 225

187 1651 363 1720 juncto,
399 1653 524 1706 fient
575 1653 667 1706 40.
712 1652 884 1723 Hujus
928 1665 1053 1722 pars
1094 1651 1271 1705 media
1317 1649 1492 1705 basim
1540 1649 1737 1720 trigoni

191 1745 459 1798 constituet.
506 1743 586 1798 Ex
633 1744 738 1798 bac
784 1758 915 1798 vero
961 1742 1170 1796 sublato
1215 1757 1440 1796 numero
1486 1741 1737 1810 quinario

191 1833 415 1892 videlicet.
444 1834 535 1902 qui
574 1834 868 1903 superiori,
903 1834 954 1887 id
982 1845 1063 1888 est
1093 1833 1190 1896 '55,
1235 1832 1301 1886 ad
1330 1832 1500 1886 basim
1535 1831 1736 1887 consti-

192 1927 403 1980 tuendam
433 1926 609 1981 fuerat
641 1935 985 1998 aggregatus,
1019 1924 1191 1978 aderit
1224 1923 1494 1978 catltetus.

1770 1799 1812 1860 ll

727 2117 800 2178 25

395 2113 1451 2534 ὅ

705 2553 774 2607 20
1408 2518 1411 2521 i

721 2729 948 2786 CAPUT
989 2727 1171 2784 XLHI.

238 2845 306 2902 Ad
331 2845 697 2901 inveniendam
729 2844 870 2897 basis
897 2856 944 2896 et
967 2841 1158 2896 callicti
1186 2836 1591 2908 disjuuctionom
1620 2833 1677 2888 in

844 2915 1066 2984 trigono.

241 3028 289 3084 Si
315 3031 490 3084 datum
522 3029 692 3084 fuerit
722 3027 987 3098 trigonum
1008 3067 1021 3090 ,
1049 3025 1202 3095 cujus
1236 3024 1483 3078 catbctus
1515 3031 1568 3075 ct
1593 3017 1747 3073 basis

188 3121 318 3175 simul
343 3120 512 3187 juncti
551 3121 662 3174 sint
702 3120 893 3189 pedum
927 3118 1026 3178 25,
1061 3116 1350 3171 embadum
1387 3112 1486 3213 60-,
1521 3113 1748 3212 ltypote-
1774 3151 1819 3213 C

185 3227 295 3266 nusa
331 3212 415 3275 l7,
463 3211 620 3266 basis
655 3219 710 3264 et
744 3209 942 3264 catheti
991 3209 1069 3262 sic
1117 3214 1393 3275 quaeratur
1435 3200 1740 3270 disjttttclio.

190 3302 516 3373 llypotenusaa
559 3318 821 3357 numerus
862 3303 913 3355 in
944 3315 1001 3354 se
1037 3299 1284 3358 ducatur,
1327 3295 1416 3364 qui
1457 3297 1748 3360 consurget.

190 3393 232 3446 in
255 3394 366 3449 289.
397 3394 538 3448 Hinc
566 3394 800 3447 sublatis
825 3393 856 3445 4
893 3391 1166 3452 embadis,
1202 3389 1251 3441 id
1285 3394 1368 3440 est
1403 3384 1508 3437 9.40
1542 3391 1596 3436 et
1627 3381 1750 3434 reli-

189 3485 280 3550 qui,
310 3486 396 3554 qui
424 3484 967 3554 superabundaverit,
999 3481 1049 3534 id
1080 3487 1163 3532 est
1192 3477 1283 3538 49,
1317 3475 1487 3528 latere.
1511 3479 1748 3538 sumpto,

189 3590 325 3644 :ttqlte
351 3576 499 3630 basis
529 3585 587 3629 et
613 3575 809 3628 catbeti
848 3586 1089 3635 summm,
1121 3569 1190 3622 23
1212 3569 1400 3637 juncto
1433 3563 1562 3617 [ient
1589 3561 1752 3630 pedes

188 3666 258 3720 ὅθ.
298 3668 460 3738 Hujus
497 3677 712 3737 sumpta
755 3666 1012 3721 medietas
1054 3665 1159 3718 erit
1199 3661 1344 3716 basis
1379 3656 1617 3724 ejusdem
1658 3654 1750 3707 tri-

187 3763 309 3830 goni.
341 3762 455 3816 Hae
495 3775 631 3816 vero
659 3761 723 3816 dc
757 3760 856 3826 25,
895 3760 946 3814 id
976 3767 1056 3813 est
1095 3755 1240 3810 basis
1267 3750 1426 3808 simul
1463 3757 1517 3803 et
1547 3745 1749 3800 catheti

189 3853 242 3904 de
265 3852 486 3908 nu'mero
515 3852 725 3907 sublata
762 3850 1084 3920 relinquitur
1107 3844 1419 3901 octonarius
1439 3882 1451 3904 ,
1481 3852 1588 3910 quo
1621 3851 1748 3889 eon—

189 3943 404 3996 stituitur
431 3945 706 3998 catlietus.
744 3943 797 3996 In
829 3943 930 3996 bac
959 3956 1088 3994 vero
1117 3938 1285 4006 ﬁgura
1315 3931 1516 3988 catltcti
1549 3925 1752 3981 inventi

189 4032 384 4088 dimidia
427 4034 813 4102 multiplicata,
845 4041 898 4086 et
937 4047 1001 4085 ex
1036 4045 1098 4084 ea
1130 4041 1338 4082 summa
1385 4038 1492 4077 uno
1537 4021 1754 4086 dempto

185 4119 435 4179 invenitur
478 4124 632 4179 basis
653 4165 668 4190 ,
691 4140 808 4194 quae
828 4124 1037 4177 duobus
1060 4119 1288 4189 sumptis
1313 4114 1371 4169 lit
1395 4115 1750 4184 liypotenusa.

766 4378 920 4444 l7-

769 4646 838 4691 Go

794 4833 858 4886 15

741 5026 964 5084 CAPUT
1012 5024 1195 5080 XLIV.

189 5144 466 5226 Iutrigono
498 5141 784 5226 oxy'gonilo,
815 5143 963 5222 cujus
997 5143 1048 5222 in
1081 5137 1334 5226 latoribus
1360 5135 1560 5226 numeri
1592 5150 1762 5226 quan-

1491 319 1575 377 DE
1611 315 2033 378 GEOMETRIA.‘

3303 309 3410 365 154

1828 433 1878 488 id
1901 443 1982 488 est
2009 433 2094 497 Ν,
2121 431 2400 502 utriusque
2427 429 2891 502 multiplicatioais
2919 444 3187 485 summam
3217 444 3412 500 aggre-

1827 538 1944 593 ges,
1972 538 2091 592 qua:
2115 522 2244 577 ﬁunt
2271 521 2396 576 595.
2428 521 2502 576 Ex
2534 522 2637 576 bac
2665 537 2792 576 vero
2815 519 3037 590 majoris
3063 521 3416 590 bypotcnusae

1827 632 2112 672 numerum
2140 618 2192 670 in
2237 631 2295 670 se
2327 617 2545 670 ductum
2577 616 2822 681 diducas,
2851 616 2901 669 id
2945 625 3030 670 est
3055 615 3193 681 225,
3225 613 3416 683 reliqui

1829 723 1981 773 vero,
2009 709 2097 778 qui
2139 707 2532 777 superfuerint,
2582 708 2634 763 id
2663 717 2744 763 cst
2776 707 2905 772 140,
2954 716 3164 776 sumpta
3194 704 3415 760 dimidia

1831 808 2003 870 parte,
2039 800 2090 853 id
2120 809 2202 853 est
2233 800 2322 862 70,
2353 809 2407 854 et
2437 800 2538 852 bac
2569 799 2634 851 ad
2665 799 2860 861 basim,
2897 799 2946 851 id
2978 805 3062 851 est
3092 796 3156 850 14
3186 797 3412 866 partita,

1831 889 2122 958 quinquies
2152 888 2240 950 M,
2268 890 2319 942 in
2347 889 2550 942 eisdem
2579 888 2647 942 70
2673 889 2936 958 reperies;
2963 902 3082 957 quin
3104 887 3419 941 denomina-

1833 977 1908 1030 tio
1945 993 2203 1033 numerus
2233 978 2322 1032 ﬁet
2353 979 2718 1048 prtescissura:
2747 980 2989 1032 minoris.

1906 1069 2036 1122 Item
2075 1070 2142 1122 de
2173 1069 2616 1140 multiplicatione
2645 1071 2868 1124 minoris
2894 1070 3240 1140 bypotenusm
3270 1068 3320 1121 in
3359 1081 3419 1122 se

1835 1159 1901 1214 ad
1935 1161 2315 1215 inveniendum
2350 1163 2849 1232 perpendicularem
2886 1163 3143 1215 minorem
3174 1158 3422 1229 pricscis-

1836 1266 2018 1305 suram
2065 1252 2279 1305 ductam
2309 1253 2360 1306 iu
2409 1269 2467 1308 se
2498 1253 2809 1308 subtrahas.
2851 1252 2963 1318 Qua
2993 1253 3232 1305 detracta
3278 1249 3422 1304 latus

1838 1341 2330 1410 superabundautis
2358 1361 2616 1401 numerus
2642 1347 2746 1402 erit
2774 1342 3256 1416 pcrpendicularis.

2532 1547 2790 1626 R15

2289 1550 2788 1865 ~/E

2471 1889 2506 1940 5
2738 1887 2802 1940 t4

2419 2068 2647 2124 CAPUT
2689 2069 2848 2124 XLV.

1852 2206 1958 2263 Per
1986 2185 2166 2261 datu—tit
2193 2202 2693 2284 quemlibet-trigoni
2725 2203 3020 2284 orthogonii
3050 2204 3310 2258 catltelum
3342 2207 3435 2261 ba-

2446 2289 2543 2326 δυη
2582 2290 2634 2326 ιη
2643 2289 2746 2326 τιήι
2756 2289 2826 2326 re.

1918 2409 2022 2466 Per
2051 2410 2232 2464 datum
2265 2395 2558 2478 quemlibet
2595 2408 2790 2479 trigoni
2822 2409 3127 2479 ortbogonii
3161 2411 3432 2466 catbctum

1848 2506 1926 2562 sic
1959 2506 2201 2560 invenies
2226 2504 2419 2558 basim.
2452 2503 2711 2559 Catbetus
2745 2511 2824 2558 ter
2851 2505 3097 2571 ducatur,
3139 2521 3276 2559 noua
3307 2522 3436 2575 pars

1851 2596 2156 2660 auferatur,
2185 2595 2376 2664 reliqui
2409 2595 2689 2649 dimidium
2727 2603 2994 2661 sumatur,
3035 2604 3089 2648 et
3129 2597 3228 2649 erit
3267 2595 3433 2650 basis.

1845 2685 1970 2740 Basi
2002 2687 2240 2740 ablatum
2292 2685 2631 2750 restituatur,
2664 2685 2771 2738 erit
2799 2685 3154 2755 bypotcnusa.
3192 2683 3285 2738 Vel
3319 2685 3390 2738 ita
3420 2702 3432 2738 :

1851 2779 2132 2835 dimidium
2162 2787 2429 2842 sumatur,
2460 2778 2601 2848 quod
2637 2787 2718 2832 ter
2742 2777 2999 2843 ducatur,
3032 2776 3097 2831 de
3132 2791 3192 2832 ea
3224 2793 3436 2832 summa

1851 2869 2073 2925 tollatur
2115 2885 2254 2923 nona
2275 2911 2289 2935 ,
2319 2876 2565 2922 remanet
2601 2868 2766 2922 basis.
2796 2866 2893 2922 Vel
2932 2867 3208 2922 dimidium
3237 2870 3437 2924 catheti

1851 2964 2032 3017 sexies
2059 2963 2306 3026 ducatur,
2345 2977 2483 3015 noua
2523 2961 2761 3028 tollatur,
2800 2962 2992 3031 reliqui
3023 2963 3304 3018 dimidium
3335 2963 3441 3018 erit

1853 3053 2032 3119 basis;
2066 3053 2186 3109 basi
2217 3053 2422 3108 reddita
2455 3069 2594 3108 nona
2632 3055 2739 3108 erit
2769 3055 3123 3125 bypotenusa.

2410 3189 2640 3247 CAPUT
2678 3190 2863 3245 XLVI.

2084 3301 2299 3374 Trigoui
2325 3305 2621 3372 art/ingenii
2647 3303 2923 3357 cmbadum
2952 3304 3200 3357 invenire.

1923 3415 1977 3470 Si
2011 3427 2288 3486 qumratur
2326 3417 2519 3486 trigoni
2553 3417 2862 3486 ortbogonii
2904 3417 3226 3480 cmbadum,
3275 3416 3440 3470 trium

1852 3507 2118 3562 linearum
2139 3550 2153 3570 ,
2184 3509 2236 3563 id
2268 3518 2350 3564 est
2376 3511 2575 3563 catlieti
2595 3550 2610 3572 ,
2645 3520 2699 3564 et
2728 3509 2871 3563 basis
2897 3519 3058 3576 atque
3089 3509 3442 3578 bypotenusm

1853 3600 2065 3652 tmmeri
2099 3601 2149 3652 in
2185 3617 2348 3653 unum
2385 3601 2716 3669 redigantur,
2751 3609 2804 3653 ut
2846 3611 2970 3669 puta
3005 3599 3056 3666 6,
3096 3599 3148 3663 8,
3180 3600 3265 3653 10.
3308 3598 3439 3652 Nam

1856 3690 1910 3744 lii
1938 3691 2112 3760 juncti
2138 3692 2206 3745 24
2237 3693 2488 3747 reddunt.
2519 3693 2779 3747 Mediclas
2805 3695 2930 3747 hinc
2953 3703 3219 3746 sumatur.
3255 3692 3329 3744 Ex
3358 3691 3442 3745 liis

1855 3782 2003 3836 basis
2043 3784 2361 3848 seducatur,
2409 3786 2461 3838 id
2497 3794 2578 3840 cst
2624 3785 2688 3848 8;
2732 3785 2872 3856 quod
2921 3793 3188 3848 remanet,
3231 3783 3440 3837 scilicet

1857 3883 2088 3942 quatuor
2121 3892 2216 3945 per
2242 3877 2513 3930 (ratlictum
2534 3919 2547 3944 ,
2595 3877 2643 3930 id
2681 3885 2762 3931 est
2793 3877 2825 3931 6
2856 3875 3282 3945 multiplicetur;
3319 3874 3445 3927 illud

1860 3981 2076 4035 quoque
2105 3967 2426 4036 duplicetur,
2457 3977 2510 4022 et
2544 3968 2669 4022 fient
2705 3968 2791 4021 48.
2819 3967 3024 4034 Quibus
3055 3981 3154 4036 per
3191 3974 3443 4034 quartam

1859 4058 1938 4110 sui
1985 4057 2384 4127 multiplicatis,
2427 4058 2568 4113 illius
2611 4073 2834 4113 summa:
2871 4058 3012 4113 latus
3055 4057 3316 4112 habeatur
3350 4068 3449 4123 pro

1858 4151 2107 4204 etttltado.

2424 4333 2490 4388 10

2033 4585 2066 4639 6
2307 4582 2387 4632 σεεμ

2411 4668 3202 4840 gmw;

1941 4927 1999 4981 ln
2036 4917 2375 4992 ampligoniis
2409 4924 2587 4970 autem
2619 4910 2704 4966 vel
2731 4911 3012 4981 oxygoniis
3035 4907 3145 4976 jam
3191 4907 3329 4960 dicta
3368 4923 3454 4960 re-

1871 5017 1994 5086 gula
2026 5014 2188 5070 liabet
2211 5005 2673 5072 consequentiam,
2701 5017 2800 5076 nec
2822 5003 2985 5055 etiam
3016 5001 3067 5053 in
3095 4999 3450 5064 orthogouiis,

1870 5108 1972 5163 nisi
2002 5107 2054 5161 in
2088 5103 2210 5165 illis,
2241 5111 2374 5167 quos
2402 5093 2770 5165 scsquitertia,
2797 5091 2878 5144 vel
2909 5089 3284 5158 scsquiquarta
3319 5089 3456 5154 τρέξι

1869 5196 2152 5226 nummum
2196 5191 2252 5226 In
2282 5186 2403 5226 alii:
2429 5195 2606 5226 mitam
2633 5182 2714 5226 vel
2751 5181 3088 5226 nrtlmo‘miiis
3116 5176 3341 5226 sulliciat
3372 5190 3457 5226 re-
