3986 5444
530 314 633 375 155

1088 443 1319 500 CAPUT
1358 441 1562 498 XLVII.

890 574 995 628 Per
1023 574 1284 628 calhetum
1318 573 1483 628 basim
1514 572 1766 627 inrem're.

600 710 705 767 Per
750 711 1024 766 cathetum
1070 710 1245 765 basim
1299 711 1542 766 invenire
1585 711 1630 766 si
1676 711 1796 777 vis,
1846 708 2121 765 cathetum

532 802 710 873 ipsum
738 801 905 856 ducas
934 802 986 855 in
1018 817 1095 864 se,
1127 801 1179 856 id
1209 811 1292 856 est
1317 801 1372 866 5,
1404 801 1493 871 qui
1522 802 1657 855 ﬁunt
1682 802 1772 856 25.
1803 802 1880 856 Ex
1907 802 1992 857 his
2014 817 2122 856 uno

531 878 749 964 dempto
777 892 968 962 reliqui
997 892 1066 947 24
1093 893 1377 949 dimidium
1406 909 1620 959 sumas,
1657 894 1708 948 id
1739 903 1822 950 est
1853 894 1953 959 I2,
1979 894 2122 963 quod

532 988 636 1041 erit
672 986 834 1042 basis.
880 985 1019 1041 Iluie
1057 999 1187 1041 vero
1222 986 1449 1057 adjicias
1478 1004 1645 1042 unum
1683 986 1934 1059 superius
1973 987 2123 1043 dem-

532 1086 706 1150 ptum,
739 1086 793 1132 et
825 1077 1070 1133 invenies
1104 1078 1519 1149 bypotenusam.

604 1189 829 1244 Emhadi
859 1198 1038 1243 autem
1069 1190 1230 1259 pedes
1262 1190 1506 1246 invenire
1529 1192 1781 1261 cupiens,
1818 1191 1993 1247 basim
2025 1206 2121 1260 per

530 1283 841 1344 cathetum,
886 1280 939 1335 id
969 1289 1053 1336 est
1099 1282 1165 1335 I2
1196 1297 1291 1351 per
1330 1283 1363 1337 5
1404 1283 1601 1349 ducas,
1646 1284 1776 1339 ﬁent
1815 1282 1921 1372 6t:L
1952 1281 2119 1353 Hujus

533 1382 746 1444 sumpta
778 1373 999 1429 dimidia
1049 1373 1103 1429 id
1134 1374 1332 1442 88150,
1361 1375 1467 1431 erit
1493 1376 1799 1432 cmbadum.
1834 1387 1856 1400 ‘

1063 1538 1129 1602 13

1027 1813 1135 1864 30.

1034 1980 1131 2049 I2.

1078 2156 1305 2216 CAPUT
1343 2150 1575 2210 XLVIII.

881 2276 1192 2349 Trapizclici
1220 2275 1495 2329 embadum
1527 2264 1773 2327 invenire.

608 2394 980 2463 Trapizeticus
1024 2400 1108 2446 est
1155 2389 1301 2445 basis
1340 2388 1536 2458 pedum
1580 2382 1651 2435 40
1677 2423 1691 2447 ,
1736 2377 1985 2433 cathetus
2021 2371 2123 2436 50,

540 2497 828 2542 coraustus
860 2482 949 2537 25.
998 2482 1293 2536 Embadum
1324 2478 1643 2548 dignoscere
1681 2470 1725 2524 si
1758 2466 1860 2530 vis,
1897 2479 1995 2534 per
2036 2476 2126 2515 ca-

540 2578 747 2631 thetum
796 2572 1089 2643 multiplica
1137 2579 1478 2631 coraustum,
1536 2564 1589 2618 id
1637 2568 1721 2616 est
1767 2555 2011 2625 trigesies
2056 2549 2126 2604 25

540 2668 675 2721 ﬁunt
705 2666 825 2721 750.
856 2664 1027 2726 Tunc,
1066 2663 1208 2732 quod
1237 2660 1502 2728 reliquum
1538 2663 1621 2708 est
1645 2649 1810 2714 basis,
1835 2647 2001 2700 ducas
2030 2656 2127 2732 per

537 2756 845 2821 cathetum,
874 2754 923 2808 id
954 2763 1035 2808 est
1066 2730 1311 2822 trigesies
1340 2747 1407 2802 I5
1443 2756 1570 2801 sunt
1599 2741 1702 2795 450
1731 2736 1962 2793 medium
1988 2730 2123 2794 225,

532 2848 699 2920 junge
728 2848 1100 2919 superioribus
1119 2886 1132 2908 ,
1157 2852 1285 2899 sunt
1312 2840 1434 2897 975.
1473 2838 1613 2893 Ecce
1642 2830 1917 2889 invenitur
1943 2825 2129 2881 emba-

540 2941 690 2996 dum.

1252 3097 1311 3135 35

991 3172 1046 3206 Φ

990 3209 1045 3242 ⁸ο
1106 3209 1119 3260 I
1219 3220 1322 3260 ,ηε

1107 3478 1335 3538 CAPUT
1372 3474 1554 3533 XLIX.

547 3603 761 3677 Trigoni
791 3596 1048 3671 isaplevri,
1079 3593 1229 3677 cujus
1259 3599 1378 3645 sunt
1400 3585 1798 3677 singululalera
1820 3580 2130 3649 '50,embadi

1019 3658 1170 3741 pedes
1200 3658 1649 3731 comprehendere.

618 3779 839 3854 Trigoni
870 3773 1123 3847 iSOplevri
1144 3813 1160 3839 ,
1190 3769 1344 3840 cujus
1385 3774 1512 3823 sunt
1560 3765 1768 3837 singula
1802 3764 1973 3818 latera
2016 3760 2088 3843 ¹50
2113 3802 2129 3827 ,

547 3873 763 3930 embadi
791 3870 955 3940 pedes
985 3860 1450 3935 comprehendere
1480 3858 1527 3914 si
1552 3858 1651 3920 vis,
1680 3856 1830 3927 prius
1855 3854 2131 3909 cathetum

550 3965 629 4024 sie
652 3963 917 4020 invenias.
946 3958 1113 4014 Latus
1136 3969 1299 4010 unum
1328 3953 1383 4007 in
1410 3965 1478 4011 se,
1498 3950 1625 4015 due,
1657 3949 1788 4003 ﬁent
1817 3946 1922 4002 900
1951 3962 1965 4011 ;
2001 3945 2131 3999 item

548 4058 775 4114 alterius
810 4053 1000 4109 lateris
1030 4048 1264 4105 mediam
1312 4045 1456 4100 inse
1482 4083 1498 4108 ,
1549 4040 1828 4096 ﬁent225.
1879 4040 1988 4095 Hos
2033 4039 2127 4094 de-

549 4151 734 4205 trahas
765 4148 833 4201 de
858 4144 986 4209 900,
1015 4139 1373 4197 remanebunt
1400 4136 1524 4192 675.
1551 4134 1759 4202 Quibus
1785 4134 1830 4189 si
1853 4132 2130 4187 addideris

547 4255 743 4304 unum,
772 4237 904 4292 ﬁent
926 4234 1053 4311 676.
1079 4230 1252 4298 Ilujus
1273 4229 1413 4283 latus
1442 4238 1526 4283 est
1545 4227 1634 4282 26.
1665 4226 1808 4281 Ecce
1839 4226 2118 4280 eathctum

550 4347 658 4403 quo
686 4343 784 4401 per
808 4327 956 4382 basis
985 4323 1265 4379 dimidiam
1313 4319 1671 4405 multiplicato
1696 4358 1710 4383 ,
1752 4317 1804 4371 id
1829 4325 1915 4372 est
1944 4316 2007 4371 I5
2036 4329 2135 4385 per

549 4425 641 4493 26,
664 4422 830 4496 pedes
850 4418 1092 4475 invenies
1120 4413 1332 4472 embadi
1363 4412 1489 4468 590.

1195 5048 1265 5107 30

625 5246 685 5302 In
710 5244 857 5303 omni
894 5244 1055 5316 igitur
1090 5224 1411 5310 orthogonio
1448 5233 1726 5290 cathetum
1766 5223 2019 5282 etbasim
2049 5219 2134 5277 el-

1102 309 1510 367 Sll.VVESTRI
1550 307 1591 364 Il
1621 306 1822 364 PAI‘AE
1873 303 2024 364 OPP.
2062 304 2242 362 PARS
2267 303 2308 360 I.
2332 334 2402 345 —
2442 302 2532 359 DE
2558 300 2838 360 DISCIPL.
2889 297 3198 355 MATIIEM.

2147 420 2197 481 Δ
2225 432 2289 473 ex
2320 417 2425 473 bac
2447 417 2587 473 latus
2608 425 2881 486 sumptum
2907 416 3011 471 erit
3039 414 3400 486 hypotenusa.
3445 408 3525 464 Ex
3573 409 3811 479 hypate-

2145 1772 2193 1832 B

2153 3121 2201 3183 C

3576 268 3813 353 "iss

2228 524 2365 564 nusa
2398 518 2578 563 autem
2615 508 2669 563 in
2693 522 2752 562 se
2777 504 3131 575 multiplicata
3158 543 3174 570 ,
3209 502 3264 557 id
3289 510 3372 557 est
3402 500 3490 565 15,
3519 515 3614 570 qui
3666 499 3815 553 ﬁunt

2226 600 2348 666 I69,
2380 601 2423 655 si
2452 599 2738 656 deduxeris
2760 596 3029 654 calbetum
3062 593 3115 651 in
3146 611 3224 661 se,
3253 595 3304 650 ld
3330 603 3417 649 est
3457 588 3529 647 25
3577 587 3810 660 reliqui,

2223 694 2277 748 id
2306 701 2390 749 est
2419 692 2544 757 IH,
2573 707 2755 746 sumas
2785 691 2948 756 latus,
2980 689 3030 743 id
3061 698 3145 743 est
3169 686 3256 751 I2,
3287 685 3395 741 erit
3418 684 3587 740 basis.
3620 683 3817 752 Hypo-

2224 796 2470 842 tenusam
2513 801 2645 842 vero
2678 786 2723 841 si
2774 778 3221 855 multiplicaveris
3262 779 3318 834 in
3372 793 3472 844 se,
3507 784 3565 833 et
3608 774 3816 830 exinde

2222 878 2506 935 summula:
2531 885 2760 933 acerem:
2780 874 2955 930 basim
2984 873 3109 929 inde
3128 870 3473 936 subduxeris,
3505 869 3560 924 id
3583 877 3670 923 est
3700 861 3814 921 114

2223 968 2438 1041 reliqui,
2470 968 2522 1024 id
2556 977 2640 1024 est
2664 966 2737 1023 25
2759 1007 2775 1033 ,
2819 965 2962 1022 latus
2994 962 3195 1021 ratbeti
3232 962 3324 1018 ﬁet
3374 974 3655 1015 numerus.
3696 956 3815 1013 Ca-

2224 1067 2432 1123 thetum
2469 1074 2523 1120 et
2568 1064 2743 1120 basim
2794 1060 2848 1117 in
2895 1059 3098 1117 eisdem
3148 1053 3489 1127 orthogoniis
3530 1051 3810 1121 contingit

2221 1156 2434 1214 edicere
2461 1154 2748 1212 embadum
2780 1152 2978 1208 taliter.
3011 1149 3265 1213 Catheto,
3294 1147 3346 1211 id
3370 1136 3460 1200 est
3489 1144 3547 1207 5,
3579 1157 3686 1212 per
3714 1140 3817 1195 ba-

2222 1253 2345 1316 sim,
2398 1250 2451 1304 id
2471 1257 2554 1304 est
2608 1247 2676 1301 I2
2721 1243 3115 1313 multiplicato,
3164 1239 3298 1295 ﬁent
3338 1235 3444 1301 60;
3477 1234 3638 1303 hujus
3676 1246 3816 1286 vero

2223 1341 2503 1397 dimidium
2530 1379 2545 1405 ,
2580 1338 2633 1393 id
2683 1345 2767 1391 est
2811 1335 2916 1398 50,
2956 1333 3061 1388 erit
3099 1329 3409 1386 cmbadum.
3454 1324 3611 1393 Quod
3662 1322 3818 1377 idem

2221 1432 2395 1496 ﬁeret,
2428 1430 2471 1485 si
2507 1443 2603 1499 per
2631 1425 2835 1481 catheti
2866 1421 3144 1479 dimidiam
3181 1419 3327 1475 basis
3352 1459 3368 1486 ,
3414 1415 3499 1471 vel
3534 1428 3634 1486 per
3661 1412 3821 1469 basis

2222 1525 2505 1582 dimidium
2541 1522 2791 1600 cathetus
2819 1515 3287 1588 multiplicare'ur.

2801 1666 2869 1724 I3

2801 1666 2869 1724 I3

2461 1654 2539 2074 ξι
2825 1932 2915 1995 ,σρ
3093 1884 3538 2083 Ξπὶλ

2848 2112 2916 2167 I2
3174 2144 3189 2167 ,λ

2850 2223 3082 2281 CAPUT
3121 2224 3183 2279 L.

2298 2318 2513 2387 Trigoni
2536 2319 2766 2375 isoscelis
2792 2321 3055 2374 cathetum
3077 2319 3319 2373 invenire»
3336 2316 3415 2373 vel
3435 2317 3746 2373 enéadum.

2297 2412 2520 2482 Trigoni
2571 2413 2784 2469 isocelis
2814 2412 3007 2485 \Cod.,
3060 2388 3364 2481 isdscelis),
3402 2410 3557 2480 cujus
3606 2410 3826 2482 singula

2229 2500 2399 2559 latera
2449 2512 2573 2558 sunt
2618 2505 2810 2573 pedum
2848 2504 2919 2558 25
2940 2545 2955 2569 ,
3001 2504 3147 2559 basis
3181 2518 3311 2559 vero
3344 2504 3410 2558 14
3440 2544 3455 2569 ,
3486 2503 3533 2558 si
3565 2512 3827 2558 cauimus

2225 2607 2521 2666 quaeratur,
2557 2598 2639 2652 vel
2669 2598 2979 2651 cmbadum.
3015 2597 3134 2652 Uno
3170 2597 3341 2652 latere
3368 2598 3420 2652 in
3453 2612 3513 2652 se
3538 2598 3732 2660 ducto,
3765 2601 3826 2653 td

2226 2698 2309 2744 est
2331 2690 2422 2753 25,
2452 2690 2581 2744 ﬁent
2608 2689 2732 2743 625.
2763 2690 2857 2744 llis
2880 2690 2924 2745 si
2955 2690 3279 2744 subduxeris
3327 2689 3615 2743 dimidium
3666 2688 3825 2744 basis

2228 2783 2280 2837 in
2310 2799 2367 2838 se
2394 2783 2482 2848 49,
2518 2783 2728 2853 reliqui,
2763 2783 2812 2837 id
2837 2792 2919 2837 est
2943 2782 3045 2837 576
3081 2798 3263 2837 sumas
3297 2782 3437 2837 latus
3463 2822 3479 2847 ,
3514 2782 3567 2837 id
3613 2792 3701 2837 est
3728 2781 3826 2848 24,

2227 2883 2281 2928 et
2310 2882 2388 2927 tot
2420 2874 2614 2944 pedum
2641 2874 2745 2928 erit
2769 2873 3035 2929 cathetus.
3067 2872 3184 2939 Quo
3215 2889 3311 2943 per
3334 2874 3482 2928 basis
3530 2871 3827 2927 dimidium

2228 2963 2601 3033 multiplicato,
2636 2963 2878 3019 invenies
2910 2960 3125 3018 embadi
3157 2978 3443 3018 numerum
3474 2959 3605 3016 I69.

3005 3364 3035 3395 ﬂ

3008 3487 3075 3544 14

2856 3599 3083 3656 CAPUT
3127 3599 3209 3656 LI.

2521 3695 2734 3767 Trigoui
2761 3693 2958 3750 θεαιεηί
2984 3695 3246 3748 cautelam
3284 3694 3533 3749 invenire.

2307 3789 2527 3861 Trigoni
2553 3788 2778 3853 scaleni,
2805 3787 2958 3858 cujus
2985 3786 3165 3840 minus
3193 3785 3330 3841 latus
3368 3785 3439 3839 sit
3486 3784 3689 3854 pedum
3732 3785 3830 3850 I5,

2236 3883 2383 3940 basis
2408 3882 2498 3946 25,
2547 3879 2719 3949 majus
2762 3880 2903 3933 latus
2931 3878 3023 3944 20,
3057 3877 3331 3932 cathetum
3360 3874 3677 3931 inveniendi
3710 3876 3833 3932 haec

2235 3974 2340 4031 erit
2365 3972 2546 4044 regula
2574 3989 2586 4025 :
2614 3971 2822 4026 minore
2851 3968 3023 4024 latere
3056 3968 3109 4023 in
3141 3982 3200 4022 se
3228 3967 3615 4037 multiplicato,
3639 3967 3695 4022 id
3719 3977 3832 4031 est,

2237 4070 2305 4127 I5
2332 4070 2461 4124 ﬁent
2488 4068 2615 4134 225,
2647 4065 2763 4121 basi
2804 4079 2934 4120 vero
2959 4104 2973 4130 ,
3006 4063 3059 4118 id
3085 4070 3167 4117 est
3187 4062 3288 4127 25,
3335 4071 3499 4117 erunt
3545 4061 3673 4116 625.
3731 4062 3834 4117 His

2234 4167 2508 4235 utrimque
2534 4161 2818 4218 summulis
2847 4161 2900 4215 in
2931 4175 3096 4214 unum
3127 4156 3333 4228 junctis
3362 4158 3491 4213 ﬁent
3525 4157 3653 4213 850.
3694 4157 3835 4226 Qui-

2235 4260 2336 4315 bus
2367 4258 2411 4313 si
2440 4253 2763 4312 subduxeris
2789 4251 2967 4320 majus
3002 4249 3145 4305 latus
3173 4251 3225 4304 in
3254 4264 3351 4316 se,’
3396 4249 3449 4305 id
3471 4258 3555 4304 est
3580 4248 3689 4303 400
3716 4265 3731 4313 ;
3760 4263 3834 4304 ex

2214 4349 2447 4419 reliquo
2470 4387 2485 4411 ,
2529 4345 2620 4415 qui
2652 4340 2981 4413 superfuerit
3003 4382 3017 4406 ,
3050 4341 3102 4395 id
3151 4348 3237 4396 est
3260 4340 3367 4395 450
3393 4381 3410 4406 ,
3462 4354 3623 4395 sume
3661 4340 3835 4394 dimi-

2238 4442 2409 4505 dium,
2438 4439 2489 4493 id
2513 4448 2596 4492 est
2621 4434 2747 4498 225,
2776 4434 2967 4489 eodem
3013 4447 3242 4487 numero
3284 4431 3695 4486 denominatam
3739 4447 3835 4488 ac-

2159 4502 2215 4563 D
2240 4502 2411 4602 cipias
2435 4538 2668 4601 partem,
2704 4542 2811 4596 quo
2845 4524 3269 4595 superscribitur
3293 4522 3475 4586 basis,
3510 4521 3565 4576 id
3603 4529 3690 4577 est
3730 4521 3833 4588 25,

2240 4638 2439 4682 nonam
2468 4636 2597 4677 vero
2618 4616 2854 4674 25adicti
2882 4615 3092 4670 numeri
3131 4613 3398 4678 invenies,
3425 4620 3481 4667 et
3512 4620 3592 4667 tot
3622 4613 3832 4681 pedum

2238 4720 2343 4775 erit
2368 4717 2545 4772 minor
2571 4713 2886 4784 praeeisura,
2905 4724 3010 4778 qua
3036 4709 3089 4763 in
3113 4722 3171 4762 se
3198 4707 3559 4778 multiplicata
3583 4707 3831 4765 ﬁent8I.

2242 4809 2389 4877 Quos
2417 4806 2461 4861 si
2490 4800 2810 4859 subduxeris
2840 4799 2908 4853 de
2937 4796 3159 4852 minoris
3185 4794 3372 4850 lateris
3394 4796 3447 4849 in
3476 4808 3535 4850 se
3562 4796 3835 4867 multipli-

2242 4904 2475 4967 catione,
2500 4900 2552 4954 id
2582 4906 2668 4954 est
2696 4897 2763 4952 de
2791 4893 2900 4949 225
2923 4933 2939 4958 ,
2974 4890 3164 4960 reliqui
3194 4930 3208 4951 ,
3238 4888 3329 4957 qui
3360 4889 3732 4960 superfuerit,
3776 4889 3835 4947 id

2235 5006 2321 5053 est
2350 4993 2476 5059 144,
2503 4992 2646 5046 latus
2675 4987 2768 5043 ﬁet
2792 4983 2995 5072 catheti
3018 4994 3297 5036 numerus.

2682 5373 2744 5441 ἐξ

3102 5340 3163 5412 ἓ

3102 5410 3135 5444 \
