3986 5444
188 345 267 403 ΙΞἹ
1548 344 1636 403 DE
1672 344 1750 404 GE

1882 328 2117 403 ETRIAI

762 455 989 513 CAPUT
1030 452 1136 508 LII.

475 548 544 603 In
568 561 830 619 quaaralo
859 552 1146 619 diagonum
1178 550 1425 603 invenire.

3338 350 3442 407 £58

1772 460 1819 517 A
1850 461 2190 531 multiplicat,
2216 462 2390 531 ipsum
2424 460 2567 516 latus
2612 460 2678 515 ad
2705 478 2826 518 eam
2859 464 3310 536 multiplicatione
3343 471 3444 524 ad-

1850 551 1947 615 dit,
1998 552 2189 607 horum
2226 551 2505 607 dimidiam
2545 554 2746 620 sumit,
2794 564 2846 609 et
2901 558 2979 613 sic
3034 574 3217 613 aream
3280 575 3435 615 suam

241 641 289 694 In
314 640 576 708 quadrato
602 640 893 711 diagonum
926 640 1240 707 invenire.si
1268 638 1446 697 vis.ut
1469 638 1522 691 in
1554 638 1746 693 ortltoo

186 725 464 799 goniisjam
495 728 765 793 diximus,
782 728 921 783 latus
947 743 1139 792 unum,
1180 728 1266 782 cui
1303 735 1551 797 superest
1581 726 1615 780 ι
1642 766 1657 792 ,
1690 727 1748 781 in

185 835 233 874 se
253 821 428 884 ducas,
459 829 517 874 et
544 819 675 873 ﬁent
699 819 788 873 16.
820 820 1006 874 Altero
1033 834 1164 874 vero
1190 819 1243 873 in
1275 832 1335 873 se
1365 819 1548 883 ducto,
1579 818 1632 872 id
1654 827 1739 872 est

185 910 230 971 5.
256 909 303 964 9.
334 907 542 975 Quibus
565 910 617 963 in
651 924 820 964 unum
845 910 1049 979 junctis
1074 909 1205 963 ﬂent
1230 909 1323 963 25.
1352 907 1522 978 Cujus
1542 924 1672 963 vero
1701 908 1747 963 si

186 1002 452 1071 sumpseris
482 1002 628 1056 latus
657 1042 672 1067 ,
700 1000 926 1056 en'ecisti
955 1002 1265 1073 diagonum.
1302 1000 1405 1057 Per
1453 1002 1597 1071 quod
1638 1016 1751 1055 em-

186 1092 354 1145 badum
383 1091 635 1145 invenire
664 1090 711 1144 si
753 1093 857 1155 vis,
900 1092 1005 1145 duc
1046 1092 1099 1145 in
1143 1106 1230 1154 se,
1264 1090 1395 1145 ﬁent
1433 1090 1525 1145 25.
1580 1090 1753 1160 Hujus

189 1191 371 1250 sumpta
415 1182 688 1237 medietas
728 1181 788 1236 (it
835 1183 1142 1237 entbadum.
1196 1182 1304 1236 Sed
1343 1183 1487 1251 quod
1534 1183 1754 1252 propius

187 1286 255 1325 εει
278 1272 505 1335 veritati,
536 1281 595 1326 et
626 1272 679 1325 in
710 1273 857 1327 omni
887 1272 1150 1341 contingit
1174 1273 1437 1342 quadrato
1460 1313 1474 1338 ,
1502 1288 1599 1343 per
1623 1273 1748 1326 lati-

187 1362 398 1415 tudinem
426 1361 721 1432 longitudo
770 1372 853 1417 est
900 1362 1304 1432 multiplicando
1332 1401 1346 1429 ,
1394 1372 1449 1418 et
1486 1364 1579 1435 qui
1630 1364 1755 1419 inde

186 1454 465 1509 exoraverit
521 1454 667 1509 fiunt
694 1453 858 1525 pedes
886 1470 1045 1509 areae.

953 1565 987 1612 tl

757 2287 987 2346 CAPUT
1026 2291 1154 2347 LIII.

399 2396 461 2452 Ν
467 2412 706 2452 umerum
746 2400 993 2454 arborum
1022 2403 1076 2456 in
1106 2417 1233 2473 agro
1264 2404 1493 2458 invemre

242 2508 389 2578 Ager,
422 2508 591 2577 cujus
613 2508 890 2581 longitudo
921 2520 1003 2567 est
1032 2514 1226 2582 pedum
1258 2514 1377 2576 120,
1415 2514 1642 2569 latitudo
1664 2516 1751 2582 70,

188 2596 232 2651 in
255 2614 351 2667 quo
380 2599 615 2654 arbores
644 2599 914 2668 dispositae
957 2612 1083 2657 sunt
1126 2605 1269 2658 inter
1314 2605 1479 2675 pedes
1509 2605 1581 2671 5;
1623 2622 1754 2676 qua-

190 2701 290 2741 rum
320 2704 601 2751 numerus,
624 2689 668 2742 si
698 2700 991 2759 quzeratur,
1027 2694 1309 2763 utriusque
1341 2697 1529 2764 partis,
1553 2707 1753 2766 quanta

190 2786 278 2841 est,
302 2780 563 2834 sumenda
594 2788 696 2845 est,
736 2780 1083 2850 longitudinis
1109 2786 1316 2841 scilicet
1342 2787 1431 2853 2i,
1450 2788 1751 2845 latitudinis

192 2871 265 2925 l4.
294 2873 497 2939 Quibus
546 2872 778 2927 invicem
827 2875 1236 2946 multiplicatis,
1283 2880 1413 2934 [ient
1443 2881 1568 2936 556.
1619 2883 1756 2939 Ecce

195 2976 436 3019 numerus
465 2965 749 3019 arborum.

256 3052 339 3108 Est
358 3065 411 3109 et
448 3054 552 3109 alia
581 3055 885 3112 inveniendi
920 3061 1127 3130 regula,
1157 3071 1214 3117 ut
1238 3063 1750 3137 perlongitudinem

1854 643 2062 713 implet.

1923 736 2113 791 Omnis
2173 745 2356 791 autem
2423 746 2736 809 tetragonus
2792 755 2946 810 aqua
3001 742 3169 797 latera
3232 744 3435 798 habens

1856 841 2022 880 unum
2059 826 2200 881 latus
2229 827 2280 880 in
2307 841 2365 881 se
2404 827 2762 899 multiplicat,
2805 846 2867 884 ea
2898 832 3066 887 semel
3111 833 3437 903 multiplica.

1858 915 2005 969 tione
2034 930 2217 971 aream
2249 932 2401 970 suam
2433 917 2637 987 implet.

1928 1006 2295 1077 Pentagonus,
2323 1009 2413 1078 qui
2438 1010 2609 1079 aequis
2649 1012 2962 1068 continetur
3007 1014 3269 1069 lateribus
3294 1055 3311 1082 ,
3356 1024 3439 1070 ter

1859 1096 2363 1165 multiplicationem
2401 1100 2561 1155 unius
2588 1100 2776 1155 lateris
2820 1103 2871 1155 in
2906 1118 2963 1157 se
2994 1104 3337 1172 expostulat.
3388 1106 3443 1157 et

1860 1202 1925 1241 ex
1957 1186 2099 1242 illius
2125 1203 2335 1243 summa
2360 1191 2823 1259 multiplicatiouis
2852 1193 3019 1247 semel
3064 1209 3247 1248 aream
3280 1193 3438 1249 didm

1864 1291 1989 1331 cere
2024 1286 2081 1331 et
2109 1277 2300 1347 reliqui
2330 1280 2673 1334 medietatem
2699 1296 2935 1336 sumere.

1934 1367 2257 1438 Ilexagonus
2286 1379 2479 1440 quater
2521 1371 2704 1427 lateris
2755 1373 3252 1442 multiplicationem
3300 1375 3353 1429 in
3384 1390 3444 1432 se

1863 1459 2187 1527 expostulat,
2218 1468 2272 1513 et
2294 1475 2603 1516 exesumma
2630 1464 3100 1533 multiplicationis
3139 1467 3224 1521 bis
3258 1482 3447 1521 arcam

1866 1551 2120 1606 diducere
2149 1560 2203 1605 et
2228 1552 2417 1621 reliqui
2444 1569 2658 1609 sumere
2684 1556 3046 1612 medietatem.

1939 1641 2281 1716 lleptagonus
2307 1645 2613 1714 quinquies,
2638 1661 2821 1701 aream
2853 1657 2954 1701 ter.

1939 1734 2246 1804 Octogonus
2274 1737 2493 1805 septies,
2524 1753 2708 1793 aream
2738 1749 2953 1807 quater.

1798 1807 1843 1869 Β
1942 1824 2267 1895 Ennagonus
2298 1828 2498 1895 septies
2529 1868 2543 1893 ,
2587 1845 2770 1884 aream
2815 1831 3124 1900 quinquies.
3158 1831 3225 1885 Et
3266 1831 3452 1887 czeteri

1867 1917 1930 1969 ad
1960 1919 2098 1972 lianc
2116 1921 2584 1989 consequentiam.

2449 2030 2677 2087 CAPUT
2712 2032 2846 2088 LVI.

1865 2138 2236 2211 Cujuscuuque
2264 2144 2476 2196 rotundi
2521 2144 2600 2197 vel
2629 2146 2815 2198 circuli
2860 2147 3177 2201 diametrum
3221 2147 3453 2201 invenire

2476 2224 2524 2266 et
2551 2215 2849 2269 embadum.

1934 2324 2312 2397 Cujuscunque
2344 2329 2555 2383 rotundi
2595 2329 2679 2383 vel
2720 2330 2903 2384 circuli
2938 2331 2980 2385 si
3018 2332 3098 2384 vis
3129 2330 3449 2385 diametrmn

1866 2417 2109 2471 invenire
2146 2427 2199 2472 et
2231 2419 2538 2483 cmbadum,
2571 2420 2651 2474 sic
2677 2435 2892 2489 qumras
2920 2438 2932 2473 :
2982 2435 3046 2475 ex
3076 2421 3194 2490 ipso
3237 2421 3450 2475 ambitu

1860 2510 1932 2563 22
1960 2510 2166 2564 unitate
2192 2510 2425 2575 sublata,
2464 2511 2656 2579 reliqui
2684 2551 2697 2575 ,
2738 2512 2831 2580 qui
2864 2510 3230 2582 superfuerit,
3264 2525 3452 2565 sumas

1865 2600 2080 2653 tertiam
2108 2616 2119 2664 ;
2152 2615 2272 2668 qua:
2302 2599 2394 2654 [iet
2416 2600 2763 2655 diametrum.

1934 2689 2236 2742 Eiubadum
2273 2689 2318 2742 si
2363 2688 2445 2744 vis
2477 2689 2742 2753 invenire,
2774 2689 2856 2744 vel
2903 2696 3010 2744 tota
3051 2688 3301 2744 circuitio
3355 2703 3452 2758 per

1863 2783 2131 2853 integrum
2174 2782 2499 2837 diametrum
2550 2784 2794 2838 ducenda
2823 2794 2936 2847 est,
2982 2793 3037 2838 et
3078 2793 3204 2838 tunc
3251 2791 3448 2852 quarta

1861 2862 2162 2940 sumenda;
2209 2874 2295 2928 vel
2341 2874 2623 2929 dimidium
2668 2874 2929 2928 circuitus
2980 2889 3076 2943 per
3118 2874 3446 2927 diametrum

1862 2966 2152 3035 integrum,
2179 2974 2233 3020 et
2260 2975 2388 3020 tunc
2419 2965 2701 3032 medietas,
2733 2966 2817 3021 vel
2842 2976 3037 3037 quarta
3075 2982 3200 3036 pars
3242 2966 3451 3020 circui-

1863 3065 1947 3109 tus
1974 3071 2069 3125 per
2093 3056 2440 3121 diametrum,
2469 3065 2526 3110 et
2552 3066 2678 3111 tunc
2703 3066 2896 3111 totum.
2926 3056 3078 3124 Quod
3104 3058 3243 3111 idem
3277 3066 3450 3119 esset,

172 3142 399 3209 latitudo
455 3144 862 3214 multiplicetur,
896 3158 951 3203 et
999 3151 1127 3205 ﬁent.
1169 3153 1308 3209 8400
1336 3196 1351 3219 ο
1400 3158 1599 3225 quibus
1651 3176 1751 3230 ρει-
1776 3188 1825 3250 C
1863 3147 1905 3198 si
1932 3161 2029 3214 per
2058 3145 2337 3199 dimidium
2363 3146 2623 3202 circuitus
2661 3146 2912 3201 diametri
2959 3148 3251 3201 duceretur
3292 3145 3454 3197 dimi-

195 3232 456 3300 quinquies
503 3232 769 3301 quinque,
792 3235 843 3289 id
869 3245 951 3291 est
974 3237 1063 3301 25,
1092 3240 1308 3308 partitis
1340 3243 1471 3297 ﬁent
1520 3245 1655 3311 556,
1699 3256 1753 3302 et

196 3329 261 3374 tot
286 3331 437 3376 erunt
498 3323 744 3377 arbores.
793 3325 904 3381 Sub
954 3329 1176 3384 scientia
1229 3347 1359 3387 vero
1414 3334 1750 3405 longitudine

196 3427 297 3465 cum
348 3429 572 3467 numero
620 3415 874 3469 arborum
929 3423 1322 3489 comprehensa
1386 3425 1617 3481 latitudo
1673 3429 1752 3485 sic

195 3504 601 3571 qimratttr,120
628 3507 719 3575 qui
766 3523 1026 3565 numerus
1065 3522 1149 3567 est
1190 3516 1541 3586 longitudinis
1568 3559 1583 3584 ,
1625 3535 1747 3589 paro

196 3596 340 3648 tiatur
363 3610 456 3664 per
492 3596 548 3659 5,
585 3605 639 3650 et
666 3606 825 3650 erunt
851 3599 943 3665 ﬁt,
997 3616 1135 3669 quos
1185 3620 1443 3659 numerus
1496 3607 1750 3664 arborum

195 3683 283 3738 556
311 3686 545 3740 continet
578 3686 764 3743 decies
809 3702 1036 3759 quater;
1086 3696 1176 3764 qui
1228 3696 1294 3750 M
1322 3738 1335 3761 ,
1364 3707 1419 3751 et
1450 3698 1551 3767 ipsi
1589 3702 1752 3770 quiu-

195 3775 330 3837 quies
357 3775 499 3830 ducti
532 3776 779 3833 elliciunt
803 3781 871 3835 70
899 3798 913 3847 ;
952 3798 1072 3850 qua:
1100 3793 1184 3839 est
1219 3784 1448 3840 latitudo
1473 3790 1608 3857 agri.

876 3891 981 3946 120

451 4145 551 4207 τοὶ
858 4148 973 4195 aas
1392 4145 1491 4207 I70

880 4401 981 4455 19.0

757 4505 981 4566 CAPUT
1022 4507 1156 4564 LIV.

570 4603 797 4672 rtnombi
832 4620 1091 4673 cat/letum
1116 4636 1369 4691 τινων-ενι».

264 4716 482 4776 Rhombi
510 4725 657 4795 (Cod.
706 4728 908 4798 cumbi)
944 4744 1106 4795 vero,
1158 4731 1312 4801 cujus
1365 4732 1493 4785 ﬁent
1547 4732 1755 4803 singula

209 4805 354 4863 latera
394 4814 576 4881 pedum
631 4819 728 4883 IO,
777 4826 831 4871 et
875 4817 1165 4888 diagonum
1214 4820 1313 4883 12,
1362 4823 1635 4876 cathetqu
1680 4824 1759 4878 sic

209 4916 416 4967 quaeras.
449 4902 731 4977 Diagonum
761 4908 1069 4972 dimidium,
1104 4910 1156 4964 id
1192 4918 1275 4966 est
1304 4911 1355 4976 6,
1393 4914 1443 4966 in
1474 4929 1529 4967 se
1578 4914 1758 4967 multi-

210 4989 352 5054 plica,
408 4990 533 5048 liunt
572 4998 653 5053 56.
705 4999 803 5055 llis
854 4998 1135 5054 subductis
1191 5002 1256 5055 de
1311 5005 1758 5073 multiplicatione

214 5080 355 5135 unius
390 5082 564 5142 lateris
590 5091 637 5146 in
666 5107 745 5157 se,
779 5091 833 5145 id
858 5099 943 5145 est
966 5092 1031 5145 de
1064 5093 1184 5155 100,
1222 5095 1434 5164 reliqui,
1467 5095 1517 5149 id
1550 5104 1633 5148 est
1658 5098 1749 5160 σι,

215 5182 378 5208 ειιηγια
402 5171 528 5208 Inlue
571 5178 617 5208 εδ
648 5188 725 5208 “ne
759 5180 789 5208 ο
842 5188 891 5208 ΔΙ
925 5188 997 5208 nu
1031 5182 1224 5208 ...ιιι-..ρ-
1251 5184 1459 5208 ..ι-.....-ι..
1491 5185 1729 5208 ---I.....--

1790 4529 1837 4590 D

1863 3238 2029 3291 llllllll.

2370 3385 2535 3485 ws.
2561 3327 2671 3443 ea.

2305 3463 2386 3534 a‘“

2251 3429 3072 4238 Θ

2702 3965 2750 4011 to

2454 4322 2682 4377 CAPUT
2718 4322 2873 4378 LVII.

2222 4430 2288 4485 lu
2324 4432 2608 4501 hemicyclo
2649 4448 2826 4486 aream
2862 4434 3108 4489 invenire.

1942 4550 1997 4605 lu
2030 4548 2329 4617 licmicyclo
2355 4589 2368 4609 .
2404 4547 2556 4616 cujus
2589 4546 2737 4602 basis
2783 4547 2854 4601 sit
2883 4547 3079 4618 pedum
3110 4545 3180 4601 28
3207 4587 3219 4610 ,
3251 4544 3463 4601 diame-

1868 4650 2009 4696 trum
2042 4641 2137 4706 18,
2177 4653 2357 4692 aream
2389 4638 2467 4692 sic
2504 4652 2715 4707 quzeras
2746 4652 2760 4691 :
2793 4652 2889 4708 per
2935 4638 3259 4693 diametrum
3294 4638 3463 4691 duca"

1868 4730 2083 4794 basim;
2138 4728 2268 4782 ﬁent
2314 4728 2480 4795 pedes
2518 4727 2644 4782 392.
2681 4727 2773 4781 His
2801 4728 3056 4783 undecies
3102 4725 3278 4782 ductis
3328 4728 3463 4780 liuut

1870 4822 2037 4889 pedes
2083 4819 2208 4873 51‘2.
2268 4817 2439 4887 Ilujus
2472 4827 2683 4886 sumpta
2716 4818 2921 4873 decima
2954 4827 3148 4888 quarta
3179 4829 3340 4885 parte
3373 4821 3464 4870 lict

1866 4909 1999 4972 598;
2037 4918 2091 4963 et
2118 4917 2197 4963 tot
2239 4909 2438 4978 pedum
2473 4916 2559 4966 est
2585 4906 2743 4976 hujus
2773 4906 3064 4977 hemicycli
3095 4919 3242 4957 arca.

2564 5101 2649 5157 30I
2676 5101 2711 5157 8
