3986 5444
200 322 278 384 III
1565 318 1649 384 DE
1673 331 2095 387 GEOMETRIA.

746 440 969 497 CAPUT
1010 441 1188 497 LXIII.
1781 446 1830 500 Α

200 552 256 606 In
302 554 432 604 omni
474 550 698 613 circulo,
743 552 943 605 duobus
994 554 1385 619 circumscripto
1434 553 1753 619 lelragonis,

290 625 446 684 scire,
482 632 736 690 quantum
772 623 836 674 ab
865 625 1227 675 exlracedenle
1260 625 1514 685 vincatur,
1551 632 1649 675 etc.

261 711 311 765 In
330 712 472 765 omni
494 711 720 773 circulo,
747 712 836 782 qui
860 712 1069 766 duobus
1096 710 1567 766 circumscribitur
1591 722 1757 765 tetra—

203 803 361 871 gonis,
392 816 498 855 uno
525 801 789 867 interius,
820 801 990 855 altero
1018 802 1289 866 exterius,
1322 801 1366 855 si
1396 801 1475 854 vis
1506 815 1755 869 compre—

203 892 452 955 hendere,
506 900 771 962 quantum
814 892 881 945 ab
939 893 1321 946 extracedeute
1377 890 1625 945 vincatur
1656 932 1669 953 ,
1708 900 1763 944 et

202 984 547 1052 subscriptum
572 983 776 1048 uincat,
802 984 1127 1038 diametrum
1150 983 1266 1051 ejus
1289 984 1393 1037 duc
1420 983 1472 1036 in
1503 998 1581 1037 se.
1606 982 1762 1049 Quod

204 1091 311 1131 cum
354 1077 526 1142 facis,
602 1079 884 1133 cathetum
931 1078 1282 1148 suprascripti
1337 1078 1625 1147 tetragouii
1668 1093 1767 1147 per

206 1169 357 1223 basim
409 1169 831 1239 multiplicatum
884 1170 1066 1223 reddis
1093 1210 1107 1233 ,
1137 1178 1189 1222 et
1228 1184 1290 1223 ea
1322 1168 1768 1237 multiplicatione

206 1275 366 1314 aream
394 1261 509 1329 ejus
536 1260 753 1329 imples.
782 1261 856 1314 Ex
889 1261 1032 1315 illius
1054 1276 1180 1315 vero
1202 1276 1428 1315 summa:
1458 1260 1770 1329 integritate

205 1352 262 1403 ad
305 1352 487 1405 circuli
529 1366 719 1406 aream
775 1352 1149 1406 inveniendam
1201 1362 1310 1405 tres
1368 1346 1430 1405 Μ
1477 1351 1766 1405 subducas.

205 1439 389 1504 Quibus
410 1441 717 1504 subductis,
743 1442 884 1510 quod
914 1439 1178 1511 reliquum
1208 1440 1391 1505 fuerit,
1424 1439 1467 1494 si
1490 1454 1586 1509 per
1608 1455 1766 1508 snpec

209 1530 305 1583 rius
332 1532 526 1584 dictam
563 1534 804 1602 regulam
828 1573 841 1595 ,
872 1542 926 1586 et
956 1533 1177 1586 dimidio
1218 1534 1477 1587 circuitus
1509 1524 1771 1600 multiplio

208 1630 350 1673 caute
394 1621 679 1675 dimidium
740 1621 1031 1687 diametri,
1086 1637 1207 1678 esse
1275 1622 1463 1677 circuli
1531 1622 1775 1676 invenies
1945 1632 2135 1688 omnis
2172 1632 2489 1700 hexagonus
2538 1626 2736 1681 ductus
2795 1625 3043 1695 trigesies
3095 1622 3179 1677 bis
3230 1618 3467 1689 acceptis

210 1726 369 1766 aream
395 1751 410 1775 ,
447 1712 516 1765 ab
549 1714 939 1767 extraccdente
980 1722 1261 1783 tetragono
1292 1714 1467 1783 ipsum
1500 1713 1644 1767 scias
1665 1712 1777 1764 cir~

1919 1736 2112 1781 uatuor
2160 1721 2291 1777 facit
2331 1720 2682 1789 quadratum,
2716 1715 2869 1783 cujus
2898 1714 3147 1785 quadrati
3201 1712 3343 1765 latus
3371 1724 3466 1762 ac-

215 1801 377 1854 culum
426 1802 602 1857 tribus
636 1803 701 1856 I4
732 1803 972 1873 ejusdem
1020 1804 1286 1874 superari.
1320 1804 1400 1857 Ab
1428 1802 1619 1857 eodem
1652 1816 1782 1855 vero

1919 1818 2055 1887 eptis
2082 1816 2290 1871 duobus
2319 1821 2374 1867 ct
2423 1811 2569 1865 dicta
2598 1818 2750 1879 parte
2792 1816 2985 1864 octava
3020 1804 3151 1858 facit
3198 1798 3467 1870 hexagnui

210 1891 418 1947 embado
447 1895 811 1964 suprascripti
850 1897 1113 1966 tetragoni
1160 1895 1203 1951 si
1252 1895 1547 1965 sumpseris
1578 1894 1775 1948 medie-
1885 1910 2045 1965 laws.

213 1992 381 2048 tatem,
411 1995 465 2039 et
494 1995 733 2055 quatuor
759 1987 999 2041 decimas
1031 1997 1255 2057 quartas
1282 1986 1525 2056 ejusdem
1560 1984 1777 2055 quantis
1956 2000 2144 2056 omnis
2172 1999 2513 2067 hepmgonus
2544 1990 2895 2062 [quadragies
2936 1987 3128 2041 ductus
3171 1978 3409 2049 acceptis
3438 1978 3473 2029 9

215 2075 345 2138 tatis,
376 2074 527 2143 cujus
561 2076 765 2130 fuerint
790 2079 1099 2147 superiores
1125 2079 1192 2133 ab
1218 2078 1531 2149 integritate
1554 2084 1782 2146 sumpta:
1885 2094 2017 2149 fac"
2043 2091 2391 2162 quadratum,
2420 2086 2574 2157 cuius
2598 2084 2845 2154 quadrati
2865 2081 3003 2134 latus
3028 2076 3268 2147 acceptis
3297 2073 3475 2128 tribus

215 2163 496 2229 addideris,
530 2165 648 2233 jam
703 2167 831 2221 dicti
865 2168 1053 2222 circuli
1100 2184 1284 2223 aream
1333 2167 1597 2238 implebis.
1630 2166 1784 2233 Quod
1886 2196 1943 2243 ει
1972 2186 2113 2240 (ηοω
2144 2191 2299 2255 ραι-ιε
2329 2180 2540 2235 decima
2572 2177 2706 2231 facit
2735 2172 3020 2253 heptagoni
3053 2171 3214 2223 latus.

216 2270 321 2309 eum
366 2256 498 2312 facis
524 2298 540 2323 ,
578 2258 749 2328 ipsam
798 2260 1145 2315 medietatem
1176 2269 1444 2330 sumptam
1474 2259 1542 2313 ab
1572 2259 1782 2328 integro
1962 2247 2159 2331 omni;
2181 2286 2481 2340 ocwgonus
2513 2268 2838 2337 quadrupes
2888 2247 3059 2317 δεμες
3099 2254 3295 2315 almus
3323 2267 3479 2309 περ.

217 2346 422 2403 embado
462 2348 697 2418 majoris
742 2352 1026 2421 tetragouii
1068 2366 1250 2405 aream
1291 2348 1435 2404 scias
1476 2346 1639 2402 fuisse
1680 2347 1781 2401 mi-

1919 2368 2001 2421 llIS
2034 2366 2099 2419 16
2122 2363 2250 2418 facit
2287 2360 2631 2430 quadratum,
2656 2355 2807 2423 cujus
2851 2352 3100 2423 quadrati
3136 2350 3277 2403 latus
3316 2360 3477 2401 accc-

216 2440 363 2503 noris,
377 2456 495 2495 eam
514 2453 759 2510 quatuor
775 2442 1001 2496 decimis
1016 2442 1225 2510 quartis
1246 2458 1274 2493 a
1298 2438 1501 2493 circulo
1518 2439 1784 2510 superari,

1919 2457 2001 2510 »ιίε
2031 2454 2064 2509 ι
2102 2465 2158 2509 et
2195 2452 2334 2507 dicta
2373 2459 2527 2518 parte
2569 2444 2888 2502 duodecima
2927 2440 3057 2496 facit
3095 2436 3350 2507 octogeni
3390 2434 3474 2487 Ia-

218 2529 328 2584 dum
366 2531 554 2586 eadem
598 2546 723 2585 area
754 2532 958 2587 eisdem
987 2521 1559 2601 quattuortleciniis'au
1599 2534 1789 2584 emba-
1896 2521 2009 2603 ius.
3034 2544 3040 2551 '

221 2618 329 2671 dum
362 2620 723 2690 supplendum
750 2630 1147 2691 augmentatur.
1180 2620 1334 2687 Quod
1364 2627 1422 2673 ut
1453 2618 1792 2672 manifestius
1971 2638 2159 2694 omnis
2204 2648 2517 2704 enmgnnus
2568 2633 2762 2686 ductus
2790 2626 3149 2699 quinquagies
3187 2620 3367 2677 sexies
3395 2633 3486 2672 ac-

223 2719 455 2777 appareat
497 2710 550 2763 in
606 2710 966 2780 descriptione
987 2750 1001 2775 ,
1033 2711 1271 2766 circulus
1318 2725 1441 2765 cum
1476 2708 1793 2801 rtetragnnis
1900 2730 2073 2801 (eptis
2093 2729 2165 2783 25
2197 2726 2329 2783 me“
2357 2724 2704 2795 quadratum,
2758 2720 2914 2789 cuius
2942 2715 3190 2787 quadrati
3222 2714 3366 2767 latus
3396 2725 3489 2763 ac-

221 2810 449 2866 ponatur.
484 2801 639 2893 Quid
679 2804 921 2870 partibus
952 2801 1173 2871 majoris
1218 2800 1486 2893 tetragoni
1523 2800 1791 2893 circulmn
1902 2800 2076 2893 ceptis
2098 2821 2131 2877 5
2157 2820 2303 2877 dicta
2328 2827 2483 2889 parte
2507 2816 2916 2883 decimaquarta
2942 2810 3073 2865 facit
3112 2803 3381 2875 ennagoni
3407 2801 3488 2855 la-

222 2891 576 2946 extracedenti
591 2892 688 2946 bus
724 2893 1081 2963 relinquitur?
1110 2894 1200 2947 49..
1227 2892 1366 2960 Quid
1396 2889 1644 2962 partibus
1683 2890 1792 2943 cir-
1900 2889 2011 2970 ηιξ,

223 2982 313 3035 culi
360 2984 845 3040 extraecdentibus
896 2986 1161 3042 minorem
1232 2993 1575 3055 tetragonum
1629 2982 1788 3038 relin-

1977 2984 2165 3060 ῡῖῐῗὴιε
2217 3011 2524 3067 uecagonus
2579 3001 2773 3048 auctus
2813 2983 3059 3064 sexagies
3094 2986 3305 3055 ‘quatcr
3329 2998 3488 3038 accc:

224 3074 421 3142 quitur?
444 3075 515 3132 56
966 3171 1032 3226 Η
1828 3112 1869 3170 C
1905 3092 2011 3163 ptis
2056 3090 2126 3145 56
2170 3097 2227 3143 et
2266 3087 2409 3141 dicta
2458 3092 2611 3155 parte
2641 3082 2850 3137 decima
2877 3092 3028 3136 sexta
3062 3077 3194 3132 facit
3222 3076 3485 3144 decagom

1911 3182 2074 3226 Intus-

1911 3182 2074 3235 latus.

3328 330 3431 386 ΝΞ

2438 441 2664 496 CAPUT
2719 441 2877 496 LXV.

1860 536 2134 603 Quomodo
2165 536 2449 604 quadrata,
2480 544 2526 615 et
2556 543 2722 587 tatera
2753 544 2967 602 trigoni,
3006 544 3287 603 .etragom,
3316 546 3447 601 pene

2319 614 2522 674 (agant,
2551 614 2675 667 etc.,
2702 614 3010 657 nascantur.

1930 715 2122 771 Omnis
2155 714 2425 783 trigouns.
2463 712 2554 781 qui
2609 712 2825 766 ducitur
2857 711 3050 774 octies,
3089 718 3316 781 accepto
3339 724 3451 764 uno

1863 806 1993 862 facit
2024 805 2373 875 quadratum,
2402 802 2555 872 cujus
2606 802 2859 871 quadrati
2895 802 3038 856 latus
3085 801 3307 870 dempto
3342 814 3452 854 uno

1863 914 1917 960 et
1941 904 2081 957 dicta
2119 909 2273 970 parte
2303 898 2541 953 secunda
2568 895 2699 950 facit
2722 897 2916 966 trigoni
2940 896 3102 950 latus.

1936 995 2126 1051 Omnis
2148 1001 2462 1061 tetragouus
2498 990 2691 1043 ductus
2728 990 2908 1043 decies
2943 990 3123 1043 sexies
3152 987 3283 1042 facit
3312 1002 3453 1053 qua-

1866 1086 2103 1149 dratum,
2130 1082 2283 1151 cujus
2304 1079 2555 1151 quadrati
2581 1079 2721 1133 Iatus
2742 1078 2883 1133 dicta
2912 1086 3066 1147 parte
3090 1087 3285 1147 quarta
3319 1074 3457 1129 facit

1874 1176 2143 1247 tetragoni
2180 1175 2340 1228 latus.

1940 1268 2129 1324 Omnis
2157 1275 2495 1336 pentagonus
2543 1264 2737 1319 ductus
2788 1261 3022 1333 vigesics
3050 1270 3243 1331 quater
3275 1268 3329 1315 et
3357 1274 3453 1313 ac—

1870 1370 2028 1432 cepto
2080 1376 2189 1415 uno
2246 1358 2377 1412 facit
2428 1355 2777 1425 quadratum,
2809 1352 2962 1420 cujus
3013 1351 3263 1421 quadrati
3317 1349 3459 1402 latus

1874 1458 2096 1520 accepto
2124 1462 2230 1503 uno
2264 1456 2320 1502 et
2351 1446 2493 1501 dicta
2528 1453 2683 1514 parte
2714 1452 2866 1497 sexta
2899 1441 3026 1495 facit
3052 1438 3341 1520 peutagoni
3374 1438 3457 1490 la-

1877 1551 1980 1596 IIIS.

596 3298 620 3739 ι

731 3259 1419 3403 Ζῖῖζῐ
1981 3272 2172 3329 Omnis
2200 3270 2580 3339 undecagnnus
2628 3266 2824 3319 ductus
2855 3263 3162 3343 septuagies
3207 3259 3291 3313 bis
3334 3272 3490 3310 accc-

731 3401 737 3403 ,
1911 3366 2019 3403 mia
2041 3364 2109 3403 to
2151 3363 2274 3403 fnnit
2323 3362 2665 3403 nnmlmtum.
2714 3359 2869 3403 cuius
2914 3355 3055 3403 Intus
3103 3342 3490 3403 δοεειῖῑίἶῗρῑ

1911 3366 2020 3437 ptis
2041 3364 2109 3419 49
2150 3363 2279 3418 facit
2323 3362 2667 3431 quadratum,
2714 3359 2869 3427 cujus
2914 3355 3055 3411 latus
3092 3342 3494 3422 acceptis-Tel

754 3451 1263 3527 ΕΜΑΡΩῘῙΑΠΚἚ
1289 3444 1303 3527 I
1914 3457 2056 3513 dicta
2082 3464 2231 3525 parte
2257 3453 2463 3507 decima
2497 3466 2634 3504 nona
2665 3449 2787 3502 facit
2817 3446 3155 3517 undecagoni
3182 3444 3347 3498 latus.

793 3537 1257 3642 ἔῇξξξιξὲδχ
1291 3530 1305 3642 ι
1378 3530 1419 3642 Ὶ
1986 3544 2175 3601 Omnis
2196 3542 2611 3611 duodecagouus
2642 3539 2834 3594 ductus
2862 3536 3141 3607 octuagies
3171 3532 3407 3603 acceptis
3427 3530 3497 3584 δι

501 3642 568 3695 Η

611 3291 1295 3667 I
1342 3273 1406 3584 I

800 3537 1032 3575 xxx-sa
1064 3538 1156 3577 τρο

793 3598 971 3642 15MB-
991 3597 1107 3641 cm
1125 3597 1257 3642 (:57.

618 3663 1300 4119 ι
1340 3723 1415 4103 Α

786 3821 1011 3876 INTER
1042 3815 1152 3896 εδδ,

1462 3636 1526 3689 14
1919 3638 2050 3693 facit
2088 3640 2428 3707 quadratum,
2473 3633 2627 3703 cujus
2657 3632 2799 3685 Ialus
2834 3631 3073 3701 acceptis
3102 3629 3135 3684 8
3166 3628 3308 3682 dicta
3341 3634 3499 3694 parte

1916 3728 2178 3800 vigesima
2210 3726 2337 3781 facit
2366 3724 2732 3793 duodecagoni
2768 3723 2929 3777 latus.

2000 3819 2137 3874 Vide
2160 3816 2621 3886 consequentiam,
2664 3824 2722 3867 ut
2767 3815 2959 3868 horum
3008 3814 3193 3868 auctio
3228 3808 3507 3867 octenario

1918 3924 2135 3979 semper
2162 3922 2388 3962 numero
2417 3914 2721 3969 accrescat,
2755 3904 3225 3975 augmentationes
3258 3919 3288 3957 a
3318 3909 3508 3972 penta-

1920 4014 2060 4071 gono
2091 4010 2316 4051 numero
2357 3994 2551 4063 impari
2599 3994 2938 4049 naturaliter.
2974 3994 3243 4062 Trigonus
3268 4005 3503 4057 namque

1921 4087 2113 4148 octies,
2137 4093 2453 4153 tetragonus
2477 4083 2658 4137 decies
2683 4083 2884 4147 sexies,
2910 4092 3248 4152 pentagonus
3278 4078 3510 4150 vigesies

1922 4188 2135 4249 quater,
2184 4177 2499 4245 bexagouus
2549 4174 2817 4245 trigesies~
2837 4175 2918 4229 bis
2962 4175 3201 4239 ducitur,
3241 4181 3299 4228 ut
3330 4180 3413 4227 est
3442 4171 3510 4224 ab

1922 4279 2048 4324 octo
2074 4268 2268 4331 octies,
2292 4283 2321 4320 a
2354 4267 2591 4321 sedecim
2621 4266 2881 4331 sedecies,
2904 4276 2961 4321 et
2989 4266 3068 4320 sic
3092 4266 3509 4333 subsequentur.

1924 4360 2072 4416 Inter
2096 4374 2231 4429 quas
2255 4358 2725 4414 denominationes
2753 4369 2877 4413 octo
2904 4372 3119 4427 semper
3144 4356 3323 4411 inesse
3352 4369 3512 4408 nemo

1852 4456 1901 4515 D
1928 4452 2139 4507 dubitet
2166 4449 2552 4514 diﬂ'erentiam,
2584 4457 2640 4503 et
2674 4448 2753 4502 sic
2785 4448 2838 4502 in
2870 4449 3104 4502 creteris.
3135 4448 3177 4499 Α
3208 4454 3515 4516 pentagono

743 3717 1185 3782 EAM/100174011.
1291 3663 1300 3916 1

620 3666 676 3942 ἱζ
719 3663 731 3942 1
786 3821 1011 3876 INTER
1042 3815 1152 3896 εδδ,

786 3821 1011 3876 INTER
1042 3815 1152 3887 ξεν

750 3940 1297 4060 Ἣ]

976 4158 1039 4212 14

835 4289 1066 4345 CAPUT
1109 4288 1295 4342 LXIV.

695 4400 888 4455 Montis
911 4402 1101 4470 jugera
1135 4400 1385 4453 invenire.

322 4518 509 4573 Montis
542 4517 590 4572 si
639 4525 950 4586 quaerantur
972 4516 1160 4585 jugera
1190 4552 1204 4576 ,
1253 4512 1340 4581 qui
1392 4512 1443 4565 in
1475 4510 1693 4566 verticis
1720 4509 1824 4563 cir-

257 4611 388 4662 cuitu
440 4608 639 4663 habeat
693 4608 858 4676 pedes
904 4605 1027 4668 300,
1064 4619 1291 4659 ascensu
1334 4604 1458 4667 800,
1508 4605 1557 4655 in
1592 4617 1699 4655 uno
1730 4617 1825 4670 per

267 4703 539 4757 circuitum
605 4701 737 4755 I000
763 4741 777 4764 ,
814 4700 1109 4770 junganlur
1150 4700 1267 4751 dum
1321 4698 1705 4760 circnitioncs,
1768 4697 1824 4750 id

261 4793 562 4849 est:1300.
619 4794 691 4847 Ex
745 4793 829 4848 his
876 4793 1052 4845 media
1109 4798 1396 4850 sumatur,
1452 4789 1503 4842 id
1555 4796 1640 4841 est
1698 4790 1823 4843 650.

261 4881 317 4936 lli
359 4900 449 4953 per
493 4900 774 4939 ascensum
829 4882 935 4937 800
992 4883 1301 4937 ducantur.
1356 4878 1484 4932 fient
1558 4882 1699 4937 l).\'X
1752 4888 1831 4937 tot

264 4985 406 5028 erunt
448 4976 615 5045 pedes
660 4975 841 5037 totius,
892 4972 944 5026 id
989 4980 1069 5026 est
1100 4990 1111 5025 :
1147 4972 1380 5033 XXVIII.
1417 4976 1595 5030 DCCX
1639 4991 1833 5047 supra-

267 5064 423 5119 dictus
455 5080 709 5119 numerus
754 5063 1045 5119 dividatur.
1080 5063 1199 5131 Quo
1248 5064 1392 5119 facto
1425 5066 1475 5119 in
1527 5067 1828 5135 mouteju-

258 5168 372 5222 gera
395 5155 742 5210 invenientur
772 5154 838 5209 18
872 5152 1277 5207 remanentibus
1308 5155 1532 5223 pedibus
1566 5154 1722 5212 1600.

1016 5251 1127 5339 δοό

1156 4958 1371 4968 -ν-

1418 4956 1602 4969 ——‘

1932 4556 2111 4600 autem
2162 4544 2482 4614 incipientes
2538 4543 3006 4611 augmentationcs
3060 4540 3301 4593 omnium
3332 4536 3518 4591 multi-

1931 4637 2281 4707 plicationum
2330 4635 2522 4705 impari
2576 4633 2898 4687 naturaliter
2950 4645 3175 4685 numero
3211 4630 3521 4697 discrepare

1932 4725 2275 4779 manifestum
2304 4734 2408 4778 est.
2460 4722 2759 4792 Pcnlagoni
2804 4722 2950 4776 enim
2998 4718 3373 4787 multiplicatio
3414 4734 3523 4770 uno

1934 4814 2330 4875 tantummodo,
2359 4810 2625 4881 liexagoni
2662 4809 2695 4862 4
2736 4808 3027 4881 heptagoni
3057 4808 3091 4863 9
3116 4814 3523 4875 augmentatur,

1934 4903 2184 4973 octogoni
2231 4903 2315 4955 16.
2366 4902 2514 4955 Inter
2536 4901 2742 4971 primos
2789 4914 3055 4969 namque,
3091 4898 3145 4979 id
3173 4905 3256 4949 est
3290 4914 3304 4949 :
3345 4895 3377 4949 5
3409 4902 3464 4947 et
3492 4895 3527 4947 4

1938 4997 2147 5064 primus
2176 4994 2348 5061 impar
2371 5006 2631 5047 numerus
2660 4988 2982 5045 differentia:
3018 4989 3195 5044 locum
3222 4986 3455 5050 obtinet,
3476 4986 3529 5040 id

1939 5094 2021 5139 est
2048 5102 2061 5139 :
2094 5093 2203 5138 tres
2228 5084 2366 5136 inter
2383 5092 2642 5151 quatuor,
2664 5089 2718 5134 et
2750 5095 2945 5134 novem
2962 5099 2987 5134 .:
3015 5078 3308 5139 secundus,
3342 5076 3395 5130 id
3412 5085 3528 5131 est:

1941 5173 2223 5241 quinarius
2259 5170 2401 5225 inter
2424 5186 2641 5235 novem,
2680 5180 2735 5223 et
2763 5170 3003 5225 sedecim
3031 5188 3042 5223 :
3072 5168 3284 5231 tertius,
3324 5166 3379 5221 id
3401 5178 3487 5223 est
3515 5187 3531 5225 :

1943 5263 2223 5332 septimus.

2508 5350 2735 5411 CAPUT
2776 5350 2963 5407 LXVI.
