3986 5444
538 312 642 370 HS

539 426 594 481 in
626 441 685 482 se
715 428 986 494 liunt196,
1016 435 1380 504 utrumquein
1409 439 1575 494 unum
1608 440 1744 498 ﬁunt
1770 444 1894 501 565.
1916 448 2122 507 Deinde

537 518 876 590 hypotenusa
904 522 959 576 in
1003 537 1063 578 se
1110 524 1242 580 ﬂent
1272 526 1398 583 225.
1429 527 1524 585 llis
1562 532 1808 591 deductis
1835 538 1902 593 de
1927 539 2032 595 565
2061 542 2123 598 tit

537 612 806 704 reliquum
830 616 953 672 140.
985 617 1153 689 liujus
1177 634 1304 689 pars
1329 622 1551 681 dimidia
1578 629 1683 684 erit
1710 631 1799 686 70.
1829 632 1997 704 Cujus
2022 636 2119 692 de-

535 702 677 759 cima
698 713 888 774 quarta
918 707 973 762 id
995 717 1078 763 est
1113 726 1128 762 :
1157 710 1190 764 5
1217 712 1324 766 erit
1350 715 1644 782 praecisum
1691 719 1887 791 minor,
1909 702 1974 779 in
2010 741 2117 797 qua

535 793 695 849 cadet
729 794 997 850 cathetus.
1028 795 1093 852 lli
1117 798 1171 852 in
1208 814 1268 856 se
1316 800 1444 857 (ient
1472 804 1562 860 25.
1600 807 1696 863 His
1720 810 1896 868 ductis
1923 813 1989 869 de
2015 793 2119 872 169

532 884 595 939 ﬁt
617 885 881 956 reliquum
914 886 1031 943 164.
1056 888 1230 959 llujus
1252 892 1416 963 latus,
1462 895 1513 950 id
1542 907 1627 954 est
1659 915 1674 954 :
1709 901 1778 955 12
1798 903 1903 958 erit
1931 905 2122 961 cathe-

531 985 640 1032 tus.
673 976 791 1045 Quo
816 993 915 1048 per
942 979 1091 1037 basis
1121 981 1403 1040 dimidium
1440 988 1799 1063 multiplicato
1846 994 2120 1053 invenitur

530 1068 842 1124 embadum.

598 1156 657 1211 ln
703 1160 852 1214 omni
916 1161 1182 1231 quadrato
1236 1167 1554 1237 aequilatero
1623 1174 1760 1231 scito
1821 1177 2110 1250 diagonum

528 1246 706 1363 ipsum
729 1250 937 1363 habe‘re
970 1253 1026 1358 in
1054 1255 1137 1310 sui
1166 1255 1503 1363 longitudine
1532 1263 1675 1320 latus
1701 1282 1867 1323 unum
1892 1246 1948 1326 et
1984 1257 2117 1363 ἃς

526 1338 715 1397 lateris
740 1344 987 1414 quadrati
1018 1361 1204 1403 aream
1268 1349 1548 1421 duplicare
1594 1357 1640 1411 si
1683 1359 1783 1423 vis,
1817 1338 2111 1434 diagom'n'i't

524 1431 774 1499 quadrati
800 1435 1026 1497 minoris
1056 1439 1243 1508 spacio
1273 1439 1419 1499 latus
1444 1445 1690 1513 majoris.

1061 1760 1135 1801 η(

1058 1806 1135 1821 ..μ

1237 1945 1305 1999 11-

1071 2030 1302 2087 CAl’U'l‘
1351 2033 1557 2089 LXVII.

519 2106 652 2166 Oves
699 2115 752 2168 in
791 2132 975 2187 campo
1014 2122 1091 2175 sic
1121 2124 1398 2205 collocare,
1443 2138 1495 2180 ut
1526 2128 1721 2198 qua’vis
1757 2137 1957 2181 certum
1984 2143 2107 2197 spa-

1103 2203 1233 2246 tium
1257 2207 1491 2264 occupet.

587 2271 643 2326 lu
675 2289 886 2346 campo,
916 2279 1006 2348 qui
1055 2282 1219 2338 habet
1250 2284 1302 2338 in
1332 2284 1669 2357 longitudine
1713 2286 1880 2358 pedes
1905 2286 2017 2343 200
2050 2287 2103 2343 in

514 2360 803 2424 latitudine
828 2370 930 2426 100
952 2373 997 2426 si
1025 2372 1103 2429 sic
1143 2390 1273 2432 oves
1298 2378 1513 2434 mittere
1545 2378 1721 2450 (velis)
1747 2388 1805 2434 ut
1839 2392 2103 2450 unaquae-

514 2466 621 2522 que
668 2456 867 2512 habeat
917 2460 970 2514 in
1003 2461 1162 2532 longo
1190 2464 1352 2535 pedes
1376 2466 1433 2531 5,
1462 2466 1513 2521 in
1536 2467 1646 2522 lato
1679 2468 1735 2534 4,
1766 2467 1845 2523 sic
1871 2466 2039 2522 facito
2068 2484 2083 2521 :

514 2544 633 2639 duc;
656 2547 707 2639 5,
736 2550 978 2619 vicenos,
1004 2555 1087 2610 vel
1104 2557 1350 2626 quintam
1374 2570 1584 2630 partem
1609 2562 1675 2617 de
1697 2561 2099 2639 100,.ﬁent40;

511 2650 578 2692 ac
602 2637 800 2696 deinde
825 2642 929 2699 100
950 2644 1133 2703 divide
1158 2663 1257 2718 per
1273 2648 1308 2703 4
1329 2660 1522 2719 quarta
1552 2666 1679 2721 pars
1702 2637 2005 2708 centenarii
2027 2653 2101 2707 25

510 2739 657 2786 sunt.
684 2731 810 2789 Sive
839 2749 970 2810 ergo
1014 2738 1087 2794 40
1111 2742 1350 2811 vigesies
1387 2744 1698 2816 quinquies.
1729 2747 1842 2803 sive
1869 2747 1942 2803 25
1967 2750 2104 2819 qu‘a-

510 2821 730 2896 dragies
774 2831 1018 2898 duxeris,
1063 2834 1315 2906 implebis
1358 2836 1537 2903 1000,
1564 2840 1661 2909 qui
1711 2848 1798 2896 est
1840 2856 2107 2896 numerus

508 2917 898 2978 eollocatarum
920 2926 1127 2981 ovium.

1262 3040 1369 3097 200

2027 3218 2035 3223 ,
2125 3150 2174 3211 ε

1253 3517 1362 3571 200

1049 3627 1279 3684 CAPUT
1325 3629 1556 3685 LXVIII.

542 3719 716 3784 Scire,
745 3727 869 3791 quot
904 3733 1223 3788 agripennos.
1249 3717 1464 3773 claudat
1493 3736 1709 3790 campus
1733 3719 2056 3790 (attigimus.

574 3809 812 3879 Campus
838 3807 1175 3886 fastigiosus,
1208 3808 1302 3878 qui
1332 3808 1495 3864 habet
1551 3810 1603 3863 in
1661 3825 1987 3879 unoquoque
2019 3810 2097 3865 lu-

502 3911 625 3956 tere
668 3901 907 3971 perticas
956 3899 1087 3966 100,
1112 3900 1170 3954 in
1194 3914 1520 3969 unaquaque
1544 3898 1724 3956 fronte
1772 3900 1861 3964 50,
1895 3902 1946 3954 in
1980 3916 2094 3955 me-

503 3994 594 4048 dio
622 3993 711 4056 60,
737 3993 783 4049 si
804 3992 887 4049 vis
930 3991 1080 4048 scire
1103 3999 1236 4062 quot
1277 3991 1608 4063 agripennos
1636 3990 1877 4054 claudat.
1920 3990 2088 4047 facito

502 4081 821 4155 ita:Junge
864 4082 1100 4139 frontem
1149 4080 1220 4137 50
1269 4090 1324 4137 et
1370 4081 1609 4137 medium
1671 4082 1763 4147 60,
1811 4081 2090 4138 ﬁentllO.

503 4172 656 4228 Tunc
684 4172 1047 4239 medietatem,
1086 4171 1161 4227 id.
1195 4180 1280 4226 est
1324 4170 1394 4227 55
1428 4188 1528 4243 per
1572 4172 1994 4243 longitudinem,
2033 4173 2090 4228 id

499 4274 586 4320 est
617 4263 718 4318 100
730 4263 1027 4334 multiplica
1045 4280 1059 4318 :
1079 4263 1209 4318 (ient
1233 4261 1395 4320 5500.
1411 4261 1505 4317 Hae
1529 4272 1657 4318 sunt
1677 4263 1900 4332 perticae
1917 4262 2086 4317 totius

502 4354 702 4424 campi.
734 4353 808 4410 Ut
833 4361 1015 4409 autem
1060 4352 1388 4423 agripennos
1435 4352 1714 4418 invenias,
1741 4352 1922 4407 divide
1949 4351 2092 4406 5500

499 4461 598 4516 per
620 4444 855 4516 perticas
881 4445 1043 4499 unius
1073 4443 1378 4514 agripenni,
1409 4443 1461 4498 id
1485 4452 1571 4498 est
1594 4459 1693 4514 per
1725 4443 1846 4505 144,
1899 4459 2093 4498 secun-

501 4536 630 4589 dum
653 4535 937 4605 quosdam,
968 4537 1059 4603 qui
1093 4533 1279 4588 dicunt
1302 4533 1655 4604 agripennum
1684 4533 1737 4587 in
1761 4548 2088 4603 unoquoque

501 4627 675 4680 latere
720 4625 787 4679 12
828 4623 1066 4694 perticas
1116 4623 1355 4687 habere,
1408 4630 1466 4676 et
1532 4622 1775 4677 invenies
1837 4622 2089 4693 trigesics

444 4730 447 4733 '
501 4720 674 4774 octies
705 4716 809 4772 144
862 4716 917 4770 in
964 4713 1126 4779 5500,
1184 4713 1591 4769 remanentibns
1623 4713 1846 4784 perticis
1894 4712 1969 4768 28
2008 4712 2089 4768 sic

502 4814 646 4868 scias
675 4826 794 4867 esse
817 4810 1240 4880 agripennorum
1261 4806 1336 4862 58
1359 4821 1667 4862 numerum.

1048 4984 1055 4989 ’
1088 4997 1205 5035 100.
1359 4989 1387 5037 5

1311 5181 1445 5226 TOT
1456 5179 1488 5224 υ
1500 5179 1546 5224 Μ

825 5258 847 5350 l
1261 5258 1277 5350 Ι

1311 5179 1546 5226 ΤοτυΜ

1362 5281 1537 5327 5500

825 5258 847 5362 ξ
1259 5258 1277 5444 Ι
1362 5281 1537 5327 5500
1691 5258 1716 5444 ἲ

824 5363 844 5444 l
956 5356 1063 5418 σου
1329 5403 1577 5444 mnum-

1735 5336 1793 5407 Ξ

1695 5383 1713 5444 i

1329 5403 1540 5444 QlMlll.
1563 5437 1577 5444 -

1154 320 1509 382 SILVESTRI
1547 327 1589 384 ll
1626 328 1835 389 ΡΛΡιΕ
1849 333 2002 394 OPP.
2038 339 2101 397 ΡΛ

2213 326 2296 402 ιἰ.
2337 379 2405 390 -
2450 350 2540 407 ne
2576 352 2859 413 DlSClPL.
2900 358 3212 418 unum.

2147 463 2203 522 Α
2298 459 2353 515 Si
2384 462 2739 523 fueritautem
2767 469 2961 527 divisio
2987 490 3085 544 per
3103 444 3399 546 72(dicunt
3419 481 3563 534 enim
3588 483 3795 552 quidam

2222 553 2579 624 apripennum
2628 559 2680 614 in
2731 560 2897 635 longo
2939 566 3140 623 habere
3183 568 3271 633 12,
3328 569 3382 624 in
3428 570 3538 627 lato
3586 589 3712 631 vero
3745 577 3794 644 6,

2224 644 2404 699 sexies
2435 657 2614 704 autem
2646 650 2713 705 12
2766 663 2890 708 sunt
2934 657 3046 726 72),
3081 668 3241 714 erunt
3283 660 3349 714 72
3382 664 3685 735 agripenni,
3713 682 3797 725 rc-

2223 744 2569 800 manentibns
2599 747 2849 806 similiter
2885 755 3211 823 supradictis
3237 758 3482 827 perticis.
3512 760 3664 818 Hanc
3707 780 3799 821 au-

2221 840 2329 887 tem
2359 834 2402 889 si
2446 838 2679 906 probare
2711 841 2795 899 vis
2836 845 3097 916 regulam,
3149 847 3331 905 taliter
3364 853 3555 921 proba.
3607 853 3797 913 Semo-

2220 929 2332 976 tum
2360 922 2526 1029 ducas
2559 927 2958 1013 longilaterum,
2984 945 3039 991 et
3066 937 3216 993 dicas
3248 956 3264 996 :
3292 941 3652 1029 qpinqnagies
3692 947 3792 1002 100

2218 1014 2559 1108 erunt5000.
2611 1019 2815 1078 Deinde
2854 1038 3273 1085 curvaturarum
3316 1014 3547 1090 e'mbada
3573 1051 3801 1108 perpen-

2218 1102 2346 1159 dere
2376 1106 2421 1161 si
2446 1108 2547 1173 vis,
2582 1126 2680 1181 per
2730 1116 3004 1173 cathetum
3046 1122 3335 1192 utriusque
3376 1102 3713 1198 curvaturae,
3747 1132 3798 1186 id

2219 1204 2325 1260 est,
2356 1197 2390 1252 5
2416 1208 2468 1254 et
2494 1201 2545 1265 5,
2576 1204 2622 1258 si
2646 1204 2803 1262 dictae
2850 1209 3049 1280 regula
3080 1211 3133 1266 in
3181 1215 3520 1286 orthogoniis
3567 1197 3801 1287 nanim-

2218 1304 2427 1346 memor
2459 1293 2649 1362 fueris,
2709 1300 2993 1356 embadum
3040 1303 3288 1361 invenies
3329 1308 3491 1364 unius
3546 1320 3802 1381 curvatu-

2216 1395 2292 1434 ra:
2318 1380 2444 1448 250,
2473 1383 2696 1443 alterius
2730 1404 2861 1446 vero
2889 1393 3196 1465 aequaliter,
3224 1397 3314 1467 qui
3342 1398 3505 1452 simul
3528 1410 3657 1455 sunt
3676 1400 3800 1456 500.

2215 1468 2352 1526 t".cce
2382 1489 2637 1533 numerus
2656 1481 2984 1549 perticarum
3009 1482 3273 1557 fastigiosi
3307 1491 3484 1562 campi
3509 1491 3676 1549 5500.

2786 1616 3018 1676 CAPUT
3062 1620 3199 1677 LIX.

2320 1742 2386 1798 In
2417 1761 2599 1817 campo
2620 1750 2990 1823 quadrangulo
3012 1755 3332 1828 agripennos
3359 1775 3698 1833 cognoscere.

2288 1855 2345 1909 ln
2372 1873 2563 1928 campo
2592 1863 2986 1936 quadrangulo,
3037 1871 3128 1937 qui
3182 1871 3348 1927 habet
3404 1889 3461 1929 ιιι
3490 1890 3602 1930 uno
3636 1884 3808 1932 latere

2214 1948 2452 2015 perticas
2475 1949 2567 2017 50,
2597 1951 2650 2006 in
2698 1953 2869 2012 altero
2896 1956 2986 2024 32,
3031 1960 3087 2015 in
3124 1960 3304 2020 fronte
3349 1980 3456 2020 una
3494 1967 3588 2033 52,
3623 1968 3678 2022 in
3721 1969 3799 2023 al-

2213 2045 2327 2092 tera
2352 2036 2443 2107 54,
2463 2042 2543 2097 sic
2555 2057 2854 2115 cognoscas
2875 2058 3011 2119 quot
3034 2053 3316 2123 agripenni
3340 2056 3515 2112 claudi
3547 2059 3800 2118 debeant.

2209 2126 2339 2184 Dum
2363 2129 2522 2199 hujus
2545 2136 2721 2205 campi
2768 2136 3133 2210 longitudines
3166 2140 3375 2199 faciunt
3410 2145 3500 2201 62.
3545 2148 3665 2204 Due
3693 2165 3805 2205 me-

2209 2219 2350 2274 diam
2388 2221 2454 2295 de
2482 2222 2570 2289 62,
2604 2224 2737 2281 ﬁunt
2757 2227 2845 2284 51.
2881 2230 3012 2287 Duae
3060 2248 3282 2305 quoque
3307 2235 3628 2296 latitudines
3658 2242 3805 2310 ejus-

2216 2310 2339 2366 dem
2391 2316 2565 2386 campi
2601 2315 2824 2385 jenctae,
2853 2319 3057 2379 faciunt
3095 2324 3182 2381 66.
3217 2325 3329 2383 Duc
3359 2329 3524 2383 etiam
3562 2331 3804 2386 mediam

2208 2401 2275 2455 de
2299 2402 2387 2464 66.
2415 2404 2549 2461 ﬁunt
2571 2408 2659 2463 55.
2688 2408 2798 2466 Has
2822 2412 2957 2470 duas
2980 2415 3304 2474 medietates
3322 2419 3556 2476 invicem
3583 2422 3798 2486 confer,

2207 2493 2340 2550 ﬁent
2368 2495 2521 2554 1025
2558 2499 2697 2557 Ecce
2729 2519 2984 2561 numerus
3023 2508 3353 2578 perticarum
3401 2511 3571 2566 totius
3591 2513 3795 2581 campi.

2209 2583 2371 2642 ilunc
2396 2588 2602 2646 divides
2644 2607 2742 2662 per
2787 2610 3074 2655 numerum
3101 2599 3260 2654 unius
3298 2601 3602 2671 agripenni,
3643 2603 3693 2656 id
3720 2609 3801 2656 est

2205 2691 2304 2746 per
2336 2679 2461 2741 144.
2492 2690 2545 2736 et
2583 2683 2825 2741 invenies
2846 2687 2878 2742 7
2900 2703 3020 2745 esse
3035 2691 3362 2763 agripennos
3382 2692 3436 2748 in
3461 2693 3554 2749 illo
3577 2708 3802 2766 campo,

2208 2772 2620 2830 remanentibus
2640 2776 2867 2846 perticis
2902 2778 2990 2834 15.

2963 2887 3036 2944 50

2703 2986 3282 3229 ει

2960 3246 3035 3301 52

2767 3358 2994 3413 CAPUT
3042 3356 3206 3413 LXX.

2400 3448 2466 3502 In
2493 3465 2676 3517 campo
2706 3449 2972 3519 triangula
3001 3450 3311 3520 agripennas
3337 3450 3595 3508 invenire.

2270 3539 2325 3594 ln
2358 3556 2550 3609 campo
2577 3540 2868 3613 triangulo,
2901 3540 2993 3610 qui
3041 3541 3205 3597 habet
3234 3543 3288 3597 in
3320 3557 3431 3598 uno
3456 3543 3630 3600 latere
3676 3559 3804 3615 pero

2198 3631 2337 3685 ticas
2360 3630 2448 3693 50,
2483 3630 2537 3685 in
2568 3630 2672 3685 alio
2727 3631 2974 3696 totidem,
3028 3631 3081 3686 in
3131 3630 3310 3688 fronte
3361 3649 3494 3690 vero
3533 3634 3631 3699 18,
3664 3643 3799 3706 quot

2197 3718 2475 3788 agripenni
2506 3718 2751 3773 concludi
2796 3719 3051 3784 debeant,
3100 3719 3181 3774 sic
3220 3721 3474 3791 accipito.
3506 3721 3690 3794 Iunge
3715 3725 3796 3778 si-

2197 3812 2306 3866 mul
2355 3812 2489 3865 duas
2534 3809 2916 3881 longitudines.
2970 3811 3101 3866 lient
3146 3811 3233 3866 60.
3276 3812 3343 3867 Et
3395 3814 3498 3868 duc
3547 3815 3791 3870 mediam

2196 3902 2262 3956 de
2293 3901 2380 3966 60,
2417 3901 2541 3956 lient
2565 3902 2654 3956 50.
2680 3902 2744 3957 Et
2772 3903 2897 3972 quia
2930 3902 2981 3956 in
3013 3901 3190 3958 fronte
3229 3902 3290 3957 l8
3322 3904 3487 3958 habet
3514 3906 3792 3975 perticas,

2197 3992 2299 4046 duc
2329 3992 2558 4048 mediam
2586 3992 2651 4046 de
2675 3991 2762 4053 l8,
2789 3991 2919 4047 (ient
2945 3992 2998 4047 9.
3027 3993 3139 4047 Duc
3164 3993 3354 4048 novies
3377 3992 3466 4057 50,
3497 3993 3631 4049 fient
3663 3993 3793 4048 270.

2195 4084 2252 4139 in
2280 4085 2386 4139 hoc
2415 4084 2581 4155 igitur
2601 4098 2829 4139 numero
2857 4085 3186 4156 agripenuus
3225 4100 3367 4140 unus
3409 4095 3494 4140 est
3521 4094 3581 4139 et
3709 4100 3796 4140 re-

2194 4172 2538 4228 manentibus
2570 4173 2640 4228 54
2683 4173 2925 4242 perticis.
2984 4172 3138 4229 Scias
3193 4182 3375 4229 autem
3425 4189 3526 4229 nos
3583 4174 3794 4245 ubique

2195 4262 2502 4329 intendere,
2534 4262 2887 4332 agripennutn
2930 4278 3049 4319 esse
3081 4264 3510 4335 circumquaque
3564 4266 3642 4319 12
3668 4280 3802 4336 per-

2198 4351 2344 4405 ticis.

2812 4591 3193 4933 Δ

2960 4986 3026 5030 15

2747 5166 2975 5224 CAPUT
3031 5169 3213 5226 LXXI.

2266 5278 2328 5334 In
2352 5294 2533 5350 campo
2555 5281 2778 5334 rotundo
2806 5297 3081 5335 numerum
3102 5284 3509 5353 agripennorum
3532 5301 3717 5342 nosse.

2258 5394 2315 5444 In
2345 5409 2539 5444 campo
2553 5394 2806 5444 rotundo.
2832 5394 2922 5444 (ιιιί
2955 5396 3149 5444 habent
3168 5396 3219 5444 in
3244 5412 3376 5444 cvm
3399 5398 3791 5444 nnrtimsllﬂ-
