3986 5444
173 0 254 47 H5
1459 0 1542 40 Ub
1578 0 1812 40 bl‘AJML
1832 0 2001 39 111131.
3286 0 3393 35 1411

172 116 247 173 per
268 97 579 152 medietatem
612 94 782 149 totius
833 94 1113 163 circuitus,
1166 96 1217 150 id
1252 104 1335 151 cst
1380 96 1484 151 209
1512 100 1698 162 ducas,
1729 103 1779 163 Α
2336 94 2562 151 CAPUT
2613 96 2841 149 LXXIV.

171 200 214 245 et
236 199 376 243 totam
416 184 781 240 indubitanter
828 186 1076 255 implebis
1121 202 1305 240 aream
1351 186 1523 241 14808
1576 199 1631 243 et
1668 190 1706 243 S
1936 190 2001 245 In
2030 191 2235 243 ciritatc
2266 190 2489 241 rotunda
2518 190 2696 240 domos
2728 199 2885 259 certa:
2926 187 3271 259 longitudini:

173 280 367 350 perticis.
410 276 610 344 Quibus
656 292 754 347 per
784 277 883 332 141
933 278 1171 347 partitis,
1222 287 1386 333 erunt
1424 281 1707 350 agripenni

2276 268 2324 312 et
2377 258 2668 311 latitudinis
2717 258 2911 312 locare.

172 372 224 425 96
253 366 688 423 Sremanentibus
733 368 958 438 perticis
1000 370 1208 424 duabus
1247 379 1302 424 et
1325 369 1567 437 dimidia,
1600 374 1711 427 sive
1883 373 1940 427 In
1974 372 2193 427 civitate
2224 367 2483 430 rotunda,
2516 366 2673 438 cujus
2716 368 2951 423 ambitus
2986 376 3070 423 est
3118 366 3258 424 8008
3302 382 3394 437 pe-

172 458 404 529 agripenni
431 456 495 512 96
526 455 567 512 S
600 456 724 523 100,
753 466 809 513 et
829 457 962 512 nihil
990 466 1256 514 remanet.
1814 463 1970 525 dum,
1996 462 2184 515 domos
2226 459 2404 513 locare
2431 457 2475 512 si
2505 457 2587 511 vis
2608 497 2625 523 ,
2656 472 2888 525 quarum
2918 458 3195 529 longitudo
3224 458 3293 512 50
3325 458 3397 512 sit

1814 554 2034 622 pedum,
2062 551 2288 606 latitudo
2314 564 2441 605 vero
2472 546 2575 612 20,
2612 547 2691 602 sic
2727 547 2893 603 facias
2919 567 2932 602 :
2964 549 3282 619 vigesimam
3312 564 3401 603 se-

1818 644 2046 699 cunilam
2073 651 2301 710 partem,
2336 641 2388 695 id
2408 648 2491 695 est
2515 640 2619 695 564
2650 638 2887 706 auferas,
2914 639 3247 708 reliquorum
3269 654 3415 694 vero-

1820 733 1959 787 7644
1993 732 2206 786 tertiam
2236 745 2443 796 sumas,
2474 729 2527 784 id
2553 738 2637 784 est
2663 728 2845 793 2548;
2877 729 2977 782 hos
3015 742 3113 796 pro
3135 726 3419 782 diametro.

1823 824 2039 878 habeto.
2070 822 2239 891 llujns
2269 821 2431 891 igitur
2469 818 2720 874 diametri
2745 816 3028 882 medietas,
3061 816 3111 871 id
3133 825 3217 871 est
3242 815 3401 879 1274,

1825 916 1867 969 si
1898 930 1994 983 per
2021 913 2366 967 medietatem
2390 910 2645 975 ambitus,
2676 908 2730 964 id
2752 906 2995 965 0514000
3020 916 3075 961 et
3096 906 3129 960 4
3153 907 3403 973 ducatur,

1828 1004 2083 1072 impletur
2158 1018 2283 1057 arca
2362 1010 2471 1056 tota
2554 1000 2780 1070 pedibus
2858 996 3147 1068 quinquies
3213 996 3407 1050 millies

1829 1093 2107 1148 ICMXCVI
2137 1094 2227 1163 qui
2275 1109 2369 1162 per
2408 1092 2534 1157 600,
2576 1092 2628 1146 id
2656 1103 2740 1147 est
2772 1105 2868 1161 per
2894 1090 3125 1161 vigesies
3152 1089 3222 1143 50
3251 1089 3410 1144 divisi

1832 1186 2034 1243 faciunt
2065 1186 2251 1243 domos
2278 1186 2435 1242 850i.
2471 1185 2874 1240 remanentibus
2900 1182 3004 1239 496
3036 1182 3277 1252 pedibus.

677 685 713 738 4
768 709 1036 1054 ¹
1108 691 1142 743 8

691 1159 866 1222 96ης,

691 1519 919 1576 CAPUT
969 1520 1179 1576 LXXII.

288 1605 347 1660 In
370 1607 579 1682 civitate
618 1611 983 1682 quadrangulo
1009 1610 1405 1682 ponercjdomos
1430 1617 1584 1662 certa:

522 1680 875 1748 longitudinis
912 1690 962 1736 et
1005 1680 1319 1735 latitudinis.

228 1790 275 1844 in
301 1792 515 1847 civitate
545 1793 923 1865 quadrangula
951 1836 964 1858 ,
1011 1810 1131 1864 qua:
1160 1794 1320 1848 habet
1347 1793 1397 1846 in
1427 1807 1533 1845 uno
1562 1792 1729 1846 latere

175 1883 309 1947 pedes
334 1881 487 1947 1100,
522 1884 580 1937 in
613 1882 784 1940 altero
816 1886 978 1951 1000,
1030 1894 1084 1941 et
1112 1885 1165 1939 in
1194 1883 1371 1938 fronte
1421 1898 1527 1938 una
1566 1884 1730 1953 pedes

174 1973 274 2035 600,
308 1973 356 2025 in
388 1973 561 2027 altera
599 1974 857 2039 totidem,
900 1976 947 2029 si
996 1976 1077 2031 vis
1123 1988 1323 2046 ponere
1358 1974 1547 2029 domos
1577 1974 1648 2026 ita
1675 1982 1732 2026 ιιι

176 2061 403 2132 cujusque
452 2062 740 2133 longitudo
770 2065 838 2119 sit
868 2054 1061 2136 pedum
1088 2066 1180 2132 40,
1234 2065 1459 2121 latitudo
1488 2080 1613 2118 vero
1639 2064 1731 2128 50,

175 2154 237 2205 sic
262 2151 432 2207 facito.
469 2152 655 2225 Iunge
686 2157 819 2211 duas
866 2156 1023 2226 hujus
1062 2157 1301 2213 civitatis
1330 2156 1691 2226 longitudines
1719 2174 1733 2210 :

172 2244 340 2313 juncta
383 2244 512 2300 ﬁent
544 2246 715 2301 2100.
750 2247 1013 2304 Similiter
1040 2250 1083 2305 si
1118 2248 1318 2303 fuerint
1348 2249 1465 2303 dua:
1490 2248 1735 2303 latitudi—
2395 2249 2621 2307 CAPUT
2658 2247 2871 2303 LXXV.

176 2335 460 2403 nesjuncta:
482 2376 499 2400 ,
554 2338 691 2391 [ient
720 2338 884 2393 1200.
918 2339 1059 2409 Ergo
1087 2339 1191 2393 duc
1220 2337 1453 2392 mediam
1481 2338 1547 2393 de
1576 2338 1733 2403 1200,

2077 2343 2321 2399 Basilij
2386 2342 2739 2405 pavimentum
2791 2334 3205 2409 quotlatcrculi

177 2424 285 2477 tiunl
310 2424 425 2479 600.
479 2425 699 2482 Rursus
725 2428 831 2483 duc
871 2406 1101 2484 mediam
1129 2430 1196 2483 de
1222 2429 1383 2495 2100,
1416 2428 1551 2482 ﬁunt
1580 2429 1738 2483 1050.
2040 2460 2043 2463 ν
2376 2412 2593 2467 debeant
2635 2409 2894 2479 δαρριενε·
2940 2406 2946 2415 ’

177 2511 230 2565 Et
254 2516 366 2583 quia
397 2531 747 2585 unaquaeque
775 2518 967 2581 domus
994 2518 1154 2573 habet
1182 2519 1233 2571 in
1269 2518 1426 2588 longo
1451 2519 1616 2588 pedes
1653 2518 1740 2584 40,
1917 2526 2180 2591 Basilica};
2210 2523 2363 2593 cujus
2391 2520 2665 2593 longitudo
2691 2520 2886 2588 pedum
2922 2518 2995 2572 sit
3034 2517 3140 2572 240
3161 2557 3176 2580 ,
3201 2512 3431 2569 latitudo

174 2614 217 2658 et
242 2608 286 2660 iu
314 2608 418 2662 lato
446 2607 624 2677 pedes
657 2608 743 2672 30,
788 2610 890 2663 duc
919 2610 1387 2679 quadragesimam
1434 2620 1642 2678 partem
1677 2611 1742 2665 de

1853 2622 1973 2687 120,
2015 2621 2384 2694 pavimentum
2415 2627 2547 2688 quot
2586 2616 2832 2672 laterculi
2883 2613 3132 2684 supplere
3175 2610 3429 2674 debeant,

180 2696 311 2763 1050,
344 2699 478 2797 ﬁunt
502 2699 601 2797 26,
638 2702 1046 2797 remanentibus
1062 2701 1182 2797 Δ10;
1234 2703 1623 2797 atqueitcl'um
1653 2717 1743 2754 λε·
1774 2735 1818 2797 C
1850 2714 1927 2769 sic
1956 2712 2137 2780 accipe
2160 2708 2470 2781 (laterculus
2493 2715 2673 2761 autem
2704 2706 2758 2759 in
2787 2704 3121 2777 longitudine
3146 2702 3218 2756 23
3237 2700 3436 2755 habeat

174 2806 301 2888 sume
354 2792 702 2862 trigesimam
757 2793 825 2848 de
873 2792 999 2857 600,
1054 2793 1188 2846 ﬁunt
1239 2791 1327 2845 20.
1365 2793 1563 2861 Viginti
1617 2810 1745 2861 ergo

1853 2804 2056 2867 uncias,
2086 2802 2142 2856 in
2172 2799 2455 2854 latitudine
2484 2797 2594 2869 12).
2639 2795 2943 2866 Longitudo
2966 2808 3063 2863 per
3090 2790 3433 2846 latitudinem

176 2879 373 2949 usesies
403 2881 592 2936 sexies
627 2881 770 2936 ducti
802 2882 937 2939 ﬁunt
967 2882 1090 2939 520.
1117 2881 1218 2937 Tot
1248 2882 1439 2938 domus
1474 2884 1747 2951 capiendae
1850 2894 2258 2963 multiplicetur.
2295 2889 2348 2944 id
2377 2897 2459 2944 est
2497 2888 2600 2941 120
2627 2902 2724 2957 per
2750 2886 2880 2951 240,
2928 2883 3065 2937 ﬁunt
3089 2880 3287 2937 28800.
3327 2879 3437 2961 Hos

176 2981 295 3026 sunt.

1853 2999 1946 3055 per
1974 2982 2262 3038 duodecies
2290 2980 2573 3035 duodecim
2599 3020 2613 3043 ,
2673 2978 2723 3032 id
2765 2986 2849 3032 est
2880 2991 2977 3046 per
3015 2973 3116 3028 164
3147 2974 3250 3043 (tot
3289 2970 3437 3025 enim

861 3068 1001 3125 1000
1853 3060 2041 3133 uncias
2068 3076 2225 3130 habet
2260 3088 2353 3142 pes
2377 3088 2515 3125 unus
2547 3067 2935 3140 multiplicans)
2975 3064 3219 3120 invenies
3247 3062 3438 3117 uncias

1852 3180 2045 3243 quater
2074 3166 2430 3222 MMCXLVII.
2461 3164 2564 3220 CC.
2596 3163 2741 3231 Quas
2771 3163 2814 3216 si
2845 3159 3093 3216 diviseris
3117 3172 3214 3228 per
3237 3155 3441 3211 duode-

1852 3180 2045 3243 quater
2074 3166 2430 3222 MMCXLVII.
2461 3164 2564 3220 CC.
2596 3163 2741 3231 Quas
2771 3163 2814 3216 si
2845 3159 3093 3216 diviseris
3117 3172 3214 3228 per
3237 3155 3441 3211 duode-

553 3155 1367 3399 6000
1829 3262 1965 3320 ‘cies
1994 3264 2088 3327 25,
2120 3262 2173 3315 id
2205 3269 2288 3316 est
2314 3275 2410 3329 per
2439 3257 2629 3311 uncias
2654 3256 2817 3310 unius
2848 3250 3097 3307 laterculi
3119 3290 3135 3314 ,
3163 3264 3283 3319 quae
3314 3254 3441 3301 sunt
3494 3244 3497 3245 ⁷

1851 3355 1979 3399 976-
2011 3353 2141 3399 ﬁant
2168 3350 2364 3399 15026.
2394 3347 2803 3399 remanentibus
2830 3345 2901 3398 24
2923 3342 3116 3398 unciis.
3143 3341 3247 3395 Tot
3277 3337 3459 3399 igitur'

1851 3355 1981 3419 276,
2011 3353 2141 3407 ﬁent
2168 3350 2364 3415 15026,
2394 3347 2803 3404 remanentibus
2830 3345 2901 3398 24
2923 3342 3116 3398 unciis.
3143 3341 3247 3395 Tot
3277 3337 3459 3407 igitur

870 3413 1006 3469 1100
1853 3413 2101 3502 laterculi
2132 3445 2288 3500 dictae
2316 3413 2551 3498 basilica:
2590 3439 2959 3511 pavimentum
2990 3442 3279 3504 contegere
3309 3444 3440 3500 pos-

1855 3546 1998 3593 sunt.

2230 1534 2279 1581 9‘
2470 1542 2622 1593 DIAM
2635 1542 2794 1591 BTER

2952 1855 3012 1962 ἓ

2304 2013 2338 2071 8

687 3593 911 3651 CAPUT
956 3596 1186 3653 LXXIII.

437 3684 503 3740 In
538 3687 753 3740 ciritate
797 3690 1061 3759 triangula
1097 3691 1161 3743 de
1188 3692 1371 3747 eadem
1396 3709 1467 3746 re.

235 3773 286 3826 In
320 3776 547 3831 civitate
573 3776 869 3848 triangula,
903 3795 1022 3849 quae
1050 3782 1214 3837 habet
1253 3782 1306 3836 in
1335 3797 1443 3837 uno
1472 3781 1640 3837 latere
1667 3798 1758 3852 pe-

178 3858 256 3915 des
283 3863 394 3929 100,
454 3867 513 3920 in
574 3865 753 3923 altero
800 3868 924 3934 100,
974 3870 1027 3924 in
1068 3870 1249 3925 fronte
1294 3886 1421 3925 vero
1461 3871 1553 3936 90,
1600 3872 1643 3926 si
1678 3873 1759 3927 vis

180 3952 299 4005 scire
346 3963 483 4024 quot
545 3958 748 4012 domus
799 3960 1015 4029 capiat,
1068 3961 1140 4016 ita
1190 3969 1244 4015 ut
1294 3977 1523 4030 quaeque
1569 3963 1760 4019 domus

181 4043 356 4100 haheat
380 4048 433 4102 in
460 4048 809 4120 longitudine
840 4052 1002 4121 pedes
1041 4052 1132 4117 20,
1165 4054 1217 4107 in
1250 4053 1536 4107 latitudine
1569 4053 1656 4111 10.
1686 4054 1757 4108 ita

182 4134 346 4192 facito.
381 4139 502 4195 Duc
550 4142 791 4196 mediam
821 4143 888 4198 de
915 4144 1173 4199 lateribus
1200 4144 1406 4215 junctis
1431 4184 1446 4210 ,
1493 4145 1545 4199 id
1585 4153 1667 4200 est
1692 4144 1760 4200 de

180 4228 290 4296 200,
322 4233 458 4287 ﬁunt
491 4234 626 4288 100.
666 4233 737 4289 De
764 4234 940 4290 fronte
981 4235 1254 4301 similiter,
1281 4236 1334 4290 id
1364 4245 1446 4291 est
1470 4236 1536 4292 de
1571 4237 1660 4302 90,
1694 4237 1763 4292 45

184 4319 320 4376 liunt.
346 4324 414 4378 Et
444 4325 900 4397 quia‘longitudo
928 4325 1350 4397 uniuscujusque
1378 4329 1573 4383 domus
1598 4329 1761 4384 habet

180 4414 325 4477 pe-les
367 4410 560 4480 20,⁴οι
605 4417 834 4473 latitudo
878 4418 971 4482 10.
1024 4420 1127 4473 (100
1158 4419 1471 4490 vigesimam
1521 4421 1587 4477 de
1635 4419 1760 4485 100,

184 4504 303 4562 ﬁunt
334 4510 387 4575 5,
414 4521 472 4566 et
496 4511 776 4565 decimam
803 4512 867 4566 de
889 4512 988 4577 40,
1020 4512 1149 4567 ﬁent
1178 4513 1229 4566 4.
1274 4514 1386 4567 Duc
1413 4514 1577 4585 igitur
1602 4516 1764 4587 quiu-

185 4599 321 4665 quies
342 4614 609 4672 quatuor,
644 4602 774 4658 (ient
797 4605 899 4671 20;
948 4614 1025 4661 tot
1048 4605 1238 4661 domus
1259 4607 1434 4677 capiet
1460 4607 1767 4677 hujusmodi

2391 3644 2620 3702 CAPUT
2680 3641 2913 3697 LXXVI.

1858 3749 1925 3804 In
1965 3748 2173 3809 lacuna,
2203 3756 2394 3805 canna,
2424 3751 2521 3793 etc.
2545 3778 2559 3802 ,
2612 3737 2745 3790 viam
2770 3743 2912 3787 certa
2935 3728 3211 3784 latitudine
3231 3728 3455 3781 ducere-

1925 3838 1980 3892 ln
2012 3836 2201 3889 lacuna
2230 3847 2356 3896 una,
2385 3828 2466 3884 vel
2495 3843 2688 3892 canna,
2720 3825 2804 3879 vel
2829 3838 3032 3880 cavaua
3065 3818 3278 3894 [Glossa
3313 3827 3392 3872 vet
3426 3855 3461 3884 ,.

1861 3942 2085 3990 cavana,
2114 3924 2167 3979 id
2192 3931 2275 3979 est
2308 3916 2632 3990 cellarium],
2660 3932 2782 3986 quae
2823 3916 2878 3970 in
2923 3911 3258 3983 longitudine
3285 3911 3449 3978 pedes

1863 4019 2026 4074 habet
2052 4016 2173 4080 100,
2204 4015 2257 4070 10
2281 4011 2564 4067 latitudine
2592 4008 2681 4073 04,
2705 4021 2908 4076 cuppas
2929 4005 3117 4074 longas
3146 3999 3373 4073 pedibus
3393 3996 3446 4060 7,

1864 4111 2002 4164 latas
2037 4107 2093 4172 4,
2137 4106 2183 4160 si
2228 4104 2307 4159 sic
2349 4102 2528 4155 locare
2558 4097 2692 4153 velis
2717 4136 2732 4162 ,
2774 4103 2833 4149 ut
2879 4094 3122 4164 pervium
3168 4087 3391 4159 pedibus
3419 4087 3451 4137 4

1884 4211 2005 4257 atus
2036 4201 2087 4255 in
2115 4199 2335 4267 longqu
2365 4194 2629 4256 ducatur,
2676 4190 2755 4243 sic
2802 4187 2989 4241 facito.
3019 4183 3154 4238 Vide
3177 4179 3388 4250 quoties
3419 4176 3457 4230 7

1868 4295 1921 4348 in
1951 4290 2073 4356 100,
2102 4287 2297 4345 01410
2339 4284 2406 4339 64
2443 4283 2785 4337 habeantur:
2850 4274 3099 4331 invenies
3155 4268 3449 4339 quaterde-

1868 4385 1979 4439 cies
2000 4385 2029 4436 7
2064 4382 2115 4434 in
2143 4378 2261 4444 100,
2297 4373 2705 4431 remanentibus
2731 4367 2965 4433 duobus,
2995 4374 3050 4419 et
3076 4362 3254 4417 decies
3281 4357 3457 4412 sexies

1866 4476 1900 4529 4
1934 4476 1987 4529 in
2018 4473 2105 4527 64.
2137 4470 2243 4525 Sed
2274 4483 2342 4523 ex
2372 4465 2459 4521 his
2492 4465 2525 4518 4
2556 4464 2624 4519 ad
2664 4460 2908 4532 pervium
2941 4458 3286 4525 deputantur.
3321 4448 3457 4514 Quia

1870 4580 1998 4645 ergo
2037 4564 2087 4616 in
2118 4560 2185 4615 60
2216 4554 2533 4630 quindecies
2555 4553 2759 4615 desunt,
2785 4548 2917 4603 etin
2953 4544 3053 4602 100
3084 4536 3461 4645 quaterdecies

1873 4626 2101 4719 7,7fiunt
2126 4626 2251 4708 210.
2289 4649 2393 4705 Tot
2424 4660 2628 4717 cuppas
2673 4642 2841 4710 igitur
2884 4639 2941 4693 in
2970 4648 3173 4693 cavana
3202 4629 3345 4684 dicta
3380 4626 3465 4680 lo-

186 4700 380 4746 unlas.
1882 4700 1924 4719 .,
2131 4700 2251 4755 --.η

1873 4762 1998 4801 care
2039 4756 2260 4815 poteris.

953 4856 1013 4925 ,Λ

2400 4850 2630 4907 CAPUT
2674 4846 2761 4901 LX

2235 4964 2263 5019 1
2268 4981 2300 5017 ιι
2329 4962 2522 5016 circulo
2550 4958 2767 5016 embadu

756 5033 913 5147 ..ιγ
1051 5033 1207 5147 ,που

1953 5085 2014 5140 In
2036 5082 2260 5145 circulo,
2294 5078 2450 5147 cujus
2480 5078 2776 5131 diametrun

1882 5174 2013 5228 dum
2039 5174 2117 5227 sic
2145 5182 2373 5241 qmeras.
2407 5166 2519 5217 Duc.
2566 5163 2776 5215 diametl

1885 5261 2287 5320 Dncundecies,
2346 5250 2660 5307 00012156
2744 5262 2775 5274 “

929 5364 1007 5417 90
1884 5359 2159 5423 quartam,
2197 5348 2331 5403 liunt
2362 5342 2499 5409 151;
2532 5352 2585 5396 et
2617 5353 2629 5393 ι
