3986 5444
458 344 558 400 147

740 618 825 675 Ea:
872 622 1127 682 diametro
1184 631 1439 687 circulum
1486 634 1756 707 indagare.

526 752 606 810 Ex
648 754 915 814 diametro
961 761 1227 818 circulum
1269 764 1348 821 sic
1385 781 1642 837 quaeras:
1687 769 2036 835 diametrum,

459 846 692 916 exempli
740 851 937 920 gratia,
984 853 1052 909 14
1098 856 1333 926 vigesies
1377 859 1492 925 bis,
1544 860 1677 916 ﬁent
1706 861 1835 928 508,
1864 878 2053 919 sumas

457 946 669 1006 partem
701 942 1010 1012 septimam,
1036 944 1097 1000 ﬁt
1116 946 1185 1000 44
1209 964 1225 1014 ;
1271 951 1413 1019 quod
1439 960 1523 1007 est
1546 952 1802 1009 circulus.

994 1078 1224 1137 CAPUT
1260 1081 1497 1140 LXXIX.

750 1186 818 1241 In
865 1188 1152 1260 hemicyclo
1195 1192 1471 1249 embadum
1513 1197 1765 1253 invenire.

529 1296 588 1351 In
630 1297 951 1369 hemicyclo,
980 1300 1137 1371 cujus
1176 1304 1248 1359 sit
1283 1306 1433 1362 basis
1467 1308 1666 1379 pedum
1696 1308 1785 1378 10,
1825 1309 1967 1368 linea
1996 1310 2054 1367 in

462 1402 712 1447 centrum
743 1394 798 1458 5,
831 1395 1118 1452 embadum
1148 1399 1227 1454 sic
1252 1415 1465 1469 qumras
1492 1421 1505 1456 :
1546 1403 1651 1459 duc
1673 1404 1727 1459 in
1758 1420 1817 1460 se
1843 1404 2054 1460 diame-

464 1496 612 1543 trum
638 1525 654 1550 ,
686 1484 747 1539 ﬁt
777 1487 900 1542 100.
934 1486 1050 1544 Hoc
1091 1491 1349 1547 undecies
1400 1493 1696 1564 multiplica
1724 1535 1740 1560 ,
1783 1496 1846 1551 ﬁt
1892 1496 2053 1552 1100.

463 1575 635 1646 llujus
664 1578 979 1648 vigesimum
1004 1589 1251 1636 octavam
1283 1599 1459 1651 sume,
1484 1586 1591 1640 erit
1616 1587 1669 1641 in
1709 1587 1938 1657 pedibus
1962 1587 2052 1653 39,

464 1667 675 1723 duabus
701 1670 944 1741 septimis
978 1674 1406 1741 remanentibus,
1438 1675 1489 1731 id
1513 1685 1598 1731 est
1629 1676 1701 1743 8;
1728 1686 1797 1753 ’ct
1829 1678 1945 1733 haec
1975 1685 2060 1733 est

466 1772 617 1813 area.
644 1758 790 1813 Idem
817 1768 984 1824 esset,
1017 1762 1062 1816 si
1093 1762 1263 1817 basim
1294 1779 1391 1833 per
1417 1764 1616 1820 lineam
1679 1781 1801 1837 qua:
1843 1767 2065 1821 ducitur

1099 356 1456 421 SILVESTRI
1497 364 1541 420 II
1578 366 1780 425 ΡΑΡΑΞ
1811 370 1961 429 ΟΡΡ.
1990 374 2171 435 PARS
2196 379 2323 435 1.-
2355 376 2447 438 DE
2482 383 2762 443 DISCIPL.
2788 388 3098 447 MATIIEM.

986 491 1225 568 CAPUT_
1264 497 1545 559 LXXVIII.
2072 494 2122 553 Λ

3627 393 3726 451 188

2673 502 2902 561 CAPUT
2939 505 3198 561 LXXXII.

2304 589 2635 666 Columnamh
2660 593 2834 666 facere
2858 635 2874 661 ,
2932 595 3186 651 circulum
3233 595 3565 666 incrassare',

2516 663 2849 718 altitudinem
2890 681 3064 720 rerum
3110 669 3359 722 inuenire.

2213 752 2294 808 Ad
2322 752 2627 810 columnam
2677 746 2984 813 faciendam
3027 759 3401 831 longitudinis,
3432 760 3717 831 septimam

2147 840 2201 895 in
2227 842 2469 898 inferiori
2505 845 2736 900 circuitu
2768 847 2882 914 des,
2911 857 3158 903 octavam
3193 850 3481 920 superiori.

2217 933 2490 988 Circulum
2515 936 2819 991 inerassare
2846 937 2892 992 si
2921 938 3036 1005 vis,
3071 939 3396 995 diametrum
3423 940 3541 1011 ejus
3569 940 3725 996 cubi-

2150 1040 2261 1090 ces,
2302 1026 2472 1097 ipsam
2506 1027 2903 1084 cubicationem
2938 1032 3054 1099 ejus
3085 1030 3339 1087 undecies
3368 1031 3553 1095 ducas,
3581 1040 3636 1086 et
3660 1046 3729 1087 ex

2149 1131 2217 1171 ea
2245 1131 2455 1171 summa
2479 1116 2796 1188 vigesimam
2824 1119 3059 1190 primam
3096 1119 3355 1191 accipias,
3386 1127 3443 1177 et
3478 1120 3598 1177 haec
3632 1120 3738 1176 erit

2151 1206 2375 1276 sphmrae
2405 1207 2732 1263 crassitudo.

2223 1297 2319 1352 Est
2342 1298 2509 1352 etiam
2540 1298 2678 1353 ratio
2706 1298 2811 1354 alia
2840 1298 3183 1357 altitudinem
3220 1299 3462 1376 videndi,
3493 1315 3616 1370 quae
3658 1306 3740 1355 est

2156 1387 2482 1458 hujusmodi.
2506 1387 2922 1460 Orthognnium,
2946 1392 3102 1462 cujus
3124 1392 3378 1447 cathetus
3405 1396 3437 1443 ti
3465 1390 3550 1446 vel
3574 1390 3738 1445 trium

2158 1481 2354 1550 pedum
2384 1482 2477 1547 sit,
2509 1480 2658 1537 basis
2683 1480 2715 1536 8
2746 1481 2829 1536 vel
2848 1482 2904 1547 4,
2936 1483 3267 1554 hypotenusa
3294 1481 3358 1537 10
3379 1480 3461 1536 vel
3485 1480 3538 1547 5,
3562 1480 3750 1552 erigas

2159 1568 2232 1623 ita
2258 1579 2319 1624 ut
2340 1579 2501 1626 terra:
2536 1571 2683 1625 basis
2704 1570 2952 1641 adjacent
2977 1588 2993 1628 :
3022 1573 3276 1627 cathetus
3300 1571 3575 1633 adversus,
3596 1571 3746 1625 illam

2166 1676 2314 1726 rem,
2350 1658 2504 1729 cujus
2543 1660 3071 1732 altiludopet‘pendi
3102 1661 3283 1728 debet,
3309 1670 3524 1717 erectus
3547 1660 3755 1716 habea-

2166 1761 2284 1821 tur;
2322 1754 2656 1824 hypotenusa
2696 1769 2827 1810 vero
2868 1769 2898 1808 a
2927 1769 3140 1810 summo
3166 1754 3367 1810 catheti
3408 1755 3476 1811 ad
3521 1763 3751 1817 terram,

462 1850 524 1926 in
578 1859 825 1907 centrum
902 1852 1317 1923 multiplicatam
1373 1857 1626 1912 undecies
1671 1857 1901 1913 duceres
1926 1898 1942 1924 ,
1993 1873 2058 1913 ac
2090 1857 2135 1917 Β
2164 1843 2219 1900 in
2244 1861 2514 1901 summum
2548 1846 2693 1901 basis
2720 1846 3036 1901 deducatur.
3069 1846 3161 1902 Sic
3190 1846 3400 1902 directo
3446 1846 3609 1911 illuc,
3660 1846 3753 1901 ubi

465 1942 668 1997 exinde
694 1942 960 1999 decimam
986 1954 1236 2014 quartam
1259 1946 1555 2016 acciperes.
1584 1947 1737 2015 Quod
1763 1963 1950 2003 verum
1978 1958 2063 2003 est

467 2035 523 2090 iu
555 2035 700 2092 omni
725 2035 935 2107 integre
971 2037 1249 2093 dimidiata
1279 2036 1509 2111 sphaera.

1256 2757 1326 2814 10

552 2889 613 2943 In
637 2885 871 2954 circulo,
890 2888 1046 2958 cujus
1088 2888 1162 2943 sit
1205 2902 1330 2945 arca
1371 2886 1568 2956 pedum
1596 2884 1721 2952 6.I6,
1747 2885 2073 2940 diametrum

478 2984 564 3037 sic
589 2995 823 3050 quaeras.
850 2978 1052 3046 Quater
1080 2979 1262 3033 decies
1293 2979 1544 3042 ducatur,
1591 2976 1723 3030 ﬁent
1749 2990 1876 3030 area
1902 2973 2068 3029 8624.

483 3072 624 3129 Hinc
652 3087 786 3143 pars.
806 3072 1087 3127 undecima
1119 3073 1177 3125 lit
1200 3070 1326 3127 781.
1372 3070 1541 3141 Ilujus
1584 3067 1795 3123 numeri
1839 3068 1981 3123 latus
2020 3068 2080 3121 tit

484 3167 600 3233 28;
639 3176 696 3223 ct
725 3168 828 3222 hoc
857 3166 965 3221 erit
991 3166 1340 3221 diametrum.

1039 3318 1266 3376 CAPUT
1306 3319 1523 3375 LXXX.

490 3454 560 3510 lu
583 3455 921 3526 orthogonio,
948 3454 1099 3525 cuius
1121 3456 1355 3509 cathetus
1376 3453 1442 3509 sit
1464 3455 1579 3525 pari
1602 3470 1815 3509 numero
1849 3461 2087 3517 notatus,

835 3526 998 3580 basim
1027 3537 1072 3581 et
1100 3532 1473 3596 hypotenusam
1497 3526 1744 3580 invenire.

564 3660 620 3714 In
647 3658 998 3730 orthogonio,
1029 3656 1184 3728 cujus
1212 3658 1461 3714 cathetus
1486 3658 1559 3713 sit
1588 3658 1703 3728 pari
1738 3660 1962 3712 numero
1987 3658 2084 3712 ad-

492 3762 737 3818 notatus,
766 3753 911 3808 velut
943 3754 998 3817 8,
1031 3753 1110 3808 sic
1135 3752 1309 3808 basim
1337 3765 1393 3806 et
1423 3753 1819 3824 hypotenusam
1845 3766 2069 3821 qumras.

495 3848 710 3903 Catheti
738 3857 949 3918 sumpta
975 3863 1105 3917 pars
1125 3848 1369 3911 dimidia,
1394 3847 1447 3903 id
1469 3856 1553 3903 est
1575 3848 1627 3912 1,
1663 3848 1714 3901 in
1745 3861 1804 3902 se
1825 3845 2085 3914 multipli-

495 3948 728 4002 centur,
767 3938 898 3993 ﬁent
946 3938 1032 4002 16,
1082 3946 1138 3992 ct
1184 3937 1237 3990 iu
1288 3937 1373 3991 his
1417 3951 1525 3992 uno
1567 3936 1787 4006 dempto
1826 3936 2076 3991 remanet

494 4028 666 4093 basis,
692 4028 778 4083 cui
811 4028 1021 4085 duobus
1053 4027 1281 4084 redditis
1308 4026 1370 4082 ﬁt
1399 4027 1760 4099 hypoteuusa.

1025 4181 1257 4237 CAPUT
1311 4179 1549 4236 LXXXI.

794 4318 795 4323 “
828 4317 888 4372 In
909 4327 1083 4372 monte
1103 4317 1277 4372 strabo
1291 4316 1484 4387 jugera
1502 4316 1747 4372 invenire.

578 4454 633 4509 In
678 4461 862 4508 monte
907 4452 1093 4508 strabo
1114 4451 1326 4524 [Glossa
1352 4460 1475 4518 vet.,
1506 4452 1596 4521 qui
1628 4452 1681 4507 in
1709 4450 1883 4508 altero
1918 4450 2090 4505 latere

2105 3203 2155 3263 C

2172 1939 2316 1994 basis
2343 1948 2397 1994 ct
2434 1940 2769 2010 hypotenusa
2797 1938 3120 2010 junguntur,
3155 1940 3373 1995 oculum
3407 1954 3652 2011 apponas
3685 1939 3752 1993 ad

2172 2037 2371 2083 terram
2406 2038 2729 2101 prostratus.
2774 2027 2976 2089 Deinde
3010 2029 3114 2085 huc
3144 2029 3379 2098 illucque
3419 2029 3608 2085 tandiu
3663 2028 3757 2083 de-

2172 2124 2389 2190 trahas,
2441 2121 2598 2178 oculo
2636 2131 2815 2177 tamen
2862 2136 3078 2192 semper
3121 2123 3401 2193 apposito,
3441 2120 3618 2176 donec
3658 2120 3755 2176 tibi

2173 2229 2442 2272 summum
2466 2212 2665 2270 catheti
2692 2212 2837 2267 illius
2859 2211 2960 2278 rei,
2987 2212 3140 2283 cujus
3162 2210 3502 2266 altitudinem
3530 2210 3763 2280 quaeris,

2173 2305 2475 2363 summitati
2516 2303 2789 2374 adthuari
2822 2288 3086 2357 videatur.
3131 2302 3251 2369 Quo
3290 2300 3436 2356 facto
3473 2315 3646 2370 ponas
3690 2301 3765 2356 si-

2174 2412 2361 2469 gnum,
2385 2396 2477 2451 ubi
2501 2395 2720 2454 oculum
2761 2392 3001 2459 tenebat,
3046 2402 3103 2449 et
3144 2407 3210 2448 ex
3255 2406 3320 2448 co
3361 2391 3518 2463 signo
3562 2392 3763 2446 metire

2176 2492 2411 2563 spatium
2439 2506 2609 2561 usque
2631 2489 2698 2544 ad
2717 2488 2906 2565 pedem
2938 2487 3018 2543 rei
3054 2487 3218 2543 illius.
3247 2485 3386 2542 Huic
3408 2484 3587 2556 spatio
3609 2500 3714 2555 per
3732 2484 3766 2539 ι

2177 2565 2376 2656 partito
2397 2593 2647 2655 quartam
2686 2595 2851 2637 uuam
2889 2579 3187 2646 detrahas;
3229 2586 3454 2637 caeteras
3482 2579 3517 2633 '5
3551 2592 3651 2649 pro
3689 2575 3770 2630 al-

2180 2676 2408 2731 titudine
2434 2674 2578 2730 illius
2620 2674 2721 2740 rei,
2764 2673 2831 2728 de
2871 2685 2978 2743 qua
3019 2668 3328 2742 quaerebas,
3371 2667 3589 2723 habeto.
3635 2665 3768 2720 Haec

2178 2767 2520 2823 altitudinem
2549 2764 2767 2820 videndi
2808 2762 3114 2818 certissima
3159 2760 3303 2815 ratio
3340 2766 3458 2824 est,
3487 2757 3540 2816 si.
3581 2765 3765 2812 tamen

2180 2874 2328 2925 area,
2372 2874 2469 2929 per
2506 2872 2669 2928 quam
2710 2856 2962 2911 cathetus
3004 2860 3218 2910 erectus
3261 2849 3568 2906 detrahitur
3656 2861 3771 2905 non

2182 2958 2490 3015 montuosa,
2517 2962 2623 3003 non
2660 2946 2885 3012 vallosa,
2911 2944 3004 3000 sed
3035 2943 3193 3014 plana
3227 2942 3413 2999 fuerit.

2700 3076 2928 3136 CAPUT
2964 3074 3248 3133 LXXXIII.

2652 3170 2808 3226 Putei
2836 3169 3113 3241 amphoras
3144 3182 3312 3222 nosse.
3414 3165 3421 3173 ’

2257 3267 2489 3331 Puteus,
2530 3260 2686 3332 cujus
2719 3262 2791 3317 sit
2823 3261 3147 3317 diametrum
3187 3257 3219 3309 7
3244 3295 3261 3323 ,
3299 3253 3532 3311 altitudo
3567 3253 3639 3309 40
3674 3268 3776 3324 pe-

2188 3362 2348 3425 dum,
2384 3365 2462 3414 tot
2491 3356 2781 3427 amphoras
2810 3352 2987 3422 capiet
3014 3357 3159 3421 quot
3186 3347 3553 3420 processerint
3603 3347 3783 3417 pedes

2188 3470 2256 3508 ex
2294 3448 2603 3522 hujusmodi
2643 3444 2898 3502 diametri
2934 3458 3061 3499 area
3083 3483 3099 3510 ,
3129 3440 3520 3510 altitudineque
3549 3438 3605 3493 in
3636 3438 3779 3493 invi-

2188 3558 2306 3600 cem
2347 3538 2737 3609 multiplicata,
2779 3535 2824 3591 si
2864 3534 3001 3605 pede
3033 3546 3142 3588 uno
3179 3530 3340 3601 longa
3373 3538 3431 3585 et
3465 3527 3574 3583 alta
3610 3526 3782 3584 fuerit

2189 3637 2472 3712 amphora.

2704 3764 2931 3822 CAPUT
2968 3761 3255 3820 LXXXIV.

2187 3862 2368 3933 Cuppa
2406 3858 2553 3931 quod
2574 3856 2767 3929 pedum
2796 3855 3085 3938 solidorum
3125 3855 3457 3936 ait,quotque
3490 3849 3785 3921 amphorae

2751 3940 2951 3996 captat,
2974 3941 3223 3982 invenire.

2202 4026 2208 4033 ’
2263 4040 2446 4110 Cuppa
2473 4078 2489 4105 ,
2538 4035 2693 4106 cujus
2738 4034 2964 4091 latitudo
3013 4034 3120 4089 ima
3169 4031 3368 4101 pedum
3414 4030 3492 4085 sit
3523 4028 3595 4093 5,
3631 4040 3784 4083 sum-

2195 4146 2283 4187 tua
2318 4130 2384 4195 2,
2418 4127 2595 4183 media
2630 4123 2707 4193 ’5,
2743 4124 2973 4180 altitudo
3012 4138 3142 4179 vero
3183 4122 3284 4188 12,
3322 4128 3454 4192 quot
3481 4119 3683 4190 pedum
3712 4117 3787 4172 sit

2196 4223 2528 4285 solidorum,
2558 4233 2624 4274 ac
2653 4234 2749 4289 per
2801 4218 2904 4273 hoc
2938 4225 3072 4286 quot
3110 4215 3402 4284 amphoras
3445 4216 3663 4281 captat,
3706 4208 3789 4263 sic

2195 4324 2453 4383 quaeras:
2490 4307 2780 4362 latitudine
2818 4306 2993 4360 media
3024 4305 3078 4359 in
3111 4318 3170 4358 se
3207 4303 3400 4368 ducta,
3454 4314 3521 4353 ac
3570 4311 3789 4353 summa

2197 4399 2389 4455 deinde
2423 4405 2641 4453 excreta
2679 4395 2976 4464 triplicata,
3016 4391 3403 4460 diametrisque
3452 4402 3670 4444 summo
3732 4392 3792 4441 et

2198 4493 2307 4548 imo
2340 4492 2393 4546 in
2427 4505 2485 4546 se
2516 4488 2827 4560 singulatim
2861 4486 3065 4553 ductis,
3098 4498 3257 4541 omne
3300 4482 3355 4537 in
3398 4495 3567 4536 unum
3604 4479 3665 4533 tit
3692 4478 3788 4534 88.

504 4559 777 4640 Ρτίῖθθθθδῖ
805 4543 859 4597 in
890 4542 1061 4640 fluuio
1082 4551 1357 4640 “5‘9"?”
1385 4541 1959 4640 d°.‘*'""i.".‘l‘i'“."‘“’“]
2000 4542 2091 4640 qui
2126 4544 2171 4602 Ι)
2330 4541 2807 4636 ίιγιξᾱέοῖέέσάυοιίε
2844 4541 2909 4633 ac
2938 4541 3164 4632 summm
3193 4572 3389 4629 exinde
3418 4580 3562 4627 notae
3592 4576 3793 4640 quarta

508 4634 673 4690 habet
708 4635 779 4688 ad
804 4633 993 4702 pedem
1022 4633 1075 4686 in
1106 4633 1336 4687 circuitu
1364 4633 1527 4702 pedes
1567 4631 1725 4696 1400,
1755 4632 1808 4686 in
1846 4632 2097 4687 acumine

507 4725 636 4790 200,
670 4725 725 4779 in
756 4723 1044 4779 altitudine
1078 4724 1317 4778 dexterae
1343 4723 1515 4792 partis
1540 4722 1647 4778 850
1672 4764 1686 4787 ,
1715 4722 1768 4776 in
1794 4722 1940 4778 laeva:
1967 4736 2099 4777 vero

510 4814 638 4883 750,
666 4816 746 4871 sic
770 4830 982 4886 quaeras
1003 4812 1216 4885 jugera.
1253 4812 1563 4882 Superioris
1603 4813 1946 4869 circuitionis
1971 4829 2098 4869 cum

514 4910 775 4967 inferiore
806 4910 1010 4981 junctae
1042 4923 1197 4966 sume
1224 4908 1501 4964 dimidiam
1519 4948 1535 4974 ,
1561 4923 1681 4978 qum
1706 4908 1767 4962 ﬁt
1795 4908 1847 4963 in
1869 4908 1975 4963 800
2009 4924 2104 4979 pe-

518 5002 696 5056 dibus.
727 5000 837 5057 llas
871 5000 1194 5056 medietates
1241 4994 1472 5054 invicem
1506 4998 1802 5068 multiplica
1824 5039 1839 5064 ,
1868 5008 1925 5054 et
1963 4999 2100 5053 ﬁunt

523 5095 649 5149 010.
690 5094 747 5149 lu
779 5095 865 5150 his
896 5095 1126 5165 vigesies
1157 5093 1238 5149 bis
1260 5093 1503 5163 reperies
1541 5093 1701 5149 unius
1741 5092 1916 5165 jugeri
1944 5095 2108 5163 pedes

516 5185 710 5251 28800,
745 5188 1153 5243 remanentibus
1187 5186 1348 5243 6400.

1180 5368 1747 5406 ι--ι--““-’Ἱ

2201 4673 2408 4729 decima
2445 4679 2658 4742 sumpta
2705 4668 2842 4725 ﬁunt
2883 4668 2951 4724 69
3002 4676 3058 4723 et
3109 4667 3229 4721 dure
3274 4672 3484 4736 quartae
3521 4661 3792 4723 decima,

2203 4765 2257 4821 id
2292 4773 2378 4820 est
2413 4779 2519 4819 una
2555 4762 2805 4834 septima.
2839 4761 2937 4817 llis
2971 4776 3069 4831 per
3108 4758 3324 4813 tertiam
3362 4754 3701 4820 altitudinis,
3738 4751 3793 4807 id

2204 4869 2289 4914 est
2328 4874 2424 4929 per
2454 4855 2864 4929 quaternarium
2907 4850 3281 4923 multiplicatis
3330 4848 3481 4903 venit
3530 4861 3798 4903 numerus

2206 4950 2592 5018 amphorarum
2636 4944 2743 5001 276
2777 4954 2833 5000 et
2869 4944 2903 5001 8
2962 4952 3170 5016 quarta:
3208 4939 3467 5005 decimae,
3519 4936 3577 4991 id
3633 4944 3719 4993 est
3759 4932 3797 4990 4

2208 5040 2472 5112 septimae.

2285 5156 2343 5212 Si
2375 5153 2542 5209 fuerit
2571 5165 2776 5222 suppa,
2809 5147 2962 5217 cujus
3001 5147 3109 5202 ima
3140 5143 3369 5199 latitudo
3402 5141 3473 5197 sit
3513 5139 3709 5211 pedum
3740 5136 3799 5203 5,

2215 5261 2427 5303 summa
2457 5244 2515 5310 5,
2544 5241 2749 5297 altiudo
2775 5241 2828 5305 9,
2864 5248 2998 5313 quut
3023 5239 3313 5308 amphoras
3340 5233 3523 5304 capiat
3552 5233 3633 5288 sic
3655 5244 3806 5300 qua:-

2219 5352 2348 5392 ras:
2388 5335 2495 5389 ima
2533 5333 2589 5388 in
2622 5348 2682 5388 se
2717 5330 2778 5385 ﬁt
2809 5330 2904 5395 '25,
2942 5344 3153 5386 summa
3192 5339 3410 5398 quoque
3449 5325 3504 5378 in
3541 5338 3601 5378 se
3634 5322 3693 5377 Iit
3731 5321 3805 5384 9,
