3986 5444
167 243 251 302 I39

161 451 335 520 cuppis
366 451 662 521 diligenter
694 453 975 521 inspectis,
1011 469 1149 522 pene
1176 454 1356 508 nullus
1384 455 1488 509 erit
1518 463 1733 524 puteus,

131 543 236 609 ,vel
264 558 429 611 cuppa
451 583 466 603 ,
507 543 591 597 vel
625 552 788 597 tonua
815 544 1024 614 aliqua,
1054 546 1184 615 quin
1223 546 1340 615 ejus
1377 546 1547 615 possit
1582 547 1735 601 inda-

160 634 261 703 gari
300 633 657 703 profunditas
678 676 694 701 ,
726 636 827 690 nisi
862 638 998 691 mira
1031 638 1084 691 in
1116 639 1195 694 eis
1226 637 1389 693 fuerit
1428 640 1735 696 diversitas.

687 790 915 847 CAPUT
941 790 1201 849 LXXXV.

166 920 239 975 Ex
271 925 603 977 mlunalione
637 927 875 978 omnium
918 943 1289 990 numerorum,
1328 929 1616 981 secundum
1658 945 1743 981 or-

222 994 383 1069 dinem
418 994 721 1047 naturalem
751 996 1078 1063 prolatorum
1102 1037 1116 1061 ,
1148 998 1279 1051 scire
1302 1011 1500 1068 quanta
1523 998 1744 1069 profun-

221 1062 350 1115 ditas
382 1074 592 1116 cresCat
619 1105 633 1130 ,
665 1062 776 1119 etc.

224 1195 294 1248 Ex
349 1196 695 1252 adunatione
744 1198 990 1253 omnium
1040 1216 1390 1256 numerorum
1448 1202 1744 1257 secundum

161 1290 387 1343 Ordinem
429 1291 745 1345 naturalem
786 1291 1122 1361 prolatorum
1164 1294 1207 1347 si
1248 1294 1329 1347 vis
1368 1294 1510 1347 scire
1544 1302 1745 1363 quanta

162 1379 487 1448 profunditas
541 1393 791 1447 crescat,
843 1383 957 1438 haec
1008 1385 1103 1438 tibi
1157 1385 1339 1454 regula
1385 1386 1649 1451 sulIiciat,
1700 1388 1745 1441 si

162 1478 355 1521 tantum
389 1471 732 1526 coadunatio
760 1472 851 1526 illa
896 1473 967 1527 ab
1013 1474 1222 1529 unitate
1265 1476 1521 1546 incipiat,
1566 1486 1623 1531 et
1668 1477 1747 1533 sic

164 1571 247 1627 per
275 1561 490 1629 regulas
536 1571 595 1616 et
636 1578 735 1632 per
773 1562 1020 1617 ordinem
1061 1565 1420 1619 continuatim
1466 1566 1743 1636 procedat.

165 1649 213 1701 Si
240 1664 333 1717 par
358 1664 635 1705 numerus
680 1653 1113 1719 coacervabitur,
1145 1670 1241 1723 per
1281 1656 1521 1709 medium
1564 1655 1738 1709 ultimi

1449 249 1538 304 DE
1578 247 1999 306 CEOMETIIIA.

228 360 314 413 llis
344 360 521 437 tribus
555 356 787 431 regulis,
820 356 886 415 de
917 369 1079 431 puteo
1107 361 1320 417 scilicet
1352 370 1405 417 et
1434 362 1501 416 de
1530 362 1739 417 duabus
1769 368 1817 425 Α

3321 253 3423 309 I50

2354 363 2581 423 CAPUT
2612 367 2901 424 LXXXIX.

1843 493 1997 550 Intra
2032 498 2350 567 quadratum
2389 499 2750 570 wquilaterum
2783 512 3091 573 oclogonum
3122 504 3417 576 designare.

1917 625 1974 681 Si
2024 627 2259 684 volueris
2303 628 2446 685 intra
2492 631 2815 700 quadratum
2860 634 3232 703 a'quilaterum
3278 646 3432 693 octo-

1843 731 2043 786 gonum
2091 718 2411 789 designare,
2460 720 2749 789 diagonum
2795 724 3032 779 medium
3080 741 3283 782 sumas.
3332 728 3429 783 llic

1844 809 2107 864 circinum
2139 811 2427 879 spatiatum
2476 809 2709 883 [Clossa
2736 823 2860 878 vet.,
2887 824 3165 870 extentum
3189 814 3210 886 1
3237 817 3288 871 in
3335 832 3443 872 an-

1846 901 1974 971 gulo
2021 901 2273 971 quadrati
2324 902 2545 974 inﬁgas,
2596 913 2653 959 et
2692 905 2745 959 in
2791 912 3021 975 utroque
3067 906 3236 963 latere
3283 924 3423 978 pun-

1845 1000 2030 1057 ctum,
2084 1008 2365 1063 quousque
2412 995 2650 1051 circulus
2701 999 3042 1066 pervenerit,
3100 998 3305 1067 facias,
3364 1016 3429 1055 ac

1846 1082 1923 1136 sic
1959 1098 2057 1151 per
2101 1083 2344 1154 singulos
2391 1085 2617 1155 angulos
2656 1100 2861 1155 perque
2906 1086 3073 1142 latera
3116 1104 3429 1159 percurras.

1847 1172 2051 1228 Deinde
2081 1189 2111 1227 a
2143 1184 2343 1244 puncto
2367 1174 2422 1229 in
2450 1183 2708 1245 punctum
2736 1174 2946 1246 angulis
2976 1177 3225 1246 quadrati
3252 1189 3434 1235 extra-

1848 1263 2047 1318 clausis
2069 1278 2285 1336 semper
2310 1264 2507 1320 lineam
2534 1266 2723 1327 ducas.
2750 1273 3156 1337 etoctogonum
3182 1269 3429 1325 habebis.

2451 1417 2683 1475 CAPUT
2715 1417 2827 1474 XC.

1959 1533 2249 1589 Structura:
2279 1535 2419 1589 circa
2445 1545 2657 1604 puteum
2683 1538 2867 1606 positae
2891 1536 3048 1606 pedes
3079 1536 3324 1591 invenire.

1920 1645 1980 1700 Si
2018 1647 2178 1701 datus
2223 1647 2386 1702 fuerit
2423 1657 2652 1717 puteus,
2694 1650 2848 1720 cujus
2886 1651 3212 1707 diametrum
3254 1651 3324 1705 sit
3351 1668 3441 1721 pc~

165 1750 377 1807 sequens
427 1741 907 1810 ηιυιιίριίαιωιυιι,
949 1759 1000 1795 ν,
1056 1760 1135 1812 8,,
1184 1745 1207 1798 1
1256 1744 1291 1797 2
1332 1747 1365 1799 5
1405 1746 1438 1799 4
1483 1746 1515 1799 5
1554 1745 1618 1809 ϐ,
1661 1745 1746 1800 vel
1776 1736 1823 1796 Β
1848 1737 1977 1791 dum
2004 1736 2068 1802 5,
2096 1746 2151 1791 et
2173 1738 2318 1793 circa
2349 1754 2474 1793 eum
2504 1740 2667 1794 fuerit
2691 1748 2965 1795 structura
2994 1742 3103 1796 alta
3129 1742 3323 1811 pedum
3345 1741 3445 1807 20,.

164 1829 290 1883 scire
316 1840 447 1899 quot
472 1832 587 1885 sint
612 1873 626 1896 ,
653 1847 753 1900 per
777 1833 981 1887 senarii
1008 1828 1353 1889 medietatem
1383 1836 1739 1906 subsequens,

169 1918 213 1971 id
240 1927 315 1974 est
343 1921 697 1991 septenarius
727 1923 1136 1992 multiplicetur,
1170 1933 1225 1979 et
1257 1924 1387 1980 ﬁent
1426 1926 1490 1980 ‘21
1521 1943 1537 1990 ;
1584 1942 1748 1997 quam

166 2023 416 2063 summam
450 2011 720 2066 similiter
747 2012 939 2071 reddet
966 2014 1273 2083 supradicta
1303 2014 1651 2069 coadunatio.
1688 2015 1745 2071 Si

170 2107 333 2151 autem
390 2099 580 2169 impar
628 2116 888 2156 nmnerus
935 2118 1288 2157 numerorum
1339 2105 1743 2174 aggregabitur,

168 2195 250 2257 per
276 2188 544 2258 majorem
576 2192 659 2245 sui
690 2201 899 2261 partem
943 2192 1165 2248 ultimus
1206 2202 1529 2265 aggregatus
1569 2194 1751 2249 multi-

170 2277 458 2346 pﬁcabitur,
495 2288 560 2334 ut
589 2291 675 2336 est
706 2283 729 2335 1
764 2282 801 2334 2
831 2282 864 2335 3
892 2282 925 2336 4
956 2281 989 2335 5
1020 2282 1051 2335 6
1081 2283 1133 2335 7.
1171 2281 1464 2351 Multiplica
1495 2292 1750 2353 septena-

172 2370 292 2422 rium
332 2386 429 2440 per
474 2374 778 2427 maximam
825 2374 905 2428 sui
938 2384 1184 2443 partem,
1215 2374 1266 2428 id
1296 2384 1379 2429 est
1403 2390 1502 2445 per
1525 2376 1578 2429 4.
1608 2375 1751 2443 Qua-

174 2471 242 2515 ter
266 2464 294 2514 7
324 2463 458 2519 ﬁunt
501 2466 599 2529 28,
626 2465 717 2533 qui
762 2480 953 2520 omnes
991 2482 1154 2535 supra
1206 2468 1442 2536 scriptos
1492 2467 1751 2521 terminos

174 2553 431 2609 claudunt.
470 2556 535 2611 Si
572 2556 916 2612 solummodo
946 2574 1065 2628 par,
1100 2567 1160 2613 ut
1184 2567 1268 2613 est
1298 2559 1333 2612 2
1362 2559 1394 2613 4
1425 2559 1457 2613 6
1482 2559 1515 2613 8
1535 2599 1549 2623 ,
1580 2559 1749 2613 duca—

175 2652 247 2694 tur
283 2645 551 2699 medietas
602 2645 777 2699 ultimi
830 2646 1105 2716 aggregati
1154 2662 1251 2716 per
1298 2647 1478 2711 illum,
1524 2647 1616 2716 qui
1660 2662 1749 2702 se-

175 2734 335 2801 quitur
360 2728 541 2808 ipsam
565 2780 579 2804 ,
608 2746 662 2793 et
693 2739 736 2795 si
768 2740 967 2811 impar,
1000 2749 1059 2796 ut
1096 2742 1117 2796 I
1153 2741 1187 2795 5
1216 2741 1249 2797 5
1279 2741 1310 2794 7
1335 2741 1389 2811 9,
1424 2742 1597 2813 major
1624 2756 1752 2815 pars

176 2822 328 2882 ultimi
358 2828 411 2883 in
441 2844 511 2885 se
544 2829 797 2886 ducatur.

681 2987 911 3045 CAPUT
939 2990 1222 3047 LXXXVI.

515 3120 717 3177 Circuli
742 3125 1106 3180 inauratarum
1136 3129 1385 3184 invenire.

236 3259 422 3315 Circuli
470 3259 847 3317 inauratumm
879 3266 957 3319 sic
983 3281 1195 3335 qumras
1223 3286 1235 3320 :
1266 3268 1589 3321 diametrum
1632 3270 1739 3323 cir-

179 3348 267 3401 culi
299 3352 347 3403 in
390 3368 453 3407 se
503 3352 725 3407 ductum
769 3356 1002 3425 vigesies
1042 3357 1127 3411 bis
1170 3359 1489 3427 multiplica.
1534 3357 1750 3412 Iiﬂ‘ecla:

183 3456 381 3498 summa:
438 3446 736 3515 septimam
792 3446 1075 3516 accipias,
1128 3457 1183 3501 et
1232 3449 1348 3503 hrec
1398 3448 1585 3503 circuli
1639 3449 1745 3502 erit

184 3532 521 3602 inauratum;
579 3539 719 3607 quod
771 3539 910 3593 idem
966 3547 1148 3607 esset,
1199 3540 1243 3596 si
1288 3556 1384 3611 per
1425 3541 1747 3596 diametrum

182 3626 414 3684 circulum
455 3631 871 3699 multiplicares.

660 3784 884 3839 CAPUT
941 3786 1249 3843 LXXXVII.

433 3892 710 3947 Columnw
744 3895 1020 3965 itaet/nalis
1048 3899 1215 3965 pedes
1231 3900 1459 3953 invenire

242 4002 294 4056 Si
332 4004 494 4059 fuerit
532 4004 783 4059 columna
822 4006 1134 4076 inaequalis,
1177 4010 1332 4079 cujus
1369 4010 1475 4063 ima
1517 4009 1751 4064 latitudo

187 4098 358 4159 pedum
403 4096 473 4151 sit
504 4096 605 4160 l3,
638 4111 847 4149 summa
897 4097 951 4162 5,
1000 4096 1231 4152 altitudo
1276 4098 1372 4162 30,
1421 4098 1540 4167 ejus
1588 4098 1755 4169 pedes

193 4184 257 4238 sic
290 4201 514 4254 qumras.
562 4186 673 4239 Ima
725 4185 1009 4243 latitudine
1056 4189 1111 4243 in
1158 4204 1217 4243 se
1255 4189 1649 4259 multiplicata,
1690 4205 1751 4244 ac

190 4291 376 4331 summa
414 4278 467 4331 in
510 4293 606 4343 se,
651 4292 716 4332 ac
764 4287 999 4346 utraque
1042 4280 1312 4346 invicem,
1355 4281 1547 4349 bisque
1578 4281 1752 4335 tribus

192 4368 391 4423 summis
435 4367 595 4421 simul
641 4368 959 4437 compositis
1000 4369 1136 4423 ﬁunt
1166 4370 1331 4439 pedes
1360 4370 1486 4425 259.
1532 4368 1627 4425 I'Iis
1654 4387 1753 4424 un-

190 4454 345 4512 decies
388 4459 598 4522 ductis,
648 4473 711 4513 ac
761 4458 955 4513 exinde
1010 4458 1214 4515 elfectce
1269 4476 1493 4516 summa:
1536 4470 1751 4530 quarta-
1780 4472 1828 4531 ι)

193 4543 372 4601 decima
426 4549 670 4602 detracta
734 4547 953 4602 venient
1004 4548 1109 4604 203
1166 4548 1247 4614 S.,
1319 4549 1529 4604 scilicet
1587 4550 1750 4619 pedes

192 4647 413 4693 arearum
457 4653 686 4694 summae
728 4646 787 4692 et
827 4640 1014 4694 medim
1063 4656 1126 4696 ac
1169 4642 1388 4696 infinite.
1420 4642 1514 4697 His
1557 4641 1753 4697 deinde

195 4741 276 4794 per
322 4731 535 4784 tertiam
593 4728 903 4784 altitudinis
955 4732 1327 4802 multiplicatis
1375 4741 1537 4789 erunt
1593 4732 1750 4788 solidi

195 4829 332 4883 tenes
368 4821 525 4877 2055.

643 4934 878 4989 CAPUT
936 4936 1260 4993 LXXXVIII.

658 5064 1009 5136 Ilexagonum
1054 5072 1245 5141 facere.

254 5194 300 5249 Si
328 5201 549 5256 volueris
579 5201 935 5269 hexagonum
968 5201 1173 5270 facere,
1202 5207 1355 5276 cujus
1382 5206 1525 5261 latus
1550 5204 1747 5259 habeat

198 5286 330 5350 pedes
360 5290 446 5356 I0,
480 5292 655 5346 facies
702 5290 775 5343 10
816 5291 1037 5358 pedum,
1083 5296 1273 5351 lineam
1306 5306 1359 5352 et
1405 5294 1745 5350 iuextremi—

200 5382 283 5428 late
339 5379 443 5444 ejus
480 5383 767 5437 circrnum
832 5379 993 5444 ligas,
1042 5396 1095 5439 et
1125 5387 1386 5441 circulum
1444 5385 1654 5444 facias;
1689 5394 1744 5438 ct

1862 1825 1971 1879 lata
2018 1826 2213 1894 pedum
2260 1825 2329 1891 2,
2376 1826 2493 1893 ejus
2538 1836 2824 1884 structura:
2867 1829 3031 1900 pedes
3072 1831 3152 1885 sic
3183 1846 3434 1901 qumras:

1851 1924 2142 1970 structurae
2195 1915 2541 1972 latitudinem
2591 1918 2759 1974 ducas
2808 1919 2862 1973 in
2914 1934 3003 1983 se,
3057 1918 3193 1974 ﬁunt
3238 1920 3293 1973 4.
3344 1918 3441 1974 His

1848 2006 2074 2076 adjicias
2101 2008 2249 2075 putei
2280 2008 2605 2064 diametrum
2627 2050 2641 2073 ,
2673 2018 2831 2064 erunt
2856 2011 2908 2064 9.
2937 2009 3002 2064 IIi
3030 2010 3083 2065 in
3110 2026 3167 2066 se
3194 2010 3326 2065 (ient
3350 2011 3437 2065 81.

1848 2097 1932 2152 Ab
1975 2098 2058 2151 his
2098 2098 2363 2153 diametro
2404 2099 2551 2169 putei
2598 2100 2759 2154 ducto
2810 2098 2864 2153 in
2895 2114 2952 2155 se
2998 2100 3215 2173 dempto
3264 2115 3440 2155 rema-

1854 2198 1986 2241 nent
2030 2188 2118 2242 56.
2170 2189 2265 2243 IIis
2307 2190 2564 2245 undecies
2616 2189 2830 2255 ductis,
2873 2198 2928 2244 et
2964 2205 2995 2243 a
3034 2205 3277 2257 summa,
3318 2205 3439 2259 qum

1850 2280 1975 2336 inde
2003 2284 2340 2347 excreverit,
2374 2292 2565 2353 quarta
2598 2283 2805 2338 decima
2835 2292 3044 2353 sumpta
3074 2292 3235 2337 erunt
3271 2280 3437 2353 pedes

1850 2387 1992 2426 area:
2035 2372 2123 2425 44.
2169 2372 2234 2428 IIi
2274 2389 2370 2443 per
2415 2374 2754 2429 altitudinem
2778 2414 2792 2441 ,
2824 2375 2875 2429 id
2906 2384 2990 2429 est
3018 2374 3251 2445 vigesies
3288 2373 3437 2428 ducti

1852 2460 1990 2514 ﬁunt
2016 2461 2140 2516 880.
2174 2460 2278 2516 Tot
2309 2472 2471 2517 erunt
2503 2466 2667 2534 pedes
2695 2478 2835 2518 area:
2864 2463 2954 2517 44.
3008 2463 3074 2517 Hi
3115 2479 3213 2533 per
3257 2462 3441 2517 altitu-

1850 2552 2070 2617 dinem,
2116 2553 2165 2606 id
2210 2561 2293 2608 est
2340 2555 2574 2627 vigesies
2619 2554 2763 2610 ducti
2805 2553 2939 2610 ﬁunt
2983 2553 3105 2610 880.
3154 2551 3439 2609 Toterunt

1858 2642 2023 2711 pedes
2058 2652 2365 2701 structum.

2442 2782 2671 2839 CAPUT
2709 2783 2845 2837 XCI.

2055 2910 2341 2967 Prismatis
2369 2914 2521 2983 pedes
2551 2913 2780 2967 invenire
2816 2915 2868 2967 in
2897 2914 3231 2982 orthogonio.

1926 3043 1982 3098 Si
2036 3044 2163 3099 data
2211 3046 2413 3116 prisma
2462 3046 2627 3100 fuerit
2670 3045 3012 3116 ortbogonii,
3043 3043 3199 3113 cujus
3231 3047 3303 3099 sit
3347 3060 3440 3099 ca-
3538 3090 3545 3099 κ

1856 3137 2040 3191 thetus
2090 3136 2177 3200 I9,
2227 3136 2374 3191 basis
2419 3135 2524 3202 12,
2571 3135 2799 3191 altitudo
2843 3134 2942 3201 20,
2993 3135 3111 3206 ejus
3156 3134 3321 3205 pedes
3362 3136 3440 3191 sic

1855 3240 2072 3293 quaeras
2097 3243 2109 3277 :
2144 3239 2241 3294 per
2266 3224 2544 3279 cathetum
2575 3236 2630 3279 ct
2657 3225 2830 3279 basim
2860 3240 3046 3280 aream
3072 3224 3225 3293 prius
3253 3224 3443 3279 ortho-

1852 3315 1995 3383 gonii
2030 3313 2307 3383 reperias,
2338 3329 2457 3383 qua:
2485 3315 2592 3369 erit
2624 3314 2714 3369 54.
2746 3314 2898 3370 IIanc
2922 3330 3022 3386 per
3064 3314 3403 3370 altitudinem
3422 3354 3455 3380 ,.

1853 3403 1906 3456 id
1931 3412 2014 3457 est
2036 3403 2105 3457 20
2130 3404 2316 3469 ducas,
2344 3404 2475 3459 ti'ent
2500 3404 2673 3471 1080;
2708 3414 2785 3460 tot
2814 3416 2973 3461 erunt
2996 3406 3163 3477 pedes
3198 3407 3437 3477 prismae.

1921 3495 2094 3562 Quam
2136 3498 2393 3551 iuaurare
2448 3497 2495 3551 si
2543 3499 2656 3563 vis,
2710 3499 2998 3555 circuitum
3044 3500 3212 3569 ipsius
3254 3498 3441 3553 ortho-

1855 3586 1999 3655 gonii
2024 3626 2038 3650 ,
2072 3585 2122 3639 id
2155 3594 2235 3641 est
2271 3586 2340 3641 56
2376 3602 2473 3656 per
2507 3586 2853 3643 altitudinem
2875 3628 2890 3656 ,
2932 3588 2985 3643 id
3022 3596 3105 3644 est
3134 3588 3204 3643 20
3240 3589 3409 3645 ducas

1850 3685 1907 3730 et
1934 3676 2066 3731 [ient
2101 3676 2206 3731 7‘20
2232 3693 2247 3743 ;
2278 3678 2369 3747 qui
2402 3686 2567 3733 erunt
2593 3680 2758 3749 pedes
2790 3679 3155 3735 inauratum.

2432 3812 2660 3870 CAPL'T
2703 3814 2859 3870 XCII.

1981 3944 2049 3999 In
2090 3946 2228 3999 omni
2266 3954 2539 4015 tetragono
2579 3948 2880 4017 diagonium
2919 3948 3170 4012 invenire,
3208 3956 3309 4003 etc.

1927 4055 1984 4108 In
2019 4057 2167 4110 omni
2207 4066 2493 4125 tetragono
2529 4058 2643 4111 sive
2679 4056 3030 4127 mquilatero,
3063 4060 3176 4113 sive
3214 4059 3434 4131 long‘la-

1860 4153 1975 4198 tero
2014 4146 2322 4215 diagonium
2361 4149 2439 4203 sic
2468 4148 2751 4204 invenies:
2785 4149 3126 4206 latitudinem
3173 4163 3228 4206 et
3267 4152 3441 4223 longi-

1856 4237 2096 4292 tudinem
2144 4238 2421 4308 sigillatim
2472 4241 2527 4295 in
2576 4256 2635 4296 se
2683 4240 3044 4312 multiplices,
3103 4260 3445 4301 summarum-

1853 4328 2214 4383 crescentium
2261 4330 2313 4383 in
2357 4346 2526 4385 unum
2570 4331 2712 4388 latus
2756 4348 2991 4403 quaeras.
3038 4334 3155 4393 Hoc
3195 4353 3295 4408 pro
3324 4338 3443 4392 dia-

1855 4433 1996 4488 gono
2022 4419 2240 4473 habeto.

1927 4528 2148 4600 Trigoni
2192 4532 2498 4603 orthogonii
2544 4549 2641 4604 per
2678 4535 2955 4591 cathetum
2983 4536 3063 4594 sic
3094 4538 3301 4594 invenis
3342 4540 3442 4595 ba-

1865 4621 2284 4679 sim:cathetus
2337 4634 2421 4679 ter
2470 4626 2721 4691 ducatur,
2770 4643 2910 4683 nona
2962 4646 3091 4700 pars
3137 4630 3436 4695 auferatur,

1858 4715 2049 4783 reliqui
2079 4714 2364 4769 dimidium
2400 4726 2670 4782 sumatur,
2700 4720 2809 4773 erit
2839 4720 3004 4777 basis.
3054 4722 3177 4775 Basi
3206 4723 3439 4776 ablatum

1859 4806 2201 4869 restituatur,
2230 4806 2333 4859 erit
2362 4806 2717 4878 hypotenusa.
2757 4808 2850 4866 Vel
2883 4813 2956 4868 ita
2986 4833 2999 4867 :
3050 4812 3247 4867 catheti
3285 4812 3440 4866 dimi-

1858 4894 2007 4948 dium
2056 4902 2325 4959 sumatur,
2366 4896 2509 4965 quod
2560 4904 2641 4951 ter
2685 4898 2937 4969 ducatur,
2982 4910 3225 4957 remanet
3272 4901 3437 4954 basis.
3488 4881 3503 4895 ’

1862 4983 1956 5038 Vel
1988 4983 2272 5039 dimidium
2301 4985 2504 5040 catheti
2535 4985 2712 5042 sexies
2742 4987 2998 5055 ducatur,
3028 5004 3167 5043 nona
3204 4988 3438 5053 tollatur,

1860 5075 2050 5145 reliqui
2081 5073 2366 5129 dimidium
2396 5078 2502 5130 erit
2531 5076 2699 5131 basis.
2733 5076 2863 5135 Basi
2896 5080 3102 5137 reddita
3153 5092 3292 5132 noua
3338 5080 3443 5135 erit

1859 5172 2211 5243 bypotenusa.

2436 5286 2657 5342 CAPHT
2698 5284 2883 5343 XCiii.

2036 5428 2075 5444 Λ
2159 5435 2171 5444 ι
2210 5434 2243 5444 .Α
2306 5428 2338 5444 ι·
2414 5430 2424 5440 ⁸
2494 5437 2504 5444 Δ
2602 5427 2614 5439 ⁸
2692 5442 2745 5444 ...
2894 5434 2904 5444 ι
3016 5440 3025 5444 -
3063 5428 3097 5444 Γ.
