3986 5444
482 351 581 408 151

1116 342 1473 401 SILVESTBI
1510 341 1551 396 ιι
1588 341 1790 396 PAPIE
1829 298 2185 398 oprgrans
2218 343 2259 397 ι.
2283 373 2354 383 --
2381 342 2468 397 DE
2493 341 2772 399 DlSClPL.
2798 340 3106 430 unum.

3644 316 3748 399 «δέ

480 459 705 524 volens,
761 457 850 513 tali
903 454 1065 524 hujus
1113 455 1247 510 artis
1293 454 1495 509 dicitur
1541 469 1673 509 usus
1718 462 2059 525 argumento.
2092 461 2138 516 Α
2167 454 2621 512 circumferentia:
2662 456 2863 513 locum.
2917 455 3180 512 Similiter
3205 465 3492 513 exeuntem
3535 459 3749 515 notabi-

479 547 619 603 Nam
672 561 702 601 a
763 543 1106 601 mensoribus
1163 545 1306 616 regis
1356 543 1679 609 Ptolomaei,
1740 536 1833 612 qui
1890 550 2059 597 totam

479 635 776 708 Egyptum
819 635 1074 703 tenebat,
1118 633 1334 703 adjutus
1376 649 1407 688 a
1447 632 1609 688 Siene
1648 645 1819 702 usque
1844 631 1913 686 ad
1952 629 2061 686 Me-

481 739 614 780 roen
646 724 946 780 stadiorum
989 737 1276 778 numerum
1315 721 1542 778 invenit.
1587 719 1873 790 Dispositis
1912 735 2065 774 nam-

480 831 588 885 que
620 830 717 884 per
746 813 1028 870 intervalla
1058 813 1298 869 locorum
1328 830 1358 869 a
1387 813 1754 884 septentrione
1778 810 2060 867 meridiem

478 921 668 963 versus
693 906 1062 977 horoscopicis
1091 905 1240 961 vasis
1268 904 1430 960 simili
1456 905 1793 963 dimensione
1832 915 1888 961 et
1925 919 2063 978 gno-

482 1009 703 1048 monum
743 1010 898 1064 atqua
934 993 1271 1062 longitudine
1311 993 1559 1050 formatis
1606 997 1830 1053 totidem
1875 1001 2064 1056 doctos

478 1086 815 1157 gnomonica:
852 1085 1252 1156 supputationis
1291 1085 1577 1153 homines,
1602 1098 1736 1157 quot
1779 1105 1908 1146 vasa
1949 1091 2065 1146 fue-

478 1190 637 1248 rant,
668 1180 896 1251 singulis
940 1181 1244 1250 quibusque
1284 1179 1339 1234 in
1387 1180 1521 1237 locis
1560 1185 1852 1253 Imposuit,
1898 1193 2064 1255 atque

478 1285 585 1330 una
630 1271 720 1327 die
757 1283 948 1325 omnes
988 1270 1235 1324 umbram
1268 1269 1551 1325 meridiani
1584 1272 1845 1343 temporis
1873 1273 2060 1329 obser-

476 1375 609 1415 vare
659 1360 817 1423 fecit,
865 1367 1059 1414 notare
1104 1358 1271 1413 etiam
1314 1374 1756 1431 unumquemque
1794 1361 1878 1416 sui
1918 1377 2056 1432 gno-

478 1450 643 1505 minis
668 1451 915 1505 umbram
937 1489 953 1515 ,
983 1444 1203 1518 quanta:
1240 1447 1433 1504 fuisset
1460 1449 1835 1522 longitudinis.
1875 1450 2064 1520 Atque

478 1542 556 1596 ita
589 1540 886 1610 comperit,
917 1537 1062 1609 quod
1089 1538 1230 1593 ultra
1258 1538 1361 1595 700
1389 1540 1563 1595 stadia
1595 1542 1663 1595 ad
1693 1540 1852 1597 unius
1882 1539 2059 1612 longi-

477 1630 683 1696 tudinis
707 1644 1031 1701 gnomouem
1060 1629 1254 1683 umbra
1281 1644 1390 1684 non
1419 1630 1727 1700 respondit,
1756 1639 1920 1699 atque
1962 1628 2067 1685 hac

487 1719 579 1773 tali
623 1719 941 1790 probatione
981 1717 1250 1773 conclusit
1292 1718 1436 1789 quod
1478 1727 1662 1789 partes
1700 1717 1840 1786 560,
1868 1718 2065 1788 quibus

477 1809 655 1865 omnis
676 1809 882 1864 zodiaci
905 1807 1092 1863 circuli
1117 1815 1321 1865 tractus
1335 1809 1610 1876 dividitur,

474 1899 826 1967 perveniant,
854 1906 910 1955 et
928 1913 1085 1969 pars,
1115 1913 1236 1968 qum
1278 1898 1351 1954 ibi
1392 1899 1724 1970 incomperta
1773 1907 1830 1955 et
1862 1897 2067 1952 inaesti-

475 1989 692 2069 mabilis
733 2005 1002 2046 mensura:
1041 1990 1234 2057 est,in
1281 1991 1439 2047 terris
1475 2006 1583 2046 non
1626 1990 1857 2060 amplius
1901 2004 2067 2059 quam

476 2084 980 2156 septingentorum,
1014 2090 1109 2138 aut
1134 2083 1295 2153 paulo
1325 2083 1505 2139 minus
1528 2123 1544 2151 ,
1576 2082 1876 2138 stadiorum
1910 2095 2061 2135 meu-

479 2188 666 2228 suram
693 2174 961 2231 obtinéat.
991 2174 1391 2245 Compertaque
1416 2175 1468 2230 in
1499 2174 1659 2230 terris
1686 2174 1849 2230 unius
1875 2172 2066 2245 partis,

477 2278 598 2333 quae
627 2265 694 2320 ad
724 2266 1008 2321 zodiacum
1034 2265 1304 2337 pertinet,
1352 2275 1407 2319 et
1448 2264 1877 2336 magnitudinem
1922 2264 2068 2320 hanc

477 2363 565 2411 ter
589 2356 764 2412 centis
796 2356 1046 2426 sexagies
1090 2356 1496 2425 complicando,
1543 2355 1805 2410 circulum
1849 2369 2068 2411 mensu-

479 2459 708 2516 ramque
739 2455 899 2502 terrae
929 2447 1313 2502 incunctanter
1337 2450 1470 2516 quot
1497 2446 1738 2501 millibus
1763 2446 2062 2501 stadiorum

478 2537 781 2593 ambiretur
804 2538 1056 2595 absolvit.
1091 2537 1224 2593 Nam
1249 2538 1429 2593 25000
1453 2538 1752 2594 stadiorum
1779 2537 2063 2593 circuitum

478 2628 721 2685 universi
767 2628 970 2682 terreni
1001 2626 1151 2683 orbis
1179 2642 1305 2683 esse
1332 2626 1725 2697 pronuntiavit.
1757 2626 1886 2694 Quae
1913 2642 2064 2682 sum-

476 2730 599 2781 ma,
632 2716 677 2771 si
706 2716 761 2770 in
791 2715 899 2770 360
927 2726 1114 2786 partes
1140 2717 1426 2786 aequaliter
1454 2717 1750 2782 dividatur,
1797 2715 2060 2786 liquebit,

478 2805 625 2873 quod
672 2804 976 2861 stadiorum
1030 2821 1369 2876 unaquaeque
1412 2807 1589 2877 portio
1637 2806 1691 2861 in
1744 2807 1905 2862 terris
1945 2821 2067 2861 esse

479 2895 710 2959 debeat,
740 2910 860 2964 quae
890 2896 944 2950 iu
975 2896 1186 2953 cmlesti
1215 2897 1424 2953 circulo
1463 2898 1533 2953 ab
1575 2897 1684 2953 ullo
1713 2897 1920 2953 nullam
1963 2898 2066 2952 hu-

477 2998 653 3043 manae
680 2984 1010 3054 conjectura:
1039 2988 1433 3044 dimensioncm
1463 2988 1720 3043 admittit.

548 3072 821 3143 Optimum
846 3083 930 3129 est
950 3089 1079 3144 ergo
1100 3075 1347 3130 umbram
1379 3076 1529 3130 horae
1555 3084 1724 3131 sexta:
1749 3076 2049 3146 deprehen-

478 3161 627 3229 dere,
659 3170 716 3217 et
759 3163 828 3218 ab
867 3177 932 3217 ea
988 3164 1217 3221 limitem
1262 3165 1547 3231 inchoare,
1593 3172 1654 3219 ut
1695 3165 1806 3221 sint
1847 3180 2063 3235 semper
2091 3175 2136 3237 ο

478 3254 781 3311 meridiano
820 3265 1065 3325 tempore
1111 3256 1370 3322 ordinati,
1415 3258 1685 3327 sequitur,
1738 3264 1799 3311 ut
1841 3256 2069 3312 orientis

476 3344 880 3413 occidentisque
909 3345 1049 3401 linea
1077 3348 1202 3402 huic
1234 3346 1554 3411 normaliter
1582 3347 1885 3403 conveniat.
1915 3344 2067 3400 Seri~

478 3435 673 3492 bamus
708 3438 944 3506 primum
974 3439 1240 3494 circulum
1282 3441 1336 3493 in
1368 3448 1514 3495 terra
1562 3439 1681 3495 loco
1712 3439 1896 3510 plano,
1926 3447 1984 3493 et
2012 3438 2069 3491 in

477 3534 681 3597 puncto
715 3526 831 3596 ejus
870 3529 1202 3585 sciotherum
1250 3544 1531 3601 ponemus,
1567 3528 1724 3598 cujus
1774 3530 1964 3584 umbra
2012 3537 2071 3583 et

476 3614 619 3669 intra
649 3616 915 3672 circulum
944 3618 1238 3688 aliquando
1264 3627 1444 3685 exeat,
1477 3628 1531 3675 et
1564 3619 1853 3689 aliquando
1882 3618 2068 3672 intret.

477 3705 697 3761 Certum
724 3716 808 3762 est
829 3709 975 3765 enim
1015 3717 1123 3764 tam
1167 3710 1399 3767 orientis
1428 3725 1590 3782 quam
1620 3708 1920 3766 occidentis
1950 3724 2070 3763 mn-

478 3782 605 3853 bras
636 3796 1065 3868 dcpreheudere.
1095 3802 1459 3857 Attendemus
1491 3802 1676 3872 igitur,
1708 3800 2063 3872 quemadmo-

477 3885 604 3939 dum
652 3902 682 3940 a
724 3888 901 3958 primo
932 3878 1071 3945 solis.
1090 3901 1214 3947 ortu
1258 3892 1449 3948 umbra
1494 3892 1834 3949 cohibeatur.
1865 3890 2068 3946 Deinde

410 4010 415 4015 -
478 3990 600 4036 Cum
649 3978 715 4032 ad
761 3980 950 4037 circuli
1008 3981 1206 4038 lineam
1245 3983 1575 4053 pervenerit,
1604 3982 1915 4041 notabimus
1940 3996 2065 4037 eum

555 4154 597 4225 (ι
608 4154 662 4225 '5)
680 4153 883 4213 Textus
902 4156 1058 4228 hujus
1072 4158 1266 4227 capitis
1278 4158 1632 4229 perturbatus
1653 4166 1707 4214 et
1723 4157 1987 4214 obscurus
1998 4165 2103 4215 est.

2168 559 2308 599 mus.
2338 544 2548 601 Notatis
2578 559 2708 617 ergo
2743 546 2954 602 duabus
2995 545 3186 602 circuli
3220 545 3464 616 partibus
3488 547 3749 601 intrantis

2167 624 2371 688 umbra
2411 643 2467 689 et
2493 636 2744 691 exeuntis
2790 636 2910 692 loco
2956 643 3161 691 rectam
3203 635 3401 691 lineam
3433 651 3463 690 a
3493 637 3651 709 signo
3683 637 3749 690 ad

2165 724 2377 792 signum
2418 724 2874 781 circumferentia:
2901 725 3182 792 ducemus,
3232 735 3288 781 et
3319 725 3559 781 medium
3593 733 3751 779 nota-

2164 811 2366 877 bimus,
2406 828 2504 884 per
2531 829 2692 884 quem
2727 814 2904 895 locum
2940 823 3092 871 recta
3132 815 3279 872 linea
3323 815 3475 871 exire
3511 814 3677 871 debet
3732 829 3760 867 a

2164 914 2366 973 puncto
2401 905 2622 973 circuli;
2659 920 2758 979 per
2783 922 2946 977 quam
2978 907 3176 963 lineam
3218 907 3497 963 cardinem
3546 906 3752 976 dirige—

2166 1004 2310 1075 mus,
2369 1003 2425 1051 et
2478 995 2548 1051 ab
2600 1011 2663 1051 ea
2699 996 3018 1051 normaliter
3063 995 3119 1050 in
3160 1004 3366 1051 rectum
3400 996 3751 1051 'dccumanos

2165 1087 2495 1153 emittemus,
2531 1098 2586 1144 et
2618 1103 2686 1143 ex
2725 1102 3047 1158 quacunque
3087 1087 3204 1158 ejus
3233 1087 3391 1143 linea:
3427 1096 3585 1156 parte
3613 1100 3746 1140 nor-

2165 1175 2379 1230 maliter
2445 1176 2855 1243 invenerimus,
2914 1179 3275 1232 decumanum
3328 1186 3478 1231 recte
3536 1172 3747 1231 consti-

2169 1272 2404 1320 luamus.

2732 1402 2961 1461 CAPUT
3000 1402 3180 1460 XCIV.

2437 1533 2558 1587 Alia
2585 1534 2722 1588 ratio
2746 1534 3098 1590 meridianum
3120 1534 3470 1590 describendi.

2236 1685 2349 1757 (15)
2367 1685 2525 1742 Estet
2538 1686 2643 1742 alia
2657 1703 2715 1742 ra
2723 1687 2928 1759 tio,qua
2942 1687 3117 1743 tribus
3128 1686 3332 1743 umbris
3344 1685 3753 1758 comprehensis

1624 1774 2065 1877 adleﬂés'usque
2097 1803 2140 1862 η
2168 1774 2525 1831 meridianum
2572 1776 2965 1845 describemus.
2998 1775 3059 1831 In
3091 1776 3211 1832 loco
3229 1775 3391 1847 plano
3417 1789 3748 1845 gnomonem

2171 1863 2562 1920 constituemus
2606 1882 2639 1920 a
2682 1865 2734 1933 b,
2780 1873 2836 1921 et
2860 1865 3083 1922 umbras
3126 1864 3243 1936 ejus
3274 1874 3387 1921 tres
3409 1864 3756 1921 enotabimus

2170 1968 2196 2005 ε
2220 1951 2249 2005 b
2271 1969 2319 2008 ε.
2348 1952 2459 2008 Has
2483 1954 2704 2011 umbras
2726 1955 3043 2011 normaliter
3069 1951 3621 2026 eomprehendemus;
3647 1966 3755 2020 qua

2168 2042 2455 2099 latitudine
2483 2042 2651 2102 altera
2690 2043 2759 2101 ab
2798 2043 2971 2100 altera
2998 2045 3224 2102 distent.
3265 2044 3322 2100 Si
3358 2052 3545 2101 autem
3588 2043 3757 2097 meri~

2169 2135 2311 2190 diem
2339 2135 2758 2204 constituamus,
2798 2136 2974 2208 prima
3019 2137 3212 2193 umbra
3261 2137 3366 2193 erit
3412 2135 3752 2207 longissima.

2169 2227 2225 2284 Si
2262 2239 2385 2300 post
2419 2230 2725 2298 meridiem,
2768 2230 3083 2286 novissima.
3132 2228 3243 2285 Has
3285 2228 3480 2284 deinde
3531 2226 3757 2281 umbras

2165 2322 2517 2392 proportione
2542 2322 2612 2377 ad
2635 2320 3130 2396 multiplicationem
3157 2321 3212 2379 in
3255 2319 3438 2376 tabula
3462 2316 3754 2374 describe-

2126 2438 2129 2441 -
2170 2428 2310 2479 mus,
2336 2422 2393 2469 et
2421 2413 2503 2470 sic
2532 2414 2586 2469 in
2617 2422 2817 2469 terram
2856 2413 3216 2470 servabimus.
3258 2411 3380 2468 Stat
3423 2412 3590 2483 igitur
3618 2424 3756 2480 gno-

2166 2519 2292 2560 mon
2320 2522 2352 2559 a
2379 2504 2408 2559 ὁ
2438 2503 2663 2574 planitie
2691 2505 2740 2560 ὁ.
2773 2502 3047 2560 Tollamus
3093 2502 3387 2559 maximam
3415 2502 3671 2556 umbram
3700 2499 3755 2554 in

2169 2593 2418 2663 planitie,
2447 2603 2700 2650 notemus
2724 2594 2879 2665 signo
2904 2594 2961 2648 ά.
3006 2592 3099 2649 Sic
3129 2601 3185 2648 et
3212 2600 3411 2647 terram
3439 2591 3596 2660 signo
3618 2605 3668 2655 e,
3697 2596 3758 2642 ut

2167 2685 2277 2740 sint
2306 2685 2361 2739 in
2389 2686 2505 2741 vasi
2547 2686 2899 2757 proportione
2926 2683 3280 2757 longitudinis
3315 2683 3436 2738 sine
3466 2680 3495 2737 ὁ
3519 2697 3547 2735 ε
3575 2680 3611 2733 d
3647 2696 3677 2734 ο
3704 2695 3754 2744 e,

2166 2789 2516 2831 numeramus
2551 2775 2918 2846 hypotenusas
2957 2788 3027 2828 ex
3055 2789 3105 2838 c,
3141 2772 3195 2828 in
3222 2788 3279 2838 a,
3313 2779 3371 2826 et
3412 2784 3482 2824 ex
3523 2769 3558 2822 ά
3596 2767 3653 2824 in
3683 2782 3755 2832 a;

2167 2880 2310 2924 nunc
2337 2874 2540 2938 puncto
2563 2882 2596 2920 a
2626 2874 2683 2921 et
2708 2862 2997 2922 intervallo
3023 2880 3051 2919 ε
3074 2861 3338 2922 circulum
3366 2858 3682 2917 scribimus.

496 4337 3731 4379 Μ

1697 4509 2659 4666 GERBERTI

1011 4845 1784 4979 EPISTOLA
1861 4844 2071 4973 AD

2166 4848 3235 4978 ADELBOLDUM
