  <div class='ocr_page' id='page_1' title='image "/cluster/home/n/w/nwhite01/storage/ocr_20150623/139/hvd.32044015471782/082.png"; bbox 0 0 3986 5444; ppageno 0'>
   <div class='ocr_carea' id='block_1_1' title="bbox 160 387 2610 467">
    <p class='ocr_par' dir='ltr' id='par_1_1' title="bbox 160 387 2610 467">
     <span class='ocr_line' id='line_1_1' title="bbox 160 387 2610 467; baseline -0.01 0"><span class='ocrx_word' id='word_1_1' title='bbox 160 411 253 467; x_wconf 71' lang='grc'><strong>155</strong></span> <span class='ocrx_word' id='word_1_2' title='bbox 834 402 924 456; x_wconf 85' lang='lat' dir='ltr'><strong>DE</strong></span> <span class='ocrx_word' id='word_1_3' title='bbox 954 397 1178 456; x_wconf 75' lang='lat' dir='ltr'><strong>CAUSA</strong></span> <span class='ocrx_word' id='word_1_4' title='bbox 1203 391 1541 453; x_wconf 79' lang='lat' dir='ltr'><strong>DIVERSIT.</strong></span> <span class='ocrx_word' id='word_1_5' title='bbox 1570 390 1825 447; x_wconf 75' lang='lat' dir='ltr'><strong>ABEAR.</strong></span> <span class='ocrx_word' id='word_1_6' title='bbox 1853 390 1918 444; x_wconf 81' lang='lat' dir='ltr'><strong>IN</strong></span> <span class='ocrx_word' id='word_1_7' title='bbox 1942 387 2245 444; x_wconf 77' lang='lat' dir='ltr'><strong>TRIGONO</strong></span> <span class='ocrx_word' id='word_1_8' title='bbox 2269 388 2610 455; x_wconf 64' lang='lat' dir='ltr'><strong>EQUILAT.</strong></span> 
     </span>
    </p>
   </div>
   <div class='ocr_carea' id='block_1_2' title="bbox 3312 384 3412 439">
    <p class='ocr_par' dir='ltr' id='par_1_2' title="bbox 3312 384 3412 439">
     <span class='ocr_line' id='line_1_2' title="bbox 3312 384 3412 439; baseline 0 0"><span class='ocrx_word' id='word_1_9' title='bbox 3312 384 3412 439; x_wconf 66' lang='grc'><strong>154</strong></span> 
     </span>
    </p>
   </div>
   <div class='ocr_carea' id='block_1_3' title="bbox 160 513 1742 600">
    <p class='ocr_par' dir='ltr' id='par_1_3' title="bbox 160 513 1736 593">
     <span class='ocr_line' id='line_1_3' title="bbox 160 513 1736 593; baseline -0.011 -10"><span class='ocrx_word' id='word_1_10' title='bbox 160 532 285 584; x_wconf 84' lang='lat' dir='ltr'><strong>latus</strong></span> <span class='ocrx_word' id='word_1_11' title='bbox 309 524 379 579; x_wconf 83' lang='lat'><strong>50</strong></span> <span class='ocrx_word' id='word_1_12' title='bbox 404 522 629 593; x_wconf 85' lang='lat' dir='ltr'><strong>pedum,</strong></span> <span class='ocrx_word' id='word_1_13' title='bbox 659 521 909 574; x_wconf 86' lang='lat' dir='ltr'><strong>cathctus</strong></span> <span class='ocrx_word' id='word_1_14' title='bbox 932 517 1021 583; x_wconf 73' lang='lat'><strong>26,</strong></span> <span class='ocrx_word' id='word_1_15' title='bbox 1066 516 1358 573; x_wconf 89' lang='lat' dir='ltr'><strong>secundum</strong></span> <span class='ocrx_word' id='word_1_16' title='bbox 1396 513 1736 570; x_wconf 74' lang='lat' dir='ltr'><strong>collationem</strong></span> 
     </span>
    </p>
   </div>
   <div class='ocr_carea' id='block_1_4' title="bbox 1850 513 3417 600">
    <p class='ocr_par' dir='ltr' id='par_1_4' title="bbox 1850 521 3417 600">
     <span class='ocr_line' id='line_1_4' title="bbox 1850 521 3417 600; baseline -0.01 -14"><span class='ocrx_word' id='word_1_17' title='bbox 1850 547 1983 586; x_wconf 92' lang='lat' dir='ltr'><strong>mus.</strong></span> <span class='ocrx_word' id='word_1_18' title='bbox 2013 532 2215 585; x_wconf 86' lang='lat' dir='ltr'><strong>Eorum</strong></span> <span class='ocrx_word' id='word_1_19' title='bbox 2249 538 2725 600; x_wconf 89' lang='lat' dir='ltr'><strong>qnantamcunque</strong></span> <span class='ocrx_word' id='word_1_20' title='bbox 2747 532 2956 597; x_wconf 88' lang='lat' dir='ltr'><strong>partem</strong></span> <span class='ocrx_word' id='word_1_21' title='bbox 2982 523 3225 591; x_wconf 85' lang='lat' dir='ltr'><strong>trigonus</strong></span> <span class='ocrx_word' id='word_1_22' title='bbox 3253 521 3417 574; x_wconf 78' lang='lat' dir='ltr'><strong>attin-</strong></span> 
     </span>
    </p>
   </div>
   <div class='ocr_carea' id='block_1_5' title="bbox 133 606 1733 686">
    <p class='ocr_par' dir='ltr' id='par_1_5' title="bbox 133 606 1733 686">
     <span class='ocr_line' id='line_1_5' title="bbox 133 606 1733 686; baseline -0.011 -12"><span class='ocrx_word' id='word_1_23' title='bbox 133 617 332 683; x_wconf 77' lang='lat' dir='ltr'><strong>;lateris</strong></span> <span class='ocrx_word' id='word_1_24' title='bbox 361 625 417 667; x_wconf 89' lang='lat' dir='ltr'><strong>et</strong></span> <span class='ocrx_word' id='word_1_25' title='bbox 443 611 649 668; x_wconf 82' lang='lat' dir='ltr'><strong>catheti</strong></span> <span class='ocrx_word' id='word_1_26' title='bbox 677 626 805 665; x_wconf 88' lang='lat' dir='ltr'><strong>area</strong></span> <span class='ocrx_word' id='word_1_27' title='bbox 832 610 959 665; x_wconf 81' lang='lat'><strong>590.</strong></span> <span class='ocrx_word' id='word_1_28' title='bbox 996 608 1148 663; x_wconf 85' lang='lat' dir='ltr'><strong>Hunc</strong></span> <span class='ocrx_word' id='word_1_29' title='bbox 1181 608 1429 686; x_wconf 85' lang='lat' dir='ltr'><strong>eumdem</strong></span> <span class='ocrx_word' id='word_1_30' title='bbox 1463 606 1733 675; x_wconf 78' lang='lat' dir='ltr'><strong>trigonum</strong></span> 
     </span>
    </p>
   </div>
   <div class='ocr_carea' id='block_1_6' title="bbox 162 700 1735 777">
    <p class='ocr_par' dir='ltr' id='par_1_6' title="bbox 162 700 1735 777">
     <span class='ocr_line' id='line_1_6' title="bbox 162 700 1735 777; baseline -0.01 -10"><span class='ocrx_word' id='word_1_31' title='bbox 162 712 199 767; x_wconf 90' lang='lat' dir='ltr'><strong>si</strong></span> <span class='ocrx_word' id='word_1_32' title='bbox 229 708 431 777; x_wconf 80' lang='lat' dir='ltr'><strong>absque</strong></span> <span class='ocrx_word' id='word_1_33' title='bbox 484 704 697 759; x_wconf 79' lang='lat' dir='ltr'><strong>ratione</strong></span> <span class='ocrx_word' id='word_1_34' title='bbox 741 703 946 757; x_wconf 87' lang='lat' dir='ltr'><strong>catheti</strong></span> <span class='ocrx_word' id='word_1_35' title='bbox 998 701 1290 757; x_wconf 89' lang='lat' dir='ltr'><strong>secundum</strong></span> <span class='ocrx_word' id='word_1_36' title='bbox 1335 700 1735 755; x_wconf 91' lang='lat' dir='ltr'><strong>arithmeticam</strong></span> 
     </span>
    </p>
   </div>
   <div class='ocr_carea' id='block_1_7' title="bbox 164 790 1739 872">
    <p class='ocr_par' dir='ltr' id='par_1_7' title="bbox 164 790 1739 872">
     <span class='ocr_line' id='line_1_7' title="bbox 164 790 1739 872; baseline -0.01 -15"><span class='ocrx_word' id='word_1_37' title='bbox 164 800 386 872; x_wconf 80' lang='lat' dir='ltr'><strong>regulam</strong></span> <span class='ocrx_word' id='word_1_38' title='bbox 418 796 689 861; x_wconf 79' lang='lat' dir='ltr'><strong>metiaris,</strong></span> <span class='ocrx_word' id='word_1_39' title='bbox 709 796 788 849; x_wconf 84' lang='lat' dir='ltr'><strong>sic</strong></span> <span class='ocrx_word' id='word_1_40' title='bbox 811 804 869 848; x_wconf 93' lang='lat' dir='ltr'><strong>ut</strong></span> <span class='ocrx_word' id='word_1_41' title='bbox 896 794 1036 847; x_wconf 90' lang='lat' dir='ltr'><strong>latus</strong></span> <span class='ocrx_word' id='word_1_42' title='bbox 1060 808 1221 847; x_wconf 92' lang='lat' dir='ltr'><strong>unum</strong></span> <span class='ocrx_word' id='word_1_43' title='bbox 1248 792 1299 845; x_wconf 94' lang='lat' dir='ltr'><strong>in</strong></span> <span class='ocrx_word' id='word_1_44' title='bbox 1332 806 1390 845; x_wconf 90' lang='lat' dir='ltr'><strong>se</strong></span> <span class='ocrx_word' id='word_1_45' title='bbox 1418 790 1739 859; x_wconf 88' lang='lat' dir='ltr'><strong>multiplice-</strong></span> 
     </span>
    </p>
   </div>
   <div class='ocr_carea' id='block_1_8' title="bbox 163 880 1737 961">
    <p class='ocr_par' dir='ltr' id='par_1_8' title="bbox 163 880 1737 961">
     <span class='ocr_line' id='line_1_8' title="bbox 163 880 1737 961; baseline -0.011 -9"><span class='ocrx_word' id='word_1_46' title='bbox 163 907 241 952; x_wconf 86' lang='lat' dir='ltr'><strong>tur</strong></span> <span class='ocrx_word' id='word_1_47' title='bbox 265 894 427 961; x_wconf 90' lang='lat' dir='ltr'><strong>eique</strong></span> <span class='ocrx_word' id='word_1_48' title='bbox 472 886 906 957; x_wconf 88' lang='lat' dir='ltr'><strong>multiplicationi</strong></span> <span class='ocrx_word' id='word_1_49' title='bbox 952 884 1137 939; x_wconf 89' lang='lat' dir='ltr'><strong>lateris</strong></span> <span class='ocrx_word' id='word_1_50' title='bbox 1169 884 1327 938; x_wconf 90' lang='lat' dir='ltr'><strong>unius</strong></span> <span class='ocrx_word' id='word_1_51' title='bbox 1356 896 1616 935; x_wconf 89' lang='lat' dir='ltr'><strong>numerus</strong></span> <span class='ocrx_word' id='word_1_52' title='bbox 1646 880 1737 934; x_wconf 83' lang='lat' dir='ltr'><strong>ad-</strong></span> 
     </span>
    </p>
   </div>
   <div class='ocr_carea' id='block_1_9' title="bbox 159 972 1741 1057">
    <p class='ocr_par' dir='ltr' id='par_1_9' title="bbox 159 972 1741 1057">
     <span class='ocr_line' id='line_1_9' title="bbox 159 972 1741 1057; baseline -0.011 -16"><span class='ocrx_word' id='word_1_53' title='bbox 159 988 383 1057; x_wconf 81' lang='lat' dir='ltr'><strong>jiciatur,</strong></span> <span class='ocrx_word' id='word_1_54' title='bbox 423 991 484 1037; x_wconf 89' lang='lat' dir='ltr'><strong>et</strong></span> <span class='ocrx_word' id='word_1_55' title='bbox 512 997 581 1036; x_wconf 78' lang='lat' dir='ltr'><strong>ex</strong></span> <span class='ocrx_word' id='word_1_56' title='bbox 623 981 723 1035; x_wconf 89' lang='lat' dir='ltr'><strong>hac</strong></span> <span class='ocrx_word' id='word_1_57' title='bbox 764 992 974 1034; x_wconf 89' lang='lat' dir='ltr'><strong>summa</strong></span> <span class='ocrx_word' id='word_1_58' title='bbox 1018 977 1279 1031; x_wconf 80' lang='lat' dir='ltr'><strong>medietas</strong></span> <span class='ocrx_word' id='word_1_59' title='bbox 1323 982 1588 1036; x_wconf 86' lang='lat' dir='ltr'><strong>sumatur,</strong></span> <span class='ocrx_word' id='word_1_60' title='bbox 1636 972 1741 1027; x_wconf 86' lang='lat' dir='ltr'><strong>erit</strong></span> 
     </span>
    </p>
   </div>
   <div class='ocr_carea' id='block_1_10' title="bbox 165 1064 1737 1138">
    <p class='ocr_par' dir='ltr' id='par_1_10' title="bbox 165 1064 1737 1138">
     <span class='ocr_line' id='line_1_10' title="bbox 165 1064 1737 1138; baseline -0.009 -7"><span class='ocrx_word' id='word_1_61' title='bbox 165 1091 277 1131; x_wconf 85' lang='lat' dir='ltr'><strong>area</strong></span> <span class='ocrx_word' id='word_1_62' title='bbox 310 1072 443 1126; x_wconf 62' lang='lat' dir='ltr'><strong>L62.</strong></span> <span class='ocrx_word' id='word_1_63' title='bbox 490 1070 725 1124; x_wconf 75' lang='lat' dir='ltr'><strong>Videsne</strong></span> <span class='ocrx_word' id='word_1_64' title='bbox 773 1067 1009 1138; x_wconf 86' lang='lat' dir='ltr'><strong>qualiter</strong></span> <span class='ocrx_word' id='word_1_65' title='bbox 1038 1067 1121 1122; x_wconf 70' lang='lat' dir='ltr'><strong>hze</strong></span> <span class='ocrx_word' id='word_1_66' title='bbox 1149 1066 1266 1120; x_wconf 62' lang='lat' dir='ltr'><strong>dna!</strong></span> <span class='ocrx_word' id='word_1_67' title='bbox 1295 1064 1495 1135; x_wconf 65' lang='lat' dir='ltr'><strong>regulae</strong></span> <span class='ocrx_word' id='word_1_68' title='bbox 1526 1064 1737 1119; x_wconf 87' lang='lat' dir='ltr'><strong>dissen-</strong></span> 
     </span>
    </p>
   </div>
   <div class='ocr_carea' id='block_1_11' title="bbox 163 1159 1737 1228">
    <p class='ocr_par' dir='ltr' id='par_1_11' title="bbox 163 1159 1737 1228">
     <span class='ocr_line' id='line_1_11' title="bbox 163 1159 1737 1228; baseline -0.006 -7"><span class='ocrx_word' id='word_1_69' title='bbox 163 1166 320 1221; x_wconf 82' lang='lat' dir='ltr'><strong>tiant?</strong></span> <span class='ocrx_word' id='word_1_70' title='bbox 353 1164 466 1216; x_wconf 84' lang='lat' dir='ltr'><strong>Sed</strong></span> <span class='ocrx_word' id='word_1_71' title='bbox 498 1172 553 1215; x_wconf 87' lang='lat' dir='ltr'><strong>et</strong></span> <span class='ocrx_word' id='word_1_72' title='bbox 582 1163 675 1216; x_wconf 86' lang='lat' dir='ltr'><strong>illa</strong></span> <span class='ocrx_word' id='word_1_73' title='bbox 702 1159 1122 1228; x_wconf 83' lang='lat' dir='ltr'><strong>geometricalis,</strong></span> <span class='ocrx_word' id='word_1_74' title='bbox 1165 1174 1286 1228; x_wconf 82' lang='lat' dir='ltr'><strong>quae</strong></span> <span class='ocrx_word' id='word_1_75' title='bbox 1326 1173 1424 1227; x_wconf 90' lang='lat' dir='ltr'><strong>per</strong></span> <span class='ocrx_word' id='word_1_76' title='bbox 1470 1159 1737 1212; x_wconf 89' lang='lat' dir='ltr'><strong>rationem</strong></span> 
     </span>
    </p>
   </div>
   <div class='ocr_carea' id='block_1_12' title="bbox 164 1242 1741 1323">
    <p class='ocr_par' dir='ltr' id='par_1_12' title="bbox 164 1242 1741 1323">
     <span class='ocr_line' id='line_1_12' title="bbox 164 1242 1741 1323; baseline -0.005 -12"><span class='ocrx_word' id='word_1_77' title='bbox 164 1242 579 1313; x_wconf 43' lang='lat' dir='ltr'><strong>catheti‘ar‘e’atﬁ</strong></span> <span class='ocrx_word' id='word_1_78' title='bbox 604 1255 657 1308; x_wconf 92' lang='lat' dir='ltr'><strong>in</strong></span> <span class='ocrx_word' id='word_1_79' title='bbox 685 1253 792 1308; x_wconf 79' lang='lat'><strong>590</strong></span> <span class='ocrx_word' id='word_1_80' title='bbox 819 1253 985 1323; x_wconf 83' lang='lat' dir='ltr'><strong>pedes</strong></span> <span class='ocrx_word' id='word_1_81' title='bbox 1014 1251 1351 1311; x_wconf 87' lang='lat' dir='ltr'><strong>metiebatur.</strong></span> <span class='ocrx_word' id='word_1_82' title='bbox 1378 1250 1633 1305; x_wconf 85' lang='lat' dir='ltr'><strong>subtilius</strong></span> <span class='ocrx_word' id='word_1_83' title='bbox 1655 1257 1741 1304; x_wconf 89' lang='lat' dir='ltr'><strong>est</strong></span> 
     </span>
    </p>
   </div>
   <div class='ocr_carea' id='block_1_13' title="bbox 166 1340 1740 1411">
    <p class='ocr_par' dir='ltr' id='par_1_13' title="bbox 166 1340 1740 1411">
     <span class='ocr_line' id='line_1_13' title="bbox 166 1340 1740 1411; baseline -0.004 -9"><span class='ocrx_word' id='word_1_84' title='bbox 166 1365 191 1403; x_wconf 86' lang='lat' dir='ltr'><strong>a</strong></span> <span class='ocrx_word' id='word_1_85' title='bbox 220 1362 299 1401; x_wconf 89' lang='lat' dir='ltr'><strong>me</strong></span> <span class='ocrx_word' id='word_1_86' title='bbox 320 1348 594 1409; x_wconf 87' lang='lat' dir='ltr'><strong>discussa,</strong></span> <span class='ocrx_word' id='word_1_87' title='bbox 624 1353 679 1399; x_wconf 90' lang='lat' dir='ltr'><strong>et</strong></span> <span class='ocrx_word' id='word_1_88' title='bbox 704 1344 923 1398; x_wconf 87' lang='lat' dir='ltr'><strong>catheto</strong></span> <span class='ocrx_word' id='word_1_89' title='bbox 968 1357 1066 1396; x_wconf 90' lang='lat' dir='ltr'><strong>suo</strong></span> <span class='ocrx_word' id='word_1_90' title='bbox 1109 1356 1214 1395; x_wconf 93' lang='lat' dir='ltr'><strong>non</strong></span> <span class='ocrx_word' id='word_1_91' title='bbox 1245 1340 1347 1394; x_wconf 90' lang='lat' dir='ltr'><strong>nisi</strong></span> <span class='ocrx_word' id='word_1_92' title='bbox 1378 1340 1449 1394; x_wconf 70' lang='lat'><strong>25</strong></span> <span class='ocrx_word' id='word_1_93' title='bbox 1479 1341 1740 1411; x_wconf 84' lang='lat' dir='ltr'><strong>septimas</strong></span> 
     </span>
    </p>
   </div>
   <div class='ocr_carea' id='block_1_14' title="bbox 166 1431 1743 1501">
    <p class='ocr_par' dir='ltr' id='par_1_14' title="bbox 166 1431 1743 1501">
     <span class='ocr_line' id='line_1_14' title="bbox 166 1431 1743 1501; baseline -0.004 -10"><span class='ocrx_word' id='word_1_94' title='bbox 166 1438 310 1492; x_wconf 90' lang='lat' dir='ltr'><strong>unius</strong></span> <span class='ocrx_word' id='word_1_95' title='bbox 334 1437 601 1501; x_wconf 89' lang='lat' dir='ltr'><strong>concedo,</strong></span> <span class='ocrx_word' id='word_1_96' title='bbox 634 1444 692 1489; x_wconf 86' lang='lat' dir='ltr'><strong>et</strong></span> <span class='ocrx_word' id='word_1_97' title='bbox 716 1449 855 1488; x_wconf 69' lang='lat' dir='ltr'><strong>area:</strong></span> <span class='ocrx_word' id='word_1_98' title='bbox 880 1432 986 1489; x_wconf 77' lang='lat'><strong>585</strong></span> <span class='ocrx_word' id='word_1_99' title='bbox 1008 1441 1063 1486; x_wconf 93' lang='lat' dir='ltr'><strong>et</strong></span> <span class='ocrx_word' id='word_1_100' title='bbox 1090 1432 1331 1501; x_wconf 86' lang='lat' dir='ltr'><strong>quinque</strong></span> <span class='ocrx_word' id='word_1_101' title='bbox 1358 1431 1640 1499; x_wconf 82' lang='lat' dir='ltr'><strong>septimas.</strong></span> <span class='ocrx_word' id='word_1_102' title='bbox 1675 1431 1743 1485; x_wconf 85' lang='lat' dir='ltr'><strong>Et</strong></span> 
     </span>
    </p>
   </div>
   <div class='ocr_carea' id='block_1_15' title="bbox 165 1526 1743 1600">
    <p class='ocr_par' dir='ltr' id='par_1_15' title="bbox 165 1526 1743 1600">
     <span class='ocr_line' id='line_1_15' title="bbox 165 1526 1743 1600; baseline -0.003 -16"><span class='ocrx_word' id='word_1_103' title='bbox 165 1531 227 1585; x_wconf 86' lang='lat' dir='ltr'><strong>sit</strong></span> <span class='ocrx_word' id='word_1_104' title='bbox 252 1530 343 1584; x_wconf 85' lang='lat' dir='ltr'><strong>tibi</strong></span> <span class='ocrx_word' id='word_1_105' title='bbox 372 1528 557 1600; x_wconf 83' lang='lat' dir='ltr'><strong>regula</strong></span> <span class='ocrx_word' id='word_1_106' title='bbox 584 1527 908 1582; x_wconf 78' lang='lat' dir='ltr'><strong>universalis</strong></span> <span class='ocrx_word' id='word_1_107' title='bbox 934 1528 987 1582; x_wconf 92' lang='lat' dir='ltr'><strong>in</strong></span> <span class='ocrx_word' id='word_1_108' title='bbox 1017 1526 1164 1581; x_wconf 91' lang='lat' dir='ltr'><strong>omni</strong></span> <span class='ocrx_word' id='word_1_109' title='bbox 1196 1527 1409 1597; x_wconf 87' lang='lat' dir='ltr'><strong>trigono</strong></span> <span class='ocrx_word' id='word_1_110' title='bbox 1429 1526 1743 1596; x_wconf 77' lang='lat' dir='ltr'><strong>tequilatero</strong></span> 
     </span>
    </p>
   </div>
   <div class='ocr_carea' id='block_1_16' title="bbox 166 1615 1741 1687">
    <p class='ocr_par' dir='ltr' id='par_1_16' title="bbox 166 1615 1741 1687">
     <span class='ocr_line' id='line_1_16' title="bbox 166 1615 1741 1687; baseline -0.001 -14"><span class='ocrx_word' id='word_1_111' title='bbox 166 1618 431 1673; x_wconf 86' lang='lat' dir='ltr'><strong>cathetum</strong></span> <span class='ocrx_word' id='word_1_112' title='bbox 488 1618 829 1683; x_wconf 80' lang='lat' dir='ltr'><strong>inveniendi;</strong></span> <span class='ocrx_word' id='word_1_113' title='bbox 865 1631 964 1686; x_wconf 88' lang='lat' dir='ltr'><strong>per</strong></span> <span class='ocrx_word' id='word_1_114' title='bbox 1008 1615 1149 1672; x_wconf 87' lang='lat' dir='ltr'><strong>latus</strong></span> <span class='ocrx_word' id='word_1_115' title='bbox 1196 1631 1411 1687; x_wconf 88' lang='lat' dir='ltr'><strong>semper</strong></span> <span class='ocrx_word' id='word_1_116' title='bbox 1456 1617 1741 1686; x_wconf 85' lang='lat' dir='ltr'><strong>septimam</strong></span> 
     </span>
    </p>
   </div>
   <div class='ocr_carea' id='block_1_17' title="bbox 166 1709 1527 1779">
    <p class='ocr_par' dir='ltr' id='par_1_17' title="bbox 166 1709 1527 1779">
     <span class='ocr_line' id='line_1_17' title="bbox 166 1709 1527 1779; baseline -0.003 -14"><span class='ocrx_word' id='word_1_117' title='bbox 166 1710 325 1775; x_wconf 86' lang='lat' dir='ltr'><strong>deme,</strong></span> <span class='ocrx_word' id='word_1_118' title='bbox 352 1720 409 1764; x_wconf 91' lang='lat' dir='ltr'><strong>et</strong></span> <span class='ocrx_word' id='word_1_119' title='bbox 441 1725 536 1765; x_wconf 77' lang='lat' dir='ltr'><strong>sex</strong></span> <span class='ocrx_word' id='word_1_120' title='bbox 560 1710 803 1779; x_wconf 86' lang='lat' dir='ltr'><strong>reliquas</strong></span> <span class='ocrx_word' id='word_1_121' title='bbox 823 1717 1005 1779; x_wconf 87' lang='lat' dir='ltr'><strong>partes</strong></span> <span class='ocrx_word' id='word_1_122' title='bbox 1032 1709 1246 1763; x_wconf 87' lang='lat' dir='ltr'><strong>catheto</strong></span> <span class='ocrx_word' id='word_1_123' title='bbox 1273 1709 1527 1763; x_wconf 89' lang='lat' dir='ltr'><strong>concede.</strong></span> 
     </span>
    </p>
   </div>
   <div class='ocr_carea' id='block_1_18' title="bbox 226 1796 1740 1869">
    <p class='ocr_par' dir='ltr' id='par_1_18' title="bbox 226 1796 1740 1869">
     <span class='ocr_line' id='line_1_18' title="bbox 226 1796 1740 1869; baseline 0 -16"><span class='ocrx_word' id='word_1_124' title='bbox 226 1799 289 1853; x_wconf 87' lang='lat' dir='ltr'><strong>Et</strong></span> <span class='ocrx_word' id='word_1_125' title='bbox 310 1808 371 1852; x_wconf 95' lang='lat' dir='ltr'><strong>ut</strong></span> <span class='ocrx_word' id='word_1_126' title='bbox 390 1800 537 1869; x_wconf 83' lang='lat' dir='ltr'><strong>quod</strong></span> <span class='ocrx_word' id='word_1_127' title='bbox 565 1799 786 1864; x_wconf 89' lang='lat' dir='ltr'><strong>dicitur,</strong></span> <span class='ocrx_word' id='word_1_128' title='bbox 814 1797 1008 1853; x_wconf 86' lang='lat' dir='ltr'><strong>melius</strong></span> <span class='ocrx_word' id='word_1_129' title='bbox 1038 1796 1324 1867; x_wconf 80' lang='lat' dir='ltr'><strong>intelligas,</strong></span> <span class='ocrx_word' id='word_1_130' title='bbox 1359 1798 1411 1851; x_wconf 93' lang='lat' dir='ltr'><strong>in</strong></span> <span class='ocrx_word' id='word_1_131' title='bbox 1442 1797 1740 1853; x_wconf 89' lang='lat' dir='ltr'><strong>minoribus</strong></span> 
     </span>
    </p>
   </div>
   <div class='ocr_carea' id='block_1_19' title="bbox 166 1870 1816 1961">
    <p class='ocr_par' dir='ltr' id='par_1_19' title="bbox 166 1870 1816 1961">
     <span class='ocr_line' id='line_1_19' title="bbox 166 1870 1816 1961; baseline 0.002 -18"><span class='ocrx_word' id='word_1_132' title='bbox 166 1891 396 1946; x_wconf 83' lang='lat' dir='ltr'><strong>numeris</strong></span> <span class='ocrx_word' id='word_1_133' title='bbox 427 1892 558 1945; x_wconf 89' lang='lat' dir='ltr'><strong>libet</strong></span> <span class='ocrx_word' id='word_1_134' title='bbox 584 1890 1008 1961; x_wconf 79' lang='lat' dir='ltr'><strong>exempliﬁcare.</strong></span> <span class='ocrx_word' id='word_1_135' title='bbox 1040 1892 1118 1945; x_wconf 90' lang='lat' dir='ltr'><strong>Do</strong></span> <span class='ocrx_word' id='word_1_136' title='bbox 1149 1891 1243 1945; x_wconf 88' lang='lat' dir='ltr'><strong>tibi</strong></span> <span class='ocrx_word' id='word_1_137' title='bbox 1275 1891 1543 1960; x_wconf 82' lang='lat' dir='ltr'><strong>trigonum</strong></span> <span class='ocrx_word' id='word_1_138' title='bbox 1578 1891 1630 1945; x_wconf 92' lang='lat' dir='ltr'><strong>in</strong></span> <span class='ocrx_word' id='word_1_139' title='bbox 1661 1892 1739 1947; x_wconf 91' lang='lat' dir='ltr'><strong>la—</strong></span> <span class='ocrx_word' id='word_1_140' title='bbox 1767 1870 1816 1929; x_wconf 78' lang='grc' dir='ltr'><strong>Β</strong></span> 
     </span>
    </p>
   </div>
   <div class='ocr_carea' id='block_1_20' title="bbox 168 1982 1737 2053">
    <p class='ocr_par' dir='ltr' id='par_1_20' title="bbox 168 1982 1737 2053">
     <span class='ocr_line' id='line_1_20' title="bbox 168 1982 1737 2053; baseline 0.003 -18"><span class='ocrx_word' id='word_1_141' title='bbox 168 1992 271 2036; x_wconf 87' lang='lat' dir='ltr'><strong>lere</strong></span> <span class='ocrx_word' id='word_1_142' title='bbox 319 1984 351 2036; x_wconf 89' lang='lat'><strong>7</strong></span> <span class='ocrx_word' id='word_1_143' title='bbox 399 1984 617 2053; x_wconf 87' lang='lat' dir='ltr'><strong>pedum,</strong></span> <span class='ocrx_word' id='word_1_144' title='bbox 678 1984 1070 2053; x_wconf 84' lang='lat' dir='ltr'><strong>longitudinem</strong></span> <span class='ocrx_word' id='word_1_145' title='bbox 1123 1982 1369 2052; x_wconf 82' lang='lat' dir='ltr'><strong>pedalem</strong></span> <span class='ocrx_word' id='word_1_146' title='bbox 1423 1984 1737 2039; x_wconf 87' lang='lat' dir='ltr'><strong>habentem.</strong></span> 
     </span>
    </p>
   </div>
   <div class='ocr_carea' id='block_1_21' title="bbox 166 2071 1742 2143">
    <p class='ocr_par' dir='ltr' id='par_1_21' title="bbox 166 2071 1742 2143">
     <span class='ocr_line' id='line_1_21' title="bbox 166 2071 1742 2143; baseline 0.001 -18"><span class='ocrx_word' id='word_1_147' title='bbox 166 2071 307 2127; x_wconf 81' lang='lat' dir='ltr'><strong>Hune</strong></span> <span class='ocrx_word' id='word_1_148' title='bbox 341 2088 443 2142; x_wconf 90' lang='lat' dir='ltr'><strong>per</strong></span> <span class='ocrx_word' id='word_1_149' title='bbox 471 2072 911 2142; x_wconf 84' lang='lat' dir='ltr'><strong>geometricalem</strong></span> <span class='ocrx_word' id='word_1_150' title='bbox 951 2071 1189 2143; x_wconf 88' lang='lat' dir='ltr'><strong>regulam</strong></span> <span class='ocrx_word' id='word_1_151' title='bbox 1220 2072 1300 2126; x_wconf 90' lang='lat' dir='ltr'><strong>sic</strong></span> <span class='ocrx_word' id='word_1_152' title='bbox 1339 2072 1555 2127; x_wconf 88' lang='lat' dir='ltr'><strong>metior.</strong></span> <span class='ocrx_word' id='word_1_153' title='bbox 1591 2072 1742 2128; x_wconf 91' lang='lat' dir='ltr'><strong>Tolle</strong></span> 
     </span>
    </p>
   </div>
   <div class='ocr_carea' id='block_1_22' title="bbox 166 2162 1739 2231">
    <p class='ocr_par' dir='ltr' id='par_1_22' title="bbox 166 2162 1739 2231">
     <span class='ocr_line' id='line_1_22' title="bbox 166 2162 1739 2231; baseline 0.001 -14"><span class='ocrx_word' id='word_1_154' title='bbox 166 2164 437 2231; x_wconf 82' lang='lat' dir='ltr'><strong>septimam</strong></span> <span class='ocrx_word' id='word_1_155' title='bbox 477 2162 635 2216; x_wconf 86' lang='lat' dir='ltr'><strong>lateri</strong></span> <span class='ocrx_word' id='word_1_156' title='bbox 682 2174 737 2216; x_wconf 92' lang='lat' dir='ltr'><strong>et</strong></span> <span class='ocrx_word' id='word_1_157' title='bbox 781 2162 1075 2228; x_wconf 88' lang='lat' dir='ltr'><strong>senarium,</strong></span> <span class='ocrx_word' id='word_1_158' title='bbox 1120 2162 1211 2231; x_wconf 91' lang='lat' dir='ltr'><strong>qui</strong></span> <span class='ocrx_word' id='word_1_159' title='bbox 1262 2162 1503 2231; x_wconf 88' lang='lat' dir='ltr'><strong>reliquus</strong></span> <span class='ocrx_word' id='word_1_160' title='bbox 1528 2172 1631 2227; x_wconf 91' lang='lat' dir='ltr'><strong>est,</strong></span> <span class='ocrx_word' id='word_1_161' title='bbox 1670 2164 1739 2218; x_wconf 91' lang='lat' dir='ltr'><strong>do</strong></span> 
     </span>
    </p>
   </div>
   <div class='ocr_carea' id='block_1_23' title="bbox 166 2251 1742 2320">
    <p class='ocr_par' dir='ltr' id='par_1_23' title="bbox 166 2251 1742 2320">
     <span class='ocr_line' id='line_1_23' title="bbox 166 2251 1742 2320; baseline 0.004 -16"><span class='ocrx_word' id='word_1_162' title='bbox 166 2252 559 2320; x_wconf 86' lang='lat' dir='ltr'><strong>perpendiculo.</strong></span> <span class='ocrx_word' id='word_1_163' title='bbox 606 2251 711 2305; x_wconf 82' lang='lat' dir='ltr'><strong>Per</strong></span> <span class='ocrx_word' id='word_1_164' title='bbox 741 2252 845 2306; x_wconf 89' lang='lat' dir='ltr'><strong>hoc</strong></span> <span class='ocrx_word' id='word_1_165' title='bbox 892 2252 1034 2305; x_wconf 89' lang='lat' dir='ltr'><strong>latus</strong></span> <span class='ocrx_word' id='word_1_166' title='bbox 1073 2252 1231 2317; x_wconf 91' lang='lat' dir='ltr'><strong>duco,</strong></span> <span class='ocrx_word' id='word_1_167' title='bbox 1276 2261 1329 2307; x_wconf 87' lang='lat' dir='ltr'><strong>et</strong></span> <span class='ocrx_word' id='word_1_168' title='bbox 1374 2254 1742 2311; x_wconf 78' lang='lat' dir='ltr'><strong>dicozsexies</strong></span> 
     </span>
    </p>
   </div>
   <div class='ocr_carea' id='block_1_24' title="bbox 167 2341 1743 2411">
    <p class='ocr_par' dir='ltr' id='par_1_24' title="bbox 167 2341 1743 2411">
     <span class='ocr_line' id='line_1_24' title="bbox 167 2341 1743 2411; baseline 0.002 -16"><span class='ocrx_word' id='word_1_169' title='bbox 167 2352 381 2410; x_wconf 81' lang='lat' dir='ltr'><strong>septem,</strong></span> <span class='ocrx_word' id='word_1_170' title='bbox 407 2343 498 2411; x_wconf 91' lang='lat' dir='ltr'><strong>qui</strong></span> <span class='ocrx_word' id='word_1_171' title='bbox 531 2342 760 2397; x_wconf 84' lang='lat' dir='ltr'><strong>reddunt</strong></span> <span class='ocrx_word' id='word_1_172' title='bbox 780 2341 872 2397; x_wconf 70' lang='grc'><strong>42.</strong></span> <span class='ocrx_word' id='word_1_173' title='bbox 905 2342 981 2397; x_wconf 81' lang='lat' dir='ltr'><strong>Ex</strong></span> <span class='ocrx_word' id='word_1_174' title='bbox 1008 2343 1091 2398; x_wconf 90' lang='lat' dir='ltr'><strong>his</strong></span> <span class='ocrx_word' id='word_1_175' title='bbox 1122 2343 1381 2398; x_wconf 89' lang='lat' dir='ltr'><strong>medietas</strong></span> <span class='ocrx_word' id='word_1_176' title='bbox 1406 2344 1471 2398; x_wconf 73' lang='lat'><strong>21</strong></span> <span class='ocrx_word' id='word_1_177' title='bbox 1506 2359 1630 2400; x_wconf 89' lang='lat' dir='ltr'><strong>area</strong></span> <span class='ocrx_word' id='word_1_178' title='bbox 1659 2353 1743 2400; x_wconf 88' lang='lat' dir='ltr'><strong>est</strong></span> 
     </span>
    </p>
   </div>
   <div class='ocr_carea' id='block_1_25' title="bbox 170 2420 539 2499">
    <p class='ocr_par' dir='ltr' id='par_1_25' title="bbox 170 2420 539 2499">
     <span class='ocr_line' id='line_1_25' title="bbox 170 2420 539 2499; baseline 0.005 -16"><span class='ocrx_word' id='word_1_179' title='bbox 170 2431 284 2484; x_wconf 77' lang='lat' dir='ltr'><strong>dicti</strong></span> <span class='ocrx_word' id='word_1_180' title='bbox 320 2420 539 2499; x_wconf 80' lang='lat' dir='ltr'><strong>trigoni.</strong></span> 
     </span>
    </p>
   </div>
   <div class='ocr_carea' id='block_1_26' title="bbox 230 2544 1741 2618">
    <p class='ocr_par' dir='ltr' id='par_1_26' title="bbox 230 2544 1741 2618">
     <span class='ocr_line' id='line_1_26' title="bbox 230 2544 1741 2618; baseline 0.005 -21"><span class='ocrx_word' id='word_1_181' title='bbox 230 2544 383 2599; x_wconf 83' lang='lat' dir='ltr'><strong>Hunc</strong></span> <span class='ocrx_word' id='word_1_182' title='bbox 411 2546 657 2600; x_wconf 88' lang='lat' dir='ltr'><strong>eumdem</strong></span> <span class='ocrx_word' id='word_1_183' title='bbox 700 2549 971 2618; x_wconf 81' lang='lat' dir='ltr'><strong>trigonum</strong></span> <span class='ocrx_word' id='word_1_184' title='bbox 1010 2549 1054 2603; x_wconf 89' lang='lat' dir='ltr'><strong>si</strong></span> <span class='ocrx_word' id='word_1_185' title='bbox 1105 2563 1198 2618; x_wconf 89' lang='lat' dir='ltr'><strong>per</strong></span> <span class='ocrx_word' id='word_1_186' title='bbox 1227 2550 1623 2605; x_wconf 85' lang='lat' dir='ltr'><strong>arithmeticam</strong></span> <span class='ocrx_word' id='word_1_187' title='bbox 1657 2566 1741 2605; x_wconf 89' lang='lat' dir='ltr'><strong>re-</strong></span> 
     </span>
    </p>
   </div>
   <div class='ocr_carea' id='block_1_27' title="bbox 173 2634 1743 2709">
    <p class='ocr_par' dir='ltr' id='par_1_27' title="bbox 173 2634 1743 2709">
     <span class='ocr_line' id='line_1_27' title="bbox 173 2634 1743 2709; baseline 0.008 -26"><span class='ocrx_word' id='word_1_188' title='bbox 173 2634 341 2702; x_wconf 79' lang='lat' dir='ltr'><strong>gulam</strong></span> <span class='ocrx_word' id='word_1_189' title='bbox 383 2636 642 2699; x_wconf 85' lang='lat' dir='ltr'><strong>metiaris,</strong></span> <span class='ocrx_word' id='word_1_190' title='bbox 694 2646 748 2691; x_wconf 91' lang='lat' dir='ltr'><strong>et</strong></span> <span class='ocrx_word' id='word_1_191' title='bbox 797 2638 987 2691; x_wconf 89' lang='lat' dir='ltr'><strong>dicas:</strong></span> <span class='ocrx_word' id='word_1_192' title='bbox 1020 2640 1221 2708; x_wconf 89' lang='lat' dir='ltr'><strong>septies</strong></span> <span class='ocrx_word' id='word_1_193' title='bbox 1252 2648 1480 2709; x_wconf 88' lang='lat' dir='ltr'><strong>septem,</strong></span> <span class='ocrx_word' id='word_1_194' title='bbox 1518 2649 1576 2694; x_wconf 92' lang='lat' dir='ltr'><strong>ut</strong></span> <span class='ocrx_word' id='word_1_195' title='bbox 1609 2641 1743 2695; x_wconf 84' lang='lat' dir='ltr'><strong>ﬁant</strong></span> 
     </span>
    </p>
   </div>
   <div class='ocr_carea' id='block_1_28' title="bbox 172 2727 1741 2802">
    <p class='ocr_par' dir='ltr' id='par_1_28' title="bbox 172 2727 1741 2802">
     <span class='ocr_line' id='line_1_28' title="bbox 172 2727 1741 2802; baseline 0.005 -22"><span class='ocrx_word' id='word_1_196' title='bbox 172 2727 249 2792; x_wconf 65' lang='lat'><strong>49,</strong></span> <span class='ocrx_word' id='word_1_197' title='bbox 297 2727 545 2799; x_wconf 89' lang='lat' dir='ltr'><strong>latusque</strong></span> <span class='ocrx_word' id='word_1_198' title='bbox 592 2730 817 2799; x_wconf 89' lang='lat' dir='ltr'><strong>adjicias</strong></span> <span class='ocrx_word' id='word_1_199' title='bbox 850 2738 911 2784; x_wconf 85' lang='lat' dir='ltr'><strong>ut</strong></span> <span class='ocrx_word' id='word_1_200' title='bbox 952 2732 1059 2785; x_wconf 91' lang='lat' dir='ltr'><strong>sint</strong></span> <span class='ocrx_word' id='word_1_201' title='bbox 1085 2731 1174 2797; x_wconf 85' lang='lat'><strong>56,</strong></span> <span class='ocrx_word' id='word_1_202' title='bbox 1222 2732 1556 2802; x_wconf 73' lang='lat' dir='ltr'><strong>rlividasque,</strong></span> <span class='ocrx_word' id='word_1_203' title='bbox 1587 2743 1644 2787; x_wconf 93' lang='lat' dir='ltr'><strong>ut</strong></span> <span class='ocrx_word' id='word_1_204' title='bbox 1673 2734 1741 2788; x_wconf 90' lang='lat' dir='ltr'><strong>ad</strong></span> 
     </span>
    </p>
   </div>
   <div class='ocr_carea' id='block_1_29' title="bbox 174 2820 1741 2895">
    <p class='ocr_par' dir='ltr' id='par_1_29' title="bbox 174 2820 1741 2895">
     <span class='ocr_line' id='line_1_29' title="bbox 174 2820 1741 2895; baseline 0.006 -26"><span class='ocrx_word' id='word_1_205' title='bbox 174 2832 342 2871; x_wconf 83' lang='lat' dir='ltr'><strong>aream</strong></span> <span class='ocrx_word' id='word_1_206' title='bbox 381 2820 685 2887; x_wconf 82' lang='lat' dir='ltr'><strong>pervenias,</strong></span> <span class='ocrx_word' id='word_1_207' title='bbox 737 2820 809 2876; x_wconf 74' lang='lat'><strong>28</strong></span> <span class='ocrx_word' id='word_1_208' title='bbox 860 2821 1122 2877; x_wconf 78' lang='lat' dir='ltr'><strong>invenies.</strong></span> <span class='ocrx_word' id='word_1_209' title='bbox 1166 2823 1306 2879; x_wconf 86' lang='lat' dir='ltr'><strong>Ecce</strong></span> <span class='ocrx_word' id='word_1_210' title='bbox 1334 2824 1412 2878; x_wconf 91' lang='lat' dir='ltr'><strong>sic</strong></span> <span class='ocrx_word' id='word_1_211' title='bbox 1444 2824 1495 2877; x_wconf 91' lang='lat' dir='ltr'><strong>in</strong></span> <span class='ocrx_word' id='word_1_212' title='bbox 1529 2824 1741 2895; x_wconf 83' lang='lat' dir='ltr'><strong>trigono</strong></span> 
     </span>
    </p>
   </div>
   <div class='ocr_carea' id='block_1_30' title="bbox 175 2906 1740 2983">
    <p class='ocr_par' dir='ltr' id='par_1_30' title="bbox 175 2906 1740 2983">
     <span class='ocr_line' id='line_1_30' title="bbox 175 2906 1740 2983; baseline 0.007 -25"><span class='ocrx_word' id='word_1_213' title='bbox 175 2906 320 2960; x_wconf 90' lang='lat' dir='ltr'><strong>unius</strong></span> <span class='ocrx_word' id='word_1_214' title='bbox 350 2910 734 2979; x_wconf 71' lang='lat' dir='ltr'><strong>magnitudinis</strong></span> <span class='ocrx_word' id='word_1_215' title='bbox 781 2911 1011 2966; x_wconf 65' lang='lat' dir='ltr'><strong>diversa:</strong></span> <span class='ocrx_word' id='word_1_216' title='bbox 1061 2921 1187 2968; x_wconf 89' lang='lat' dir='ltr'><strong>sunt</strong></span> <span class='ocrx_word' id='word_1_217' title='bbox 1228 2928 1403 2978; x_wconf 84' lang='lat' dir='ltr'><strong>areae,</strong></span> <span class='ocrx_word' id='word_1_218' title='bbox 1451 2915 1592 2983; x_wconf 89' lang='lat' dir='ltr'><strong>quod</strong></span> <span class='ocrx_word' id='word_1_219' title='bbox 1623 2915 1740 2969; x_wconf 81' lang='lat' dir='ltr'><strong>ﬁeri</strong></span> 
     </span>
    </p>
   </div>
   <div class='ocr_carea' id='block_1_31' title="bbox 175 2999 369 3065">
    <p class='ocr_par' dir='ltr' id='par_1_31' title="bbox 175 2999 369 3065">
     <span class='ocr_line' id='line_1_31' title="bbox 175 2999 369 3065; baseline 0.01 -16"><span class='ocrx_word' id='word_1_220' title='bbox 175 2999 369 3065; x_wconf 86' lang='lat' dir='ltr'><strong>nequit.</strong></span> 
     </span>
    </p>
   </div>
   <div class='ocr_carea' id='block_1_32' title="bbox 239 3088 1741 3167">
    <p class='ocr_par' dir='ltr' id='par_1_32' title="bbox 239 3088 1741 3167">
     <span class='ocr_line' id='line_1_32' title="bbox 239 3088 1741 3167; baseline 0.008 -26"><span class='ocrx_word' id='word_1_221' title='bbox 239 3088 341 3142; x_wconf 87' lang='lat' dir='ltr'><strong>Sed</strong></span> <span class='ocrx_word' id='word_1_222' title='bbox 373 3104 440 3143; x_wconf 90' lang='lat' dir='ltr'><strong>ne</strong></span> <span class='ocrx_word' id='word_1_223' title='bbox 474 3090 675 3147; x_wconf 83' lang='lat' dir='ltr'><strong>diutius</strong></span> <span class='ocrx_word' id='word_1_224' title='bbox 715 3095 968 3160; x_wconf 87' lang='lat' dir='ltr'><strong>moreris,</strong></span> <span class='ocrx_word' id='word_1_225' title='bbox 1000 3111 1216 3150; x_wconf 87' lang='lat' dir='ltr'><strong>causam</strong></span> <span class='ocrx_word' id='word_1_226' title='bbox 1255 3097 1587 3152; x_wconf 76' lang='lat' dir='ltr'><strong>diversitatis</strong></span> <span class='ocrx_word' id='word_1_227' title='bbox 1614 3112 1741 3167; x_wconf 90' lang='lat' dir='ltr'><strong>ape-</strong></span> 
     </span>
    </p>
   </div>
   <div class='ocr_carea' id='block_1_33' title="bbox 177 3174 1740 3259">
    <p class='ocr_par' dir='ltr' id='par_1_33' title="bbox 177 3174 1740 3259">
     <span class='ocr_line' id='line_1_33' title="bbox 177 3174 1740 3259; baseline 0.01 -32"><span class='ocrx_word' id='word_1_228' title='bbox 177 3174 321 3229; x_wconf 87' lang='lat' dir='ltr'><strong>riam.</strong></span> <span class='ocrx_word' id='word_1_229' title='bbox 358 3178 553 3233; x_wconf 84' lang='lat' dir='ltr'><strong>Notum</strong></span> <span class='ocrx_word' id='word_1_230' title='bbox 600 3184 692 3237; x_wconf 89' lang='lat' dir='ltr'><strong>tibi</strong></span> <span class='ocrx_word' id='word_1_231' title='bbox 733 3200 853 3239; x_wconf 89' lang='lat' dir='ltr'><strong>esse</strong></span> <span class='ocrx_word' id='word_1_232' title='bbox 897 3187 1059 3241; x_wconf 91' lang='lat' dir='ltr'><strong>credo</strong></span> <span class='ocrx_word' id='word_1_233' title='bbox 1101 3189 1193 3256; x_wconf 87' lang='lat' dir='ltr'><strong>qui</strong></span> <span class='ocrx_word' id='word_1_234' title='bbox 1237 3189 1400 3257; x_wconf 88' lang='lat' dir='ltr'><strong>pedes</strong></span> <span class='ocrx_word' id='word_1_235' title='bbox 1448 3188 1615 3259; x_wconf 82' lang='lat' dir='ltr'><strong>longi,</strong></span> <span class='ocrx_word' id='word_1_236' title='bbox 1646 3189 1740 3259; x_wconf 89' lang='lat' dir='ltr'><strong>qui</strong></span> 
     </span>
    </p>
   </div>
   <div class='ocr_carea' id='block_1_34' title="bbox 1839 613 3417 691">
    <p class='ocr_par' dir='ltr' id='par_1_34' title="bbox 1839 613 3417 691">
     <span class='ocr_line' id='line_1_34' title="bbox 1839 613 3417 691; baseline -0.006 -17"><span class='ocrx_word' id='word_1_237' title='bbox 1839 632 1948 691; x_wconf 82' lang='lat' dir='ltr'><strong>gat,</strong></span> <span class='ocrx_word' id='word_1_238' title='bbox 1979 620 2389 675; x_wconf 86' lang='lat' dir='ltr'><strong>arithmeticalis</strong></span> <span class='ocrx_word' id='word_1_239' title='bbox 2420 619 2603 689; x_wconf 85' lang='lat' dir='ltr'><strong>regula</strong></span> <span class='ocrx_word' id='word_1_240' title='bbox 2627 634 2720 673; x_wconf 92' lang='lat' dir='ltr'><strong>eos</strong></span> <span class='ocrx_word' id='word_1_241' title='bbox 2746 631 2843 688; x_wconf 90' lang='lat' dir='ltr'><strong>pro</strong></span> <span class='ocrx_word' id='word_1_242' title='bbox 2872 613 3097 683; x_wconf 80' lang='lat' dir='ltr'><strong>integris</strong></span> <span class='ocrx_word' id='word_1_243' title='bbox 3118 617 3417 680; x_wconf 87' lang='lat' dir='ltr'><strong>computat.</strong></span> 
     </span>
    </p>
   </div>
   <div class='ocr_carea' id='block_1_35' title="bbox 1841 700 3321 781">
    <p class='ocr_par' dir='ltr' id='par_1_35' title="bbox 1841 700 3321 781">
     <span class='ocr_line' id='line_1_35' title="bbox 1841 700 3321 781; baseline -0.009 -15"><span class='ocrx_word' id='word_1_244' title='bbox 1841 713 2142 781; x_wconf 72' lang='lat' dir='ltr'><strong>Depingere</strong></span> <span class='ocrx_word' id='word_1_245' title='bbox 2171 710 2324 775; x_wconf 87' lang='lat' dir='ltr'><strong>libet,</strong></span> <span class='ocrx_word' id='word_1_246' title='bbox 2356 722 2416 764; x_wconf 93' lang='lat' dir='ltr'><strong>ut</strong></span> <span class='ocrx_word' id='word_1_247' title='bbox 2444 708 2785 764; x_wconf 83' lang='lat' dir='ltr'><strong>manifestius</strong></span> <span class='ocrx_word' id='word_1_248' title='bbox 2817 706 2907 772; x_wconf 89' lang='lat' dir='ltr'><strong>sit,</strong></span> <span class='ocrx_word' id='word_1_249' title='bbox 2934 703 3078 776; x_wconf 86' lang='lat' dir='ltr'><strong>quod</strong></span> <span class='ocrx_word' id='word_1_250' title='bbox 3104 700 3321 756; x_wconf 89' lang='lat' dir='ltr'><strong>dicitur.</strong></span> 
     </span>
    </p>
   </div>
   <div class='ocr_carea' id='block_1_36' title="bbox 2176 899 3127 1840">
    <p class='ocr_par' dir='ltr' id='par_1_36' title="bbox 2200 1238 3106 1828">
     <span class='ocr_line' id='line_1_36' title="bbox 2366 1238 2946 1480; baseline -0.002 -8"><span class='ocrx_word' id='word_1_251' title='bbox 2366 1238 2946 1480; x_wconf 57' lang='grc' dir='ltr'><strong>γῖᾗῖν</strong></span> 
     </span>
     <span class='ocr_line' id='line_1_37' title="bbox 2265 1478 3043 1710; baseline -0.005 -12"><span class='ocrx_word' id='word_1_252' title='bbox 2265 1478 3043 1710; x_wconf 58' lang='grc' dir='ltr'><em>γῖῗέἒιῖν</em></span> 
     </span>
     <span class='ocr_line' id='line_1_38' title="bbox 2200 1706 3106 1828; baseline 0.018 -15"><span class='ocrx_word' id='word_1_253' title='bbox 2200 1706 3106 1828; x_wconf 56' lang='lat' dir='ltr'><strong>Vill-ll“</strong></span> 
     </span>
    </p>
   </div>
   <div class='ocr_carea' id='block_1_37' title="bbox 1913 2068 3426 2151">
    <p class='ocr_par' dir='ltr' id='par_1_37' title="bbox 1913 2068 3426 2151">
     <span class='ocr_line' id='line_1_39' title="bbox 1913 2068 3426 2151; baseline 0.009 -26"><span class='ocrx_word' id='word_1_254' title='bbox 1913 2068 2056 2125; x_wconf 88' lang='lat' dir='ltr'><strong>Ecce</strong></span> <span class='ocrx_word' id='word_1_255' title='bbox 2103 2070 2157 2125; x_wconf 92' lang='lat' dir='ltr'><strong>in</strong></span> <span class='ocrx_word' id='word_1_256' title='bbox 2200 2071 2304 2126; x_wconf 90' lang='lat' dir='ltr'><strong>hac</strong></span> <span class='ocrx_word' id='word_1_257' title='bbox 2349 2072 2790 2144; x_wconf 85' lang='lat' dir='ltr'><strong>discriptiuncula</strong></span> <span class='ocrx_word' id='word_1_258' title='bbox 2836 2078 2906 2135; x_wconf 74' lang='lat'><strong>28</strong></span> <span class='ocrx_word' id='word_1_259' title='bbox 2945 2080 3130 2149; x_wconf 87' lang='lat' dir='ltr'><strong>pedes,</strong></span> <span class='ocrx_word' id='word_1_260' title='bbox 3178 2085 3426 2151; x_wconf 72' lang='lat' dir='ltr'><strong>quamvis</strong></span> 
     </span>
    </p>
   </div>
   <div class='ocr_carea' id='block_1_38' title="bbox 1844 2164 3426 2250">
    <p class='ocr_par' dir='ltr' id='par_1_38' title="bbox 1844 2164 3426 2250">
     <span class='ocr_line' id='line_1_40' title="bbox 1844 2164 3426 2250; baseline 0.012 -36"><span class='ocrx_word' id='word_1_261' title='bbox 1844 2177 1949 2215; x_wconf 93' lang='lat' dir='ltr'><strong>non</strong></span> <span class='ocrx_word' id='word_1_262' title='bbox 2005 2164 2199 2236; x_wconf 82' lang='lat' dir='ltr'><strong>integri</strong></span> <span class='ocrx_word' id='word_1_263' title='bbox 2241 2168 2528 2224; x_wconf 89' lang='lat' dir='ltr'><strong>habentur.</strong></span> <span class='ocrx_word' id='word_1_264' title='bbox 2574 2172 2725 2227; x_wconf 86' lang='lat' dir='ltr'><strong>Unde</strong></span> <span class='ocrx_word' id='word_1_265' title='bbox 2774 2174 3185 2232; x_wconf 83' lang='lat' dir='ltr'><strong>arillnneticalis</strong></span> <span class='ocrx_word' id='word_1_266' title='bbox 3242 2180 3426 2250; x_wconf 86' lang='lat' dir='ltr'><strong>regula</strong></span> 
     </span>
    </p>
   </div>
   <div class='ocr_carea' id='block_1_39' title="bbox 1846 2262 3426 2333">
    <p class='ocr_par' dir='ltr' id='par_1_39' title="bbox 1846 2262 3426 2333">
     <span class='ocr_line' id='line_1_41' title="bbox 1846 2262 3426 2333; baseline 0.01 -25"><span class='ocrx_word' id='word_1_267' title='bbox 1846 2268 1943 2322; x_wconf 80' lang='lat' dir='ltr'><strong>pro</strong></span> <span class='ocrx_word' id='word_1_268' title='bbox 1992 2265 2107 2311; x_wconf 89' lang='lat' dir='ltr'><strong>toto</strong></span> <span class='ocrx_word' id='word_1_269' title='bbox 2147 2269 2355 2327; x_wconf 87' lang='lat' dir='ltr'><strong>partem</strong></span> <span class='ocrx_word' id='word_1_270' title='bbox 2402 2262 2675 2331; x_wconf 90' lang='lat' dir='ltr'><strong>accipiens</strong></span> <span class='ocrx_word' id='word_1_271' title='bbox 2703 2279 2824 2318; x_wconf 91' lang='lat' dir='ltr'><strong>cum</strong></span> <span class='ocrx_word' id='word_1_272' title='bbox 2855 2266 3081 2333; x_wconf 84' lang='lat' dir='ltr'><strong>integris</strong></span> <span class='ocrx_word' id='word_1_273' title='bbox 3116 2268 3426 2326; x_wconf 86' lang='lat' dir='ltr'><strong>dimidiatos</strong></span> 
     </span>
    </p>
   </div>
   <div class='ocr_carea' id='block_1_40' title="bbox 1846 2349 3432 2429">
    <p class='ocr_par' dir='ltr' id='par_1_40' title="bbox 1846 2349 3432 2429">
     <span class='ocr_line' id='line_1_42' title="bbox 1846 2349 3432 2429; baseline 0.009 -28"><span class='ocrx_word' id='word_1_274' title='bbox 1846 2349 2053 2417; x_wconf 88' lang='lat' dir='ltr'><strong>recipit.</strong></span> <span class='ocrx_word' id='word_1_275' title='bbox 2082 2349 2315 2405; x_wconf 87' lang='lat' dir='ltr'><strong>Solertia</strong></span> <span class='ocrx_word' id='word_1_276' title='bbox 2353 2362 2533 2408; x_wconf 84' lang='lat' dir='ltr'><strong>autem</strong></span> <span class='ocrx_word' id='word_1_277' title='bbox 2570 2358 2912 2425; x_wconf 59' lang='lat' dir='ltr'><strong>geometrica:</strong></span> <span class='ocrx_word' id='word_1_278' title='bbox 2934 2359 3231 2427; x_wconf 82' lang='lat' dir='ltr'><strong>disciplinae</strong></span> <span class='ocrx_word' id='word_1_279' title='bbox 3256 2362 3432 2429; x_wconf 85' lang='lat' dir='ltr'><strong>parti-</strong></span> 
     </span>
    </p>
   </div>
   <div class='ocr_carea' id='block_1_41' title="bbox 1844 2442 3432 2525">
    <p class='ocr_par' dir='ltr' id='par_1_41' title="bbox 1844 2442 3432 2525">
     <span class='ocr_line' id='line_1_43' title="bbox 1844 2442 3432 2525; baseline 0.008 -29"><span class='ocrx_word' id='word_1_280' title='bbox 1844 2442 2016 2507; x_wconf 83' lang='lat' dir='ltr'><strong>culas,</strong></span> <span class='ocrx_word' id='word_1_281' title='bbox 2042 2443 2209 2498; x_wconf 84' lang='lat' dir='ltr'><strong>latera</strong></span> <span class='ocrx_word' id='word_1_282' title='bbox 2238 2446 2564 2503; x_wconf 77' lang='lat' dir='ltr'><strong>excedentes</strong></span> <span class='ocrx_word' id='word_1_283' title='bbox 2594 2448 2873 2518; x_wconf 87' lang='lat' dir='ltr'><strong>abjieiens,</strong></span> <span class='ocrx_word' id='word_1_284' title='bbox 2924 2454 3432 2525; x_wconf 68' lang='lat' dir='ltr'><strong>recisurasquedi-</strong></span> 
     </span>
    </p>
   </div>
   <div class='ocr_carea' id='block_1_42' title="bbox 1847 2532 3431 2615">
    <p class='ocr_par' dir='ltr' id='par_1_42' title="bbox 1847 2532 3431 2615">
     <span class='ocr_line' id='line_1_44' title="bbox 1847 2532 3431 2615; baseline 0.009 -30"><span class='ocrx_word' id='word_1_285' title='bbox 1847 2532 2100 2587; x_wconf 88' lang='lat' dir='ltr'><strong>midialas</strong></span> <span class='ocrx_word' id='word_1_286' title='bbox 2134 2534 2275 2589; x_wconf 88' lang='lat' dir='ltr'><strong>intra</strong></span> <span class='ocrx_word' id='word_1_287' title='bbox 2319 2535 2486 2590; x_wconf 84' lang='lat' dir='ltr'><strong>latera</strong></span> <span class='ocrx_word' id='word_1_288' title='bbox 2528 2549 2869 2595; x_wconf 87' lang='lat' dir='ltr'><strong>remanentes</strong></span> <span class='ocrx_word' id='word_1_289' title='bbox 2899 2555 3253 2611; x_wconf 81' lang='lat' dir='ltr'><strong>componens,</strong></span> <span class='ocrx_word' id='word_1_290' title='bbox 3284 2546 3431 2615; x_wconf 85' lang='lat' dir='ltr'><strong>quod</strong></span> 
     </span>
    </p>
   </div>
   <div class='ocr_carea' id='block_1_43' title="bbox 1846 2626 3432 2704">
    <p class='ocr_par' dir='ltr' id='par_1_43' title="bbox 1846 2626 3432 2704">
     <span class='ocr_line' id='line_1_45' title="bbox 1846 2626 3432 2704; baseline 0.009 -25"><span class='ocrx_word' id='word_1_291' title='bbox 1846 2626 2003 2682; x_wconf 83' lang='lat' dir='ltr'><strong>lineis</strong></span> <span class='ocrx_word' id='word_1_292' title='bbox 2029 2628 2317 2695; x_wconf 85' lang='lat' dir='ltr'><strong>clauditur,</strong></span> <span class='ocrx_word' id='word_1_293' title='bbox 2346 2631 2451 2685; x_wconf 88' lang='lat' dir='ltr'><strong>hoc</strong></span> <span class='ocrx_word' id='word_1_294' title='bbox 2485 2640 2691 2685; x_wconf 89' lang='lat' dir='ltr'><strong>tantum</strong></span> <span class='ocrx_word' id='word_1_295' title='bbox 2731 2644 3031 2704; x_wconf 90' lang='lat' dir='ltr'><strong>computat.</strong></span> <span class='ocrx_word' id='word_1_296' title='bbox 3066 2634 3200 2689; x_wconf 84' lang='lat' dir='ltr'><strong>Nam</strong></span> <span class='ocrx_word' id='word_1_297' title='bbox 3242 2639 3294 2691; x_wconf 94' lang='lat' dir='ltr'><strong>in</strong></span> <span class='ocrx_word' id='word_1_298' title='bbox 3328 2650 3432 2694; x_wconf 85' lang='lat' dir='ltr'><strong>nae</strong></span> 
     </span>
    </p>
   </div>
   <div class='ocr_carea' id='block_1_44' title="bbox 1846 2719 3429 2797">
    <p class='ocr_par' dir='ltr' id='par_1_44' title="bbox 1846 2719 3429 2797">
     <span class='ocr_line' id='line_1_46' title="bbox 1846 2719 3429 2797; baseline 0.006 -24"><span class='ocrx_word' id='word_1_299' title='bbox 1846 2719 2323 2789; x_wconf 84' lang='lat' dir='ltr'><strong>descriptiuncula,</strong></span> <span class='ocrx_word' id='word_1_300' title='bbox 2350 2738 2453 2790; x_wconf 82' lang='lat' dir='ltr'><strong>qua</strong></span> <span class='ocrx_word' id='word_1_301' title='bbox 2487 2726 2824 2791; x_wconf 80' lang='lat' dir='ltr'><strong>septenarius</strong></span> <span class='ocrx_word' id='word_1_302' title='bbox 2851 2742 2946 2795; x_wconf 70' lang='lat' dir='ltr'><strong>per</strong></span> <span class='ocrx_word' id='word_1_303' title='bbox 2975 2726 3146 2782; x_wconf 84' lang='lat' dir='ltr'><strong>latera</strong></span> <span class='ocrx_word' id='word_1_304' title='bbox 3183 2730 3429 2797; x_wconf 87' lang='lat' dir='ltr'><strong>metitur,</strong></span> 
     </span>
    </p>
   </div>
   <div class='ocr_carea' id='block_1_45' title="bbox 1845 2811 3430 2889">
    <p class='ocr_par' dir='ltr' id='par_1_45' title="bbox 1845 2811 3430 2889">
     <span class='ocr_line' id='line_1_47' title="bbox 1845 2811 3430 2889; baseline 0.007 -25"><span class='ocrx_word' id='word_1_305' title='bbox 1845 2811 1889 2864; x_wconf 90' lang='lat' dir='ltr'><strong>si</strong></span> <span class='ocrx_word' id='word_1_306' title='bbox 1920 2812 2358 2882; x_wconf 88' lang='lat' dir='ltr'><strong>perpendiculum</strong></span> <span class='ocrx_word' id='word_1_307' title='bbox 2389 2831 2620 2883; x_wconf 71' lang='lat' dir='ltr'><strong>(pueras,</strong></span> <span class='ocrx_word' id='word_1_308' title='bbox 2668 2817 2914 2870; x_wconf 88' lang='lat' dir='ltr'><strong>senarius</strong></span> <span class='ocrx_word' id='word_1_309' title='bbox 2945 2825 3048 2871; x_wconf 90' lang='lat' dir='ltr'><strong>est.</strong></span> <span class='ocrx_word' id='word_1_310' title='bbox 3093 2818 3244 2872; x_wconf 81' lang='lat' dir='ltr'><strong>&quot;lillC</strong></span> <span class='ocrx_word' id='word_1_311' title='bbox 3274 2835 3371 2889; x_wconf 90' lang='lat' dir='ltr'><strong>per</strong></span> <span class='ocrx_word' id='word_1_312' title='bbox 3398 2822 3430 2875; x_wconf 91' lang='lat'><strong>7</strong></span> 
     </span>
    </p>
   </div>
   <div class='ocr_carea' id='block_1_46' title="bbox 1846 2904 3431 2979">
    <p class='ocr_par' dir='ltr' id='par_1_46' title="bbox 1846 2904 3431 2979">
     <span class='ocr_line' id='line_1_48' title="bbox 1846 2904 3431 2979; baseline 0.006 -21"><span class='ocrx_word' id='word_1_313' title='bbox 1846 2904 2051 2959; x_wconf 90' lang='lat' dir='ltr'><strong>ducens</strong></span> <span class='ocrx_word' id='word_1_314' title='bbox 2098 2907 2250 2974; x_wconf 85' lang='lat' dir='ltr'><strong>quasi</strong></span> <span class='ocrx_word' id='word_1_315' title='bbox 2284 2908 2607 2975; x_wconf 78' lang='lat' dir='ltr'><strong>quadratum</strong></span> <span class='ocrx_word' id='word_1_316' title='bbox 2640 2909 2850 2977; x_wconf 79' lang='lat' dir='ltr'><strong>imples,</strong></span> <span class='ocrx_word' id='word_1_317' title='bbox 2888 2911 3041 2979; x_wconf 79' lang='lat' dir='ltr'><strong>cujus</strong></span> <span class='ocrx_word' id='word_1_318' title='bbox 3090 2911 3161 2964; x_wconf 83' lang='lat' dir='ltr'><strong>sit</strong></span> <span class='ocrx_word' id='word_1_319' title='bbox 3215 2909 3367 2966; x_wconf 78' lang='lat' dir='ltr'><strong>frons</strong></span> <span class='ocrx_word' id='word_1_320' title='bbox 3398 2912 3431 2967; x_wconf 89' lang='grc'>6</span> 
     </span>
    </p>
   </div>
   <div class='ocr_carea' id='block_1_47' title="bbox 1845 2996 3434 3069">
    <p class='ocr_par' dir='ltr' id='par_1_47' title="bbox 1845 2996 3434 3069">
     <span class='ocr_line' id='line_1_49' title="bbox 1845 2996 3434 3069; baseline 0.005 -20"><span class='ocrx_word' id='word_1_321' title='bbox 1845 2998 2068 3064; x_wconf 90' lang='lat' dir='ltr'><strong>pedum,</strong></span> <span class='ocrx_word' id='word_1_322' title='bbox 2100 2996 2241 3051; x_wconf 89' lang='lat' dir='ltr'><strong>latus</strong></span> <span class='ocrx_word' id='word_1_323' title='bbox 2270 2997 2299 3050; x_wconf 89' lang='lat'><strong>7</strong></span> <span class='ocrx_word' id='word_1_324' title='bbox 2331 2997 2546 3066; x_wconf 85' lang='lat' dir='ltr'><strong>pedum,</strong></span> <span class='ocrx_word' id='word_1_325' title='bbox 2572 3008 2624 3052; x_wconf 91' lang='lat' dir='ltr'><strong>et</strong></span> <span class='ocrx_word' id='word_1_326' title='bbox 2652 3015 2832 3053; x_wconf 87' lang='lat' dir='ltr'><strong>aream</strong></span> <span class='ocrx_word' id='word_1_327' title='bbox 2861 3001 2976 3069; x_wconf 87' lang='lat' dir='ltr'><strong>ejus</strong></span> <span class='ocrx_word' id='word_1_328' title='bbox 3003 3000 3083 3056; x_wconf 86' lang='lat' dir='ltr'><strong>sic</strong></span> <span class='ocrx_word' id='word_1_329' title='bbox 3117 3002 3167 3054; x_wconf 90' lang='lat' dir='ltr'><strong>in</strong></span> <span class='ocrx_word' id='word_1_330' title='bbox 3210 3002 3278 3055; x_wconf 66' lang='grc'><strong>42</strong></span> <span class='ocrx_word' id='word_1_331' title='bbox 3304 3018 3434 3057; x_wconf 83' lang='lat' dir='ltr'><strong>con-</strong></span> 
     </span>
    </p>
   </div>
   <div class='ocr_carea' id='block_1_48' title="bbox 1846 3086 3438 3162">
    <p class='ocr_par' dir='ltr' id='par_1_48' title="bbox 1846 3086 3438 3162">
     <span class='ocr_line' id='line_1_50' title="bbox 1846 3086 3438 3162; baseline 0.006 -23"><span class='ocrx_word' id='word_1_332' title='bbox 1846 3086 2047 3140; x_wconf 87' lang='lat' dir='ltr'><strong>stituis.</strong></span> <span class='ocrx_word' id='word_1_333' title='bbox 2084 3087 2199 3141; x_wconf 88' lang='lat' dir='ltr'><strong>lloc</strong></span> <span class='ocrx_word' id='word_1_334' title='bbox 2242 3088 2290 3142; x_wconf 83' lang='lat' dir='ltr'><strong>si</strong></span> <span class='ocrx_word' id='word_1_335' title='bbox 2336 3088 2706 3145; x_wconf 86' lang='lat' dir='ltr'><strong>dimidiaveris</strong></span> <span class='ocrx_word' id='word_1_336' title='bbox 2753 3090 3046 3162; x_wconf 89' lang='lat' dir='ltr'><strong>trigonum,</strong></span> <span class='ocrx_word' id='word_1_337' title='bbox 3093 3095 3146 3147; x_wconf 93' lang='lat' dir='ltr'><strong>in</strong></span> <span class='ocrx_word' id='word_1_338' title='bbox 3175 3091 3237 3146; x_wconf 74' lang='lat'><strong>2|</strong></span> <span class='ocrx_word' id='word_1_339' title='bbox 3270 3095 3438 3162; x_wconf 85' lang='lat' dir='ltr'><strong>pede-</strong></span> 
     </span>
    </p>
   </div>
   <div class='ocr_carea' id='block_1_49' title="bbox 1847 3179 2127 3250">
    <p class='ocr_par' dir='ltr' id='par_1_49' title="bbox 1847 3179 2127 3250">
     <span class='ocr_line' id='line_1_51' title="bbox 1847 3179 2127 3250; baseline 0.007 -17"><span class='ocrx_word' id='word_1_340' title='bbox 1847 3179 2127 3250; x_wconf 87' lang='lat' dir='ltr'><strong>relinquis.</strong></span> 
     </span>
    </p>
   </div>
   <div class='ocr_carea' id='block_1_50' title="bbox 182 3250 3423 3348">
    <p class='ocr_par' dir='ltr' id='par_1_50' title="bbox 182 3250 3423 3348">
     <span class='ocr_line' id='line_1_52' title="bbox 182 3250 3423 3348; baseline 0.007 -32"><span class='ocrx_word' id='word_1_341' title='bbox 182 3266 444 3333; x_wconf 87' lang='lat' dir='ltr'><strong>quadrati,</strong></span> <span class='ocrx_word' id='word_1_342' title='bbox 467 3272 557 3339; x_wconf 89' lang='lat' dir='ltr'><strong>qui</strong></span> <span class='ocrx_word' id='word_1_343' title='bbox 588 3275 1045 3341; x_wconf 72' lang='lat' dir='ltr'><strong>crassi-dicantur,</strong></span> <span class='ocrx_word' id='word_1_344' title='bbox 1072 3250 1323 3348; x_wconf 72' lang='lat' dir='ltr'><strong>quodque</strong></span> <span class='ocrx_word' id='word_1_345' title='bbox 1354 3279 1419 3332; x_wconf 88' lang='lat' dir='ltr'><strong>ad</strong></span> <span class='ocrx_word' id='word_1_346' title='bbox 1450 3250 1609 3333; x_wconf 66' lang='lat' dir='ltr'><strong>areas</strong></span> <span class='ocrx_word' id='word_1_347' title='bbox 1630 3250 1743 3333; x_wconf 60' lang='grc' dir='ltr'><strong>πίε·</strong></span> <span class='ocrx_word' id='word_1_348' title='bbox 1772 3250 1816 3312; x_wconf 82' lang='lat' dir='ltr'>C</span> <span class='ocrx_word' id='word_1_349' title='bbox 1926 3271 1996 3326; x_wconf 67' lang='lat' dir='ltr'><strong>Ut</strong></span> <span class='ocrx_word' id='word_1_350' title='bbox 2024 3271 2257 3327; x_wconf 73' lang='lat' dir='ltr'><strong>lucidius</strong></span> <span class='ocrx_word' id='word_1_351' title='bbox 2288 3271 2573 3341; x_wconf 68' lang='lat' dir='ltr'><strong>intelligas,</strong></span> <span class='ocrx_word' id='word_1_352' title='bbox 2604 3270 2789 3328; x_wconf 67' lang='lat' dir='ltr'><strong>OCUIOS</strong></span> <span class='ocrx_word' id='word_1_353' title='bbox 2818 3287 3050 3343; x_wconf 70' lang='lat' dir='ltr'><strong>appone.</strong></span> <span class='ocrx_word' id='word_1_354' title='bbox 3086 3283 3142 3328; x_wconf 77' lang='grc' dir='ltr'><strong>θι</strong></span> <span class='ocrx_word' id='word_1_355' title='bbox 3169 3271 3276 3327; x_wconf 70' lang='lat' dir='ltr'><strong>mei</strong></span> <span class='ocrx_word' id='word_1_356' title='bbox 3304 3285 3423 3328; x_wconf 74' lang='lat' dir='ltr'><strong>50m</strong></span> 
     </span>
    </p>
   </div>
   <div class='ocr_carea' id='block_1_51' title="bbox 180 3355 1743 3436">
    <p class='ocr_par' dir='ltr' id='par_1_51' title="bbox 180 3355 1743 3436">
     <span class='ocr_line' id='line_1_53' title="bbox 180 3355 1743 3436; baseline 0.008 -28"><span class='ocrx_word' id='word_1_357' title='bbox 180 3355 389 3412; x_wconf 74' lang='lat' dir='ltr'><strong>siendas</strong></span> <span class='ocrx_word' id='word_1_358' title='bbox 413 3374 520 3415; x_wconf 90' lang='lat' dir='ltr'><strong>non</strong></span> <span class='ocrx_word' id='word_1_359' title='bbox 546 3362 644 3416; x_wconf 86' lang='lat' dir='ltr'><strong>nisi</strong></span> <span class='ocrx_word' id='word_1_360' title='bbox 670 3373 975 3421; x_wconf 87' lang='lat' dir='ltr'><strong>conslratos</strong></span> <span class='ocrx_word' id='word_1_361' title='bbox 1002 3368 1295 3436; x_wconf 85' lang='lat' dir='ltr'><strong>quadratos</strong></span> <span class='ocrx_word' id='word_1_362' title='bbox 1339 3368 1578 3429; x_wconf 82' lang='lat' dir='ltr'><strong>recipere</strong></span> <span class='ocrx_word' id='word_1_363' title='bbox 1603 3368 1743 3423; x_wconf 88' lang='lat' dir='ltr'><strong>sole-</strong></span> 
     </span>
    </p>
   </div>
   <div class='ocr_carea' id='block_1_52' title="bbox 1850 3374 2245 3415">
    <p class='ocr_par' dir='ltr' id='par_1_52' title="bbox 1850 3374 2245 3415">
     <span class='ocr_line' id='line_1_54' title="bbox 1850 3374 2245 3415; baseline -0.01 -2"><span class='ocrx_word' id='word_1_364' title='bbox 1850 3379 1947 3415; x_wconf 72' lang='grc' dir='ltr'><strong>θοι·</strong></span> <span class='ocrx_word' id='word_1_365' title='bbox 1976 3374 2245 3411; x_wconf 47' lang='lat' dir='ltr'><strong>meme-tm</strong></span> 
     </span>
    </p>
   </div>
  </div>
