3986 5444
465 0 565 28 ιεθυ
1048 0 1153 19 νιμ
1173 0 1188 16 1
1205 0 1289 17 ul.)
1306 0 1326 15 ι
1344 0 1407 15 ιε.
1443 0 1484 13 ιι
1523 0 1544 13 ι
1563 0 1633 14 ιι.
1654 0 1722 14 ιω
1763 0 1829 14 ν·
1850 0 1872 12 ι
1897 0 1910 12 ι
1938 0 1961 13 ι
1983 0 2121 16 unauna
2159 0 2200 15 ιο

1625 247 2589 399 εειωειιτι

1893 474 2285 520 Ροετιίουυιι

1326 646 2175 779 SILVESTRI
2229 647 2343 771 II
2403 642 2851 774 ΡΑΡΑΕ

480 1120 493 1131 κ
565 928 1065 1058 EPISTOLA
1141 925 1276 1053 AD
1366 922 2133 1056 CONSTANTINUM
2215 915 2778 1048 MONACHUM
2859 915 3618 1047 FWRIACENSEM

1261 1174 1426 1279 De
1504 1172 2004 1308 Spwhrw
2060 1161 2929 1277 constructione.

1337 1395 1513 1466 (Apud
1545 1393 1767 1461 Mabill.,
1795 1392 2030 1446 AmJect.
2059 1406 2184 1446 nov.
2215 1390 2366 1451 ch1.,
2398 1405 2519 1461 pag.
2553 1387 2655 1444 102
2681 1389 2869 1460 seqq.l.

1897 1556 2219 1574 ῃ

1710 1693 2092 1751 ADMONITIO
2129 1693 2559 1751 MARILLONIL

525 1852 651 1910 Haec
678 1852 928 1909 Cerberi:
962 1851 1215 1921 cpistola,
1249 1865 1370 1920 quae
1400 1849 1549 1904 deest
1576 1848 1627 1904 iu
1665 1848 1826 1921 editis
1868 1849 2054 1921 libris,
2084 1851 2294 1906 eruitur
2319 1866 2386 1907 ex
2414 1866 2517 1908 ms.
2547 1849 2735 1906 codice
2764 1851 3123 1909 bibliotliecre-
3145 1863 3344 1911 nostrae
3378 1856 3439 1910 δ’.
3469 1852 3743 1912 Germani

451 1940 482 1979 a
522 1926 725 1979 ‘Prulis.
762 1919 1024 1992 Inscripta
1070 1921 1455 1992 Constantino,
1492 1919 1758 1992 monacho
1796 1920 2005 1975 scilicet
2035 1936 2097 1976 ac
2134 1922 2461 1976 scholastico
2497 1922 2847 1986 Floriaeeusi,
2893 1925 2979 1978 cui
3024 1923 3323 1980 Gerbertus
3366 1925 3500 1980 alias
3529 1926 3739 1981 direxit

451 1995 725 2064 epistolas,
762 1989 1017 2064 nimirum
1047 1992 1137 2057 87,
1180 1992 1281 2064 142
1308 2000 1365 2045 et
1395 1989 1517 2064 i_6|.
1552 1990 1807 2064 Ejusdelu
1852 1991 2014 2046 etiam
2045 1995 2375 2064 mentionem
2423 1992 2577 2064 facit,
2599 1992 2651 2046 in
2692 1993 2917 2064 epistola
2956 1994 3046 2049 92.
3087 1994 3350 2050 Gerherto
3381 1994 3733 2049 tribuendum

452 2057 703 2119 c'xistﬂno
730 2064 970 2118 libellum
1000 2063 1056 2134 in
1087 2062 1375 2134 quemdam
1408 2057 1696 2134 Porphyrii
1736 2059 1909 2134 locum
1930 2099 1946 2126 ,
1996 2061 2150 2134 cuitts
2173 2060 2343 2134 libelli
2374 2062 2619 2134 prmfalio
2662 2057 2740 2134 ad
2775 2062 3026 2125 Ottonem
3058 2064 3121 2118 ΙΙΙ
3154 2066 3537 2134 imperatorem
3584 2066 3736 2119 edita

452 2144 537 2189 est
570 2135 622 2189 in
656 2134 842 2188 tmuol
877 2130 1276 2187 Analeclorum.
1310 2130 1639 2204 Opusculuin
1686 2130 2711 2204 isttid_esse_Gebcha'rdiAAugustensis
2754 2135 2990 2204 episcopi
3034 2130 3383 2201 conjectabar
3410 2135 3736 2204 ilttt91i5°ud

454 2221 571 2257 eam
599 2205 967 2273 praefationem
993 2217 1006 2255 :
1049 2212 1105 2256 at
1135 2218 1191 2256 re
1219 2202 1482 2273 maturius
1511 2214 1770 2273 expensa,
1802 2201 1853 2255 id
1882 2200 2145 2255 Gerberto
2173 2200 2483 2272 adiudicari:
2514 2205 2688 2257 visum
2716 2200 2803 2258 est
2827 2203 2880 2258 in
2909 2200 3170 2259 addendis
3200 2206 3265 2257 ad
3297 2214 3501 2259 toruum
3534 2202 3559 2257 ι
3586 2207 3738 2258 Ana-

455 2269 741 2329 lectorum.
797 2273 1048 2341 Ejusdem
1094 2271 1332 2325 auctoris
1381 2280 1463 2325 est
1513 2285 1692 2324 sermo
1732 2269 1808 2324 De
1847 2272 2175 2325 ordinatione
2223 2269 2617 2341 episcolrorum,
2662 2287 2824 2341 quem
2883 2290 2957 2329 ex.
2994 2289 3095 2328 ms.
3145 2274 3331 2329 codice
3386 2273 3736 2329 bibliothecae

457 2344 524 2397 ὃ.
560 2343 821 2397 Martialis
870 2342 1009 2411 apud
1046 2341 1360 2412 Leuioricas
1403 2349 1754 2412 rogatuitnco
1790 2341 2082 2412 descripsit
2126 2351 2313 2395 noster
2350 2342 2542 2397 Petrus
2585 2341 2829 2408 Trelins,
2875 2359 2908 2399 a
2955 2360 3040 2399 me
3077 2341 3190 2412 jam
3225 2344 3492 2398 laudatus.
3543 2344 3740 2399 Exstat

451 2414 734 2482 ipsiusmet
774 2413 1021 2468 Gerbcrti
1050 2411 1360 2467 Geoznetria
1382 2420 1438 2465 et
1464 2411 1952 2481 llhytlnnomaehia
1983 2411 2038 2465 in
2064 2412 2408 2467 bibliotheca:
2437 2411 2708 2467 'l‘huanea:
2738 2429 2838 2470 ms.
2871 2411 3089 2477 codice,
3112 2414 3325 2485 signato
3356 2430 3416 2471 ιιο
3440 2414 3567 2470 283.

846 2541 1173 2600 Genasnrus
1210 2544 1616 2600 Cossrnarmo.
2064 2548 2114 2609 Α

2150 2565 2290 2621 tuis:
2333 2575 2600 2638 eruntque
2642 2566 2762 2623 duae
2799 2577 3060 2625 extremae
3101 2578 3292 2625 contra
3321 2585 3382 2626 se
3407 2572 3628 2642 positze,
3676 2583 3739 2628 ut

502 2659 773 2728 ‘Sphaera,
813 2660 886 2712 mi
919 2657 1120 2721 frater,
1168 2656 1237 2711 de
1281 2671 1391 2726 quo
1437 2656 1638 2724 Quaeris
1682 2654 1750 2709 ad
1794 2654 2045 2710 caelestes

452 2752 686 2807 circulos
714 2750 797 2805 vel
830 2751 985 2821 signa
1021 2750 1377 2813 ostendenda,
1411 2748 1757 2817 componitur
1792 2764 1858 2801 ex
1897 2749 2043 2803 omni

452 2838 610 2911 parte
637 2826 869 2894 rotunda
896 2856 910 2893 :
948 2854 1112 2910 quam
1147 2838 1339 2893 dividit
1367 2837 1738 2892 circumducta
1766 2837 1907 2891 linea
1936 2852 2046 2892 me-

452 2934 598 2988 diam
646 2932 930 3002 :equaliter
976 2932 1030 2985 in
1065 2946 1132 2985 ιχ
1180 2927 1426 3000 partibus
1472 2928 1663 2982 divisa.
1711 2928 1810 2983 Ubi
1863 2929 2046 2997 itaque

452 3024 746 3080 constituis
772 3030 936 3092 caput
964 3020 1171 3088 lineam
1197 3034 1364 3072 unum
1396 3017 1586 3072 circini
1616 3016 1807 3087 pedem
1840 3017 1962 3086 ﬁge,
1992 3026 2047 3072 et

451 3115 683 3169 alterum
716 3113 907 3182 pedem
933 3127 963 3166 e
991 3111 1214 3181 regione
1240 3109 1314 3163 ibi
1345 3108 1637 3173 constitue,
1664 3107 1756 3162 ubi
1787 3122 1837 3161 τι
1866 3118 2046 3177 partes

451 3207 717 3263 ﬁniuntur
762 3206 829 3261 de
878 3220 947 3258 ιι
996 3202 1244 3273 partibus
1284 3200 1558 3271 praedictae
1600 3198 1783 3262 lineae;
1821 3207 1875 3252 et
1918 3199 2044 3252 dum

452 3297 715 3352 circinum
767 3292 1220 3358 circumduxeris,
1267 3307 1343 3344 xu
1390 3299 1572 3360 partes
1616 3287 1867 3343 includis.
1908 3287 2043 3342 Nam

453 3396 665 3443 mutato
697 3386 876 3456 primo
900 3385 1035 3455 pede
1056 3423 1070 3449 ,
1102 3380 1373 3437 secundus
1408 3394 1504 3450 pes
1531 3378 1842 3434 extenditur
1878 3392 2046 3444 usque

452 3481 521 3535 ad
549 3480 755 3546 locum,
779 3492 887 3548 quo
910 3477 976 3532 de
1006 3474 1263 3546 prazdicta
1288 3472 1429 3526 linea
1456 3462 1741 3526 undecima
1772 3458 1897 3539 pars
1928 3468 2049 3523 ﬁni-

453 3581 573 3638 tur;
605 3578 660 3626 et
687 3572 758 3625 ita
792 3567 1243 3631 circumducitur,
1287 3572 1345 3619 ut
1388 3580 1463 3619 xu
1505 3570 1690 3634 partes
1720 3562 2048 3631 circumple-

452 3672 655 3719 ctattrr.
691 3662 1002 3732 Eodemque
1044 3659 1204 3714 modo
1234 3657 1413 3713 adimo
1444 3670 1539 3725 pes
1568 3669 1739 3724 usque
1778 3653 1845 3707 ad
1883 3652 2046 3707 ﬁnem

454 3754 888 3823 quintaedecimae
917 3750 1089 3822 partis
1122 3749 1394 3820 praedicta:
1431 3746 1585 3802 linea:
1614 3744 1956 3817 protenditur
1992 3750 2049 3797 et

452 3843 917 3897 circumductione
971 3857 1076 3894 xxx
1126 3848 1311 3909 partes
1359 3838 1568 3891 habens
1610 3835 1786 3890 media
1832 3833 2046 3902 splnera

2146 2673 2245 2727 per
2274 2652 2568 2728 utrasque,
2614 2667 2869 2729 tauquam
2899 2674 2996 2729 per
3024 2675 3186 2715 unam
3230 2660 3438 2716 videas.
3484 2659 3563 2716 Ne
3601 2677 3740 2718 vero

2148 2746 2340 2802 ﬁstulae
2368 2748 2467 2803 hac
2490 2748 2614 2804 illac
2640 2749 2896 2815 tituhent,
2926 2749 3102 2805 ferreo
3130 2750 3495 2819 semicirculo,
3520 2752 3587 2805 ad
3617 2768 3743 2807 ιιιορ

2147 2837 2272 2891 dum
2302 2836 2512 2906 praefati
2551 2839 2915 2911 hemisphaerii
2942 2840 3243 2895 secundum
3271 2856 3428 2896 suam
3452 2843 3741 2913 quantita-

2148 2940 2255 2983 tem
2288 2940 2598 2986 monsurato
2622 2939 2671 2985 et
2709 2930 3239 3000 perforato.,.utere,
3285 2948 3394 3004 quo
3424 2934 3742 3004 superiores

2145 3021 2522 3076 extremitates
2564 3021 2865 3077 ﬁstularum
2900 3007 3136 3079 coerce:
3174 3040 3295 3094 qua:
3340 3025 3445 3081 hoc
3478 3024 3743 3081 diﬂerunt

2148 3124 2179 3163 a
2208 3109 2404 3165 ﬁstulis
2433 3112 2735 3182 organicis,
2782 3113 2925 3183 quod
2968 3129 3065 3185 per
3108 3116 3291 3170 omnia
3336 3116 3559 3187 aqualis
3608 3128 3742 3172 sunt

2152 3200 2570 3269 grossitudiuis,
2610 3216 2678 3256 ne
2708 3203 2835 3272 quid
2864 3201 3101 3259 oﬁ‘endat
3126 3205 3297 3260 aciem
3328 3220 3425 3274 per
3452 3219 3548 3261 eas
3572 3205 3742 3262 cmic-

2151 3298 2263 3345 stes
2289 3290 2519 3347 circulos
2545 3293 2980 3364 contemplantis.
3029 3294 3416 3352 Semicirculus
3441 3312 3575 3352 vero
3604 3297 3737 3353 duo-

2149 3396 2267 3435 rum
2290 3381 2578 3451 digitorum
2603 3382 2771 3438 ferme
2793 3383 3113 3451 latitudinis,
3137 3394 3197 3441 ut
3216 3401 3378 3443 omne
3404 3388 3745 3458 bcmisplirc-

2148 3472 2290 3526 rium
2317 3488 2422 3526 xxx
2444 3481 2624 3542 partes
2646 3473 2812 3528 habet
2830 3474 3200 3545 longitudinis,
3224 3491 3447 3532 servans
3467 3478 3741 3548 aequalem

2149 3564 2417 3619 rationem
2448 3564 2759 3633 divisionis,
2804 3580 2910 3636 qua
2937 3566 3244 3636 perforatas
3276 3567 3485 3623 ﬁstulas
3518 3569 3739 3640 recipit.

2148 3656 2345 3711 Notan
2375 3656 2557 3726 itaque
2583 3667 2770 3713 nostro
2807 3658 2974 3714 boreo
3011 3659 3165 3729 polo,
3198 3661 3532 3731 descriptum
3565 3661 3745 3718 hemi-

2149 3748 2439 3818 sphmrium
2463 3748 2643 3803 taliter
2664 3764 2803 3818 pone
2823 3750 2922 3804 sub
2945 3751 3086 3814 divo,
3107 3760 3163 3804 ut
3186 3766 3283 3821 per
3303 3760 3562 3822 utrasque
3590 3753 3744 3807 ﬁstu-

2149 3837 2258 3902 las,
2306 3853 2442 3908 quas
2482 3838 2719 3894 diximus
2745 3847 3049 3904 extremas,
3088 3840 3263 3910 ipsum
3292 3840 3521 3896 borcum
3555 3842 3742 3912 polum

454 3938 693 3985 secatur.
718 3928 869 3983 Tunc
889 3937 1098 3982 mutato
1119 3927 1324 3981 circino
1340 3926 1400 3979 Ῑιι
1431 3924 1599 3979 allera
1626 3930 1778 3993 parte
1799 3923 2046 3991 ενιιωναὲν
2077 3910 2123 3968 Β
2152 3929 2325 3983 libero
2349 3929 2544 3983 intuitu
2569 3945 2785 3985 cernas.
2807 3931 2863 3985 Si
2880 3940 3061 3985 autem
3085 3932 3152 3987 de
3173 3932 3295 4003 polo
3315 3910 3744 4001 dubitas,vunam

455 4023 546 4078 ubi
576 4022 814 4093 primum
838 4006 1030 4091 pedem
1061 4019 1281 4083 ﬁxeras,
1313 4016 1618 4079 attendens,
1643 4022 1913 4069 utcontra
1936 4022 2048 4066 sta-

457 4125 600 4177 tuas,
635 4112 951 4183 praedictam
982 4110 1245 4164 rationem
1278 4121 1547 4161 mensura:
1571 4102 2047 4159 circumductionis

456 4215 514 4260 ct
541 4204 774 4274 partium
803 4200 1196 4272 complcxionis
1226 4197 1563 4253 observabis.
1610 4195 1745 4250 Nam
1781 4210 1814 4249 ν
1840 4193 2046 4249 solum-

457 4295 619 4351 modo
639 4301 801 4359 eruut
822 4290 1337 4351 circumductiones,
1367 4302 1596 4358 quarum
1623 4274 1799 4341 media
1824 4283 2047 4354 aequalis

457 4401 541 4447 est
583 4391 741 4446 linea:
784 4389 838 4444 in
878 4404 946 4442 ιχ
976 4387 1219 4458 partibus
1253 4386 1459 4440 divisae.
1508 4383 1694 4438 Altero
1724 4382 1890 4453 igitur
1918 4380 2050 4435 isto-

458 4495 578 4533 rum
607 4476 1114 4548 hemisphwriorum
1143 4482 1357 4544 sumpto
1386 4468 1614 4529 interius
1642 4482 1855 4536 cavato,
1878 4479 1933 4525 et
1956 4471 2046 4526 ubi

459 4568 652 4623 circini
684 4567 917 4622 alterum
949 4566 1139 4636 pedem
1167 4566 1221 4620 in
1258 4564 1515 4636 praedicta
1544 4563 1685 4619 linea
1715 4564 1781 4617 ad
1810 4562 2049 4618 circum-

461 4659 762 4714 ducendum
797 4658 995 4713 ﬁxeras
1026 4657 1263 4728 periura,
1295 4664 1355 4711 ut
1386 4655 1778 4712 circumductio
1808 4650 2045 4708 medium

459 4748 742 4804 foran‘tinis
791 4758 990 4805 teneat.
1028 4747 1087 4802 lu
1116 4747 1385 4818 capitibus
1422 4761 1638 4819 quoque
1664 4745 1853 4814 sphaerg

460 4840 695 4911 primum
721 4843 913 4911 pedem
945 4840 1138 4896 circini
1167 4839 1415 4900 posuisti.
1444 4838 1653 4894 sincula
1678 4835 1830 4890 foran

2148 4018 2383 4073 iistulam
2434 4018 2525 4074 tali
2566 4019 2686 4074 loco
2733 4021 3037 4085 constitue,
3086 4030 3149 4076 ut
3175 4037 3279 4075 non
3311 4031 3597 4076 moveatur
3632 4034 3743 4079 t0'a

2148 4118 2338 4175 nocte;
2368 4117 2424 4163 et
2444 4124 2542 4179 per
2563 4124 2707 4175 eam,
2736 4108 2946 4163 stellam
2969 4109 3203 4178 suspice,
3231 4124 3391 4179 quam
3412 4110 3598 4166 credis
3621 4126 3746 4166 esse

2147 4200 2327 4271 polum
2356 4218 2369 4255 :
2407 4210 2464 4256 et
2489 4201 2532 4256 si
2563 4201 2716 4270 polus
2739 4210 2840 4268 est,
2867 4217 2985 4256 eam
3014 4211 3125 4256 tota
3147 4209 3308 4257 nocte
3332 4202 3541 4272 poteris
3561 4205 3745 4275 suspi-

2148 4305 2304 4357 cere;
2336 4291 2418 4345 sin
2442 4292 2567 4354 alia,
2597 4293 2853 4347 mutando
2876 4293 2988 4347 loca
3016 4307 3122 4346 non
3151 4292 3391 4347 occurrit
3414 4292 3554 4346 risui
3580 4297 3745 4364 paulo

2146 4392 2270 4453 post
2300 4398 2397 4452 per
2428 4383 2679 4438 ﬁstulam.
2726 4384 2895 4455 Igitur
2937 4385 3200 4454 praedicto
3243 4385 3401 4439 modo
3430 4383 3614 4439 locato
3652 4387 3744 4440 he-

2148 4474 2478 4543 misphzerio,
2511 4486 2571 4529 ut
2607 4490 2715 4530 non
2764 4483 3046 4529 moveatur
3075 4472 3181 4529 ullo
3219 4474 3413 4541 modo,
3452 4475 3609 4543 prius
3646 4490 3745 4544 per

2149 4563 2459 4618 inferiorem
2495 4574 2549 4619 et
2589 4564 2918 4634 superiorem
2948 4564 3180 4635 primam
3227 4563 3459 4619 ﬁstulam
3507 4563 3741 4619 borcum

2148 4653 2329 4724 polum
2352 4694 2369 4716 ,
2399 4668 2495 4724 per
2523 4654 2817 4708 secundam
2845 4655 3110 4708 arcticqu
3141 4653 3434 4717 circulum,
3478 4668 3577 4723 per
3619 4662 3749 4708 ter-

2151 4744 2280 4798 tiam
2308 4745 2577 4809 aestivum,
2592 4758 2686 4814 per
2705 4753 2953 4813 quartam
2975 4743 3425 4814 aequinoctialem,
3451 4757 3551 4813 per
3573 4744 3710 4812 quin
3735 4770 3746 4781 ε

2151 4845 2258 4889 tam
2308 4835 2632 4899 hiemalem,
2683 4850 2780 4905 per
2808 4844 3016 4891 sextam
3065 4834 3451 4891 antarcticulos
3498 4834 3745 4891 circulos

2210 4923 2329 4980 ’τιίτὶ
2376 4925 2599 4997 poteris.
2648 4924 2754 4980 Pro
2795 4926 2918 4996 polo
2956 4941 3087 4982 vero
3114 4928 3443 4992 autarctico,
3474 4925 3604 4995 quia
3636 4926 3745 4981 sub

2279 5031 2299 5066 π
2329 5026 2413 5072 est
2467 5015 2601 5071 nihil
2632 5015 2778 5070 coeli.
2808 5018 2903 5071 sed
2938 5026 3084 5074 terra
3115 5026 3323 5074 tantum
3350 5032 3447 5089 per
3473 5024 3757 5088 utrasque

2349 5125 2360 5148 ι
2388 5108 2613 5162 intuenti
2639 5111 2895 5164 occurrit.
