3986 5444
452 223 556 281 159

1060 220 1413 280 SlLVESTRl
1440 220 1480 276 ιι
1510 196 1713 278 psmn
1759 223 1912 279 ore.
1936 223 2041 279 PAI

2151 223 2190 315 ι.
2230 253 2301 263 -
2324 222 2412 278 οε
2450 184 2803 281 DlSClPLlN.
2833 221 3147 278 unum.

3624 221 3724 278 l60

1894 370 2302 453 INCIPIT

906 570 1087 681 DE
1179 569 1956 685 RATIONALI
2031 572 2213 683 ET
2307 567 2928 684 RATIONE
3015 568 3311 710 UTI,

557 808 603 864 Α
640 806 1160 867 SAPlENTlSSIMO
1191 809 1352 868 νιΒο
1401 806 1637 869 0031Νο
1670 808 2066 877 GERBERTO,
2108 808 2197 864 ET
2230 807 2680 867 APOSTOLICIE
2738 808 2935 869 SEDIS
2974 808 3216 868 SUMMO
3242 809 3608 869 I’ONTIFICE

1219 903 1638 971 ’EXCL‘SSUM,
1673 899 2024 958 EXIGENTE
2061 898 2341 958 OTTONE
2376 898 2705 958 AUGUSTO
2735 898 3009 957 TERTIO.

525 1098 757 1169 Damno,
784 1108 839 1155 et
885 1100 1119 1172 glorioso
1160 1097 1392 1163 OTTONI,
1431 1096 1630 1155 Caesari
1683 1110 1900 1166 semper
1927 1093 2039 1148 Au-
2066 1073 2114 1135 Α
2143 1092 2347 1163 majora
2373 1093 2439 1148 de
2469 1094 2769 1150 minoribus
2808 1107 3023 1164 semper
3060 1094 3457 1164 praedicentur;
3509 1093 3725 1151 minora

449 1197 608 1261 gusto
639 1190 1000 1245 Romanorum
1018 1190 1357 1261 imperatori,
1380 1189 1708 1246 Gnansnrus
1730 1186 2036 1258 episcopus,

451 1280 645 1336 debitae
675 1280 958 1336 servitutis
975 1281 1320 1350 obsequium.
1382 1344 1387 1347 γ

523 1370 656 1425 Cum
689 1370 742 1425 in
769 1368 1061 1425 Germania
1093 1369 1437 1426 ferventioris
1459 1368 1586 1424 anni
1616 1376 1827 1437 tempus
1849 1365 2038 1421 demo-

452 1477 741 1528 raremur,
762 1461 1134 1531 imperialibus
1165 1461 1372 1517 astricti
1406 1459 1701 1531 obsequiis,
1735 1469 1795 1513 ut
1827 1471 2045 1526 semper

450 1562 656 1616 smnus,
682 1568 1003 1623 semperque
1028 1553 1251 1618 erimus,
1270 1552 1455 1607 nescio
1482 1551 1611 1621 quid
1633 1564 1831 1604 arcana
1859 1547 2041 1603 divina

453 1659 766 1700 mensuram
791 1659 973 1713 secum
1008 1645 1172 1700 tacite
1211 1652 1519 1699 retractans
1570 1650 1748 1698 motus
1790 1639 1955 1694 animi
1987 1638 2041 1693 in

456 1736 622 1791 verba
645 1734 888 1800 resolvit,
929 1743 984 1791 et
1007 1750 1128 1806 quae
1148 1735 1216 1791 ab
1236 1732 1529 1791 Aristotele
1554 1730 1889 1801 summisque
1909 1728 2043 1785 viris

452 1835 608 1881 erant
628 1824 952 1881 tlillicillimis
973 1825 1243 1896 descripta
1268 1822 1577 1890 sententiis,
1592 1822 1644 1878 in
1668 1822 1902 1877 medium
1924 1834 2047 1891 pro-

451 1916 571 1972 tulit
598 1936 611 1972 :
642 1927 700 1972 ut
722 1918 919 1972 mirum
944 1917 1084 1973 foret
1108 1918 1253 1973 inter
1276 1918 1539 1974 bellorum
1562 1914 1893 1978 discrimina,
1923 1927 2044 1983 quae

449 2018 639 2065 contra
664 2009 948 2065 Sarmatas
970 2011 1322 2080 parabantur,
1348 2011 1583 2080 aliquem
1609 2006 1921 2071 mortalium
1945 2005 2045 2062 hos

460 2102 658 2157 mentis
687 2118 934 2158 recessus
947 2103 1148 2158 habere
1163 2102 1427 2173 potuisse,
1458 2116 1488 2155 a
1518 2101 1713 2171 quibus
1736 2108 1845 2154 tam
1866 2096 2044 2154 subti-

457 2194 550 2258 lia,
576 2202 685 2248 tam
708 2193 988 2264 praeclara,
1007 2193 1151 2248 velut
1173 2193 1390 2263 quidam
1415 2192 1511 2248 rivi
1536 2208 1566 2247 a
1589 2190 1879 2263 purissimo
1900 2190 2047 2246 fonte

458 2283 807 2355 profluerent.
847 2283 1168 2340 Meministis
1218 2284 1383 2351 enim,
1418 2294 1475 2340 et
1519 2284 1829 2340 meminisse
1857 2298 2046 2353 possu-

2143 1187 2210 1242 de
2237 1185 2531 1256 majoribus
2556 1202 2864 1258 nunquam;
2892 1194 2951 1241 ut
2984 1185 3207 1253 animal,
3239 1187 3499 1257 quoniam
3549 1187 3726 1258 majus

2144 1284 2227 1331 est
2249 1292 2412 1347 equo,
2442 1287 2498 1332 et
2528 1278 2691 1333 homo
2715 1286 2816 1343 est,
2844 1278 3194 1348 praedicatur,
3246 1278 3313 1333 de
3347 1292 3454 1347 quo
3475 1287 3532 1333 et
3561 1278 3727 1333 homo

2142 1378 2226 1425 est
2253 1388 2265 1424 :
2292 1371 2563 1440 quomodo
2583 1385 2710 1442 ergo
2735 1369 2961 1425 Ratione
2983 1371 3060 1424 uti
3088 1369 3413 1441 praedicatur
3438 1371 3507 1427 de
3535 1370 3727 1426 Ratio-

2142 1460 2251 1515 nali
2277 1502 2291 1527 ,
2321 1476 2444 1516 cum
2475 1459 2650 1530 majus
2678 1475 2799 1516 esse
2823 1460 3071 1514 videatur
3099 1458 3374 1514 Rationale
3419 1474 3585 1530 quam
3619 1457 3729 1512 Ra-

2142 1553 2282 1606 tione
2307 1553 2431 1607 uti?
2456 1552 2629 1608 Omne
2667 1552 2834 1618 enim,
2867 1551 3008 1621 quod
3053 1550 3263 1607 ratione
3303 1552 3498 1616 utitur,
3547 1549 3725 1605 ratio-

2142 1641 2264 1698 nale
2290 1651 2404 1709 est;
2439 1642 2533 1698 sed
2564 1641 2859 1706 Rationale,
2893 1641 3162 1710 inquiunt,
3193 1640 3478 1712 potestatis
3501 1649 3588 1694 est
3607 1639 3728 1693 sine

2143 1741 2265 1789 actu
2292 1751 2306 1788 :
2338 1731 2556 1787 Ratione
2587 1733 2685 1800 uti,
2713 1741 2903 1803 potest.
2928 1731 2997 1787 tis
3019 1746 3142 1788 cum
3172 1731 3459 1788 actu.Plus
3484 1746 3617 1787 vero
3642 1739 3729 1786 est

2116 1826 2429 1896 -potcstatis
2449 1840 2573 1881 cum
2612 1834 2733 1881 actu
2766 1841 2926 1896 quam
2978 1825 3091 1881 sola
3141 1834 3400 1896 potestas.
3442 1824 3595 1892 Jure,
3643 1825 3733 1878 in-

2142 1917 2357 1989 quiunt,
2391 1932 2523 1989 ergo
2560 1916 2885 1988 praedicatur
2928 1916 3147 1973 Ratione
3190 1917 3268 1973 uti
3310 1918 3380 1974 de
3430 1916 3729 1983 Rationali,

2145 2020 2401 2082 tanquam
2431 2007 2605 2079 majus
2637 2009 2704 2064 de
2733 2009 2975 2065 minori.

2211 2104 2277 2160 ll.
2319 2105 2402 2160 Ad
2433 2106 2536 2161 hoc
2562 2104 2922 2175 respondetur
2947 2122 2959 2158 :
2991 2103 3273 2173 Quomodo
3300 2118 3421 2175 quae
3443 2117 3473 2158 a
3496 2116 3731 2175 genera-

2144 2194 2367 2252 lissimis
2397 2196 2465 2251 ad
2491 2194 2885 2265 specialissima
2915 2203 3064 2250 recta
3095 2195 3236 2250 linea
3258 2193 3619 2256 descendunt,
3644 2190 3730 2246 vel

2143 2291 2456 2348 subalterna
2483 2304 2706 2361 genera,
2748 2287 2832 2345 vel
2867 2303 2966 2359 per
2991 2288 3344 2353 differentias,
3372 2288 3487 2342 sive
3528 2285 3643 2340 sint
3664 2298 3729 2339 ea

456 2391 598 2444 mus,
636 2376 876 2432 adfuisse
918 2386 1030 2432 tum
1064 2376 1263 2433 multos
1309 2377 1521 2433 nobiles
1561 2377 1939 2441 scholasticos,
1985 2383 2041 2430 et

2146 2388 2200 2442 in
2232 2385 2575 2451 substantiis,
2602 2384 2717 2440 sive
2754 2382 2809 2437 in
2856 2380 3226 2437 accidentibus
3271 2378 3555 2440 collocata,
3597 2374 3730 2431 talia

454 2475 721 2540 eruditos,
752 2474 895 2529 inter
932 2489 1068 2544 quos
1118 2474 1362 2530 nonnulli
1412 2472 1925 2544 aderantepiseopi,
1952 2485 2041 2527 sa-

453 2564 656 2634 pientia
725 2563 972 2635 praeclari
1053 2572 1110 2619 et
1160 2563 1469 2635 eloquentia
1525 2563 1784 2633 insignes.
1838 2562 2037 2618 Eorum

451 2660 635 2705 tamen
678 2651 915 2705 vidimus
964 2650 1258 2716 neminem,
1304 2650 1396 2720 qui
1444 2663 1632 2703 earum
1678 2648 2035 2719 quaestionum

458 2742 623 2797 ullam
664 2743 825 2812 digne
871 2741 1214 2812 cxplicuerit,
1268 2741 1410 2815 quod
1464 2740 1710 2811 quaedam
1757 2739 1921 2794 nimis
1969 2737 2038 2793 ab

446 2851 551 2890 usu
583 2845 822 2898 remotae,
866 2850 966 2890 nec
1012 2834 1401 2890 dubitationem
1443 2844 1570 2889 ante
1620 2829 1931 2897 habuerint,
1981 2837 2039 2885 et

454 2926 701 2996 quaedam
730 2938 873 2993 saepe
904 2938 1130 2979 numero
1159 2923 1431 2999 ventilata:
1462 2912 1683 2977 dissolvi
1715 2936 1820 2976 non
1849 2929 2039 2991 potue-

457 3013 585 3070 rint.
618 3013 809 3069 Vestra
841 3029 1056 3085 quoque
1098 3012 1275 3069 divina
1308 3012 1644 3083 providentia
1673 3009 2035 3081 ignorantiam

455 3120 615 3161 sacro
641 3105 840 3176 palatio
884 3104 1158 3176 indignam
1203 3103 1475 3174 judicans,
1513 3116 1597 3166 ea,
1623 3116 1742 3171 quae
1761 3100 1826 3154 de
1850 3098 2036 3153 Ratio-

456 3196 566 3251 nali
604 3206 652 3250 et
683 3196 883 3250 ratione
926 3198 1002 3251 uti
1035 3196 1253 3249 diverso
1282 3194 1441 3249 modo
1470 3208 1501 3248 a
1538 3192 1768 3247 diversis
1794 3190 2036 3262 objecta-

456 3287 678 3353 bantur,
706 3301 794 3342 me
839 3287 1112 3342 discutere
1149 3284 1453 3355 imperavit.
1482 3283 1636 3351 Quod
1666 3282 1882 3352 quidem
1911 3289 2039 3335 tunc

456 3386 514 3434 et
537 3377 766 3449 languor
811 3377 1057 3447 corporis
1085 3384 1138 3432 et
1162 3376 1412 3448 graviora
1429 3375 1754 3431 distulerunt
1777 3372 1992 3443 negotia
2020 3390 2033 3426 :

457 3484 603 3525 nunc
622 3468 855 3523 secunda
879 3466 1187 3521 valetudine
1216 3465 1447 3531 reddita,
1473 3466 1614 3522 inter
1635 3463 1712 3521 rei
1729 3464 2040 3536 publicaezae

458 3559 682 3629 privatae
723 3574 887 3631 curas,
927 3559 979 3612 in
1034 3558 1138 3613 hoc
1189 3558 1309 3629 ipso
1359 3558 1556 3613 itinere
1582 3542 1768 3612 Italico
1807 3557 2035 3627 positus,

459 3668 752 3722 comesque
821 3650 1152 3717 individuus,
1201 3652 1380 3721 quoad
1429 3650 1540 3705 vita
1598 3648 1951 3719 superfuerit,
1984 3648 2038 3703 in

2141 2486 2308 2543 sunt;
2339 2484 2398 2532 ut
2428 2474 2682 2531 inferiora
2709 2471 3094 2528 universaliter
3120 2470 3357 2542 prolata,
3378 2467 3727 2539 superiorum

2140 2570 2378 2625 omnium
2410 2568 2650 2632 nomina,
2682 2564 3130 2634 dillinitionesque
3162 2574 3222 2618 ut
3271 2562 3552 2627 sensibile,
3601 2574 3732 2615 eum

2141 2661 2213 2715 sit
2236 2657 2539 2716 differentia
2570 2657 2743 2728 posita
2767 2657 2868 2712 sub
2892 2656 3133 2711 animato
3158 2669 3410 2725 corpore,
3437 2652 3728 2708 universa-

2140 2751 2265 2807 liter
2292 2749 2522 2821 prolata,
2551 2747 2780 2816 suscipit
2803 2761 3026 2811 nomen,
3059 2756 3113 2800 et
3141 2745 3513 2801 deﬁnitionem
3558 2755 3726 2811 supe-

2143 2842 2347 2898 riorum
2377 2860 2391 2895 :
2439 2855 2603 2896 omne
2626 2839 2772 2893 enim
2796 2837 3051 2893 sensibile
3077 2846 3132 2892 et
3178 2836 3474 2890 animatum
3506 2846 3732 2902 corpus,

2140 2940 2196 2988 et
2223 2928 2716 2992 substantia’est,et
2732 2928 2907 2984 omnis
2931 2925 3125 2988 virtus.
3144 2934 3199 2980 et
3217 2924 3457 2989 habitus,
3479 2930 3535 2976 et
3554 2919 3737 2992 quali-

2145 2999 2244 3078 tas.
2274 3021 2426 3089 Quod
2456 3022 2501 3077 si
2527 3020 2717 3077 eodem
2748 3018 2909 3075 modo
2949 3014 3228 3072 Rationale
3258 3016 3359 3071 sub
3393 3013 3621 3084 Ratione
3654 3013 3734 3067 uti

2141 3115 2374 3185 positum
2407 3113 2499 3178 sit,
2531 3112 2804 3183 quomodo
2832 3108 3212 3165 universaliter
3240 3106 3509 3179 prolatum
3549 3104 3731 3161 susci‘

2141 3206 2253 3277 piet
2276 3220 2469 3260 nomen
2492 3204 2573 3260 sui
2602 3201 2881 3275 pratdieati
2913 3201 3056 3256 idem
3086 3197 3409 3254 Rationale?
3438 3195 3557 3251 Non
3580 3195 3727 3250 enim

2141 3313 2302 3354 omne
2331 3298 2472 3368 quod
2520 3294 2799 3351 Rationale
2825 3301 2930 3361 est,
2960 3291 3179 3348 Ratione
3207 3292 3283 3346 uti
3308 3298 3552 3361 putatur.
3587 3288 3731 3359 Ergo

2142 3390 2189 3446 si
2218 3388 2498 3443 Rationale
2519 3396 2724 3443 tantum
2753 3387 3039 3456 potestatis
3064 3395 3169 3451 est,
3195 3394 3252 3440 et
3279 3384 3504 3439 Ratione
3525 3385 3605 3438 uti
3633 3399 3730 3454 po-

2144 3480 2353 3536 testatis
2383 3488 2438 3535 et
2454 3487 2639 3545 'actus,
2669 3476 3053 3548 praedicabitur
3089 3475 3315 3530 Ratione
3336 3476 3415 3530 uti
3445 3475 3514 3530 de
3543 3474 3733 3529 Ratio-

2144 3560 2274 3623 nali.
2301 3569 2369 3622 Et
2399 3583 2607 3632 rursus,
2637 3568 2681 3623 si
2710 3566 2986 3622 Rationale
3030 3565 3411 3621 universaliter
3456 3565 3730 3635 prolatum

2144 3675 2251 3717 non
2285 3659 2509 3729 suscipit
2536 3672 2732 3714 nomen
2761 3673 2922 3729 supra
2972 3657 3124 3720 dicti,
3157 3656 3207 3709 id
3236 3663 3321 3712 est
3355 3654 3584 3710 Ratione
3612 3656 3733 3720 uti,

460 3744 607 3798 omni
632 3742 891 3812 obsequio
929 3741 1145 3797 futurus
1169 3782 1184 3808 ,
1216 3756 1337 3812 quae
1359 3741 1426 3796 de
1449 3742 1552 3796 hac
1575 3741 1875 3812 quaestione
1909 3755 2041 3795 con-

2150 3770 2265 3810 non
2285 3752 2665 3823 praedicabitur
2690 3751 2915 3805 Ratione
2938 3751 3015 3805 uti
3041 3750 3107 3806 de
3128 3747 3398 3803 Rationali
3418 3763 3437 3803 .°
3461 3756 3738 3818 eruntque

457 3838 577 3909 cepi
628 3837 865 3894 breviter
910 3835 1180 3902 describo,
1221 3851 1291 3892 ne
1343 3850 1559 3891 sacrum
1613 3833 1870 3904 palatium
1927 3842 2043 3887 tor-

456 3928 638 3999 puisse
680 3935 831 3998 putet
874 3925 1047 3990 ltalia,
1073 3932 1129 3980 et
1159 3941 1228 3980 ne
1258 3939 1316 3980 se
1360 3924 1530 3979 solam
1554 3922 1725 3993 jactet
1746 3921 1953 3978 Graecia
1986 3922 2041 3976 in

454 4018 721 4089 imperiali
785 4014 1162 4089 philosophia,
1212 4023 1266 4071 et
1336 4014 1581 4069 Romana
1629 4014 1871 4084 potentia
1902 4011 2037 4084 (15).

454 4109 732 4174 Nostrum,
783 4116 1026 4163 nostrum
1064 4114 1149 4179 est
1196 4106 1496 4161 Romanum
1543 4104 1851 4175 imperium.
1902 4103 2043 4157 Dant

455 4199 601 4254 vires
642 4199 793 4253 ferax
837 4196 1051 4268 frugum
1081 4195 1257 4262 ltalia,
1306 4205 1361 4250 et
1392 4194 1545 4250 ferax
1590 4193 1820 4249 militum
1867 4191 2048 4247 Gallia

458 4300 512 4347 et
534 4290 845 4353 Germania,
884 4303 985 4344 nec
1033 4288 1302 4360 Scythicae
1347 4287 1501 4342 nobis
1530 4287 1726 4341 desunt
1746 4283 2041 4339 fortissima

464 4399 649 4456 regna.
703 4381 897 4438 Noster
918 4396 979 4436 es
1012 4380 1217 4445 Caesar,
1249 4379 1617 4433 Romanorum
1667 4377 1964 4447 imperator
1989 4384 2045 4430 et

461 4476 727 4546 Auguste,
776 4472 868 4542 qui
920 4485 1132 4528 summo
1188 4469 1500 4527 Graecorum
1554 4467 1815 4539 sanguine
1867 4476 2040 4532 ortus,

457 4566 678 4623 Graecos
712 4564 942 4636 imperio
978 4578 1206 4635 superas
1229 4603 1243 4628 ,
1276 4561 1534 4617 Romanis
1557 4558 2046 4639 haereditariojure

460 4660 734 4736 imperas,
808 4665 1069 4728 utrosque
1106 4656 1324 4728 ingenio
1362 4665 1436 4710 ‘et
1486 4654 1701 4720 eloquio
1757 4653 2040 4726 praevenis.

458 4752 710 4809 Dicemus
763 4767 893 4823 ergo
940 4750 993 4805 in
1040 4749 1324 4820 praesentia
1374 4748 1503 4802 tanti
1542 4744 2043 4819 judicis,'primum

459 4844 705 4915 quaedam
734 4842 1187 4900 scholasticorum
1232 4840 1514 4913 praeludis,
1545 4840 1628 4896 vel
1656 4839 1835 4911 potius
1864 4838 2047 4909 sophi-

460 4936 616 5013 stica.
651 4951 668 4991 :
719 4944 850 4992 tunc
897 4918 1346 5005 philosophorum
1403 4933 1454 4987 in
1497 4932 1582 4988 his
1613 4932 1829 4987 inventa
1861 4946 2045 5002 perse~

460 5033 723 5095 quemur;
769 5025 964 5081 deinde
993 5023 1157 5078 finem
1196 5022 1488 5093 propositae
1516 5020 1833 5092 quaestionis
1862 5019 2044 5076 multi-

458 5116 580 5190 plex
609 5124 663 5173 et
690 5118 907 5187 spinosa
936 5114 1225 5186 complebit
1255 5114 1558 5170 dialectica.

527 5208 567 5265 Ι.
609 5207 899 5276 Quaeritur,
928 5206 1199 5278 inquiunt,
1231 5206 1361 5278 quid
1394 5206 1485 5268 sit,
1514 5205 1661 5276 quod
1689 5205 1768 5260 ait
1797 5203 2045 5274 Porphy-

461 5297 976 5365 rius,dill‘erentiam
1008 5299 1154 5357 velut
1182 5301 1249 5358 ad
1302 5306 1592 5370 cognatam
1637 5299 1739 5354 sibi
1789 5296 2044 5353 differen-

462 5393 590 5444 tiam
630 5392 934 5444 nrzedieari.
964 5400 1023 5444 ut
1064 5391 1289 5444 [latione
1318 5392 1400 5444 uti
1442 5386 1511 5444 ad
1568 5389 1877 5444 Rationale:
1920 5404 2043 5444 cum

2148 3844 2255 3899 duo
2280 3841 2591 3898 contraria:
2628 3839 2911 3911 praedicari
2954 3848 3009 3894 et
3049 3853 3155 3893 non
3202 3836 3508 3908 praedicari,
3546 3836 3601 3891 in
3637 3851 3731 3892 eo-

2144 3938 2265 3993 dem
2296 3934 2563 4005 subjecto;
2590 3934 2735 4004 quod
2762 3933 2876 3988 fieri
2906 3948 3011 3988 non
3041 3940 3239 4004 potest.

2213 4028 2299 4083 ιιι.
2338 4027 2749 4083 Constituamus
2774 4025 2926 4091 item,
2957 4024 3230 4094 inquiunt,
3275 4021 3410 4077 alias
3460 4020 3728 4077 dill‘eren-

2143 4119 2248 4174 tias
2268 4117 2564 4173 secundum
2608 4114 2880 4180 accidens,
2913 4110 3737 4185 praediceturque-accidentalis

2144 4207 2447 4265 dill'erentia
2473 4206 2620 4260 velut
2661 4205 2726 4260 ad
2757 4213 3042 4276 cognatam
3071 4202 3173 4258 sibi
3203 4200 3594 4257 accidentalem
3630 4198 3736 4254 dif-

2146 4299 2449 4363 ferentiam,
2481 4305 2541 4351 ut
2563 4295 2842 4352 ambulare
2866 4295 2935 4351 ad
2979 4293 3328 4350 ambulabile.
3379 4291 3497 4346 Hoc
3548 4298 3736 4344 autem

2145 4386 2439 4443 secundum
2473 4384 2886 4440 fiataccidentis
2927 4392 3211 4446 naturam;
3268 4389 3328 4435 ut
3372 4380 3631 4449 quoniam
3680 4380 3735 4434 iu

2145 4478 2437 4534 individuis
2464 4477 2701 4549 primum
2724 4461 3031 4531 accidentia
3062 4472 3513 4535 considerantur,
3527 4479 3657 4540 post
3679 4469 3735 4523 in

2146 4568 2434 4639 speciebus
2479 4576 2535 4622 et
2557 4566 2865 4638 generibus.
2897 4564 3149 4619 Dicamus
3192 4562 3510 4619 Ciceronem
3542 4560 3737 4615 ambu-

2146 4657 2284 4724 lare,
2312 4655 2568 4727 quoniam
2596 4652 2940 4710 ambulabilis
2968 4660 3089 4709 est:
3121 4660 3177 4708 et
3216 4667 3431 4717 rursus,
3479 4651 3608 4721 quia
3645 4649 3733 4705 Cic

2147 4764 2274 4804 cero
2302 4748 2464 4803 homo
2492 4755 2593 4813 est,
2624 4755 2681 4801 et
2706 4744 2969 4810 ambulat,
2992 4752 3047 4800 et
3075 4744 3421 4800 ambulabilis
3449 4752 3556 4809 est,
3586 4743 3737 4797 dica-

2146 4851 2236 4897 tur
2262 4848 2315 4897 el
2346 4841 2508 4896 homo
2539 4838 2838 4904 ambulare,
2869 4845 2925 4893 et
2963 4836 3326 4893 ambulabilis.
3357 4835 3425 4891 Et
3454 4836 3583 4891 item
3610 4835 3736 4889 ani-

2148 4932 2279 5001 mal,
2301 4948 2422 4988 cum
2450 4930 2713 4996 ambulet,
2737 4928 3063 4985 ambulabilc
3108 4935 3210 4984 est.
3233 4927 3290 4982 ln
3319 4924 3521 4996 quibus
3552 4924 3736 4980 viden-

2148 5027 2273 5081 dum
2305 5032 2409 5092 est,
2434 5023 2709 5094 inquiunt,
2767 5037 2835 5077 ne
2871 5019 3012 5076 forte
3047 5022 3184 5076 ratio
3225 5034 3405 5075 causae
3450 5028 3507 5074 et
3551 5014 3736 5071 ell‘ecti

2075 5141 2121 5200 ο
2148 5114 2402 5169 vitalibus
2431 5126 2554 5168 esse
2577 5111 2846 5166 videatur.
2873 5109 2944 5165 Ut
2962 5110 3105 5164 enim
3129 5123 3292 5164 causa
3318 5106 3569 5163 ell‘ectum
3597 5120 3736 5176 prae-

2149 5204 2343 5261 cedera
2364 5203 2586 5269 dicitur,
2616 5210 2676 5256 ut
2699 5209 2783 5257 est
2807 5218 2822 5254 :
2846 5201 2974 5271 quia
3004 5200 3160 5265 vidit,
3185 5199 3421 5264 amavit;
3445 5197 3526 5254 sic
3554 5200 3738 5267 potes-

2154 5307 2236 5355 tas
2262 5307 2443 5353 actum
2478 5293 2625 5350 omni
2670 5293 2999 5349 necessitate
3034 5291 3310 5363 praecedit.
3354 5290 3423 5344 Et
3449 5290 3578 5360 quia
3620 5288 3737 5341 hate

2152 5386 2509 5444 praecedentia
2533 5400 2639 5440 non
2664 5384 2835 5440 solum
2860 5384 3064 5444 priora,
3085 5383 3181 5439 sed
3200 5381 3381 5439 etiam,
3413 5381 3736 5444 interempta
