3986 5444
202 347 289 405 16⁵1

1285 350 1369 406 ΒΕ
1411 351 1778 408 RATIONALI
1821 351 1909 406 ET
1949 353 2250 412 narrem:
2289 342 2431 412 uri.“

3369 362 3473 418 162

200 465 516 521 interimunt
547 478 734 522 secum
768 466 1096 538 posteriora,
1125 481 1348 525 necesse
1383 479 1488 528 est.
1512 479 1782 541 potestate
1812 474 1856 534 Λ
1889 476 2069 548 itaque
2102 478 2444 542 necessariis,
2476 478 2527 532 iu
2559 478 2758 547 quibus
2785 485 2939 534 actus
2975 481 3337 552 sempiternus
3362 492 3469 550 est,

199 559 388 622 ablata,
421 567 610 614 actum
639 573 856 629 quoque
894 559 1117 616 auferri.
1152 563 1210 617 Si
1241 564 1385 618 enim
1437 563 1628 620 Cicero
1673 580 1778 619 non

194 662 270 706 est
294 651 670 714 ambulabilis,
695 653 749 708 id
778 661 860 708 est
885 695 899 718 ,
932 655 976 710 si
1005 657 1284 711 ambulare
1312 674 1417 712 non
1447 667 1644 728 potest,
1667 675 1780 713 om-

195 742 312 795 nino
363 757 472 796 non
531 744 801 806 ambulat,
855 745 906 800 id
947 754 1048 807 est.
1099 763 1204 803 non
1237 758 1418 803 aetum
1473 749 1779 804 ambulandi

195 842 427 898 exercet,
471 850 642 904 quem
690 835 812 891 sine
853 845 1122 906 potestate
1169 854 1273 893 non
1325 850 1409 894 est
1455 839 1776 909 intelligere.

198 923 338 988 Quod
371 923 415 977 si
455 922 688 979 Ratione
717 928 796 979 uti
828 937 978 982 actus
1003 943 1126 983 cum
1154 938 1427 998 potestate
1460 939 1577 995 est,
1608 929 1778 984 Ratio-

197 1013 300 1068 nale
320 1026 503 1070 aufem
531 1017 647 1070 sola
673 1029 915 1087 potestas
934 1061 949 1086 ,
980 1021 1193 1075 sublata
1211 1022 1325 1077 sola.
1349 1031 1638 1091 potesrate,
1661 1037 1780 1091 qua:

193 1114 373 1159 natura
390 1108 554 1176 prior
566 1119 670 1173 est,
697 1119 854 1166 actus
882 1127 1001 1166 cum
1024 1123 1288 1182 potestate
1310 1129 1428 1169 esse
1452 1129 1556 1169 non
1580 1123 1778 1184 potest.

195 1194 297 1248 Non
327 1195 520 1264 igitur,
561 1198 707 1268 quod
743 1210 935 1256 natura
966 1205 1238 1272 posterius
1265 1212 1370 1269 est,
1399 1205 1464 1260 de
1495 1220 1560 1260 eo
1588 1204 1781 1274 pracdi-

195 1286 407 1349 cabitur,
446 1289 597 1356 quod
624 1299 821 1345 natura
869 1294 1016 1362 prius
1061 1305 1163 1349 est.
1215 1295 1307 1350 Est
1355 1306 1533 1349 autent
1587 1305 1779 1350 natura

194 1381 329 1450 prius
351 1390 620 1449 potestas,
647 1385 918 1452 posterius
943 1397 1096 1442 actus
1127 1405 1140 1441 :
1167 1403 1270 1442 non
1298 1389 1462 1458 igitur
1484 1387 1777 1443 secundum

193 1480 506 1540 potestatem
551 1483 606 1528 et
629 1484 813 1529 actum
837 1478 1220 1546 prmdicabitur
1247 1478 1470 1532 Ratione
1494 1481 1568 1532 uti
1594 1480 1660 1532 de
1680 1478 1781 1533 Ra-

197 1563 389 1616 ttouali.
1201 1590 1211 1599 '

257 1634 341 1686 IV.
386 1635 498 1689 Sed
532 1645 756 1701 merito,
809 1639 1078 1708 inquiunt,
1114 1655 1224 1694 sua:
1253 1640 1530 1712 dignitatis
1560 1657 1656 1696 seu
1685 1655 1780 1698 cx-

196 1722 426 1777 cellentia
457 1725 543 1777 vel
597 1727 842 1794 potentia
887 1730 1229 1784 numerosius
1275 1741 1357 1783 est
1406 1729 1628 1785 Ratione
1677 1732 1776 1795 uti,

195 1827 338 1881 quam
370 1812 679 1869 Rationale.
704 1816 777 1870 At
799 1825 990 1872 natura
1021 1834 1303 1889 generum,
1331 1819 1657 1888 specierum,
1693 1819 1776 1875 vel
1805 1827 1850 1886 Β

197 1903 613 1958 differentiarum
649 1922 754 1960 non
801 1909 1063 1979 suscipit:
1098 1911 1258 1964 homo
1291 1911 1438 1965 enim
1487 1921 1541 1966 et
1593 1912 1778 1966 asinus

201 2010 336 2064 a-que
362 1996 464 2050 sub
503 1997 728 2051 animali
754 2007 898 2062 sunt,
931 2011 986 2054 ct
1017 1999 1155 2054 Deus
1191 2010 1356 2070 atque
1386 2001 1548 2055 homo
1590 2017 1774 2071 aequa-

198 2085 304 2138 liter
328 2087 661 2156 participant
687 2087 954 2143 Rationali
979 2071 1307 2146 differentia.
1337 2089 1448 2144 Non
1483 2091 1669 2162 igitur,
1696 2091 1780 2144 in-

197 2175 389 2242 quiunt,
418 2176 725 2230 secundmu
751 2177 1086 2248 dignitatem,
1116 2179 1196 2233 vel
1225 2181 1540 2250 potentiam,
1572 2181 1652 2234 vel
1679 2196 1771 2237 ex-

203 2267 493 2320 cellentiam
529 2268 862 2338 prredieatur
888 2267 1112 2323 [latione
1140 2271 1212 2322 nti
1241 2271 1304 2324 de
1336 2269 1618 2323 Rationali.

262 2358 316 2411 γ.
356 2358 450 2412 llis
482 2361 971 2430 propositionibus,
1000 2360 1113 2416 sive
1159 2359 1558 2429 objectionibus
1606 2361 1772 2416 multa

197 2465 250 2503 ex
273 2450 496 2504 adverso
527 2465 687 2520 posse
710 2452 869 2521 objici
898 2453 1074 2506 video.
1100 2452 1438 2522 Quapropter
1457 2441 1770 2522 sophistica,

200 2542 243 2593 id
285 2551 381 2606 est,
417 2541 766 2597 cavillatoria
823 2544 1202 2599 colluctatione
1247 2555 1471 2606 remota,
1525 2545 1770 2614 qua'dam

199 2636 254 2687 de
277 2644 464 2688 natura
500 2637 786 2704 potestatis
833 2646 888 2690 et
915 2647 1067 2692 actus
1094 2638 1412 2707 explicanda
1455 2649 1600 2704 sunt,
1632 2649 1683 2692 et
1718 2639 1769 2691 in

199 2739 286 2792 qua
320 2739 512 2778 eorum
546 2726 724 2794 specie
752 2724 1026 2780 Rationale
1056 2736 1108 2781 et
1144 2726 1367 2781 Ratione
1419 2728 1495 2780 uti
1543 2743 1766 2781 versen-

201 2822 312 2867 tur:
344 2815 409 2870 de
438 2807 638 2870 natura
670 2832 884 2886 quoque
911 2817 1130 2886 prioris,
1161 2828 1340 2871 utrum
1373 2817 1770 2887 pra‘dicatioui—

201 2905 286 2958 bas
311 2907 632 2972 conveniat;
663 2917 718 2962 et
768 2909 1024 2962 nonnulla
1074 2909 1141 2963 de
1187 2909 1634 2978 prardicationant
1673 2925 1768 2962 na-

205 3004 304 3048 tura
331 3006 383 3051 et
409 2997 628 3062 ordine,
657 3008 730 3063 et,
759 2998 913 3067 quasi
946 2999 1176 3068 quodam
1217 2998 1307 3052 ﬁlo
1348 2998 1415 3052 ad
1445 2999 1519 3063 id,
1552 2999 1618 3053 de
1660 3015 1769 3068 quo

203 3087 404 3153 quaestio
430 3099 541 3151 est,
583 3087 636 3142 id
668 3099 753 3144 est
799 3090 866 3144 ad
916 3089 1373 3159 praedicationem,
1415 3105 1533 3159 qua:
1569 3091 1676 3159 est}
1702 3089 1767 3144 de

203 3175 400 3246 Ratione
425 3180 505 3232 uti
535 3179 602 3234 ad
629 3179 932 3246 Rationale,
969 3180 1260 3250 disputatio
1288 3181 1604 3236 deducatur.

264 3268 339 3322 \‘l.
379 3269 495 3324 Hoc
522 3279 704 3324 autem
735 3272 998 3342 majorum
1049 3272 1362 3337 traditione,
1413 3272 1765 3342 potissimm:-

214 3375 303 3428 que
340 3361 648 3416 Aristotelis
688 3362 803 3418 ﬁeri
843 3362 1045 3432 judico,
1100 3363 1421 3434 quibusdam
1468 3364 1652 3419 verbis
1699 3379 1764 3419 ac

208 3451 468 3505 Sententiis
499 3449 618 3520 ejus
647 3452 713 3506 ad
762 3453 901 3508 hanc
929 3468 1043 3508 rem
1089 3454 1484 3522 pertinentibus
1523 3454 1763 3508 breviter

205 3549 250 3591 et
273 3538 496 3596 dilucide
534 3541 926 3612 interpretatis.
959 3543 1235 3610 Qua'tlam,
1266 3544 1460 3613 inquit,
1483 3555 1764 3613 potestates

207 3632 456 3700 equinam:
486 3644 630 3687 sunt.
664 3633 804 3690 Bene
836 3636 949 3690 ait:
979 3637 1218 3706 qna'dam
1244 3653 1262 3692 :
1289 3637 1413 3704 quia
1453 3651 1556 3688 non
1585 3638 1762 3690 omnis

206 3730 420 3786 potestas
449 3725 723 3794 :nquivoca
749 3734 832 3781 est
857 3744 870 3780 :
907 3742 1027 3796 qua:
1057 3727 1198 3780 enim
1228 3743 1294 3779 ex
1319 3742 1374 3780 se
1399 3727 1610 3794 Species
1638 3743 1762 3796 pro-

211 3808 366 3865 lundit
395 3811 571 3883 [cod.,
602 3814 914 3888 profunda],
946 3833 1052 3870 non
1085 3821 1381 3887 atquivoca,
1407 3817 1499 3870 sed
1533 3819 1759 3875 univoca

209 3924 294 3963 est.
323 3911 393 3965 Ea
433 3923 612 3967 autem
642 3923 878 3984 potestas
917 3924 998 3968 est
1031 3916 1327 3984 :cqnivoca,
1359 3930 1479 3984 quae
1506 3915 1763 3984 praedica-

210 4012 282 4056 tur
302 4003 361 4058 de
384 4014 525 4070 actu,
555 4013 609 4058 et
631 4006 696 4059 de
738 4020 800 4059 ea
830 4014 1096 4074 potestate
1126 4022 1244 4076 quae
1272 4015 1451 4075 potest
1479 4005 1763 4075 pervenire

207 4093 261 4145 ad
291 4105 478 4149 actum.
513 4095 728 4150 Nullam
755 4097 898 4151 enim
933 4096 1312 4151 diliiuitionem
1359 4096 1607 4165 recipiet,
1641 4110 1761 4164 quae

207 4185 398 4254 utrique
425 4185 491 4240 sit
515 4187 850 4252 communis;
883 4189 975 4241 sed
1003 4203 1144 4252 eam,
1172 4202 1291 4256 qua:
1319 4188 1370 4241 in
1403 4198 1526 4242 actu
1567 4196 1669 4251 est,
1706 4195 1762 4242 et

208 4287 378 4327 nomen
444 4283 497 4330 et
543 4273 918 4332 diliinitionem
970 4278 1082 4332 suis
1131 4279 1413 4347 speciebus
1460 4277 1644 4341 donat,
1694 4279 1763 4333 de

207 4376 293 4429 qua
324 4366 388 4417 ita
419 4366 489 4419 ait
523 4363 879 4420 Aristoteles:
924 4366 1265 4437 Manifestum
1306 4378 1379 4421 est
1404 4384 1470 4421 ex
1494 4369 1598 4431 Itis,
1643 4385 1761 4438 quia

211 4452 325 4506 ὕεια
351 4464 460 4506 sunt
484 4494 499 4518 ,
529 4455 781 4523 quoniam
810 4456 947 4525 quod
990 4473 1054 4510 ea:
1102 4457 1406 4510 necessitate
1450 4467 1544 4519 est,
1575 4474 1759 4511 secun-

1887 569 2030 639 ipsas
2059 582 2274 639 quoque
2315 583 2402 623 res
2449 570 2809 639 sempiternas
2837 586 2958 625 esse
2990 587 3213 628 necesse
3255 581 3359 639 est,
3409 589 3473 630 ut

1886 661 1938 714 in
1964 660 2103 715 cmlo
2130 670 2185 714 et
2207 659 2342 714 sole
2369 659 2703 730 intelligitur,
2745 678 2866 731 quae
2897 679 3001 717 non
3051 663 3224 719 solum
3271 664 3474 736 sempi-

1884 761 2060 814 terna,
2091 751 2184 805 sed
2210 749 2392 804 divina
2430 759 2485 803 et
2513 750 2838 806 immortalia
2889 753 3196 823 philosophi
3242 763 3472 824 putave-

1884 852 2030 899 runt.

1956 935 2066 989 νη.
2105 933 2243 990 Sunt
2269 949 2374 989 non
2405 936 2697 990 necessarii
2729 936 2859 991 item
2886 949 3038 992 actus
3084 954 3313 1008 quorum
3342 954 3470 1009 spe-

1884 1026 1998 1082 cies
2019 1026 2215 1096 duplex
2242 1035 2344 1080 est.
2370 1026 2656 1080 Alia'cnim
2681 1042 2867 1081 eorum
2890 1043 2955 1084 ex
2983 1039 3251 1098 potestate
3280 1031 3346 1084 ad
3379 1045 3469 1084 ac-

1885 1128 1996 1172 tum
2029 1127 2324 1183 venerunt;
2357 1118 2460 1172 alia
2512 1119 2868 1173 substantiam
2896 1121 2977 1175 sui
3005 1137 3127 1175 cum
3178 1123 3294 1190 ipso
3343 1131 3467 1176 actu

1885 1215 2074 1270 sortita
2101 1225 2261 1270 sunt:
2295 1216 2389 1269 sed
2420 1230 2542 1285 qua:
2565 1230 2632 1268 ex
2676 1223 2941 1285 potestate
2971 1217 3038 1270 ad
3085 1225 3266 1272 actum
3305 1232 3469 1272 vene-

1884 1320 2030 1377 runt,
2060 1308 2365 1376 huiusmodi
2393 1317 2540 1371 sunt,
2573 1316 2632 1361 ut
2659 1311 2878 1377 quando
2905 1308 3098 1363 Cicero
3123 1311 3298 1374 sedet,
3322 1321 3471 1366 ante-
3522 1348 3532 1368 .-

1883 1414 2044 1470 qnam
2078 1400 2310 1463 sederet,
2348 1398 2523 1468 potuit
2553 1399 2784 1463 sedere;
2821 1414 2997 1468 neque
3039 1400 3182 1453 enim
3212 1402 3464 1463 sedisset,

1882 1495 1925 1548 si
1952 1501 2272 1564 potestatem
2293 1492 2510 1548 sedendi
2543 1501 2667 1546 ante
2690 1507 2794 1546 non
2820 1492 3118 1548 habuisset.
3151 1492 3315 1547 Sedet
3335 1509 3466 1564 ergo

1881 1584 2088 1650 Cicero,
2121 1586 2172 1640 id
2201 1593 2305 1649 est,
2339 1585 2558 1640 sedendi
2589 1594 2768 1639 actum
2792 1592 3040 1650 exercet;
3068 1585 3191 1654 quia
3221 1596 3373 1638 actus
3401 1600 3468 1638 ex

1879 1687 2146 1748 potestate
2175 1679 2339 1732 venit.
2385 1677 2536 1731 Alter
2585 1693 2713 1732 vero
2755 1687 2930 1742 actus,
2979 1678 3071 1745 qni
3118 1693 3148 1729 a
3201 1685 3468 1746 potestate

1881 1787 1987 1825 non
2020 1770 2186 1834 venit,
2217 1771 2308 1826 sed
2332 1785 2455 1825 cum
2488 1786 2545 1824 re
2573 1771 2904 1824 subsistente
2932 1784 3146 1838 semper
3196 1769 3462 1830 subsistit,

1881 1859 2186 1928 huiusmodi
2217 1869 2299 1915 est
2325 1879 2339 1913 :
2371 1869 2422 1913 ut
2451 1860 2666 1928 quando
2693 1859 2830 1928 ignis
2854 1859 3016 1922 calet,
3038 1867 3327 1927 antequam
3355 1859 3469 1928 ipse

1879 1949 2022 2018 ignis
2070 1957 2236 2013 esset,
2283 1949 2430 2002 nulla
2475 1948 2681 2002 catendi
2727 1957 2965 2018 potestas
3010 1949 3321 2017 praecessit;
3372 1947 3465 2000 sed

1877 2039 2020 2108 quod
2051 2037 2166 2105 ejus
2194 2039 2494 2093 substantia
2524 2039 2644 2103 fuit,
2673 2038 2852 2093 ealere
2882 2053 2987 2092 non
3019 2037 3248 2103 destitit,
3275 2038 3325 2092 id
3357 2046 3464 2103 est,

1877 2144 2056 2190 actum
2088 2135 2300 2190 calendi
2325 2150 2431 2188 non
2459 2135 2719 2200 deseruit,
2746 2135 2890 2205 quod
2916 2135 3018 2190 sibi
3063 2150 3186 2189 cum
3214 2134 3468 2204 supernis

1876 2235 1932 2280 et
1964 2226 2274 2281 ctelestibus
2305 2227 2624 2281 substantiis
2651 2242 2937 2282 commune
2962 2236 3064 2282 est.
3123 2227 3300 2282 Disrat
3336 2243 3466 2282 vero

1875 2319 2018 2388 quod
2050 2317 2139 2372 illa
2171 2333 2401 2387 superna
2437 2317 2489 2371 in
2521 2318 2828 2372 necessaria
2861 2318 3044 2386 specie
3069 2326 3214 2382 sunt,
3242 2333 3466 2372 eorum-

1873 2430 1978 2484 que
2002 2414 2324 2478 substantia,
2352 2429 2473 2468 eum
2497 2414 2568 2468 sit
2592 2412 3157 2482 incorruptibilis,non
3183 2398 3354 2467 solum
3380 2427 3466 2467 ae-

1875 2514 1988 2559 tum
2018 2519 2293 2574 nunquam
2322 2503 2701 2567 deseruerunt,
2731 2505 2826 2559 sed
2855 2504 3016 2558 etiam
3047 2504 3162 2573 ipsa
3194 2519 3298 2558 non
3321 2505 3465 2574 peri-

1873 2606 2114 2652 muntur.
2140 2599 2281 2667 Ignis
2304 2612 2450 2660 vero,
2477 2612 2600 2651 cum
2626 2597 2696 2651 sit
2721 2597 2772 2650 in
2799 2597 2979 2666 specie
3004 2613 3108 2652 non
3134 2596 3461 2658 necessaria,

1873 2700 2055 2744 actum
2084 2691 2324 2760 quidem,
2353 2705 2636 2758 quousque
2668 2690 2936 2753 subsistit,
2966 2704 3070 2743 non
3100 2691 3296 2743 deserit
3325 2706 3339 2754 ;
3367 2690 3464 2744 sed

1872 2785 1996 2854 quia
2027 2785 2080 2838 in
2111 2785 2416 2838 necessaria
2445 2784 2624 2852 specie
2652 2799 2756 2836 non
2789 2792 2895 2846 est,
2927 2792 3108 2836 actum
3139 2782 3300 2835 simul
3334 2797 3458 2835 cum

1872 2875 2170 2929 substantia
2198 2874 2394 2944 perdit.
2441 2873 2571 2939 Qua:
2602 2873 2745 2926 enini
2789 2872 3092 2926 necessaria
3133 2885 3349 2938 semper
3390 2886 3458 2924 ex

1873 2969 2198 3019 necessitate
2229 2972 2381 3028 sunt,
2417 2977 2515 3017 nec
2538 2978 2773 3031 unquam
2821 2977 2926 3016 non
2959 2977 3078 3016 esse
3109 2968 3354 3030 possunt.
3379 2959 3460 3030 lg-

1872 3056 1956 3110 nis
1988 3070 2116 3111 vero
2141 3071 2206 3110 ex
2236 3056 2558 3110 necessitate
2611 3055 2827 3123 quidem
2857 3069 2961 3108 non
2990 3063 3073 3108 est
3089 3094 3107 3119 ,-
3135 3051 3229 3106 sed
3276 3059 3460 3105 actum

1796 3171 1840 3232 ρ
1873 3147 2082 3202 calendi
2108 3163 2173 3202 ex
2211 3147 2536 3202 necessitate
2582 3146 2762 3206 habet.
2815 3161 3094 3215 quousque
3135 3152 3235 3197 est.
3290 3141 3461 3196 [tecte

1870 3255 2000 3309 ergo
2023 3241 2224 3294 dictum
2255 3249 2338 3294 est
2378 3240 2444 3293 ab
2476 3237 2800 3294 Aristotele:
2833 3238 3093 3303 Quoniam
3117 3235 3256 3307 quod
3284 3251 3348 3288 ea;
3370 3250 3462 3286 ne-

1868 3336 2106 3388 cessitate
2133 3343 2232 3397 cat,
2258 3333 2542 3387 secundum
2577 3343 2749 3385 actum
2779 3341 2878 3385 est.
2926 3330 3236 3384 Secundum
3271 3340 3460 3380 neces—

1867 3427 2081 3481 sitatem
2119 3427 2321 3496 quippe
2361 3424 2542 3479 omnia
2596 3437 2855 3492 superna,
2906 3437 3026 3490 qua)
3063 3428 3188 3474 sunt
3239 3426 3290 3472 et
3337 3431 3461 3485 quae

1865 3520 2190 3582 subsistunt,
2223 3532 2499 3586 nunquam
2553 3515 2916 3570 interimenda
2969 3527 3238 3582 smnuque
3274 3519 3455 3564 actum

1865 3626 2139 3679 nunquam
2171 3609 2446 3663 relictura.
2479 3606 2677 3672 Quare,
2711 3606 2907 3674 inquit,
2940 3606 2985 3658 si
3032 3606 3210 3672 priora
3261 3601 3457 3670 seiitpi-

1862 3714 2034 3767 terna,
2063 3711 2109 3756 et
2140 3718 2257 3773 qua:
2287 3711 2407 3754 actu
2431 3710 2574 3764 sunt,
2606 3709 2858 3769 potestate
2885 3699 3066 3768 priora
3095 3707 3236 3750 sunt.
3263 3695 3340 3749 Ex
3367 3711 3457 3748 na-

1863 3810 1980 3852 tura
2012 3811 2196 3851 rerum
2225 3795 2508 3849 veritatem
2557 3793 2761 3864 colligit
2806 3791 3262 3862 propositionum.
3315 3786 3458 3852 Quia

1861 3889 2004 3944 enim
2036 3903 2195 3942 omne
2221 3887 2365 3958 quod
2393 3894 2477 3942 est
2523 3896 2617 3940 aut
2644 3885 2896 3956 simplex,
2924 3894 3020 3939 aut
3063 3881 3452 3950 compositum,

1863 3982 2207 4036 manifestum
2239 3990 2324 4036 est
2374 3981 2527 4050 prius
2555 3995 2675 4035 esse
2704 3979 2973 4050 simplicia
3003 3992 3165 4047 quam
3225 3987 3452 4043 compo-

1863 4072 1988 4125 sita.
2017 4072 2074 4124 ln
2109 4072 2308 4126 divinis
2358 4081 2539 4126 autem
2572 4080 2628 4125 et
2655 4071 2906 4139 supernis
2935 4069 3066 4122 nihil
3092 4066 3452 4134 compositum

1862 4172 1969 4229 est,
1996 4165 2091 4219 sed
2117 4172 2242 4219 sunt
2271 4163 2451 4217 omnia
2482 4161 2770 4231 simplicia.
2798 4160 3055 4228 Alioquin
3103 4170 3266 4210 omne
3297 4169 3453 4231 com-

1863 4255 2096 4334 positum
2125 4270 2350 4310 necesse
2376 4263 2462 4310 est
2489 4263 2548 4309 ut
2603 4255 2654 4308 in
2685 4255 2746 4308 ea
2776 4252 3083 4307 resolvatur
3128 4249 3272 4304 unde
3303 4264 3455 4303 com-

1863 4348 2095 4417 positum
2119 4357 2220 4403 est.
2251 4346 2368 4402 Non
2417 4345 2760 4403 resolvuntur
2803 4354 2987 4400 autem
3033 4343 3230 4400 divinte
3257 4340 3458 4395 catles-

1867 4449 2056 4509 tesqne
2099 4439 2440 4503 substantim,
2491 4453 2787 4506 rerumque
2840 4437 3086 4491 omnium
3158 4433 3452 4499 elementa,

217 4542 313 4596 tum
341 4556 502 4599 actum
533 4557 628 4601 est.
659 4545 857 4612 Quare,
888 4549 934 4602 si
959 4551 1136 4620 priora
1186 4550 1522 4618 sempiterna,
1555 4561 1603 4604 et
1636 4568 1753 4620 qua:

1875 4533 1985 4600 piia
2013 4531 2278 4602 simplicia
2325 4542 2450 4586 sunt
2487 4540 2540 4587 et
2573 4531 2956 4600 incomposita.
3008 4531 3138 4597 Quae
3169 4538 3351 4582 autem
3381 4543 3451 4581 ex

217 4642 308 4687 tetu
330 4644 464 4701 sunt,
492 4646 741 4704 potestate
769 4639 944 4706 priora
966 4647 1103 4693 sunt.
1136 4638 1203 4692 Et
1243 4640 1360 4694 haec
1388 4639 1609 4708 quidem
1639 4641 1758 4696 sine

212 4733 439 4791 potestate
465 4739 584 4784 actu
612 4740 760 4794 sunt,
788 4739 846 4784 ut
871 4731 1058 4801 prima:
1086 4732 1423 4787 substantize.
1459 4733 1579 4788 Alia
1628 4749 1760 4790 vero

210 4824 315 4867 sunt
336 4827 447 4872 actu
472 4835 590 4876 cum
619 4821 998 4890 possibilitate,
1023 4839 1142 4894 qua:
1172 4832 1365 4876 natura
1399 4824 1579 4894 priora
1609 4835 1753 4891 sunt,

212 4907 422 4971 tempore
441 4923 562 4964 vero
592 4910 914 4979 posteriora.
947 4912 1064 4967 Alia
1111 4927 1242 4968 vero
1300 4928 1576 4984 nunquam
1629 4926 1756 4971 sunt

215 5001 335 5054 actu,
367 4997 452 5051 sed
493 5008 760 5068 potestate
790 4999 920 5055 sola.
953 5001 1082 5067 Quae
1130 4995 1426 5058 necessaria
1474 5015 1620 5072 sunt,
1670 5007 1752 5061 in-

215 5084 329 5150 quit,
353 5087 402 5140 in
424 5103 532 5144 acta
556 5102 708 5158 sunt,
740 5106 806 5146 eo
845 5092 1068 5159 scilicet,
1099 5111 1262 5168 quem
1312 5096 1616 5167 relinquere
1659 5115 1754 5155 ne-

215 5185 404 5241 queunt,
430 5190 483 5235 ut
527 5183 732 5238 malum
781 5192 837 5238 et
884 5185 961 5238 snl
1006 5189 1286 5260 proprium
1338 5199 1562 5245 motum.
1620 5181 1752 5245 Item

339 5278 612 5300 ΙΙΛΛΛΑρ--..ξσ-
660 5284 784 5300 ιιι-κ.
842 5292 983 5300 ιιι----

1865 4624 2055 4692 primis
2083 4625 2367 4693 cenjuncta
2418 4631 2543 4678 sunt
2591 4624 2899 4689 elementis,
2935 4622 2989 4676 in
3017 4621 3205 4676 eadem
3260 4633 3452 4672 rursus

1863 4716 2229 4770 resolvuntur.
2257 4715 2442 4770 Priora
2465 4723 2592 4770 sunt
2613 4716 2776 4786 igitur
2799 4715 3152 4785 sempiterna,
3179 4726 3299 4780 quae
3323 4709 3451 4763 alio-

1861 4822 1982 4861 rum
2013 4807 2254 4861 omnimn
2281 4807 2605 4877 principium
2649 4815 2777 4860 sunt
2808 4807 2896 4861 his
2945 4821 3064 4876 quae
3112 4802 3445 4871 sempiterna

1863 4915 1970 4955 non
2007 4909 2154 4957 sunt.
2191 4900 2296 4955 Sed
2327 4916 2446 4969 quae
2477 4900 2804 4968 sempiterna
2839 4909 2987 4962 sunt,
3020 4898 3136 4952 sine
3164 4903 3287 4946 actu
3339 4906 3447 4946 non

1865 5000 2007 5054 sunt,
2039 5008 2137 5047 nec
2162 4992 2350 5045 fuere:
2377 4992 2528 5060 prior
2556 5001 2637 5045 est
2666 4990 2829 5059 igitur
2858 5000 3015 5043 actus
3046 4990 3335 5056 potestate.
3363 5019 3373 5027 .

1937 5101 2062 5156 VIII.
2093 5102 2298 5156 Rursus
2342 5099 2667 5154 Aristoteles
2713 5108 2893 5152 autem
2935 5099 3078 5151 velut
3119 5106 3289 5159 genus
3318 5104 3455 5144 con-

1860 5173 2006 5247 stare
2036 5193 2221 5246 vnlens
2253 5208 2317 5246 ex
2356 5199 2551 5244 natura
2585 5205 2764 5244 rerum
2799 5184 3229 5257 praijaeentium,
3273 5179 3450 5247 parti-
3514 5228 3521 5235 _
