3986 5444
585 355 690 412 165

1155 349 1510 412 SILVESTRI
1549 351 1602 410 ll
1629 352 1829 412 ΡΑΡᾹΞ
1869 353 2019 414 OPP.
2065 353 2161 412 PA}

2282 352 2322 412 1.
2366 387 2435 398 -
2475 355 2560 414 DE
2597 358 2946 416 DISCIPLIN.
2989 359 3301 418 MATHEM.

3758 365 3857 422 £64

583 467 922 526 substantia}.
953 467 1082 536 Qua:
1120 467 1240 523 ideo
1286 468 1475 538 primae
1515 469 1793 534 dicuntur,
1819 468 1946 537 quia
1983 482 2164 521 rerum
2195 474 2240 531 Α
2271 463 2421 532 prius
2470 467 2677 535 mquale
2705 484 2864 538 quam
2896 469 3190 542 inaequale:
3223 471 3402 529 omnis
3429 473 3576 530 enim
3609 473 3857 547 inaequa-

579 561 844 630 principia
893 559 1020 614 sint.
1083 556 1214 612 Sine
1273 566 1542 627 potestate
1589 566 1769 612 autem
1820 572 1883 612 ea
1929 556 2162 621 scilicet,

580 654 723 723 quod
762 652 1077 706 utrumlibet
1118 658 1316 721 potest.
1371 649 1578 704 leum
1629 650 1772 704 enim
1810 658 1867 704 et
1919 648 2000 704 sol
2058 665 2164 703 non

577 753 808 814 possunt
851 758 957 798 non
1011 743 1250 808 moveri,
1298 749 1352 796 et
1381 741 1522 812 ignis
1553 755 1656 794 non
1687 740 1894 805 calere,
1930 749 1985 793 et
2025 755 2164 809 aqua

578 851 686 890 non
719 834 936 888 humida
972 847 1115 888 esse.
1143 832 1234 886 llla
1267 847 1415 896 vero,
1446 846 1566 900 quae
1597 839 1721 885 actu
1752 839 2025 884 suntcum
2065 845 2162 898 po-

579 932 792 985 testate,
819 938 882 977 ex
925 931 1076 976 motu
1115 922 1282 976 animi
1327 922 1694 986 descendunt,
1725 930 1786 975 ut
1827 937 1950 976 cum
1981 920 2160 985 sedeo,

576 1026 721 1069 moui
749 1013 916 1068 animi
970 1013 1038 1066 ad
1090 1014 1232 1068 hunc
1269 1020 1449 1067 actum
1495 1012 1722 1078 accessi,
1772 1028 1934 1082 quem
1982 1023 2161 1068 actum

574 1112 819 1172 potestas
873 1103 1097 1158 sedendi
1149 1101 1429 1172 praecessit
1470 1119 1482 1155 :
1525 1117 1632 1158 non
1678 1102 1822 1156 enim
1878 1102 2160 1167 sedissem,

575 1197 680 1252 nisi
713 1197 865 1266 prius
892 1196 1022 1250 mihi
1053 1195 1272 1250 sedendi
1297 1202 1539 1264 potestas
1571 1193 1780 1249 fuisset.
1809 1195 1874 1249 Et
1901 1211 2023 1249 cum
2049 1195 2163 1249 lucc

573 1296 814 1358 potestas
845 1295 1087 1357 tempore
1107 1285 1381 1355 praecedat
1408 1293 1611 1352 actum,
1650 1295 1804 1341 actus
1831 1294 2008 1340 tamen
2039 1301 2162 1340 cum

571 1385 843 1446 potestate
867 1378 936 1432 ab
968 1376 1259 1432 Aristotele
1284 1377 1434 1447 prius
1464 1391 1585 1432 esse
1611 1377 1810 1433 dicitur
1863 1392 2025 1446 quam
2050 1375 2163 1431 sola

572 1479 843 1537 potestas;
865 1485 982 1539 quae
1003 1480 1147 1533 actu,
1171 1468 1365 1538 inquit,
1393 1479 1653 1523 suntcum
1677 1479 1954 1540 potestate,
1971 1482 2161 1524 natura

571 1559 749 1628 priora
779 1568 919 1624 sunt,
969 1569 1197 1628 tempore
1238 1576 1354 1614 vero
1388 1561 1700 1629 posteriora.
1737 1560 1849 1615 Hoc
1898 1561 2018 1614 ideo
2052 1559 2110 1614 ﬁt
2145 1578 2157 1614 :

572 1649 698 1718 quia
743 1658 1003 1717 potestas,
1044 1665 1166 1704 cum
1203 1651 1275 1705 sit
1313 1650 1525 1705 initium
1557 1660 1744 1715 actus,
1786 1652 2160 1720 imperfectum

572 1739 844 1808 quoddam
899 1749 1016 1805 est;
1066 1739 1305 1809 perfecta
1366 1750 1544 1796 autem
1591 1741 1923 1811 imperfectis
1976 1742 2159 1810 priora

2268 555 2390 610 litas
2436 557 2504 611 ab
2550 560 2861 628 mqualitate
2901 562 3197 617 descendit.
3245 563 3386 634 Ergo
3418 575 3593 631 actus,
3643 567 3698 621 in
3749 585 3858 639 quo

2265 654 2508 715 potestas
2562 658 2935 704 consummata
3010 660 3065 705 et
3107 651 3348 721 perfecta
3417 663 3531 720 est,
3566 656 3721 726 prius
3776 669 3860 712 est

2265 754 2428 808 quam
2469 747 2730 809 potestas,
2779 757 2898 811 quae
2949 751 3076 796 ante
3105 754 3283 797 actum
3314 753 3466 799 curta
3517 756 3574 801 et
3633 757 3722 802 est
3753 747 3858 802 im-

2265 832 2506 903 perfecta
2533 850 2547 886 :
2581 835 2980 903 qumquamvis
3011 843 3258 904 tempore
3277 836 3636 904 praecesserit.
3662 846 3859 892 natura

2267 930 2446 976 tamen
2494 922 2641 977 velut
2688 923 2866 977 minus
2913 923 3121 978 habens
3177 939 3207 978 a
3255 923 3497 994 perfecto
3534 926 3789 980 deﬂuxit.

2335 1010 2426 1064 IX.
2459 1012 2576 1066 Alia
2609 1028 2739 1067 vero
2764 1053 2779 1077 ,
2817 1012 3028 1080 inquit,
3084 1028 3358 1083 nunquam
3405 1025 3530 1068 sunt
3559 1025 3716 1079 actu,
3766 1015 3858 1070 sed

2264 1110 2532 1171 potestate
2553 1103 3032 1159 solum.Numerus
3060 1120 3296 1174 namque
3324 1114 3589 1175 potestate
3616 1106 3860 1162 inﬁnitus

2264 1200 2380 1257 est;
2414 1194 2509 1247 sed
2539 1209 2661 1248 cum
2707 1193 2908 1248 dixeris
2932 1194 3245 1263 quemlibet,
3280 1204 3404 1248 actu
3447 1195 3633 1250 ﬁnitus
3656 1207 3763 1250 est.
3798 1197 3862 1252 Et

2265 1283 2331 1338 de
2378 1291 2619 1353 tempore
2659 1286 2849 1337 eadem
2899 1284 3036 1342 ratio
3081 1295 3185 1338 est.
3235 1283 3470 1351 Tempus
3515 1286 3661 1337 enim
3705 1295 3860 1353 pote-

2265 1384 2405 1430 state
2452 1376 2723 1430 iulinitum
2766 1385 2846 1430 est
2881 1394 2896 1431 :
2940 1376 3036 1431 sed
3079 1391 3202 1430 cum
3253 1375 3458 1430 dixeris
3499 1376 3668 1440 diem,
3713 1391 3861 1430 men-

2265 1481 2400 1532 sem,
2426 1483 2648 1532 annum,
2679 1466 2764 1521 vel
2814 1467 2957 1522 aliud
2985 1466 3282 1536 quodlibet,
3315 1475 3439 1520 actu
3488 1467 3702 1520 [initum
3758 1476 3857 1520 est.

2263 1556 2533 1612 Facienda
2564 1567 2648 1611 est
2680 1557 2844 1628 igitur
2873 1558 3063 1612 borum
3091 1558 3332 1612 omnium
3366 1557 3686 1626 descriptio,
3719 1566 3780 1610 ut
3808 1566 3860 1612 et

2264 1649 2455 1721 ﬁgura,
2490 1650 2664 1704 oculis
2691 1649 2929 1717 subjecta
2956 1691 2969 1712 ,
3012 1649 3206 1705 melius
3232 1650 3487 1719 prtedicta
3523 1649 3857 1704 clarescant.

2264 1739 2322 1793 In
2356 1740 2458 1793 hac
2485 1740 2660 1808 prima
2692 1739 3058 1808 descriptione
3086 1739 3218 1813 nibil
3247 1739 3390 1795 aliud
3433 1755 3600 1809 quam
3628 1748 3791 1793 actus
3809 1748 3861 1793 et

574 1838 726 1892 sunt,
749 1839 803 1885 et
833 1846 951 1899 qua)
975 1847 1003 1886 a
1038 1833 1399 1902 generositate
1443 1848 1554 1887 sua:
1584 1843 1791 1887 naturae
1820 1832 2157 1901 prmcellunt,
2189 1833 2234 1891 B
2262 1831 2548 1902 potestatis
2577 1830 2934 1900 arquivocatio
2956 1831 3363 1887 demonstratur
3389 1850 3402 1886 :
3437 1831 3552 1887 solo
3577 1831 3730 1887 enim
3769 1847 3861 1886 [ιο⁴

570 1925 627 1973 et
649 1920 775 1989 quia
802 1928 859 1975 ut
880 1922 1117 1989 bonitas,
1149 1931 1207 1978 ut
1236 1923 1406 1978 virtus
1433 1923 1659 1978 moualia
1682 1931 1826 1978 sunt.
1860 1922 1952 1976 Est
1973 1933 2155 1978 autem

2266 1924 2411 1978 mine
2436 1923 2760 1993 participant

2081 2183 2337 2241 Potestas

1390 2329 1660 2399 posterior
1679 2327 1804 2383 actu
1874 2329 1883 2398 |

1773 2401 1940 2456 Actus

2511 2327 2521 2396 |
2584 2324 2857 2397 tequivoea

2367 2406 2928 2539 P°'§:;25i,gs‘;‘i‘f.a°‘“
3001 2431 3158 2488 Plato
3187 2432 3375 2488 delinit

2159 2628 2268 2684 Res

1863 2783 2030 2840 genus
2046 2769 2087 2840 /
2119 2765 2128 2772 ”

2007 2841 2045 2908 /

1801 2901 1808 2909 ’
1863 2901 2030 2962 Actus

2143 3459 2366 3467 ————————

2311 2733 2330 2764 κ

2334 2767 2626 2903 \univoca

2385 2909 2634 2963 Potestas

2456 2979 2638 3118 /|-

2639 3063 2863 3072 ———_

2872 3048 2886 3260 Ι

1777 3052 1781 3117 l
1855 3052 2124 3192 (licem
2184 3122 2393 3191 species
2419 3052 2495 3189 //
2561 3118 2770 3188 species

1777 3123 1788 3262 Ι
1893 3190 1980 3262 ΑΜ.
2108 3191 2428 3262 |Potestas,
2467 3205 2588 3262 qua:
2694 3259 2723 3262 _

1195 3196 1512 3280 (Eiceronem
1538 3190 1786 3280 spegiesl
1891 3190 1980 3270 .M.
2108 3190 2428 3280 [Potestas,
2467 3205 2592 3280 qua}.
2694 3259 2734 3280 ἢ
2775 3269 2787 3280 ⁸
2859 3190 2881 3280 ,1
3249 3219 3290 3280 G

1538 3241 1595 3263 Ὗ
1622 3241 1974 3318 Necessarius
2109 3241 2119 3365 Ξ
2154 3271 2276 3316 actu
2292 3241 2616 3330 esse'pojssit.
2693 3241 2962 3326 Potestas,
2985 3276 3105 3330 qtue

2703 3343 2824 3365 om“
2854 3346 2973 3365 ncun
3001 3348 3102 3365 “nn
3237 3333 3246 3347 ξ
3523 3333 3534 3349 ⁸

2105 3331 2119 3472 ι
3179 3331 3621 3427 ἰέἐὶἱὲιονέἐῖῗέὲῗι

2143 3459 2366 3467 ________
2710 3410 2900 3470 p058".-
3182 3446 3595 3472 mmmmmnnm

2554 3472 2628 3506 ιη
2710 3415 2900 3470 Ροδεηο
3179 3415 3459 3506 agitatas;
3470 3415 3620 3490 2.3.1.:

2376 3471 2386 3542 1
2420 3472 2630 3539 species

1656 3544 1834 3616 ignem
1857 3542 2036 3598 calere

1430 3687 1643 3754 sedere,
1670 3696 1836 3743 stare.

1986 3701 2016 3740 a
2050 3653 2317 3754 potestate

2160 3541 2276 3597 Non
2307 3545 2649 3598 necessarius

2448 3699 2478 3737 a
2506 3614 2698 3739 n'atura
2843 3699 3037 3754 aquam
3068 3683 3344 3738 humidam

3023 3767 3162 3809 esse.

647 4091 811 4151 X.Et
850 4092 914 4148 dc
948 4097 1214 4162 potestate
1243 4085 1458 4158 quidem
1507 4085 1854 4141 manifestum
1898 4093 2002 4149 est,
2034 4082 2158 4152 quia
2192 4063 2236 4127 ο
2269 4083 2494 4140 rendum
2549 4091 2630 4138 est
2669 4097 2914 4152 quaenam
2961 4080 3028 4138 sit
3082 4092 3324 4152 potestas
3371 4081 3670 4140 Rationah‘s
3717 4087 3864 4143 diﬂ'e-

577 4197 820 4258 potestas
863 4184 1061 4239 dicitur
1088 4199 1102 4237 :
1138 4188 1293 4270 actps
1322 4194 1450 4235 vero
1497 4179 1621 4234 ideo
1646 4188 1885 4248 potestas
1915 4177 2162 4231 nomina-

491 4350 494 4352 γ
581 4290 704 4344 tur,
737 4280 862 4348 quia
894 4273 1037 4347 quod
1061 4281 1165 4336 est,
1194 4267 1315 4328 esse
1361 4279 1557 4340 potest.
1587 4269 1772 4324 Altera
1799 4283 1930 4323 vero
1960 4267 2164 4332 descri-

580 4369 695 4438 ptio
735 4365 1055 4422 divisionem
1103 4363 1318 4434 generis
1361 4362 1626 4416 continet.
1672 4360 1765 4414 Est
1816 4359 1959 4413 enim
2010 4367 2163 4412 actus

485 4457 507 4525 _'
580 4473 770 4527 genus.
814 4453 980 4524 llujus
1011 4453 1218 4524 species
1248 4459 1373 4506 sunt
1411 4449 1529 4504 duae
1563 4466 1575 4502 :
1612 4447 1936 4507 necessaria,
1962 4455 2016 4502 et
2057 4462 2160 4500 non

581 4548 910 4603 necessaria.
958 4545 1025 4600 Et
1075 4544 1142 4599 de
1193 4542 1501 4598 necessario
1540 4541 1757 4610 quidem
1808 4539 2009 4593 dictum
2081 4547 2165 4592 est

580 4641 724 4711 quod
772 4642 824 4694 in
877 4637 1124 4710 supernis
1159 4634 1500 4699 substantiis,
1533 4645 1853 4702 semperque
1885 4631 1936 4684 in
1967 4646 2061 4683 sua
2086 4630 2165 4683 in-

580 4733 834 4805 tegritate
877 4727 1222 4785 manentibus
1267 4727 1598 4780 inveniatur.
1629 4722 1742 4777 Non
1797 4721 2162 4777 necessarium

581 4838 710 4877 vero
754 4823 888 4876 duas
915 4835 980 4875 ex
1012 4833 1072 4874 se
1101 4818 1311 4889 species
1365 4815 1541 4870 fundit
1575 4831 1587 4865 :
1627 4814 1813 4875 altera,
1849 4827 1968 4882 qua:
2009 4826 2037 4863 a
2070 4825 2164 4880 po-

583 4924 774 4971 testate
805 4916 871 4969 ad
901 4921 1082 4967 actum
1126 4910 1466 4980 pervenerit;
1513 4907 1705 4971 altera,
1737 4922 1858 4976 quae
1890 4921 1994 4959 non
2019 4920 2046 4957 a
2072 4919 2166 4973 po-

584 5015 799 5069 testate,
825 5004 918 5059 sed
950 5019 978 5055 a
1014 4999 1343 5056 subsistendi
1375 5007 1570 5052 natura
1599 4997 1651 5050 in
1679 5005 1800 5051 actu
1835 4995 2162 5066 proruperit.

581 5095 637 5138 Si
675 5111 802 5138 vom
833 5110 953 5138 mm
985 5091 1241 5138 maciem.
1275 5105 1396 5138 mm
1444 5103 1722 5138 nummum
1764 5095 1847 5138 est
1883 5097 2003 5138 actu
2027 5126 2040 5138 .
2072 5084 2165 5138 sed

2268 4176 2498 4231 rentiaa:
2532 4185 2712 4229 utrum
2744 4189 2840 4238 ea,
2878 4187 2997 4243 quae
3027 4189 3302 4244 nunquam
3350 4175 3402 4228 in
3442 4184 3622 4230 actum
3674 4181 3864 4233 venire

2266 4270 2474 4340 possit,
2504 4285 2570 4322 an
2603 4283 2688 4332 ea,
2722 4282 2842 4337 quze
2863 4267 2917 4321 in
2949 4275 3128 4321 actum
3160 4268 3341 4322 venire
3371 4268 3675 4340 contingat;
3701 4273 3864 4340 quive

2267 4374 2419 4420 actus
2447 4379 2569 4418 cum
2603 4370 2889 4432 potestate,
2917 4362 3008 4430 qui
3065 4361 3115 4415 in
3167 4361 3338 4416 altera
3378 4360 3711 4430 differentia,
3746 4381 3864 4433 qum

2266 4466 2349 4510 est
2380 4470 2393 4507 :
2428 4453 2646 4507 Ratione
2696 4454 2796 4518 uti,
2839 4452 3198 4522 proponitur?
3231 4452 3355 4506 Isne
3407 4469 3566 4523 quem
3619 4465 3866 4525 pote-tas

2265 4544 2556 4615 prtecedat,
2601 4559 2668 4596 an
2715 4543 2760 4598 is
2804 4559 2966 4612 quem
3007 4552 3246 4612 potestas
3292 4545 3616 4600 comitetur?
3677 4547 3865 4618 Longe

2265 4635 2410 4690 enim
2445 4633 2548 4688 alia
2593 4643 2678 4689 est
2710 4634 2848 4688 ratio
2889 4635 3176 4703 potestatis
3221 4637 3499 4705 sequentis
3548 4649 3738 4694 actum
3765 4682 3781 4705 ,
3812 4649 3866 4692 ct

2266 4729 2367 4783 alia
2396 4729 2780 4799 prmcedentis;
2813 4737 3129 4799 tantumque
3176 4728 3259 4782 hae
3288 4738 3586 4799 potestates
3616 4735 3867 4803 pmpric-

2267 4830 2379 4876 tate
2406 4836 2517 4875 sua:
2568 4830 2774 4875 natura:
2809 4820 3094 4888 disiunctae
3141 4830 3297 4886 sunt,
3329 4829 3390 4876 ut
3417 4822 3504 4877 ubi
3537 4821 3710 4878 fuerit
3759 4841 3863 4878 una

2268 4930 2372 4968 non
2404 4913 2574 4982 possit
2604 4929 2724 4968 esse
2751 4913 2938 4967 altera.
2965 4913 3108 4983 Ergo
3135 4924 3218 4968 est
3242 4913 3292 4967 in
3322 4915 3487 4969 rebus
3506 4915 3866 4970 mutabilibus

2268 5011 2536 5073 potestas,
2595 5019 2715 5072 qua:
2767 5011 2990 5057 vocatur
3067 5003 3383 5058 utrumlibet
3440 5006 3761 5072 praecedens
3813 5016 3867 5060 et

2269 5094 2634 5138 ςιιιιςρηιιρης-
2671 5103 2729 5138 ut
2764 5094 2980 5138 ntlnmln
3033 5093 3224 5138 Cinprn
3258 5095 3492 5138 nmhulnt
3565 5106 3862 5138 anlmmnm
