3986 5444
191 400 287 468 1ῧὸ

1269 398 1355 460 DE
1393 396 1764 458 RATIONALI
1804 397 1892 454 ΕΤ
1930 397 2232 456 RATIONE
2273 395 2404 455 UTI.

3363 400 3464 455 166

191 530 428 595 potestas
459 516 754 577 immobilis
805 524 860 573 et
888 517 1019 583 flxa,
1075 530 1138 571 ac
1183 531 1280 586 per
1309 517 1412 570 hoc
1443 513 1775 573 necessaria,
1811 518 1852 572 Α
1887 528 2024 574 ιιιιιΓ,
2054 527 2081 564 a
2113 512 2353 575 caeteris,
2385 524 2504 578 qua:
2558 507 2634 562 uti
2688 522 2794 563 non
2847 516 3094 578 possunt,
3147 508 3467 568 differimus.

193 631 303 683 qua:
336 628 508 666 unum
557 610 731 681 possit
760 617 815 662 et
848 622 955 661 non
987 605 1322 659 utrumlibet.
1356 604 1492 670 Quia
1523 603 1666 656 enim
1705 600 1785 654 sol

193 714 454 764 movetur,
486 717 614 756 eum
645 699 847 753 moveri
875 714 1032 767 posse
1059 695 1403 750 manifestum
1437 705 1517 748 est
1538 735 1552 757 ,
1584 705 1637 746 et
1680 709 1785 745 non

194 794 389 846 moveri
431 807 544 845 non
577 806 736 860 posse
768 803 991 842 necesse
1015 797 1118 839 est.
1173 785 1238 838 Et
1277 785 1401 854 quia
1447 784 1674 838 diversis
1705 797 1787 834 re-

194 897 303 936 rum
334 881 655 952 generibus,
683 880 733 933 id
765 887 848 933 est
883 878 1232 932 nmtabilibus
1254 886 1307 932 et
1333 874 1783 937 immutabilibus,

193 972 432 1027 diversas
457 979 758 1041 poteSIates
786 969 1161 1030 attribuimus,
1191 967 1540 1036 quaerendum
1569 974 1652 1018 est
1696 963 1786 1016 ubi

193 1062 512 1118 differentia:
539 1059 863 1125 Rationalis,
885 1068 941 1114 et
977 1055 1257 1112 Rationale
1297 1058 1372 1110 uti
1403 1056 1655 1112 collocari
1688 1069 1784 1106 va-

193 1154 363 1210 leant?

256 1245 345 1298 XI.
376 1243 554 1299 Video
583 1251 764 1297 autem
794 1239 1135 1296 Rationalem
1163 1235 1518 1291 differentiam
1555 1234 1607 1287 in
1647 1248 1787 1287 sem-

192 1335 413 1402 piternis
466 1349 535 1386 ac
563 1331 889 1386 necessariis
918 1343 1074 1392 esse,
1116 1336 1171 1382 et
1207 1342 1438 1396 quorum
1488 1322 1787 1376 substanJa

197 1440 471 1493 nunquam
504 1440 626 1478 esse
676 1423 908 1478 desinat.
946 1419 1344 1476 Snbstantiales
1390 1432 1604 1487 quoque
1637 1413 1788 1466 diffe-

198 1517 402 1578 rentize,
431 1517 676 1584 itemque
699 1515 929 1585 species,
953 1525 1008 1568 et
1029 1527 1226 1582 genera
1259 1523 1473 1578 semper
1499 1516 1644 1559 sunt.
1668 1505 1787 1558 Alia

196 1620 314 1662 sunt
338 1608 564 1677 quidem
591 1623 772 1661 rerum
804 1605 1013 1670 formae,
1049 1603 1165 1668 vel,
1187 1611 1246 1656 ut
1270 1602 1344 1655 ita
1371 1597 1630 1660 dixerim,
1683 1593 1788 1648 fur-

196 1716 290 1755 ma:
319 1699 666 1762 formarum;
702 1697 807 1752 alia
839 1704 967 1751 sunt
997 1705 1184 1759 actus;
1230 1692 1334 1746 alia
1384 1699 1509 1745 sunt
1540 1689 1786 1758 quautam

193 1801 514 1862 potestates.
553 1789 653 1844 Est
696 1788 862 1860 igitur
891 1785 1183 1848 Rationale,
1228 1785 1356 1838 dum
1385 1792 1469 1837 est
1514 1783 1566 1835 in
1592 1779 1784 1834 intelli-

1888 605 2018 659 Item
2051 606 2209 658 homo
2239 619 2454 672 semper
2484 600 2762 656 rationalis
2785 611 2888 666 est,
2917 617 3022 655 non
3056 612 3235 656 autem
3261 619 3475 674 semper

1892 696 2063 748 utitur
2093 695 2320 748 ratione.
2353 693 2466 748 Non
2494 704 2577 748 est
2610 694 2773 762 igitur
2797 694 3006 748 ratione
3035 693 3110 747 uti
3147 696 3475 751 substantia-

1889 787 1954 840 lis
1998 784 2320 840 differentia.

1959 876 2095 930 XIII.
2139 875 2245 930 Sed
2276 876 2414 930 forte
2445 875 2708 945 quaeritur
2746 873 2872 944 quid
2907 875 2977 929 sit
3007 876 3108 931 hoc
3142 876 3346 946 ipsum:
3379 874 3469 930 Uti

1890 967 2108 1032 ratione,
2136 977 2188 1021 et
2215 966 2338 1037 quia
2373 969 2486 1022 h:ec
2517 968 2822 1024 differentia
2867 969 2938 1024 Sit
2963 979 3189 1040 cognata
3226 970 3477 1025 differen-

1889 1059 1978 1112 tia}
2014 1059 2306 1112 rationali?
2332 1058 2472 1124 Quid
2513 1070 2620 1124 est,
2647 1061 2822 1132 inquit
2848 1061 3063 1117 Boetius
3092 1104 3106 1128 ,
3141 1064 3218 1116 uti
3250 1066 3474 1129 ratione,

1888 1150 1988 1202 nisi
2012 1151 2084 1202 uti
2103 1150 2432 1218 judicatione
2449 1152 2472 1204 ἴ)
2488 1150 2653 1206 Omne
2667 1155 2803 1206 enim
2825 1169 3095 1208 commune
3111 1154 3255 1208 nobis
3270 1165 3342 1210 est
3358 1173 3476 1209 rum

1887 1241 2089 1292 arteria
2119 1241 2508 1307 animantibus;
2533 1243 2646 1296 sola
2681 1245 2881 1298 ratione
2911 1245 3285 1316 disjungimur.
3324 1248 3476 1315 Quod

1887 1330 1930 1383 si
1971 1327 2084 1384 sola
2116 1346 2331 1400 quoque
2359 1331 2694 1401 judicatione
2733 1333 2874 1388 inter
2903 1350 3003 1390 nos
3047 1346 3098 1390 et
3129 1346 3324 1391 uetera
3356 1338 3476 1390 ani-

1890 1422 2052 1476 malia
2076 1433 2158 1478 est
2189 1424 2444 1478 distantia
2465 1466 2478 1487 ,
2505 1440 2604 1479 cur
2626 1426 2936 1480 dubitemus
2991 1426 3214 1482 Ratione
3243 1431 3317 1482 uti
3371 1431 3476 1485 hoc

1887 1531 2028 1580 esse,
2062 1515 2205 1585 quod
2229 1525 2314 1569 est
2358 1517 2432 1569 uti
2460 1515 2834 1583 judicatione?
2865 1517 3019 1584 Quod
3051 1519 3095 1573 si
3122 1520 3244 1590 quis
3286 1536 3350 1574 ex
3391 1536 3477 1574 rc-

1887 1607 1988 1662 bus
2017 1608 2186 1669 tollat,
2215 1608 2480 1662 rationem
2514 1609 2746 1664 hominis
2769 1610 3047 1665 sustulerit
3073 1629 3084 1664 :
3119 1612 3354 1667 hominis
3388 1630 3476 1667 ra-

1890 1698 2035 1750 tione
2067 1697 2300 1762 sublata,
2339 1714 2434 1752 nec
2471 1699 2582 1768 ipsa
2613 1716 2830 1770 quoque
2854 1702 3162 1758 humanitas
3186 1720 3476 1773 permane-

1887 1787 1984 1842 bit.
2029 1786 2084 1842 Si
2119 1787 2279 1858 igitur
2306 1793 2601 1844 secundum
2646 1792 2892 1846 Boetium
2934 1795 3144 1848 ratione
3183 1797 3258 1850 uti
3303 1812 3330 1849 a
3377 1813 3482 1851 ca:-

195 1883 465 1952 Killilibusn
496 1880 600 1935 50b
628 1877 939 1934 necessaria
981 1875 1160 1946 SINBCie
1197 1883 1374 1937 aClllS.
1418 1871 1506 1926 Ulli
1551 1885 1656 1924 ηοη
1707 1878 1790 1923 051
1823 1871 1864 1930 Β
1896 1879 2025 1932 teris
2069 1880 2396 1936 animalibus
2437 1881 2756 1948 differimus,
2788 1885 2927 1939 sicut
2951 1884 3252 1940 differentia
3307 1889 3478 1942 ratio-

195 1990 252 2027 ea
277 1983 522 2043 potestas
551 1988 673 2042 qua:
721 1971 891 2041 possit
921 1967 1258 2032 utrumlibet,
1307 1966 1400 2021 sed
1442 1980 1504 2019 ea
1565 1978 1683 2032 qu:e
1719 1961 1789 2015 sit

210 2062 334 2127 fixa,
369 2062 674 2116 immobilis
702 2070 757 2116 et
785 2060 1114 2115 necessaria.
1150 2057 1256 2112 Sed
1286 2057 1411 2126 quia
1455 2055 1570 2108 haec
1595 2052 1790 2106 intelli-

198 2154 392 2224 gibilia,
420 2153 550 2207 dum
593 2169 653 2207 se
693 2150 1134 2220 corruptibilibus
1160 2147 1451 2218 applicant,
1484 2153 1627 2198 tactu
1669 2157 1790 2196 cor-

203 2263 385 2316 porum
426 2243 747 2309 variantur,
796 2253 1078 2297 transeunt
1108 2241 1223 2294 htec
1276 2239 1454 2292 omnia
1496 2250 1684 2288 rursus
1721 2233 1787 2288 ad

199 2355 308 2395 eam
352 2348 686 2410 potestatein
742 2352 860 2406 qua:
904 2335 1072 2406 possit
1113 2332 1396 2404 pervenire
1437 2329 1501 2383 ad
1549 2338 1726 2380 actum
1770 2345 1783 2380 :

199 2431 347 2484 aliter
378 2431 532 2485 enim
575 2428 872 2491 Rationale,
906 2426 1009 2491 vel,
1043 2435 1101 2478 ut
1132 2422 1493 2478 universalius
1519 2421 1782 2480 dicamus,

197 2523 348 2577 aliter
409 2537 620 2593 genera
673 2530 728 2575 et
777 2519 1014 2589 species,
1076 2516 1420 2573 tilﬂCl‘Clllitl},
1473 2513 1685 2582 propria
1735 2517 1788 2561 et

197 2613 496 2666 accidentia
545 2612 602 2666 in
646 2608 1123 2671 intellectibililms,
1161 2607 1316 2660 aliter
1346 2606 1398 2658 in
1426 2603 1782 2658 naturalibus.

196 2701 248 2754 ln
291 2699 767 2755 intellectihilibus
810 2712 1023 2767 quoque
1073 2711 1252 2749 rerum
1303 2694 1488 2748 forma:
1527 2701 1689 2756 sunt;
1733 2692 1783 2744 in

199 2789 636 2862 intelligibilibus
659 2789 761 2842 alia
791 2796 919 2842 sunt
947 2787 1164 2856 quidem
1191 2784 1501 2854 passiones;
1528 2782 1629 2835 alia
1661 2789 1786 2834 sunt

205 2892 369 2936 actus.
409 2880 550 2935 Nam
578 2880 832 2948 quoniam
862 2877 916 2932 in
948 2878 1128 2931 anima
1151 2886 1458 2939 versantur,
1480 2873 1606 2928 dum
1637 2873 1789 2926 intel-

198 2971 456 3042 liguntur.
485 2972 684 3026 animte
709 2971 986 3040 passiones
1015 2979 1172 3032 sunt;
1211 2967 1334 3036 quia
1367 2966 1544 3020 onmis
1579 2965 1786 3018 intelle-

202 3072 310 3114 ctus
339 3063 546 3114 animm
568 3070 652 3114 est
678 3059 878 3128 passio.
909 3059 1044 3112 Dum
1075 3072 1202 3112 vero
1239 3065 1493 3110 accurato
1522 3053 1785 3125 perfecto-

201 3169 296 3221 que
317 3155 508 3208 studio
531 3156 602 3207 ad
628 3153 910 3208 scientiam
939 3151 1191 3212 veniunt,
1219 3161 1375 3203 actus
1403 3148 1597 3201 anima:
1622 3157 1744 3199 sunt
1767 3162 1780 3209 ;

1889 1970 2020 2035 nali,
2041 1970 2187 2040 juste
2245 1969 2466 2026 Ratione
2497 1975 2571 2026 uti
2599 1976 2665 2027 ad
2699 1973 2972 2028 Rationale
3013 1976 3157 2030 velut
3184 1977 3251 2031 ad
3279 1995 3481 2048 cogna-

1890 2069 2000 2114 tam
2031 2061 2132 2116 sibi
2163 2059 2526 2118 differentiam
2565 2065 2922 2134 praedicatur,
2957 2075 3010 2120 et
3040 2067 3187 2122 velut
3223 2071 3480 2124 accidens

1889 2152 1954 2206 de
1980 2153 2246 2224 subjecto,
2281 2154 2399 2209 sine
2419 2170 2527 2224 quo
2551 2171 2671 2210 esse
2704 2172 2808 2210 non
2843 2158 3030 2226 possit.
3062 2158 3117 2213 Si
3147 2161 3291 2214 enim
3321 2162 3482 2216 tollas

1888 2242 2212 2309 subjectum,
2243 2244 2402 2299 idest
2447 2245 2734 2310 rationale,
2785 2263 2946 2302 nemo
2992 2249 3096 2303 erit
3155 2251 3246 2320 qui
3298 2263 3483 2305 utatur

1891 2337 2112 2387 ratione.
2149 2335 2300 2400 Quod
2338 2337 2382 2389 si
2414 2338 2668 2392 accidens
2694 2336 2866 2399 tollas,
2904 2340 2954 2392 id
3004 2349 3087 2395 est
3129 2339 3216 2395 Uti
3247 2343 3474 2406 ratione,

1887 2440 1992 2478 non
2025 2426 2225 2479 idcirco
2254 2427 2582 2496 subjectum,
2625 2428 2786 2482 idest
2841 2426 3138 2492 Rationa'e,
3185 2431 3476 2486 sustulisti.

1889 2514 2075 2569 Potest
2120 2517 2264 2570 enim
2300 2517 2462 2571 homo
2497 2532 2617 2572 esse
2646 2517 2738 2587 qui
2769 2517 2934 2572 etiam
2978 2519 3252 2574 dormiens
3292 2519 3475 2574 Ratio-

1888 2607 2005 2660 nale
2031 2617 2127 2672 εει,
2151 2609 2244 2663 sed
2271 2623 2376 2663 non
2406 2609 2571 2662 utitur
2593 2610 2813 2664 ratione.

1961 2697 2097 2753 XIV.
2149 2699 2254 2754 Sed
2303 2701 2393 2770 qui
2438 2701 2785 2771 praedicatur,
2850 2701 3120 2771 inquiunt,
3175 2703 3461 2767 terminus,

1891 2789 2083 2858 major,
2117 2790 2196 2843 vel
2227 2806 2414 2859 {equus
2447 2791 2605 2844 debet
2645 2805 2766 2844 esse
2809 2788 3088 2857 subjecto:
3123 2801 3180 2845 ut
3215 2807 3345 2845 vero
3377 2793 3478 2846 mi-

1889 2896 1991 2933 nor
2017 2881 2104 2940 sit,
2141 2895 2264 2934 esse
2295 2895 2400 2932 non
2432 2888 2626 2950 potest.
2665 2879 2887 2934 Videtur
2920 2889 3099 2934 autem
3135 2880 3357 2934 Ratione
3402 2881 3479 2934 uti

1894 2970 2074 3024 minus
2104 2985 2223 3023 esse
2259 2968 2531 3022 Rationali
2555 2983 2573 3020 :
2607 2969 2870 3024 rationale
2902 2985 3134 3042 namque
3161 2980 3328 3025 totam
3356 2988 3480 3042 spe-

1891 3063 2028 3115 ciem
2078 3060 2334 3125 hominis,
2379 3059 2464 3114 vel
2508 3060 2599 3114 Dei
2643 3061 3053 3129 comprehendit
3083 3079 3096 3114 :
3132 3059 3351 3115 Ratione
3383 3078 3478 3114 att-

1891 3163 1996 3206 tcm
2049 3153 2122 3204 uti
2172 3167 2278 3204 non
2307 3166 2515 3217 orunes,
2569 3152 2663 3206 sed
2724 3168 2818 3206 eos
2851 3161 3059 3206 tantum
3107 3152 3197 3221 qui
3249 3153 3478 3206 rationis

202 3247 316 3314 quia
348 3246 539 3301 onmis
565 3246 791 3299 scientia
820 3244 1012 3297 anima:
1040 3252 1194 3297 actus
1223 3251 1323 3296 est.
1355 3238 1630 3293 Rationale
1657 3255 1784 3308 ergo
1813 3233 1858 3293 C
1895 3253 2073 3298 actum
2112 3251 2390 3297 exercent.
2441 3241 2706 3310 Quoniam
2753 3260 2882 3314 ergo
2938 3245 3116 3298 minus
3167 3244 3234 3297 de
3285 3241 3477 3310 majori

203 3341 354 3393 aliter
405 3341 458 3393 in
510 3339 840 3408 sempiterna
887 3337 1064 3406 specie
1113 3333 1348 3388 hominis
1391 3331 1785 3393 consideratur,

203 3433 306 3486 sive
349 3432 411 3485 in
460 3429 921 3484 intellectibilibus
966 3429 1079 3482 sive
1125 3423 1586 3495 intelligibilibus,
1631 3422 1789 3476 aliter

203 3519 250 3571 in
280 3519 645 3574 naturalibus.
672 3517 746 3572 Ibi
785 3517 988 3578 format,
1011 3514 1096 3570 vel
1125 3523 1278 3568 actus
1300 3512 1613 3582 sempiterni
1638 3521 1785 3569 sunt;

204 3611 286 3664 hic
335 3619 586 3680 potestas
639 3625 760 3678 qua:
807 3609 872 3663 ad
919 3617 1098 3662 actum
1152 3606 1434 3677 pervenire
1477 3605 1666 3674 possit,
1709 3613 1786 3669 ut,

204 3705 454 3770 quoniam
503 3701 696 3757 Cicero
737 3703 897 3756 homo
929 3709 1046 3764 est,
1104 3699 1267 3754 homo
1321 3713 1453 3753 vero
1510 3697 1788 3750 rationalis

206 3793 416 3859 cicitur,
462 3792 653 3848 Cicero
690 3791 989 3853 rationalis,
1018 3790 1162 3860 quod
1209 3789 1418 3844 ratione
1467 3787 1543 3842 uti
1596 3788 1784 3858 possit,

208 3883 258 3936 id
301 3894 403 3948 est,
458 3899 582 3938 eum
631 3891 811 3936 actum
861 3897 1148 3948 exercere,
1195 3881 1321 3950 quia
1374 3879 1524 3934 venit
1565 3896 1595 3934 a
1637 3888 1786 3948 pote-

205 3981 339 4026 state
390 3987 513 4041 qua:
547 3981 630 4026 est
678 3973 743 4025 ad
796 3970 1145 4036 utrumlibet;
1198 3978 1375 4040 potest
1409 3970 1554 4024 enim
1597 3970 1787 4024 Cicero

208 4063 276 4114 uti
321 4065 550 4128 ratione,
575 4073 628 4117 et
673 4073 848 4132 potest
881 4080 986 4117 non
1016 4063 1110 4116 uti.
1145 4062 1284 4131 Ergo
1315 4061 1442 4132 quia
1485 4061 1787 4116 Rationalis

205 4151 506 4205 differentia
545 4152 971 4207 substantialiter
997 4154 1136 4207 inest
1161 4153 1428 4217 Ciceroni,
1447 4153 1529 4206 vel
1558 4153 1784 4214 homini,

209 4244 415 4296 ratione
451 4253 634 4296 autem
661 4245 735 4296 uti
767 4245 1175 4299 accidentaliter
1194 4285 1209 4310 ,
1237 4244 1432 4298 merito
1461 4243 1681 4296 Ratione
1711 4245 1783 4295 uti

208 4335 399 4387 dicitur
429 4337 712 4404 prtedicari
741 4338 804 4390 de
831 4336 1120 4404 Rationali,
1151 4349 1406 4406 tanquam
1443 4337 1694 4391 accidens
1720 4338 1784 4388 de

207 4425 445 4493 subjecto
473 4448 484 4481 :
533 4428 676 4496 quod
699 4429 839 4481 enim
869 4431 1036 4491 adest,
1069 4438 1121 4484 et
1154 4431 1306 4483 abest
1333 4442 1532 4499 prmter
1559 4427 1780 4493 subjecti

209 4521 630 4588 corruptionem,
658 4521 902 4574 accidens
938 4532 1039 4575 est.
1089 4521 1309 4574 Ratione
1356 4530 1538 4574 autem
1590 4521 1665 4572 nti
1715 4520 1783 4572 ab

1895 3335 2296 3406 praedicabitur,
2327 3333 2476 3391 locus
2508 3337 2595 3391 hic
2624 3337 2880 3391 admonet
2929 3346 2986 3390 ut
3017 3339 3082 3391 de
3115 3347 3305 3390 natura
3342 3349 3480 3406 pne-

1894 3428 2180 3481 dicationis
2226 3443 2396 3497 pauca
2439 3427 2710 3481 dicantur.
2744 3429 2929 3483 Potest.
2955 3429 3100 3483 enim
3132 3427 3302 3482 videri
3341 3443 3475 3480 nun-

1895 3515 2053 3570 nullis
2083 3516 2198 3571 haac
2226 3517 2472 3572 dubietas
2501 3518 2553 3570 in
2584 3517 2706 3572 aliis
2731 3518 3232 3588 praedicationibus,
3267 3527 3324 3571 ut
3353 3533 3476 3572 cum

1893 3605 2123 3660 dicimus
2161 3623 2173 3658 :
2213 3607 2366 3660 homo
2424 3607 2762 3677 philosophus
2807 3617 2881 3662 est
2929 3624 2948 3663 :
2991 3608 3152 3663 homo
3204 3607 3478 3676 subjectus

1895 3696 2158 3750 terminus
2201 3706 2316 3762 est;
2366 3695 2718 3766 phil050phus
2764 3697 3107 3768 praedicatus,
3137 3713 3236 3754 nec
3264 3698 3480 3752 videtur

1891 3803 2050 3858 posse
2079 3789 2304 3858 aequari.
2339 3789 2670 3843 Praedicatur
2697 3790 2963 3845 terminus
2994 3792 3060 3847 de
3085 3791 3348 3862 subjecto,
3383 3790 3478 3844 sed

1893 3879 2062 3933 multo
2108 3881 2287 3934 minor
2324 3888 2426 3934 est.
2475 3877 2590 3932 Non
2623 3880 2767 3934 enim
2800 3895 2991 3935 omnes
3022 3882 3268 3936 homines
3295 3881 3471 3952 philo-

1893 3973 2050 4042 sophi
2093 3980 2240 4026 sunt.
2302 3972 2407 4026 Sed
2455 3972 2558 4026 hoc
2605 3973 2764 4026 modo
2809 3972 2889 4026 vis
2934 3973 3332 4042 prmdicationis
3371 3991 3477 4031 non

1899 4071 2048 4117 recte
2073 4064 2379 4131 accipitur;
2420 4063 2481 4115 fit
2513 4062 2657 4117 enim
2691 4063 3004 4132 praedicatio
3043 4062 3125 4116 vel
3159 4065 3478 4120 substantia:

1891 4157 1958 4209 de
1989 4155 2316 4220 subatantia,
2360 4165 2418 4208 ut
2447 4173 2459 4207 :
2492 4156 2656 4209 homo
2685 4154 2886 4208 animal
2916 4163 3020 4220 est;
3051 4164 3143 4208 aut
3175 4156 3477 4210 accidentis

1893 4247 1957 4299 dc
2008 4245 2303 4310 accidenti,
2356 4253 2413 4298 ut
2439 4262 2452 4298 :
2478 4244 2761 4298 dialectica
2801 4244 3027 4298 scientia
3055 4252 3169 4308 est;
3209 4252 3301 4296 ant
3333 4244 3480 4299 acci-

1890 4338 2066 4393 dentis
2097 4336 2164 4390 de
2196 4336 2521 4401 substantia,
2571 4347 2665 4390 ut:
2697 4336 2856 4389 homo
2903 4334 3057 4388 albus
3085 4343 3188 4389 est.
3225 4335 3354 4388 Item
3387 4351 3478 4388 ac-

1888 4431 2076 4484 cidens
2105 4443 2229 4482 cum
2262 4443 2478 4497 semper
2519 4428 2591 4482 sit
2636 4427 2688 4482 in
2738 4426 2981 4495 subjecto
3005 4468 3020 4490 ,
3055 4427 3353 4495 subjectum
3383 4445 3470 4480 au-

1893 4532 1998 4574 tem
2024 4521 2093 4574 sit
2119 4536 2334 4589 semper
2361 4519 2687 4583 universale,
2722 4531 2813 4573 aut
2843 4519 3191 4589 particulare,
3223 4521 3474 4574 accidens

211 4607 440 4673 homine,
470 4609 555 4662 vel
587 4609 822 4674 Platone,
849 4620 902 4664 et
924 4612 987 4664 de
1015 4609 1382 4664 Rationalibns
1404 4611 1519 4664 sine
1554 4609 1779 4677 subject.
1818 4586 1863 4643 θ
1891 4627 2104 4679 quoque
2145 4612 2440 4664 secundum
2469 4608 2692 4677 subjecti
2727 4620 2973 4664 naturam
3009 4619 3103 4663 aut
3129 4610 3232 4664 erit
3260 4611 3477 4663 univer-

211 4700 556 4767 corruptiune
595 4701 780 4754 abesse
828 4702 1068 4756 viiemus
1125 4720 1138 4755 :
1194 4703 1448 4756 accidens
1493 4703 1654 4773 igitur
1703 4715 1782 4756 est

215 4795 429 4847 Ratione
453 4797 854 4866 uti.Amplius:
893 4797 1112 4852 Ratione
1158 4801 1234 4852 uti
1289 4800 1467 4855 facere
1513 4811 1635 4867 est;
1691 4803 1780 4870 qni

211 4888 350 4936 enim
391 4888 599 4940 ratione
633 4890 814 4950 utitur,
847 4890 1044 4960 aliquid
1098 4893 1232 4962 agit,
1267 4892 1317 4944 id
1351 4902 1456 4957 est,
1491 4895 1780 4964 quemdam

214 4986 381 5028 a-tum
418 4978 775 5032 ratiocinandi
811 4991 1042 5034 exercet.
1073 4979 1275 5034 Facere
1304 4992 1483 5036 autem
1513 5000 1676 5036 unum
1714 5000 1776 5037 ex

212 5070 631 5134 gettt’ralissittiis
653 5073 937 5139 generibus
962 5074 1320 5129 accidentium
1353 5083 1437 5128 est
1468 5093 1480 5128 :
1509 5075 1670 5146 igitur
1695 5073 1782 5129 Uti

217 5159 405 5212 ratione
446 5162 701 5216 accidens
739 5171 840 5216 est.

289 5250 370 5280 \‘ll
439 5254 542 5282 Ωηι
598 5256 738 5282 nuan
795 5254 1043 5284 οηιῖ-.--12

1081 5257 1282 5284 μηλῖιίιι.
1343 5258 1412 5284 ἴση
1475 5259 1740 5286 ΑΛΙΙΞι-ῐίιι-
1769 5274 1781 5286 ο

1895 4703 2026 4765 sale,
2050 4712 2142 4756 aut
2171 4701 2522 4772 particulare,
2551 4711 2609 4755 ut
2636 4703 2852 4756 scientia
2878 4715 2896 4753 :
2924 4718 3044 4756 cum
3073 4703 3141 4755 sit
3170 4699 3480 4754 universale

1894 4793 2143 4847 accidens
2170 4794 2256 4863 (de
2284 4793 2470 4846 multis
2510 4794 2652 4849 enim
2704 4793 3069 4862 prtcdicatur),
3117 4808 3238 4846 cum
3291 4799 3376 4846 est
3425 4791 3479 4843 in

1892 4883 2134 4949 Platone,
2181 4885 2528 4956 particularis
2571 4895 2654 4941 est
2707 4895 2762 4939 et.
2813 4886 3126 4948 individua,
3177 4884 3320 4936 sicut
3365 4883 3482 4950 ipse

1893 4977 2078 5044 Plato;
2111 4996 2232 5034 cum
2265 4989 2446 5032 autem
2481 4980 2802 5050 proponitur
2832 4995 2952 5033 esse
2985 4979 3038 5031 in
3064 4976 3302 5034 homine,
3337 4975 3390 5028 in
3425 4990 3482 5027 re

1893 5070 2101 5124 scilicet
2154 5068 2473 5133 universali,
2533 5065 2850 5134 intelligitur
2881 5077 2933 5122 et
2975 5068 3089 5135 ipsa
3133 5061 3482 5128 universalis,

1895 5169 1953 5214 ut
1979 5179 1990 5213 :
2022 5161 2178 5215 homo
2221 5161 2388 5214 sciens
2438 5171 2538 5214 est.
2573 5161 2637 5214 Et
2665 5174 2877 5222 rursus,
2905 5169 3158 5227 quoniam
3181 5151 3487 5206 accidentia

2415 5254 2709 5288 inaliuiJ-Iic
2752 5253 3183 5288 ρηιὶιέῖιιιιννιΙΙΙΙΙΓ-
3230 5244 3282 5288 il'
3315 5255 3399 5288 ρει
3431 5248 3483 5288 ill

1894 5258 2266 5288 ενι-οἶ-ιηῖικηηοιιη
2315 5257 2364 5288 :II
