3986 5444
557 322 656 378 167

1148 317 1504 376 SILYESTRI
1539 316 1800 378 llPAP/E
1835 319 1984 377 Ol’P.
2039 321 2116 377 PA

2244 318 2284 379 1.
2325 355 2391 364 --
2429 320 2515 384 DE
2549 324 2897 386 DISCII‘IJN.
2941 323 3251 382 MATIIEM.

3727 329 3835 387 168

555 435 768 489 dicetur
812 432 1069 488 Socrates
1111 431 1299 486 calvus
1329 447 1343 496 ;
1379 440 1435 486 cl
1484 432 1612 501 quia
1665 431 1920 488 Socralr-s
1973 432 2135 486 homo
2164 436 2212 494 Α
2239 447 2335 491 est.
2371 437 2516 509 Ergo
2548 440 2770 496 Ratione
2795 442 2890 506 uti,
2927 441 3183 511 quoniam
3219 443 3602 500 univcrs'tnter
3629 448 3834 516 [ιι-«ιιιὶ-

548 536 652 592 est,
681 534 736 580 ct
769 523 993 589 animal,
1017 534 1069 577 et
1097 524 1424 588 substantia,
1456 523 1666 578 dicetur
1693 537 1907 592 quoque
1936 521 2135 577 Socra-

553 628 636 672 tes
667 626 722 672 et
757 617 918 671 homo
942 614 1148 678 calvus,
1173 625 1228 670 et
1249 613 1451 669 animal
1481 615 1718 681 calvum,
1745 624 1802 670 et
1823 614 2131 670 substantia

549 709 723 763 calva.

619 798 738 855 XV.
780 798 890 854 Nec
931 806 1080 868 putet
1129 813 1217 852 me
1265 797 1462 868 aliquis
1495 797 1599 852 hoc
1626 795 1764 852 velle
1804 796 2132 867 signiﬁcare,

549 899 610 945 ut
655 891 921 944 minorum
967 889 1280 959 prmdicatio
1322 889 1583 944 redundet
1634 889 1701 942 ad
1740 887 1975 956 majora;
2010 901 2132 941 cmn

549 982 756 1052 majora
805 998 1020 1052 semper
1059 981 1127 1036 de
1174 980 1474 1035 minoribus
1509 979 1890 1050 pricdicentur,
1924 977 2132 1032 ntinma

548 1077 615 1131 de
648 1074 944 1140 majoribus
975 1088 1277 1142 nunquam.
1306 1072 1466 1126 Aliud
1490 1081 1592 1135 est,
1625 1070 1896 1142 generalia
1924 1071 1989 1124 de
2013 1085 2135 1139 5pc-

548 1166 779 1221 cialibus
821 1164 1155 1235 praedicare;
1190 1163 1426 1231 itemque
1454 1161 1708 1232 specialia
1742 1161 1808 1214 de
1840 1158 2135 1222 individuis

547 1261 662 1314 sive
722 1259 774 1312 in
831 1258 1252 1329 praedicamcnto
1309 1253 1660 1316 substantim,
1719 1252 1833 1306 sive
1884 1251 1935 1304 in
1990 1249 2136 1303 acci-

547 1349 788 1404 dentiutn
841 1345 1277 1418 praedicamcntis
1345 1345 1642 1400 secundum
1706 1340 2134 1411 uniuscujusque

547 1451 844 1504 naturam;
885 1439 1152 1510 longeque
1189 1436 1355 1501 aliud,
1395 1445 1647 1490 naturam
1681 1434 2039 1490 accidentium
2065 1433 2132 1486 ad

546 1532 868 1588 substantia:
909 1529 1119 1585 referre
1159 1528 1571 1599 proprietatem.
1599 1528 1672 1583 lbi
1703 1541 1920 1597 quoque
1949 1524 2131 1581 consi-

547 1625 756 1678 deratio
800 1632 902 1687 est,
950 1637 1070 1692 qua:
1111 1620 1440 1685 substantia,
1477 1620 1544 1674 de
1571 1634 1678 1690 qua
1711 1617 2038 1682 substantia,
2079 1625 2135 1671 et

2237 539 2420 584 catum
2468 531 2535 584 de
2589 531 2873 598 Rationali,
2907 546 3164 606 utrasque
3190 537 3616 603 enuntiationes,
3658 541 3715 596 id
3747 553 3835 597 est

2237 620 2674 688 allirtnationcm,
2703 635 2758 678 ct
2788 627 3125 695 negationem
3162 625 3328 683 falsas
3349 628 3662 698 cﬂicitJnon
3695 633 3833 685 sub-

2239 711 2587 774 stantialitcr,
2629 713 2723 768 sed
2775 716 3183 774 accidentali'er
3208 721 3589 778 nrmdicabitur
3619 723 3688 778 dc
3721 722 3830 777 Ra-

2237 801 2446 855 tionali.
2486 798 2679 858 Falsus
2707 815 2792 860 est
2819 807 2985 869 enim,
3018 808 3108 876 qui
3151 808 3284 864 dicit
3315 827 3328 863 :
3384 827 3534 866 omne
3566 813 3714 883 quod
3747 828 3837 866 m-

2237 892 2435 950 tionale
2478 905 2560 950 cst
2609 897 2810 952 ratione
2855 900 3054 965 utitur;
3107 915 3229 956 cum
3259 901 3304 957 is
3351 903 3443 972 qui
3474 903 3682 960 dormit
3733 919 3833 958 ra-

2239 986 2457 1042 tionalis
2505 987 2599 1072 sit,
2643 999 2700 1043 ct
2744 990 2955 1046 ratione
2985 1007 3089 1048 non
3123 1001 3330 1048 utatur.
3362 995 3426 1048 Et
3458 1011 3672 1060 rursus,
3702 996 3833 1066 quia

2238 1079 2441 1133 nullum
2480 1082 2740 1136 rationale
2781 1085 2986 1138 ratione
3026 1085 3226 1152 utitur,
3261 1102 3383 1142 cum
3421 1087 3573 1141 multi
3609 1087 3829 1140 ratione

2237 1179 2462 1224 tutantur
2488 1189 2501 1225 :
2531 1186 2661 1243 ergo
2692 1172 2917 1227 Ratione
2942 1175 3021 1228 uti
3046 1175 3432 1244 prmdicabitur
3455 1177 3521 1232 de
3551 1175 3835 1230 Rationali

2237 1275 2344 1315 non
2389 1260 2841 1329 substantialiter,
2878 1265 2970 1318 sed
3003 1265 3428 1331 accidentaliter,
3461 1277 3519 1322 et
3549 1275 3822 1336 tanquam

2237 1348 2544 1405 differentia
2595 1352 2950 1408 accidentalis
2993 1353 3059 1407 dc
3105 1354 3448 1409 substantiali
3493 1353 3830 1410 dill‘crentia.

2238 1439 2392 1496 Sicut
2421 1444 2564 1497 enim
2596 1443 2991 1497 rationabilitas
3017 1458 3046 1496 a
3073 1444 3286 1499 czcteris
3319 1459 3418 1498 nos
3449 1452 3673 1514 separat
3711 1443 3834 1496 auio

2238 1533 2491 1593 ntalibus,
2543 1547 2662 1601 qua)
2708 1533 3054 1587 rationabilia
3094 1549 3199 1587 non
3227 1544 3353 1588 sunt
3381 1551 3393 1586 :
3420 1535 3492 1587 ita
3522 1535 3692 1588 etiam
3732 1531 3835 1585 Ra-

2237 1624 2377 1679 tione
2424 1626 2499 1680 uti
2550 1641 2649 1680 nos
2689 1623 2906 1679 diﬂ'erre
2946 1625 3076 1680 l'acit
3114 1625 3180 1679 ab
3213 1625 3280 1680 iis
3315 1624 3664 1688 animalibus,
3710 1638 3834 1691 qum

545 1718 689 1788 quod
740 1716 1012 1781 accidens,
1068 1715 1134 1769 de
1177 1730 1282 1784 quo
1332 1713 1603 1768 accidenti
1644 1711 1989 1782 przedicctur,
2028 1709 2131 1764 hoc
2170 1716 2450 1788 aratione
2493 1731 2599 1770 non
2639 1725 2884 1770 tttttntttr.
2931 1715 3325 1770 Prtedicabitur
3353 1730 3570 1786 quoque
3601 1713 3834 1768 Ratione

547 1787 815 1880 quomodo
857 1823 915 1863 sc
955 1807 1151 1862 habeat
1192 1806 1448 1861 accidens
1475 1805 1540 1858 ad
1571 1803 1956 1867 substantiam,
1993 1809 2048 1856 cl
2077 1800 2130 1855 in
2161 1787 2207 1844 Β
2241 1809 2319 1861 uti
2349 1807 2416 1863 de
2451 1807 2720 1862 Rationali
2764 1807 3060 1862 secundum
3110 1817 3365 1862 naturam
3415 1805 3832 1860 ind‘llinitarum

545 1917 653 1972 qua
683 1902 915 1971 primum
969 1897 1294 1969 reperiatur,
1323 1905 1382 1950 ut
1412 1897 1477 1950 de
1507 1894 1753 1949 Socratis
1787 1892 2002 1948 calvitie
2040 1893 2129 1946 hic

547 1993 749 2047 dictum
797 2000 902 2045 est.
948 1988 1133 2058 Neque
1181 1987 1326 2043 cnim
1373 1985 1498 2055 quia
1548 1985 1827 2047 Socrates,
1879 1997 2002 2036 cum
2061 1980 2132 2034 sit

549 2081 755 2145 calvus,
786 2080 1021 2149 itemque
1048 2093 1169 2132 cum
1223 2077 1292 2131 sit
1337 2076 1516 2136 homo,
1563 2083 1646 2128 est
1688 2073 1943 2128 Socrates
1970 2071 2131 2125 homo

547 2172 753 2236 calvus,
782 2170 902 2225 ideo
926 2169 1105 2224 omnis
1127 2168 1289 2222 homo
1318 2166 1505 2221 calvus
1526 2172 1627 2227 est,
1667 2163 1810 2234 quod
1839 2177 1904 2216 ex
1935 2174 2133 2230 propo-

549 2259 808 2315 sitionum
830 2257 1121 2327 partitione
1149 2253 1488 2308 manifestius
1512 2251 1620 2306 erit
1646 2253 1749 2306 hoc
1777 2250 1935 2305 modo
1962 2267 1973 2302 :
2002 2263 2129 2310 pro-

545 2351 874 2422 pOsitionunt
917 2347 1035 2402 alite
1077 2355 1202 2400 sunt
1247 2344 1605 2407 universales,
1648 2353 1746 2397 ut:
1781 2344 1949 2396 omnis
1976 2343 2130 2395 homo

545 2439 745 2494 animal
775 2447 884 2504 est;
916 2437 1034 2491 alia:
1062 2435 1442 2506 particulat‘cs,
1467 2445 1524 2488 ut
1546 2453 1558 2487 :
1579 2433 1794 2504 quidam
1831 2433 1984 2486 ltomo
2015 2448 2135 2484 am-

549 2532 659 2586 ntal
706 2543 816 2596 est;
859 2531 978 2584 aliae
1017 2528 1331 2593 indeﬁnite,
1378 2537 1435 2581 ttt
1462 2545 1475 2580 :
1507 2527 1661 2581 homo
1703 2525 1905 2580 animal
1945 2534 2041 2577 est.
2072 2522 2128 2577 Si

548 2637 681 2694 ergo
729 2619 1108 2676 universalitas
1137 2634 1233 2690 per
1277 2633 1335 2673 se
1369 2618 1539 2688 ipsam
1592 2618 1646 2671 itt
1693 2615 2127 2687 propositionum

544 2712 792 2768 terminis
833 2710 1058 2776 valeret,
1104 2709 1586 2764 determinationes
1615 2707 1921 2762 universale
1949 2706 2132 2760 deter-

544 2809 816 2863 minantes
841 2805 1035 2860 additte
1060 2820 1166 2858 non
1199 2804 1448 2858 fuissent.
1491 2802 1626 2857 Cum
1649 2801 1794 2855 enim
1823 2797 2130 2854 universale

542 2899 613 2953 sit
631 2900 804 2961 homo,
833 2895 1285 2952 determinatione
1309 2894 1552 2965 apposita
1576 2892 1900 2963 exprimitur
1949 2899 2128 2944 utrunt

541 2987 946 3052 universaliter,
983 3003 1048 3041 an
1079 2985 1484 3056 particulariter
1516 2984 1569 3038 in
1601 2983 1975 3054 propositione
2001 2997 2129 3051 pro-

544 3081 713 3133 latum
746 3079 836 3132 sit.
877 3076 1367 3132 Determinatimtes
1393 3084 1571 3128 autem
1598 3084 1760 3129 sunt:
1792 3073 1981 3137 ontnis,
2011 3071 2127 3124 nul-

2235 1897 2703 1967 prtedicationum.
2751 1896 2871 1966 quin
2926 1897 3213 1952 continent
3252 1895 3668 1966 particularium
3719 1909 3829 1949 non

2235 1990 2530 2043 secundum
2555 1988 2945 2059 proprietatem
2974 1988 3510 2054 dctcrtninaticmtm,
3542 2002 3667 2057 qtuc
3701 1987 3834 2041 sub-

2227 2079 2360 2146 jecti
2389 2080 2636 2134 terminis
2656 2079 3018 2150 quantitatem
3044 2080 3415 2134 demonstrant
3445 2099 3458 2132 :
3494 2093 3676 2148 neque
3703 2079 3834 2132 sub-

2229 2170 2434 2240 jectum
2487 2169 2747 2224 rationale
2808 2169 3182 2224 universalitct
3239 2167 3509 2238 prolatum
3565 2167 3834 2236 suscipiet

2235 2275 2431 2314 nomen
2482 2269 2539 2314 ct
2583 2258 2953 2314 tliﬂinitionem
3003 2257 3279 2328 prxdicati
3309 2298 3324 2324 ,
3374 2259 3519 2328 quod
3567 2273 3679 2312 non
3730 2260 3828 2322 lit,

2237 2350 2338 2404 nisi
2376 2351 2426 2403 in
2453 2350 2901 2405 substantialilms
2926 2348 3424 2420 prmdicationihus.
3469 2348 3828 2405 Substantia-

2235 2441 2312 2493 les
2353 2450 2532 2492 autem
2573 2439 2986 2508 pranlicationcs
3013 2454 3167 2504 voco,
3197 2456 3317 2510 qua:
3364 2438 3496 2492 liunt
3527 2455 3557 2494 a
3589 2453 3828 2511 genera-

2233 2529 2457 2584 lissimis
2498 2531 2788 2599 generibus
2826 2544 2996 2599 usque
3029 2529 3094 2584 ad
3128 2529 3550 2599 spccialissimas
3580 2532 3818 2600 species,

2234 2621 2349 2676 sive
2397 2621 2704 2687 individua,
2763 2622 2878 2676 sive
2923 2624 2977 2675 in
3026 2622 3345 2676 substantiis
3391 2622 3544 2688 liant,
3595 2625 3720 2679 sive
3773 2624 3824 2678 in

2234 2710 2610 2766 accidentibus
2637 2751 2652 2776 ,
2695 2720 2753 2765 ιιι
2801 2713 3020 2782 quando
3059 2712 3259 2766 auintal
3303 2715 3556 2768 rationale
3600 2715 3827 2768 mortale

2235 2801 2494 2873 (hominis
2545 2801 2792 2858 deﬁnitio
2838 2812 2920 2858 est
2949 2821 2962 2857 :
2991 2804 3192 2857 animal
3245 2804 3526 2868 rationale,
3573 2805 3825 2876 mortale)

2233 2896 2299 2949 de
2345 2894 2561 2949 homine
2613 2895 3018 2965 prmdicabitnr.
3049 2895 3238 2952 Omnis
3281 2897 3423 2950 enim
3464 2897 3723 2951 diﬂinitio
3760 2899 3824 2952 de

2232 3001 2294 3041 ea
2329 3001 2384 3039 re
2411 2985 2755 3054 przedicatur,
2799 3001 2961 3056 quam
2997 2987 3206 3040 delinit.
3243 2987 3457 3042 Etcum
3491 2988 3653 3042 dico:
3692 2987 3826 3041 Dia-

2233 3076 2418 3130 lectica
2458 3084 2532 3129 est
2579 3075 2704 3131 bene
2746 3076 3053 3146 disputandi
3095 3077 3337 3142 scientia,
3367 3077 3511 3132 hanc
3537 3076 3823 3131 tlillinitio-

543 3170 627 3223 lus
659 3179 709 3223 et
737 3168 974 3238 quidam.
1012 3167 1147 3221 (lum
1187 3181 1316 3236 ergo
1345 3165 1650 3220 univm‘salc
1681 3165 1750 3218 sit
1779 3165 1954 3226 ltonto,
1985 3161 2126 3215 nulla
2154 3157 2202 3221 C
2236 3183 2354 3222 nem
2408 3167 2474 3222 de
2512 3166 2792 3222 dialectica
2818 3167 3075 3238 pmdico,
3103 3177 3158 3222 οι
3185 3177 3268 3222 ρει
3301 3177 3528 3238 utraque
3558 3168 3824 3238 pmdica.

541 3259 1000 3315 determinatione
1040 3257 1302 3321 adhibita,
1350 3273 1472 3309 eum
1507 3257 1571 3310 de
1603 3271 1666 3310 eo
1697 3255 1901 3308 dixeris
1930 3268 1944 3306 :
1973 3254 2128 3308 homo

543 3349 887 3420 philosophus
920 3357 1016 3414 est,
1057 3346 1199 3400 nulla
1232 3345 1530 3400 necessitas
1556 3346 1699 3416 cogit
1753 3343 1976 3414 intelligi
2013 3358 2130 3398 om-

547 3456 672 3496 nem
723 3439 996 3494 hominem
1046 3437 1424 3508 philosophum
1469 3451 1614 3491 esse.
1647 3436 1781 3491 Cum
1833 3437 1978 3492 enim
2025 3434 2128 3490 So-

543 3543 725 3586 crates
760 3530 1111 3602 philosophus
1157 3517 1257 3595 sit:
1305 3528 1555 3597 idemque
1599 3527 1668 3608 sit
1715 3528 1898 3595 homo,
1937 3542 2126 3583 verum

541 3623 669 3687 erit,
695 3639 816 3677 cum
845 3621 1050 3676 dixeris
1079 3637 1092 3674 :
1125 3621 1279 3674 Itomo
1308 3617 1648 3690 philosophus
1677 3629 1772 3674 est.
1804 3619 1947 3690 Ergo
1975 3619 2129 3673 inde-

543 3712 710 3768 linita:
734 3711 1135 3784 propositiones
1187 3724 1308 3779 qua:
1346 3708 1654 3765 universale
1697 3707 1999 3778 subjectum
2032 3708 2130 3762 ha-

541 3808 710 3872 bent,
762 3807 868 3860 vim
903 3806 1181 3862 continent
1226 3805 1636 3875 particularium
1677 3806 2127 3876 propositionum.

542 3897 678 3952 Cum
726 3897 872 3952 enim
923 3896 1046 3951 dico
1074 3914 1087 3949 :
1115 3897 1268 3950 ltomo
1305 3897 1646 3967 philosophus
1671 3909 1768 3961 est,
1801 3897 1906 3952 tale
1932 3905 2039 3966 est-
2066 3911 2132 3950 ac

543 3989 588 4044 si
619 4004 916 4060 proponam
949 4007 962 4043 :
995 3988 1208 4057 quidam
1241 3989 1395 4042 homo
1417 3989 1756 4060 philosophus
1779 4000 1874 4044 est.
1904 3990 1971 4044 Et
1999 4003 2133 4059 quo-

539 4081 688 4134 niam
732 4077 1031 4134 Rationalis
1076 4076 1399 4143 dichrentia,
1428 4093 1551 4133 cum
1592 4078 1660 4134 de
1701 4093 1763 4134 ca
1795 4078 2020 4134 Ratione
2053 4077 2132 4132 uti

539 4170 888 4241 praedicatur,
936 4169 1243 4224 universale
1293 4169 1596 4239 subjectmn
1651 4171 1743 4236 sit,
1794 4171 1902 4227 erit
1950 4170 2018 4225 de
2067 4183 2129 4224 ea

541 4261 822 4316 indelinita
878 4262 1210 4332 propositio,
1264 4262 1372 4316 vim
1415 4263 1762 4332 particularis
1818 4261 2129 4325 continens,

541 4368 629 4418 ca,
659 4367 778 4421 qua:
810 4352 1063 4407 dicuntur
1089 4370 1102 4406 :
1133 4351 1256 4422 quia
1291 4351 1548 4405 rationale
1570 4363 1665 4415 est,
1693 4352 1894 4405 ratione
1926 4352 2090 4403 utitur
2113 4366 2132 4403 :

541 4440 669 4511 quia
715 4441 1020 4511 propositio
1067 4441 1190 4494 talis
1219 4451 1303 4494 est
1351 4456 1416 4494 ac
1460 4442 1505 4494 si
1552 4441 1813 4495 dicatur:
1860 4439 2128 4510 quoddam

2233 3257 2310 3312 tio
2362 3256 2768 3321 substantialis,
2815 3258 2955 3312 sicut
3009 3267 3238 3329 utraque
3285 3257 3578 3324 dillinitio;
3643 3259 3826 3312 omnis

2234 3347 2378 3402 enin:
2409 3346 2656 3400 dillinitio
2688 3362 2716 3400 a
2749 3363 2946 3418 gerere
2983 3348 3268 3418 incipiens,
3316 3363 3525 3418 perque
3567 3349 3828 3403 dilleren-

2249 3439 2376 3502 tias,
2425 3455 2592 3508 usque
2632 3439 2698 3494 ad
2745 3441 3010 3510 speciem,
3063 3456 3183 3511 quae
3225 3440 3434 3506 deﬁnit,
3475 3442 3828 3512 perveniens,

2234 3530 2608 3588 substantialis
2642 3539 2726 3585 est

2303 3621 2466 3677 XVII.
2509 3621 2576 3676 Et
2603 3622 2881 3690 quoniam,
2913 3631 2971 3677 ut
2995 3623 3255 3688 arbitror,
3292 3621 3449 3695 plane
3476 3623 3825 3678 demonstra-

2233 3723 2346 3770 tunt
2395 3723 2478 3769 est
2549 3715 2821 3783 quomodo
2863 3714 3084 3770 Ratione
3123 3717 3201 3769 uti
3260 3715 3585 3786 praedicetur
3617 3716 3686 3769 de
3720 3715 3825 3768 Ra-

2232 3805 2437 3866 tionali,
2487 3821 2595 3858 non
2645 3806 3015 3860 necessarium
3075 3807 3202 3861 duxi
3233 3807 3311 3860 eis
3343 3806 3697 3875 respondere,
3735 3806 3827 3876 qui

2233 3906 2344 3952 tam
2392 3894 2593 3950 insulsa
2643 3896 3031 3966 przedicatione
3075 3898 3368 3952 commenti
3417 3907 3567 3962 sunt,
3613 3914 3740 3964 qua!
3772 3899 3822 3951 in

2233 3997 2424 4041 natura
2474 3984 2920 4054 prazdicationum
2971 3986 3210 4044 inveniri
3257 4001 3363 4040 non
3411 3995 3666 4055 possunt.
3709 3983 3824 4041 Non

2233 4076 2377 4132 enim
2425 4076 2551 4145 quia
2599 4085 2774 4139 actus,
2827 4085 2880 4130 et
2910 4085 3168 4144 potestas,
3203 4085 3256 4130 et
3287 4077 3408 4146 plus
3437 4087 3585 4139 sunt,
3618 4086 3673 4130 et
3708 4076 3826 4147 plus

2232 4183 2393 4237 quam
2419 4167 2528 4221 sola
2563 4175 2824 4236 potestas,
2851 4167 2972 4220 ideo
3000 4166 3222 4222 Ratione
3261 4168 3358 4231 uti,
3393 4167 3446 4220 in
3473 4184 3582 4236 quo
3614 4177 3826 4221 nttum-

2233 4274 2338 4327 que
2368 4268 2472 4317 est.
2505 4258 2894 4328 prtcdicabitnr
2923 4259 2989 4314 de
3022 4259 3313 4325 Rationali,
3353 4269 3447 4314 ut:
3479 4258 3744 4324 ambulat,
3774 4259 3823 4312 in

2231 4364 2339 4418 quo
2369 4355 2449 4402 est
2493 4356 2644 4400 actus
2688 4363 2809 4402 cum
2853 4358 3140 4419 potestate,
3172 4349 3238 4404 de
3262 4349 3573 4403 ambulabili
3606 4365 3716 4404 non
3745 4350 3824 4403 di-

2235 4439 2402 4499 citur,
2439 4439 2615 4503 ilest,
2644 4439 2708 4494 dc
2735 4439 2847 4493 sola
2879 4449 3179 4508 potestate;
3215 4441 3309 4494 sed
3353 4441 3675 4495 ccontrario
3718 4458 3821 4495 non

541 4531 802 4586 rationale
845 4531 1044 4586 ratione
1082 4532 1266 4584 utitur.
1297 4529 1398 4597 Qui
1427 4531 1571 4584 enim
1597 4530 1731 4585 dicit
1761 4547 1774 4584 :
1806 4547 1958 4584 omne
1985 4530 2125 4600 quod
2155 4503 2211 4566 D
2235 4527 2490 4592 ambulat,
2520 4528 2586 4582 de
2610 4529 2924 4583 ambulabili
2961 4530 3316 4599 praedicetur;
3361 4547 3462 4586 nec
3492 4547 3656 4596 unus,
3697 4531 3821 4602 quia

542 4622 806 4678 rationale
843 4635 939 4690 est,
990 4623 1192 4676 ratione
1242 4626 1429 4686 utitur,
1479 4637 1590 4676 rem
1625 4621 2127 4680 univcrsalemuni-

541 4713 829 4768 versaliter
875 4713 1202 4776 enuntiavit,
1239 4722 1291 4767 ct
1331 4723 1414 4767 est
1453 4713 1740 4766 allirmatio
1780 4711 1936 4775 falsa,
1973 4709 2127 4778 cujus

540 4804 778 4875 negatio,
807 4804 858 4859 id
883 4815 984 4870 est,
1009 4804 1208 4857 nullum
1240 4803 1496 4858 rationale
1522 4804 1724 4858 ratione
1749 4804 1934 4868 utitur,
1969 4803 2124 4857 sinti-

542 4897 668 4951 liter
694 4895 826 4951 falsa
855 4896 1145 4965 reperitur.

617 4987 759 5042 XVI.
807 4987 1061 5056 Amplius
1089 5004 1102 5038 :
1156 4986 1207 5039 in
1252 4986 1337 5040 his
1369 5001 1489 5055 qua:
1521 4985 1958 5041 substantialiter
1992 5001 2127 5054 pra!-

543 5077 796 5131 dicantur
836 5075 1133 5129 secundum
1187 5075 1547 5131 univcrsalctn
1595 5075 2012 5130 aﬂirmationem
2073 5083 2128 5128 ct

544 5165 911 5232 negationem,
961 5163 1132 5215 altera
1181 5179 1368 5217 eorum
1417 5180 1631 5234 semper
1660 5182 1785 5220 vera
1816 5175 1920 5228 est,
1953 5166 2126 5218 altera

544 5255 714 5319 falsa;
746 5264 825 5319 ttt,
869 5254 913 5308 si
956 5253 1246 5308 aﬂirmatio
1270 5271 1394 5308 vera
1432 5257 1522 5322 sit,
1568 5259 1785 5326 negatio
1822 5257 2128 5311 Inveniatur

543 5345 712 5408 falsa;
742 5347 864 5400 etsi
893 5345 1181 5401 .tlllrmatio
1210 5347 1366 5408 falsa,
1395 5350 1612 5420 negatio
1643 5351 1950 5405 inveniatur
1972 5365 2123 5412 vera,

2234 4618 2369 4671 duos
2420 4619 2699 4688 praecedit,
2754 4619 2874 4674 ideo
2919 4622 2986 4675 de
3025 4620 3234 4676 duobus
3273 4623 3682 4692 praulicabitur,
3725 4637 3822 4678 nec

2233 4706 2419 4774 prima:
2459 4709 2777 4763 substantia:
2802 4710 2869 4763 de
2891 4712 3146 4765 secundis
3203 4712 3296 4765 sed
3322 4713 3576 4767 secunda:
3603 4714 3672 4768 de
3705 4714 3818 4784 pri-

2233 4797 2336 4850 tuis
2369 4797 2827 4865 praulicalntntur.

2307 4888 2575 4958 Descripsi
2627 4891 2925 4948 Gerbertus
2973 4893 3073 4948 etsi
3120 4909 3148 4946 a
3191 4894 3460 4964 gravitate
3491 4894 3816 4950 sacerdotali

2234 4993 2461 5049 remota,
2501 5001 2604 5040 non
2651 4996 2828 5042 tatnen
2855 4989 2922 5040 ab
2947 4987 3212 5057 imperiali
3245 4988 3424 5042 studio
3461 4987 3664 5050 aliena,
3709 5004 3818 5042 ma-

2234 5077 2414 5146 luique
2453 5078 2571 5132 aliis
2608 5078 2890 5148 displicere
2922 5093 3084 5146 quam
3114 5079 3268 5133 vobis
3302 5095 3408 5134 non
3441 5078 3661 5148 placere
3693 5095 3814 5134 cum

2236 5168 2289 5222 in
2337 5168 2474 5233 hoc,
2527 5179 2640 5222 tum
2693 5169 2743 5221 in
2789 5169 3043 5222 omnibus
3086 5171 3318 5239 negotiis
3359 5169 3592 5240 imperio
3641 5180 3816 5225 vestro

2233 5260 2433 5329 dignis.
2486 5259 2702 5329 Legetis
2749 5276 2880 5331 ergo
2926 5262 3042 5315 lucc
3087 5262 3228 5316 inter
3273 5273 3469 5317 vestra!
3512 5264 3813 5318 matheseos

2232 5350 2514 5404 exercitia.
2569 5352 2650 5403 An
2683 5367 2812 5405 vero
2843 5351 3002 5421 digna
3047 5367 3204 5406 sacro
3235 5353 3436 5421 palatio
3465 5353 3810 5414 contulerint,
