3986 5444
201 344 290 402 159

394 343 763 401 SILV'ESTRI
802 346 845 403 ll
885 347 1084 402 PARE
1126 349 1274 407 OPP.
1317 350 1494 406 PARS
1531 350 1593 405 ll.
1636 381 1702 390 —
1742 351 1828 407 DE
1869 352 2097 409 ΚΕΒυὸ
2136 352 2419 411 ECCLES.
2453 384 2525 397 --
2559 354 2649 411 DE
2688 354 2970 416 INFORM.
3022 362 3240 420 EPISC.

3352 368 3455 425 170

202 491 3454 532 Μ

1226 638 2482 813 GERBERTI

1636 937 2024 984 POSTMODUM

882 1129 1758 1288 SILVESTI

1866 1138 1888 1286 i
1994 1138 2138 1290 ΙΙ
2246 1116 2801 1298 PAP/E

262 1433 683 1564 0PEBUM
769 1433 1034 1563 PARS
1118 1431 1597 1565 SECUNDA.
1686 1485 1808 1513 --
1891 1437 2026 1564 DE
2107 1440 2431 1570 BEBUS
2515 1442 3344 1582 ECCLESIASTICIS.

1652 1791 2043 1899 Sermo

735 2041 881 2158 DE
960 1991 1884 2133 INFORlllATlONE
1970 2041 2857 2146 EPISCOPORUM.

1120 2247 1296 2320 (Apud
1319 2246 1519 2303 Mabill.
1551 2248 1790 2304 Analect.
1819 2264 1945 2306 nov.
1971 2250 2128 2320 edit.,
2158 2268 2281 2325 pag.
2309 2254 2459 2329 lOB.)

259 2546 310 2601 Si
341 2562 489 2616 quis,
536 2551 782 2613 fratres,
826 2550 1029 2603 oraculi
1061 2549 1442 2604 reminiscatur
1495 2566 1602 2621 quo
1627 2551 1767 2623 frugi
1799 2540 1847 2602 Α
1875 2557 2044 2611 ditnm
2075 2558 2265 2628 loquar
2306 2561 2525 2632 vulgum
2545 2603 2560 2627 ,
2602 2578 2738 2634 quos
2765 2564 2970 2639 jugiter
3013 2585 3232 2629 monere
3260 2576 3406 2633 soleo
3434 2597 3448 2635 :

198 2636 451 2701 famulum,
477 2638 551 2692 de
589 2648 865 2693 reservata
895 2640 996 2693 sibi
1026 2642 1250 2709 pecunia
1283 2658 1441 2710 quam
1462 2658 1763 2713 praerogan-

200 2731 302 2783 dam
345 2740 705 2800 susceperat,
757 2731 1087 2801 increpavit,
1137 2733 1361 2788 dicens:
1412 2734 1488 2789 Tu
1537 2738 1766 2792 dedisses

198 2823 438 2889 pecuniam
483 2840 689 2887 meam,
715 2833 764 2876 et
792 2841 885 2892 ego
912 2825 1114 2878 veniens
1157 2841 1272 2878 cum
1310 2828 1483 2880 usuris
1511 2829 1766 2897 exigerent

196 2926 290 2965 eam
315 2913 458 2983 (Luc.
490 2931 619 2976 xu,
652 2915 776 2984 53);
821 2932 926 2969 non
960 2915 1071 2984 jam
1103 2918 1311 2972 otiosus
1341 2920 1555 2974 auditor
1597 2921 1764 2976 colla-

200 3008 288 3055 tam
314 3004 409 3058 sibi
438 3006 625 3058 divini
664 3007 905 3060 muneris
946 3008 1169 3076 gratiam
1204 3008 1317 3063 suis
1345 3018 1550 3064 tantum
1582 3012 1767 3067 usibus

198 3095 528 3148 reservabit':
572 3096 922 3160 sed,cunctis
965 3113 1085 3152 eam
1133 3100 1636 3157 communicabilem
1680 3104 1766 3159 fa-

199 3184 343 3250 ciens,
376 3188 665 3257 copiosius
706 3192 1058 3260 prazrogando
1088 3193 1333 3247 securius
1359 3195 1676 3262 possidebit,
1708 3207 1767 3251 ut

202 3274 283 3328 sibi
309 3292 393 3346 per
416 3279 544 3333 haec
582 3289 636 3334 et
672 3280 917 3350 plurimis
956 3283 1328 3338 aedilicationis
1366 3286 1617 3340 exhibeat
1647 3286 1761 3341 lru-

201 3378 344 3433 ctum,
367 3380 418 3424 et
443 3370 604 3424 velut
629 3372 821 3426 decora
849 3374 1030 3436 arbor,
1059 3375 1233 3445 pomis
1276 3372 1471 3431 referta
1492 3418 1507 3441 ,
1540 3393 1644 3431 non
1685 3379 1765 3431 in-

202 3459 442 3519 fructuosa
478 3463 742 3533 probatur
771 3480 1035 3534 occupare
1067 3474 1291 3531 terram,
1316 3467 1441 3521 dum
1466 3468 1618 3531 vivit,
1640 3484 1761 3522 cum

198 3560 244 3605 et
268 3553 367 3622 ipsa
396 3557 517 3610 suis
548 3557 725 3624 pomis
753 3566 1009 3621 ornatur,
1041 3567 1093 3612 et
1123 3573 1311 3613 omnes
1340 3559 1431 3628 qui
1462 3574 1527 3613 ex
1556 3577 1617 3614 ea
1652 3561 1765 3614 fru-

200 3652 323 3698 ctum
353 3649 722 3717 perceperint,
756 3649 1095 3719 saginantur,
1127 3651 1284 3707 beato
1310 3666 1410 3707 nos
1433 3653 1597 3707 etiam
1626 3654 1765 3722 Apo-

201 3736 318 3790 stolo
342 3739 406 3793 ad
452 3740 573 3795 hzec
617 3744 804 3795 eadem
838 3741 1136 3798 invitante:
1180 3742 1358 3797 Nolite
1386 3761 1618 3815 qurerere
1647 3763 1763 3816 qum

201 3838 344 3883 castra
369 3842 515 3898 sunt,
541 3834 635 3887 sed
663 3852 781 3903 qua:
808 3834 1029 3889 aliorum
1058 3836 1108 3907 (1
1136 3836 1260 3892 Cor.
1285 3855 1339 3903 Χ,
1363 3838 1487 3904 2ί);
1515 3850 1568 3894 ct
1591 3841 1716 3897 alibi
1744 3860 1757 3896 :

1871 2652 1965 2706 sed
1991 2652 2057 2706 ad
2085 2651 2231 2723 ipsos
2253 2654 2364 2723 jam
2402 2656 2784 2725 pricdicatores
2814 2660 2952 2730 vulgi
2982 2680 3100 2719 mea
3139 2679 3449 2726 convertam

1870 2743 2056 2809 verba,
2085 2754 2137 2798 et
2166 2746 2300 2800 meis
2325 2748 2631 2815 conservis,
2662 2749 2807 2804 velut
2846 2754 3101 2811 obediens
3140 2772 3356 2827 servus,
3394 2762 3451 2817 id

1868 2840 1951 2885 est
1993 2834 2278 2903 episcopus
2313 2837 2707 2904 sacerdotibus,
2742 2842 3019 2897 audaciter
3043 2848 3337 2913 praedicare
3362 2866 3454 2916 sav-

1870 2924 1994 2980 lutis
2020 2928 2206 2982 munia
2250 2944 2354 2983 non
2396 2932 2701 2986 rctardabo.
2737 2933 2847 2989 Nec
2872 2941 3283 3009 praerogativam
3316 2944 3452 2999 mihi

1868 3017 2236 3083 conscientiae,
2277 3019 2323 3073 si
2364 3020 2476 3075 haec
2504 3022 2637 3076 meis
2666 3026 3141 3084 consacerdotibus
3168 3032 3451 3089 charitatis

1867 3106 2063 3165 intuitu
2088 3124 2404 3177 praerogem,
2429 3111 2801 3179 vindicavere;
2827 3125 2921 3170 aut
2941 3118 3064 3171 vitae
3085 3121 3338 3189 perfectae
3358 3142 3450 3180 me

1866 3209 1988 3250 esse
2030 3195 2223 3263 fateor,
2254 3212 2373 3253 cum
2405 3200 2470 3253 de
2507 3202 2613 3256 vita
2646 3202 2883 3272 perfecta
2916 3208 3051 3263 alios
3081 3226 3313 3269 moneo:
3354 3218 3450 3274 sed

1864 3287 2045 3355 potius
2071 3303 2194 3342 cum
2225 3289 2340 3344 haec
2368 3292 2435 3345 ad
2466 3291 2586 3347 illos
2612 3292 2758 3363 loqui
2789 3297 2984 3364 audeo,
3011 3300 3169 3356 simul
3197 3318 3321 3360 cum
3342 3307 3449 3363 illis

1864 3391 1986 3446 quae
2016 3377 2208 3447 loquor
2236 3379 2471 3435 audiam.

1935 3470 2380 3559 aggrediarjam,
2408 3474 2589 3530 divina
2619 3491 2720 3547 ope
2754 3478 3025 3549 sullultus,
3056 3484 3314 3545 facultate
3340 3505 3448 3559 qua

1865 3556 2039 3624 valeo,
2077 3567 2153 3626 et,
2181 3575 2367 3616 eorum
2404 3564 2675 3632 precibus
2701 3567 2916 3637 adjutus
2972 3573 3038 3627 ad
3088 3591 3225 3645 quos
3264 3556 3450 3635 nos—ter

1864 3651 2086 3721 respicit
2126 3667 2309 3709 sermo
2353 3655 2719 3715 desideratum
2768 3663 2875 3717 iter
2911 3680 3167 3735 carpam,
3207 3680 3262 3725 et
3295 3676 3450 3741 quasi

1865 3748 1978 3794 tum
2034 3741 2087 3794 in
2135 3743 2344 3812 gremio
2374 3748 2716 3803 sacerdotum
2766 3753 2974 3820 positus
3021 3755 3163 3825 ipsos
3207 3759 3452 3829 alloquar

1864 3832 2195 3887 sacerdotes.
2228 3833 2424 3890 Audite
2462 3852 2568 3901 me,
2609 3838 2907 3895 beatissimi
2944 3855 3158 3913 patres,
3188 3859 3260 3914 et,
3292 3852 3339 3905 si
3370 3853 3453 3905 di-

205 3914 305 3971 Non
322 3938 495 3989 quam,
519 3902 682 3992 quod,
702 3926 829 3978 mihi
864 3925 1006 3991 “me,
1039 3902 1128 3980 θέα
1154 3928 1293 3997 quod
1318 3902 1517 3992 mum-3,
1550 3930 1759 3985 “Iw/1.5
1791 3902 1835 3961 Β
1864 3938 2029 3992 gnum
2060 3924 2279 3990 ducitis,
2311 3928 2639 3983 sanctissimi
2666 3928 2863 3988 fratres
2889 3950 2901 3985 :
2939 3936 3123 3991 audite
3150 3954 3257 4004 me,
3286 3942 3451 4011 stirps

202 4006 310 4072 ﬂant
356 4012 547 4081 (lbid.,
592 4014 668 4083 5).
716 4014 919 4070 idcirco
960 4031 1060 4072 nos
1102 4018 1302 4086 quibus
1347 4019 1494 4073 verbi
1547 4020 1759 4076 Domini

203 4100 379 4154 credita
425 4113 511 4158 est
554 4103 908 4172 dispensatio,
940 4114 994 4160 et
1024 4121 1241 4175 gregem
1271 4107 1474 4163 Christi
1505 4110 1757 4166 alendum

202 4195 630 4266 nutriendumque
661 4199 1033 4268 suscepimus:
1072 4216 1177 4255 non
1203 4201 1320 4254 sine
1352 4202 1585 4280 ingentis
1610 4204 1758 4272 peri-

202 4282 287 4336 culi
319 4303 451 4341 noxa
484 4303 583 4343 nos
611 4290 886 4345 credimus
910 4305 1198 4357 evasuros,
1239 4293 1284 4346 si
1332 4309 1439 4348 non
1474 4296 1631 4351 modo
1673 4313 1757 4353 sc-

205 4377 412 4430 cundum
428 4379 542 4433 hare
558 4378 713 4451 [non]
734 4381 992 4447 vivamus,
1023 4385 1113 4438 sed
1140 4386 1301 4439 etiam
1320 4385 1365 4439 si
1391 4386 1612 4442 minime
1628 4405 1757 4458 prte-

204 4464 435 4525 dicemus.
464 4472 531 4525 Et
545 4472 672 4527 licet
689 4475 754 4528 ad
774 4474 886 4529 lucc
906 4477 1244 4544 praedicanda
1262 4494 1361 4532 nos
1379 4481 1617 4535 retardet
1635 4481 1757 4535 vitae

204 4554 529 4628 improbitas,
580 4564 772 4621 invitat
820 4577 995 4623 tamen
1029 4570 1283 4639 praecepti
1334 4572 1650 4625 necessitas.
1689 4573 1757 4627 Et

206 4660 253 4704 ut
278 4669 345 4710 vae
370 4658 500 4712 mihi
530 4670 632 4725 est,
665 4663 709 4717 si
741 4662 961 4719 minime
983 4665 1380 4732 prmdicavcro,
1409 4672 1465 4719 et
1493 4664 1538 4720 si
1572 4680 1754 4721 susce-

204 4750 329 4807 ptum
356 4748 670 4804 thesaurum
700 4752 753 4804 in
784 4761 926 4807 terra
958 4755 1226 4810 defossum
1257 4754 1309 4807 in
1334 4769 1455 4809 meo
1476 4758 1638 4811 corde
1659 4756 1752 4811 ditt

203 4835 548 4903 occultavere,
600 4850 655 4897 et
694 4842 970 4898 lucernam
1000 4846 1165 4901 divini
1196 4845 1345 4900 verbi
1387 4861 1750 4915 compressam

205 4924 289 4978 sub
328 4931 504 4987 modio
538 4940 911 5001 retentavcro,
948 4945 1000 4991 et
1030 4953 1135 4993 non
1169 4952 1330 5007 super
1366 4938 1750 4994 candelabrum

206 5021 503 5086 propositam
534 5036 858 5080 cunctorum
889 5027 1056 5080 oculis
1074 5026 1527 5083 manifestavcro:
1570 5030 1663 5093 ita,
1703 5030 1749 5083 si

206 5104 407 5165 claustra
455 5114 706 5183 humana:
754 5116 1036 5185 imperitia:
1082 5133 1179 5186 per
1216 5118 1393 5172 claves
1438 5119 1556 5174 illas
1596 5122 1748 5190 regni

207 5198 447 5271 cmlorum,
484 5221 623 5276 quas
658 5207 714 5262 in
755 5208 916 5261 beato
944 5209 1103 5264 Petro
1146 5209 1388 5278 apostolo
1416 5212 1593 5266 cuncti
1627 5228 1746 5267 sus-

208 5291 405 5358 cepimus
432 5298 773 5362 sacerdotes,
805 5298 1024 5354 minime
1062 5314 1409 5366 rcscravero,
1458 5312 1516 5356 ut
1562 5301 1750 5357 audire

206 5394 282 5414 lm-
297 5385 393 5414 ιι..-
423 5406 599 5414 ..-ω-υ.

610 5407 637 5414 ..
659 5406 756 5414 ..-Α
779 5389 966 5414 Ιί..........
992 5408 1121 5414 ..Α-..Α
1147 5393 1355 5414 -m.-J--I-
1381 5410 1392 5414 _
1425 5394 1462 5414 Π

1863 4010 2104 4076 levitica,
2147 4030 2371 4085 germen
2406 4020 2764 4085 sacerdotale,
2812 4037 3049 4095 propago
3080 4010 3447 4100 sanctificata,

1862 4100 2027 4155 duces
2047 4112 2101 4155 et
2130 4112 2369 4159 rectores
2392 4108 2570 4176 gregis
2593 4108 2822 4164 Christi:
2850 4114 3030 4170 audite
3058 4131 3142 4170 me
3167 4130 3447 4189 rogantem

1859 4197 2065 4265 pariter
2092 4206 2145 4252 et
2180 4199 2477 4267 timentem,
2509 4212 2563 4257 et
2595 4207 2892 4263 commodis
2934 4215 3315 4273 communibus
3340 4221 3447 4275 sol-

1858 4287 2005 4343 licite
2039 4291 2407 4347 consulentem
2428 4334 2442 4359 ,
2473 4305 2528 4349 et
2562 4296 2821 4353 honorem
2850 4302 3190 4373 episcopatus
3216 4310 3445 4366 demon-

1857 4388 2036 4437 strare
2066 4381 2340 4439 volentem
2369 4401 2381 4437 :
2410 4392 2627 4449 ut,cum
2652 4388 2876 4446 honoris
2901 4392 3017 4462 ejus
3029 4400 3446 4469 prmrogativam

1858 4484 2258 4541 monstravcro,
2283 4478 2478 4532 merita
2499 4480 2661 4535 etiam
2689 4497 2926 4553 congrua
2954 4490 3312 4559 requiramus.
3336 4494 3447 4550 Nec

1855 4560 1964 4615 falli
1993 4579 2282 4634 possumus
2308 4566 2360 4620 in
2389 4582 2571 4637 opere,
2613 4570 2703 4640 qui
2734 4577 3109 4644 cognoscimus
3135 4583 3442 4638 veritatem.

1856 4651 2086 4723 Dignum
2113 4665 2196 4710 est
2225 4658 2369 4711 enim
2411 4668 2470 4712 ut
2503 4660 2737 4730 dignitas
2782 4670 3141 4727 sacerdotalis
3164 4674 3312 4742 prius
3342 4692 3443 4731 uo-

1855 4754 2091 4798 scatura
2123 4746 2310 4814 nobis,
2343 4756 2397 4802 et
2443 4749 2520 4803 sic
2560 4751 2753 4807 deinde
2794 4767 3043 4815 servetur
3086 4776 3118 4815 a
3161 4764 3337 4830 nobis,
3386 4774 3445 4820 ut

1852 4835 2257 4907 psalmographi
2307 4841 2576 4895 sententia
2624 4845 2919 4913 repellatur
2958 4865 2989 4905 a
3023 4852 3178 4907 nobis
3212 4871 3227 4909 :
3268 4854 3439 4910 lIomo

1853 4948 1973 4985 cum
2009 4933 2063 4986 in
2103 4933 2300 4987 honore
2348 4946 2509 5001 esset,
2532 4953 2634 4991 non
2665 4939 2957 5009 intellexit;
2996 4956 3329 5012 comparatus
3366 4958 3443 5002 est

1842 5023 2100 5091 jumentis
2166 5024 2569 5095 insipientibus,
2628 5037 2677 5082 et
2734 5031 2924 5088 similis
2986 5035 3157 5103 factus
3206 5045 3285 5090 est
3336 5021 3441 5090 illi}

1853 5110 2025 5180 (Psal.
2055 5114 2298 5182 curm).

1926 5203 2109 5261 Honor
2156 5206 2351 5277 igitur,
2399 5206 2634 5275 fratres,
2682 5220 2737 5265 et
2776 5213 3081 5268 sublimitas
3122 5214 3444 5286 episcopalis

1857 5294 2017 5349 nullis
2067 5298 2269 5368 poterit
2319 5301 2820 5369 comparationibus
2871 5302 3098 5374 mquari.
3149 5300 3207 5356 Si
3259 5319 3445 5375 regum

2637 5393 2778 5414 !-\.......
2812 5392 2890 5414 ΔΞ-
2918 5395 2960 5414 lt
2990 5400 3111 5414 -...e-
3172 5392 3250 5414 I-“
3306 5411 3318 5413 _
3355 5395 3445 5414 -s!‘

1856 5401 2138 5414 nn-nnnunn
2172 5384 2364 5414 :..i‘..l.u.
2400 5399 2446 5414 Αι
2477 5393 2778 5414 μμέΑ-Ξ-κ..,...ιι
2812 5392 2890 5414 ΛΞ-
