3986 5444
493 271 585 326 ΠΙ
1143 267 1496 325 SILVESTRI
1534 267 1572 322 ll
1615 265 1814 322 ΡΔΡιΕ
1850 266 2000 323 OPP.
2041 265 2074 320 ῐ²

2174 265 2222 320 5
2248 264 2312 322 ιι.
2342 294 2410 308 σ-
2434 264 2523 321 οε
2562 264 2792 322 BEBUS
2831 265 3114 322 ECCLES.

3657 266 3763 322 "2

491 383 709 440 muniri.
743 379 882 449 Quid
903 380 1017 449 jam
1045 379 1112 434 dc
1139 379 1312 449 plebis
1344 376 1687 432 multitudine
1707 375 1959 440 dixerim,
1983 374 2071 428 cui
2103 387 2150 443 Α
2201 420 2207 432 ,
2245 372 2406 428 Aliud
2429 373 2575 429 enim
2607 375 2676 430 ab
2703 374 2958 446 episcOpo
2989 374 3215 444 requirit
3254 371 3396 431 Deus
3417 413 3431 439 ,
3471 381 3530 430 et
3561 372 3708 431 aliud
3736 393 3766 431 a

491 488 598 529 non
628 471 800 528 solum
831 468 1074 542 praeferri
1118 484 1147 522 a
1193 467 1420 523 Domino
1449 466 1681 532 meruit,
1728 466 1822 519 sed
1862 473 1920 518 ut
1955 478 2076 518 eam

490 576 706 635 quoque
727 561 850 632 jure
890 567 1105 614 tueatur
1131 565 1389 629 paterno,
1439 555 1726 627 prazccptis
1755 555 2074 633 imperatum

490 664 576 712 est
603 652 966 724 evangelicis?
1000 651 1091 705 Sic
1124 657 1272 705 certe
1299 665 1328 704 a
1359 649 1588 704 Domino
1626 647 1694 701 ad
1723 647 1942 703 beatum
1972 643 2078 700 Pe-

488 756 633 802 trum
661 746 860 800 dictitat
886 751 1004 798 est:
1041 741 1217 806 Petre,
1247 757 1397 794 amas
1425 739 1550 794 me?
1588 747 1644 792 et
1669 738 1760 793 ille
1786 755 1801 793 :
1845 736 1923 790 Tu
1953 736 2074 801 scis,

486 836 733 901 Domine,
756 834 881 903 quia
906 849 1025 887 amo
1051 843 1100 886 te
1127 830 1310 903 (Joan.
1347 830 1483 899 xxi).
1526 829 1592 883 Et
1633 843 1755 882 cum
1786 828 1888 882 hoc
1915 827 2078 880 tertio

472 926 680 984 fuisset
733 927 1134 995 interrogatus,
1191 931 1246 977 et
1293 923 1432 977 trina
1483 920 1836 991 responsione
1884 918 2078 973 fuisset

487 1021 828 1082 subsecutus,
859 1017 1146 1087 repetitum
1175 1024 1258 1069 est
1289 1013 1336 1070 ei
1364 1030 1393 1067 a
1431 1014 1658 1068 Domino
1684 1012 1874 1067 tertio:
1907 1009 2077 1064 Pasce

474 1126 603 1166 "oves
629 1126 790 1163 nicas.
818 1109 962 1174 Quas
983 1122 1134 1171 oves,
1155 1107 1318 1176 quem
1352 1106 1570 1176 gregem
1619 1119 1724 1157 non
1751 1102 1927 1156 soltnn
1951 1110 2079 1156 tunc

484 1199 680 1259 beatus
709 1200 945 1269 suscepit
973 1199 1272 1268 apostolus,
1301 1198 1392 1251 sed
1417 1204 1473 1250 et
1500 1194 1780 1249 uobiscum
1805 1208 1900 1249 eas
1929 1207 2078 1246 acce-

482 1293 590 1364 pit,
621 1303 821 1346 etcum
848 1289 940 1345 illo
964 1305 1056 1343 eas
1082 1288 1411 1358 suscipimus
1430 1300 1641 1341 omnes.
1670 1283 1821 1338 Unde
1847 1281 2078 1352 regenda

488 1383 866 1440 sacerdotibus
891 1380 1312 1442 contraduntur,
1336 1388 1391 1433 et
1423 1378 1618 1432 merito
1647 1375 1948 1430 rectoribus
1965 1371 2078 1427 suis

484 1477 644 1532 subdi
667 1476 942 1538 dicuntur,
959 1471 1438 1543 quia,evangclico
1453 1470 1707 1524 mandato
1727 1475 2072 1530 cornseante,

483 1566 732 1620 videmus
759 1563 1109 1618 nihilominus
1135 1577 1256 1617 esse
1285 1559 1567 1630 pratiixnm
1592 1575 1605 1612 :
1650 1557 1774 1611 Non
1815 1565 1888 1609 est
1913 1554 2076 1607 disci-

483 1656 641 1727 pulus
663 1671 818 1724 super
841 1654 1148 1722 nmgistrum
1169 1694 1183 1712 .
1231 1668 1392 1722 neque
1423 1667 1600 1705 servus
1624 1665 1781 1718 super
1803 1647 2077 1700 dominum

2179 465 2526 536 presbytero;
2552 463 2697 519 aliud
2723 480 2752 519 a
2778 466 3026 530 diacono,
3052 475 3110 522 et
3131 465 3275 520 aliud
3300 479 3328 518 a
3353 465 3578 531 clerico,
3604 475 3768 537 atque

2178 556 2324 612 aliud
2347 571 2376 611 a
2403 557 2541 613 laico
2567 574 2581 612 :
2621 565 2702 624 et,
2727 557 2855 614 licet
2880 566 3196 614 cunctorum
3219 571 3317 628 per
3345 555 3553 628 singula
3586 558 3770 628 requi-

2180 659 2446 722 rat'0pns,
2479 651 2599 722 plus
2633 660 2811 708 tamen
2843 652 2910 706 ab
2941 652 3032 707 illo
3061 654 3307 724 exigetur
3355 653 3441 707 cui
3478 651 3656 722 major
3688 661 3774 707 est

2179 753 2306 794 cura
2332 741 2652 805 commissa;
2685 741 2973 810 ampliores
3004 757 3192 813 pcenas
3220 741 3330 796 luet
3377 742 3462 796 cui
3517 757 3773 797 numero-

2178 829 2293 883 sior
2319 831 2675 900 regendorum
2707 833 3050 902 populorttm,
3082 833 3125 888 si
3155 833 3396 905 neglecta
3429 835 3636 889 Credita
3664 842 3774 899 est,

2180 919 2532 989 dispensatio.
2574 922 2641 976 Et
2667 933 2723 976 ut
2757 923 2926 992 ipsius
2950 925 3291 995 episcopatus
3320 927 3536 980 modum
3569 935 3628 980 et
3665 925 3774 980 for-

2179 1011 2377 1065 mulam
2407 1013 2606 1066 nostris
2633 1015 3107 1069 consacerdotibus
3133 1016 3508 1086 depingamus,
3553 1030 3776 1087 aposto-

2177 1099 2279 1181 lica
2319 1101 2470 1156 nobis
2497 1112 2579 1158 est
2606 1119 2703 1172 per
2731 1104 2910 1157 nuntia
2945 1105 3125 1175 regula
3160 1105 3515 1169 revolvenda;
3545 1107 3675 1176 quia
3710 1108 3778 1161 de

2178 1193 2258 1247 eis
2285 1209 2382 1263 per
2407 1193 2616 1264 singula
2639 1194 2985 1265 episcopatus
3004 1194 3347 1251 lineamenta
3374 1197 3687 1268 distinguit,
3712 1212 3779 1252 ne

2178 1284 2344 1355 aliqui
2371 1287 2712 1340 sacerdotum
2743 1286 2945 1355 garruli
2982 1287 3331 1356 querclentnr
3359 1287 3690 1342 commentis
3720 1303 3779 1342 se

2181 1376 2388 1430 nostris
2420 1375 2471 1429 in
2504 1376 2606 1431 hoc
2639 1392 2802 1446 opere
2841 1377 3148 1448 inero-patos
3185 1378 3392 1450 magis,
3437 1394 3600 1446 quam
3645 1391 3753 1447 apo

2180 1467 2387 1521 stolicis
2415 1469 2699 1522 sententiis
2730 1470 3064 1539 redargutos.
3110 1470 3202 1523 Sic
3243 1470 3387 1524 enim
3433 1472 3501 1525 ad
3541 1466 3778 1525 cunctus

2180 1557 2463 1625 episcopos
2489 1555 2681 1610 beatus
2704 1557 2779 1610 ait
2801 1557 3106 1626 apostolus:
3137 1556 3335 1612 Fidelis
3357 1576 3529 1613 sermo
3557 1559 3610 1631 (Ι
3642 1559 3780 1613 Tim.

2182 1666 2264 1712 Ill,
2293 1651 2369 1717 1),
2400 1665 2463 1704 ac
2488 1650 2530 1704 si
2561 1650 2803 1704 diceret:
2847 1652 2919 1706 De
2945 1666 3053 1720 quo
3081 1666 3198 1703 sum
3236 1651 3536 1714 locuturus,
3566 1652 3778 1706 veraci-

484 1759 636 1797 suum
663 1757 680 1794 :
719 1743 808 1796 sed
833 1743 1016 1812 suﬁicit
1039 1740 1297 1811 discipulo
1328 1749 1384 1794 ut
1415 1740 1478 1793 sit
1503 1739 1634 1792 sicut
1672 1736 1919 1807 magister
1938 1735 2073 1804 ejuS,
2110 1743 2152 1802 Β
2183 1752 2265 1795 ter
2293 1741 2433 1804 dico,
2479 1757 2546 1794 ne
2572 1742 2693 1811 quis
2724 1757 2808 1796 me
2837 1741 3111 1796 existimet
3149 1740 3318 1796 fuisse
3361 1742 3678 1797 mentitum.
3720 1742 3782 1795 Si

477 1842 532 1886 et
553 1849 729 1886 servus
753 1833 883 1886 sicut
907 1832 1150 1886 dominus
1172 1831 1286 1899 ejus
1313 1829 1464 1900 (Luc.
1496 1845 1568 1894 vt,
1603 1827 1711 1898 40).

553 1923 683 1978 llaec
726 1938 855 1978 vero
905 1933 1119 1986 cuncta,
1155 1921 1388 1985 fratres,
1433 1921 1554 1974 ideo
1600 1919 1926 1989 praemisisse
1977 1934 2076 1972 nos

477 2015 703 2070 debetis
730 2029 1091 2085 cognoscere,
1143 2023 1202 2067 ut
1244 2014 1654 2068 ostenderemus
1699 2010 1832 2065 nihil
1863 2025 1985 2064 esse
2023 2011 2074 2063 in

472 2107 589 2163 -~boc
615 2106 812 2162 szeculo
833 2107 1188 2161 excellentius
1207 2105 1604 2168 sacerdotibus,
1633 2103 1766 2158 nihil
1793 2102 2076 2158 sublimius

468 2199 752 2270 episcopis
798 2198 1048 2269 reperiri.
1097 2196 1189 2263 Ut,
1215 2213 1340 2252 cum
1372 2196 1694 2268 dignitatem
1731 2195 2077 2264 episcopatus

476 2293 940 2359 demonstramus,
969 2293 1344 2364 episcoporum
1389 2292 1562 2347 oculis
1597 2299 1651 2346 et
1689 2290 1834 2359 digni
1883 2303 2075 2343 nosca-

484 2396 610 2440 mur
626 2385 774 2456 quod
797 2401 1014 2452 sumus;
1037 2395 1092 2441 et
1111 2386 1252 2456 quod
1277 2400 1465 2440 sumus
1485 2382 1839 2454 professione,
1860 2381 2076 2436 actione

482 2478 661 2548 potius
690 2480 853 2547 quam
880 2477 1101 2532 nomine
1127 2477 1562 2531 demonstremus
1589 2491 1602 2526 :
1634 2475 1693 2528 ιιι
1719 2488 1914 2528 nomen
1946 2488 2073 2526 con-

482 2577 645 2638 gruat
693 2568 932 2634 actioni,
983 2576 1037 2622 et
1081 2567 1222 2621 actio
1258 2573 1580 2636 respondeat
1612 2564 1856 2618 nomini:
1898 2578 1965 2617 ne
2003 2563 2075 2616 sit

481 2661 679 2714 nomen
705 2659 887 2724 inane,
911 2672 964 2714 et
989 2659 1194 2714 crimen
1223 2658 1491 2722 innnane;
1526 2673 1594 2711 ne
1622 2657 1694 2712 sit
1720 2654 1894 2710 honor
1914 2654 2075 2709 subli-

477 2751 608 2818 mis,
637 2760 693 2807 et
722 2752 831 2805 vita
859 2733 1122 2820 poenalis;
1151 2763 1218 2803 ne
1246 2749 1317 2804 sit
1347 2749 1538 2803 deitica
1571 2746 1837 2818 professio
1857 2787 1870 2808 ,
1895 2757 1949 2799 et
1976 2745 2075 2798 illi-

481 2841 591 2905 cita
619 2841 793 2906 actio;
840 2855 908 2894 ne
945 2839 1016 2893 sit
1047 2839 1332 2909 religiosus
1376 2838 1625 2902 amictus;
1659 2847 1712 2891 et
1741 2835 2074 2906 irreligiosus

479 2929 789 2999 profectus;
823 2943 890 2983 ne
915 2929 986 2984 sit
1009 2929 1207 2999 gradus
1233 2929 1499 2993 excelsus,
1526 2939 1579 2982 et
1606 2926 1862 2982 deformis
1891 2937 2074 2980 exces-

481 3034 609 3085 sus;
648 3035 717 3075 ne
744 3020 1008 3074 habeatur
1049 3021 1100 3073 in
1128 3019 1357 3074 ecclesia
1386 3021 1644 3073 cathedra
1677 3018 1988 3083 sublimior,
2018 3026 2074 3070 et

2182 1836 2296 1906 quis
2335 1835 2686 1904 episcopatum
2728 1833 3022 1900 desiderat,
3070 1835 3258 1887 bonum
3299 1851 3428 1902 opus
3475 1834 3751 1889 desiderat

2181 1925 2285 1980 hoc
2333 1935 2455 1979 est:
2500 1924 2795 1993 Episcopus
2831 1941 2951 1980 esse
2986 1923 3178 1994 cupis?
3213 1923 3461 1994 Magnum
3505 1933 3592 1980 est
3635 1927 3779 1994 quod

2180 2018 2388 2082 ambis;
2426 2017 2518 2072 scd
2547 2031 2682 2086 opus
2705 2018 2902 2071 bonum
2934 2016 3117 2078 simul,
3143 2015 3190 2070 si
3219 2015 3583 2085 amplecteris.
3612 2014 3779 2071 Caute

2182 2125 2300 2162 rum
2330 2108 2619 2178 episc0pus
2644 2122 2762 2162 esse
2787 2123 2892 2161 non
2927 2107 3149 2177 poteris,
3176 2107 3220 2161 si
3253 2106 3591 2176 episcopales
3623 2117 3784 2161 actus

2180 2200 2464 2271 aspernari
2512 2199 2767 2255 volueris.
2813 2200 2876 2254 Et
2905 2200 3081 2255 denuo
3108 2198 3302 2264 infert,
3331 2208 3385 2252 et
3416 2200 3529 2253 ait:
3563 2199 3766 2268 Oporte

2177 2295 2472 2363 episcopum
2512 2292 3010 2363 irreprehensibilem
3049 2309 3191 2357 esse;
3243 2292 3781 2362 irrcprchcnsibilem

2179 2384 2275 2447 ait,
2313 2398 2509 2453 nempe
2540 2383 2584 2437 si
2619 2382 3056 2452 reprehenderis,
3094 2382 3264 2453 culpa:
3289 2382 3618 2437 deformitati
3653 2382 3784 2437 sub-

2178 2462 2344 2533 deris.
2392 2477 2459 2531 Et
2505 2477 2748 2546 profecto
2786 2475 2942 2546 culpa
2991 2476 3061 2530 ad
3109 2485 3319 2531 reatum
3360 2476 3560 2541 trahit,
3593 2477 3776 2531 reatui

2176 2585 2350 2640 preme
2377 2569 2626 2623 subditus
2652 2582 2824 2639 poena:
2854 2567 3101 2623 servituti
3144 2567 3411 2622 obnoxius
3446 2568 3576 2632 erit;
3606 2568 3784 2622 ενι-ῆ-

2178 2659 2277 2712 tnti
2316 2659 2584 2713 obnOxius
2627 2658 2927 2713 libertatem
2972 2658 3194 2712 amittit.
3240 2658 3378 2713 Ecce
3422 2673 3545 2727 quas
3588 2658 3780 2714 evenit

2177 2749 2403 2805 libertas
2445 2751 2786 2821 episcopalis,
2834 2765 2930 2820 per
2973 2750 3084 2804 hos
3121 2750 3322 2820 gradus
3361 2765 3499 2820 quos
3536 2751 3783 2804 diximus

2161 2843 2510 2898 "criminales.
2556 2842 2660 2897 Sed
2707 2850 2764 2895 ut
2807 2841 3130 2912 reprehendi
3165 2856 3269 2896 non
3310 2843 3506 2910 possis,
3538 2842 3782 2910 irrepre-

2175 2935 2471 2990 lteusibiles
2498 2951 2593 3006 per
2623 2935 2802 2989 omnia
2828 2943 2982 2989 actus
3014 2934 3247 2989 custodi.
3280 2933 3409 2988 Post
3441 2934 3558 2989 haec
3584 2936 3776 2989 addit:

2178 3025 2348 3080 Unius
2393 3028 2572 3079 uxoris
2612 3025 2800 3080 cirum.
2843 3024 2903 3081 Si
2940 3026 3006 3079 ad
3037 3025 3273 3079 litteram
3303 3025 3587 3094 respicias,
3618 3026 3780 3094 biga-

481 3111 815 3167 conScietttia
842 3111 1142 3166 sacerdotis
1171 3111 1474 3180 reperiatur
1503 3110 1671 3192 multo
1699 3109 1979 3172 humilior;
2006 3125 2072 3162 ne

2179 3120 2339 3174 iniam
2387 3120 2744 3179 condemnat.
2780 3134 2847 3174 ne
2875 3133 3144 3174 secundos
3173 3121 3383 3174 noverit
3409 3120 3778 3182 concubitus,

482 3200 811 3268 locutionem
853 3200 1170 3256 simulemus
1202 3201 1601 3260 columbinum,
1631 3210 1683 3255 et
1711 3210 1946 3254 mentem
1980 3200 2074 3252 ha-

479 3292 712 3349 beamus
739 3293 1022 3359 caninam;
1056 3308 1122 3348 nc
1151 3292 1540 3362 professionem
1578 3302 1938 3346 monstremus
1961 3291 2075 3346 ovi-

481 3398 632 3450 nam,
667 3393 721 3439 et
754 3383 1026 3438 feritatem
1051 3385 1316 3439 habemus
1341 3371 1611 3453 lupinum;
1643 3395 1702 3438 ut
1729 3384 1888 3456 digne
1921 3385 2075 3439 nobis

480 3489 582 3543 per
625 3475 946 3546 prepbetam
987 3475 1379 3546 respondeatur
1429 3491 1458 3530 a
1513 3475 1778 3530 Domino:
1839 3474 2074 3545 Populus

473 3569 568 3622 hic
602 3568 758 3623 labiis
789 3586 870 3624 me
907 3570 1167 3635 honorat,
1207 3585 1298 3623 cor
1337 3579 1513 3622 autent
1550 3583 1730 3622 eorum
1769 3568 1919 3638 longe
1943 3577 2016 3621 est
2041 3583 2074 3620 α

470 3674 564 3715 ‘me
591 3662 724 3733 (Isa.
758 3677 908 3727 xxix,
929 3662 1038 3733 15).
1065 3662 1224 3728 Quia,
1256 3661 1480 3728 fratres,
1508 3671 1565 3716 ut
1597 3671 1900 3715 senatorem
1927 3660 2075 3714 chla-

465 3761 603 3822 "mys
622 3759 906 3812 monstrat,
926 3750 1254 3820 agricultura
1280 3751 1570 3816 rusticum,
1588 3751 1876 3805 barbartnn
1899 3764 2070 3816 arma,

467 3850 707 3895 -nautam
730 3841 947 3912 remigii
979 3841 1198 3911 peritia,
1233 3849 1290 3896 et
1315 3841 1554 3911 singulos
1581 3855 1825 3910 quosque
1853 3839 2074 3910 opifices

465 3933 670 4002 operis
708 3933 790 3987 sui
820 3933 1054 4002 qualitas
1086 3933 1234 4003 ipsos
1283 3932 1622 3988 demonstrat
1667 3942 1955 3997 auctores;
1995 3930 2076 3985 sic

463 4025 797 4095 'episcopum
830 4039 934 4078 non
973 4024 1073 4078 nisi
1114 4023 1448 4095 episcopalis
1478 4039 1642 4095 opera
1673 4024 1882 4094 signat,
1916 4032 1976 4077 ut
2007 4037 2074 4077 ex

457 4123 728 4186 tempore
757 4116 927 4186 magis
957 4129 1120 4185 quam
1167 4114 1504 4187 professione
1543 4127 1831 4180 noscatur,
1866 4114 2076 4170 meritis

472 4208 774 4278 episcopus
804 4221 965 4278 quant
996 4207 1212 4262 nomine
1237 4209 1537 4276 vocitetur;
1565 4210 1691 4278 quia
1717 4218 1775 4262 ut
1797 4209 1929 4263 nihil
1953 4223 2074 4262 esse

482 4296 722 4351 dicimus
747 4298 998 4367 cpiscbpo
1027 4296 1400 4361 excellentius,
1437 4299 1515 4352 sic
1552 4298 1685 4352 nihil
1730 4308 1810 4353 est
1851 4300 2075 4352 misera-

481 4388 671 4452 bilius,
700 4388 744 4442 si
776 4390 841 4442 de
871 4403 968 4442 sua
999 4388 1106 4442 vita
1137 4388 1418 4460 episcopus
1441 4389 1792 4459 periclitetur,
1818 4391 1861 4444 si
1891 4401 2074 4445 sacer—

460 4479 580 4534 ·ιξοε
608 4481 661 4535 in
684 4480 912 4536 crimine
937 4489 1205 4545 teneatur,
1229 4481 1273 4535 si
1301 4481 1544 4551 pontifex
1567 4483 1820 4536 vitiorum
1843 4483 2072 4538 maculis

458 4571 778 4641 ‘po’lluatnr.
814 4571 880 4626 Et
909 4582 966 4625 nt
994 4573 1162 4627 levius
1188 4581 1272 4627 est
1295 4574 1361 4628 de
1386 4573 1547 4643 plano
1575 4589 1852 4639 corruere,
1879 4575 1958 4629 sic
1978 4574 2072 4644 qui

477 4678 547 4716 ex
584 4662 800 4718 Sublimi
831 4663 1119 4728 ceciderit,
1153 4677 1316 4734 grave
1354 4663 1582 4718 incurrit
1609 4664 1856 4718 exitium.
1889 4663 2075 4720 Honor

487 4755 707 4826 quidem
752 4771 936 4811 coram
979 4755 1291 4808 hominibus
1331 4754 1652 4826 episcopalis
1681 4772 1936 4827 magnus;
1979 4750 2074 4812 sed

452 4846 458 4850 ’
485 4855 612 4914 post
635 4844 845 4915 lapsum
876 4844 1041 4914 (quod
1073 4845 1210 4899 absit
1231 4845 1441 4914 !)dolor
1464 4863 1711 4918 magnus.
1747 4848 1804 4902 In
1831 4848 2073 4904 Ecclesia

485 4937 688 5008 gradus
713 4937 892 5003 altus;
925 4937 1040 5000 sed,
1084 4937 1131 4991 si
1162 4937 1356 4992 exinde
1390 4953 1488 5008 per
1511 4941 1887 5012 negligentiam
1918 4941 2066 4997 dela-

2174 3211 2263 3280 qui
2293 3210 2636 3280 episcopatus
2666 3211 2890 3282 gradum
2923 3211 3177 3281 consequi
3219 3211 3513 3266 t’iesiderat.
3559 3211 3616 3266 Si
3648 3225 3782 3266 vero

2175 3303 2477 3373 allegoricis
2506 3304 2771 3358 sentiatur
2795 3303 3076 3369 sensibus,
3108 3303 3313 3358 ihhibcl
3353 3304 3613 3375 episeopo
3639 3304 3782 3358 duas

2177 3394 2378 3448 habere
2414 3409 2632 3460 uxores,
2668 3395 2718 3448 id
2747 3403 2863 3460 est,
2908 3409 2976 3448 ne
3008 3404 3127 3464 post
3170 3395 3499 3448 catholicum
3539 3395 3777 3465 dogma,

2153 3497 2394 3539 sensum
2437 3486 2751 3540 lucretioum
2801 3494 3011 3550 sumat;
3045 3486 3138 3541 sed
3185 3484 3511 3540 Christiana:
3558 3495 3779 3541 tantum

2176 3576 2512 3631 sinceritatis
2541 3577 2640 3630 sibi
2679 3576 2909 3632 assoeiet
2939 3575 3116 3634 fidem.
3148 3584 3206 3629 ut
3235 3576 3395 3630 unius
3423 3577 3614 3630 uxoris
3647 3586 3777 3631 tan-

2175 3676 2311 3731 tum,
2343 3666 2393 3719 id
2422 3677 2530 3730 cst,
2560 3665 2835 3732 Ecclesia),
2867 3667 2970 3724 vir.
2995 3667 3283 3738 episcopus
3308 3666 3630 3737 appelletur.
3676 3665 3781 3721 Se-

2157 3758 2394 3828 quitur:
2435 3756 2703 3812 Sobrium.
2759 3755 3012 3812 Subrium
3063 3758 3170 3822 ait,
3220 3759 3323 3813 hoc
3363 3768 3447 3814 est
3490 3773 3599 3812 non
3644 3761 3779 3814 vino

2176 3857 2417 3912 tantum,
2457 3847 2552 3903 sed
2597 3847 2838 3903 moribus
2879 3863 3137 3918 parcum,
3184 3858 3338 3903 utne
3364 3849 3494 3903 vino
3533 3845 3776 3918 amplius

2175 3937 2474 4008 indulgeat,
2507 3947 2562 3993 et
2591 3948 2768 3992 mente
2797 3939 3010 3993 sobrius
3036 3939 3296 4010 gaudeat;
3329 3939 3421 4010 qni
3446 3940 3490 3993 si
3527 3940 3631 3995 hoc
3661 3953 3778 3996 non

2175 4028 2330 4092 facit,
2353 4029 2640 4098 episcopus
2662 4044 2768 4083 non
2791 4030 2912 4083 erit.
2937 4029 3003 4082 Et
3027 4029 3328 4098 adjungens
3348 4031 3635 4100 sequentia
3661 4032 3775 4084 ait:

2147 4115 2498 4173 ‘Prudeutem
2527 4119 2577 4190 (1
2605 4117 2729 4173 Cor.
2760 4135 2842 4182 ιιι,
2876 4119 2985 4190 19).
3029 4119 3376 4176 Prudentium
3419 4123 3622 4192 quippe
3665 4137 3778 4177 non

2175 4211 2506 4265 mundialem
2530 4251 2545 4277 ,
2595 4211 2661 4265 de
2690 4226 2796 4280 qua
2827 4211 3026 4266 dicitur
3083 4211 3222 4281 quod
3263 4212 3490 4267 stultitia
3523 4215 3597 4268 sit
3625 4216 3775 4284 apud

2147 4324 2150 4328 η
2176 4304 2373 4367 Deum;
2407 4302 2502 4357 sed
2535 4302 2902 4372 spiritualem,
2925 4303 2976 4357 id
3002 4313 3103 4364 est,
3127 4318 3248 4373 quae
3271 4312 3326 4358 et
3347 4319 3511 4374 Opere
3531 4305 3780 4360 circurn-

2100 4435 2149 4494 Ι)

2145 4597 2148 4600 ‘
2176 4579 2459 4649 episcopus
2489 4594 2594 4634 non
2624 4588 2728 4634 est.
2761 4579 2827 4633 Et
2857 4581 3034 4635 denuo
3067 4581 3265 4636 infert:
3305 4580 3589 4636 Ornatam.
3618 4581 3678 4636 Si
3704 4584 3774 4636 ad

2177 4400 2358 4461 specta
2396 4391 2466 4446 sit
2524 4403 2577 4447 et
2617 4394 2782 4447 verbo
2814 4393 3009 4462 perita,
3041 4401 3100 4446 ut
3129 4395 3203 4448 sit
3230 4403 3442 4448 astutus
3471 4395 3616 4449 sicut
3656 4411 3752 4450 ser

2177 4500 2311 4556 pcns
2339 4493 2394 4540 et
2420 4484 2644 4554 simplex
2675 4487 2817 4540 sicut
2848 4486 3098 4540 colmnba
3125 4503 3140 4552 ;
3173 4487 3265 4556 qui
3293 4487 3338 4540 si
3373 4486 3495 4541 talis
3525 4503 3634 4542 non
3661 4492 3770 4554 est.

2177 4672 2520 4741 superficiem
2567 4680 2776 4726 tantum
2826 4671 3017 4728 littera:
3051 4675 3426 4739 attendamus,
3464 4690 3572 4728 non
3621 4675 3775 4729 aliud

2177 4761 2517 4827 sacerdotis,
2565 4776 2727 4830 quam
2773 4762 3032 4816 amictum
3084 4779 3392 4834 quaeremus
3437 4764 3736 4818 clariorem

2177 4853 2326 4907 verbi
2369 4853 2570 4922 gratia,
2617 4854 2920 4908 castorinas
2947 4871 3252 4924 quaeremus
3285 4865 3380 4910 aut
3421 4857 3630 4910 sericas
3676 4873 3780 4912 vc.

2177 4954 2326 5000 Stes:
2367 4954 2421 4998 et
2469 4943 2558 4998 ille
2603 4943 2745 4998 inter
2773 4944 3058 5014 episcopos
3088 4960 3146 5000 se
3183 4947 3368 5001 credet
3395 4945 3738 5001 sanctiorem
3760 4986 3776 5008 ,
