3986 5444
237 324 319 380 173
1245 323 1332 379 DE
1363 322 1879 379 INFORMATIONE
1917 323 2417 381 EPISCOPOBUM.

3358 327 3461 385 174

238 441 325 508 piat
355 450 453 487 non
481 433 772 488 habentem
808 432 1129 502 hospitium,
1180 445 1233 487 et
1277 449 1501 505 egenum
1542 434 1657 489 sine
1708 444 1787 488 te-
1820 438 1865 497 Α
1895 433 2113 488 minime
2162 428 2367 495 didicit,
2424 432 2477 486 in
2520 444 2687 501 parvo
2727 441 2965 503 tempore
2993 449 3211 492 servare
3243 438 3466 498 minime

237 540 309 582 cto
336 527 383 579 in
426 526 646 577 domum
691 521 912 577 inducat
952 539 1135 589 suam;
1179 540 1277 578 nec
1308 524 1477 577 solum
1513 531 1793 577 consumat

236 617 357 670 dona
404 606 639 676 Christi,
690 628 811 680 qua:
858 612 906 666 ei
956 611 1148 682 largita
1199 613 1281 667 est
1315 613 1527 668 bonitas
1569 612 1790 667 Christi.

240 702 526 766 Docibilem,
558 704 610 757 id
638 700 721 756 est
752 703 793 755 si
835 700 1033 771 polleat
1072 703 1359 772 sapientia,
1390 712 1448 756 ut
1488 720 1595 757 non
1618 703 1793 757 solum

239 782 482 850 creditum
518 793 625 847 sibi
671 794 927 862 populum
982 792 1307 847 suflicienter
1352 793 1595 857 edoceat,
1624 793 1715 846 sed
1744 800 1798 846 et

240 900 538 943 cunctarum
560 898 720 956 queat
746 888 1011 942 hmresum
1036 888 1490 943 contradictiones
1520 889 1792 957 repellere,

240 995 300 1034 ne
354 974 443 1034 sua
472 969 753 1048 imperitia
799 980 1076 1049 imperitos
1124 980 1345 1045 minime
1377 981 1582 1041 doceat,
1624 989 1678 1034 et
1702 981 1797 1033 hu-

233 1069 444 1139 jusntodi
481 1071 705 1124 eveniat
740 1071 882 1139 quod
913 1070 1171 1139 scriptum
1214 1079 1297 1124 est
1328 1089 1339 1122 :
1366 1069 1545 1123 Ca’cus
1589 1085 1726 1122 ca'co
1753 1068 1798 1120 si

238 1161 463 1214 ducatum
489 1150 747 1229 pra'beat,
766 1154 917 1212 ambo
943 1158 996 1212 in
1020 1159 1220 1227 foveam
1244 1161 1437 1213 cadunt
1462 1158 1677 1229 (Matth.
1704 1162 1795 1221 iw,

242 1250 336 1317 li).
368 1241 464 1313 Qui
493 1265 625 1303 vero
654 1247 819 1303 talem
863 1262 941 1313 se,
972 1257 1029 1302 ut
1051 1249 1306 1312 diximus,
1359 1249 1586 1319 ignorat,
1621 1261 1802 1302 sacer-

240 1342 423 1395 dotium
471 1338 702 1395 minime
729 1344 970 1411 appetat,
1018 1344 1083 1393 ne
1111 1340 1287 1395 locum
1314 1337 1538 1393 alterius
1568 1337 1795 1401 adimat,

242 1433 317 1500 qui
344 1425 546 1501 fulgore
578 1448 692 1487 sua:
744 1431 1021 1501 sapientia:
1057 1440 1281 1484 cunctos
1310 1416 1630 1483 colluStrare
1655 1427 1801 1497 pote-

243 1533 331 1575 rat.
361 1522 489 1575 ltem
545 1514 666 1576 ait:
701 1520 829 1575 Non
858 1521 1193 1585 vinolentum,
1225 1522 1328 1575 hoc
1372 1530 1456 1575 est
1490 1536 1595 1575 non
1630 1519 1800 1573 multo

242 1615 351 1668 \lllO
372 1614 644 1679 deditum,
692 1624 757 1667 ut
792 1614 869 1669 sic
907 1623 1054 1683 potet
1106 1614 1389 1683 episcopus
1427 1623 1486 1667 ut
1514 1622 1694 1667 utrum
1722 1613 1801 1667 bi-

243 1707 367 1758 berit
400 1706 703 1775 ignoretur,
727 1720 795 1758 ne
818 1714 937 1773 post
962 1704 1161 1775 largam
1190 1704 1519 1774 putationem
1551 1704 1797 1758 muliebri

1894 520 2110 591 poterit,
2160 523 2253 577 sed
2308 523 2486 593 lapsus
2542 533 2599 578 et
2636 524 2841 578 inscius
2867 523 3129 593 judicium
3181 531 3463 602 suscipiet,

1896 611 2036 680 quod
2092 612 2284 665 meruit
2319 612 2594 681 suscipere
2619 614 2932 683 snperbiens
2957 616 3220 672 diabolus.
3250 620 3313 673 Et
3334 636 3465 676 eon-

1897 702 2115 758 cludens
2143 702 2379 773 regulam
2409 713 2463 759 et
2492 704 2850 775 episcopalem
2903 706 3152 772 formam,
3183 710 3249 763 ad
3285 720 3467 767 extre-

1897 809 2041 847 mum
2082 795 2290 860 incidit,
2332 795 2551 851 dicens:
2588 796 2799 866 Oportet
2846 800 2995 853 illum
3029 810 3076 853 et
3119 804 3469 857 testimonium

1898 885 2085 937 habere
2114 885 2304 938 bennm
2335 886 2398 938 ab
2423 887 2502 939 Itis
2528 889 2616 955 qui
2648 888 2777 955 foris
2799 900 2917 941 sunt
2942 905 2960 953 ,'
2991 889 3040 942 id
3067 898 3172 953 est,
3201 891 3472 947 lttcreticis

1899 981 1955 1026 et
1983 974 2370 1038 schismaticis,
2393 976 2484 1043 qui
2533 985 2685 1030 extra
2733 987 2979 1031 sanctam
3013 977 3309 1032 Ecclesium
3337 994 3469 1033 con-

1898 1062 2165 1118 venticula
2190 1064 2414 1133 profana
2442 1064 2664 1127 faciunt,
2684 1066 2823 1134 apud
2839 1080 2973 1135 quos
2993 1074 3170 1121 tamen
3184 1067 3475 1136 Apostolus

1902 1154 2266 1207 testimonium
2297 1154 2427 1209 dicit
2456 1155 2884 1210 babere‘honum
2922 1156 2989 1209 de
3042 1156 3387 1211 immaculata
3414 1167 3471 1211 et

1900 1252 2089 1297 sancta
2114 1245 2221 1297 vita
2251 1246 2654 1314 episcopum...
2680 1246 2821 1299 unde
2843 1246 3180 1300 occasionem
3206 1249 3477 1316 accipiant

1900 1334 2268 1401 obtrectandi,
2293 1345 2346 1389 et
2376 1336 2639 1392 infamare
2688 1337 2948 1407 incipiant
2976 1338 3252 1407 religionis
3273 1348 3473 1393 sancta:

1903 1426 2228 1480 catholicum
2283 1427 2496 1496 dogma.
2530 1429 2632 1495 Qui
2680 1429 2803 1483 talis
2828 1443 2947 1485 esse
2975 1445 3081 1484 non
3113 1431 3331 1501 poterit,
3360 1431 3474 1501 epi-

1902 1531 2099 1585 scopus
2131 1518 2402 1585 quomodo
2430 1533 2551 1572 esse
2588 1520 2821 1587 poterit?

1974 1606 2045 1662 Ut
2081 1624 2224 1674 reor,
2256 1609 2308 1662 in
2340 1610 2441 1664 hoc
2464 1622 2626 1679 opere
2650 1626 2748 1665 nos
2781 1626 2809 1665 a
2838 1611 3025 1681 grandi
3050 1609 3238 1669 fenore
3258 1627 3480 1684 persen-

1903 1699 2073 1754 simus
2101 1699 2375 1764 liberatos,
2400 1716 2521 1755 eum
2552 1717 2669 1767 nos,
2696 1718 2801 1757 non
2833 1711 3022 1757 nostra
3055 1713 3243 1757 contra
3272 1704 3456 1772 episco

241 1792 524 1847 delectetur
577 1792 829 1857 libidine,
873 1794 997 1863 quia
1030 1810 1124 1862 per
1150 1794 1357 1857 riuum,
1390 1794 1527 1847 sicut
1560 1794 1637 1847 ait
1661 1794 1802 1863 Apo-
1834 1785 1875 1843 Β
1906 1807 2022 1862 pos,
2066 1792 2160 1846 sed
2182 1792 2424 1861 Apostoli
2470 1793 2820 1863 opposuimus
2878 1795 3209 1853 testimonia.
3242 1810 3308 1849 ne
3332 1796 3481 1850 velut

242 1883 413 1950 stolas,
441 1885 624 1938 omnis
658 1886 935 1938 enutritur
963 1880 1195 1938 ittXuria.
1238 1885 1338 1950 Qui
1374 1885 1421 1938 si
1444 1886 1557 1939 hinc
1586 1902 1689 1939 non
1714 1900 1809 1954 po-

242 1986 350 2039 test,
379 1978 670 2045 episcopus
704 1976 826 2030 esse
854 1990 957 2029 non
984 1982 1178 2045 petest.
1206 1976 1429 2029 Domum
1460 1977 1809 2045 subsequitur

242 2069 404 2120 dicens
432 2085 444 2119 :
478 2064 605 2119 Non
628 2083 1008 2135 percussorem,
1061 2066 1150 2120 sed
1173 2069 1484 2132 modestum,
1510 2069 1559 2121 id
1582 2078 1664 2121 est
1695 2084 1808 2121 ma-

241 2173 327 2210 nus
348 2157 626 2225 improbas
653 2156 722 2209 ad
751 2156 948 2211 caedem
974 2172 1078 2211 non
1103 2156 1389 2220 babeat,et
1408 2159 1808 2229 suspicionibus

242 2248 405 2316 pravis
449 2248 681 2302 minime
727 2248 993 2318 percutiat
1038 2249 1398 2304 conscientias
1457 2250 1707 2315 aliorum,
1738 2266 1807 2305 ne

241 2339 351 2391 dum
397 2340 657 2407 petulans
714 2339 1005 2403 invenitur,
1041 2341 1107 2395 ad
1146 2342 1347 2395 ctedem
1381 2342 1582 2396 athleta
1636 2343 1807 2413 magis

239 2444 381 2496 quam
414 2432 710 2500 episcopus
746 2430 1035 2500 judicetnr.
1069 2430 1233 2487 Sede
1287 2434 1502 2487 diverso
1536 2432 1710 2489 illatas
1739 2434 1806 2488 ab

239 2518 347 2571 aliis
390 2520 675 2587 patienter
722 2519 857 2574 ferat
907 2516 1153 2589 iiijurias,
1180 2530 1237 2575 ut
1265 2523 1461 2576 mentis
1484 2523 1801 2577 modostiam

240 2610 576 2678 tranquillam
602 2602 869 2664 monstret
891 2612 1100 2664 iulirnta
1121 2612 1398 2681 patientia.
1418 2612 1613 2667 lterum
1642 2615 1800 2669 dicit:

245 2698 349 2751 Non
397 2699 719 2769 litigiosum,
752 2699 802 2754 id
837 2710 917 2754 eSt
966 2700 1199 2771 linguam
1236 2702 1301 2755 ad
1349 2701 1649 2756 convicium
1698 2720 1804 2758 non

241 2789 444 2853 relaxet,
472 2802 539 2847 ut
574 2791 664 2862 qui
691 2790 780 2844 Dei
823 2790 1005 2848 laudes
1034 2801 1312 2864 personat,
1335 2799 1388 2845 et
1418 2792 1595 2847 divina
1632 2795 1804 2847 sacri-

244 2872 348 2934 licia
399 2881 567 2947 libat,
602 2870 774 2936 litium
824 2899 1028 2938 Venena
1072 2898 1178 2938 non
1227 2884 1500 2955 proferat;
1534 2886 1658 2955 quia
1697 2902 1823 2941 non'

243 2983 398 3039 potest
422 2990 486 3027 ex
516 2975 825 3029 sacerdotis
853 2990 945 3029 ore
965 2975 1209 3030 benedici
1240 2975 1402 3041 Deus,
1425 2986 1477 3031 et
1503 2977 1664 3031 homo
1692 2994 1805 3031 ma-

245 3061 408 3128 ledici,
448 3066 552 3135 qui
612 3066 897 3134 imaginem
954 3064 1046 3119 Dei
1099 3066 1340 3121 noscitur
1372 3068 1671 3138 possidere,
1706 3083 1803 3124 nec

1907 1881 2148 1935 nubes...
2176 1880 2309 1935 Cum
2341 1896 2473 1936 vero
2494 1883 2791 1937 auctoritas
2823 1884 2978 1938 nobis
3004 1898 3103 1953 per
3120 1884 3328 1955 singula
3358 1900 3481 1939 san~

1904 1972 1977 2026 cti
2020 1972 2265 2025 arriserit
2308 1971 2570 2042 Apostoli,
2622 1974 2988 2044 apostolorum
3024 1975 3223 2044 potius,
3273 1976 3320 2031 si
3360 1977 3480 2031 ausi

1906 2072 2054 2125 sunt,
2084 2079 2245 2133 quam
2279 2079 2375 2118 nos
2415 2065 2808 2132 reprehendere
2840 2066 3089 2120 audeant.

1975 2154 2226 2209 Coarctet
2263 2171 2359 2209 nos
2388 2155 2515 2210 licet
2556 2155 2719 2209 libelli
2753 2156 3034 2225 prolixitas
3076 2170 3368 2228 properare
3411 2160 3481 2213 ad

1908 2244 2093 2310 finem,
2118 2246 2420 2301 sollicitudo
2447 2257 2624 2301 tamen
2648 2246 2873 2301 fraterni
2900 2248 3139 2303 retardat
3167 2250 3391 2314 amoris,
3420 2251 3481 2305 il-

1906 2334 2083 2390 lorum
2109 2338 2378 2408 praecipue
2398 2340 2739 2394 sacerdotum
2760 2340 2873 2408 qui,
2888 2339 3310 2410 menti'stmpore
3324 2342 3486 2397 hebe-

1907 2427 2030 2491 tati,
2054 2427 2333 2484 dill‘amant
2356 2431 2746 2485 sacerdotalem
2771 2432 3062 2496 honorem;
3093 2440 3147 2486 et
3169 2432 3259 2502 qui
3290 2448 3486 2488 novam

1906 2512 2261 2588 prodigaliter
2278 2521 2514 2591 regulam
2532 2523 2633 2576 hac
2649 2532 2966 2592 tempestate
2997 2525 3266 2594 reperisse
3286 2525 3490 2582 deﬂen-

1909 2619 1995 2663 tur
2020 2628 2031 2662 :
2055 2620 2109 2663 et
2130 2610 2280 2665 Giezi
2310 2611 2503 2681 leprosi
2520 2622 2575 2667 et
2594 2612 2829 2669 Simonis
2851 2616 2991 2688 magi
3015 2624 3287 2674 sectantes
3305 2632 3487 2675 excut-

1906 2698 2072 2769 plnm,
2091 2702 2317 2770 gratiam
2344 2702 2576 2774 Spiritus
2589 2706 2759 2762 sancti
2781 2710 3093 2765 coenierunt
3114 2711 3308 2779 pretio,
3327 2721 3382 2767 et
3398 2714 3483 2768 di-

1907 2800 2257 2862 straxerunt,
2310 2812 2646 2867 nequaquam
2696 2800 2985 2865 timentes,
3035 2817 3159 2858 cum
3218 2804 3484 2859 honorem

1911 2886 2216 2941 c'oemerint
2241 2888 2555 2947 sacerdotii.
2579 2903 2609 2941 a
2638 2890 2795 2944 beato
2816 2904 2874 2944 se
2902 2889 3066 2947 Petro
3090 2895 3336 2962 apostolo
3362 2910 3489 2951 cum

1908 2973 2132 3032 Simone
2160 2976 2329 3033 fuisse
2358 2979 2641 3034 damnatos
2670 2996 2685 3033 :
2717 2979 2956 3035 Pecunia
2990 2986 3249 3037 tecum‘sit
3285 2985 3338 3039 in
3365 3000 3487 3055 per-

1908 3069 2190 3133 ditionem,
2227 3070 2317 3139 qui
2352 3069 2547 3123 donum
2584 3072 2753 3125 sancti
2785 3070 3018 3141 Spiritus
3051 3074 3269 3143 sperasti
3299 3084 3348 3128 te
3375 3090 3491 3143 pre-

242 3155 364 3207 tnala
390 3134 491 3210 sibi
529 3167 585 3209 et
606 3156 745 3210 bona
788 3154 1054 3211 ullatenus
1078 3166 1333 3228 poterunt
1355 3160 1664 3215 convenire.
1697 3160 1799 3227 Qui
1832 3134 1877 3197 C
1910 3161 1980 3214 tio
2022 3161 2324 3231 possidere;
2351 3169 2406 3216 et
2447 3160 2652 3232 lepram
2698 3177 2821 3217 eum
2848 3161 2997 3217 Giezi
3028 3178 3058 3217 a
3097 3174 3286 3219 sancto
3308 3179 3367 3218 se
3396 3180 3489 3219 su-

242 3247 281 3299 si
304 3247 410 3300 haec
438 3263 553 3301 non
607 3245 740 3316 agit,
768 3251 1052 3317 episcopus
1081 3265 1185 3303 non
1212 3249 1336 3303 erit.
1366 3250 1432 3304 Et
1460 3249 1805 3319 subsequitur

246 3338 480 3408 deinceps
519 3356 534 3390 :
566 3337 690 3391 Non
723 3340 988 3417 cupidum,
1019 3340 1122 3395 hoc
1147 3350 1250 3406 est,
1292 3340 1524 3395 ne-lueri
1556 3342 1808 3412 cupidine

244 3430 288 3483 in
316 3430 489 3500 aliquo
520 3430 807 3502 episcopus
832 3442 1134 3503 superetur,
1168 3432 1221 3488 et
1270 3434 1441 3505 turpis
1471 3428 1606 3489 lucrl
1636 3431 1807 3504 gratia

244 3516 404 3575 delicti
452 3510 641 3577 iactus
669 3525 954 3590 obnoxius,
986 3525 1226 3580 radicem
1278 3526 1541 3580 malorum
1567 3528 1809 3581 onminm

244 3614 473 3691 enutriat
512 3616 954 3687 avaritiam,qui,
974 3618 1257 3688 stipendiis
1288 3628 1493 3674 tantum
1520 3628 1811 3675 contentus

244 3701 507 3770 Ecclesiae,
559 3708 776 3777 penitus
826 3724 931 3762 non
981 3709 1183 3762 ambiat
1235 3725 1353 3778 quae
1398 3708 1651 3778 intelligit
1690 3724 1812 3764 esse

245 3796 538 3863 superﬂua;
580 3787 700 3859 sed,
728 3811 789 3849 ea
833 3796 945 3867 ipsa
998 3795 1177 3868 potius
1235 3800 1562 3869 pauperibus
1610 3800 1811 3855 Christi

246 3878 572 3952 impertiens,
604 3886 863 3941 ccelorum
913 3888 1013 3942 sibi
1046 3898 1325 3959 comparet
1366 3906 1553 3959 regna.
1584 3892 1645 3945 Et
1676 3907 1809 3946 eon-

245 3977 397 4029 nectit
445 3978 707 4047 deinceps
751 3982 1155 4049 consequentia,
1187 3993 1239 4035 et
1290 3983 1414 4035 ait:
1456 3981 1579 4037 Sua:
1632 3983 1812 4037 domiti

246 4061 355 4117 bene
373 4069 735 4136 prrepositum,
776 4069 914 4138 filios
958 4071 1227 4124 habentem
1268 4073 1500 4126 subditos
1530 4090 1646 4127 cum
1670 4074 1810 4127 omni

246 4159 495 4212 castitate.
532 4158 748 4224 Domni,
778 4161 969 4230 inquit,
1020 4178 1129 4216 sua:
1159 4162 1294 4217 bene
1324 4179 1575 4233 praeesse,
1607 4166 1814 4219 scilicet

246 4250 301 4295 ut
343 4247 598 4314 corporis
635 4249 715 4301 sui
764 4251 978 4303 domum
1041 4251 1329 4319 imperioso
1348 4252 1473 4321 jure
1506 4254 1808 4319 contineat;

248 4346 343 4387 nec
371 4335 640 4390 subdatur
666 4339 777 4407 ipse
812 4354 839 4392 a
873 4355 1119 4409 corpore,
1150 4349 1205 4393 et
1230 4341 1283 4395 in
1316 4343 1554 4399 habenas
1584 4344 1812 4400 luxuriae

251 4423 473 4482 infrenis
528 4445 877 4500 nequaquam
916 4433 1122 4488 feratur
1145 4446 1198 4490 et
1225 4437 1279 4491 in
1317 4452 1577 4506 princeps,
1604 4449 1662 4492 ut
1686 4455 1813 4495 suos

251 4518 415 4582 possit
445 4519 587 4573 filios
613 4522 875 4575 castitatis
899 4523 1144 4595 exemplo
1186 4527 1252 4580 ad
1278 4528 1549 4595 pudicitia:
1570 4528 1805 4600 regulam

247 4608 564 4673 gubernare.
597 4610 697 4677 Qui
744 4612 788 4665 si
838 4612 952 4669 haec
1003 4630 1110 4669 non
1159 4616 1354 4686 egerit,
1390 4617 1675 4689 episcOpus
1703 4618 1808 4673 dici

250 4699 347 4749 non
371 4700 587 4766 poterit.
613 4701 817 4755 Deinde
840 4702 968 4758 dicit
995 4717 1010 4757 :
1040 4703 1101 4760 Si
1120 4706 1238 4774 quis
1262 4706 1440 4759 domui
1460 4716 1570 4762 sua:
1589 4726 1810 4779 pra’esse

251 4788 425 4852 nescit,
455 4792 715 4859 quomodo
762 4791 1011 4849 Ecclesia:
1059 4795 1159 4850 Dei
1187 4796 1517 4866 diligentiam
1566 4799 1813 4855 habebit?

252 4874 348 4930 hoc
380 4888 479 4943 est,
527 4886 723 4951 nempe
778 4884 920 4950 Quod
948 4886 1194 4957 superius
1236 4886 1491 4954 diximus,
1515 4889 1605 4959 qui
1632 4891 1813 4946 cordis

253 4968 329 5021 sui
359 4970 567 5027 domum
590 4973 847 5029 excolere
869 4991 970 5030 non
985 4977 1152 5044 valet,
1172 4978 1443 5048 quomodo
1460 4979 1811 5050 plurimorum

254 5058 515 5116 adhibebit
538 5058 914 5133 diligentiam?
936 5074 988 5120 et
1014 5067 1107 5138 qui
1153 5067 1363 5139 peccati
1387 5068 1596 5124 trabem
1624 5083 1692 5124 ex
1715 5082 1814 5122 suo

253 5160 354 5201 non
404 5160 571 5219 potest
619 5155 1026 5224 eruere'oculo,
1065 5172 1133 5212 ex
1181 5156 1336 5229 cujus
1362 5158 1521 5215 oculo
1547 5156 1816 5219 festucam

251 5239 612 5305 submorebit!
631 5245 749 5314 Qui
799 5246 903 5303 hoc
945 5265 1050 5306 non
1081 5250 1214 5322 agit,
1243 5249 1525 5321 episcopus
1546 5266 1653 5306 non
1684 5250 1808 5306 erit.

248 5326 373 5385 Ῑιεηι
403 5337 667 5408 sequitur,
698 5343 761 5390 et
782 5335 866 5389 ait
892 5352 906 5389 :
937 5334 1061 5394 Non
1088 5338 1399 5394 neonlrutmm
1454 5339 1555 5376 lmr
1593 5352 1625 5362 ιι
1657 5345 1665 5350 ‘
1799 5338 1811 5348 '

1840 4480 1890 4539 Ι)

1909 3253 2146 3322 sccpisse
2175 3253 2386 3315 Eliseo,
2421 3269 2543 3308 enm
2573 3253 2801 3324 gradum
2834 3254 2959 3309 item
2990 3255 3280 3311 sacerdotii
3314 3256 3489 3325 pretio

1907 3344 2179 3397 aestimant
2243 3343 2677 3397 distrahendum.
2730 3342 2798 3396 Et
2843 3343 2914 3407 si,
2960 3359 3081 3398 cum
3138 3344 3491 3400 validioribus

1909 3431 2113 3486 morbis
2153 3432 2329 3501 capite
2363 3432 2571 3497 vitiato,
2603 3432 2869 3503 reliquum
2902 3451 3121 3490 necesse
3162 3445 3247 3491 est
3284 3452 3485 3507 corpus

1915 3523 2271 3579 inundatione
2301 3524 2594 3593 superioris
2628 3525 2799 3579 morbi
2833 3525 3101 3580 lethaliter
3131 3527 3378 3599 irrigari:
3414 3530 3487 3582 ita

1910 3623 1967 3669 et
2011 3614 2097 3668 isti
2150 3615 2239 3683 qui
2288 3624 2451 3684 caput
2493 3615 2744 3670 videntur
2791 3631 2910 3670 esse
2958 3617 3246 3683 Ecclesiae,
3296 3620 3488 3673 morbo

1910 3706 2166 3775 pestifero
2194 3705 2493 3760 fraternum
2520 3707 2711 3761 vitiant
2738 3723 2954 3777 corpus,
2984 3718 3040 3761 ut
3064 3709 3194 3763 nihil
3220 3724 3283 3764 ex
3320 3711 3489 3764 totius

1912 3796 2159 3866 corporis
2189 3809 2448 3864 compage
2479 3797 2839 3852 insaueiatum
2885 3799 3054 3866 possit
3082 3800 3309 3854 eradere
3352 3803 3493 3872 quod

1916 3884 2281 3957 negligentum
2338 3887 2682 3941 sacerdotum
2731 3888 3047 3943 vitiositatis
3089 3906 3193 3943 non
3249 3891 3496 3946 inliceret

1909 3978 2077 4030 virus.
2138 3977 2206 4030 Et
2226 3977 2413 4032 videas
2433 3979 2484 4031 in
2505 3978 2742 4033 Ecclesia
2772 3979 2971 4047 passim
2996 3981 3329 4045 sacerdotes,
3356 3997 3494 4051 quos

1912 4084 2016 4123 non
2048 4068 2241 4122 merita
2264 4109 2278 4133 ,
2309 4070 2403 4123 sed
2435 4069 2677 4137 pecunias
2716 4080 3113 4139 provexerunt,
3149 4087 3411 4142 nugacem
3441 4084 3497 4128 et

1912 4158 2221 4224 indoctum,
2269 4159 2661 4213 sacerdotalem
2706 4160 3002 4228 arripuisse
3046 4161 3272 4231 gradum
3307 4180 3322 4216 :
3354 4177 3495 4233 quos

1910 4249 1958 4305 si
1995 4249 2338 4318 percunctari
2386 4248 2619 4303 ﬁdeliter
2686 4249 2819 4303 velis
2878 4251 3003 4320 quis
3050 4265 3144 4305 eos
3190 4250 3498 4321 prrefecerit

1913 4339 2258 4403 sacerdotes,
2288 4338 2617 4408 reSpondent
2645 4355 2765 4393 mox
2806 4346 2860 4393 et
2906 4341 3093 4396 dicunt
3126 4358 3139 4394 :
3186 4341 3270 4399 Ab
3312 4343 3493 4399 archi-

1915 4429 2168 4498 episcopo
2210 4444 2329 4483 snm
2364 4442 2537 4497 nuper
2582 4430 2867 4483 ordinatus
2895 4430 3219 4499 episcopus,
3251 4441 3496 4489 centum—

1916 4534 2020 4588 que
2050 4519 2254 4575 solidns
2284 4519 2406 4573 dedi
2454 4526 2514 4571 ut
2547 4518 2906 4589 episcopalem
2939 4520 3164 4589 gradum
3192 4520 3324 4575 mihi
3358 4535 3494 4576 con-

1917 4608 2111 4674 ferret;
2149 4624 2287 4678 quos
2317 4610 2360 4663 si
2412 4609 2633 4664 minime
2661 4610 2963 4673 dedissem,
3004 4610 3162 4664 hodie
3205 4611 3496 4681 episc0pus

1920 4714 2028 4753 non
2059 4700 2306 4754 fuissem.
2336 4697 2489 4753 Unde
2516 4697 2709 4753 melius
2730 4706 2814 4753 est
2840 4698 2969 4751 mihi
2999 4713 3191 4752 aurum
3216 4701 3281 4755 de
3307 4697 3497 4754 locello

1918 4788 2199 4855 minuere,
2231 4804 2394 4859 quam
2440 4796 2653 4843 tantum
2701 4788 3066 4843 sacerdotium
3096 4790 3342 4858 perdere.
3388 4790 3498 4845 Au-

1921 4893 2040 4933 rum
2074 4880 2196 4935 dedi
2222 4920 2238 4943 ,
2288 4888 2344 4934 et
2382 4879 2753 4951 episcOpatum
2783 4878 3006 4948 accepi;
3037 4880 3179 4950 quod
3208 4890 3420 4944 tamen,
3450 4880 3497 4934 si

1921 4966 2157 5023 feliciter
2186 4969 2343 5034 vivo,
2386 4976 2732 5037 recepturum
2761 4965 2906 5022 illico
2932 4983 3041 5022 non
3071 4965 3269 5021 dillido.
3293 4965 3499 5023 Ordine

1919 5056 2298 5129 presbyterum
2316 5097 2335 5124 ,
2362 5065 2419 5112 et
2444 5057 2656 5126 accipio
2682 5070 2911 5120 aurum;
2946 5054 3091 5111 facio
3113 5054 3418 5121 diaconem,
3441 5066 3501 5110 et

1919 5149 2134 5220 accipio
2176 5148 2386 5218 argenti
2417 5146 2818 5205 multitudinem
2839 5187 2855 5211 ,
2882 5158 2939 5203 et
2970 5151 3039 5205 de
3069 5148 3192 5204 aliis
3221 5148 3497 5205 nihilomi-

1920 5250 2024 5292 nus
2047 5238 2333 5295 ordinibus
2345 5235 2596 5306 singulis,
2625 5251 2683 5295 et
2701 5238 2769 5293 de
2800 5238 3092 5295 abbatibus
3117 5238 3500 5296 benedicendis
