3986 5444
568 339 668 394 175

1200 341 1554 397 SlLVES'l'IiI
1591 342 1632 397 ﬂ
1672 342 1872 398 PAF/li
1901 343 2050 399 OPP.
2099 344 2129 397 Ρ

2243 346 2296 398 s.
2346 343 2408 397 ιι.
2442 344 2869 400 -οιειιιειιυε
2909 344 3191 401 seems.
3233 422 3237 427 μ

3733 348 3835 403 176

566 451 794 517 dedisti,
833 450 928 505 Dei
979 452 1208 522 gratiam
1251 467 1567 521 comparare
1614 451 1924 519 :estimasti,
1957 463 2012 508 et
2049 468 2144 523 per
2175 462 2218 516 Α
2248 453 2438 508 ordine
2468 452 2608 507 Deus
2633 469 2662 506 a
2698 461 2749 508 te
2781 453 2913 507 nihil
2945 461 3256 523 exspectat,
3289 467 3386 507 cur
3429 467 3457 507 a
3493 462 3545 510 te
3575 455 3836 511 sacerdos

566 546 670 601 hoc
701 543 904 614 lepram
951 543 1122 613 ipsam
1154 544 1456 613 suscepisti.
1489 544 1620 598 item
1669 545 1952 614 pecuniam
1987 560 2140 600 acce-

563 635 724 706 pisti,
749 642 802 689 et
831 633 924 688 Dei
947 633 1174 703 gratiam
1203 636 1376 704 pretio
1406 634 1711 690 distrahere
1741 651 1846 690 non
1880 636 2139 701 timuisti;

565 727 725 782 simul
761 726 923 780 etiam
951 725 1155 795 lepram
1187 725 1488 792 tradidisti,
1520 737 1576 782 et
1604 729 1994 782 commercium
2034 729 2139 783 mi-

563 817 796 872 serabile
825 816 876 869 in
902 816 1208 870 animarum
1232 816 1399 871 exitio
1424 819 1700 888 peregisti.
1725 818 1990 874 Abbatem
2018 835 2142 888 pro-

560 916 682 978 pter
702 907 955 963 denarios
977 922 1141 978 super
1163 909 1456 963 monachos
1481 911 1768 974 ordinasti,
1792 920 1846 965 et
1869 911 2138 981 leprosum

560 997 836 1053 hominem
867 998 918 1052 in
963 1007 1192 1053 mortem
1223 999 1612 1054 monachorum
1641 1000 1914 1054 exaltasti.
1951 1001 2014 1054 Et
2045 1017 2143 1055 ne-

559 1091 658 1146 scii
691 1090 938 1146 homines
968 1090 1021 1144 in
1049 1090 1483 1146 ordinationibus
1509 1091 1750 1146 clamant
1780 1093 1975 1146 vestris
2009 1111 2020 1145 :
2050 1093 2141 1145 Di-

559 1200 692 1254 gnus
713 1183 952 1253 etjustus
988 1193 1100 1248 est;
1127 1193 1182 1238 et
1217 1184 1546 1238 conscientia
1577 1185 1772 1238 misera
1793 1185 2020 1240 clamat:
2052 1185 2140 1240 ln-

557 1275 755 1345 dignus
780 1285 835 1330 et
863 1273 1096 1342 injustus
1144 1283 1245 1331 est.
1280 1275 1603 1330 Pronuntiat
1650 1277 1772 1331 talis
1813 1277 2135 1347 episcopus:

557 1363 680 1420 Pax
708 1366 1006 1431 vobiscum,
1037 1374 1093 1422 et
1123 1367 1237 1436 ipse
1268 1367 1495 1422 interius
1520 1385 1705 1438 pacem
1737 1385 1842 1423 non
1873 1371 2035 1424 habet
2055 1385 2140 1424 se-

557 1471 700 1510 cum.
735 1455 918 1512 Oculis
945 1457 1254 1513 carnalibus
1298 1459 1510 1514 videtur
1537 1460 1825 1530 episcopus
1872 1477 2101 1532 magnus
2121 1501 2134 1527 ,

555 1555 611 1600 et
638 1546 835 1602 divinis
865 1547 1146 1603 obtutibus
1174 1548 1418 1618 leprosus
1464 1561 1548 1605 est
1593 1553 1880 1606 maximus.
1914 1551 2016 1606 Per
2045 1568 2140 1624 pe-

556 1639 770 1693 cuniam
797 1640 1097 1695 indebitum
1128 1641 1374 1694 ordinem
1408 1643 1734 1712 acquisivit,
1783 1653 1839 1697 et
1880 1645 2048 1698 Deum
2083 1645 2134 1698 in

554 1731 813 1788 interiore
841 1731 1058 1787 homine
1083 1733 1337 1803 perdidit.
1371 1734 1512 1790 Caro
1543 1735 1858 1806 dignitatem
1884 1737 2132 1806 suscipit,

2245 545 2523 614 pecuniam
2555 545 2897 614 impudenter
2923 546 3244 616 exspectat?
3287 546 3426 600 Deus
3457 547 3662 602 homini
3706 563 3837 604 c0n-

2244 637 2438 693 cedere
2470 638 2636 694 voluit
2666 640 2866 708 gratis,
2910 649 2964 694 et
3011 640 3297 710 episcopus
3347 657 3510 710 rapax
3541 643 3833 710 pecuniam

2245 727 2312 782 ab
2340 728 2561 783 homine
2593 729 2829 798 expetit!
2878 729 3064 784 Gratis
3089 731 3138 783 ei
3175 731 3313 784 Deus
3344 740 3401 782 ut
3447 731 3715 801 benignus
3745 731 3838 786 do-

2244 821 2423 886 navit,
2452 822 2708 875 sacerdos
2735 831 2792 875 ut
2824 823 3091 892 malignus
3140 839 3263 877 eum
3317 825 3656 893 captivavit!
3691 825 3835 891 Quid

2243 914 2386 966 enim
2413 914 2584 968 habes
2604 914 2745 983 quod
2774 930 2880 969 non
2908 915 3238 984 arccepisti?
3262 915 3316 969 Si
3339 926 3516 970 autent
3547 917 3834 986 accepisti,

2243 1003 2370 1072 quid
2399 1003 2649 1072 gloriaris
2668 1042 2684 1068 ,
2716 1003 2869 1072 quasi
2900 1019 3003 1056 non
3041 1004 3354 1073 acceperis?

2315 1094 2454 1148 Ecce
2483 1096 2550 1149 ad
2587 1111 2707 1166 qua:
2737 1095 2875 1148 mala
2909 1095 3215 1149 devolvitur
3246 1096 3474 1152 deiﬁeus
3503 1097 3660 1150 ordo.
3695 1095 3837 1151 Ecce

2243 1185 2309 1238 ad
2341 1201 2460 1254 qua:
2489 1196 2614 1239 sunt
2644 1187 2842 1254 probra
2877 1185 3144 1254 prclapsi,
3177 1186 3266 1253 qui
3297 1186 3485 1240 audire
3514 1195 3835 1241 meruerunt

2243 1294 2272 1332 a
2294 1277 2482 1332 Iudice
2512 1279 2694 1332 mundi
2725 1296 2737 1332 :
2772 1277 2874 1332 Vos
2899 1279 3022 1332 estis
3053 1277 3147 1331 lux
3171 1279 3354 1331 mundi
3384 1279 3599 1348 (Matth.
3634 1293 3688 1338 ν.
3721 1279 3832 1346 Η).

2243 1371 2382 1426 Ecce
2413 1371 2608 1440 quibus
2639 1371 3006 1437 subjiciuntur
3035 1379 3225 1439 gentes
3246 1412 3260 1436 ,
3299 1371 3496 1439 quibus
3525 1387 3552 1423 a
3599 1369 3835 1426 Domino

2242 1464 2443 1518 dictum
2473 1473 2554 1518 est
2593 1477 2607 1518 :
2648 1463 2752 1516 Vos
2800 1463 2921 1517 estis
2967 1463 3050 1517 sal
3080 1475 3233 1517 teme
3267 1463 3454 1534 (Ibid.,
3487 1463 3598 1533 i5).
3651 1463 3709 1516 Si
3745 1463 3833 1517 lux

2240 1567 2300 1608 es
2332 1553 2588 1608 Ecclesiae
2619 1569 2649 1607 a
2687 1553 2919 1607 Domino
2953 1553 3314 1617 constitutus,
3345 1561 3403 1605 ut
3446 1553 3735 1622 imperitia:
3763 1560 3833 1605 te-

2246 1645 2445 1698 nebras
2468 1643 2867 1714 praedicationis
2897 1649 3000 1698 tute
3022 1644 3238 1713 eloquio
3266 1643 3520 1696 rutilante
3541 1643 3832 1698 conscien-

2241 1736 2434 1789 tiarum
2467 1735 2720 1790 tenebras
2751 1734 3050 1800 illutnines,
3110 1751 3209 1790 cur
3266 1735 3382 1806 ipse
3434 1736 3677 1788 tenebris
3712 1735 3830 1805 pal-

551 1832 606 1876 et
634 1824 812 1878 anima
842 1825 1184 1881 honestatem
1217 1827 1414 1895 perdit.
1467 1827 1607 1884 Caro
1637 1829 1833 1884 ancilla
1885 1829 2027 1885 facta
2055 1839 2140 1883 cst
2175 1818 2217 1878 Β
2247 1827 2512 1898 pabilibus
2543 1827 2743 1882 teneris
2794 1828 3086 1882 obstrictus
3131 1843 3230 1896 per
3276 1842 3438 1896 supra
3496 1839 3831 1882 memoratos

552 1913 809 1980 domina,
856 1923 910 1970 et
954 1915 1136 1970 anima
1189 1916 1411 1971 domina
1456 1916 1596 1972 facta
1646 1926 1702 1972 et
1751 1916 1987 1982 famula;
2023 1920 2139 1973 lucc

552 2005 730 2059 minor
769 2006 1083 2062 dominatur
1133 2007 1380 2078 populis,
1441 2017 1497 2062 et
1568 2007 1660 2062 illa
1688 2008 1936 2076 superior
1968 2009 2138 2063 servit

549 2097 850 2152 dmmoniis.
883 2098 1046 2153 Carni
1071 2099 1434 2154 sacerdotium
1465 2103 1828 2169 comparavit,
1852 2109 1907 2156 et
1939 2101 2136 2155 animae

550 2189 934 2244 detrimentum
985 2191 1215 2258 paravit.
1263 2189 1334 2245 Et
1367 2189 1495 2261 quid
1541 2192 1787 2260 proderit
1829 2189 2134 2259 huiusmodi

548 2279 789 2345 homini,
821 2279 866 2335 si
900 2286 1071 2334 totum
1103 2280 1366 2336 mundum
1404 2280 1660 2336 lucretur
1689 2289 1746 2338 et
1789 2282 1984 2336 animae
2024 2298 2134 2337 sua:

546 2372 934 2427 detrimentum
968 2373 1248 2443 patiatur?
1276 2373 1432 2442 Quod
1478 2374 1673 2430 dedisti
1737 2390 1860 2429 eum
1918 2375 2136 2430 ordina-

548 2466 718 2531 reris,
750 2482 942 2522 aurum
987 2465 1124 2534 fuit;
1173 2477 1226 2525 et
1262 2469 1408 2540 quod
1453 2469 1768 2539 perdidisti,
1801 2469 1981 2523 anima
2014 2469 2131 2522 fuit.

542 2551 682 2608 Cum
709 2557 997 2613 ordinares
1024 2557 1186 2613 alium
1209 2598 1224 2625 ,
1255 2559 1398 2628 quod
1430 2559 1687 2628 accepiin
1707 2599 1720 2623 ,
1750 2559 1981 2628 pecunia
2010 2558 2131 2626 fuit;

544 2655 600 2700 et
636 2647 778 2714 quod
808 2647 1041 2715 dedisti,
1085 2647 1234 2719 lepra
1264 2647 1388 2706 fuit.
1436 2647 1563 2704 Haec
1611 2657 1740 2704 sunt
1780 2647 2134 2704 mercimonia

544 2745 724 2791 vestra
749 2777 764 2804 ,
795 2753 916 2809 quae
943 2738 1137 2810 egistis
1165 2739 1220 2793 ia
1251 2739 1489 2808 pernicie
1521 2747 1722 2794 vestra.

618 2831 900 2903 Interrogo
931 2818 1112 2896 tamen
1157 2833 1433 2903 paulisper
1459 2831 1682 2888 fratrem
1714 2831 2129 2903 coepiscopum,

545 2924 676 2990 quia
703 2925 988 2995 episcopus
1031 2940 1186 2992 sum,
1217 2933 1273 2982 et
1314 2941 1440 2982 eum
1483 2927 1737 2995 episcopo
1783 2925 1999 2995 loquor.
2034 2925 2132 2978 Dic

549 3015 715 3079 mihi,
763 3014 934 3070 frater
979 3016 1264 3086 cpiscope,
1306 3031 1428 3071 cum
1459 3016 1618 3071 dares
1647 3016 1969 3085 pecuniam,
2005 3014 2136 3082 quid

547 3105 808 3175 accepisti
824 3104 928 3158 ?—
952 3105 1090 3172 Quid
1104 3106 1126 3159 ?
1140 3105 1330 3175 inquit.
1348 3104 1593 3161 Gratiam
1609 3102 2135 3174 episcopalem—Et

2239 1919 2532 1974 excessus?
2588 1919 2653 1973 Et
2700 1934 2806 1972 non
2881 1919 3054 1973 solum
3109 1919 3233 1988 quia
3305 1917 3420 1973 haec
3490 1917 3640 1988 agis,
3719 1918 3831 1987 ipse

2238 2009 2399 2079 digne
2446 2009 2616 2078 peris,
2665 2019 2720 2062 et
2752 2009 2969 2078 insuper
3022 2009 3156 2064 alios
3202 2018 3379 2064 tecum
3431 2011 3652 2077 indigne
3705 2025 3829 2078 pcr—

2237 2101 2341 2154 dis.
2393 2098 2532 2154 Salis
2585 2100 2747 2154 etiam
2797 2101 2843 2154 si
2890 2100 3134 2156 meruisti
3198 2101 3475 2171 possidere
3534 2115 3825 2170 saporem,

2237 2200 2294 2244 ut
2323 2189 2688 2260 insipientium
2717 2204 2886 2258 queas
2913 2205 3043 2242 arva
3093 2190 3317 2244 condire
3337 2231 3351 2255 ,
3385 2206 3482 2243 cur
3525 2181 3827 2244 infatuatus

2240 2280 2332 2333 tali
2362 2280 2624 2342 dedecore
2655 2279 2905 2334 vitiorum
2939 2279 3235 2334 immundis
3273 2288 3323 2334 te
3365 2279 3552 2334 suibus
3603 2281 3826 2336 concul-

2237 2371 2468 2425 canduin
2492 2372 2726 2440 pra3bes,
2752 2381 2810 2425 ut
2839 2385 2936 2425 nec
2963 2371 3101 2426 alios
3148 2387 3247 2426 nec
3279 2381 3330 2428 te
3365 2373 3534 2444 ipsum
3564 2384 3692 2443 post
3714 2376 3824 2428 luce

2236 2463 2459 2518 condire
2489 2463 2700 2532 possis?
2721 2463 3012 2518 Oculorum
3038 2464 3202 2518 etiam
3229 2465 3281 2518 in
3306 2479 3535 2534 corpore
3556 2465 3819 2526 oﬂicium.

2237 2552 2288 2606 id
2319 2563 2402 2608 est
2447 2554 2499 2606 in
2548 2553 2815 2618 Ecclesia,
2867 2554 3238 2624 volnptuarius
3297 2555 3572 2624 appetisti,
3611 2565 3674 2611 ut
3707 2556 3825 2610 reli«

2236 2660 2400 2714 qnuin
2428 2661 2524 2714 per
2543 2655 2592 2700 te
2617 2661 2814 2716 corpus
2838 2647 3092 2701 ducatum
3123 2645 3258 2700 lucis
3286 2646 3510 2700 haberet
3540 2662 3554 2710 ;
3587 2654 3819 2707 etnunc,

2236 2735 2694 2806 quialippitudine
2709 2737 2760 2790 in
2777 2737 3004 2808 Caligine
3019 2737 3272 2791 vitiorum
3299 2736 3820 2808 obtenebratns[es],

2235 2841 2336 2880 nec
2360 2826 2472 2896 ipse
2523 2826 2695 2881 lucem
2734 2829 2963 2897 prtebes,
2996 2836 3051 2882 et
3094 2825 3216 2880 aliis
3258 2826 3434 2881 lucem
3485 2827 3708 2883 adimis.
3749 2829 3820 2882 De

2236 2918 2433 2986 quibus
2465 2918 2636 2996 oculis
2678 2918 2729 2972 in
2771 2918 3063 2989 Evangelia
3105 2917 3304 2972 dicitur
3338 2938 3350 2972 :
3390 2917 3452 2973 Si
3481 2920 3671 2973 oculus
3706 2931 3822 2973 tuus

2236 3008 2454 3077 simplex
2501 3008 2684 3078 fuerit,
2735 3018 2899 3062 totum
2933 3025 3122 3078 corpus
3149 3019 3295 3062 tuum
3325 3009 3558 3062 lucidum
3585 3012 3687 3063 erit
3715 3027 3733 3075 ,°
3765 3010 3812 3063 id

2237 3111 2338 3167 est,
2369 3103 2413 3156 si
2447 3102 2754 3172 episcopus,
2786 3103 2877 3171 qni
2927 3101 3108 3156 lumen
3155 3104 3454 3172 promeruit
3498 3119 3738 3172 prmesse
3769 3102 3821 3156 in

543 3197 663 3252 haec
685 3174 863 3267 gratia
891 3209 988 3252 cur
1005 3197 1096 3252 tali
1118 3174 1384 3252 vocabulo
1409 3194 2021 3264 nuncupatur?-Cur?
2054 3195 2132 3247 in-
2161 3174 2205 3234 (ἶ
2237 3209 2484 3264 corpore,
2541 3194 2900 3264 simplicitatis
2959 3193 3272 3249 innocentia
3309 3194 3621 3258 decoratur,
3647 3194 3819 3248 omnis

546 3289 686 3360 quit.
713 3288 784 3344 Ut
814 3303 959 3356 reor,
995 3289 1062 3343 ab
1088 3303 1154 3345 eo
1183 3288 1327 3358 quod
1355 3288 1526 3358 gratis
1552 3287 1731 3352 datur,
1765 3295 1820 3340 et
1849 3286 1969 3340 ideo
2011 3301 2133 3356 gra-

546 3380 624 3436 tia
645 3381 1002 3436 vocitatur.—-
1020 3379 1089 3435 Et
1115 3379 1160 3434 si
1187 3380 1362 3450 gratia
1387 3381 1559 3450 gratis
1584 3379 1837 3446 datur,et
1866 3394 1998 3433 auro
2025 3393 2131 3432 non

549 3472 878 3537 aestimatur,
907 3486 1005 3526 cur
1033 3486 1064 3525 a
1093 3479 1145 3527 te
1173 3472 1398 3541 pecunia
1423 3473 1877 3542 comparatur?-—
1895 3471 1999 3526 Sed
2024 3484 2131 3525 non

547 3564 712 3634 mihi,
732 3565 832 3634 ais,
855 3564 1098 3634 daretur,
1113 3564 1160 3623 si
1184 3564 1418 3624 nummis
1441 3573 1876 3634 nonemeretur;
1908 3577 2006 3622 nec
2019 3562 2129 3636 epi-

545 3671 745 3728 scopus
767 3657 1072 3724 ordinarer,
1097 3657 1144 3712 si
1175 3658 1398 3714 minime
1426 3660 1711 3729 pecuniam
1738 3659 2027 3714 darem.——
2060 3657 2131 3713 Ut

543 3756 771 3818 apparet
795 3762 863 3802 ex
891 3747 1341 3817 responsionibus
1369 3749 1476 3803 tuis
1494 3788 1508 3814 ,
1533 3749 1760 3818 gratiam
1778 3788 1793 3814 ,
1827 3764 1947 3803 cum
1978 3748 2128 3802 ordi~

538 3837 784 3903 nareris,
811 3851 920 3891 non
951 3837 1238 3907 suscepisti
1263 3873 1278 3904 ,
1309 3837 1435 3907 quia
1459 3838 1696 3908 gratuito
1725 3853 1845 3892 eam
1877 3853 1986 3892 non
2020 3853 2130 3893 me-

536 3928 726 3994 ruisti;
779 3937 836 3984 et
875 3927 924 3982 si
968 3927 1237 3998 gratiam,
1283 3927 1472 3994 frater,
1521 3943 1630 3983 non
1661 3929 1952 3999 accepiSLi,
1993 3943 2129 3999 quo-

535 4023 699 4076 modo
739 4021 1023 4092 episcopus
1067 4019 1204 4076 elIici
1235 4021 1500 4092 potuisti?
1548 4021 1605 4076 Si
1655 4021 1724 4076 ad
1769 4020 2063 4091 discipulos
2094 4036 2124 4076 a

537 4112 769 4167 Domino
790 4111 990 4167 dicitur
1014 4129 1028 4165 :
1051 4109 1230 4166 Gratis
1251 4112 1544 4183 accepistis,
1572 4112 1737 4182 gratis
1759 4111 1880 4164 date
1904 4110 2120 4179 (Matth.

533 4219 593 4268 ι,
611 4205 688 4273 8),
719 4219 818 4258 cur
846 4203 1137 4273 gratuitam
1159 4204 1387 4273 gratiam
1410 4201 1688 4257 azstimasti
1721 4209 1773 4255 te
1799 4201 1976 4270 pretio
1997 4215 2124 4270 pos-

537 4292 752 4349 sidere?
780 4291 852 4348 Ut
879 4293 1039 4348 video
1061 4333 1076 4360 ,
1105 4302 1160 4348 et
1196 4309 1386 4346 aurum
1409 4329 1424 4358 ,
1448 4307 1570 4347 cum
1595 4292 1780 4357 dares,
1806 4290 2122 4360 perdidisti,

534 4394 590 4442 et
615 4393 860 4442 sanctam
886 4385 1116 4456 gratiam
1145 4385 1369 4440 minime
1407 4384 1710 4454 aequisisti.
1729 4395 1758 4409 α’

606 4477 801 4532 Adhuc
830 4475 1000 4532 semel
1029 4475 1322 4546 adjiciens,
1353 4473 1579 4529 fratrem
1629 4473 1887 4544 perquiro
1912 4473 2125 4544 episco-

533 4582 661 4642 pum
681 4610 696 4636 ,
720 4585 791 4625 ne
812 4569 940 4640 quid
970 4584 1067 4624 nos
1105 4568 1173 4624 de
1215 4567 1656 4638 approbamentis
1684 4566 1935 4620 veridicis
1978 4580 2113 4634 pra:-

534 4662 831 4719 termisisse
872 4663 1197 4716 videamur:
1231 4660 1364 4727 Quis
1424 4659 1548 4724 dat,
1602 4657 1772 4712 frater
1829 4659 2114 4728 episcope,

533 4756 765 4827 gratiam
788 4753 1189 4822 episcopalem?
1207 4751 1373 4816 Deus,
1401 4765 1469 4804 an
1495 4750 1769 4804 homo?-—-
1801 4749 1932 4804 Sine
1954 4749 2116 4804 dubio

531 4847 708 4913 Deus,
733 4847 835 4902 sed
865 4853 1045 4898 tamen
1075 4859 1173 4913 per
1201 4842 1498 4898 hominem.
1538 4843 1710 4898 Homo
1743 4843 1968 4916 imponit
1994 4857 2115 4897 ma-

530 4952 693 5000 num,
721 4943 774 4988 et
800 4933 944 4988 Deus
973 4931 1198 5003 largitur
1227 4933 1454 5004 gratiam
1478 4949 1494 4999 ;
1525 4933 1779 4988 sacerdos
1807 4933 1918 4988 Deo
1945 4933 2113 4988 servit

530 5025 758 5095 supplici
807 5024 1028 5087 dextra,
1091 5025 1232 5079 Deus
1282 5022 1551 5079 benedicit
1596 5023 1810 5094 potenti.
1853 5025 2109 5088 dextera;

529 5117 816 5184 episc0pus
863 5113 1044 5168 initiat
1087 5115 1367 5178 ordinem,
1401 5124 1456 5169 et
1486 5114 1628 5170 Deus
1659 5116 1846 5170 tribuit
1873 5115 2110 5184 dignita-

527 5212 660 5258 tem.
692 5202 1083 5272 --Ojustilia!
1111 5221 1143 5261 ο
1171 5205 1431 5275 tequitas!
1456 5205 1500 5260 si
1525 5206 1725 5260 homini
1756 5207 1983 5276 pecunia
2013 5205 2111 5259 da-

532 5327 639 5356 ιι...
686 5327 779 5362 φη
823 5293 959 5348 ..μυί
1009 5295 1062 5350 in
1091 5297 1280 5354 υιιίἰιισ
1329 5295 1448 5366 plus
1480 5304 1752 5366 operatur,
1788 5295 1888 5349 nisi
1936 5293 2108 5349 solum

527 5380 808 5438 servitium
837 5383 979 5444 quod
1006 5387 1055 5440 ei
1090 5385 1440 5444 conceditur;
1471 5400 1570 5439 cur
1603 5387 1710 5440 Deo
1742 5393 1915 5439 totum
1945 5398 2108 5444 nega-

2235 3286 2475 3341 Ecclesia
2503 3286 2792 3355 splendore
2823 3286 3124 3342 radiabitur
3162 3285 3319 3341 lucis.
3347 3286 3408 3342 Si
3433 3299 3607 3340 autem
3640 3287 3818 3341 oculus

2234 3387 2354 3431 tuus
2377 3394 2598 3449 nequam
2627 3387 2723 3441 est,
2748 3387 2914 3431 totum
2945 3395 3131 3447 corpus
3154 3388 3298 3430 tuum
3332 3377 3663 3431 tenebrosum
3690 3377 3783 3432 erit
3795 3394 3818 3451 ς

2235 3467 2285 3522 id
2309 3477 2411 3533 est,
2464 3469 2509 3522 si
2548 3469 2856 3538 episcOpns,
2889 3468 2979 3536 qui
3034 3468 3321 3520 videbatur
3361 3467 3574 3546 corpori
3607 3477 3818 3532 summa

2231 3555 2407 3617 lucem
2430 3559 2688 3632 prce-bere.
2722 3557 3067 3619 obnubiletur
3091 3559 3344 3634 nequitia:
3373 3566 3626 3620 ρει-εῑιιιιρ
3645 3608 3662 3633 ,
3693 3568 3816 3636 quid

2230 3665 2426 3708 uetera
2448 3654 2650 3710 facient
2674 3657 2940 3718 membra,
2965 3658 3158 3725 quibus
3188 3657 3276 3711 lux
3306 3659 3559 3729 adempta
3583 3668 3671 3712 est
3692 3673 3818 3712 ocu-

2229 3743 2443 3799 lorum?
2474 3747 2525 3800 id
2557 3756 2661 3810 est,
2688 3747 2816 3815 quid
2848 3747 3122 3801 saecularis
3151 3747 3358 3802 factura
3386 3757 3471 3804 est
3501 3748 3812 3811 multitudo,

2229 3854 2352 3893 cum
2408 3839 2776 3909 voluptatibus
2825 3840 3031 3896 illicitis
3081 3849 3136 3895 et
3190 3841 3497 3895 actionibus
3533 3842 3718 3894 vetitis
3749 3839 3814 3894 ad

2226 3929 2461 3985 similem
2486 3929 2790 3986 facinorum
2829 3933 3144 4002 voraginem
3190 3933 3480 4003 episcOpus
3508 3931 3810 3986 multitudi-

2229 4035 2352 4075 nem
2377 4021 2778 4090 provocaverit,
2807 4029 2866 4074 ιιι
2896 4019 3226 4089 nullumjam
3261 4020 3505 4075 illicitum
3560 4021 3812 4075 videatur

2225 4113 2368 4181 quod
2396 4115 2466 4168 ab
2517 4113 2771 4184 episc0po
2823 4115 2978 4184 quasi
3031 4113 3238 4168 licitum
3288 4110 3811 4182 perpetratur?Sed

2226 4203 2402 4273 ipsum
2444 4204 2671 4258 credunt
2724 4205 2897 4273 magis
2941 4204 3121 4258 cuncti
3183 4203 3492 4269 laudabile,
3542 4199 3805 4272 quidquid

2223 4294 2505 4362 episcopus
2533 4293 2780 4347 habuerit
2819 4293 3169 4356 delectabile;
3203 4307 3300 4346 nec
3327 4293 3619 4361 quisquam
3649 4305 3806 4362 agere

2227 4384 2432 4446 timeat,
2460 4383 2603 4452 quod
2624 4397 2784 4452 agere
2810 4382 3048 4453 pontifex
3081 4383 3304 4436 minitne
3333 4383 3569 4436 dubitat.

2294 4475 2498 4530 Nomen
2559 4491 2666 4545 quo
2696 4476 2956 4540 censeris,
2991 4485 3040 4529 te
3061 4475 3234 4544 ipsum
3266 4475 3464 4544 arguit.
3498 4474 3800 4544 Episcopus

2223 4567 2366 4622 enim
2399 4583 2427 4620 a
2468 4568 2678 4622 cunctis
2704 4567 3075 4622 indubitanter
3138 4567 3386 4632 vocaris;
3416 4576 3470 4622 et
3493 4567 3624 4635 quid
3655 4565 3792 4619 aliud

2224 4658 2530 4726 episcopus,
2585 4671 2746 4726 quam
2806 4657 3247 4726 superinspector
3291 4656 3616 4724 exponitur?
3672 4655 3796 4709 Cum

2223 4747 2274 4800 in
2301 4745 2556 4802 Ecclesia:
2577 4746 2714 4800 solio
2739 4747 2965 4803 editiore
2991 4756 3220 4800 cunctos
3246 4747 3442 4800 merito
3469 4746 3717 4814 respicis,
3746 4753 3795 4797 et

2221 4846 2538 4892 cunctorum
2571 4837 2624 4890 in
2658 4845 2710 4891 te
2740 4835 3037 4904 respiciunt
3077 4835 3240 4901 oculi,
3274 4845 3332 4890 nt
3360 4837 3452 4890 des
3488 4835 3595 4890 illis
3620 4850 3795 4890 escam

2223 4930 2273 4983 in
2300 4939 2538 4999 tempore
2556 4936 2862 4998 opportuno
2887 4945 2901 4980 :
2927 4944 3024 4982 cur
3047 4927 3190 4981 velut
3222 4936 3415 4982 tetrum
3447 4936 3496 4981 te
3521 4926 3790 4996 speculum

2219 5020 2597 5074 universorum
2625 5016 2906 5070 obtutibus
2931 5025 3238 5084 monstras,
3268 5033 3336 5072 ne
3368 5017 3578 5088 possint
3605 5017 3796 5072 obscu-

2216 5112 2378 5165 ritate
2419 5120 2511 5164 tua
2537 5124 2601 5166 se
2623 5109 2930 5162 exornare?

2289 5204 2532 5258 Snti‘iciat
2562 5203 2668 5256 huc
2702 5215 2873 5270 usque
2913 5201 3116 5258 nostris
3145 5202 3622 5266 consacerdotibus
3663 5216 3788 5270 pau-

2215 5293 2383 5350 lnluin
2427 5294 2686 5348 dilatasse
2727 5306 3036 5346 sermonem
3086 5292 3140 5346 in
3171 5309 3278 5363 quo
3307 5308 3493 5347 eorum
3524 5292 3783 5347 excellen-

2216 5384 2342 5438 tiam
2375 5382 2540 5438 simul
2567 5391 2622 5436 et
2653 5397 2837 5436 casum
2865 5382 3308 5444 monstravimus,
3343 5399 3431 5444 ne,
3457 5383 3781 5438 conﬁdentes
