3986 5444
526 264 630 335 £79

533 398 1984 430 Mm

1175 259 1538 322 BILVESTRI
1565 259 1609 316 Ii
1636 259 1838 317 PAPIE
1881 259 2032 347 OPP.
2071 260 2250 317 PARS
2289 259 2352 316 ll.
2394 289 2460 298 ——
2513 257 2598 313 DE
2640 258 2863 348 REBUS
2902 257 3183 351 ECCLES.

2001 387 3654 417 *ιι-Μ

3685 257 3792 314 180

1584 518 2672 663 GEBBEBTUS

1027 751 1176 854 DE
1249 759 1800 880 CORPORE
1874 761 2028 850 ET
2097 755 2697 872 SANGUINE
2774 754 3262 872 DOMINI,

594 1087 635 1142 Ι.
661 1084 811 1140 Sicut
840 1093 968 1157 ante
987 1098 1086 1140 nos
1107 1083 1246 1141 dixit
1272 1086 1492 1158 quidam
1522 1086 1762 1170 sapiens,
1789 1085 1944 1159 cuius
1977 1102 2102 1143 sen-
2129 1064 2178 1125 Α
2205 1084 2322 1155 ejus
2350 1081 2764 1140 immutabiliter
2789 1083 2964 1150 dicta;
2991 1083 3085 1141 sed
3106 1091 3162 1142 el
3185 1085 3469 1142 beatorum
3495 1089 3787 1159 Augustini

520 1177 750 1232 tentiam
781 1177 1099 1246 probamus,
1133 1176 1256 1232 licet
1298 1193 1495 1234 nomen
1522 1180 1863 1251 ignoremus:
1886 1179 2102 1234 Intuen-

519 1280 623 1332 tes,
675 1268 960 1339 inquiens,
1007 1268 1251 1337 Apostoli
1298 1270 1660 1336 sententiam,
1710 1286 1818 1340 qua
1858 1271 2098 1326 dicitur:

519 1356 657 1425 Quia
705 1376 724 1411 ι
761 1358 1011 1432 animalis
1052 1359 1215 1413 homo
1252 1375 1360 1414 non
1406 1349 1651 1430 percipit
1684 1377 1772 1427 ea,
1815 1377 1934 1433 qua:
1976 1343 2104 1416 sunt

520 1449 760 1520 Spiritus
816 1451 927 1517 Dei,
965 1470 982 1502 ι
1028 1434 1339 1505 haesitamns
1397 1451 1767 1519 vehementer,
1813 1467 1883 1506 ne
1924 1452 2103 1524 minus

518 1542 878 1620 spiritualiter
905 1543 1167 1605 viventes,
1192 1559 1314 1598 cum
1345 1544 1412 1618 de
1434 1545 1811 1620 spiritualibus
1841 1557 2101 1614 responsa

520 1649 800 1703 paramus,
833 1633 1015 1703 qualia
1057 1633 1196 1688 forte
1227 1649 1328 1688 nec
1357 1619 1489 1694 dum
1525 1619 1891 1704 percepimus,
1925 1635 1976 1688 in
2018 1635 2100 1688 la-

519 1726 699 1796 pidem
723 1723 1038 1804 offensionis
1055 1736 1110 1794 et
1133 1737 1340 1797 petram
1364 1727 1601 1782 scandali
1637 1727 1954 1782 incidamus.
1995 1725 2102 1788 Sed

521 1817 717 1870 iterum
753 1833 874 1871 cum
907 1817 1180 1872 internum
1223 1827 1502 1887 aspectum
1535 1818 1598 1871 ad
1626 1833 1750 1873 eum
1794 1803 2096 1886 dirigimus,

519 1908 612 1978 qui
648 1907 787 1986 dixit
819 1927 830 1961 :
867 1927 886 1959 ‹
920 1909 1082 1978 Aperi
1113 1924 1175 1979 os
1211 1917 1385 1973 tuutn,
1417 1917 1471 1963 et
1504 1923 1603 1980 ego
1635 1908 1942 1982 adimplebo
1972 1906 2101 1961 illud

519 1999 692 2071 (Psal.
724 2018 888 2074 uxr,
922 2003 1036 2071 il),
1075 2001 1199 2073 fidei
1241 2001 1551 2073 integritate
1593 2009 1862 2060 manente,
1907 2015 2104 2069 prove?

520 2105 711 2157 cantur
758 2082 1103 2160 respondere,
1135 2092 1202 2147 de
1240 2108 1348 2162 quo
1376 2091 1596 2162 dignum
1634 2101 1711 2146 est
1753 2106 1858 2146 non
1897 2099 2099 2154 tacere,

520 2182 588 2238 de
614 2185 874 2254 mysterio
903 2185 1156 2240 videlicet
1185 2185 1430 2254 corporis
1459 2195 1515 2240 et
1541 2184 1822 2256 sanguinis
1852 2185 2096 2250 Domini;

521 2273 827 2329 dicentibus
869 2275 1192 2345 quibusdam
1251 2263 1392 2331 idem
1435 2265 1555 2332 esse
1601 2277 1744 2345 quod
1776 2263 2007 2331 sumitur
2036 2275 2103 2330 de

522 2362 704 2430 altari,
744 2367 887 2434 quod
930 2375 984 2421 et
1025 2367 1154 2421 illud
1216 2368 1358 2437 quod
1390 2377 1469 2422 est
1512 2382 1578 2421 ex
1610 2368 1832 2438 Virgine
1876 2376 2096 2432 natum;

517 2455 640 2510 aliis
684 2441 864 2530 autem
905 2445 1252 2531 negantibus,
1298 2468 1348 2524 et
1393 2446 1696 2515 dicentibus
1743 2459 1886 2514 aliud
1947 2474 2096 2523 esse;

517 2548 839 2627 quibusdam
890 2549 1053 2603 etiam
1111 2549 1380 2604 diabolica
1433 2548 1788 2620 inspiratione
1847 2549 2100 2618 blasphe-

519 2640 822 2713 mautibus,
885 2641 1124 2712 secessui
1173 2642 1467 2697 obnoxium
1517 2641 1653 2697 fore.
1692 2644 1867 2711 Super
1904 2641 2102 2714 quibus

513 2731 878 2811 pericuiosum
921 2742 1063 2788 esset
1117 2734 1319 2805 aliquid
1368 2735 1732 2805 respondere,
1783 2732 1877 2788 sed
1930 2733 2102 2802 magis

516 2809 680 2891 aures
710 2809 1017 2893 Iobturare,
1067 2826 1170 2882 nisi
1217 2827 1576 2899 periculosius
1622 2825 1782 2890 foret,
1826 2840 1921 2900 eos
1971 2825 2097 2880 talia

515 2918 900 2998 proposuisse;
953 2919 1078 2988 quia
1129 2920 1232 2974 hoc
1273 2907 1353 2975 est
1396 2903 1495 2988 pro
1546 2919 1685 2974 lacte
1730 2920 1798 2974 ab
1841 2907 2099 2974 uberibus

513 3007 771 3084 butyrum
815 3020 912 3064 ant
947 3011 1264 3080 sanguinem
1313 3010 1528 3066 elicere.
1569 3030 1585 3061 ι
1617 3010 1740 3074 Mel,
1785 3010 1958 3080 inquit
1997 3009 2100 3064 Sa-

513 3100 740 3175 pientia.
774 3103 1062 3160 invenisti?
1100 3105 1354 3166 Comede,
1385 3115 1647 3176 quanttnn
1674 3103 1872 3159 sufﬁcit
1912 3104 2094 3173 (Prov.

513 3209 646 3260 xxv,
671 3193 780 3267 16).
804 3215 821 3249 ι
845 3181 918 3251 Et
943 3215 956 3250 :
987 3217 1005 3248 ι
1028 3197 1235 3259 Νἰιηίιιε
1257 3198 1363 3252 noli
1395 3205 1670 3252 scrutator
1691 3211 1810 3251 esse
1835 3196 2094 3265 majesta-

513 3284 608 3364 tis,
626 3274 734 3338 nea
757 3286 926 3357 gloria
948 3289 1274 3358 opprimaris
1296 3288 1610 3366 (lbid.,27).
1634 3307 1650 3339 ι
1677 3271 1741 3342 Et
1757 3287 2092 3358 hisquidem,

511 3374 604 3449 qui
645 3376 922 3444 dixerunt,
968 3380 1208 3442 secessui
1253 3365 1550 3439 oltnoxium
1598 3379 1774 3449 (quod
1814 3394 2092 3449 nunquam

512 3477 596 3537 est
623 3469 891 3539 auditum)
926 3471 978 3525 id
1023 3481 1127 3538 est,
1178 3471 1469 3526 lieribaldo
1507 3471 1939 3526 Autisiodorcnsi
1979 3470 2093 3541 epi-

509 3573 691 3630 scopo,
725 3561 814 3630 qui
858 3545 1093 3631 turpiter
1135 3562 1454 3632 proposuit,
1497 3571 1554 3617 et
1600 3561 1824 3632 Rabano
1874 3561 2091 3632 Magon-

512 3651 646 3713 tiuo.
683 3653 774 3722 qui
820 3655 1029 3725 turpius
1073 3656 1388 3726 assumpsit,
1435 3655 1746 3726 turpissime
1789 3669 1916 3715 vero
1960 3669 2091 3710 con-

508 3739 700 3808 clusit,
773 3758 904 3799 suus
965 3744 1033 3798 ad
1103 3745 1540 3816 respondendum
1610 3743 1764 3799 locus
1820 3754 2086 3798 servetur.
2117 3776 2160 3838 Ο

506 3830 738 3904 Propter
762 3850 856 3910 eos
885 3845 1067 3913 autem
1135 3835 1225 3908 qui
1259 3838 1398 3892 idem
1463 3836 1607 3907 quod
1651 3845 1836 3906 natum
1875 3851 1941 3891 ex
1969 3836 2089 3909 "ir-
2120 3836 2123 3840 ’

506 3923 654 3994 giue,
703 3935 798 3984 aut
835 3926 980 3990 aliud
1025 3928 1279 3984 dixerunt
1316 3941 1460 3993 esse,
1505 3927 1733 3982 diversa:
1776 3936 2086 3982 sanctorum

507 4012 727 4068 Patrum
777 4025 1048 4085 ponantur
1093 4019 1416 4073 sententiae:
1463 4032 1585 4087 qua:
1626 4017 1707 4072 eis
1755 4008 2090 4087 quitlem'vi-

508 4104 705 4160 dentur
731 4106 988 4183 diversm,
1027 4109 1120 4164 sed
1157 4120 1378 4180 possent
1419 4108 1664 4164 sufiicere
1693 4109 1737 4164 si
1768 4108 1834 4163 ad
1869 4109 2086 4179 plenum

504 4203 560 4249 et
599 4196 836 4266 discrete
880 4208 1066 4260 essent.
1107 4200 1416 4255 intellectae.
1463 4200 1594 4255 Dico
1636 4211 1815 4255 autem
1856 4199 2088 4255 Pascha-

504 4286 644 4339 sium
666 4285 988 4356 Ratpertum
1014 4288 1398 4348 ,Corbeieusem
1428 4291 1699 4353 abbatem,
1722 4290 1812 4358 qui
1846 4298 2085 4359 rogatus,

505 4376 779 4431 incertum
807 4391 874 4431 an
908 4387 1254 4456 provocatus,
1283 4379 1502 4449 scripsit
1529 4381 1595 4434 de
1622 4380 1813 4433 eadem
1849 4394 1904 4433 re
1937 4379 2087 4433 libel-

505 4466 615 4521 lum
655 4466 721 4520 ad
763 4475 979 4522 centum
1020 4467 1134 4523 fere
1181 4455 1416 4540 capitula
1463 4469 1598 4538 satis
1645 4469 1874 4522 utilem:
1923 4483 2083 4536 quem

505 4571 630 4610 cum
677 4558 1002 4627 resperserit
1047 4562 1217 4612 multa
1269 4545 1565 4622 multorum
1618 4559 1942 4624 auctoritate
1985 4557 2086 4626 Pa-

503 4658 671 4713 trum,
721 4649 877 4720 ponit
922 4663 990 4704 ex
1035 4651 1254 4706 nomine
1299 4649 1356 4704 S.
1391 4650 1698 4716 Ambrosii,
1738 4669 1758 4700 ι
1790 4653 1932 4722 quod
1978 4665 2084 4705 non

501 4741 608 4810 alia
642 4741 800 4816 plane
848 4743 919 4798 sit
964 4758 1094 4798 caro
1128 4758 1247 4812 qua:
1309 4743 1543 4798 sumitur
1576 4745 1645 4799 de
1685 4745 1876 4812 altari,
1921 4761 2085 4828 quam

501 4852 625 4906 qua:
667 4845 795 4902 pata
831 4846 917 4891 est
946 4839 1013 4892 de
1050 4837 1218 4890 Maria
1250 4837 1494 4907 virgine,
1538 4847 1593 4893 et
1627 4853 1782 4909 passa
1817 4839 1869 4892 in
1899 4854 2083 4907 cruce,

500 4937 558 4982 et
604 4943 726 4998 qua:
771 4928 1011 4982 surrexit
1049 4927 1114 4982 de
1159 4928 1428 4997 sepulcro,
1474 4944 1701 5000 quaeque
1750 4945 1849 5000 pro
1898 4929 2084 4986 mundi

499 5020 610 5074 vita
643 5019 821 5074 adhuc
841 5005 1010 5074 hodie
1048 5019 1323 5075 oii‘eratur.
1357 5041 1376 5074 ι
1404 5020 1604 5077 Contra
1639 5037 1799 5092 quem
1831 5022 1965 5076 satis
1996 5037 2082 5075 ar-

2205 1183 2258 1230 et
2305 1175 2638 1248 Hieronymi,
2677 1185 2732 1230 et
2771 1186 3118 1240 cancrorum,
3149 1185 3211 1231 ut
3231 1187 3360 1233 sunt
3400 1178 3619 1236 inventa
3650 1200 3666 1236 :
3700 1192 3788 1250 ut,

2204 1265 2291 1321 bis
2322 1266 2610 1343 diligenter
2647 1267 2968 1336 perspectis,
3015 1267 3102 1340 cui
3146 1266 3308 1333 Deus,
3354 1277 3448 1324 aut
3485 1286 3582 1340 per
3621 1286 3789 1343 quem

2204 1359 2460 1429 dignatus
2490 1359 2652 1415 fuerit
2678 1360 2910 1430 aperire,
2950 1368 3134 1430 pateat
3187 1370 3243 1415 et
3273 1369 3452 1422 tantos
3483 1361 3632 1418 viros
3677 1379 3788 1419 non

2205 1452 2516 1516 dissentire,
2563 1453 2704 1506 etin
2751 1451 3017 1507 catholica
3067 1452 3308 1509 Ecclesia
3343 1469 3507 1510 unum
3537 1464 3592 1510 et
3644 1457 3789 1520 idem

2204 1544 2404 1600 debere
2431 1559 2620 1624 omnes
2649 1558 2862 1623 sapere,
2891 1553 2946 1610 et
2980 1544 3215 1599 schisma
3260 1560 3364 1602 non
3395 1559 3535 1600 esse.
3585 1533 3788 1622 Verum

2202 1653 2325 1692 cum
2361 1637 2428 1691 ad
2469 1652 2564 1692 eos
2605 1637 2915 1691 venerimus
2964 1637 3053 1705 qui
3096 1636 3358 1697 moderno
3417 1646 3664 1708 tempore
3699 1638 3792 1693 bis

2202 1731 2640 1788 contentionibus
2679 1746 2787 1784 non
2836 1730 3130 1786 timuerunt
3157 1730 3441 1796 inservire,
3483 1740 3540 1786 et
3574 1733 3646 1787 ob
3682 1733 3792 1794 hoc

2202 1824 2336 1879 nihil
2383 1805 2601 1895 dignum
2656 1832 2964 1877 meruerunt
3011 1821 3271 1888 diilinire,
3323 1839 3426 1878 nec
3476 1824 3788 1893 posteritati

2201 1925 2446 1970 ventura:
2491 1923 2785 1984 potuerunt
2825 1912 3160 1982 satisfacere.
3215 1912 3346 1967 illud
3395 1912 3539 1982 beati
3591 1912 3792 1991 Hilarii

2205 2006 2324 2077 (lib.
2377 2021 2471 2069 \‘lll
2518 2005 2596 2070 De
2653 2003 2868 2071 Trinit.)
2923 2021 3029 2068 non
3093 2004 3402 2073 dubitemus
3456 2004 3786 2060 inculcare:

2209 2114 2226 2148 ι
2273 2095 2387 2150 Non
2416 2107 2517 2157 est,
2551 2094 2747 2164 inquit,
2778 2095 3039 2156 lntmauo,
3067 2103 3162 2148 aut
3197 2094 3378 2148 surculi
3410 2109 3569 2148 sensu
3604 2095 3658 2148 in
3690 2093 3790 2148 Dei

2203 2188 2365 2245 rebus
2390 2186 2748 2255 loquendum;
2781 2200 2955 2256 neque
2987 2201 3084 2255 per
3111 2186 3421 2240 violentiam
3473 2196 3567 2240 aut
3590 2187 3794 2256 impruo

2203 2279 2420 2333 dentem
2446 2263 2887 2347 prtedicationem
2917 2278 3218 2332 ccelestium
3262 2279 3530 2333 dictorum
3563 2280 3790 2335 sanitati

2205 2368 2394 2424 alienae
2440 2379 2603 2436 atque
2645 2367 2822 2436 impia:
2853 2366 3216 2444 intelligentiae
3261 2369 3634 2438 extorquenda
3667 2384 3793 2437 per-

2205 2459 2433 2514 versitas
2462 2463 2564 2513 est.
2594 2446 2724 2525 Qua:
2749 2459 2954 2526 scripta
2983 2468 3129 2520 sunt,
3158 2458 3399 2526 legamus
3419 2462 3518 2512 :‘et
3546 2475 3669 2529 qua:
3704 2460 3789 2529 le-g

2202 2552 2462 2622 gerimus,
2489 2550 2890 2620 intelligamus;
2920 2558 3048 2604 tunc
3070 2549 3324 2618 perfecta:
3351 2550 3473 2604 fidei
3501 2550 3792 2622 fungentur

2201 2645 2398 2701 ofﬁcio.
2433 2663 2451 2696 ι
2482 2643 2606 2716 Ilaec
2629 2653 2819 2721 contra
2849 2658 2964 2706 eos,
2993 2644 3085 2712 qui
3115 2651 3307 2712 ptttant
3335 2643 3610 2720 Christum
3639 2653 3792 2713 calce

2202 2721 2499 2809 goriza‘sse,
2531 2735 2620 2790 ubi
2647 2735 2722 2788 ait
2748 2751 2762 2789 :
2793 2733 2962 2789 Omne
2989 2739 3126 2804 quod
3153 2735 3207 2788 in
3230 2751 3309 2798 os,
3338 2743 3392 2790 et
3423 2735 3656 2806 reliqua.
3688 2736 3786 2790 Vel

2199 2839 2388 2900 contra
2431 2845 2544 2895 eos,
2578 2829 2668 2898 qui
2713 2828 3104 2899 dogmatizant,
3149 2829 3409 2898 quidquid
3450 2829 3518 2884 de
3553 2844 3789 2899 corpore

2200 2920 2412 2975 Domini
2444 2921 2663 2983 dicitur,
2695 2919 2777 2973 vel
2808 2911 2860 2973 in
2893 2920 3143 2982 veritate,
3171 2918 3254 2973 vel
3286 2919 3336 2974 in
3371 2919 3560 2989 figura,
3595 2936 3663 2975 ac
3689 2935 3789 2990 per

2198 3015 2306 3070 hoc
2349 3014 2402 3068 in
2445 3013 2635 3068 umbra
2664 3011 2792 3066 dici.
2841 3010 2947 3066 Sed
2981 3012 3046 3067 de
3087 3011 3174 3066 his
3203 3012 3490 3080 posterius.
3535 3010 3696 3066 Nunc
3726 3021 3788 3066 ut

2198 3120 2319 3161 sese
2349 3104 2551 3160 habent
2583 3111 2893 3159 sanctorum
2923 3103 3144 3158 Patrum
3174 3102 3339 3169 dicta,
3368 3101 3787 3159 immutabiliter

2196 3210 2482 3267 ponamus.
3115 3185 3120 3190 ’
3331 3193 3333 3196 ⁴
3669 3185 3672 3189 ’

2203 3278 2209 3285 ’
2267 3288 2331 3342 ll.
2371 3287 2714 3359 Ambrosius,
2742 3288 2795 3342 in
2819 3287 2911 3358 lib.
2939 3288 3014 3342 De
3043 3287 3430 3348 sacramentis:
3453 3306 3472 3340 ι
3501 3287 3609 3346 ista
3635 3302 3783 3358 esca,

2196 3381 2391 3451 inquit,
2430 3395 2592 3449 quam
2624 3381 2824 3448 accipis
2854 3395 2870 3436 :
2898 3381 2998 3442 iste
3023 3380 3178 3450 panis
3211 3381 3382 3444 vivus,
3415 3380 3507 3449 qui
3537 3380 3608 3435 de
3642 3365 3784 3435 celo

2195 3473 2498 3534 descendit,
2531 3473 2655 3526 vita:
2700 3479 2916 3525 aeternae
2962 3470 3321 3525 substantiam
3354 3470 3780 3524 subministrat:

2194 3575 2250 3621 et
2278 3565 2586 3634 quicunque
2626 3563 3038 3618 manducaverlt
3081 3563 3243 3632 hunc,
3284 3579 3391 3632 non
3435 3563 3703 3630 morietur
3729 3561 3782 3618 in

2194 3665 2480 3721 aeternum,
2525 3664 2580 3710 et
2625 3670 2824 3724 corpus
2857 3654 3060 3710 Christi
3106 3662 3210 3709 est.
3235 3641 3263 3705 ἰ
3303 3653 3478 3708 Item:
3531 3673 3548 3703 ι
3584 3635 3783 3726 Liquet

2195 3747 2361 3819 igitur
2397 3748 2538 3816 quod
2567 3756 2765 3816 przeter
2790 3755 2997 3800 natura:
3017 3745 3262 3799 ordinem
3285 3743 3450 3815 Virgo
3473 3744 3779 3814 generavit,

2190 3849 2245 3894 et
2269 3840 2386 3902 hoc,
2417 3839 2561 3909 quod
2582 3839 2920 3900 conficimus,
2949 3852 3149 3905 corpus
3181 3851 3250 3891 ex
3274 3837 3481 3907 virgine
3503 3846 3611 3890 est.
3636 3834 3778 3902 Quid

2193 3931 2282 3987 hic
2307 3931 2507 4003 quaeris
2541 3940 2748 3985 natura:
2773 3929 3023 4007 ordinem
3046 3929 3108 4003 in,
3126 3927 3327 4008 Christi
3355 3942 3608 3996 corpore,
3653 3942 3777 4000 cum

2190 4034 2389 4095 praeter
2427 4033 2679 4079 naturam
2726 4023 2798 4078 sit
2841 4023 2955 4092 ipse
3000 4021 3258 4078 Dominus
3299 4019 3455 4076 Jesns
3484 4028 3677 4089 partus
3709 4032 3779 4074 ex

2190 4115 2435 4189 virgine?
2468 4114 2605 4168 Vera
2631 4115 2816 4184 utique
2841 4127 2970 4168 caro
3004 4111 3205 4168 Christi
3227 4127 3345 4180 qua:
3374 4108 3640 4164 crucifixa
3667 4118 3774 4172 est,

2189 4221 2309 4276 qua:
2339 4192 2553 4275 sepulta
2576 4215 2687 4270 est;
2719 4219 2845 4257 vere
2875 4217 3004 4273 ergo
3047 4203 3230 4257 carnis
3271 4201 3413 4259 illius
3455 4214 3774 4254 sacrari-en-

2193 4306 2303 4351 tum
2330 4305 2432 4355 est.
2465 4316 2485 4348 ι
2515 4295 2641 4350 Item
2670 4313 2684 4348 :
2724 4313 2741 4344 ι
2772 4293 2924 4349 Sicut
2953 4306 3113 4354 verus
3142 4300 3226 4348 est
3256 4291 3348 4359 Dei
3391 4289 3558 4352 Filius
3592 4289 3773 4353 Domi-

2190 4402 2290 4451 nus
2319 4395 2506 4455 noster
2531 4383 2690 4440 Jesus
2727 4385 2996 4448 Christus,
3041 4398 3145 4437 non
3181 4382 3638 4452 quemadmodum
3674 4381 3770 4436 bo-

2191 4459 2364 4532 miues
2395 4491 2491 4546 per
2519 4476 2772 4546 gratiam,
2815 4476 2909 4545 sed
2953 4474 3105 4549 quasi
3143 4472 3312 4554 Fiiius
3353 4487 3419 4548 ex
3461 4471 3766 4526 substantia

2188 4569 2400 4634 Patris;
2434 4568 2507 4622 ita
2539 4582 2668 4625 vera
2699 4559 3023 4634 caro,sicut
3051 4566 3164 4633 ipse
3191 4564 3346 4627 dixit,
3371 4578 3535 4633 quam
3561 4562 3768 4633 accipi-

2188 4675 2333 4722 mus,
2363 4669 2419 4714 et
2452 4674 2614 4714 verus
2651 4666 2735 4713 est
2776 4668 2953 4728 potus.
2985 4676 3006 4710 ι
3051 4656 3160 4733 Leo
3199 4671 3370 4725 papa:
3411 4673 3430 4706 ι
3469 4654 3562 4711 Sic
3595 4669 3770 4709 sacra:

2187 4765 2391 4808 mensa:
2429 4735 2829 4817 communicare
2871 4747 3098 4822 debetis,
3151 4745 3210 4814 ut
3250 4745 3386 4822 nihil
3433 4760 3661 4815 prorsus
3699 4745 3767 4806 de

2187 4843 2415 4900 veritate
2445 4842 2690 4913 corporis
2733 4839 2935 4899 Christi
2973 4847 3028 4893 et
3067 4837 3347 4908 sanguinis
3391 4836 3706 4906 ambigatis.
3743 4852 3766 4901 ι

2188 4931 2555 5002 Augustinus:
2606 4949 2626 4982 ς
2663 4929 2913 4998 Suscepit
2951 4927 3202 4984 Christus
3241 4928 3308 4984 de
3361 4936 3508 4980 terra
3561 4935 3770 4986 terram

2187 5024 2333 5095 (quia
2367 5039 2497 5078 caro
2527 5022 2592 5077 de
2625 5033 2766 5076 terra
2795 5021 2898 5088 est)
2931 5028 2987 5074 et
3023 5021 3088 5074 de
3117 5034 3283 5074 carne
3322 5017 3506 5072 Marim
3543 5031 3769 5084 carnem

501 5121 891 5182 gumentantur
929 5121 986 5168 et
1033 5112 1290 5182 Babanus
1332 5116 1385 5171 in
1425 5117 1651 5188 epistola
1697 5117 1766 5174 ad
1803 5117 2079 5187 Egilonem
2113 5121 2160 5182 υ
2187 5115 2457 5184 suscepit;
2504 5123 2556 5166 ct
2589 5112 2723 5183 quia
2764 5111 2816 5164 in
2859 5110 2971 5178 ipsa
3019 5123 3184 5164 carne
3227 5107 3545 5171 ambulavit,
3594 5107 3768 5177 ipsam

503 5202 778 5266 abbatem,
816 5212 872 5259 et
904 5203 1234 5260 Ratramuns
1261 5208 1481 5277 quidam
1519 5208 1572 5262 in
1603 5209 1744 5265 libro
1779 5209 2082 5279 composito

503 5293 574 5372 ad
601 5291 855 5349 Carolum
888 5311 1092 5368 regem,
1123 5299 1364 5374 dicentes
1431 5313 1554 5355 esse
1593 5300 1784 5367 aliam;
1817 5301 1898 5353 vel
1928 5301 2081 5355 testi-

501 5387 688 5444 monio
732 5387 1068 5444 Hierouvmi.
1107 5394 1198 5444 aui
1236 5393 1390 5444 dicit.
1425 5391 1704 5444 dupliciter
1736 5394 1841 5444 dici
1885 5408 2082 5444 cornus

2185 5220 2406 5261 carnem
2463 5203 2618 5257 nobis
2659 5200 3090 5259 manducandum
3143 5202 3212 5254 ad
3258 5199 3488 5262 salutem
3535 5199 3702 5253 dedit.
3741 5216 3761 5265 ρ

2183 5294 2452 5349 Basilius:
2485 5312 2503 5344 ι
2528 5291 2932 5349 Omiraculnm!
2959 5308 2992 5346 ο
3017 5292 3108 5346 Dei
3138 5293 3192 5345 in
3223 5307 3321 5346 nos
3349 5291 3762 5347 benevolentia!

2185 5387 2276 5444 aui
2307 5401 2521 5442 sursum
2555 5385 2705 5439 sedet
2731 5384 2796 5436 ad
2840 5382 3118 5436 dexteram
3150 5381 3347 5444 Patris,
3391 5381 3649 5444 sacrificii
3688 5388 3768 5434 ta-
