3986 5444
190 362 265 415 un
910 324 917 327 Α
1150 359 1236 415 ns
1256 360 1579 419 conpone
1602 363 1689 420 ET
1730 363 2077 422 suemus
2117 364 2370 422 unum.

3314 374 3418 431 18!

186 471 403 531 manis.)
428 468 560 532 item
596 468 752 539 ipse:
790 487 808 521 ι
842 468 1001 535 Cum,
1032 469 1224 540 inquit,
1271 471 1527 528 sacerdos
1568 474 1732 530 etiam
1762 483 1809 541 Α
1844 494 1861 528 ι
1884 477 1957 529 vit
1983 476 2244 545 sanguine
2260 477 2484 531 suoalu
2508 476 2611 532 illis
2626 492 2757 549 ergo
2784 479 3088 547 sacrilleiis,
3105 480 3237 551 quid
3263 484 3419 539 nobis

184 573 401 620 sanctum
434 560 694 630 Spiritum
720 560 1089 626 advocaverit,
1127 570 1184 616 et
1208 563 1561 617 reverendam
1589 564 1734 618 illam

184 650 513 713 immolaverit
555 649 808 712 hostiam,
850 664 1305 721 communemque
1334 653 1619 707 Dominum
1648 670 1739 709 su-

182 740 317 795 Linde
343 739 649 811 contigerit,
680 757 698 789 ι
731 746 786 792 et
812 737 1038 807 reliqua.
1064 738 1361 810 Gregorius
1387 759 1399 794 :
1435 761 1454 793 ‹
1484 740 1738 798 Christus

185 844 442 901 resurgeas
471 844 500 881 a
526 828 778 893 mortuis,
809 827 943 897 jam,
963 830 1088 884 licet
1110 847 1217 884 nou
1242 832 1491 897 moritur,
1509 846 1565 887 et
1592 848 1739 889 mors

183 921 245 975 illi
278 920 406 973 ultra
438 934 546 972 non
579 920 965 983 dominabitur,
988 930 1191 985 tamen,
1230 922 1281 975 in
1309 923 1488 991 scipso
1518 924 1739 977 immor-

182 1010 340 1075 taliter
368 1019 528 1076 atque
560 1008 1050 1079 incorrnptzbiliter
1085 1011 1292 1074 vivens,
1325 1026 1422 1081 pro
1454 1012 1608 1066 nobis
1636 1012 1739 1067 ite-

184 1118 217 1153 ιη
237 1115 282 1154 m
312 1100 359 1152 iu
389 1101 492 1152 hoc
524 1098 788 1167 mysterio
816 1115 986 1153 sacra:
1027 1099 1317 1155 oblationis
1349 1101 1731 1168 immolatur.»

183 1192 288 1247 llmc
312 1192 423 1245 ideo
449 1191 538 1243 hic
581 1191 758 1259 posita
787 1198 932 1252 sunt,
964 1192 1007 1243 si
1035 1189 1175 1244 forte
1202 1208 1300 1261 per
1329 1208 1389 1246 ea
1419 1191 1740 1263 simplicitas

182 1282 426 1337 Paschasii
456 1280 706 1335 liatberti
736 1281 904 1351 possit
934 1282 1221 1349 excusari,
1241 1282 1383 1346 unde
1414 1283 1647 1335 maxime
1673 1281 1739 1335 ab

180 1374 493 1443 loquentibus
531 1372 596 1444 [ι’.
630 1371 1071 1446 obloquentibus]
1100 1375 1325 1439 Rabano
1348 1374 1739 1437 etﬂatrammo

184 1460 338 1536 [Ccd.,
370 1464 705 1537 Ratmanuo]
740 1466 953 1533 videtur
996 1467 1303 1539 suggillari,
1334 1469 1581 1523 videlicet
1612 1474 1738 1541 quia

182 1557 363 1611 dixerat
413 1557 665 1623 eamdem
710 1572 830 1623 esse
854 1572 1098 1621 carnem,
1138 1574 1259 1627 quge
1287 1559 1353 1614 de
1379 1560 1538 1625 altari
1568 1564 1739 1631 sumi:

183 1660 271 1713 tur,
307 1657 357 1701 et
400 1646 623 1717 Virgine
668 1660 979 1719 generatur,
1008 1660 1063 1704 et
1108 1650 1247 1719 quia
1278 1652 1518 1721 quotidie
1564 1654 1740 1715 adhuc

179 1757 260 1811 pro
284 1742 453 1807 mundi
497 1740 678 1799 salute
707 1741 1036 1796 immoletur.
1066 1742 1228 1809 Quia,
1262 1744 1388 1797 licet
1420 1745 1577 1799 nobis
1608 1746 1739 1800 nihil

1838 578 1985 624 esset
2016 568 2347 634 donandum,
2378 568 2605 639 ﬁgurate
2635 570 3074 642 signiﬁcabatur;
3112 572 3166 626 in
3194 571 3299 627 hoc
3323 588 3423 629 au-

1841 668 1947 738 tem
1975 660 2275 724 sacriﬁcio,
2326 660 2454 730 quid
2502 662 2658 715 nobis
2681 660 2795 729 jam
2831 662 3140 716 donandum
3182 662 3272 727 sit,
3304 664 3421 719 evi-

1838 751 2030 804 denter
2055 751 2377 804 ostenditur.
2415 770 2433 802 |
2464 752 2768 807 Eusebius:
2807 772 2824 803 ι
2860 752 2996 820 Quia
3025 752 3276 809 Christus
3297 768 3419 809 cor-

1838 857 1939 912 pus
1979 852 2313 911 assumptum
2346 842 2622 897 ablaturus
2661 853 2779 899 erat
2815 860 2878 899 ex
2908 845 3083 911 oculis
3118 848 3338 910 nostris.
3368 854 3426 902 et

1840 932 2107 986 sideribus
2148 928 2847 1005 illaturus;necessarium
2891 943 3012 993 erat
3050 944 3109 989 ut
3152 936 3309 991 nobis
3364 936 3421 991 in

1841 1023 1942 1077 hac
1969 1025 2057 1077 die
2102 1032 2505 1086 sacramentum
2538 1026 2782 1094 corporis
2828 1036 2881 1080 ct
2912 1028 3191 1097 sanguinis
3229 1043 3424 1084 conse-

1841 1123 2045 1179 Craret,
2092 1121 2161 1179 ut
2198 1113 2470 1167 coleretur
2505 1112 2709 1183 jugiter
2760 1131 2857 1185 per
2898 1118 3240 1188 mysterium,
3282 1118 3427 1187 quod

1841 1205 2008 1260 semel
2032 1204 2361 1260 offerebatur
2390 1207 2443 1259 in
2463 1206 2695 1275 pretium
2721 1224 2735 1273 ;
2772 1216 2849 1271 ut,
2880 1209 3006 1277 quia
3034 1210 3348 1279 quotidiana
3372 1217 3427 1265 et

1841 1298 2110 1352 indefessa
2153 1298 2406 1352 currebat
2441 1314 2538 1367 pro
2586 1299 2865 1353 hominum
2900 1300 3074 1355 salute
3099 1301 3422 1374 redemptio,

1842 1399 2104 1459 perpetuo
2133 1388 2296 1443 etiam
2346 1398 2492 1443 esset
2542 1391 2930 1461 redemptionis
2975 1391 3199 1458 oblatio,
3238 1401 3292 1447 et
3330 1407 3427 1463 pe-

1844 1480 2030 1534 rennis
2067 1479 2156 1533 illa
2204 1479 2422 1533 victima
2470 1480 2674 1535 viveret
2711 1482 2761 1535 iu
2801 1482 3084 1548 memoria,
3118 1491 3172 1537 et
3213 1498 3427 1553 semper
3491 1477 3498 1486 ’

1842 1587 2081 1643 praisens
2129 1580 2274 1627 esset
2328 1572 2381 1625 in
2429 1573 2623 1643 gratia.
2654 1572 2821 1636 .Vere
2870 1576 3032 1630 unica
3080 1583 3135 1631 et
3186 1557 3429 1646 perlecta

1846 1663 2044 1727 hostia,
2082 1664 2187 1719 ﬁde
2230 1665 2568 1732 aestimanda,
2607 1681 2711 1720 non
2745 1668 2925 1735 specie
2950 1683 3104 1723 :rncc
3143 1668 3429 1727 exterioris

1848 1756 2084 1813 hominis
2115 1758 2384 1812 censenda
2415 1759 2558 1823 visu,
2590 1760 2683 1813 sed
2719 1759 2996 1813 interioris
3024 1757 3238 1817 aﬂ‘ectu.
3276 1756 3431 1813 Unde

180 1832 355 1913 placeat
405 1833 617 1902 gratius
664 1841 721 1887 et
761 1833 1053 1903 jucundius
1121 1850 1284 1904 quam
1332 1836 1475 1904 quod
1524 1836 1592 1892 de
1637 1837 1737 1893 hoc

1843 1848 2038 1902 merito
2063 1848 2298 1903 emlestis
2324 1849 2615 1903 conﬁrmat
2644 1851 2940 1905 auctoritas
2960 1851 3084 1919 quia
3106 1868 3124 1903 ‹
3151 1864 3283 1905 caro
3308 1862 3431 1905 mea

183 1922 406 1992 mysterio
433 1922 577 1977 valet
620 1924 726 1978 dici
771 1924 1083 1990 sublimius;
1118 1936 1297 1980 tamen
1340 1928 1483 1996 quod
1514 1929 1739 1985 oblocu-

182 2028 303 2083 tores
335 2018 446 2086 ejus
475 2017 792 2072 ecuntrario
816 2027 1069 2073 asserant
1116 2018 1260 2089 quod
1283 2036 1390 2074 non
1421 2021 1493 2075 sit
1521 2023 1736 2091 eadem,

184 2109 392 2164 breviter
420 2124 714 2179 ponamus.

238 2223 312 2278 Ill.
350 2223 755 2296 Hieronymus:
815 2243 833 2277 ι
872 2226 1203 2297 Dupliciter,
1256 2228 1460 2299 inquit,
1517 2229 1738 2298 sanguis

183 2316 349 2371 Christi
378 2328 431 2371 et
471 2332 606 2371 caro
638 2318 990 2389 intelligitur;
1030 2319 1115 2373 vel
1156 2320 1420 2389 spiritalis
1454 2321 1540 2375 illa
1575 2331 1739 2391 atque

185 2408 355 2471 divina,
386 2407 725 2477 deqnaipse
756 2409 919 2464 dicit:
940 2427 958 2460 ι
981 2409 1123 2465 Caro
1148 2426 1264 2464 utea
1290 2426 1415 2465 vere
1445 2421 1527 2466 est
1554 2411 1727 2475 cibus,

187 2506 261 2551 «et
284 2500 495 2567 sanguis
515 2503 847 2557 meus‘verus
868 2510 954 2555 est
975 2511 1160 2569 potus;
1184 2521 1203 2553 ι
1234 2501 1313 2555 vel
1331 2516 1462 2556 caro
1476 2516 1595 2570 qua:
1619 2514 1743 2555 cru.-

185 2589 311 2651 cilixa
334 2599 432 2648 est,
460 2598 513 2642 et
542 2590 771 2659 sanguis
824 2589 915 2658 qui
944 2590 1131 2644 militis
1156 2589 1359 2645 eﬁ‘nsns
1386 2600 1471 2645 est
1490 2590 1734 2645 lancea.»

185 2678 474 2749 Augusunus
519 2692 710 2737 autem
756 2684 1002 2739 scribens
1058 2698 1265 2753 corpus
1314 2684 1515 2741 Christi
1568 2684 1740 2754 triplie

185 2770 294 2824 citer
321 2772 438 2833 dici,
472 2773 524 2827 id
561 2783 649 2828 est
692 2773 1011 2839 Ecelesiam,
1051 2776 1141 2844 qui
1171 2774 1374 2831 Christi
1417 2790 1614 2845 corpus
1643 2790 1740 2829 su-

1847 1956 1865 1989 c
1894 1953 2020 1993 vere
2045 1946 2122 1993 est
2154 1936 2329 2003 cibus,
2357 1947 2411 1993 et
2448 1940 2670 2010 sanguis
2702 1953 2854 1994 meus
2890 1954 3016 1994 vere
3064 1948 3149 1994 est
3190 1948 3371 2009 potus.
3404 1956 3424 1990 ι

1842 2028 2081 2084 Recedat
2121 2046 2251 2099 ergo
2296 2046 2456 2086 omne
2494 2030 2831 2086 inﬁdelitatis
2860 2030 3210 2102 ambiguum:
3249 2046 3428 2100 quan-

1840 2120 2131 2191 doquidem
2161 2122 2253 2190 qui
2290 2131 2481 2181 auctor
2509 2130 2591 2176 est
2632 2121 2895 2188 muneris,
2928 2121 3043 2192 ipse
3080 2121 3245 2177 etiam
3276 2120 3429 2176 testis

1840 2224 1927 2276 est
1954 2215 2220 2271 veritatis.
2252 2234 2271 2267 ι

1910 2306 1999 2363 1V.
2041 2308 2363 2365 Poteramus
2389 2317 2444 2366 et
2474 2309 2725 2375 aliorum,
2755 2316 2866 2364 tam
2891 2308 3240 2377 antiquorum
3267 2320 3429 2377 quam

1840 2407 1896 2455 et
1938 2402 2342 2469 modernornm,
2387 2402 2482 2458 sed
2521 2411 2578 2458 et
2622 2403 2791 2473 ipsius
2834 2400 3111 2457 Ambrosii
3158 2400 3299 2455 dicta
3344 2398 3431 2453 bis

1841 2500 2205 2546 consentanea
2236 2509 2461 2563 ponere,
2496 2494 2599 2548 nisi
2633 2505 2952 2563 putaremus
2982 2493 3097 2547 haec
3126 2506 3286 2563 posse
3313 2489 3432 2545 sul-

1842 2578 2027 2643 ﬁcere,
2062 2580 2311 2635 videlicet
2341 2583 2453 2636 hzee
2494 2583 2597 2637 dici
2639 2583 2891 2654 ﬁgurate,
2936 2590 2991 2637 et
3019 2590 3200 2637 tamen
3233 2596 3431 2650 corpus

1838 2671 2038 2727 Christi
2068 2688 2186 2727 esse
2219 2674 2272 2727 iu
2305 2676 2555 2729 veritate.
2601 2675 2708 2729 Sed
2755 2676 2868 2729 lucc
2901 2690 3007 2729 non
3066 2674 3431 2742 intelligentes

1839 2779 1941 2819 nec
1963 2765 2028 2817 ad
2056 2764 2323 2834 liquidum
2348 2766 2657 2822 discernere
2684 2767 2943 2829 valentes,
2974 2767 3069 2822 sed
3099 2767 3282 2836 potius
3309 2781 3426 2832 ma;

184 2875 299 2927 mus,
324 2873 374 2919 et
399 2864 530 2919 illud
570 2866 877 2937 mysticum,
908 2866 1052 2934 quod
1075 2881 1143 2921 ex
1172 2867 1472 2921 substantia
1507 2866 1661 2934 panis
1685 2874 1741 2920 et
1832 2855 2008 2926 iorem
2026 2860 2203 2913 minus
2230 2861 2521 2929 Capacibus
2542 2875 2785 2915 errorem
2813 2860 3186 2924 imminentes.
3216 2874 3326 2914 ιιοιι
3348 2866 3434 2912 ιιι-

186 2951 271 3004 viui
295 2969 382 3021 per
411 2952 688 3024 Spiritum
730 2966 976 3011 sanctum
1021 2966 1392 3020 consecratur,
1430 2944 1752 3021 subintulit?
1841 2952 2124 3007 tendentes
2170 2952 2312 3021 quod
2337 2968 2500 3022 supra
2521 2953 2658 3007 dixit
2686 2952 2920 3006 llilarius
2948 2971 2963 3006 :
2993 2971 3012 3003 ‹
3044 2950 3161 3005 Νοη
3195 2950 3431 3005 humano

184 3042 373 3103 dicens:
409 3066 426 3096 ι
454 3046 735 3101 Caeterum
765 3047 892 3101 illud
918 3062 1136 3117 corpus,
1171 3048 1314 3117 quod
1340 3058 1526 3100 natum
1554 3054 1640 3102 est
1671 3062 1737 3105 ex

186 3128 320 3186 Maria
344 3135 582 3207 virgine,
614 3135 665 3189 in
699 3152 806 3206 quo
834 3136 961 3190 illud
987 3152 1184 3206 corpus
1209 3135 1559 3200 transfertur,
1588 3136 1733 3207 quod

191 3227 408 3293 pependit
435 3229 489 3280 in
520 3242 714 3288 cruce,
743 3227 1009 3297 sepultum
1035 3238 1120 3283 est
1150 3228 1202 3282 in
1243 3228 1515 3297 sepulcro,
1559 3244 1739 3282 resnrv

188 3317 299 3368 rexit
319 3332 345 3369 a
376 3319 636 3383 mortuis,
666 3323 965 3386 penetravit
994 3321 1182 3385 caelos,
1214 3330 1268 3376 et
1299 3320 1540 3392 pontifex
1566 3321 1739 3381 factus

188 3406 230 3461 in
246 3419 507 3475 aeternum,
531 3413 783 3480 quotidie
804 3414 1108 3484 interpellat
1130 3429 1230 3483 pro
1252 3414 1428 3469 nobis.
1453 3415 1532 3469 Ad
1552 3429 1735 3483 quem,

187 3496 222 3554 si
247 3509 376 3555 recte
412 3504 911 3569 communicaturus,
954 3513 1193 3567 mentem
1232 3504 1546 3575 dirigimtts;
1585 3514 1644 3559 ut
1671 3519 1739 3559 ex

188 3591 299 3659 ipso,
319 3605 369 3647 et
392 3596 458 3649 ab
499 3596 649 3667 ipso,
694 3613 795 3653 nos
818 3612 1012 3667 corpus
1055 3598 1194 3666 ejus,
1232 3614 1448 3654 carnem
1480 3597 1614 3666 ejus,
1647 3598 1739 3654 ille

188 3694 402 3748 manente
427 3686 670 3755 integro,
696 3703 953 3749 sumanns
982 3707 995 3742 :
1030 3704 1151 3758 quze
1181 3689 1437 3745 nimirum
1471 3690 1583 3759 ipsa
1611 3704 1739 3745 caro

188 3783 270 3837 cst,
297 3784 344 3828 et
385 3774 598 3831 fructus
653 3779 823 3848 ipsius
855 3779 1055 3841 carnis,
1099 3789 1157 3833 ttt
1196 3779 1337 3834 idem
1382 3795 1596 3851 semper
1628 3795 1741 3834 ma-

190 3872 308 3925 neat,
345 3876 396 3919 et
432 3867 720 3924 universos
789 3869 880 3937 qui
930 3879 1057 3924 sunt
1088 3870 1140 3924 in
1177 3885 1407 3940 corpore
1469 3882 1678 3940 pascat.
1714 3891 1732 3923 ι

188 3950 509 4026 Fulgentius:
548 3980 567 4012 ι
606 3962 941 4016 Firmissime
975 3974 1118 4028 tene,
1165 3974 1213 4018 et
1248 3962 1560 4018 nullatenus
1587 3964 1740 4018 dubi-

189 4055 270 4111 tes,
286 4050 446 4119 ipsum
466 4054 814 4125 unigenitum
835 4055 999 4110 Deum
1021 4053 1254 4110 Verbum
1277 4071 1494 4111 carnem
1514 4054 1736 4123 factum,

188 4150 234 4190 se
269 4154 356 4208 pro
390 4144 547 4200 nobis
590 4147 855 4201 obtulisse
884 4148 1219 4206 sacriﬁcium
1279 4158 1334 4204 et
1365 4151 1595 4203 hostiam
1633 4151 1740 4207 Deo

189 4226 234 4287 ia
265 4232 473 4288 odorem
525 4237 863 4295 suavitatis:
911 4239 999 4296 cui
1048 4255 1171 4293 cum
1229 4238 1393 4297 Patre
1434 4250 1489 4295 et
1532 4240 1737 4309 Spiritu

190 4330 351 4383 saneto
392 4339 423 4377 a
462 4326 814 4393 patriarchis,
864 4344 892 4381 a
936 4329 1227 4398 prophetis
1261 4339 1317 4383 et
1364 4330 1740 4385 sacerdotibus

191 4420 400 4482 tempore
429 4415 650 4473 Veteris
682 4418 1010 4474 Testamenti
1059 4421 1313 4475 animalia
1354 4421 1738 4476 sacriﬁcaban-

190 4513 292 4556 tur:
318 4516 368 4559 et
399 4507 485 4561 cui
518 4524 686 4572 nunc,
726 4510 776 4563 id
808 4519 913 4573 est,
950 4520 1189 4581 tempore
1216 4510 1349 4572 Novi
1380 4512 1734 4578 Testamenti,

187 4608 287 4647 cum
315 4595 471 4654 Patre
501 4610 560 4655 et
586 4599 789 4670 Spiritu
817 4612 1027 4668 sancto,
1051 4618 1173 4656 cmn
1199 4604 1394 4672 quibus
1422 4604 1495 4658 illi
1521 4615 1605 4658 est
1630 4619 1737 4658 una

189 4685 435 4757 divinitas,
478 4692 808 4747 sacriﬁcium
848 4695 1002 4763 panis
1042 4702 1097 4748 et
1124 4695 1230 4747 viui
1265 4694 1316 4748 in
1351 4696 1453 4749 lide
1478 4704 1532 4751 et
1555 4694 1737 4750 chari-

190 4788 278 4833 tate
299 4795 483 4839 sancta
515 4786 755 4840 Ecclesia
786 4788 1054 4842 catholica
1090 4803 1186 4857 per
1210 4788 1523 4843 universum
1551 4789 1737 4843 orbem

194 4876 325 4926 Iertae
360 4874 558 4930 oﬁ'erre
601 4893 707 4934 non
752 4888 946 4933 cessat.
990 4879 1044 4932 In
1088 4879 1191 4932 illis
1233 4878 1378 4932 enim
1428 4879 1739 4934 carnalibus

193 4962 396 5021 victimis
438 4968 766 5037 signiﬁcatio
807 4971 908 5025 fuit
957 4972 1137 5026 carnis
1177 4971 1401 5036 Christi,
1432 4988 1594 5042 quam
1641 4987 1739 5042 pro

193 5057 399 5119 peccatis
441 5061 648 5115 nostris
682 5062 794 5130 ipse
823 5062 939 5116 sine
966 5071 1191 5132 peccato
1220 5063 1400 5117 fuerat
1432 5063 1735 5129 oblaturus,

192 5151 238 5197 et
276 5151 500 5219 sanguis,
558 5166 718 5221 quem
774 5161 890 5206 erat
941 5152 1210 5209 eﬁ‘usurus
1259 5154 1311 5208 in
1362 5154 1737 5209 remissionem

1468 5242 1492 5254 Λ

1839 3052 1923 3098 est
1965 3052 2058 3097 aut
2080 3043 2262 3098 saeculi
2284 3058 2444 3099 sensu
2468 3046 2520 3099 in
2544 3044 2637 3099 Dei
2672 3044 2831 3099 rebus
2854 3044 3203 3113 loquendum,
3234 3062 3251 3094 ι
3271 3057 3435 3111 argu-

1841 3142 2181 3192 mentantur:
2215 3142 2307 3187 aut
2336 3135 2559 3190 omnino
2585 3135 2896 3206 ﬁguratum,
2924 3144 2978 3189 et
3017 3132 3430 3189 nihilveritatis

1845 3227 1896 3280 in
1942 3227 2044 3281 hoc
2088 3227 2347 3298 mysterio
2385 3236 2675 3293 constare;
2717 3236 2811 3281 aut
2856 3226 2901 3281 si
2940 3227 3144 3281 veritas
3188 3225 3281 3290 sit,
3315 3222 3432 3293 jam

1843 3318 2071 3387 ﬁguram
2102 3333 2209 3374 non
2258 3333 2397 3374 esse.
2429 3320 2533 3373 Sed
2578 3318 2901 3374 Paschasius
2946 3318 3250 3373 Radbertus
3288 3317 3433 3372 sicut

1840 3419 1897 3466 et
1922 3411 2027 3466 alia
2074 3413 2244 3467 multa
2277 3414 2329 3467 in
2363 3414 2555 3469 eodem
2598 3413 2736 3469 libro
2774 3414 2914 3468 ultra
2949 3393 3242 3477 humanam
3287 3412 3433 3468 msth

1841 3504 2134 3559 mationem
2182 3506 2389 3561 utiliter
2436 3515 2670 3573 tractat;
2718 3506 2792 3562 ita
2833 3517 2889 3562 et
2938 3508 3063 3561 huic
3108 3506 3431 3577 sophismatl

1841 3597 2059 3654 fortiter
2081 3599 2278 3662 obviat,
2312 3601 2538 3655 dicens:
2576 3620 2593 3653 ς
2627 3600 2882 3673 Figuram
2926 3616 3032 3655 non
3064 3616 3280 3671 semper
3305 3615 3429 3654 um-

1840 3687 1994 3743 bram
2032 3704 2178 3754 esse,
2209 3688 2405 3757 etjure
2450 3691 2611 3745 simul
2643 3692 2747 3746 hoc
2780 3693 3098 3763 mysterium
3151 3699 3208 3745 et
3251 3691 3427 3761 ﬁgura

1840 3788 1895 3835 et
1919 3781 2146 3841 veritate
2170 3783 2273 3835 dici
2307 3797 2485 3850 posse.
2510 3802 2529 3834 ι
2556 3782 2708 3849 Quod
2738 3783 2783 3837 si
2808 3785 2929 3853 quis
2955 3782 3164 3853 plenius
3192 3781 3429 3838 voluerit

1841 3874 2003 3937 scire,
2028 3874 2094 3928 de
2118 3873 2235 3942 ejus
2258 3874 2547 3938 volumine,
2572 3875 2728 3944 plena
2758 3876 2949 3930 fultum
2978 3875 3303 3930 auctoritate
3327 3890 3427 3945 po-

1841 3963 1970 4017 terit
2008 3971 2274 4018 mutuare.
2316 3962 2425 4018 Nos
2474 3974 2655 4019 autem
2698 3982 2802 4019 non
2852 3963 2962 4019 alta
2998 3967 3289 4035 sapientes,
3336 3965 3430 4018 sed

1841 4052 2126 4106 humilibus
2171 4056 2547 4108 consentientes
2590 4054 2769 4121 (Rom.
2812 4070 2909 4118 xu,
2954 4055 3067 4122 16),
3103 4053 3430 4123 simpliciter

1841 4138 2109 4194 fateamur
2143 4143 2268 4210 quia
2320 4142 2492 4213 ﬁgura
2524 4154 2628 4207 est,
2655 4144 2781 4198 dum
2810 4143 2965 4212 panis
2984 4153 3036 4197 et
3059 4143 3244 4197 vinum
3269 4150 3425 4197 extra

1840 4231 2087 4298 videtur;
2145 4233 2351 4287 veritas
2399 4242 2603 4296 autem.
2658 4234 2783 4288 dum
2839 4249 3038 4304 corpus
3094 4242 3151 4288 et
3200 4234 3427 4302 sanguis

1840 4323 2040 4379 Cltrisli
2083 4324 2135 4378 iu
2159 4326 2392 4379 veritate
2421 4324 2649 4380 interius
2674 4325 2937 4381 creditur.
2981 4325 3044 4379 Et
3076 4326 3432 4394 quemadmor-

1841 4414 1969 4469 dum
2005 4414 2225 4485 quidam
2257 4416 2477 4486 sapiens
2512 4418 2775 4471 moderno
2808 4424 3049 4486 tempore
3076 4416 3253 4471 dixit:
3286 4434 3306 4468 ι
3340 4416 3428 4470 Si-

1842 4514 1934 4561 cut
1958 4506 2141 4561 omnia
2169 4506 2220 4560 in
2245 4505 2464 4562 Christo
2496 4522 2622 4562 vera
2647 4506 2940 4571 credimus,
2966 4521 3149 4560 veram
3175 4505 3439 4559 videlicet.

1770 4564 1815 4623 θ
1844 4596 2180 4651 divinitatem
2212 4606 2268 4650 et
2297 4611 2479 4651 veram
2522 4580 2937 4661 humanitatem,
2968 4610 3153 4650 verum
3185 4593 3425 4649 Verbum

1842 4696 1898 4743 et
1931 4703 2112 4743 veram
2142 4703 2386 4753 carnem,
2415 4703 2604 4743 verum
2635 4688 2800 4742 Deum
2828 4698 2884 4743 et
2904 4704 3091 4744 verum
3116 4687 3425 4743 hominem:

1841 4779 1917 4841 ita
1947 4779 2000 4834 in
2025 4780 2285 4851 mysterio
2306 4780 2556 4849 corporis
2585 4788 2638 4835 et
2668 4780 2948 4850 sanguinis
2973 4778 3111 4849 ejus,
3144 4780 3287 4848 quod
3314 4779 3423 4835 vir-

1842 4883 1960 4930 tute
2014 4876 2256 4930 ccelestis
2302 4874 2701 4930 benedictionis
2741 4883 2796 4928 et
2844 4873 3003 4928 Verbi
3049 4871 3216 4928 divini
3261 4872 3316 4925 in
3376 4872 3431 4926 id

1846 4969 1990 5039 quod
2033 4984 2139 5023 non
2172 4977 2293 5022 erat
2329 4976 2702 5029 consecratur,
2739 4966 2871 5021 nihil
2916 4966 3128 5023 falsum.
3166 4963 3299 5019 nihil
3331 4963 3431 5018 l‘ri.

1844 5059 2052 5125 volum,
2094 5060 2227 5114 nihil
2257 5059 2482 5113 inﬁdum
2527 5058 2848 5115 sentiamus.
2883 5077 2901 5110 ι
2949 5057 3053 5112 Sed
3079 5055 3210 5125 quid
3238 5054 3305 5107 ad
3333 5068 3433 5109 not-

1847 5160 2016 5204 stram
2051 5149 2394 5204 tantilitatem
2428 5151 2499 5205 de
2542 5158 2841 5207 tantorum,
2872 5160 3103 5216 quorum
3148 5144 3429 5214 pradibata
