3986 5444
535 366 639 428 183

533 579 671 635 teris
699 577 826 634 libri
866 579 1110 651 indigent
1136 580 1447 651 expositore
1488 579 1646 652 (quia
1674 580 1857 636 nullus
1885 578 2112 637 Latinus

534 670 610 725 ita
656 669 875 728 Gnaeos
919 679 1137 727 secutus
1180 670 1396 726 videtur
1437 670 1594 742 esse)
1635 671 1834 742 ipsius,
1868 671 2109 744 inquam,

534 760 839 815 auctoritas
864 759 1098 830 palmam
1124 759 1286 831 digna
1314 759 1388 816 sit
1412 760 1681 816 obtinere.

609 853 671 909 V.
710 851 944 925 Cyrillus
971 870 985 907 :
1017 871 1037 905 ι
1069 850 1388 908 Necessarie
1411 852 1577 925 igitur
1596 863 1650 909 et
1673 854 1779 910 hoc
1806 851 2110 921 adjicimus,

534 941 948 1006 nnnuntiantes,
983 943 1279 998 secundum
1319 958 1539 1000 carnem
1572 953 1804 1001 mortem
1848 944 2112 1015 unigeniti

532 1030 654 1085 Filii
682 1031 802 1095 Dei,
827 1031 881 1086 id
902 1040 985 1086 est
1004 1028 1130 1088 Jesu
1155 1032 1380 1098 Christi.
1408 1041 1461 1089 et
1490 1034 1943 1101 resurrectionem
1972 1033 2110 1101 ejus,

530 1128 589 1175 et
633 1121 686 1175 in
734 1121 902 1177 caelos
954 1122 1327 1179 ascensionem
1379 1124 1586 1195 pariter
1640 1125 1988 1197 conﬁtentes,
2033 1124 2116 1177 in-

531 1218 814 1265 eruentam
842 1211 1182 1267 celebramus
1217 1212 1269 1267 in
1303 1212 1565 1268 Ecclesiis
1597 1213 1854 1269 sacrificii
1884 1213 2117 1268 servitu-

533 1309 665 1357 tem.
707 1299 799 1356 Sic
841 1302 1005 1356 etiam
1051 1302 1120 1356 ad
1159 1302 1419 1373 mysticas
1460 1302 1868 1358 benedictiones
1911 1302 2118 1377 accedi-

530 1406 675 1457 mus,
719 1402 775 1447 et
819 1392 1222 1448 sanetilicamur
1259 1395 1551 1464 participes
1593 1395 1734 1450 sacri
1782 1396 2027 1467 corporis
2062 1401 2117 1449 et

534 1484 814 1553 sanguinis
855 1485 1080 1554 pretiosi
1116 1485 1342 1550 Christi,
1387 1486 1628 1543 omnium
1673 1496 1984 1542 nostrorum
2032 1500 2117 1541 τε·

533 1576 865 1646 demptionis
893 1576 1111 1633 etl'ecti:
1145 1593 1251 1632 non
1293 1592 1632 1632 communem
1680 1593 1901 1633 carnem
1940 1578 2117 1653 pereie

532 1669 748 1738 pientes
778 1670 941 1738 (quod
967 1669 1162 1743 absit!)
1187 1685 1286 1724 nec
1312 1681 1369 1723 ut
1393 1670 1492 1725 viri
1516 1670 1840 1724 sanetiticati
1864 1680 1919 1724 ct
1938 1669 2116 1725 Verbo

528 1757 818 1826 'eonjuneti
861 1760 1157 1814 secundum
1198 1760 1476 1831 dignitatis
1522 1759 1804 1826 unitatem,
1847 1768 1939 1815 aut
1978 1760 2115 1814 sicut

1188 374 1546 436 smvrzsrm
1582 356 1627 433 ιι
1662 377 1866 434 para:
1902 378 2055 437 ore.
2095 346 2365 437 eans'n.
2406 409 2477 422 -
2514 376 2602 433 DE
2638 372 2866 430 assus
2891 369 3170 430 access.

534 489 789 559 depereat
821 485 1029 545 fructus
1055 502 1071 543 :
1101 495 1157 546 et
1183 486 1327 544 beati
1358 487 1654 559 Ambrosii,
1681 491 1835 561 cujus
1862 506 1974 560 prae
2004 506 2106 546 ωε·
2141 518 2188 577 Α

3678 359 3783 417 18ι

2218 498 2413 561 gerunt
2441 487 2672 551 unitam,
2704 486 2997 554 interrogo,
3030 489 3283 536 utrumne
3325 491 3426 547 per
3464 484 3676 533 natura:
3707 493 3796 554 ve:

2214 581 2431 637 ritatem
2467 577 2626 634 hodie
2656 575 2906 631 Christus
2932 574 2985 629 in
3011 571 3167 629 nobis
3192 571 3283 635 sit,
3320 585 3389 625 an
3436 585 3537 641 per
3564 583 3797 624 concor-

2214 672 2358 727 diam
2386 668 2717 726 voluntatis?
2743 666 2802 722 Si
2831 666 2975 722 enim
3004 650 3132 719 vere
3154 650 3390 718 Verbum
3422 652 3553 717 caro
3585 648 3798 741 factum

2213 771 2316 829 est,
2345 770 2399 817 et
2424 755 2549 817 vere
2572 776 2669 816 nos
2689 758 2925 814 Verbum
2957 771 3180 813 carnem
3207 755 3409 810 factum
3440 755 3562 829 cibo
3608 753 3800 835 Domi-

2212 856 2335 910 nieo
2365 853 2632 917 sumiuus,
2673 850 2943 921 quomodo
2973 863 3079 903 non
3124 845 3445 902 naturaliter
3482 832 3710 901 manere
3738 832 3801 900 in

2213 946 2373 1001 nobis
2395 943 2785 999 existimandus
2808 950 2913 1007 est,
2941 939 3031 1010 qui
3060 948 3113 995 et
3130 946 3380 992 naturam
3404 937 3583 992 carnis
3600 944 3805 991 nostrae

2208 1032 2320 1106 jam
2359 1032 2772 1105 inseparabilem
2821 1032 2945 1096 sibi,
2978 1031 3142 1086 homo
3169 1040 3329 1087 natus
3363 1028 3699 1099 assumpsit,
3750 1037 3807 1082 et

2214 1138 2461 1183 naturam
2493 1126 2676 1182 carnis
2697 1140 2808 1180 sua:
2834 1123 2902 1178 ad
2932 1132 3180 1177 naturam
3207 1121 3528 1177 (eternitatis
3557 1120 3662 1175 sub
3708 1134 3803 1173 sa-

2215 1228 2497 1276 cramento
2536 1218 2693 1272 nobis
2738 1213 3203 1272 communicanda:
3247 1213 3427 1268 carnis
3476 1208 3808 1267 admiscuit?

2212 1310 2290 1365 Ita
2314 1311 2456 1365 enim
2490 1309 2542 1362 in
2575 1309 2684 1362 Deo
2715 1320 2904 1361 omnes
2932 1319 3117 1358 sumus
3156 1314 3169 1357 ‘:
3200 1304 3326 1374 quia
3376 1311 3430 1357 et
3474 1301 3529 1355 in
3577 1292 3805 1363 Christe

2213 1402 2378 1458 Pater
2420 1409 2522 1466 est,
2554 1408 2609 1453 et
2637 1398 2886 1453 Christus
2924 1394 2978 1450 in
3036 1389 3191 1449 nobis
3233 1403 3336 1449 est.
3370 1391 3629 1462 Quisquis
3675 1405 3807 1461 ergo

2216 1491 2534 1548 naturaliter
2561 1490 2777 1546 Patrem
2806 1489 2861 1542 in
2888 1486 3105 1541 Christo
3130 1486 3365 1556 negabit,
3408 1492 3569 1555 neget
3622 1484 3804 1553 prius,

2217 1600 2323 1638 non
2348 1572 2669 1637 naturaliter
2691 1579 2772 1633 vel
2804 1594 2862 1633 se
2891 1577 2944 1633 in
2974 1576 3210 1640 Christo,
3243 1574 3328 1629 vel
3374 1574 3475 1630 sibi
3524 1564 3812 1628 Christum

2216 1689 2325 1728 non
2361 1688 2516 1738 esse;
2548 1672 2672 1740 quia
2702 1670 2756 1724 in
2783 1668 3000 1723 Christo
3027 1666 3210 1732 Pater,
3238 1676 3293 1720 et
3319 1664 3569 1720 Christus
3597 1664 3655 1717 in
3710 1678 3811 1717 no-

2218 1763 2320 1828 bis,
2345 1777 2510 1816 unum
2539 1762 2591 1815 in
2613 1760 2700 1817 his
2727 1773 2849 1814 esse
2875 1772 2975 1813 nos
3003 1756 3228 1831 faciunt.
3258 1754 3314 1810 Si
3338 1769 3464 1809 vere
3491 1754 3660 1825 igitur
3688 1768 3815 1808 car—

532 1851 773 1906 divinam
810 1853 1139 1922 possidentis
1178 1853 1597 1921 habitationem;
1637 1853 1731 1908 sed
1766 1868 1895 1907 vere
1941 1851 2116 1907 viviﬁ-
2145 1870 2190 1929 Β
2221 1872 2344 1910 nem
2392 1854 2638 1925 corporis
2690 1852 2859 1907 nostri
2897 1850 3148 1907 Christus
3200 1846 3533 1917 assumpsit.
3581 1853 3640 1900 et
3685 1858 3815 1899 vere

534 1942 817 2009 eatricem,
866 1951 921 1997 et
969 1941 1137 2012 ipsius
1180 1940 1345 1998 Verbi
1390 1943 1662 2013 propriam
1717 1942 1940 1998 factam.
1988 1943 2113 1997 Vita

532 2032 679 2087 enim
710 2032 1030 2087 naturaliter
1080 2041 1139 2087 ιιι
1187 2033 1329 2089 Deus
1375 2033 1649 2099 existens,
1699 2034 1827 2102 quia
1884 2034 2116 2103 propriae

530 2124 687 2176 carni
736 2123 1022 2193 adjunctus
1066 2131 1173 2189 est,
1221 2124 1632 2179 viviticatrieem
1674 2138 1795 2178 eam
1832 2137 1954 2178 esse
1993 2137 2118 2194 pro-

541 2216 720 2270 fessus
742 2222 847 2268 est.
881 2213 948 2269 Et
969 2213 1110 2278 ideo,
1145 2216 1396 2282 quamvis
1415 2212 1560 2267 dicat
1582 2214 1649 2268 ad
1692 2229 1834 2269 nos:
1873 2231 1892 2264 ι
1922 2213 2113 2278 Amen,

543 2324 561 2358 ι
593 2323 752 2362 amen
791 2307 912 2362 dico
937 2305 1111 2372 vobis,
1132 2304 1237 2362 nisi
1262 2304 1721 2361 manducaveritis
1745 2319 1965 2359 carnem
1996 2302 2118 2357 Filii

544 2418 563 2449 ι
597 2397 855 2463 hominis,
876 2406 930 2452 et
952 2396 1199 2452 biberitis
1218 2394 1334 2464 ejus
1359 2387 1698 2468 sanguinem,
1733 2414 1753 2448 ι
1789 2411 1894 2451 non
1935 2403 2115 2448 tamen

532 2504 658 2543 eam
698 2497 760 2543 ut
790 2489 1028 2544 hominis
1059 2488 1220 2563 unius
1248 2502 1315 2542 ex
1354 2487 1509 2542 nobis
1547 2487 1821 2542 aestimare
1860 2487 2120 2542 debemus

530 2580 832 2652 (quomodo
853 2578 1007 2648 juxta
1035 2588 1281 2634 naturam
1313 2595 1466 2634 suam
1493 2577 1814 2633 vivitieatrix
1845 2592 1966 2631 esse
1990 2590 2120 2630 caro

541 2672 776 2729 hominis
803 2673 1083 2745 poterit?),
1108 2672 1202 2729 sed
1218 2681 1278 2731 ut
1303 2686 1430 2727 vere
1450 2670 1729 2743 propriam
1754 2666 1871 2737 ejus
1899 2668 2117 2737 factam,

536 2766 628 2834 qui
654 2774 877 2836 propter
905 2780 1005 2821 nos
1034 2765 1201 2849 Filius
1240 2756 1481 2819 hominis
1518 2772 1603 2817 est
1637 2762 1831 2827 factus,
1874 2770 1929 2815 et
1961 2763 2122 2817 voca;

541 2867 648 2912 tus.
678 2876 697 2910 ι
747 2856 938 2929 Magna
968 2857 1265 2913 auctoritas
1308 2856 1443 2910 tanti
1481 2855 1616 2915 viri,
1650 2868 1755 2923 qua
1799 2860 1855 2907 et
1897 2867 2119 2907 carnem

528 2950 740 3006 Christi
770 2966 898 3006 vere
919 2951 1329 3007 vivilicatricem
1358 2964 1479 3005 esse
1499 2948 1655 3011 dixit,
1685 2956 1742 3003 et
1768 2946 1935 3017 ipsius
1956 2944 2120 3002 Verbi

538 3041 816 3111 propriam
867 3036 1087 3109 factam,
1143 3031 1414 3097 et'vitam
1465 3048 1525 3094 ut
1580 3040 1748 3094 Deum
1801 3024 2123 3092 naturaliter

539 3129 885 3184 existentem.
920 3129 1091 3198 Hujus
1128 3132 1310 3200 itaque
1341 3130 1475 3183 tanti
1521 3130 1624 3183 viri
1653 3128 1977 3183 auctoritate
2015 3126 2122 3181 sol-

2219 1949 2380 2005 homo
2405 1948 2512 2014 ille,
2544 1949 2635 2018 qui
2658 1962 2724 2003 ex
2752 1947 2920 2002 Maria
2944 1953 3108 2001 natus
3135 1943 3254 2009 iuit,
3273 1942 3522 1999 Christus
3552 1950 3662 2005 est,
3694 1954 3815 1993 nos-

2217 2056 2320 2110 que
2343 2056 2468 2096 vere
2496 2040 2594 2095 sub
2616 2037 2873 2110 mysterio
2901 2051 3116 2092 carnem
3132 2026 3376 2103 corporis
3398 2033 3478 2088 sui
3512 2031 3809 2095 sumimus,

2218 2140 2272 2185 et
2307 2146 2403 2201 per
2432 2132 2533 2185 hoc
2559 2144 2724 2183 unum
2770 2129 2974 2182 erimus
3026 2124 3172 2195 (quia
3210 2123 3373 2201 Pater
3401 2123 3453 2178 in
3496 2136 3564 2176 eo
3615 2128 3727 2183 est,
3760 2128 3814 2172 et

2219 2200 2313 2275 ille
2356 2220 2409 2274 in
2440 2220 2636 2291 nobis),
2673 2218 2949 2289 quomodo
2974 2200 3268 2271 voluntatis
3295 2200 3474 2267 unitas
3517 2209 3810 2273 asset-itur,

2220 2330 2343 2369 cum
2373 2312 2637 2368 naturalis
2675 2327 2772 2381 per
2801 2316 3201 2366 sacramentum
3218 2305 3526 2376 proprietas
3552 2301 3816 2373 perfecta:

2220 2414 2622 2461 sacramentum
2649 2402 2719 2457 sit
2744 2400 3003 2456 unitatis?
3031 2399 3147 2469 Ipse
3174 2398 3319 2452 enim
3348 2396 3451 2450 ait:
3471 2413 3490 2447 ι
3517 2393 3663 2450 Caro
3690 2408 3812 2447 mea

2225 2516 2244 2549 ι
2277 2509 2403 2550 vere
2436 2502 2519 2550 est
2539 2507 2682 2557 esca,
2729 2501 2783 2547 et
2810 2490 3029 2559 sanguis
3051 2504 3205 2545 meus
3229 2502 3354 2543 vere
3383 2496 3466 2541 est
3490 2495 3677 2556 potus.
3709 2482 3810 2562 Qtii

2227 2609 2246 2642 ι
2276 2590 2387 2646 edit
2417 2604 2635 2646 carnem
2666 2602 2839 2642 meam
2889 2595 2945 2641 et
2982 2585 3121 2640 bibit
3157 2583 3481 2655 sanguinem
3510 2578 3809 2644 meum,‘iu

2227 2701 2245 2735 ι
2275 2698 2362 2737 me
2387 2690 2572 2738 manet
2591 2687 2645 2735 et
2671 2694 2770 2749 ego
2796 2679 2849 2733 in
2876 2691 2959 2733 eo.
2982 2695 3002 2729 ι
3039 2678 3113 2732 De
3137 2676 3366 2731 veritate
3389 2673 3573 2728 carnis
3598 2679 3657 2725 et
3686 2685 3811 2724 san-

2222 2771 2401 2841 guinis
2431 2786 2536 2826 non
2567 2778 2652 2824 est
2678 2768 2901 2823 relictus
2924 2766 3227 2836 ambigendi
3260 2764 3427 2819 locus.
3452 2761 3610 2817 Nunc
3631 2760 3811 2823 enim,

2222 2870 2277 2931 ει
2303 2860 2638 2931 professione
2662 2858 2832 2928 ipsius
2857 2856 3067 2910 Domini
3095 2864 3149 2911 et
3178 2854 3282 2910 [ide
3307 2861 3513 2917 nostra,
3530 2865 3665 2907 vere
3688 2862 3819 2906 caro

2205 2926 2322 3005 .est—
2349 2958 2403 3005 et
2428 2964 2556 3003 vere
2582 2926 2800 3018 sanguis
2822 2954 2933 3011 est;
2963 2953 3018 2999 et
3045 2944 3159 2999 haec
3181 2951 3402 3012 accepta
3426 2951 3588 3010 atque
3614 2933 3819 2994 hausta

2224 3041 2278 3101 id
2310 3041 2564 3105 eilieiunt,
2597 3048 2657 3094 ut
2700 3054 2798 3094 nos
2836 3038 2890 3092 in
2917 3036 3160 3103 Christo,
3191 3043 3246 3090 et
3274 3033 3527 3088 Christus
3566 3032 3620 3087 in
3658 3030 3820 3085 nobis

2224 3138 2312 3192 sit.
2355 3134 2630 3189 Annclme
2661 3133 2863 3189 veritas
2901 3147 3006 3187 non
3056 3129 3180 3185 est?
3218 3127 3493 3198 contingat
3532 3125 3699 3197 plane
3736 3124 3821 3179 his

538 3218 689 3273 vitur
725 3211 1035 3296 ambiguum
1077 3234 1239 3275 omne
1279 3219 1422 3290 quod
1464 3218 1660 3273 beatus
1687 3217 2007 3271 Ambrosius
2042 3216 2118 3270 di.
2151 3232 2196 3294 ρ
2228 3243 2412 3282 verum
2479 3243 2585 3281 non
2629 3241 2767 3291 esse,
2801 3225 2891 3294 qui
2934 3225 3206 3280 Christum
3237 3220 3421 3276 Jesum
3466 3234 3657 3275 verum
3700 3233 3824 3273 esse

541 3311 691 3365 misit
732 3310 786 3365 in
830 3310 1236 3378 subauditione,
1287 3301 1603 3365 naturaliter
1646 3308 1853 3365 scilicet
1902 3321 2122 3362 carnem

532 3401 765 3464 Christi,
794 3392 1189 3472 quze'sumitur
1215 3400 1281 3456 de
1324 3398 1506 3476 altari,
1542 3399 1789 3454 eamdem
1821 3396 1958 3461 fore,
2002 3411 2125 3465 quae

540 3500 672 3546 nata
730 3500 815 3547 est
862 3491 929 3555 de
992 3490 1230 3560 Virgine.
1285 3490 1626 3553 Et-idcireo,
1661 3487 1775 3543 sive
1826 3487 2124 3543 secundum

547 3572 940 3652 Hieronymum
968 3580 1277 3651 dupliciter,
1303 3580 1418 3635 sive
1441 3580 1736 3635 secundum
1763 3577 2125 3649 Augustinum

542 3670 756 3726 dicatur
790 3686 991 3741 corpus
1019 3670 1222 3727 Christi
1262 3668 1573 3741 triplieiter,
1608 3670 1904 3740 specialiter
1932 3668 2127 3722 debeat

542 3763 673 3827 diei,
701 3778 824 3817 eum
847 3763 920 3819 sit
943 3762 1260 3819 naturaliter
1280 3778 1466 3817 unum.
1499 3760 1653 3817 Unde
1674 3769 1730 3816 et
1751 3759 2085 3830 Augustinus
2108 3775 2123 3814 :

550 3874 570 3908 ι
606 3856 678 3913 Ut
707 3872 774 3913 ex
818 3856 953 3926 ipso,
992 3843 1190 3925 inquit,
1235 3864 1291 3911 et
1332 3856 1399 3911 ab
1430 3856 1550 3925 ipso
1580 3869 1698 3920 nos,
1743 3867 1942 3922 corpus
1985 3850 2125 3919 ejus,

544 3964 765 4004 carnem
815 3949 1007 4018 ipsitis,
1052 3947 1143 4002 illo
1189 3956 1443 4002 manente
1489 3947 1723 4016 integro,
1769 3958 2065 4001 sumamus.
2103 3959 2121 3994 ι

543 4040 717 4109 Quam
758 4041 897 4097 bene
934 4032 1424 4095 iactadistinctiol
1455 4038 1603 4108 quod
1641 4038 1717 4092 ita
1746 4034 2124 4092 construitur:

544 4130 616 4186 Ut
648 4148 764 4199 nos,
797 4131 995 4202 inquit,
1027 4131 1121 4201 qui
1152 4146 1340 4186 sumus
1363 4144 1563 4200 corpus
1590 4129 1817 4193 Christi,
1844 4127 1896 4183 id
1923 4135 2010 4182 est
2033 4126 2129 4181 Ec-

543 4221 733 4287 clesia,
762 4222 828 4275 ab
872 4222 1010 4292 ipso,
1051 4222 1146 4291 qui
1183 4231 1342 4277 natus
1380 4231 1465 4277 est
1503 4223 1571 4277 de
1615 4220 1828 4290 virgine
1861 4217 2030 4273 Maria
2064 4233 2128 4272 ea:

538 4318 690 4384 ipso;
715 4307 900 4380 idest,
925 4316 1145 4373 carnem
1177 4318 1314 4389 ejus,
1341 4333 1461 4388 qua:
1486 4326 1842 4375 consecratur
1865 4315 1919 4370 in
1947 4314 2125 4381 altari,

544 4410 638 4465 illo
668 4422 910 4465 manente
937 4412 1161 4482 integro,
1186 4428 1478 4465 sumamus.
1516 4411 1582 4466 Ut
1609 4420 1791 4466 autem
1813 4409 2016 4464 certius
2035 4409 2133 4463 de-

545 4498 877 4557 monstraret
930 4501 1072 4557 idem
1123 4503 1316 4557 beatus
1360 4501 1597 4574 Cyrillus
1668 4503 1810 4556 hanc
1857 4484 2125 4570 triplicem

2228 3320 2394 3374 Deum
2425 3318 2711 3387 denegauit.
2744 3319 2836 3373 Est
2865 3333 2993 3387 ergo
3018 3316 3069 3370 in
3102 3315 3260 3370 nobis
3289 3315 3404 3384 ipse
3444 3327 3543 3384 per
3569 3325 3820 3389 carnem,

2227 3422 2282 3469 et
2320 3410 2502 3467 sumus
2533 3414 2585 3468 in
2610 3428 2710 3478 eo,
2744 3399 2868 3466 dum
2902 3401 3083 3466 secum
3119 3409 3242 3474 hoc,
3284 3409 3426 3479 quod
3465 3421 3568 3461 nos
3597 3408 3822 3467 sumus,

2228 3502 2282 3558 in
2313 3503 2546 3574 Deo_est.
2584 3523 2603 3556 ι
2652 3503 2784 3557 ltem
2844 3510 2965 3572 post
3014 3516 3189 3570 pauca
3231 3517 3243 3553 :
3284 3517 3302 3550 ι
3358 3499 3485 3553 llaec
3521 3511 3654 3571 ergo
3699 3495 3825 3549 vita?

2226 3606 2425 3651 nostra:
2460 3612 2621 3651 eausa
2650 3604 2751 3661 est,
2788 3595 2929 3665 quod
2978 3594 3032 3648 in
3059 3593 3218 3648 nobis
3243 3591 3550 3647 carnalibus
3574 3605 3672 3659 per
3707 3603 3826 3642 ear-

2230 3705 2352 3745 nem
2391 3690 2663 3744 Christum
2698 3696 3005 3741 manentem
3050 3684 3344 3747 habemus,
3382 3681 3610 3738 victuris
3662 3678 3826 3762 nobis

2227 3797 2325 3854 per
2339 3798 2460 3837 eum
2501 3797 2560 3837 ea
2591 3780 2899 3835 conditione
2947 3793 3051 3848 qua
3080 3777 3212 3832 vivit
3239 3776 3329 3831 ille
3359 3791 3458 3845 per
3489 3774 3736 3828 Patrem.
3766 3770 3825 3825 Si

2230 3888 2328 3926 nos
2349 3886 2477 3941 ergo
2503 3870 2823 3925 naturaliter
2843 3869 3139 3924 secundum
3162 3882 3382 3922 carnem
3409 3880 3508 3937 per
3532 3879 3658 3919 eum
3685 3862 3820 3941 vivif

2230 3979 2370 4026 mus,
2404 3963 2455 4017 id
2485 3973 2589 4024 est,
2612 3970 2864 4015 naturam
2892 3960 3074 4015 carnis
3103 3974 3215 4014 sua:
3239 3971 3427 4013 sumus
3457 3955 3664 4026 adepti,
3689 3970 3828 4025 quo-

2231 4053 2391 4107 modo
2432 4067 2535 4106 non
2566 4050 2886 4106 naturaliter
2912 4049 3208 4104 secundum
3242 4046 3493 4117 spiritum
3529 4047 3583 4098 in
3615 4060 3675 4099 se
3718 4044 3824 4097 Pa-

2231 4154 2365 4197 trem
2395 4144 2615 4204 haheat,
2645 4158 2765 4195 (nat
2793 4143 2935 4195 vivat
2958 4139 3073 4210 ipse
3101 4155 3197 4209 per
3220 4136 3476 4192 Patrem?
3508 4154 3527 4187 ι

2305 4236 2414 4291 γιις
2445 4235 2542 4289 llic
2569 4233 2853 4288 videndum
2901 4232 3169 4305 utrumudo
3205 4246 3303 4300 per
3338 4230 3389 4283 id
3439 4228 3608 4282 etiam
3680 4227 3826 4298 quod

2233 4324 2501 4379 haereticis
2544 4331 2662 4379 erat
2699 4321 3077 4385 itnlnhitatum,
3123 4320 3355 4373 voluerit
3395 4333 3630 4387 arguere
3684 4316 3828 4384 quod

2231 4423 2350 4469 erat
2375 4414 2616 4467 dubium.
2650 4411 3006 4466 Dubitabatnr
3031 4413 3099 4464 ab
3128 4411 3208 4464 eis
3248 4410 3314 4463 (le
3352 4409 3510 4461 nniea
3556 4407 3739 4461 Patris
3776 4415 3831 4459 et

2233 4503 2353 4558 Filii
2379 4502 2713 4568 substantia;
2743 4502 2865 4570 quia
2889 4501 3031 4569 quod
3055 4501 3260 4554 dictum
3285 4506 3364 4552 est
3401 4515 3413 4550 :
3449 4516 3465 4546 ι
3506 4497 3619 4564 ligo
3645 4506 3701 4549 et
3726 4495 3829 4549 Pa.

545 4582 843 4649 secundum
870 4592 1232 4662 Augustinum
1263 4572 1671 4657 discretionem,
1711 4590 2023 4664 specialiter
2051 4590 2132 4645 di-
2160 4572 2208 4631 D
2238 4604 2320 4661 ter
2349 4611 2514 4649 unum
2556 4592 2973 4664 sumus‘(Joan.
3025 4609 3080 4656 x,
3124 4574 3240 4661 50),
3274 4610 3294 4643 ι
3345 4590 3719 4644 moliebantur
3763 4588 3830 4640 ad

546 4692 708 4747 ctam,
747 4683 1070 4754 naturaliter
1094 4699 1216 4761 esse
1240 4699 1400 4738 unam
1432 4702 1444 4737 :
1496 4702 1514 4735 ι
1542 4682 1685 4749 Νοιι,
1714 4683 1909 4754 inquit,
1942 4688 2002 4737 ut
2026 4682 2128 4737 viri

549 4769 877 4831 sanctiﬁcati
909 4765 964 4830 et
992 4776 1170 4831 Verbo
1200 4775 1471 4843 conjuncti
1511 4778 1807 4832 secundum
1849 4775 2131 4844 dignitatis

548 4868 836 4926 unitatem.
883 4876 979 4921 aut
1021 4868 1161 4923 sicut
1187 4869 1426 4924 divinam
1467 4869 1801 4940 possidentis
1841 4868 2131 4923 habitatio-

546 4972 701 5024 nem;
733 4958 831 5012 sed
862 4973 991 5035 vere
1037 4959 1470 5027 t'iviii'catricem,
1501 4970 1557 5016 et
1607 4962 1775 5031 ipsius
1809 4961 1970 5017 Verbi
2006 4975 2131 5031 pro-

547 5048 720 5118 priam
752 5038 971 5105 iactam.
1004 5070 1022 5103 ι
1069 5051 1257 5107 Ariani
1306 5054 1473 5119 ειιίιιι,
1513 5054 1605 5124 qui
1655 5056 1924 5125 negabant
1965 5069 2128 5109 unam

549 5139 730 5194 Patris
759 5149 812 5195 et
853 5141 975 5195 Filii
1004 5143 1386 5209 substantiam,
1430 5144 1578 5211 illud,
1617 5146 1763 5214 quod
1810 5144 1925 5215 ipse
1964 5144 2135 5199 Filius

548 5230 722 5285 dicit:
756 5229 868 5303 Ego
898 5243 944 5287 et
976 5232 1149 5288 Pater?
1177 5227 1341 5288 unum
1369 5252 1549 5290 sumus
1580 5236 1766 5309 (Joan.
1797 5252 1853 5300 χ,
1896 5238 2007 5308 30),
2041 5251 2133 5305 as;

549 5321 800 5360 envnlmnl

894 5322 1305 5360 inlollinnnulnun
1363 5342 1429 5360 av
1485 5328 1772 5360 ιἰΛηιιΛ-ιιῖη
1803 5327 2128 5360 ιιηιηηοσιιῖεο

2238 4685 2613 4739 unanimitatis
2652 4684 2858 4738 referre
2903 4698 3261 4748 consensum,
3299 4691 3359 4734 ut
3413 4680 3599 4734 unitas
3650 4678 3827 4733 solum

2237 4786 2382 4849 esset
2428 4776 2740 4838 voluntatis,
2785 4790 2889 4829 non
2934 4785 3170 4839 naturze;
3216 4773 3356 4828 sicut
3394 4790 3413 4823 ι
3460 4769 3831 4825 multitudinis

2238 4850 2577 4919 credentium
2608 4874 2729 4918 erat
2775 4878 2869 4918 eor
2917 4879 3082 4916 unum
3133 4871 3191 4917 et
3218 4863 3397 4916 anima
3438 4878 3543 4916 una
3574 4861 3718 4927 (Act.
3752 4874 3829 4923 tv,

2239 4956 2354 5026 δὲ).
2380 4975 2400 5008 ι
2425 4956 2784 5011 indubitatum
2802 4970 2932 5008 vero
2949 4964 3068 5010 erat
3088 4954 3229 5024 quod
3260 4968 3387 5008 vere
3419 4954 3664 5009 Verbum
3693 4963 3825 5007 caro

2235 5045 2438 5105 factum
2462 5046 2655 5102 fuerat.
2692 5046 3075 5110 Nihilominus,
3104 5045 3230 5115 quia
3258 5045 3402 5100 Deus
3422 5053 3679 5100 naturam
3702 5061 3829 5100 ear-

2239 5140 2322 5194 nis
2346 5147 2544 5193 nostra:
2567 5137 2978 5211 inseparabilem
3009 5136 3111 5191 sibi
3142 5137 3302 5191 homo
3323 5146 3484 5191 natus
3507 5136 3827 5205 assumpsit,

2238 5239 2294 5284 et
2325 5240 2570 5285 naturam
2596 5229 2780 5284 carnis
2828 5243 2938 5282 sua:
2983 5228 3049 5283 ad
3081 5236 3330 5282 naturam
3363 5228 3691 5283 aeternitatis
3727 5226 3831 5281 sub

2241 5329 2582 5360 cannmnnln
2608 5321 2707 5360 hm-
2737 5318 2891 5360 nnltie
2925 5318 3389 5360 nnmmnninnndm
3429 5317 3614 5360 nar-nia
3655 5315 3829 5360 mimi-
