3986 5444
247 205 336 260 185

1251 200 1340 255 DE
1377 196 1695 256 CORI’ORE
1731 198 1816 253 ET
1845 198 2188 256 SANGUINE
2212 200 2465 257 DOMIM.

3364 202 3464 261 £86

246 321 353 390 giae
395 326 548 372 natus
597 315 760 370 homo
789 311 1071 383 processit.
1102 312 1240 384 liae
1283 328 1410 366 caro
1440 316 1505 366 de
1545 310 1792 378 Virgine!
1827 315 1872 372 Α
1901 319 1983 365 est
2005 329 2197 379 unum;
2224 316 2348 384 quia
2382 329 2485 368 non
2525 313 2629 367 duo
2651 322 2741 365 aut
2761 312 2860 368 tria
2884 327 3128 383 corpora,
3155 315 3248 370 sed
3275 333 3460 374 unum.

246 411 330 466 sub
357 417 692 470 sacramento
721 405 1177 477 communicanda:
1221 404 1421 458 carnis.
1474 403 1612 457 Ecce
1654 401 1796 470 quod

244 500 451 564 sumitur
479 500 546 551 de
568 497 756 550 altari!
790 497 868 550 Ad
905 504 1155 549 naturam
1182 493 1499 548 aeternitatis
1536 507 1634 545 nos
1680 491 1800 543 uni-

242 593 325 646 vit.
354 591 482 645 Ecce
516 602 713 656 corpus
759 595 1022 646 nostrum,
1054 585 1196 652 quod
1243 592 1326 636 est
1385 580 1654 636 Ecclesia!
1680 577 1798 632 .lam

244 664 386 735 credo
411 685 614 747 patere,
643 677 786 746 quod
824 679 1014 730 beatus
1041 675 1360 729 Ambrosius
1407 674 1650 737 dixerat,
1683 682 1801 728 tan-

246 776 348 826 dem
370 786 505 833 esse,
538 780 593 824 ut
617 769 973 822 subaudiatur
1004 768 1334 820 naturaliter.
1369 766 1428 820 Et
1449 767 1798 834 Augustinus,

245 863 576 932 Hieronymus
593 859 977 928 etFngentius
1007 874 1020 911 :
1051 857 1424 918 aliudesse,ut
1451 857 1802 909 subaudiatur

243 952 530 1020 specialiter.
570 951 634 1002 Et
658 950 785 1019 quia
813 948 1226 1017 cultusjustitite
1258 949 1428 1016 pietas
1450 956 1552 1007 est,
1591 946 1672 999 vel
1707 961 1802 1000 sa-

244 1042 422 1113 pientia
450 1041 665 1110 pietatis
695 1049 782 1094 est
831 1039 1068 1094 fructus'.
1101 1039 1389 1107 aliquando
1419 1038 1634 1106 quidam
1674 1037 1804 1090 sim-

246 1134 392 1202 plices
418 1139 472 1184 et
521 1132 725 1193 idiotte,
777 1129 1046 1184 ferventes
1087 1144 1216 1181 vero
1263 1128 1418 1181 bonis
1462 1127 1712 1195 operibus
1749 1135 1804 1181 et

245 1221 440 1290 pietate,
467 1220 659 1274 melius
683 1234 817 1287 pura
849 1218 974 1287 prof
998 1235 1124 1282 cere
1150 1220 1273 1280 ﬁde,
1299 1235 1459 1287 quam
1489 1219 1668 1270 I'ueato
1690 1233 1807 1270 ser-

245 1325 398 1366 mone.
433 1311 599 1364 Senes
640 1311 718 1362 illi
743 1310 798 1363 in
826 1310 941 1364 Vita
972 1309 1215 1374 Patrum,
1250 1309 1414 1363 alium
1448 1325 1598 1376 teque
1621 1323 1803 1362 senem

247 1404 480 1457 aevirum
517 1411 789 1463 sanctum,
820 1400 912 1453 sed
957 1415 1054 1468 pro
1095 1401 1196 1452 hoc
1249 1399 1508 1468 mysterio
1555 1398 1802 1459 dubium,

247 1507 336 1545 non
369 1491 666 1544 dialecticis
714 1489 1308 1559 argumentatimiibus,
1342 1490 1435 1542 sed
1468 1488 1646 1541 verbis
1671 1488 1803 1540 sini-

245 1583 445 1652 plicibus
473 1592 528 1637 et
552 1585 804 1636 oratione
839 1580 1212 1649 compulerunt
1245 1581 1310 1634 ad
1343 1580 1694 1643 credendmn,
1737 1578 1802 1630 il-

1904 425 1922 456 ‹
1972 405 2120 460 Unus
2153 405 2322 472 panis,
2362 425 2377 454 ι
2408 407 2483 457 ait
2513 404 2823 472 Apostolus,
2851 423 2869 454 ι
2901 419 3065 458 unum
3093 421 3286 476 corpus
3313 399 3466 462 multi

1899 509 2084 548 sunms
2113 495 2164 548 in
2192 493 2410 547 Christo
2441 493 2487 561 (Ι
2530 496 2650 547 Cor.
2683 511 2734 555 χ.
2768 493 2874 563 l7).
2914 513 2932 546 ›
2965 494 3027 548 Et
3056 512 3069 548 :
3107 515 3122 546 ι
3155 495 3326 552 Erunt
3361 497 3467 553 duo

1901 584 1952 637 in
1979 599 2144 637 carne
2181 599 2283 637 una
2311 583 2358 653 (1
2389 584 2511 637 Cor.
2553 600 2628 647 vt,
2677 583 2783 649 16).
2819 584 3231 640 Sacramentum
3271 587 3406 654 hoc,
3443 609 3462 641 ι

1901 675 1976 729 ait
2003 675 2314 744 Apostolus,
2352 693 2370 725 ι
2425 691 2676 745 magnum
2713 685 2823 740 cst;
2873 691 2973 747 ego
3028 687 3207 731 autem
3254 679 3375 732 dico
3415 680 3467 734 in

1899 767 2138 832 Christo,
2169 778 2224 821 et
2250 769 2299 820 in
2336 766 2570 821 Ecclesia
2605 768 2818 835 (Ep/ws.
2845 784 2896 831 v,
2922 767 3032 838 3'2),
3059 787 3076 818 ι
3105 768 3153 821 id
3184 778 3265 823 est
3295 770 3345 823 iu
3375 787 3469 823 Ito-

1900 859 2003 918 bis.
2035 861 2123 928 qui
2150 875 2334 912 sumus
2367 874 2563 926 corpus
2596 857 2817 920 Christi,
2850 862 2990 927 quod
3018 868 3098 912 est
3130 854 3388 922 Ecclesia,
3417 867 3472 912 et

1903 952 1954 1006 in
1987 967 2150 1005 carne
2178 951 2400 1015 Christi,
2433 965 2551 1020 quas
2595 959 2716 1001 nata
2762 957 2845 1002 est
2893 949 2957 1002 de
2995 947 3214 1018 Virgine
3265 948 3465 1013 Maria;

1902 1043 2122 1112 quibus,
2161 1042 2242 1094 vel
2273 1041 2355 1094 cui
2395 1039 2686 1092 intervenit
2712 1039 2883 1090 media
2912 1077 2926 1101 ,
2959 1054 3076 1106 qua:
3105 1048 3358 1108 utrasque
3386 1037 3473 1105 ju-

1903 1141 2012 1196 vat,
2045 1148 2164 1201 quze
2195 1132 2426 1183 sumitur
2458 1130 2522 1184 de
2551 1128 2726 1192 altari,
2759 1130 2919 1199 digne
2951 1138 3221 1198 percepta.

1975 1223 2106 1276 VIII.
2139 1222 2308 1287 Quam
2337 1220 2725 1287 triplicitatem,
2752 1220 2846 1272 sed
2875 1220 3080 1272 unizam
3102 1260 3116 1283 ,
3147 1219 3472 1287 significavit

1907 1315 2073 1368 David
2110 1313 2158 1366 iu
2192 1313 2342 1365 libris
2373 1310 2698 1379 llcguorum,
2729 1309 2820 1377 qui
2851 1308 3164 1377 eﬂ‘crcbalur
3201 1310 3252 1362 in
3299 1311 3471 1362 mani-

1907 1407 1998 1458 bus
2025 1405 2156 1460 suis.
2190 1402 2303 1455 Non
2345 1403 2486 1455 enitn
2517 1402 2582 1453 ad
2636 1399 2870 1452 litteram
2906 1400 3188 1468 quisquam
3227 1399 3350 1452 ferri
3382 1415 3476 1469 po-

1909 1508 2013 1553 test
2044 1499 2094 1552 in
2138 1497 2382 1550 manibus
2408 1494 2539 1548 suis.
2573 1494 2676 1548 Sed
2709 1509 2866 1547 verus
2903 1494 3094 1558 David,
3128 1493 3176 1547 id
3214 1503 3294 1547 est
3323 1493 3478 1546 Chri—

1908 1601 2043 1652 stus,
2089 1589 2412 1643 ellerebatur
2442 1587 2492 1640 in
2530 1587 2777 1640 manilius
2808 1586 2940 1646 suis,
2998 1585 3212 1654 quando
3265 1601 3494 1640 recumt

246 1672 320 1725 ιυιί
363 1675 500 1742 ιιυοιι
532 1673 785 1727 δυηιίηηε
821 1673 888 1726 de
911 1672 1090 1737 illum,
1119 1670 1439 1724 ιιλιῑιιΐθιίῑοΐ
1463 1685 1582 1724 esse
1609 1686 1804 1737 corpus
1838 1661 1878 1718 υ
1910 1685 2042 1737 beus
2077 1683 2128 1734 in
2186 1695 2339 1732 coena
2385 1694 2504 1732 cum
2553 1678 2760 1746 integro
2804 1691 3029 1744 corpore
3052 1716 3066 1738 ,
3107 1674 3246 1743 quod
3296 1683 3478 1728 natum

246 1762 461 1828 Domini,
494 1773 705 1818 cumet
751 1764 803 1817 in
845 1765 1100 1827 veritate,
1151 1778 1256 1815 non
1300 1763 1616 1831 ﬁguratum.
1664 1762 1802 1814 Ecce

245 1863 479 1923 quantum
507 1856 645 1921 fides
677 1855 910 1924 prolicit,
934 1854 1022 1908 ubi
1049 1869 1228 1907 sermo
1251 1853 1460 1908 deficit!
1490 1854 1552 1906 Et
1583 1867 1681 1906 nos
1709 1853 1806 1905 ali-

248 1952 456 2018 quando,
489 1960 787 2019 antequam
817 1958 1085 2002 tantorum
1113 1948 1373 2009 virorum,
1400 1945 1582 2016 Cyrilli
1613 1946 1732 1998 dico
1753 1954 1808 1997 et

247 2043 444 2109 llilarii,
506 2043 927 2097 auctoritatibus
981 2044 1397 2102 instrueremur,
1451 2040 1589 2093 hanc
1639 2054 1802 2107 supra

248 2137 485 2188 dictorum
517 2143 832 2189 sanctorum
861 2134 1002 2202 (quae
1036 2131 1202 2202 |cod.,
1234 2128 1383 2202 quia]
1421 2129 1809 2198 posterioribus

247 2228 342 2280 visa
369 2227 464 2296 est)
495 2226 921 2295 discrepantiam
967 2223 1131 2296 [cod.,
1169 2217 1550 2292 discrepantia]
1585 2220 1811 2289 alicujus

248 2321 495 2378 dialectici
554 2317 858 2388 argumenti
889 2319 1016 2371 sede
1063 2315 1345 2370 absolvere
1394 2313 1807 2368 meditabantur.

251 2409 345 2463 Non
370 2411 512 2464 enim
541 2425 632 2462 ars
663 2409 775 2471 illa,
802 2422 921 2476 quae
950 2407 1141 2460 dividit
1175 2421 1375 2478 genera
1409 2405 1463 2460 in
1499 2405 1725 2473 Species,
1757 2413 1813 2458 et

249 2505 426 2570 Species
449 2504 504 2555 in
539 2516 738 2571 genera
766 2500 1002 2562 resolvit,
1023 2499 1091 2553 ab
1118 2497 1371 2551 humanis
1402 2494 1814 2550 machinationi-

250 2597 334 2649 bus
354 2605 429 2650 est
456 2597 638 2659 facta;
672 2594 767 2648 sed
801 2595 852 2648 in
896 2605 1088 2647 natura
1118 2608 1298 2647 rermn
1329 2592 1396 2645 ab
1423 2590 1662 2646 Auctore
1693 2605 1813 2643 om-

256 2671 382 2741 nium
413 2688 641 2752 artium,
670 2702 791 2755 qua:
813 2701 952 2740 verae
973 2694 1120 2739 artes
1144 2695 1292 2746 sunt,
1331 2694 1386 2738 et
1408 2698 1438 2736 a
1479 2681 1815 2752 sapientibus

255 2779 467 2847 inventa,
503 2790 559 2834 et
587 2781 654 2833 ad
687 2779 973 2832 utilitatem
1001 2777 1214 2831 solertis
1239 2791 1417 2829 rerum
1445 2773 1713 2844 indaginis
1735 2780 1817 2826 est

255 2872 464 2935 usitata;
505 2871 647 2924 sicut
677 2870 935 2938 scriptum
983 2877 1103 2923 est:
1144 2885 1162 2918 ι
1201 2867 1470 2922 Producat
1511 2876 1654 2920 terra
1702 2862 1818 2917 ani-

255 2963 488 3015 nialia'iu
541 2961 750 3030 species
799 2975 924 3013 suas
951 2955 1162 3030 (Cenes.
1211 2974 1248 3020 ι,
1280 2957 1393 3026 24).
1425 2975 1444 3009 ι
1486 2956 1590 3010 Sed
1643 2955 1818 3024 primo

1908 1775 2084 1828 fuerat
2112 1775 2178 1827 de
2207 1773 2444 1841 Virgine,
2479 1772 2529 1824 in
2586 1782 2761 1825 morte
2790 1771 3114 1840 ponendum,
3145 1778 3478 1823 resurrectu-

1911 1882 2051 1928 rum,
2077 1863 2229 1917 ccelis
2253 1871 2430 1915 tamen
2460 1861 2817 1932 glorificatum
2849 1858 3207 1922 inferendum,
3244 1861 3310 1911 ad
3349 1859 3478 1911 dex-

1911 1969 2078 2012 teram
2109 1955 2284 2009 Patris
2317 1955 2708 2016 collocandum,
2742 1969 2936 2020 Corpus
2957 1993 2970 2016 ,
2999 1952 3140 2021 quod
3193 1967 3289 2005 nos
3339 1968 3479 2006 nunc

1910 2051 2174 2105 sumimus
2212 2051 2277 2102 de
2315 2047 2508 2110 altari,
2539 2045 2788 2099 manibus
2811 2045 2922 2099 suis
2948 2084 2961 2107 ,
2997 2044 3048 2097 id
3079 2051 3180 2106 est,
3220 2058 3344 2094 vero
3382 2057 3480 2096 suo

1911 2139 2120 2209 corpori
2153 2137 2504 2192 connaturale
2531 2144 2584 2190 et
2610 2134 3024 2198 conformatum,
3050 2131 3325 2202 discipulis
3349 2131 3480 2195 suis,

1915 2233 1963 2285 id
2002 2241 2085 2286 est
2124 2230 2334 2298 corpori
2374 2244 2505 2291 suo,
2540 2228 2682 2297 quod
2730 2242 2914 2281 sumus
2947 2242 3042 2278 nos
3082 2225 3162 2278 vel
3208 2224 3472 2285 Ecclesia,

1913 2321 2103 2375 obtulit
2130 2318 2659 2374 communicanduin.
2700 2334 2718 2366 ι
2749 2315 2917 2369 Nemo
2946 2314 3142 2384 quippe
3165 2314 3406 2379 ascendit
3430 2312 3483 2368 in

1914 2416 2132 2478 ccelum,
2163 2415 2262 2468 nisi
2291 2415 2379 2483 qui
2409 2412 2686 2467 descendit
2727 2411 2792 2466 de
2820 2426 2984 2470 ςωιο.
3027 2409 3194 2464 Filius
3231 2411 3486 2477 hominis,

1915 2510 2004 2577 qui
2037 2517 2119 2562 est
2147 2507 2200 2560 in
2226 2505 2363 2560 emlo
2393 2504 2573 2573 (Joan.
2610 2519 2692 2566 ιιι,
2727 2504 2836 2572 l3).
2872 2520 2890 2553 ι
2927 2501 3034 2556 Sed
3064 2516 3191 2555 caro
3215 2500 3484 2563 ascendit,

1916 2617 2036 2672 quae
2071 2616 2176 2654 non
2209 2599 2580 2659 descenderat,
2598 2593 2710 2662 jam
2742 2596 2939 2664 quippe
2961 2593 3146 2646 deitati
3176 2593 3322 2644 unita
3345 2599 3483 2643 erat.

1919 2693 2071 2748 Unde
2106 2693 2330 2745 etbeata
2361 2688 2525 2742 Maria
2551 2703 2654 2740 non
2681 2685 2851 2739 solum
2883 2681 3505 2756 Christotocos(x;.wro-'

1919 2786 2109 2854 τόκος),
2139 2783 2230 2838 sed
2258 2782 2419 2836 etiam
2463 2780 2724 2831 theotocos
2766 2774 3054 2846 (Θεοτόκος)
3106 2773 3300 2826 meruit
3351 2770 3488 2824 fieri.

1919 2880 2262 2947 Quapropter
2295 2875 2373 2928 sic
2415 2870 2822 2941 intelligendum
2871 2884 2885 2920 :
2936 2865 3104 2919 Nemo
3156 2863 3396 2918 ascendit
3437 2863 3491 2914 in

1919 2971 2116 3027 etelum
2156 2983 2276 3022 cum
2301 2978 2484 3026 carne,
2522 2962 2621 3015 nisi
2654 2958 2743 3028 qui
2775 2956 3056 3011 descendit
3110 2969 3231 3007 cum
3271 2953 3490 3006 deitate.

252 3053 575 3113 occurrebat,
600 3050 832 3119 aliquam
853 3050 1190 3104 medietatem
1212 3049 1568 3104 arithmeticae
1591 3061 1812 3116 ponere,

1918 3063 1998 3118 Ad
2023 3062 2123 3114 hoc
2146 3057 2291 3112 enim
2315 3056 2584 3124 particeps
2602 3050 2776 3103 factus
2797 3057 2880 3102 est
2907 3043 3253 3100 humanitatis
3275 3051 3494 3105 nostrm,

256 3143 529 3197 secundum
574 3142 806 3210 aliquam
837 3141 902 3195 de
928 3139 1519 3210 proportionalitatibus
1559 3152 1812 3192 numero-

257 3249 374 3297 rum,
423 3248 566 3302 quas
597 3232 650 3285 in
677 3231 1137 3300 preportionibus,
1172 3229 1334 3299 inque
1355 3227 1674 3282 differentiis
1702 3237 1814 3280 ter-

257 3323 502 3376 tniuorum
547 3320 997 3389 contemplamur.
1026 3319 1132 3374 Sed
1181 3334 1281 3373 nec
1325 3328 1380 3372 et
1433 3319 1533 3372 ista
1568 3315 1816 3371 lunuanis

257 3416 724 3470 machinationibus
758 3424 841 3469 est
866 3414 1029 3476 laeta,
1063 3414 1188 3482 quia
1222 3411 1511 3466 ineffabilis
1538 3418 1701 3479 atque
1729 3409 1815 3463 di-

257 3509 373 3563 vinae
393 3509 612 3563 virtutis
643 3509 694 3560 in
715 3523 775 3562 ea
805 3517 889 3562 est
915 3506 1188 3576 sapientiae
1209 3503 1536 3568 constantia,
1562 3503 1628 3555 ad
1654 3516 1816 3571 quam

259 3601 434 3654 dicitur
473 3618 486 3653 :
526 3619 544 3650 ‹
573 3598 766 3653 Omnia
796 3597 847 3650 in
883 3612 1138 3651 mensura
1166 3605 1217 3648 et
1255 3595 1490 3665 pondere
1517 3602 1570 3647 et
1592 3605 1818 3646 numero

260 3689 564 3743 constituisti
603 3707 621 3738 ι
675 3687 828 3757 (Sap.
871 3701 930 3748 II,
976 3686 1088 3756 2|).
1121 3683 1534 3740 Constituantur
1579 3683 1686 3736 duo
1711 3691 1818 3733 ter-

261 3778 370 3830 tnini
396 3776 658 3846 supremi,
690 3785 744 3828 et
786 3775 976 3828 horum
1009 3774 1239 3838 medius,
1269 3773 1438 3842 aequis
1465 3771 1681 3840 quidem
1718 3767 1819 3823 dif-

261 3867 503 3932 ferentiis,
533 3870 630 3923 sed
661 3866 1131 3937 proportinnaliter
1157 3864 1488 3920 diIIerentes.
1542 3863 1626 3918 Ad
1675 3863 1818 3917 hanc

262 3961 644 4016 similitudinem
671 3960 866 4013 iterum
902 3958 1301 4012 constituantur
1324 3956 1432 4011 duo
1482 3954 1700 4009 termini
1727 3969 1819 4007 su-

261 4065 427 4120 premi,
464 4051 825 4122 praedicatus,
855 4058 910 4102 et
942 4048 1236 4116 subjectus,
1271 4056 1325 4101 et
1371 4048 1562 4101 horum
1610 4044 1821 4099 medius

262 4145 610 4208 subalteruus;
639 4150 698 4195 ut
735 4141 874 4195 sicut
906 4140 1113 4209 primus
1157 4137 1480 4206 praedicatur
1510 4137 1576 4188 de
1621 4133 1818 4199 medio,

265 4232 327 4288 ita
354 4234 554 4289 medius
585 4234 655 4287 de
691 4231 903 4295 ultimo,
930 4247 992 4284 ac
1021 4245 1114 4298 per
1156 4229 1257 4282 hoc
1285 4228 1491 4297 primus
1519 4228 1584 4279 de
1609 4225 1819 4279 ultimo.

263 4324 329 4381 Ne
348 4343 468 4398 ergo
487 4327 711 4380 dubites
724 4325 972 4380 ultimum
998 4326 1172 4379 inesse
1192 4323 1386 4392 primo,
1404 4320 1457 4374 id
1483 4328 1565 4372 est
1586 4318 1820 4386 primum

1918 3150 2246 3208 assumendo
2267 3161 2487 3202 carnem
2516 3153 2755 3196 nostram
2788 3140 2856 3193 de.
2889 3137 3105 3206 Virgine
3151 3151 3164 3188 :
3195 3149 3252 3188 ut
3292 3149 3406 3194 nes,
3440 3132 3493 3186 id

1917 3253 2001 3298 est
2068 3239 2404 3300 Ecclesium,
2448 3243 2570 3304 part
2593 3234 2739 3302 cipes
2785 3230 2959 3283 factos
3005 3225 3305 3280 divinitatis
3346 3237 3490 3286 suae,

1917 3335 2096 3389 uniret
2126 3330 2334 3399 corpori
2364 3342 2481 3392 suo,
2511 3335 2725 3392 sumpto
2755 3321 2821 3374 de
2871 3318 3110 3388 Virgine,
3139 3312 3493 3374 eucharistia,

1918 3438 2038 3491 qua:
2081 3419 2313 3473 sumitur
2341 3415 2406 3468 de
2454 3411 2646 3474 altari,
2700 3408 2974 3462 mediante
3021 3416 3074 3459 et
3118 3403 3494 3457 conlirmantc.

1919 3514 2035 3584 Ipse
2052 3523 2281 3580 namque
2297 3505 2610 3563 reformavit
2637 3516 2832 3572 corpus
2862 3497 3178 3555 humilitatis
3206 3509 3334 3550 suae.
3358 3491 3497 3562 Ergo

1920 3608 2060 3661 sicut
2099 3606 2260 3659 Pater
2292 3603 2343 3655 in
2383 3600 2518 3654 Filio
2548 3614 2645 3668 per
2667 3598 2919 3651 deitatem
2949 3592 3287 3653 naturaliter,
3321 3597 3377 3641 et
3427 3587 3502 3640 si-

1921 3705 2012 3752 cut
2039 3695 2203 3748 Filius
2239 3693 2291 3746 in
2318 3691 2470 3744 nobis
2496 3689 2787 3743 secundum
2843 3686 3262 3752 assumptionem
3307 3679 3499 3730 buma-

1921 3787 2105 3842 nitatis
2138 3781 2480 3845 naturaliter,
2511 3789 2562 3831 et
2593 3779 2729 3831 sicut
2756 3791 2852 3830 uos
2883 3775 3027 3828 ineo
3049 3785 3235 3825 sumus
3263 3784 3357 3838 per
3381 3765 3501 3818 ιιιιί-

1923 3880 2120 3933 tionem
2174 3874 2358 3930 carnis
2401 3870 2736 3930 mittiraliter,
2787 3867 2915 3920 dum
2962 3878 3145 3918 secum
3187 3861 3311 3922 hoc,
3353 3855 3499 3925 quod
3586 3887 3593 3895 -

1921 3985 2022 4026 nos
2060 3982 2269 4028 sumus,
2304 3965 2354 4017 in
2395 3963 2503 4015 Deo
2532 3970 2616 4015 est
2643 3978 2655 4012 :
2702 3959 2773 4012 ita
2805 3965 3055 4009 naturam
3095 3950 3275 4005 carnis
3297 3963 3406 4001 suae
3437 3945 3504 4000 ad

1923 4072 2174 4117 naturam
2229 4053 2548 4110 aeternitatis
2577 4053 2674 4104 sub
2705 4057 3044 4104 sacramento
3075 4044 3229 4097 nobis
3254 4055 3498 4095 commuo

1925 4151 2167 4209 nicandte
2202 4149 2382 4202 carnis
2431 4144 2736 4198 admiscuit.
2769 4141 2922 4194 Sicut
2947 4139 3021 4192 ait
3054 4138 3168 4205 ipse
3207 4134 3456 4190 Christus
3486 4148 3500 4186 :

1930 4263 1948 4293 ι
1999 4241 2068 4296 Ut
2095 4256 2283 4295 omnes
2311 4252 2474 4292 unum
2509 4235 2635 4297 sint,
2675 4234 2814 4288 sicut
2842 4242 2894 4285 tu
2920 4230 3145 4283 l’aterin
3175 4242 3280 4290 me,
3321 4233 3377 4279 et
3399 4237 3501 4292 ego

1929 4339 1980 4392 in
2014 4347 2085 4396 te,
2117 4344 2172 4387 ut
2199 4344 2251 4387 et
2277 4332 2374 4401 ipsi
2406 4332 2458 4384 in
2490 4329 2646 4382 nobis
2686 4327 2793 4381 sint
2818 4325 3003 4392 (Joan.
3057 4335 3201 4383 xvtl,
3231 4319 3344 4389 2|).
3384 4335 3401 4368 ι
3439 4316 3508 4369 Et

264 4420 518 4488 predicari
550 4420 619 4474 de
647 4416 878 4472 ultimo:
915 4431 1070 4480 cum,
1103 4415 1146 4470 si
1179 4414 1398 4468 ultimus
1443 4411 1572 4464 insit
1625 4407 1812 4472 medio1

1931 4429 2124 4481 iterum
2161 4443 2173 4477 :
2205 4443 2222 4473 ι
2263 4423 2328 4476 Ut
2355 4422 2461 4474 sint
2490 4434 2677 4481 IIIIIIII),
2709 4417 2850 4470 sicut
2871 4425 2927 4468 et
2956 4428 3054 4467 nos
3091 4426 3255 4463 ttnutn
3298 4421 3506 4466 sumus,

266 4509 448 4562 medius
479 4522 610 4561 vero
638 4506 848 4576 primo;
881 4505 1180 4558 certissime
1211 4503 1432 4556 ultimus
1465 4499 1595 4554 insit
1621 4498 1818 4568 primo.

266 4595 362 4653 Hac
387 4601 584 4655 etenim
607 4596 962 4652 similitudine
988 4605 1041 4648 et
1066 4595 1416 4665 cosmopteia,
1439 4592 1489 4645 id
1512 4600 1616 4658 est,
1641 4588 1824 4643 mundi

269 4688 468 4758 factura,
501 4690 738 4745 solidata
770 4697 854 4743 est
877 4728 892 4752 ,
919 4688 1125 4741 scilicet
1161 4687 1304 4756 quod
1335 4686 1440 4740 duo
1477 4693 1742 4747 extrema,
1772 4681 1825 4736 id

267 4793 339 4836 est
361 4785 523 4854 ignem
555 4793 613 4838 et
644 4793 873 4842 terram,
903 4781 1005 4834 duo
1023 4780 1190 4835 media
1210 4820 1224 4843 ,
1257 4778 1306 4832 id
1330 4788 1412 4833 est
1439 4793 1536 4832 aer
1563 4787 1618 4831 et
1646 4791 1820 4844 aqua,

269 4872 688 4930 indissolubiliter
717 4873 1096 4927 devinxerunt.
1127 4871 1193 4925 Et
1220 4872 1300 4924 Ine
1329 4871 1546 4938 quidem
1575 4866 1825 4924 similitu-

271 4963 399 5019 dines
426 4977 567 5032 sunt,
610 4978 734 5033 quae
766 4977 876 5014 non
907 4975 970 5013 ex
1003 4969 1130 5025 toto,
1159 4963 1252 5015 sed
1278 4976 1342 5014 ex
1367 4972 1522 5030 parte
1558 4960 1662 5021 sui,
1687 4957 1826 5011 sicut

270 5065 320 5110 et
345 5059 449 5113 alia:
475 5059 658 5113 multae
696 5057 753 5112 in
787 5052 987 5107 divin-is
1021 5053 1311 5122 Scripturis
1354 5062 1607 5122 aptantur
1647 5048 1825 5118 tripli-

274 5144 418 5210 citati,
450 5146 749 5202 secundum
799 5141 1180 5209 Augustinum,
1215 5144 1463 5209 corporis
1498 5139 1728 5196 Domini.
1766 5138 1825 5206 In

275 5237 374 5293 istis
402 5243 531 5296 enim
560 5232 1024 5296 similitudinibus
1056 5235 1223 5304 major
1246 5235 1511 5289 terminus
1535 5245 1589 5289 et
1623 5233 1820 5295 minor,

275 5335 709 5400 etprzedicatum,
751 5337 812 5382 et.
853 5323 1143 5393 subjectum
1196 5327 1499 5391 invenitur;
1534 5326 1588 5380 in
1633 5337 1822 5377 sacra-

354 5434 422 5444 _n_
465 5435 563 5444 ___--
590 5441 622 5444 __
669 5416 921 5444 .-Α-ηΑ-ἶο
954 5416 1152 5444 Ιὶηηιζιιζ
1185 5418 1307 5444 ιιι-ζ..
1360 5418 1469 5444 ιιι-ιι

275 5434 422 5444 ..Α-ι-
465 5435 563 5444 ...ι-
590 5441 622 5444 __
669 5416 921 5444 .-Α-ηΑ-ἶο
954 5415 1152 5444 Ιὶηηιζιιζ
1185 5418 1307 5444 ιιι-ζ..
1360 5418 1590 5444 ιιι-ιιιηιηθ
1637 5414 1702 5444 n.‘
1746 5415 1824 5444 11³-

1926 4530 1980 4574 et
2003 4517 2102 4588 ego
2130 4519 2180 4571 in
2212 4517 2311 4579 eis,
2351 4522 2404 4566 et
2436 4523 2489 4565 tu
2524 4512 2575 4564 iu
2610 4524 2693 4563 me
2720 4509 2897 4577 (Joan.
2922 4522 3053 4568 ιιι-ιι,
3083 4503 3195 4571 ‘22).
3225 4501 3367 4554 Ecce
3395 4497 3503 4552 evi-

1926 4587 2060 4664 dens
2099 4617 2154 4661 et
2187 4604 2473 4660 manifesta
2511 4617 2578 4655 ex
2639 4601 2806 4668 ipsius
2849 4597 3050 4652 Christi
3090 4593 3298 4648 Domini
3339 4587 3509 4643 nostri

1931 4696 2156 4769 [verbis]
2186 4695 2404 4766 praefata
2431 4690 2738 4744 distinctio!
2769 4689 2840 4742 Et
2875 4699 2932 4741 ut
2960 4703 3056 4758 per
3079 4687 3182 4738 hoc
3205 4679 3511 4736 evidentius

1927 4791 2200 4845 elucescat
2237 4786 2392 4856 hujus
2418 4785 2582 4840 etiam
2621 4781 2876 4836 sacriﬁcii
2907 4778 3182 4835 distinctio
3204 4813 3218 4839 ,
3247 4786 3512 4842 ponamus

1923 4883 2214 4952 Iiguratim.

2522 5153 2533 5362 Ι

1995 5013 2343 5068 ΚῖίΫΕΤυΟ.
2520 5009 2530 5068 Ι
2632 5006 3033 5064 Eucharistiam
3137 4999 3148 5068 I
3251 4993 3490 5068 Ecclesia

1995 5013 2343 5068 KRYCTUC.
2632 5009 3033 5064 Eucharistiam
3251 5009 3490 5048 [scelesta

1922 5083 2418 5153 lnconsumptibilis
2635 5079 2966 5155 _S_umend_am
3138 5009 3150 5155 ι

1926 5136 2341 5222 ιιινεεριιιιιῖεχ
2520 5136 2532 5222 i
2641 5149 2973 5204 νυειτθιιιιιιιιι
3141 5136 3154 5222 ι
3253 5136 3515 5222 Υυεᾳςξεερ

1933 5205 2284 5280 Dat,
2522 5205 2532 5280 1
2637 5223 2824 5273 Datum
3142 5205 3156 5280 ι
3253 5205 3483 5280 ᾼορίρίι.

1933 5275 2123 5363 Ipso“
2522 5275 2533 5362 Ι
2637 5291 2710 5343 Ἕκ
2747 5287 2862 5354 ipso
3143 5275 3156 5363 Ι
3255 5275 3485 5363 Corpus.

2520 5360 2530 5429 ι
3143 5360 3166 5415 λ
3257 5360 3392 5415 ejus.
3466 5406 3471 5415 λ
