3948 5350
510 280 609 337 181

1167 281 1524 339 SlLVESTlll
1565 285 1604 338 ll
1633 284 1834 340 ΡΑΡᾸΞ
1865 285 2018 342 OPP.
2058 287 2240 344 PARS
2268 288 2329 344 ll.
2369 303 2460 332 —’
2479 290 2568 346 DE
2614 289 2840 348 REBUS
2878 291 3160 347 ECCLES.

3683 293 3782 352 183

503 396 647 459 dam,
677 393 854 448 datam
885 407 950 448 ex
976 393 1110 464 ipso.
1155 393 1396 449 Ecclesia
1441 409 1637 462 corpus
1684 395 1801 472 eius
1837 412 2082 463 sumens,
2117 402 2159 459 Λ
2193 400 2494 469 digestione
2520 400 2752 467 duxjssc
2781 399 3292 473 [f._suppl.‘vitani].
3322 399 3410 468 Et,
3459 402 3592 468 licet
3635 406 3779 474 quad

502 499 746 546 vesceris,
786 483 985 552 accipit
1023 484 1090 536 ab
1121 483 1236 554 ipso
1265 483 1466 558 datam.
1505 485 1660 553 Quod
1696 484 1796 555 nisi
1843 486 1918 539 ita
1957 503 2087 550 con,-

501 584 766 637 struatur,
798 573 1007 644 putabit
1049 573 1247 644 aliquis
1283 588 1406 640 esse
1447 576 1822 638 accusativum
1863 591 2083 643 casum;

500 682 599 720 nos
635 675 814 720 autem
846 665 1076 721 dicimus
1112 664 1501 720 nominativum
1534 664 1798 733 Ecclesia,
1829 668 1974 736 quod
2001 675 2086 724 est

496 773 693 828 corpus
735 757 871 834 eius.
912 757 1135 829 Accepit
1179 757 1362 828 itaque
1397 757 1650 821 Christus
1717 775 1940 818 carnem
1985 777 2084 817 no-

494 860 687 922 strain,
736 863 844 917 non
895 847 1316 916 phantaslicam,
1348 851 1442 904 sed
1483 851 1809 922 naturalem.
1842 853 1984 925 Ergo
2027 860 2084 908 et

495 954 627 1016 caro
661 949 848 1016 postra
897 939 1187 1004 naturalis,
1230 940 1374 994 unde
1402 951 1614 1010 sumpta
1639 952 1724 998 est
1759 944 1868 1006 illa.
1897 944 2003 999 Sed
2028 953 2084 1002 et

494 1031 588 1105 illa
615 1031 903 1096 naturalis,
929 1047 1050 1101 qua:
1081 1032 1258 1086 uniret
1305 1041 1605 1108 utrasque,
1631 1045 1684 1090 et
1716 1035 1924 1103 faceret
1952 1052 2082 1091 con-

492 1123 786 1188 naturales,
826 1135 878 1179 et
920 1123 1034 1194 ipsa
1065 1125 1459 1194 connaturalis.
1495 1126 1629 1195 Sed,
1661 1137 1722 1182 ut
1751 1129 1830 1182 ait
1855 1129 2076 1199 quidam

491 1215 727 1284 sapiens.
758 1231 862 1269 non
890 1215 959 1268 ob
986 1215 1088 1269 hoc
1118 1214 1299 1292 plures
1341 1232 1534 1286 carnes
1571 1219 1652 1271 vel
1708 1234 1936 1289 corpora
1957 1261 1976 1290 ι
2006 1221 2078 1282 si-

490 1315 578 1361 cut
613 1322 712 1361 nec
744 1306 909 1361 multa
958 1306 1252 1371 sacriﬁcia,
1285 1309 1382 1362 sed
1413 1325 1612 1375 unum;
1649 1310 1774 1366 licet
1819 1329 1847 1365 a
1897 1314 2077 1369 multis

489 1398 752 1451 oll‘eratur
779 1413 876 1467 per
903 1397 1019 1452 loca
1047 1399 1254 1461 diversa
1288 1409 1337 1454 el
1370 1409 1632 1472 tempora.
1659 1403 1795 1469 Quia
1820 1403 2077 1471 divinitas

492 1487 649 1551 \fcrbi
686 1489 803 1553 Dei,
838 1506 958 1560 qua:
996 1507 1099 1560 una
1147 1501 1253 1560 est,
1295 1501 1351 1548 et
1397 1495 1578 1559 ouniia
1629 1493 1815 1564 replet.
1865 1504 1926 1561 et,
1967 1505 2075 1562 tota

488 1583 684 1651 ubique
713 1593 814 1644 est,
849 1583 962 1661 ipsa
989 1583 1118 1646 facit
1169 1594 1228 1640 ut
1263 1601 1370 1642 non
1442 1585 1594 1655 pinra
1627 1587 1737 1641 sint
1779 1588 2080 1664 sacriﬁcia,

485 1676 578 1733 sed
620 1690 794 1740 tumin
851 1674 978 1736 licet
1028 1691 1060 1746 a
1108 1675 1292 1742 inultis
1340 1674 1623 1744 «iteratur,
1669 1689 1725 1731 et
1787 1678 1860 1739 sit
1903 1693 2068 1743 unum

2187 491 2490 553 smncbaut,
2522 507 2620 560 per
2643 506 2900 554 nauseam
2930 489 3210 554 stomachi
3224 499 3617 557 revomeretur,
3651 494 3780 548 sub-

2186 584 2333 638 tilior
2383 593 2562 639 tamen
2597 599 2793 638 succus
2819 597 2916 653 per
2945 586 3188 636 membra
3235 597 3411 652 usque
3461 583 3531 637 ad
3565 597 3778 654 ungues

2186 674 2608 732 ditl‘undehatur.
2641 674 2785 744 Ergo
2811 673 3121 740 dicendum,
3172 681 3266 727 aut
3311 673 3604 730 Dominum
3664 690 3774 731 non

2184 766 2521 841 prmdiﬂinite
2547 766 2806 830 locutum,
2837 775 2931 819 aut
2957 780 3335 836 quamcunque
3369 767 3620 836 aperiam
3649 782 3774 826 cor.-

2183 863 2353 936 poris,
2379 878 2488 932 qua
2515 859 2816 916 sesubtilis
2844 861 2949 915 cibi
2978 874 3145 928 vapor
3175 858 3448 925 diﬂ‘undit,
3490 875 3771 923 secessum

2183 954 2420 1018 dictum;
2448 961 2502 1007 et
2533 953 2655 1015 hoc,
2682 966 2750 1004 ne
2777 949 3314 1020 hmeticusgarriat.
3343 948 3616 1015 Caeterum
3644 953 3771 1021 quia

2190 1063 2320 1103 vere
2357 1047 2630 1101 credinuts
2679 1059 2784 1098 non
2820 1043 2994 1099 solum
3035 1044 3273 1096 animam
3329 1045 3424 1099 sed
3461 1053 3522 1102 et
3544 1057 3771 1104 carnem

2182 1151 2422 1198 nostram
2452 1139 2555 1194 hoc
2585 1138 2842 1209 mysterio
2886 1135 3121 1191 recreari
3173 1135 3369 1204 (totum
3396 1135 3545 1189 enim
3593 1134 3772 1189 homi-

2180 1251 2302 1290 nem
2336 1231 2630 1302 assumpsit
2684 1231 2773 1300 qui
2804 1237 2973 1282 totum
3017 1229 3290 1282 hominem
3323 1227 3375 1279 in
3405 1225 3648 1279 Sabbato
3678 1240 3772 1279 cu-

2181 1322 2541 1393 ravit),carni
2587 1320 2802 1391 quidem
2852 1335 2980 1375 caro
3031 1318 3354 1389 spiritaliter
3389 1317 3767 1371 conviscerata

2182 1415 2622 1478 transformatur,
2671 1425 2730 1467 ut
2771 1422 2827 1467 et
2868 1413 3067 1467 Christi
3117 1409 3421 1466 substantia
3470 1409 3526 1462 in
3577 1420 3766 1464 nostra

2177 1524 2342 1564 Carne
2373 1505 2701 1568 inveniatur,
2727 1503 2869 1558 sicut
2894 1513 2946 1556 ct
2971 1501 3086 1572 ipse
3107 1499 3419 1558 uostmmiu
3444 1515 3598 1553 suam
3629 1513 3766 1556 cou—

2175 1607 2284 1660 stat
2330 1597 2692 1667 aSsnznpsisse
2733 1595 3030 1649 deitatem:
3069 1602 3126 1647 ut
3169 1593 3263 1662 qui
3305 1594 3594 1648 Inanducat
3644 1589 3766 1659 ejus

2173 1705 2393 1745 carnem
2449 1697 2505 1743 et
2537 1685 2675 1742 bibit
2721 1686 3060 1755 sanguinem,
3109 1684 3255 1737 vivat
3294 1698 3392 1753 per
3438 1681 3680 1735 animam
3711 1689 3767 1736 et

484 1779 681 1834 corpus
711 1765 912 1828 Christi
944 1783 1065 1821 cum
1099 1767 1190 1823 illo
1241 1769 1384 1837 quod
1414 1769 1652 1839 suscepit
1684 1768 1736 1822 in
1774 1779 1929 1834 utero
1957 1770 2064 1823 vir-

2173 1795 2316 1834 nunc
2345 1789 2400 1833 et
2423 1779 2475 1832 in
2501 1785 2787 1840 mternum,
2812 1783 2868 1829 ct
2892 1789 3022 1829 caro
3058 1773 3125 1828 de
3165 1782 3324 1827 terra:
3359 1773 3580 1842 pulvere
3613 1788 3766 1826 resue
3795 1829 3799 1832 λ

482 1855 668 1925 ginali.
710 1855 882 1931 Quam
922 1857 1228 1928 vigilanter,
1281 1873 1443 1928 quam
1491 1868 1696 1942 aperte,
1742 1859 1829 1928 ﬁt,
1870 1860 2073 1931 inquit,

483 1965 647 2008 ιυιιιιιι
695 1964 895 2020 corpus
943 1949 1144 2016 Christi
1203 1966 1325 2017 cum
1387 1949 1480 2018 illo
1529 1952 1672 2020 quod
1717 1953 1954 2022 suscepit
2004 1950 2070 2016 de

480 2052 635 2112 lucro
678 2041 959 2113 virginali!
1003 2041 1140 2098 Vere
1169 2042 1314 2097 enim
1355 2051 1412 2110 et
1439 2043 1818 2113 incunctanter
1845 2043 2070 2102 credent

479 2134 628 2200 dum,
677 2132 730 2186 in
776 2133 895 2202 ipsa
935 2132 1325 2199 immolationis
1355 2134 1488 2208 hora
1521 2137 1588 2187 ad
1617 2136 1919 2204 sacerdotis
1947 2150 2070 2206 pre:

478 2239 596 2277 cem
645 2228 815 2293 cretus
864 2223 1090 2294 aperiri,
1121 2233 1178 2279 et
1208 2223 1340 2278 illud
1386 2226 1634 2295 angelico
1681 2227 1982 2281 ministerio
2013 2227 2066 2298 iu

476 2314 709 2368 sublime
757 2313 1032 2384 deportari
1075 2314 1280 2383 altare,
1331 2317 1476 2387 quod
1519 2327 1605 2383 est
1650 2319 1764 2388 ipse
1793 2317 2072 2389 Christus,

475 2407 565 2477 qui
609 2417 665 2462 et
699 2407 938 2478 pontifex
985 2417 1039 2463 et
1071 2408 1274 2474 hostia,
1316 2420 1676 2480 contactuque
1719 2412 1861 2474 illius
1900 2429 2066 2468 unum

475 2500 614 2574 lieri.
647 2517 664 2551 ι
695 2500 962 2569 Oquales,
986 2520 1004 2552 ι
1030 2510 1092 2570 ut~
1111 2501 1190 2569 ait
1220 2500 1279 2556 S.
1307 2501 1559 2572 Basilius,
1589 2513 1846 2571 (Oportet
1884 2520 2068 2568 sacer-

477 2589 623 2660 dotis
666 2606 786 2656 esse
817 2607 1031 2656 manus,
1066 2602 1339 2658 tantarum
1391 2609 1572 2660 rerum
1620 2595 1919 2664 ministras,
1949 2612 2068 2667 qua:

474 2696 818 2735 cornumneiu
849 2681 1138 2746 Dominum
1160 2683 1405 2754 angelico
1431 2684 1626 2738 iterum
1654 2694 1926 2748 revectum
1955 2686 2068 2741 oili-

472 2770 558 2838 cio
580 2771 809 2826 subinde
836 2773 1165 2843 contigerint
1190 2755 1358 2845 [qhod.,
1388 2774 1730 2847 contigerit]!
1765 2796 1784 2826 ι
1812 2775 1918 2840 Sed
1951 2776 2064 2846 jam

474 2861 832 2919 Paschasium
897 2864 1235 2921 Radbertum
1308 2866 1539 2922 sulIiciat
1600 2880 1942 2933 excusatum,
1996 2869 2064 2925 li.-

472 2954 740 3025 brnmque
766 2955 884 3026 ejus
916 2957 1266 3029 plurimorum
1300 2959 1521 3014 utilitati
1553 2958 1856 3024 defensum,
1885 2960 1975 3030 qui
2009 2960 2063 3014 in

472 3045 576 3110 hoc
621 3056 828 3100 tantum
875 3049 1145 3115 peccavit,
1187 3050 1314 3118 quia
1343 3050 1410 3118 de
1446 3051 1715 3105 sententia
1749 3051 1889 3105 beati
1929 3052 2064 3111 Αιιιιτ

417 3157 419 3161 '
471 3139 643 3194 hrosii
685 3154 790 3193 non
829 3141 1052 3194 verbum
1099 3143 1165 3196 de
1196 3143 1383 3209 verbo,
1425 3143 1519 3197 sed
1547 3159 1769 3214 sensum
1800 3142 1867 3198 de
1897 3159 2062 3199 sensu

473 3233 759 3302 expressit.
791 3231 942 3299 Quod
971 3244 1154 3289 autem
1188 3234 1383 3297 iterum
1415 3235 1700 3306 objiciunt,
1722 3251 1844 3290 eum
1867 3235 2068 3298 dixisse

477 3341 496 3376 ι
536 3324 695 3380 toties
748 3323 1025 3379 Christum
1071 3325 1182 3395 pati
1251 3327 1465 3396 quoties
1542 3327 1737 3383 missas
1787 3327 2067 3398 contingat,

471 3415 712 3485 quotidie
785 3414 1000 3488 ubique,
1038 3416 1341 3482 celebrari,
1380 3435 1400 3469 ι
1467 3433 1567 3493 ego
1627 3429 1775 3474 certe
1820 3419 1874 3472 in
1929 3418 2066 3484 libro

473 3507 592 3576 ejus
622 3521 729 3561 non
758 3508 975 3577 reperit:
1003 3523 1128 3565 cum
1174 3519 1229 3564 et
1275 3510 1611 3581 Augustinus
1645 3522 1701 3565 et
1741 3513 1944 3576 caueri,
1972 3511 2064 3574 illo

476 3608 719 3653 manente
741 3600 962 3670 integro,
991 3600 1194 3658 dicant.
1221 3601 1290 3665 Et
1311 3601 1369 3657 S.
1393 3603 1678 3657 Andreas:
1707 3622 1725 3654 ‹
1754 3604 1958 3675 Agnus,
1985 3604 2067 3661 in:

472 3692 611 3760 quit,
650 3693 705 3747 in
752 3708 852 3747 suo
902 3707 1068 3764 regno
1116 3694 1324 3767 integer
1369 3704 1682 3766 perseverat
1725 3705 1782 3750 et
1821 3699 1992 3751 vivus.
2039 3715 2058 3750 ι

471 3781 538 3835 Et
567 3781 758 3837 beatus
782 3781 979 3837 Petrus
1004 3799 1019 3836 :
1047 3802 1066 3835 ι
1097 3783 1366 3850 Christus,
1385 3785 1582 3856 inquit,
1613 3785 1780 3841 semel
1809 3801 1910 3856 pro
1937 3801 2064 3856 pec:

470 3875 605 3928 catis
630 3876 831 3930 nostris
861 3886 1106 3932 mortuus
1131 3886 1214 3933 est
1243 3877 1294 3948 (1
1318 3876 1464 3932 Petr.
1496 3895 1580 3944 ut,
1626 3881 1736 3951 18).
1775 3899 1794 3932 ι
1829 3880 1895 3934 Ει
1926 3879 2065 3938 Ρειυε

396 4002 402 4007 -
469 3968 555 4023 lus
583 3984 595 4020 :
628 3985 647 4019 ι
672 3967 922 4024 Christus
952 3985 1240 4042 resurgens
1258 3970 1372 4040 jam
1397 3988 1502 4028 non
1529 3974 1758 4028 moritur
1779 3973 1959 4044 (liam.
1988 3989 2060 4039 vr,

467 4060 523 4128 9)
545 4079 565 4112 ι
609 4077 624 4115 :
663 4069 719 4116 et
742 4076 882 4133 pene
909 4069 1051 4118 totus
1079 4071 1258 4139 textus
1280 4064 1532 4135 Epistolze
1553 4064 1622 4122 ad
1641 4064 1897 4124 llebneos
1919 4066 2062 4128 idem

469 4159 648 4206 sonat.

538 4261 629 4316 lx.
657 4261 763 4317 Sed
794 4263 1008 4319 illorum
1051 4263 1163 4334 jam
1214 4264 1433 4336 ineptiis
1480 4268 1938 4338 respondendum,
1969 4271 2061 4338 qui

472 4351 709 4406 humano
761 4362 853 4406 aut
889 4355 1072 4410 sarculi
1123 4369 1284 4410 sensu
1331 4356 1386 4412 in
1421 4355 1515 4411 Dei
1548 4359 1708 4412 rebus
1747 4367 1939 4428 putant
1984 4361 2063 4413 lo-

472 4443 770 4512 quendum.
823 4444 1085 4500 Dominus
1126 4448 1328 4502 etenim
1375 4458 1560 4504 noster
1594 4464 1700 4504 non
1733 4450 1799 4505 de
1827 4451 2059 4520 spiritali

2175 1870 2370 1926 scitata
2437 1869 2750 1923 viviticetur
2796 1867 2850 1919 in
2899 1864 3346 1919 novissimodie.
3420 1862 3768 1933 Quapropter

2172 1961 2326 2031 cujus
2367 1958 2573 2031 potenti
2622 1958 2821 2012 virtute
2868 1955 3024 2026 panis
3072 1955 3174 2010 iste
3245 1955 3551 2010 communis
3597 1969 3760 2025 quem

2171 2049 2723 2124 quotidiesuiniinus,
2751 2062 2874 2104 cum
2902 2046 2976 2101 sit
2997 2043 3283 2112 candidus,
3330 2053 3573 2111 mutatur
3614 2046 3774 2106 intra

2172 2163 2272 2202 nos
2317 2147 2370 2200 in
2426 2145 2662 2201 colorem
2727 2140 3082 2210 sanguineum
3125 2139 3231 2193 vel.
3261 2138 3426 2195 alium
3474 2139 3758 2197 humorem

2169 2235 2416 2306 ﬂuidum,
2445 2234 2615 2304 ipsius.
2637 2232 2880 2302 potentia
2912 2245 3041 2285 caro
3069 2238 3124 2283 et
3152 2230 3374 2299 sanguis
3403 2228 3520 2298 cjus
3545 2238 3760 2296 sumpta

2172 2344 2279 2392 non
2323 2329 2376 2382 in
2418 2327 2697 2388 noxiuset
2730 2320 3030 2394 superﬂuos
3075 2323 3355 2384 humores,
3387 2319 3482 2374 scd
3511 2319 3566 2372 in
3595 2333 3760 2372 carne

2169 2434 2296 2475 vere
2379 2415 2752 2472 resuscitauda
2824 2414 3020 2470 debeat
3069 2412 3339 2466 reservari
3391 2409 3757 2468 conformata.

2170 2517 2237 2572 Et
2259 2514 2585 2586 quiatotum
2616 2511 2758 2580 quod
2787 2508 3046 2573 diximus,
3078 2520 3182 2574 non
3211 2519 3282 2560 ex
3306 2511 3492 2561 nostro
3525 2501 3762 2570 sumpsi:

2170 2623 2322 2670 mus,
2359 2607 2425 2660 de
2464 2605 2567 2659 isto
2593 2604 2759 2657 etiam
2791 2601 2920 2672 quid
2959 2600 3178 2670 quidam
3212 2596 3430 2666 sapiens
3457 2591 3758 2658 dilIinierit,

2169 2703 2432 2757 dicamus.
2457 2718 2475 2750 ί
2501 2699 2734 2762 Scimus,
2752 2695 2945 2765 inquit,
2966 2694 3066 2748 hoc
3080 2699 3482 2748 sacramentum
3498 2688 3761 2760 mysterio

2169 2803 2231 2849 et
2246 2791 2550 2847 reverentia
2585 2788 2912 2844 omnimodis
2937 2801 2966 2840 a
2991 2783 3371 2840 communibus
3397 2783 3542 2838 escis
3573 2795 3755 2834 secer.

2169 2886 2406 2956 nendum
2455 2898 2576 2953 qua:
2614 2879 2844 2936 naturali
2875 2888 2931 2932 et
2963 2876 3400 2932 necessariousu
3431 2880 3774 2938 sumuntur:

2169 2980 2241 3033 ita
2265 2978 2410 3032 enim
2449 2989 2640 3030 oniues
2661 2981 3026 3043 exposuerunt
3074 2969 3217 3040 quod
3260 2965 3550 3038 Apostolus
3583 2965 3758 3020 dixit:

2174 3087 2192 3120 ι
2223 3068 2339 3122 Νοιι
2384 3065 2688 3136 dijudicans
2719 3083 2737 3116 ι
2767 3077 2965 3132 corpus
2985 3060 3207 3125 Christi,
3239 3059 3426 3122 id.est,
3477 3072 3508 3111 a
3540 3055 3762 3115 caneris

2093 3158 2136 3220 C
2167 3160 2309 3215 escis
2341 3173 2447 3212 non
2487 3159 2834 3218 discernens,
2872 3151 2955 3207 vel
2989 3152 3145 3221 cujus
3183 3148 3521 3206 excellentiae
3551 3148 3646 3210 sit,
3680 3147 3766 3205 in,

2169 3251 2540 3312 considerans,
2572 3248 2714 3317 quod
2751 3261 2917 3300 unum
2959 3245 3207 3314 idemque
3236 3251 3338 3298 est.
3371 3261 3389 3295 ι
3442 3239 3560 3296 Νωι
3611 3239 3760 3294 enim

2168 3339 2544 3398 excellentiam
2584 3337 2718 3408 ejus,
2747 3347 3030 3392 reveretur
3079 3335 3172 3405 qui
3214 3332 3450 3397 secessui
3483 3330 3760 3391 diciLobe

2167 3433 2430 3498 noxium,
2479 3431 2622 3485 sicut
2673 3439 2901 3485 czeteras
2942 3441 3117 3482 escas.
3171 3425 3278 3484 Sed
3333 3434 3514 3479 tamen
3564 3422 3762 3478 eodem

2169 3525 2352 3588 modo,
2383 3532 2643 3592 quantum
2676 3521 2742 3574 ad
2775 3519 3163 3574 comestionein
3210 3526 3270 3570 et
3295 3516 3553 3570 haustum
3583 3512 3760 3584 perii:

2167 3624 2280 3678 net,
2309 3611 2609 3683 percipitur
2653 3607 2821 3680 [cod.,
2850 3604 3270 3677 percipiuntur],
3316 3604 3573 3658 videlicet
3604 3601 3759 3671 trajie

2165 3705 2356 3759 ciemlo
2384 3718 2478 3773 per
2502 3719 2584 3767 os,
2611 3711 2668 3757 et
2697 3702 2749 3764 in
2774 3710 3017 3756 ventrem
3048 3696 3329 3754 mittendo.
3365 3695 3466 3752 Ubi
3494 3695 3627 3765 quid
3651 3695 3759 3748 Do-.

2166 3798 2346 3851 minus
2374 3797 2442 3850 de
2473 3794 2732 3863 mysterio
2772 3809 2869 3848 suo
2916 3807 3077 3862 agere
3110 3789 3367 3855 voluerit,
3399 3803 3512 3842 sua:
3553 3779 3763 3843 scimus

2169 3900 2379 3946 tantum
2411 3891 2685 3959 cognitum
2722 3903 2842 3942 esse
2876 3885 3162 3940 voluntati.
3195 3883 3411 3937 Scimus
3444 3881 3593 3935 enim
3621 3895 3760 3934 con-

2167 3984 2305 4040 Sinni
2325 3997 2480 4054 posse
2501 3981 2728 4052 spiritali
2749 3981 2977 4043 virtute;
3005 3977 3209 4032 scimus
3230 3985 3284 4029 et
3307 3973 3573 4028 reservari
3597 3986 3761 4041 posse

2167 4075 2623 4146 inconsumptibili
2682 4072 3081 4144 perennitate:
3113 4070 3239 4140 quia
3289 4079 3630 4136 quacunque
3687 4079 3761 4119 ex

2168 4171 2253 4226 his
2285 4169 2535 4225 Christus
2583 4167 2830 4238 elegerit,
2879 4166 2947 4219 de
2992 4179 3089 4218 suo
3130 4171 3472 4218 sacramento
3518 4159 3761 4229 perlicit,‘

2163 4262 2318 4316 Absit
2353 4270 2530 4315 tamen
2565 4268 2622 4312 Iit
2667 4267 2873 4312 tantum
2903 4256 3217 4326 mysterium
3257 4252 3494 4309 secessui
3533 4254 3629 4306 liat
3659 4250 3760 4305 ob.

2164 4355 2382 4409 noxium
2408 4355 2421 4407 ε
2448 4353 2500 4407 in
2529 4366 2637 4422 quo
2665 4350 2710 4406 si
2745 4349 2883 4404 forte
2912 4349 3045 4402 ordo
3075 4355 3281 4400 natura:
3327 4351 3600 4405 servatur,
3633 4356 3759 4412 my-

2165 4445 2406 4507 ‘sterium,
2461 4428 2602 4512 quod
2635 4440 2747 4496 sola
2777 4441 2881 4495 lide
2905 4437 3255 4507 conspicitur,
3311 4434 3648 4488 liuinilietur.
3698 4429 3760 4485 Si

470 4533 616 4597 cibo,
639 4533 732 4587 sed
757 4535 823 4588 de
845 4535 1048 4588 carnali
1080 4536 1288 4592 locutus
1312 4547 1412 4599 est,
1442 4554 1563 4593 cum
1587 4541 1822 4594 diceret:
1845 4558 1862 4591 ι
1884 4539 2057 4595 Omne
2089 4547 2134 4606 [)
2159 4551 2356 4606 corpus
2393 4536 2445 4589 in
2476 4547 2702 4606 corpore
2728 4531 2972 4587 ordinem
3003 4539 3203 4593 servat,
3236 4543 3343 4582 non
3377 4525 3612 4580 violatur
3641 4539 3761 4594 inyg

477 4623 621 4692 quod
665 4623 831 4678 intrat
877 4626 928 4679 in
969 4641 1050 4690 os,
1078 4627 1130 4680 in
1156 4638 1396 4681 ventrem
1426 4630 1596 4693 vadit,
1628 4640 1683 4684 et
1709 4630 1760 4683 in
1781 4645 2058 4686 secessum

478 4715 745 4770 emittitur
771 4715 988 4788 (Matth.
1017 4734 1108 4782 xv,
1131 4719 1242 4789 t7).
1276 4740 1294 4771 ι
1325 4719 1441 4775 Non
1473 4731 1653 4792 autem
1686 4721 1739 4775 in
1767 4721 2062 4793 Scripturis

473 4808 727 4862 ou'inihus
757 4823 970 4878 seraper
1010 4824 1109 4880 pro
1153 4812 1462 4880 categorico
1498 4811 1813 4883 syllogismo
1844 4813 2060 4883 praedir-

474 4900 624 4955 ﬁnite
653 4901 956 4970 accipitur:
987 4918 1133 4967 cum,
1163 4905 1262 4958 etsi
1291 4905 1355 4958 de
1380 4904 1536 4958 corde
1564 4915 1752 4958 exeunt
1785 4908 2062 4977 cogitatio-

476 5010 566 5048 nes
593 4992 748 5048 male:
788 4993 1008 5048 (Matth.
1034 4997 1263 5066 xv,19),
1320 5005 1379 5050 ut
1425 4996 1566 5051 idem
1597 4995 1858 5054 Dominus
1908 4999 2059 5064 dicit,

475 5101 586 5140 non
619 5095 854 5155 possunt.
894 5087 1046 5141 exire
1094 5088 1259 5143 etiam
1307 5090 1506 5144 home?
1555 5089 1883 5146 Calmnniati
1936 5101 2059 5146 sunt

477 5176 717 5231 haeretici
747 5192 814 5230 ex
850 5178 954 5248 hoc
998 5194 1281 5246 sermone,
1310 5182 1594 5236 Dominum
1629 5182 1863 5254 physicae
1910 5183 2062 5255 igna-

477 5281 596 5322 rum
627 5265 824 5332 fuiSSe;
865 5268 1083 5338 physica
1127 5272 1272 5327 enim
1304 5273 1385 5327 sic
1408 5289 1466 5328 se
1497 5272 1660 5328 habet
1698 5292 1720 5327 ι
1761 5273 1919 5345 Ignea
1951 5275 2064 5328 vir-

2163 4627 2388 4682 sterium
2419 4627 2561 4695 quod
2593 4621 2892 4678 divinitatis
2920 4621 3152 4674 lirmavit
3177 4625 3612 4680 sacramentum;
3654 4629 3758 4670 nec

2161 4721 2388 4791 spiritus
2448 4720 2648 4773 amittit
2692 4717 2836 4788 quell
2874 4715 2980 4770 [ide
3020 4714 3229 4784 integra
3277 4710 3333 4766 in
3375 4723 3435 4764 re
3481 4707 3759 4779 corporali

2163 4811 2481 4882 Spit-italiter
2504 4809 2755 4880 sumpsit.

2235 4903 2302 4958 Χ.
2337 4904 2442 4959 Sed
2482 4902 2595 4972 jam
2641 4903 2765 4956 i‘orti
2817 4899 3132 4972 syllogismo
3166 4897 3327 4968 quod:
3352 4893 3756 4967 praemisimus,

2164 4996 2564 5051 conclmiamns.
2595 4995 2918 5049 Dixeramus
2950 4993 3233 5046 Dominum
3263 5005 3368 5044 non
3399 4988 3466 5043 de
3495 4986 3760 5056 spiritali-

2163 5084 2264 5138 bus
2287 5085 2446 5149 cscis,
2473 5086 2566 5139 sed
2593 5085 2658 5138 de
2688 5081 3000 5137 carnalibus
3028 5078 3230 5133 dixisse
3258 5076 3470 5131 :Omne
3497 5074 3642 5145 quod
3673 5074 3759 5126 in-

2164 5185 2267 5229 trat
2299 5177 2354 5229 in
2391 5193 2468 5240 os,
2498 5185 2553 5229 et
2585 5175 2813 5244 reliqua.
2863 5173 2958 5226 Est
2990 5173 3150 5226 homo
3190 5170 3452 5231 exterior,
3481 5168 3573 5235 qui
3623 5180 3758 5220 cor-

2163 5269 2450 5337 rumpitur,
2482 5275 2646 5320 estet
2674 5265 2925 5328 interior,
2953 5264 3045 5334 qui
3089 5251 3401 5318 renovatur.
3434 5259 3534 5315 Est
3564 5267 3755 5312 autem
