3948 5350
535 356 639 411 illi)

1187 351 1568 409 SYLVESTRI
1608 350 1650 406 ll
1677 350 1880 436 ΡᾼΡιΕ
1916 350 2071 406 ΟΡΡ.
2104 350 2111 403 l

2215 349 2283 403 lS
2322 350 2385 406 ll.
2412 382 2478 392 --
2508 353 2594 406 DE
2626 352 2853 409 REBUS
2881 353 3161 411 ECCLES.

3697 357 3791 412 196

536 472 669 525 dare
736 467 946 522 laborat
992 466 1133 536 quod
1177 480 1369 536 magna
1422 471 1667 534 paratum
1715 464 1917 518 virtute
1976 464 2116 517 inter
2144 465 2193 522 Α
2222 471 2456 517 mentum
2503 463 2609 518 ulla
2655 465 2985 520 detineretur
3015 468 3282 521 custodia.
3331 468 3386 524 Si
3424 474 3569 525 enim
3600 483 3788 528 aucto-

534 560 673 615 alios
707 557 1006 613 constabat.
1053 555 1270 620 llorrui,
1301 555 1498 620 fateor,
1542 563 1596 610 et
1636 569 1771 624 quos
1802 565 1962 609 antea
2010 556 2117 610 for-

533 647 808 704 midabam
839 646 1063 718 gladios,
1121 660 1232 715 pra:
1274 645 1641 715 indignatione
1685 654 1860 698 vestra
1897 644 2115 713 postha‘

532 740 649 796 hui.
697 738 870 803 Nunc,
903 738 1026 807 quia
1076 736 1305 806 propitia
1359 737 1611 790 divinitas
1657 752 1840 791 coram
1890 737 2115 791 contulit

533 832 729 902 quibus
758 830 985 885 salutem
1019 846 1192 884 meam
1224 845 1437 898 semper
1470 830 1736 894 commisi,
1768 846 1937 900 pauca
1970 846 2113 885 sem-

532 939 629 987 per
660 921 1025 976 innocentiam
1059 935 1232 991 meam
1264 920 1515 983 referam,
1547 931 1601 975 et
1625 937 1858 991 quonam
1889 920 2113 975 consilio

532 1013 648 1065 urbi
682 1012 972 1066 Remorum
1005 1010 1258 1079 prtelatus
1289 1010 1390 1064 sim
1422 1010 1740 1083 edisseram.

601 1102 712 1170 Ego
738 1101 955 1169 quidem
983 1093 1103 1169 post
1131 1100 1334 1154 obitum
1366 1099 1473 1153 divi
1501 1099 1713 1177 Dttonis
1735 1083 1956 1169 Augusti
1987 1114 2109 1153 cum

531 1193 843 1267 statuissem
900 1207 1005 1246 nou
1062 1191 1340 1245 discedere
1395 1205 1425 1243 a
1480 1178 1725 1244 clientela
1779 1184 1950 1260 patris
2007 1189 2111 1245 mei

530 1282 919 1349 Adalberonis,
971 1283 1040 1338 ab
1086 1284 1272 1337 eodem
1322 1283 1579 1355 ignorans
1626 1284 1691 1336 ad
1749 1273 2111 1338 sacerdotium

528 1375 845 1445 prmelectus
868 1391 1009 1438 sum,
1026 1384 1206 1444 atque,
1238 1374 1289 1427 in
1317 1374 1433 1441 eius
1454 1373 1693 1428 discessu
1713 1374 1779 1428 ad
1804 1373 2109 1441 Dominum,

530 1481 710 1541 coram
755 1466 1055 1519 illustribus
1092 1466 1223 1519 viris
1264 1464 1476 1518 futurus
1515 1474 1700 1533 pastor
1734 1464 1975 1537 ecclesiae
2012 1466 2109 1519 de—

530 1558 797 1627 Signatus.
836 1556 943 1611 Sed
973 1557 1266 1610 simoniaca
1300 1557 1520 1610 haeresis
1549 1559 1602 1610 in
1635 1564 1801 1624 petra:
1837 1556 2110 1611 soliditate

530 1663 618 1701 me
667 1657 898 1702 stantem
953 1647 1231 1701 inveniens
1276 1646 1491 1716 repulit,
1527 1646 1809 1700 Arnulfnm
1854 1648 2106 1717 przetulit.

530 1737 625 1792 Cui
682 1751 861 1793 autem
917 1739 1199 1809 plusquam
1252 1740 1518 1808 oportuit,
1578 1739 1733 1793 fidele
1791 1737 2104 1808 obsequium

2212 553 2351 625 ritas
2391 564 2569 608 vestra
2608 571 2704 625 per
2750 572 2836 611 me
2881 568 3073 621 staret,
3109 567 3314 614 tantum
3352 562 3615 618 Arnull’us
3661 564 3794 622 vite~

2214 652 2412 709 secret,
2448 653 2509 700 ut
2550 648 2677 700 mihi
2714 646 2906 703 obesse
2960 650 3241 705 minimum
3290 648 3518 709 valeret.
3559 654 3716 722 Quod
3746 657 3791 713 si

2213 736 2485 789 contraria
2518 737 2648 790 mihi
2682 738 2846 807 (quob
2881 728 3076 809 absit!)
3100 744 3361 796 sententia
3393 754 3579 799 vestra
3602 747 3789 801 decer-

2213 837 2398 890 neret,
2424 815 2551 896 quid
2592 846 2707 883 mea
2735 832 3016 887 interesset
3044 844 3224 887 utrum
3247 822 3507 892 Arnulfus
3539 854 3608 892 an
3649 840 3787 895 alius

2213 918 2507 975 Remorum
2539 921 2961 979 constitueretur
2988 926 3308 997 episc0pus?

2282 1009 2400 1064 Jam
2438 1012 2503 1093 de
2538 1022 2688 1081 rapta
2715 1018 2931 1082 sponsa,
2962 1018 3198 1089 sedeque
3232 1035 3489 1088 pervasa,
3527 1023 3671 1090 quod
3708 1022 3789 1076 di-

2213 1100 2352 1182 citur
2374 1102 2717 1157 ridiculosum
2743 1118 2843 1159 est.
2874 1106 3000 1160 Dico
3021 1109 3163 1161 enint
3216 1111 3448 1178 primmn
3508 1129 3779 1181 nunquam

2214 1188 2356 1243 illius
2388 1188 2552 1245 fuisse
2588 1205 2840 1261 Sponsam
2871 1210 3055 1262 quam,
3095 1213 3191 1266 pro
3221 1186 3459 1267 legitima
3500 1192 3788 1255 donatione

2214 1272 2506 1348 spiritualis
2532 1282 2695 1344 dotis,
2735 1270 2945 1338 collatis
2972 1295 3097 1340 ante
3138 1287 3412 1344 beneficiis
3442 1284 3782 1361 exspoliavit,

2213 1372 2492 1439 proscidit,
2519 1373 2815 1428 dilaniavit.
2850 1375 3088 1430 Necdum
3124 1370 3443 1435 sacerdotali
3474 1384 3678 1437 annulo
3704 1387 3784 1437 in-

2213 1467 2440 1537 signitus
2461 1478 2596 1537 erat,
2614 1478 2666 1522 et
2691 1472 2802 1535 jam
2825 1471 3002 1523 omnia
3026 1488 3143 1540 quae
3172 1482 3364 1528 notata:
3385 1491 3598 1544 sponsm
3622 1476 3788 1532 fuisse

2212 1559 2567 1624 videbantur,
2635 1560 2894 1615 satellites
2947 1560 3185 1616 Simdnis
3236 1575 3603 1621 vastaverant.
3660 1545 3787 1623 Dico

2212 1649 2375 1703 etiam
2404 1664 2419 1702 :
2461 1648 2516 1703 Si
2547 1650 2876 1704 concedatur
2901 1652 3139 1718 quolibet
3172 1653 3330 1707 modo
3362 1655 3505 1709 illius
3528 1673 3786 1726 sponsam

2214 1738 2399 1805 fuisse,
2431 1740 2615 1808 utique
2638 1754 2757 1794 esse
2786 1740 2968 1804 desiit,
2997 1751 3279 1811 postquam
3311 1744 3571 1812 pollutam
3595 1757 3651 1800 et
3678 1748 3789 1800 vio-

529 1833 769 1898 exhibui,
797 1831 969 1886 donec
996 1847 1116 1886 eum
1146 1847 1242 1902 per
1264 1832 1459 1886 multos
1488 1841 1541 1886 et
1565 1848 1659 1901 per
1686 1848 1770 1887 me
1797 1842 2106 1901 apostatare
2136 1802 2183 1862 Β
2213 1831 2398 1893 latam,
2433 1839 2484 1883 et
2518 1829 2597 1899 (ut
2626 1829 2699 1883 ita
2727 1830 2924 1897 dicam)
2946 1830 3297 1886 adulteratam
3314 1835 3423 1888 suis
3444 1834 3788 1903 praedonibus

529 1920 705 1992 palam
735 1920 1060 1991 intelligens,
1085 1923 1209 1976 dato
1240 1916 1445 1991 repudii
1478 1920 1679 1986 libello,
1707 1938 1828 1976 cum
1858 1923 2109 1977 omnibus

528 2011 643 2064 suis
681 2011 995 2079 apostaticis
1038 2011 1332 2080 dereliqui,
1380 2026 1486 2065 non
1538 2026 1664 2080 spe,
1712 2026 1814 2064 non
1863 2010 2113 2080 pactione

529 2103 848 2170 capescendi
894 2101 1011 2171 ejus
1050 2102 1290 2166 honoris,
1324 2109 1383 2155 ut
1415 2101 1520 2156 mei
1564 2100 1740 2153 remuli
1779 2100 1983 2163 dicunt,
2018 2100 2113 2155 sed

530 2192 887 2247 mousmtosis
921 2193 1173 2259 operibus
1210 2192 1407 2247 diaboli
1450 2193 1668 2247 territus
1708 2192 1761 2245 in
1799 2191 1972 2263 elllgie
2016 2193 2115 2248 lto-

530 2285 693 2338 tninis
724 2283 1011 2350 latitantis;
1049 2302 1151 2339 non
1190 2285 1332 2350 ideo,
1369 2285 1611 2354 inquam,
1638 2284 1783 2338 illum
1822 2284 2110 2355 dercliqni,

529 2380 622 2432 scil
684 2393 750 2432 ne
805 2379 933 2435 illud
996 2380 1369 2449 propheticum
1425 2379 1757 2433 incurrerem
1808 2396 1823 2433 :
1875 2397 1893 2430 ι
1946 2378 2113 2446 lmpio

532 2471 742 2537 przebes
779 2471 1060 2537 auxilium,
1096 2479 1150 2525 et
1200 2471 1285 2524 his
1323 2470 1413 2540 qui
1481 2471 1713 2525 oderunt
1761 2470 1846 2524 m'e
1875 2470 2113 2524 amicitia

522 2557 791 2629 jungeris,
835 2570 892 2615 et
962 2561 1164 2633 idcirco
1211 2562 1424 2635 quidem
1475 2562 1610 2615 iram
1662 2561 1870 2615 Domini
1939 2576 2114 2616 mere-

531 2648 675 2703 beris
709 2648 759 2720 (I
807 2648 962 2714 Pan,
1028 2651 1165 2722 xu).
1205 2670 1224 2703 ι
1267 2651 1489 2717 Deinde,
1520 2652 1888 2707 sanctionibus
1938 2653 2114 2707 eccle-

528 2741 765 2797 siasticis
809 2758 905 2812 per
944 2742 1101 2808 longa
1144 2751 1441 2813 temporum
1484 2744 1655 2813 spatia
1698 2744 1932 2812 peractis
1972 2744 2115 2815 lege-

527 2848 632 2902 que
692 2835 1055 2905 peremptoria
1118 2844 1528 2899 consummata,
1587 2850 1709 2889 cum
1773 2834 1908 2889 nihil
1968 2835 2112 2889 aliud

529 2940 761 2985 restaret
795 2931 897 2985 nisi
942 2939 998 2983 ut
1030 2928 1317 2998 judiciaria
1354 2938 1620 2998 potestate
1666 2930 1925 3000 principis
1965 2944 2109 2985 coer-

529 3030 768 3084 ceretur,
801 3029 855 3073 et
890 3029 1143 3090 tanquam
1185 3020 1474 3075 seditiosus
1504 3029 1557 3073 et
1590 3019 1805 3074 rebellis
1848 3035 1876 3072 a
1914 3019 2113 3088 princi-

2210 1920 2511 1991 prostituit.
2544 1917 2681 1973 Num
2724 1920 2885 1991 igitur
2917 1932 3072 1983 eam,
3114 1932 3205 1977 aut
3246 1937 3405 1991 quam
3436 1940 3542 1977 non
3575 1925 3787 1993 habuit,

2212 2018 2307 2066 aut
2335 2027 2496 2081 quam
2528 2028 2626 2068 suo
2660 2012 2863 2068 scelere
2895 2014 3168 2084 perdidit,
3214 2012 3354 2071 illius
3410 2032 3666 2087 sponsam
3696 2036 3790 2073 ra-

2210 2104 2301 2174 pui
2327 2104 2349 2157 ?
2374 2103 2564 2183 Sedem
2591 2114 2767 2159 autem
2799 2105 3143 2183 multitudine
3172 2109 3489 2179 populorum
3522 2110 3783 2165 refertam

2213 2197 2416 2250 advena
2440 2180 2494 2251 et
2522 2198 2859 2267 peregrinus.
2895 2180 3095 2271 nullius
3134 2184 3303 2252 frctus
3340 2200 3553 2270 opibus,
3590 2214 3788 2270 perva-

2212 2286 2339 2341 dere
2377 2287 2467 2356 qui
2518 2288 2664 2357 potui
2695 2288 2718 2341 ?
2749 2288 2853 2342 Sed
2901 2287 3042 2343 forte
3077 2289 3369 2357 apostolica
3424 2290 3581 2346 sedes
3632 2294 3789 2347 nobis

2212 2379 2544 2447 opponitur,
2594 2387 2844 2447 tanquam
2895 2392 2958 2432 ca
3007 2378 3305 2433 inconsulta
3361 2395 3633 2434 sumntum
3687 2381 3789 2437 boc

2212 2470 2484 2539 negotium
2511 2469 2812 2524 discussum
2860 2471 2949 2534 sit,
2996 2470 3079 2526 vel
3130 2472 3452 2541 ignorantia,
3481 2472 3563 2527 vel
3595 2482 3790 2527 contu-

2212 2561 2406 2616 macia.
2435 2559 2595 2615 Certe
2640 2562 2771 2614 nihil
2792 2571 2969 2616 actum
2992 2570 3076 2617 est
3097 2563 3177 2615 vel
3207 2564 3472 2633 agendum
3500 2564 3623 2630 fuit,
3647 2566 3788 2634 quod

2214 2655 2525 2724 apostolica:
2550 2657 2662 2710 sedi
2696 2656 2924 2709 relattun
2951 2674 3055 2712 non
3089 2640 3271 2722 fuerit,
3305 2660 3545 2728 ejusdem
3577 2677 3680 2730 per
3706 2662 3794 2716 de-

2213 2757 2329 2802 cem
2357 2756 2405 2800 et
2435 2756 2558 2801 octo
2586 2762 2799 2802 menses
2833 2758 3140 2818 exSpectata
3188 2752 3473 2804 sententia.
3523 2752 3632 2805 Sed
3664 2752 3791 2805 dum

2212 2837 2279 2891 ab
2310 2837 2616 2899 hominibus
2653 2838 2935 2892 consilium
2980 2853 3085 2892 non
3134 2841 3371 2909 capitur,
3414 2842 3482 2894 ad
3530 2840 3655 2895 Filii
3698 2841 3796 2895 Dei

2214 2928 2621 2997 supereminens
2664 2927 2932 2996 eloquium
2988 2932 3287 2983 recurritur
3333 2947 3344 2983 :
3383 2948 3401 2981 ‹
3459 2929 3517 2985 Si
3568 2929 3794 2992 oculus,

2216 3017 2411 3087 inquit,
2458 3027 2580 3072 tuus
2630 3020 2958 3073 scandalizat
3013 3029 3092 3083 te,
3144 3036 3274 3076 erue
3307 3037 3454 3085 eum,
3485 3032 3543 3076 et
3589 3023 3798 3091 projice

529 3111 635 3181 pali
684 3111 941 3165 cathedra
997 3120 1397 3172 removeretur;
1448 3110 1562 3179 lege
1608 3108 1847 3165 Africani
1895 3110 2108 3165 concilii
2137 3147 2184 3209 ϐ
2219 3107 2365 3161 illum
2415 3108 2512 3162 abs
2572 3116 2644 3163 te.
2676 3107 2886 3180 (Matth.
2926 3123 3049 3181 νδ»
3093 3110 3158 3164 Et
3187 3111 3407 3166 fratrem
3450 3122 3795 3181 peccantem,

530 3204 723 3257 iterum
772 3219 801 3256 a
854 3202 1117 3257 fratribus
1154 3203 1286 3257 meis
1329 3212 1384 3255 et
1434 3203 1584 3272 regni
1623 3203 1946 3271 primatibus
1984 3218 2112 3257 con-

528 3304 722 3348 ventus
765 3302 821 3348 et
864 3294 1226 3349 commonitus
1270 3300 1521 3357 sum,ut,
1576 3291 1793 3346 excluso
1841 3300 2108 3361 apostata,

528 3398 714 3439 curam
748 3383 958 3438 discissi
998 3393 1053 3437 et
1090 3383 1333 3436 dilaniati
1363 3398 1694 3451 susciperem
1727 3382 1935 3452 populi;
1968 3382 2110 3451 quod

530 3476 748 3546 quidem
780 3477 868 3529 diu
902 3475 1106 3540 distuli,
1141 3484 1193 3529 et
1236 3483 1420 3543 postea
1463 3490 1567 3527 non
1613 3474 1748 3528 satis
1785 3485 1974 3542 sponte
2017 3489 2111 3530 ac-

530 3567 733 3637 quievi,
769 3567 1022 3636 quoniam
1066 3583 1184 3635 quae
1236 3574 1625 3621 tormentorum
1664 3580 1857 3635 genera
1898 3580 1984 3620 me
2021 3582 2115 3622 co-

533 3660 877 3722 mitarentur,
918 3658 1244 3713 omnimodis
1295 3657 1553 3712 intellexi.
1605 3658 1728 3713 Haec
1774 3665 1859 3719 est
1900 3660 2111 3712 viarum

532 3766 774 3803 mearum
829 3748 1179 3820 simplicitas,
1233 3750 1346 3803 haec
1401 3750 1721 3804 innocentiae
1767 3751 2007 3819 puritas,
2058 3759 2113 3805 ct

530 3853 713 3893 coram
744 3839 971 3893 Dontino
999 3848 1053 3893 et
1082 3840 1231 3893 vobis
1262 3839 1633 3893 sacerdotibus
1665 3840 1717 3892 in
1749 3841 1834 3894 his
1860 3838 2111 3895 omnibus

534 3932 731 3985 munda
777 3920 1133 3986 conscientia.
1181 3930 1287 3985 Sed
1334 3946 1461 3986 ecce
1494 3948 1558 3985 ex
1602 3932 1827 3986 adverso
1876 3934 2113 3987 occurrit

532 4026 932 4091 calumniator;
967 4041 1158 4080 vocum
1184 4025 1531 4090 novitatibus,
1565 4034 1624 4079 ut
1669 4024 1841 4094 major
1885 4025 1980 4079 fiat
2024 4026 2111 4081 in-

530 4116 694 4179 vidia,
738 4098 1087 4184 obloquitur:
1130 4114 1411 4169 Dominum
1461 4124 1611 4168 tuum
1660 4115 1950 4178 tradidisti,
1989 4130 2113 4170 car-

529 4207 643 4260 ceri
687 4207 1028 4275 mancipasti,
1062 4213 1314 4275 sponsam
1346 4206 1463 4275 ejus
1493 4206 1738 4277 rapuisti,
1770 4208 1949 4262 sedem
1990 4222 2113 4277 per-

531 4297 739 4349 vasisti.
773 4296 920 4350 ltaue
951 4311 1050 4366 ego
1080 4296 1357 4350 dominum
1399 4296 1618 4359 tradidi,
1650 4296 1802 4363 cujus
1832 4313 2108 4367 nunquam

532 4402 723 4442 servus
767 4386 985 4452 fuerim,
1018 4388 1102 4442 cui
1136 4389 1297 4441 etiam
1340 4386 1543 4440 nullum
1585 4389 1910 4441 sacramenti
1940 4404 2109 4458 genus

2212 3212 2391 3251 coram
2424 3198 2648 3252 testibus
2681 3214 2973 3267 coramque
3000 3199 3241 3255 Ecclesia
3273 3202 3691 3269 commouitum,
3742 3216 3801 3258 et

2212 3304 2317 3342 non
2374 3288 2833 3360 obtemperantem
2858 3332 2872 3355 ,
2904 3292 3145 3346 decernit
3187 3294 3490 3350 habendum
3531 3305 3795 3365 tanquam

2212 3377 2485 3432 ethnicum
2525 3390 2581 3433 et
2606 3380 2972 3449 publicanum.
3006 3381 3313 3439 Couventus
3341 3400 3469 3454 ergo
3494 3384 3792 3447 Arnnlfus,

2213 3471 2576 3525 commonitus
2606 3471 2799 3527 litteris
2844 3482 2899 3526 et
2937 3473 3126 3541 legatis
3161 3477 3535 3545 ep'scoporum
3577 3474 3794 3537 Gallize,

2212 3568 2326 3613 uta
2358 3568 2537 3628 erepto
2561 3561 2744 3615 furore
2771 3561 3075 3629 desisteret,
3107 3573 3184 3630 et,
3213 3564 3256 3618 si
3290 3566 3511 3627 valeret,
3538 3581 3794 3636 quoquo-

2212 3650 2371 3703 modo
2392 3666 2449 3704 se
2471 3650 2792 3720 proditionis
2831 3651 3036 3707 scelere
3067 3662 3356 3723 purgaret;
3406 3656 3535 3709 dum
3582 3658 3794 3711 monita

2212 3742 2451 3795 salubria
2477 3744 2793 3807 contemnit,
2821 3743 3036 3799 habitus
3065 3755 3149 3799 est
3177 3757 3432 3815 tanquam
3456 3748 3710 3803 ethnicus
3739 3757 3796 3802 et

2213 3831 2549 3903 publicanus.
2578 3832 2688 3888 Nec
2725 3840 2902 3887 tamen
2944 3836 3146 3891 idcirco
3180 3836 3507 3904 dijuditatur
3535 3849 3594 3892 ut
3615 3841 3800 3894 ethni-

2213 3943 2329 3991 cus,
2356 3926 2427 3979 ob
2464 3926 2607 3980 sedis
2649 3926 2958 3993 apostolicae
3004 3930 3384 3994 reverentiam,
3417 3931 3672 4001 sacrique
3700 3948 3797 3986 sa-

2213 4018 2436 4072 cerdotii
2468 4018 2778 4087 privilegia;
2809 4018 2903 4073 sed
2926 4035 2953 4071 a
2978 4020 3155 4085 seipse
3182 4021 3233 4074 itt
3257 4022 3492 4092 seipsum
3520 4024 3797 4078 sententia

2215 4107 2574 4161 damnationis
2622 4108 2853 4178 prolata,
2913 4110 3015 4164 hoc
3069 4111 3240 4165 solum
3288 4112 3340 4164 itt
3378 4112 3524 4165 omni
3558 4112 3666 4166 vlta
3696 4126 3798 4168 sua

2212 4198 2470 4266 praeclare
2495 4195 2668 4268 egisse
2696 4194 3047 4266 dijudicatum
3076 4214 3180 4256 est.
3222 4201 3356 4271 Quia
3405 4203 3661 4258 nimirum
3702 4205 3751 4258 si
3779 4246 3797 4269 ,

2213 4302 2272 4341 se
2300 4289 2415 4358 ipso
2445 4290 2752 4353 damnante,
2781 4292 3017 4361 episcopi
3041 4294 3401 4355 absolverent,
3431 4310 3648 4362 pmnatn
3674 4310 3799 4349 sce-

2213 4376 2342 4431 leris
2394 4378 2509 4447 cju‘s
2561 4378 2917 4435 incurrerent.
2960 4400 2977 4431 ε
3015 4381 3103 4444 Si,
3154 4383 3357 4452 inquit,
3406 4383 3632 4453 Mtguus
3685 4384 3801 4439 Leo

535 4480 944 4549 nigriquampic)
978 4480 1355 4549 pmstiterim?
1385 4479 1488 4533 Sed
1527 4479 1572 4533 si
1605 4479 1675 4531 illi
1706 4482 1770 4532 ad
1803 4490 2010 4549 ιειιηιιιε
2035 4479 2111 4533 fa-
2141 4489 2191 4552 ο
2218 4484 2381 4538 papa,
2410 4485 2598 4524 omnes
2647 4474 2953 4526 sacerdotes
2992 4482 3048 4527 et
3095 4475 3324 4527 mundus
3368 4478 3636 4529 assentiat
3674 4476 3802 4547 (sic)

472 4574 475 4577 ⁷
531 4570 765 4625 mulatns
797 4584 936 4633 sum,
970 4569 1095 4624 fecit
1125 4572 1223 4623 hoc.
1247 4570 1538 4640 imperium
1561 4569 1729 4637 patris
1749 4570 1849 4622 mei
1881 4569 2114 4623 Adalbe—

532 4664 702 4727 ronis,
730 4664 819 4734 qui
860 4680 945 4719 me
991 4665 1041 4717 itt
1069 4663 1322 4718 Remensi
1368 4664 1594 4718 ecclesia
1622 4665 1948 4719 commerari
1978 4674 2115 4734 prae-

530 4756 702 4825 cepit,
755 4756 1103 4825 quoadusque
1153 4745 1421 4823 pontificis
1471 4756 1522 4809 itt
1578 4770 1639 4810 ea
1688 4755 1887 4810 sacrati
1936 4770 2114 4810 mores

531 4857 794 4915 actusque
824 4848 1216 4916 dignoscerent.
1252 4846 1401 4913 Quod
1429 4846 1554 4901 dum
1580 4849 1851 4917 opperior,
1879 4847 2109 4901 hostium

531 4940 711 5007 praeda
758 4938 932 4994 factus
959 4955 1097 5004 sont,
1132 4948 1187 4993 et
1214 4954 1334 5007 qua:
1368 4949 1549 4994 vestra
1586 4939 1948 4993 munificentia
1996 4954 2109 4991 ma-

506 5046 870 5101 gnorumque
906 5032 1101 5086 ducum
1134 5030 1358 5101 largitas
1400 5029 1547 5085 clara
1581 5038 1636 5084 et
1681 5029 1948 5098 praecipua
1981 5045 2112 5084 con-

532 5123 753 5190 tulerat,
790 5125 1021 5180 violenta
1063 5126 1376 5194 pratdonum
1420 5138 1612 5178 manus
1642 5123 1882 5188 abstulit,
1914 5136 2109 5191 meque

530 5225 670 5280 pene
711 5212 913 5267 nudum
959 5212 1151 5282 gladiis
1193 5213 1304 5267 suis
1338 5221 1582 5279 ereptum
1631 5211 1818 5266 doluit.
1868 5211 2110 5279 Denique

1715 5304 1727 5315 ⁸
1776 5318 1789 5335 1-
1824 5310 1874 5336 Δ.
1911 5302 2103 5336 {lina-vn

2215 4561 2549 4620 damnandis,
2567 4564 2841 4617 damnatio
2858 4566 3254 4618 consentientes
3272 4564 3519 4629 involvit,
3534 4583 3641 4620 non
3657 4582 3802 4634 pra:-

2216 4654 2601 4707 varicationcut
2657 4669 2954 4709 consensus
3001 4655 3246 4708 absolvit.
3300 4653 3412 4708 lloc
3460 4656 3607 4709 enim
3656 4656 3802 4710 Deus

2215 4745 2456 4799 omnium
2493 4744 2773 4809 iudicavit,
2801 4746 2891 4814 qui
2926 4756 3234 4814 peccantem
3263 4746 3520 4798 nmndum
3552 4745 3797 4814 generali

2202 4837 2421 4901 diluvio
2455 4838 2748 4890 interemit.
2782 4856 2800 4888 ι
2834 4836 2900 4890 Et
2943 4852 3076 4905 papa
3127 4835 3412 4890 Gelasius:
3447 4854 3465 4886 ι
3500 4834 3672 4889 Error
3704 4837 3799 4905 qui

2216 4932 2384 4986 semel
2414 4941 2500 4986 est
2528 4947 2649 4986 cum
2712 4948 2809 4986 suo
2850 4944 3072 4985 auctore
3103 4939 3407 4995 damnatus,
3444 4930 3498 4984 in
3533 4932 3802 5001 participe

2211 5022 2452 5090 quolibet
2480 5036 2657 5089 pravae
2706 5020 3102 5077 communionis
3121 5017 3312 5075 effecto
3356 5020 3797 5076 exsecrationem

2214 5114 2297 5166 sui
2327 5112 2503 5182 gestat
2526 5122 2581 5166 et
2611 5128 2843 5182 poenam.
2877 5131 2897 5164 ι

2282 5200 2517 5259 Exctuso
2567 5205 2747 5274 itaque
2795 5204 2884 5259 illo
2933 5204 3001 5260 ab
3042 5204 3295 5260 Remensi
3346 5204 3603 5271 ecclesia,
3662 5204 3795 5261 mihi

2213 5294 2499 5320 ..Αιηλιιιυιιέ
2551 5296 2762 5320 ..μ-.Ιι-....
2785 5311 2884 5320 -..Α
2916 5311 2970 5320 -.-
3012 5311 3125 5320 --.“
3153 5310 3341 5320 η------
3364 5311 3480 5320 -.-ο-
3536 5304 3583 5320 ,ι
3619 5295 3794 5320 -ΔΙ...-
