3948 5350
526 324 631 401 tse'

883 331 1273 394 SYLVESTRI
1316 331 1360 388 ll
1404 329 1611 387 PAPIE
1658 325 1810 386 OPP.
1851 323 2033 381 PARS
2070 321 2134 379 ll.
2171 350 2242 363 —
2277 320 2365 377 DE
2400 316 2631 375 REBUS
2663 312 2947 373 ECCLES.
2970 310 3260 391 '—CONC.
3298 306 3464 366 R031.

604 457 671 514 Et
692 452 1056 511 laudaverunt
1076 461 1265 505 omnes
1285 445 1494 517 pariter
1515 443 1886 499 acclamantes
1900 439 2119 511 placere
2145 444 2196 504 Α
2293 433 2532 491 Joannes
2560 428 2940 486 Bononiensis.

531 550 657 613 sibi,
680 563 745 603 ac
770 546 1014 601 dicentes
1045 541 1422 597 clamaverunt
1447 555 1460 592 :
1489 536 1631 604 Fiat,
1663 534 1775 589 ﬁat.

601 637 948 707 Promulgata
973 640 1100 689 sunt
1131 633 1246 687 [nec
1270 643 1412 684 anno
1453 626 1557 682 997
1590 621 1980 681 incarnationis
2012 622 2120 678 llo-

528 733 769 792 rninieac,
794 730 879 784 die
896 724 1121 781 Kalend.
1149 722 1432 787 Maiarum,
1462 719 1646 774 indict.
1675 733 1735 780 ll,
1766 715 1865 770 sub
1887 715 2124 770 clemen-

535 824 747 882 tissimo
769 818 996 890 imperio
1013 815 1296 871 memorati
1321 812 1581 882 principis
1601 809 1835 873 Ottonis,
1857 805 2121 878 siquidem

536 913 717 977 tertii;
746 920 801 966 et
831 907 1239 965 subscribenles
1265 904 1730 958 conﬁrmaverunt
1750 897 1987 968 episcopi
2028 894 2122 964 qui

538 1005 865 1068 intererant,
911 1014 968 1055 et
1010 997 1314 1070 presbyteri
1364 992 1671 1051 cardinales
1708 988 1964 1046 Ecclesia:
2011 987 2123 1043 lla-

537 1109 698 1149 venn.

611 1184 677 1241 ϐ.
715 1185 785 1240 Α.
825 1183 894 1239 R.

617 1275 851 1332 Ubertus
878 1274 1164 1331 Liviensis.

617 1369 886 1425 Albardus
913 1368 1192 1424 Sarsinas.

2293 525 2646 582 Baitnbaldus
2674 521 3060 587 Corneliensis,

2304 618 2703 690 llildeprandus
2729 614 3078 671 Faventinus.

2292 711 2560 780 Georgius
2586 704 2974 761 Centacleusis.

2298 799 2563 870 Georgius
2584 796 2855 853 Caesenas.

2298 893 2410 949 Leo
2438 887 2773 945 Ficodensis.

2300 984 2602 1055 Teupertus
2630 974 2970 1050 Pupiliensis.

2299 1073 2747 1144 Cbristopborus,
2775 1077 2831 1125 et
2851 1066 3104 1132 Guinizo,
3129 1062 3305 1119 nuntii
3335 1070 3540 1118 sanctae
3559 1060 3815 1117 Parmen-

2225 1169 2308 1226 sis
2336 1165 2611 1221 Ecclesire.

2236 1262 2241 1267 '
2305 1259 2561 1321 Joannes,
2590 1261 2646 1310 et
2669 1251 2928 1317 Joannes,
2959 1257 3016 1305 et
3045 1247 3285 1303 Vannius
3314 1242 3643 1316 presbyteri.

2309 1351 2655 1417 Anastasius,
2679 1358 2734 1406 et
2762 1348 2905 1403 Deus
2933 1345 3102 1410 dedit,
3130 1341 3351 1406 Paulus,
3382 1348 3439 1394 et
3466 1338 3595 1394 Leo.

549 1447 3790 1520 Μ

1414 1599 2209 1721 CONCILIUM
2278 1586 3006 1709 ROMANUM

1782 1828 1973 1890 Ann’o
2010 1827 2168 1890 1002
2201 1822 2597 1888 Celebratum

1335 1974 1797 2034 PRIESIDENTE
1828 1971 2241 2031 SYLVESTRO
2279 1970 2343 2026 ll.
2372 1967 2736 2027 PONTIFICE
2774 1965 3070 2030 MAXIMO,

1157 2118 1236 2179 In
1273 2134 1395 2198 quo
1431 2116 1597 2177 inter
1628 2120 1849 2175 cwtera
1877 2110 2141 2174 abbatiw
2168 2108 2492 2171 Perusina:
2524 2107 2886 2169 immunitas
2921 2111 3181 2166 asserta.

1237 2219 1245 2227 .
1592 2253 1769 2326 (Apud
1796 2250 1991 2319 Labb.,
2024 2248 2183 2304 Cone.
2215 2255 2346 2304 tom.
2371 2245 2465 2313 1X,
2492 2261 2619 2318 pag.
2645 2242 2829 2315 1247.)

2048 2370 2383 2383 ..ι-

631 2489 976 2558 Quaecunque
1005 2492 1127 2539 utes
1149 2480 1393 2552 judiciali
1414 2477 1620 2539 calculo
1642 2475 1993 2540 deﬁniuntur,
2012 2473 2150 2543 opti-
2180 2479 2207 2537 Ι

2274 2493 2395 2546 ium
2420 2490 2675 2547 Ecclesia:
2697 2497 2802 2544 lixa:
2842 2502 3018 2559 neque
3040 2483 3309 2551 subtraxi,
3339 2498 3516 2555 neque
3541 2481 3835 2539 subducere

557 2596 708 2637 mum
737 2586 901 2633 estut
926 2573 1205 2644 scriptoris
1228 2569 1403 2626 oﬁieio
1432 2565 1899 2629 commendentur,
1923 2578 1991 2618 ne
2021 2576 2148 2632 pre-

562 2679 738 2725 tractu
769 2679 1068 2737 temporum
1108 2661 1364 2719 oblivioni
1410 2657 1800 2721 succumbant,
1830 2662 1887 2709 et
1911 2651 2152 2709 recidire

561 2771 683 2819 ortu
713 2759 1047 2832 praeteritum
1076 2768 1316 2811 errorem
1347 2751 1628 2821 incipiant.

634 2852 969 2909 Praesidente
1012 2849 1195 2917 itaque
1238 2845 1435 2900 denmo
1480 2840 1744 2895 Silvestre
1787 2837 1860 2905 π,
1899 2837 2156 2892 Romanae

564 2945 711 3002 sedis
751 2942 1040 3013 pontiﬁce,
1081 2939 1136 2993 in
1173 2939 1379 3009 synodo
1408 2933 1592 2988 habita
1636 2933 1689 2987 in
1737 2929 1938 3002 palatio
1967 2940 2155 2983 saero-

565 3046 758 3092 sancto
795 3029 1150 3087 Laterauensi
1171 3066 1190 3095 ,
1218 3042 1362 3081 anno
1390 3033 1584 3095 quarto
1625 3019 1985 3077 ordinationis
2014 3031 2156 3080 suae,

569 3125 777 3181 mensis
806 3121 1114 3178 Decembris
1140 3120 1228 3174 die
1250 3118 1427 3183 tertia,
1448 3115 1741 3171 indictione
1766 3113 1959 3182 prima,
1988 3108 2164 3164 astitit

571 3217 771 3274 Petrus
810 3212 1132 3271 scriniarius
1172 3207 1411 3280 ejusdem
1458 3205 1602 3261 sacri
1647 3202 1952 3274 palatii,et
1977 3212 2162 3255 coram

571 3310 827 3365 universa
857 3305 1064 3378 synodo
1099 3303 1242 3357 hunc
1277 3296 1503 3369 protulit
1548 3306 1888 3355 sermonem,
1936 3290 2162 3345 dicens:

577 3423 597 3457 ι
632 3401 857 3457 Domine
882 3413 1042 3470 papa,
1076 3395 1165 3449 bic
1203 3392 1375 3447 abbas
1415 3399 1539 3445 tuus
1568 3387 1635 3441 de
1663 3385 1890 3441 Perusia
1919 3382 2169 3452 queritur

573 3497 837 3552 adversus
871 3492 1149 3548 Cononem
1188 3483 1511 3541 Perusinum
1553 3480 1906 3550 episcOpum,
1947 3474 2039 3544 qui
2081 3489 2169 3527 ar-

576 3593 726 3641 mata
755 3596 919 3637 manu
950 3591 1173 3635 suorum
1199 3573 1498 3630 satellitum
1537 3571 1604 3625 de
1646 3569 1747 3623 sub
1785 3566 1955 3620 altare
1982 3578 2171 3619 mona-

576 3676 727 3733 sterii
750 3675 850 3739 tui,
874 3670 1029 3741 cujus
1051 3671 1165 3740 ipse
1188 3665 1428 3738 regimen
1460 3670 1630 3725 tenet,
1653 3659 1963 3714 abstractus
1984 3654 2167 3719 fuerit,

575 3784 636 3830 et
661 3776 943 3829 extractus
969 3767 1036 3820 de
1065 3762 1307 3821 ecclesia:
1325 3758 1529 3829 ianuis,
1558 3763 1614 3811 et
1644 3753 1872 3807 fratrum
1892 3747 2166 3812 claustris,

2254 2583 2394 2648 feci;
2448 2582 2548 2637 sub
2586 2579 2709 2650 jure
2755 2587 2812 2634 et
2863 2577 3102 2633 dominio
3147 2574 3404 2632 Ecclesia)
3447 2584 3652 2630 nostra:
3708 2572 3832 2627 illud

2254 2674 2455 2740 iuveni,
2478 2681 2532 2728 et
2571 2673 2645 2727 ita
2684 2685 2990 2741 possessum
3028 2682 3200 2735 usque
3233 2681 3378 2722 nunc
3408 2666 3581 2721 tenui.
3614 2664 3837 2720 Veniant

2255 2766 2536 2840 privilegia
2566 2775 2875 2820 nostrorum
2909 2769 3316 2817 anteeessorum
3343 2773 3631 2829 paparum,
3664 2765 3720 2812 et
3761 2752 3837 2808 bis

2258 2856 2512 2928 perlectis
2568 2864 2824 2910 censeant
2856 2852 3053 2907 fratres
3081 2850 3384 2922 co'episcopi
3428 2865 3553 2920 qua:
3581 2848 3656 2904 sit
3682 2846 3838 2917 aequia-

2258 2951 2386 3005 tatis
2417 2947 2706 3003 rectitude.
2741 2966 2760 2999 ι
2790 2945 3025 3000 Prolatis
3056 2958 3187 3015 ergo
3234 2943 3286 2996 in
3331 2942 3572 2996 medimn
3625 2938 3837 3009 privile-

2259 3041 2381 3114 giis,
2403 3036 2628 3093 Joannis
2653 3037 2859 3092 scilicet
2903 3051 3053 3106 papa:
3081 3044 3243 3102 atque
3268 3032 3540 3102 Gregorii,
3562 3030 3681 3100 ejus
3713 3044 3838 3101 pne—

2262 3135 2634 3193 decessorum,
2686 3143 2749 3182 ac
2788 3144 2971 3183 coram
3004 3126 3149 3181 omni
3197 3124 3401 3196 synodo
3451 3122 3733 3193 perlectis,
3777 3118 3843 3172 ait

2263 3223 2591 3296 episcopus:
2631 3238 2648 3272 ι
2679 3219 2966 3288 Pririlegia
3000 3220 3113 3273 lucc
3158 3232 3264 3271 non
3311 3214 3565 3285 reprobo,
3601 3211 3696 3267 sed
3741 3209 3845 3265 sine

2265 3327 2533 3368 Consensu
2578 3310 2941 3364 antecesseris
2988 3306 3115 3371 mei,
3153 3305 3304 3374 cujus
3344 3302 3686 3374 temporibus
3729 3298 3846 3354 illud

2266 3401 2417 3472 prius
2446 3398 2785 3469 privilegium
2816 3396 3014 3451 factum
3042 3405 3145 3461 est,
3176 3395 3377 3448 factum
3416 3391 3588 3447 fuisse
3619 3390 3773 3454 dico;
3803 3387 3845 3441 si

2269 3493 2442 3548 solum
2474 3491 2714 3546 viderem
2743 3504 3091 3555 consensum,
3140 3488 3397 3542 haberem
3439 3484 3570 3538 inde
3596 3492 3847 3537 mternum

2269 3586 2565 3644 silentium.
2606 3603 2625 3637 ι
2661 3584 2759 3639 Cui
2793 3598 2824 3639 e
2862 3593 3052 3639 contra
3099 3582 3277 3637 omnis
3300 3580 3481 3637 clerus
3510 3590 3716 3634 sanctae
3755 3574 3850 3629 flo-

2273 3693 2442 3733 mana:
2470 3675 2725 3732 Ecclesiae
2751 3675 2825 3728 ait
2850 3692 2863 3727 :
2910 3690 2928 3725 ι
2966 3673 3211 3728 Vidimus
3231 3687 3422 3727 omnes
3449 3669 3738 3733 epistolam
3766 3681 3851 3720 an-

2274 3767 2561 3826 tecesseris
2592 3767 2684 3830 tui,
2715 3765 2768 3820 in
2799 3780 2904 3834 qua
2928 3774 2977 3819 et
3007 3778 3305 3819 consensus
3330 3770 3467 3825 erat,
3498 3771 3555 3816 et
3586 3756 3850 3832 precibus,

579 3861 762 3919 omnia
792 3874 912 3928 qua:
942 3855 1014 3911 ibi
1045 3854 1263 3909 inventa
1308 3858 1436 3905 sunt
1477 3848 1544 3902 ad
1589 3845 1875 3899 utilitatem
1915 3838 2167 3905 fratrum,
2197 3862 2241 3924 ρ
2274 3870 2331 3915 ιη
2362 3860 2464 3914 hoc
2506 3859 2680 3923 nem,
2708 3857 2995 3926 episcopus
3035 3856 3233 3910 obnixe
3273 3854 3542 3925 posmlm;
3598 3852 3755 3921 cuius
3784 3848 3851 3904 rei

583 3950 875 4024 direptioni
916 3945 1319 4009 concesserint,
1359 3944 1427 3998 de
1453 3940 1651 4013 quibus
1680 3948 1886 4009 partem
1926 3934 2171 3988 noscitur

582 4044 787 4101 habere
814 4040 1133 4111 episcopus;
1180 4032 1437 4105 quoniam
1472 4030 1674 4085 eisdem
1707 4024 2008 4096 sacrilegiis
2030 4037 2174 4077 com-

586 4139 828 4194 municat
849 4135 1153 4206 episcopus,
1181 4128 1533 4198 ejusdemque
1558 4124 1803 4181 criminis
1831 4134 2172 4192 nequaquam

584 4230 831 4287 creditur
859 4226 1088 4281 alienus.
1119 4241 1136 4274 ι
1167 4221 1249 4276 Ad
1286 4234 1446 4290 quem
1488 4228 1729 4288 praesens
1754 4214 2033 4286 respondit
2054 4212 2173 4283 epi-

588 4332 822 4389 scopus:
857 4333 875 4367 ι
903 4313 1134 4369 Paratus
1157 4326 1277 4366 sum
1302 4324 1389 4365 me
1406 4322 1711 4379 expurgare
1730 4304 2023 4362 secundum
2048 4304 2178 4358 iste-

589 4424 714 4468 rum
743 4422 986 4464 meorum
1017 4404 1244 4460 fratrum
1265 4402 1547 4471 judicium,
1576 4399 1832 4470 quoniam
1855 4410 2033 4466 neque
2056 4410 2179 4450 mea

590 4498 976 4574 praeceptione,
1005 4509 1180 4565 neque
1205 4504 1325 4548 mea
1353 4490 1629 4546 voluntate
1668 4489 1720 4544 id
1748 4488 1949 4543 factum
1988 4486 2197 4552 fuerit;-

592 4601 650 4649 et
675 4592 721 4648 si
756 4591 926 4646 abbas
955 4588 1022 4643 de
1049 4585 1231 4656 aliquo
1250 4583 1381 4639 mihi
1405 4580 1787 4654 proclamaret,
1812 4586 1908 4632 aut
1932 4577 2001 4631 ad
2020 4575 2183 4631 satis-

595 4682 887 4740 factionem
915 4678 1065 4735 illum
1093 4690 1366 4747 cogerem,
1396 4682 1512 4740 aut,
1540 4672 1587 4727 si
1612 4685 1718 4725 non
1747 4682 1981 4739 possem,
2004 4681 2182 4720 meam

594 4774 829 4845 gratiam
858 4785 981 4827 cum
1008 4768 1157 4824 omni
1182 4764 1461 4822 beneﬁcio
1497 4761 1599 4817 sibi
1641 4759 2008 4817 defenderem.
2052 4755 2181 4821 Sed,

597 4866 843 4922 omnium
877 4859 1195 4933 pontiﬁcum
1228 4857 1421 4921 Pater,
1469 4853 1897 4909 misericordiam
1940 4858 2085 4903 tuam
2131 4855 2188 4902 et

601 4954 773 5011 totius
815 4959 1113 5008 conventus
1156 4945 1443 5019 praesentis
1471 4957 1658 5008 exoro,
1696 4948 1758 4994 ut
1805 4938 2008 4993 nullum
2055 4934 2188 4990 mihi

602 5041 1169 5115 hodierpra‘judieium
1203 5037 1320 5093 ﬁat.
1352 5036 1433 5092 Tu
1464 5035 1597 5090 mihi
1633 5030 1933 5088 Ecclesiam
1973 5026 2192 5083 Perusi-

605 5153 736 5194 nam
760 5131 1101 5198 commisisti,
1121 5138 1179 5186 et
1206 5138 1267 5185 ut
1288 5143 1386 5200 ego
1413 5140 1588 5196 neque
1617 5124 1763 5179 illam
1793 5120 2186 5182 imminuerem,

2275 3962 2440 4009 testes
2466 3967 2677 4016 sunms,
2722 3958 2777 4004 et
2822 3949 3119 4004 secundum
3153 3947 3472 4003 canonicam
3527 3947 3853 4001 sanctionem

2275 4059 2463 4100 verum
2534 4042 2701 4098 fuisse
2769 4042 3207 4112 comprobamus.
3262 4059 3281 4090 ι
3353 4039 3566 4094 Oblatis
3638 4038 3854 4107 denique

2276 4133 2604 4206 Evangeliis,
2630 4142 2685 4188 et
2726 4130 2940 4186 clericis
2973 4128 3160 4199 jurare
3188 4130 3412 4201 paratis,
3438 4128 3683 4199 episcopi
3729 4126 3855 4181 hanc

2278 4228 2544 4283 dederunt
2595 4223 2924 4280 sententiam
2968 4230 3029 4276 ut
3080 4230 3173 4275 aut
3216 4221 3506 4292 episcopus
3560 4215 3857 4275 teStimonia

2274 4318 2366 4374 illa
2393 4319 2679 4388 reciperet,
2720 4324 2773 4371 et
2818 4329 3035 4384 poenam
3065 4312 3337 4385 privilegii
3372 4310 3734 4383 persolveret,
3776 4315 3858 4363 aut

2280 4409 2668 4465 monasterium
2698 4406 2827 4461 illud
2858 4405 3136 4461 refutaret.
3182 4406 3479 4475 Episcopus
3521 4414 3706 4459 autem
3739 4415 3858 4475 pm:-

2282 4500 2460 4555 dictus
2488 4497 2672 4552 Comm
2706 4507 2908 4551 sancta:
2951 4495 3229 4552 Perusina:
3274 4495 3550 4557 Ecclesiae,
3601 4501 3861 4549 monaste'

2283 4589 2423 4645 rium
2457 4588 2583 4643 illud
2612 4588 3056 4658 praenominatum
3105 4588 3277 4643 sancti
3310 4587 3455 4642 Petri
3505 4601 3613 4642 non
3644 4586 3799 4655 longe
3832 4597 3857 4635 a

2283 4682 2543 4738 Perusina
2589 4680 2811 4736 civitate
2851 4681 3220 4745 constitutum,
3269 4696 3394 4734 eum
3437 4680 3694 4735 eritnibus
3729 4677 3790 4733 ad
3818 4672 3859 4728 itl

2286 4773 2677 4830 monasterium
2722 4773 3142 4842 pertinentibus,
3189 4781 3244 4826 et
3294 4772 3345 4827 in
3386 4770 3632 4842 prrefatis
3662 4767 3865 4843 privile-

2288 4868 2389 4940 giis
2416 4867 2664 4932 titulatis,
2688 4865 2906 4921 domino
2927 4879 3024 4920 suo
3049 4862 3312 4920 Silvestre
3335 4864 3487 4934 papae
3518 4862 3794 4923 refutavit,
3818 4866 3863 4912 ct

2288 4957 2512 5030 praelato
2559 4955 2739 5011 abbati
2785 4955 2933 5027 pacis
2974 4953 3220 5009 osculum
3249 4951 3521 5017 attribuit,
3561 4959 3731 5021 atque
3757 4960 3862 5003 cum

2290 5064 2350 5105 se
2396 5047 2703 5120 adiuturum
2753 5045 3010 5116 deinceps
3043 5044 3313 5116 promisit.
3365 5043 3500 5100 Post
3543 5043 3665 5099 lucc
3700 5053 3862 5098 autem

2292 5140 2435 5197 idem
2467 5136 2951 5193 reverendissimus
2977 5151 3113 5207 papa
3141 5135 3245 5192 hoc
3268 5151 3393 5191 cum
3434 5134 3702 5190 Romanis
3742 5129 3864 5203 judi-

609 5245 786 5302 neque
815 5225 1061 5285 imminui
1085 5223 1447 5280 consentirem
1466 5259 1482 5286 ,
1513 5233 1600 5274 me
1636 5214 1809 5302 fecisti
1844 5212 2050 5284 iurare.
2081 5209 2193 5265 Mo—
2222 5235 2271 5296 υ
2297 5231 2450 5288 cibus
2481 5229 2724 5286 decrevi,
2745 5237 2804 5283 ut
2825 5227 3138 5299 quicunque
3160 5226 3443 5283 Perusinne
3470 5226 3734 5282 Ecclesia:
3763 5221 3862 5293 cpi_

610 5326 903 5350 _--.-_:.....
949 5319 1076 5350 mm!
1148 5317 1291 5350 muni
1334 5317 1437 5350 iam
1481 5312 1647 5350 nhlmc
1692 5300 1837 5350 iam
1905 5308 1970 5350 ml
2012 5323 2191 5350 mnum

2297 5337 2488 5350 anAn-in
2521 5322 2662 5350 ιιι-..η
2691 5318 2965 5350 Ann-annm
3017 5318 3167 5350 "lam
3202 5333 3467 5350 mnununm
3510 5328 3701 5350 anni-III
3741 5317 3864 5350 lulllf‘
