3948 5350
185 240 272 296 2M
563 234 928 291 SILVESTRI
972 238 1011 291 l1
1055 237 1255 293 ΡᾹΡᾸΞ
1297 237 1446 294 OPP.
1490 237 1668 294 PARS
1706 239 1792 293 Ill.
1832 269 1901 282 —-
1937 237 2153 293 EPIST.
2201 240 2287 293 ET
2330 238 2605 296 DlPLOM.
2650 272 2713 281 —
2752 240 2945 295 SECT.
2987 243 3026 295 l.

3318 245 3423 301 ἵ.ὶῖ

1167 537 2431 697 GERBERTI

1566 825 1955 870 POSTMODUM

1008 999 1853 1130 SILVESTRI
1922 999 2034 1122 ll
2133 994 2580 1122 ΡΑΡᾹΞ

269 1285 713 1441 θΡΕΒΠΜ
795 1284 1093 1438 PARS
1203 1284 1393 1437 ΙΙΙ.
1487 1346 1605 1373 --
1686 1279 2241 1439 EPISTllLll}
2353 1283 2497 1436 ET
2578 1282 3283 1441 DIPLOMATA.

1462 1552 1973 1668 SECTIO
2060 1553 2154 1665 Ι.

336 1776 871 1913 Epistolas
926 1786 1203 1881 ante
1262 1803 1828 1878 summum
1880 1766 2669 1910 pontificatum
2727 1775 3223 1911 scriptae.

1212 1995 1544 2055 CURANTE
1584 1995 1864 2049 ANDREA
1910 1994 2321 2051 DUCIIESNIO.

900 2155 1175 2221 (Historia:
1201 2151 1532 2207 Francorum
1561 2148 1872 2218 Scriptores,
1915 2158 2045 2203 tom.
2078 2148 2142 2213 ll,
2176 2165 2295 2221 pag.
2331 2148 2615 2221 7898M.)

642 2464 969 2521 EPISTOIA
1009 2463 1216 2517 PRIMA
1229 2501 1245 2517 .

618 2570 681 2608 AD
708 2570 956 2610 O‘I’BONEM
992 2570 1133 2609 CESA
1143 2571 1272 2610 REI.

167 2642 170 2651 ί
230 2666 455 2721 Domino
482 2680 575 2720 suo
604 2665 809 2721 Ornos:
835 2666 1033 2721 Caesari
1062 2682 1276 2736 semper
1299 2667 1560 2738 Augusto,
1591 2668 1735 2723 Grn-

175 2776 351 2816 mt'ms
377 2757 654 2830 quondam
690 2758 844 2813 liber.
872 2760 1006 2813 Dum
1040 2774 1329 2829 regnorum
1361 2758 1571 2828 publica
1619 2775 1737 2827 pcr-

178 2848 324 2915 pendo
345 2848 585 2918 negotia,
609 2848 944 2902 serenissimi
970 2848 1173 2902 domini
1200 2849 1302 2903 mei
1322 2864 1483 2903 aures
1505 2850 1737 2919 prepriis

178 2955 416 3010 occupare
443 2954 759 3010 expavesco.
792 2939 1066 3011 Loquatur
1099 2940 1357 2994 Dominus
1389 2956 1539 2995 meus
1575 2955 1736 2994 servo

178 3044 257 3083 suo
290 3032 521 3100 propriis
546 3032 796 3100 epistolis
829 3032 988 3087 solito
1017 3046 1187 3096 more,
1219 3041 1276 3086 ιιι
1306 3028 1424 3095 ejus
1458 3031 1736 3085 servitutis

179 3119 533 3184 Iiatexhibitio,
551 3122 1100 3192 tollaturambiguitas
1112 3121 1478 3192 epistularum,
1494 3137 1613 3191 qua:
1627 3121 1738 3176 Cte-

180 3210 295 3262 saris
326 3213 489 3265 nostri
519 3212 838 3281 gravitatem
867 3227 1009 3281 saepe
1034 3211 1188 3266 nobis
1210 3219 1542 3281 compertam
1574 3226 1737 3280 agen-

181 3298 319 3360 tibus,
352 3301 619 3368 cognitam
663 3318 767 3356 non
808 3310 1213 3372 repraesentant.
1243 3300 1483 3370 Denique
1522 3302 1733 3372 signum

177 3389 266 3441 erit
287 3391 428 3445 nobis
449 3407 546 3445 vos
568 3392 724 3458 velle,
749 3403 841 3447 aut
872 3393 1032 3457 nolle,
1066 3392 1333 3446 sententia
1363 3390 1569 3460 prolata
1598 3392 1736 3446 bene

178 3488 254 3534 aut
269 3497 363 3536 non
380 3484 533 3538 bene.
557 3484 827 3550 Quantum
851 3485 998 3541 enim
1021 3486 1074 3539 in
1098 3486 1255 3541 nobis
1277 3493 1380 3549 est,
1403 3486 1544 3554 quod
1563 3484 1734 3553 possi-

178 3570 267 3627 bile
283 3584 358 3627 est
381 3590 520 3641 esse,
546 3591 883 3645 consequens
902 3585 1106 3631 estnos
1128 3575 1408 3645 perlicere,
1434 3574 1479 3629 si
1497 3584 1735 3629 vestrum

178 3666 560 3731 cognoverimus
602 3665 759 3720 velle.
804 3665 884 3723 ΟΞ
928 3667 1073 3721 dicat
1115 3666 1365 3720 dominus
1405 3664 1736 3721 Gerebertus

179 3752 433 3823 episcopus
457 3755 784 3811 sententiam
814 3766 1011 3811 nostra:
1037 3757 1360 3812 innocentiae
1404 3772 1565 3827 super
1597 3756 1731 3809 Bro-

180 3841 314 3913 vingo
341 3855 393 3899 et
419 3845 757 3901 lsimbardo:
793 3848 977 3903 dicant
1024 3847 1330 3903 Litel‘redus
1355 3857 1411 3903 et
1437 3847 1730 3911 Gerardus,

180 3946 263 3986 cur
284 3951 461 3989 eorum
503 3938 823 3993 beneﬁcium
856 3919 1156 4008 perceperit
1188 3938 1469 3993 Rodull‘us.
1509 3936 1624 3993 Non
1652 3938 1734 3990 di-

152 4028 153 4031 ‘
181 4033 314 4077 catur
340 4028 641 4098 majestatis
667 4045 813 4095 reus,
856 4031 940 4084 cui
969 4046 1066 4100 pro
1094 4030 1308 4086 Ctesare
1347 4039 1495 4086 stare
1522 4044 1735 4100 semper

181 4111 261 4168 fuit
288 4116 471 4185 gloria,
506 4131 690 4175 contra
718 4121 987 4177 Cresarem
1017 4122 1331 4193 ignominia.

725 4255 1057 4312 EPISTULA
1098 4257 1159 4312 ll.

636 4365 701 4402 AD
732 4364 950 4403 εωωεθι
976 4364 1254 4404 ΕΛΕΞΔΒΕἩ.

241 4457 601 4515 Scrcnissimis
628 4461 847 4516 auribus
881 4461 1083 4515 domini
1128 4462 1236 4517 mei
1284 4460 1500 4517 mallem
1532 4463 1737 4518 referre

184 4548 287 4605 Lata
320 4567 478 4621 quam
519 4552 705 4607 tristia.
736 4553 841 4607 Sed
869 4568 991 4608 cum
1020 4555 1230 4608 videam
1266 4555 1562 4610 monachos
1589 4572 1737 4610 meos

187 4643 422 4695 attenuari
480 4641 637 4707 fame,
687 4644 857 4713 premi
914 4645 1179 4709 nuditate,
1236 4645 1737 4714 tacere‘quomodo

189 4735 387 4799 potero?
416 4733 711 4790 Tolerabile
733 4736 948 4805 quidem
972 4737 1073 4790 hoc
1099 4730 1324 4802 malum,
1357 4736 1400 4791 si
1437 4753 1543 4792 non
1572 4740 1735 4793 etiam

188 4822 323 4876 simul
346 4824 530 4879 melior
555 4842 675 4895 spes
708 4825 851 4880 foret
879 4826 1080 4883 ablata.
1117 4825 1311 4881 Nescio
1352 4828 1550 4897 quibus
1588 4829 1737 4884 codi-

191 4909 339 4977 cibus,
365 4929 495 4983 quos
522 4915 726 4971 libellos
756 4928 968 4980 vocant,
1016 4926 1185 4973 totum
1218 4920 1586 4975 sanctuarium
1628 4922 1736 4975 Do-

193 5001 304 5055 mini
352 5006 703 5061 venundatum
743 5015 849 5061 est.
891 5006 1126 5063 Collecta
1183 5009 1414 5079 pecunia
1472 5026 1734 5080 nusquam

195 5092 451 5159 reperitur.
479 5098 751 5165 apothecae
776 5109 832 5151 et
853 5098 1045 5155 horrea
1073 5099 1339 5155 exhausta
1366 5110 1513 5167 sunt,
1540 5102 1634 5157 sed
1681 5102 1734 5155 in

196 5188 451 5257 marsupiis
473 5192 603 5247 nihil
630 5202 735 5248 est.
769 5193 906 5259 Quid
936 5210 1065 5268 ergo
1094 5204 1350 5268 peccator
1373 5199 1459 5254 hic
1489 5199 1663 5256 facio?
1687 5199 1731 5254 si

198 5284 296 5325 cum
320 5280 475 5346 gratia
501 5283 702 5337 domini
737 5284 839 5338 mei
870 5283 985 5339 ﬁeri
1017 5296 1222 5350 posset,
1262 5288 1434 5345 satius
1468 5299 1613 5347 esset
1648 5304 1734 5343 me

1764 2442 1812 2501 Α
1842 2477 1947 2516 non
1979 2472 2155 2516 autem
2204 2461 2378 2531 legato
2414 2464 2701 2529 credenda,
2754 2466 2845 2520 sed
2876 2483 2977 2521 nec
3026 2482 3229 2526 cuartts
3288 2490 3431 2527 inse-

1842 2553 2030 2614 rcuda,
2066 2552 2167 2606 nisi
2200 2564 2378 2607 vestio
2403 2554 2675 2607 consultu.

2414 2642 2747 2698 EPISTOLA
2782 2644 2864 2698 ΙΙΙ.

2036 2727 2102 2763 AD
2125 2726 2481 2767 CEREBERTL’M
2508 2726 2801 2770 CNSCOPL'M
2838 2732 3240 2775 TERDONENSE“.

1910 2800 1954 2853 υ
1982 2801 2152 2853 nostri
2186 2816 2307 2870 Spes
2337 2801 2575 2867 consilii,
2598 2806 2879 2872 prmscntis
2908 2809 3032 2861 mali
3072 2820 3271 2866 statum
3300 2816 3437 2867 stnl-

1841 2899 1949 2944 tutu
1980 2900 2064 2944 est
2090 2892 2453 2957 dissimulare,
2485 2893 2630 2964 loqui
2668 2895 3009 2962 invidiosum,
3039 2918 3104 2955 ne
3134 2905 3258 2959 odio
3303 2923 3430 2976 pcr-

1838 2999 2095 3037 sonarum
2130 2983 2215 3053 agi
2239 2985 2538 3039 videamur.
2565 2985 2621 3040 Si
2656 2987 2778 3041 licet
2808 2989 2987 3046 abbati
3021 2995 3432 3068 quibuscnnqne

1838 3075 2087 3145 personis
2109 3074 2322 3128 tradere
2353 3074 2650 3131 immobilia
2682 3084 2996 3138 monasterii
3045 3085 3303 3143 libellario
3339 3108 3435 3144 no-

1839 3160 2003 3226 mine,
2041 3163 2258 3217 mobilia
2292 3166 2514 3219 obtentu
2546 3166 2924 3241 eleemosynm,
2976 3189 3077 3230 nec
3124 3178 3434 3249 relinquere

1838 3253 1880 3306 si
1909 3268 2013 3321 qua
2054 3253 2191 3308 forte
2227 3256 2444 3310 residua
2469 3267 2614 3323 sunt,
2648 3274 2835 3315 eorum
2867 3263 3139 3320 haercdem
3173 3269 3289 3324 ficri
3323 3288 3435 3324 mo-

1839 3344 2091 3406 nachum,
2127 3345 2435 3414 specialiter
2460 3363 2582 3417 quo.
2614 3361 2824 3419 spectat
2869 3356 2993 3410 novi
3037 3359 3246 3414 abbatis
3287 3364 3435 3415 ordi-

1839 3436 2023 3489 natio?
2043 3436 2312 3492 Pctroaldi
2330 3439 2585 3495 dicuntur
2605 3440 2773 3499 fuisse
2794 3448 2996 3511 omnia,
3013 3451 3224 3506 abbatis
3246 3455 3389 3508 nulla
3417 3473 3430 3509 :

1838 3534 1894 3579 et
1942 3526 2013 3580 ita
2056 3542 2178 3583 esse
2228 3539 2462 3596 constat,
2511 3534 2768 3602 quoniam
2810 3538 2943 3592 nihil
2985 3542 3145 3597 nobis
3185 3546 3433 3602 reficiunt

1838 3626 1921 3671 est
1947 3629 2146 3688 praeter
2169 3627 2309 3675 tecta
2332 3633 2388 3675 et
2411 3638 2755 3707 conlinunem
2783 3643 2940 3683 usmn
2969 3632 3293 3703 simplicium
3323 3638 3434 3691 elo-

1842 3719 2170 3763 mentorum.
2203 3711 2443 3781 Epistola
2496 3714 2700 3770 domini
2750 3720 2854 3773 mei
2893 3719 3049 3789 jubet
3082 3723 3429 3782 Petroaldum

1768 3804 1811 3864 Β
1839 3799 1965 3864 coli,
2004 3809 2186 3856 tenere
2216 3806 2359 3873 quod
2405 3807 2614 3861 tenuit:
2645 3809 2954 3880 duplicatur
2993 3818 3205 3883 pondus
3238 3835 3435 3887 parcn-

1841 3894 1987 3947 tibus
2034 3896 2227 3963 positis
2278 3897 2333 3950 in
2374 3899 2559 3954 eadem
2599 3904 2823 3960 trutina.
2866 3906 3018 3962 Vires
3056 3913 3255 3981 negotii
3306 3930 3431 3984 per-

1837 3986 2071 4053 pendite,
2094 3987 2435 4043 considerate
2454 3992 2585 4060 qnid
2605 3990 3051 4068 amiscr'm,'qttial
3071 4013 3287 4060 secutus
3302 4006 3402 4061 δίη
3418 4049 3431 4068 .

1839 4084 2035 4143 prmter
2076 4076 2307 4146 gratiam
2365 4080 2565 4134 domini
2614 4080 2752 4150 mei;
2786 4090 3044 4157 suscipite
3075 4108 3211 4147 cnus
3264 4099 3425 4149 amici

1837 4166 2066 4221 consilio
2090 4176 2145 4222 et
2182 4170 2405 4236 auxilio,
2437 4182 2487 4226 et
2511 4174 2639 4243 quid
2670 4177 2741 4231 sit
2780 4178 3085 4235 faciendum
3116 4187 3303 4239 reserii
3329 4187 3422 4241 ise.

2408 4262 2747 4323 EPISTOLA
2771 4269 2858 4324 IV.

2446 4353 2515 4390 AD
2561 4354 2821 4395 BOSONEH.

1909 4421 2235 4479 Censen-rus
2264 4423 2459 4481 Bosoxt
2489 4428 2542 4482 in
2581 4429 2800 4487 Christo
2827 4434 3073 4495 salutem.

1910 4512 2189 4569 Recedant
2216 4516 2382 4570 nmlta
2413 4520 2597 4585 verba,
2640 4530 2696 4575 et
2745 4538 3037 4593 sequamur
3078 4527 3242 4584 facta.
3295 4531 3433 4587 San-

1838 4608 2107 4662 ctuarium
2129 4607 2333 4663 domini
2366 4611 2468 4666 mei
2497 4627 2597 4667 nec
2625 4616 2849 4683 pecunia
2888 4631 2987 4672 nec
3014 4619 3254 4674 amicitia
3280 4624 3432 4676 vobis

1839 4699 2050 4765 damus,
2093 4716 2215 4766 nec,
2266 4701 2310 4756 si
2352 4702 2536 4758 datum
2582 4714 2668 4761 est
2698 4706 2765 4760 ab
2808 4706 3009 4777 aliquo,
3035 4714 3428 4767 consentimus.

1838 4790 2042 4845 Feuum
2074 4793 2218 4862 quod
2246 4795 2410 4848 vestri
2453 4796 2689 4850 tulerunt
2720 4798 2878 4853 beato
2911 4800 3248 4857 Columbano
3278 4806 3437 4859 resti-

1841 4880 1994 4945 tuite,
2018 4882 2061 4935 si
2101 4884 2337 4953 experiri
2373 4900 2477 4941 non
2508 4887 2668 4939 vultis
2692 4888 2820 4957 quid
2852 4893 3122 4958 possimus
3150 4907 3275 4945 cum
3313 4910 3436 4965 grn-

1840 4972 1911 5026 tia
1962 4972 2166 5029 domini
2211 4976 2379 5030 nostri
2430 4978 2528 5034 C1e:
2548 4978 2701 5039 aiis.
2754 4980 3049 5035 amicorum
3104 4983 3334 5037 consilio
3383 4996 3443 5040 et

1839 5062 2079 5130 auxilio;
2110 5064 2195 5120 his
2217 5064 2624 5124 conditionibus
2667 5066 2812 5136 leges
2839 5070 3093 5123 amicitiae
3126 5047 3232 5123 non
3292 5070 3444 5127 rel'u-

1763 5166 1808 5226 ς
1840 5157 2041 5209 tamus.

2414 5223 2757 5286 EPISTOLA
2798 5224 2833 5278 γ
2848 5263 2863 5279 .

2130 5312 2197 5350 ΑΒ
2235 5311 2456 5350 PETRI!“
2500 5309 2798 5350 EPISCOPUH
2842 5310 3154 5350 ΡΑΡΙΕΝΞΕἉ.
