3948 5350
505 280 613 340 203

498 398 702 470 rapinis
733 407 933 454 nostrae
975 395 1232 452 Ecclesia:
1271 413 1377 453 non
1417 398 1668 454 cessatis.
1708 397 1905 455 Nostra
1936 397 2087 454 velut
2116 400 2165 461 Α

501 492 719 564 propria
749 489 1014 545 militibus
1044 481 1306 553 diriditis,
1338 489 1431 560 qui
1469 491 1683 545 diversa
1713 490 1767 545 in
1817 490 2087 561 integrum

498 597 759 637 revocare
796 581 1078 637 debuistis.
1127 581 1339 651 Rapite,
1368 581 1707 652 praedamini,
1738 584 1882 638 vires
1922 582 2090 638 Italia:

499 685 688 729 contra
744 688 844 729 nos
895 672 1185 728 concutite.
1242 671 1617 743 Opportunum
1676 682 1890 743 tempus
1944 674 2088 729 nacti

497 769 650 824 estis.
676 768 935 824 Dominus
964 777 1148 821 uoster
1171 766 1432 822 bellorum
1455 768 1755 823 certamine
1768 777 2086 836 occupatur,

497 873 598 915 nos
622 875 721 915 nec
744 873 934 913 manus
965 866 1183 928 paratas
1208 871 1332 913 eum
1359 858 1552 929 jnvare
1579 859 1961 923 detinebimus,
1986 874 2089 914 nec

498 951 642 1023 quod
682 949 800 1019 ejus
841 947 1000 1005 olIicii
1038 957 1122 1005 est
1154 958 1357 1004 temere
1394 949 1798 1021 usurpabimus.
1845 949 1904 1004 Si
1953 963 2087 1018 pace

485 1043 575 1099 uti
604 1041 926 1113 poterimus,
955 1040 1176 1096 servitio
1212 1041 1382 1095 nostri
1412 1040 1644 1096 Caesaris
1672 1055 1894 1111 operam
1928 1038 2089 1094 dabi-

484 1147 638 1199 mus,
667 1146 791 1186 cum
820 1136 1116 1200 praesentes
1146 1137 1257 1183 tmn
1286 1130 1557 1185 absentes.
1582 1129 1700 1194 Sin,
1730 1129 1847 1200 ejus
1878 1137 2086 1184 tantum

493 1223 783 1298 prtesentia
808 1233 1051 1278 nostram
1080 1221 1344 1277 solabitur
1364 1223 1619 1294 inepiam,
1650 1233 1704 1278 et
1725 1223 1981 1293 quoniam
2006 1226 2088 1294 (ut

495 1315 573 1370 ait
607 1323 789 1385 poeta)
806 1327 1080 1382 nusquam
1115 1321 1228 1366 tuta
1257 1311 1410 1376 fides,
1443 1322 1497 1366 et
1520 1313 1648 1382 quia
1679 1312 1953 1394 ﬁnguntur
1986 1327 2111 1367 nec—

496 1406 631 1471 visa,
661 1420 762 1461 nec
781 1404 988 1469 audita,
1012 1403 1345 1458 voluntatem
1369 1412 1614 1460 nostram
1645 1403 1800 1458 vobis
1833 1418 1939 1458 non
1982 1401 2086 1473 nisi

490 1498 712 1570 scriptis
747 1496 1042 1570 aperimus,
1080 1510 1181 1552 nec
1209 1504 1446 1551 vestram
1476 1497 1637 1552 aliter
1669 1496 2012 1568 recipiemus.

1064 1609 1403 1667 EPISTOLA
1441 1610 1527 1666 VI.

923 1719 990 1759 AD
1021 1720 1324 1761 ADELMDEH
1353 1720 1657 1762 Αυιςυετιιιε

561 1797 806 1854 Dominae
852 1812 964 1853 sua:
1012 1796 1276 1852 Αυειιιιυι
1329 1811 1546 1868 semper
1586 1797 1881 1868 Augustae,
1931 1795 2070 1853 Gan-

494 1902 725 1945 BEBTUS.

568 1982 642 2035 De
695 1978 975 2034 beneficiis
1014 1987 1067 2033 et
1117 1977 1435 2043 libellariis,
1488 1993 1557 2032 ex
1604 1986 1778 2048 parte,
1836 1987 2080 2034 nostrum

490 2067 628 2123 velle
650 2083 715 2123 ex
749 2077 874 2123 voto
895 2067 1098 2123 domini
1125 2068 1296 2123 nostri
1329 2067 1561 2123 Caesaris
1586 2069 1827 2124 exsecuti
1870 2083 2079 2123 smnus.

491 2161 832 2217 Recordetur
855 2160 1071 2216 domina
1104 2176 1224 2215 mea
1256 2160 1400 2229 quod
1426 2160 1662 2214 innuerit
1703 2175 1861 2215 servo
1898 2176 1996 2214 suo
2023 2174 2081 2214 se

487 2261 765 2309 oraturam
804 2266 903 2322 pro
933 2249 1200 2321 pluribus,
1245 2250 1405 2306 aliter
1443 2266 1606 2320 quam
1640 2252 1752 2305 fieri
1782 2250 1970 2321 possit.
2001 2251 2081 2305 Ex

489 2358 597 2411 quo
643 2357 673 2395 a
712 2341 869 2397 vobis
899 2340 1269 2407 discessimus,
1324 2355 1427 2396 nec
1473 2340 1779 2406 Grifonem,
1826 2357 1927 2396 nec
1964 2339 2081 2408 ejus

489 2433 742 2487 mmtium
772 2431 1025 2487 vidimus.
1076 2430 1327 2497 Terram,
1372 2445 1532 2501 quam
1583 2432 1784 2486 nostris
1832 2431 2081 2487 fidelibus
2118 2504 2125 2511 _

490 2524 611 2579 heri
639 2522 1036 2586 concessimus,
1064 2537 1188 2578 cras
1215 2523 1488 2592 quomodo
1523 2520 1873 2576 auferemus?
1918 2522 1989 2575 At
2033 2521 2078 2576 si

487 2614 669 2670 omnia
698 2629 820 2684 quae
846 2628 1035 2669 omnes
1077 2611 1273 2683 iubent
1305 2593 1473 2676 ilum,
1522 2614 1649 2683 quid
1698 2613 1788 2668 hic
1819 2611 2080 2668 facimus?

485 2715 542 2761 et
574 2704 621 2762 si
659 2711 830 2762 totum
874 2702 1089 2767 damus,
1126 2703 1252 2772 quid
1304 2702 1643 2759 tenebimus?
1685 2701 1948 2775 Gripltoni
1986 2703 2078 2760 ubi

489 2796 762 2869 possimus
789 2793 1114 2850 beneficium
1141 2794 1345 2849 nullum
1369 2793 1736 2849 concedimus.

1051 2902 1385 2961 EPISTOIA
1410 2903 1521 2958 Vll.

1076 3010 1145 3049 AD
1179 3009 1501 3049 AIRARDUII.’

1150 281 1194 338 ιι
1233 282 1592 340 διωιιετιιι
1632 283 1834 339 ΡΑΡΑΞ
1883 284 2035 342 OPP.
2079 329 2080 337 χ

2189 287 2256 341 ιδ
2304 288 2390 341 ιιι.
2414 316 2483 327 ——
2510 286 2730 343 EPIST.
2766 286 2855 345 ET
2894 281 3168 344 DIPLOM.

3672 290 3770 344 2οῑ

2764 400 3095 458 EPISTOLA
3129 400 3194 459 Χ.

2797 506 2864 545 AD
2901 506 3179 547 C£SAREIL

2264 581 2591 653 Principiani
2633 584 2951 639 monasterii
2998 584 3103 638 duo
3137 582 3357 650 fratres,
3391 582 3534 639 velut
3562 583 3774 639 exsules

2191 683 2247 728 et
2292 673 2662 743 peregrinita
2694 675 2851 729 nobis
2902 674 3106 744 recepti
3156 684 3313 740 sunt,
3350 675 3439 744 qui
3480 673 3770 728 rlesolatiov

2192 780 2314 818 nem
2350 765 2430 818 sui
2461 764 2560 818 loci
2599 780 2628 818 a
2666 764 2932 819 Laudensi
2974 765 3248 835 episcopo,
3292 764 3657 835 neopbitoque
3685 763 3774 815 ab-

2190 853 2319 908 bate
2360 852 2591 920 fartam,
2624 854 3007 909 molestissime
3053 853 3265 921 ferunt,
3316 854 3583 923 simulque
3626 851 3769 907 refe-

2191 950 2317 996 runt
2354 956 2413 996 se
2457 942 2615 996 alicui
2670 942 2926 998 Ecclesim
2968 944 3188 998 minime
3229 942 3512 1012 subjacere
3548 943 3769 998 debere.

2189 1033 2305 1088 Erit
2333 1048 2465 1104 ergo
2490 1044 2684 1089 vestra:
2711 1035 3014 1106 prudentiae
3040 1051 3103 1090 ac
3137 1035 3379 1104 pietatis,
3413 1044 3472 1088 nt
3503 1048 3602 1090 nec
3626 1033 3771 1089 Lau-

2188 1124 2372 1181 deusis
2417 1126 2656 1181 Ecclesia
2716 1127 2895 1181 debito
2946 1127 3187 1197 privetur
3243 1128 3446 1183 honore
3493 1127 3618 1183 odio
3671 1142 3770 1197 pa-

2188 1217 2371 1282 storis,
2415 1232 2515 1273 nec
2554 1217 2945 1273 monasterium
2993 1216 3268 1288 subiaceat
3298 1218 3568 1291 tyrannidi
3602 1218 3772 1272 devao

2184 1304 2428 1359 statoris.

2752 1421 3085 1479 EPISTOLA
3123 1421 3216 1477 XI.

2718 1529 2845 1568 ιῡειι
2884 1531 2951 1569 ΑΒ
2991 1528 3231 1569 EUSIDEI.

2259 1604 2400 1672 Quid
2429 1619 2523 1660 ora
2555 1604 2850 1674 eanquue
2896 1604 3132 1674 vulpium
3166 1603 3516 1658 blandiuntur
3555 1603 3649 1658 hic
3675 1603 3771 1658 do-

2188 1698 2336 1753 mino
2367 1697 2519 1751 meo?
2556 1696 2666 1751 Aut
2693 1705 2889 1751 exeant
2934 1696 2999 1751 de
3029 1696 3250 1766 palatio,
3281 1708 3375 1751 aut
3411 1691 3541 1752 suos
3570 1710 3775 1767 repra-

2184 1797 2399 1844 sentent
2423 1787 2685 1843 satellites
2706 1787 2795 1856 qui
2822 1787 2999 1843 edicta
3022 1788 3252 1841 Caesaris
3273 1795 3649 1852 contemnunt,
3675 1786 3771 1856 qui

2182 1881 2390 1952 legatos
2415 1878 2530 1947 ejus
2557 1878 2861 1934 interﬁcere
2890 1878 3211 1944 moliuntur,
3247 1879 3339 1948 qui
3391 1880 3566 1951 ipsum
3611 1879 3772 1933 asino

2181 1979 2485 2042 coaequant.
2531 1970 2710 2025 Taceo
2739 1970 2806 2024 de
2834 1984 2941 2034 me,
2978 1984 3138 2038 quem
3187 1984 3325 2023 noro
3360 1969 3650 2025 locutionis
3677 1984 3778 2038 ge-

2182 2080 2313 2120 nere
2341 2079 2538 2134 equum
2570 2061 2913 2117 emissarium
2943 2072 3252 2126 susurrant,
3286 2078 3512 2117 uxorem
3539 2071 3596 2116 et
3626 2060 3774 2115 ﬁlios

2184 2157 2493 2221 habentem,
2537 2162 2758 2225 propter
2789 2163 2997 2226 partem
3038 2153 3257 2208 familia:
3286 2170 3420 2208 meae
3443 2155 3512 2209 de
3537 2152 3773 2209 Francia

2183 2246 2550 2301 recollectam.
2588 2245 2756 2300 Victis
2787 2245 2940 2300 abest
2973 2245 3165 2315 pudor.
3195 2243 3241 2301 Ο
3270 2244 3546 2315 tempora!
3582 2259 3618 2299 ο
3652 2258 3774 2299 mo-

2182 2341 2299 2395 res!
2332 2340 2551 2394 ubinam
2583 2337 2825 2408 gentium
2851 2338 2998 2392 vivo!
3037 2337 3093 2392 Si
3125 2338 3357 2408 patriam
3398 2352 3619 2407 sequor,
3648 2351 3777 2391 san-

2181 2431 2479 2486 ctissimam
2520 2429 2679 2484 fidem
2711 2428 2989 2499 relinquo;
3037 2429 3084 2483 si
3136 2444 3243 2483 non
3292 2445 3513 2500 sequor,
3554 2428 3772 2484 exsule.

2182 2520 2289 2577 Sed
2321 2522 2500 2591 potius
2540 2520 2669 2575 licet
2694 2535 2817 2575 cum
2847 2519 2953 2575 [ide
2986 2519 3041 2575 in
3072 2519 3277 2591 palatio
3305 2521 3559 2577 exsulare
3608 2536 3776 2591 quam

2180 2613 2299 2668 sine
2329 2612 2435 2667 fide
2461 2611 2513 2667 in
2540 2610 2696 2667 Latio
2724 2625 2976 2681 regnare.

2728 2723 3065 2781 EPISTOLA
3104 2725 3219 2782 XII.

2404 2885 2409 2889 '
2556 2834 2625 2873 AD
2662 2835 2913 2875 HUGONE“
2954 2834 3377 2877 SCHOLASTICUII.

2251 2910 2459 2968 Ilucom
2489 2924 2587 2966 suo
2614 2910 2938 2967 Ganesnrus
2961 2912 3233 2983 quondam
3260 2910 3646 2968 scholasticus.

2251 3003 2558 3058 Secundum
2606 3002 3017 3074 amplitudinem
3065 3003 3170 3058 mei
3201 3003 3367 3058 animi
3413 3003 3776 3074 amplissimis

556 3087 882 3144 Genaenrus
928 3086 1204 3158 quondam
1279 3085 1639 3141 scholasticus
1682 3086 1930 3141 Αιιιιιιωο
1978 3098 2076 3140 suo

2189 3096 2480 3152 honoribus
2508 3096 2698 3151 ditavit
2729 3111 2814 3151 me
2839 3096 3090 3152 dominus
3120 3111 3293 3151 meus.
3321 3095 3458 3151 Nam
3480 3111 3605 3167 qua:
3642 3110 3773 3166 pars

488 3180 742 3236 salutem.

558 3270 921 3328 Petitionibus
946 3267 1055 3324 tuis
1081 3268 1394 3333 annuimus,
1434 3274 1618 3322 nostra
1660 3274 1718 3321 ut
1761 3266 2077 3336 exsequaris

486 3348 728 3436 negotia,
765 3361 913 3416 velut
950 3359 1172 3431 pr0pria
1209 3372 1510 3413 nionemus.
1560 3356 1766 3411 Plinius
1817 3357 2075 3412 emende-

478 3466 597 3522 tur,
645 3453 985 3526 Eugrapbius
1032 3450 1364 3521 recipiatur:
1415 3449 1506 3520 qui
1558 3449 1787 3504 Orbacis
1835 3457 1889 3501 et
1934 3448 2076 3518 apud

483 3557 734 3603 sanetum
786 3542 1039 3598 Basolum
1087 3550 1238 3605 sunt,
1298 3539 1726 3610 prescribantur.
1779 3537 1889 3593 Fac
1932 3539 2076 3608 quod

478 3653 727 3702 oramus,
766 3646 825 3693 ut
848 3636 1111 3691 faciamus
1144 3633 1289 3704 quod
1319 3647 1463 3687 oras.

1030 3743 1365 3803 EPISTULA
1409 3742 1536 3799 VIII.

644 3860 712 3900 λι)
740 3854 1124 3898 Αωιιιειιοιιειι
1156 3852 1410 3895 ιιειιοιιυιι
1443 3848 1913 3891 Αιιειιιειιιεοοιιωι.

558 3936 792 3992 Mantua:
817 3933 946 4004 quid
986 3931 1189 4003 egerim
1232 3945 1396 3999 super
1431 3928 1664 3998 negotiis
1689 3927 1905 3990 vestris,
1942 3941 2078 3997 pra:-

487 4043 614 4085 sens
641 4026 833 4082 melius
854 4021 1139 4093 explicabo
1166 4020 1374 4084 verbis,
1410 4033 1573 4088 quam
1602 4017 1800 4072 absens
1834 4017 2075 4086 scriptis.

482 4120 678 4177 Claves
733 4117 998 4173 librorum
1048 4128 1184 4185 quas
1225 4113 1496 4167 mitterem
1538 4111 1806 4182 ignoravi.
1857 4119 2081 4179 propter

487 4225 831 4268 communem
858 4223 1016 4265 usum
1036 4205 1296 4261 similium
1318 4219 1588 4259 serarum.
1623 4202 1919 4257 Historiam
1946 4199 2076 4256 Julii

484 4302 721 4359 Caesaris
751 4317 781 4355 a
811 4299 1030 4354 domino
1066 4298 1249 4352 Azone
1272 4296 1469 4350 abbate
1499 4294 1758 4349 Dervensi
1781 4296 1848 4347 ad
1880 4293 2080 4347 rescri-

487 4392 723 4447 bendum
746 4388 902 4444 nobis
925 4387 1212 4457 acquirite,
1242 4394 1301 4440 ut
1341 4399 1459 4449 vos,
1490 4400 1655 4454 penes
1681 4398 1818 4453 quos
1850 4398 1948 4437 nos
1980 4386 2073 4437 ba-

486 4483 700 4544 ],emus,
741 4479 1003 4538 habeatis,
1035 4486 1089 4532 ει
1120 4476 1263 4546 quod
1294 4475 1596 4545 reperimus
1633 4474 1885 4544 speretis,
1916 4474 1967 4528 id
1994 4483 2078 4529 est
2110 4465 2151 4522 ί)
2180 4476 2511 4535 coaequatur.
2539 4462 2584 4518 Ο
2612 4461 2908 4516 amicorqu
2955 4461 3248 4517 ﬁdissime!
3282 4476 3350 4516 ne
3380 4463 3607 4518 deseras
3633 4465 3775 4519 ami-
3863 4516 3869 4525 ,

487 4585 614 4629 octo
647 4571 922 4628 volumina
974 4568 1145 4624 Boetii
1197 4568 1264 4623 de
1296 4565 1613 4636 astrologia,
1659 4566 2073 4635 praeclarissima

488 4679 705 4737 quoque
756 4664 1053 4733 ﬁgurarum
1110 4659 1438 4732 geometriae,
1491 4658 1708 4728 aliaque
1758 4673 1865 4712 non
1898 4658 2078 4711 minus

489 4754 831 4813 admiranda.
880 4751 1177 4807 Fortunam
1225 4757 1467 4803 nostram
1497 4746 1612 4802 sola
1646 4754 1826 4802 vestra
1857 4757 2076 4803 contur-

488 4851 583 4907 bat
606 4845 849 4903 absentia
871 4836 1168 4911 noctesque
1192 4840 1436 4909 diesque.

1068 4952 1406 5010 EPISTOLA
1446 4950 1538 5006 IX.

900 5063 968 5104 AD
996 5059 1348 5102 οιδιιῐιειιτυιι
1387 5058 1655 5100 ABBATBM.

560 5145 617 5158 Α.
652 5143 667 5158 I
836 5156 843 5157 κ
873 5140 1019 5158 -I_.'-
1076 5136 1363 5158 ----.Ι-,--..-
1427 5135 1779 5158 ι--ἵΙΞ..---ιεν....
1830 5143 2063 5158 ..-αι-Α...-

2179 3187 2346 3243 Italiae
2375 3188 2747 3258 possessiones
2792 3187 2936 3243 beati
2977 3186 3296 3243 Columbani
3333 3202 3440 3241 non
3481 3186 3774 3242 continet?

2180 3263 2529 3347 Hoc'quidem
2558 3277 2709 3331 itaex
2726 3276 2975 3348 largitate
2997 3289 3052 3333 et
3066 3277 3439 3334 benevolentia
3456 3277 3630 3331 nostri
3655 3275 3778 3331 Ca2-

2179 3369 2337 3434 saris,
2368 3368 2584 3422 fortuna
2613 3382 2745 3424 vero
2788 3368 2947 3422 aliter
2993 3368 3246 3423 instituit.
3300 3366 3620 3423 Secundum
3653 3382 3777 3420 am-

2177 3461 2497 3532 plitudinem
2538 3463 2737 3531 quippe
2770 3461 2929 3515 amici
2968 3460 3073 3515 mei
3120 3460 3475 3530 amplissimis
3522 3474 3611 3514 me
3641 3471 3776 3512 one-

2179 3552 2319 3606 ravit
2347 3549 2752 3605 hostibus.Nam
2779 3565 2899 3621 quae
2929 3564 3055 3620 pars
3082 3549 3249 3604 Italiae
3281 3564 3431 3604 meos
3461 3563 3572 3603 non
3605 3548 3776 3603 habet

2177 3643 2395 3699 hostes?
2420 3642 2573 3698 Vires
2600 3657 2734 3698 mere
2757 3644 2990 3714 impares
3011 3653 3138 3698 sunt
3167 3643 3374 3697 viribus
3405 3642 3597 3697 Italiae.
3624 3640 3776 3696 Con-

2177 3735 2310 3791 ditio
2335 3734 2485 3805 par-is
2529 3735 2641 3789 haec
2680 3744 2797 3800 est,
2828 3735 2871 3789 si
2903 3734 3168 3804 spoliatus
3209 3734 3390 3789 servio
3423 3734 3590 3788 ferire
3624 3733 3777 3788 desi-

2179 3835 2328 3893 nent,
2373 3826 2627 3880 vestitum
2662 3825 2923 3881 districtis
2971 3834 3365 3896 persequentur
3397 3824 3626 3896 gladiis;
3677 3824 3773 3879 ubi

2177 3920 2355 3990 gladio
2389 3918 2551 3972 ferire
2580 3907 2897 3987 nequibant.
2922 3915 3121 3985 jaculis
3147 3918 3437 3972 verborum
3480 3923 3770 3986 appetent.

2177 4011 2569 4066 Contemnetur
2599 4008 2895 4078 imperialis
2925 4006 3197 4075 majestas,
3240 4021 3362 4060 cum
3392 4006 3446 4060 in
3498 4021 3607 4070 me,
3653 4015 3772 4059 tum

2180 4104 2232 4157 in
2277 4102 2451 4171 seipsa
2479 4099 2531 4153 in
2567 4099 2831 4154 divisione
2864 4097 3157 4151 sanctuarii
3206 4095 3417 4151 Domini
3460 4095 3803 4150 secundum’

2178 4194 2471 4250 libellarias
2505 4191 2649 4262 leges
2688 4189 2828 4244 facta
2856 4205 2870 4242 :
2899 4189 3027 4258 quia
3070 4188 3381 4243 consentire
3412 4186 3560 4253 nolo,
3602 4185 3776 4256 perli-

2179 4288 2297 4347 dus,
2350 4282 2612 4346 crudelis,
2668 4290 2935 4353 tyrannus
2983 4280 3356 4351 cognominor.
3411 4280 3534 4351 Ipse
3583 4279 3774 4336 Caesar

2178 4376 2416 4431 onmium
2442 4372 2719 4427 hominum
2736 4369 3246 4434 excellentissimus,
3264 4387 3292 4424 a
3318 4369 3593 4425 furcifer-is
3612 4372 3774 4426 asino

2178 4576 2299 4614 cum
2324 4556 2551 4613 consilio
2573 4564 2627 4610 et
2648 4554 2866 4610 auxilio.
2895 4554 3203 4611 Recordare
3246 4557 3390 4627 quod
3413 4564 3466 4611 te
3489 4559 3773 4613 oraverim

2154 4646 2265 4707 me
2308 4649 2467 4705 malle
2502 4665 2621 4704 esse
2663 4649 2887 4703 militem
2938 4648 2990 4702 in
3022 4647 3345 4704 Caesarianis
3372 4648 3575 4703 castris
3601 4664 3772 4720 quam

2176 4762 2358 4819 regem
2387 4745 2438 4799 in
2472 4743 2767 4799 extraneis.

2712 4854 3048 4912 EPISTOLA
3088 4856 3224 4913 XIII.

2314 4965 2383 5004 AD
2421 4962 2702 5004 ECBERTUI
2740 4963 3193 5004 ARCHIEPISCOPUM
3227 4965 3634 5005 TREVIRENSEI.

2245 5057 2489 5114 Vestram
2540 5056 2881 5121 felicitatem,
2930 5056 3152 5127 gloriam
3207 5058 3587 5115 existimamus
3640 5072 3773 5114 esse
