3948 5350
171 239 258 292 eo;
547 267 562 322 η
597 249 621 264 -~
958 216 961 219 ’
1000 239 1244 302 SECTIO
1281 242 1321 298 t.
1366 273 1434 284 .-
1472 242 1655 298 ANTE
1691 241 1990 299 summa
2033 242 2570 300 PONTIFICATUM.

691 360 1019 418 EPISTOLA
1063 361 1198 418 XIV.

696 469 727 507 ἰ)
762 465 936 509 ΪἎΡΛΜ
977 467 1232 508 ³οᾹΝΝΙΞΙ.

239 562 547 619 Beatissimo
588 566 736 636 papze
765 562 955 621 lotam
1003 566 1325 622 Gsuncat‘us
1371 563 1488 619 solo
1519 563 1733 618 nomine

181 656 315 712 ollicii
361 657 646 714 Bobiensis
697 661 933 715 cmuobii
974 658 1158 714 abbas.
1206 659 1323 726 Quo
1368 675 1454 713 me
1496 655 1734 712 vertam?

181 747 295 818 proh
324 750 518 818 pudor!
554 749 748 806 Sedem
771 749 1122 821 apostolicam
1149 751 1191 805 si
1225 747 1452 820 appello,
1483 748 1732 810 irrideor,

181 855 266 895 nec
288 843 350 895 ad
381 855 473 895 vos
504 850 726 912 propter
754 843 940 896 hostes
965 851 1048 896 est
1075 842 1320 896 veniendi
1355 840 1736 902 facultas,'nec

181 931 235 982 de
257 929 396 984 Italia
436 931 748 1002 egrediendi
780 931 945 986 libera
982 939 1241 1000 potestas.
1269 931 1466 984 Morari
1496 928 1734 992 difficile,

180 1021 372 1091 quando
395 1039 492 1076 nec
518 1023 572 1076 in
606 1025 933 1078 monasterio
961 1041 1059 1078 nec
1081 1033 1232 1078 extra
1259 1024 1550 1093 quidquam
1583 1023 1738 1076 nobis

183 1115 402 1169 relictum
432 1127 539 1179 est,
580 1127 777 1185 [muter
813 1117 1022 1188 virgam
1056 1118 1379 1188 pastoralem
1423 1126 1477 1171 et
1525 1125 1738 1186 aposto-

182 1209 319 1261 licam
350 1210 804 1264 benediCtionem.
850 1211 1131 1265 Dominam
1182 1211 1422 1272 Imizam,
1471 1209 1596 1277 quia
1643 1223 1739 1261 vos

183 1300 350 1369 diligit,
383 1302 679 1369 diligimus.
724 1302 827 1358 I‘er
853 1317 972 1356 eam
1006 1303 1160 1356 nobis
1206 1313 1256 1356 et
1308 1301 1512 1355 nuntiis
1541 1308 1595 1352 et
1627 1299 1738 1368 epi-

184 1394 315 1448 stolis
377 1394 760 1464 signiticabitis
813 1396 1074 1465 quidquid
1127 1409 1224 1448 nos
1275 1393 1452 1446 facere
1500 1391 1734 1446 voletis:

183 1482 425 1552 simulque
464 1481 562 1540 nos
601 1501 700 1555 per
740 1501 859 1541 eam
904 1487 1060 1540 vobis
1102 1484 1360 1554 quidquid
1400 1484 1464 1538 de
1512 1492 1653 1535 statu
1686 1490 1740 1534 et

185 1574 436 1629 molimine
472 1590 766 1647 regnorum
793 1576 1208 1650 cognoverimus
1249 1583 1426 1629 vestra
1453 1574 1734 1628 interesse.

184 1662 363 1721 Valete.

706 1781 1035 1839 EPISTOLA
1075 1784 1191 1840 XV.

547 1887 618 1925 AD
659 1889 1006 1929 PETBOALDUH
1050 1889 1353 1930 IlO-NACIIUI.

243 1979 473 2053 Magnam
518 1984 934 2056 intelligentiam
979 1995 1160 2052 tuam,
1191 1987 1381 2049 frater,
1419 2000 1486 2040 ne
1527 1985 1742 2042 turbent

185 2070 440 2127 fluitantia.
470 2073 578 2141 Qui
623 2083 676 2129 te
699 2077 966 2144 quondam
999 2077 1278 2130 ﬂorentem
1311 2076 1594 2129 [totuinum
1630 2074 1739 2129 cla-

140 2160 153 2174 '
187 2163 378 2216 mahant
402 2174 457 2218 et
495 2174 749 2234 patrem,
793 2181 936 2219 nunc.
979 2181 1297 2220 conservum
1339 2166 1538 2220 habere
1589 2164 1740 2219 dedi-

186 2264 392 2321 gnantur
415 2264 470 2310 ct
507 2271 720 2324 parem.
752 2255 883 2311 Sors
912 2257 1092 2310 omnia
1127 2267 1325 2311 versat.
1358 2255 1414 2310 In
1461 2256 1652 2309 dandis
1691 2265 1746 2308 et

187 2347 513 2417 accipiendis,
570 2357 630 2402 ut
675 2351 997 2403 monachum
1033 2351 1190 2404 decet
1235 2359 1289 2403 et
1324 2348 1499 2412 nosti,
1546 2357 1740 2402 nostra

187 2438 377 2493 licentia
417 2449 604 2495 utere.
634 2439 709 2495 Ne
738 2440 978 2512 negligas
1010 2440 1152 2510 quod
1182 2441 1542 2506 condiximus,
1573 2448 1632 2492 ut
1666 2439 1742 2492 tui

187 2532 475 2586 memoriam
511 2532 934 2603 frequentiorem
964 2533 1279 2586 habeamus.

693 2685 1025 2748 EPISTULA
1071 2684 1208 2741 XVI.

382 2796 447 2833 AD
479 2795 769 2835 can/tmen
801 2796 1045 2833 ABBATEM
1088 2768 1530 2835 XURILIACENSEM.

249 2890 442 2948 Occidit
475 2936 490 2960 ,
537 2895 758 2957 occidit,
807 2896 876 2948 mi
928 2895 1105 2959 Pater,
1148 2905 1324 2950 status
1379 2895 1743 2950 Ecclesiarum

193 2983 399 3039 homini.
428 2985 667 3054 Respub.
701 2985 880 3053 periit,
919 2987 1284 3039 sanctuariutn
1314 2985 1525 3040 Domini
1553 3001 1743 3054 perva-

195 3073 334 3138 ditur,
367 3076 597 3144 populus
637 3076 812 3144 prmda
861 3075 920 3128 fit
962 3077 1222 3130 hostium.
1261 3077 1516 3138 Consule,
1565 3076 1744 3139 Pater,
1777 3094 1820 3154 ς

193 3177 283 3228 quo
325 3178 407 3216 me
445 3176 785 3218 convertam.
831 3163 1026 3219 Milites
1066 3165 1282 3232 quidem
1321 3166 1425 3218 tnei
1460 3180 1610 3219 arma
1651 3181 1744 3219 su-

197 3268 339 3319 mere,
368 3266 546 3312 castra
577 3257 789 3311 munire
819 3255 1014 3326 parati.
1045 3255 1150 3310 Sed
1181 3271 1302 3324 quae
1340 3270 1464 3322 spes
1495 3255 1612 3308 sine
1662 3269 1747 3308 re-

197 3354 326 3400 ctore
349 3347 557 3413 patr-ite,
588 3361 714 3400 cum
742 3345 925 3410 fidem,
977 3360 1180 3408 mores,
1226 3344 1457 3409 animos,
1489 3359 1747 3412 quorum-

198 3434 299 3488 dam
324 3434 574 3490 Italorum
606 3436 1022 3505 pernoscainus?
1043 3436 1319 3490 Ccssimns
1341 3449 1470 3502 ergo
1498 3436 1747 3496 l'ortnna‘,

198 3526 453 3596 studiaque
484 3535 669 3582 nostra
701 3534 940 3596 tempore
971 3525 1296 3586 intermissa,
1324 3525 1507 3577 animo
1539 3534 1746 3578 retenta

200 3617 496 3685 repetimus,
535 3618 732 3688 quibus
769 3618 814 3671 si
866 3617 1044 3688 placet
1101 3615 1419 3685 magistrum
1477 3613 1748 3684 quondam

200 3719 416 3762 nostrum
495 3708 859 3763 Raimundum
935 3707 1202 3760 interesse
1260 3704 1539 3773 cupimus,
1610 3702 1748 3756 inte-

200 3797 287 3853 rim
333 3799 457 3853 dum
505 3798 630 3853 Kal.
684 3780 1069 3853 Decembribus
1129 3796 1358 3849 Romam
1413 3794 1514 3848 iter
1571 3792 1748 3847 inten-

201 3889 383 3944 damus.

706 4027 1029 4084 EPISTOLA
1069 4025 1231 4081 XVII.

795 4136 858 4174 AD
894 4133 1132 4174 EUMDEM.

257 4231 410 4290 Pater
450 4248 608 4289 meus
653 4230 918 4286 Adalbero
963 4230 1256 4284 Remorum
1312 4226 1757 4296 archiepiscopus

205 4338 286 4378 vos
315 4325 448 4379 bene
475 4322 660 4378 valere
693 4322 858 4391 cupit,
897 4330 950 4376 et
982 4321 1108 4390 quia
1140 4327 1374 4374 vestram
1411 4317 1754 4388 praesentiam

3305 251 3413 306 206

2349 355 2678 414 EPISTULA
2721 355 2901 412 XVIII.

2273 461 2341 501 AD
2369 462 2609 506 FRATRES
2639 462 2936 509 ΒοΒιεΝεεε.

1908 558 2187 631 Scriptura
2232 573 2415 617 saneta
2445 563 2612 619 dicit:
2646 563 2750 631 Qui
2786 567 2906 634 ficte
2953 567 3237 625 Dominum
3265 591 3411 644 qutt-

1838 660 1991 714 runt,
2047 667 2312 720 nunquam
2365 653 2594 708 invenire
2645 669 2965 712 mereantur.
3022 660 3124 727 Qui
3175 665 3415 734 regulam

1838 742 2012 795 sancti
2059 741 2330 797 Benedicti
2379 744 2609 812 professi
2647 748 2801 813 estis,
2843 759 2898 803 et
2939 761 3210 820 pastorem
3259 757 3418 812 dese.

1842 831 2012 884 rendo
2056 831 2350 899 abjecistis,
2380 833 2514 886 colla
2565 838 2811 905 tyrannis
2841 849 3032 908 sponte
3080 844 3416 903 subdidistis.

1840 921 1955 975 Non
1982 922 2047 976 de
2077 923 2329 977 omnibus
2354 923 2475 977 dico
2507 928 2752 996 tyrannis
2782 931 2976 986 vestris
3008 933 3253 992 ducilms.
3277 911 3420 997 Ante

1842 1011 2073 1066 tribunal
2106 1011 2305 1066 Christi
2340 1017 2609 1082 quomodo
2639 1032 2901 1086 apparere
2922 1022 3118 1078 vultis?
3149 1025 3273 1082 Ilaec
3298 1030 3418 1096 qui-

1841 1106 1960 1160 dem
2007 1120 2112 1159 non
2151 1121 2313 1160 causa
2357 1107 2622 1162 retinendi
2674 1109 2894 1166 honoris
2941 1116 3142 1182 scribo,
3193 1121 3286 1175 sed
3334 1122 3418 1176 Io-

1840 1199 2052 1268 quenda
2084 1198 2329 1267 loquens,
2368 1213 2498 1252 cura
2531 1203 2784 1269 pastorali
2823 1206 3056 1259 animam
3097 1225 3270 1264 meam
3312 1213 3420 1267 cri-

1843 1289 1986 1342 mine
2017 1288 2206 1352 libero,
2243 1305 2346 1342 non
2381 1291 2661 1345 audientes
2699 1293 2935 1362 intplico.
2968 1297 3278 1364 Apostoliea
3315 1304 3422 1373 pri-

1841 1381 2033 1452 vilcgia
2083 1381 2363 1444 revolvite,
2413 1383 2762 1436 anathemata
2793 1401 2913 1454 quae
2956 1389 3086 1442 mihi
3133 1394 3420 1448 ostenditis

1843 1472 1907 1526 ad
1951 1472 2264 1527 memoriam
2306 1472 2568 1538 reducite,
2605 1474 2824 1545 insuper
2853 1476 3134 1548 intelligite.
3158 1484 3300 1550 quod
3331 1501 3386 1538 sa
3406 1515 3420 1525 -

1841 1562 1920 1616 cri
1962 1577 2198 1616 canones
2240 1563 2429 1616 dicunt
2466 1581 2480 1616 :
2527 1565 2630 1630 Qui
2683 1570 3146 1624 excommunicatis
3192 1574 3422 1643 quolibet

1843 1654 1998 1708 modo
2052 1670 2106 1708 se
2145 1654 2416 1723 junxerit,
2465 1658 2944 1714 cxcommunicatus
2993 1661 3078 1714 sit.
3135 1661 3323 1720 Videte
3367 1668 3421 1722 in

1767 1737 1814 1797 Β
1847 1754 2050 1816 quanto
2076 1747 2315 1816 periculo
2335 1762 2420 1802 res
2445 1757 2637 1802 vestrae
2657 1750 2774 1804 sita:
2800 1753 2926 1805 sint.
2955 1752 3232 1824 Supernus
3254 1757 3421 1827 judcx

1846 1838 2011 1891 faciat
2044 1853 2136 1892 vos
2169 1853 2263 1893 sua
2288 1849 2552 1910 prteccpta
2573 1855 2920 1911 cognoscere,
2951 1855 3007 1899 et
3035 1861 3100 1901 ea
3130 1862 3294 1917 opere
3321 1868 3421 1902 xm-

1844 1929 2014 1996 plet‘e.
3061 1949 3068 1956 '

2377 2069 2704 2125 EPISTOLA
2747 2073 2887 2128 XIX.

2255 2173 2322 2211 AD
2363 2173 2668 2214 RAINMJDAI
2703 2179 3010 2218 IIONACIIL'M.

1916 2264 2084 2320 Recte
2127 2266 2368 2335 quidem,
2398 2267 2588 2333 frater,
2621 2276 2972 2341 conquereris
3003 2291 3165 2347 super
3213 2279 3428 2338 abbatis

1846 2359 1923 2412 ttti
1959 2359 2282 2427 privatione.
2326 2359 2467 2416 Oves
2505 2363 2557 2416 in
2603 2365 2940 2422 convallibus
2982 2380 3108 2424 ante
3143 2386 3235 2425 ora
3271 2373 3427 2444 lupo-

1846 2465 1962 2502 rum
1991 2450 2196 2517 absque
2227 2461 2463 2519 pastore,
2499 2452 2749 2510 monachi
2789 2457 2842 2511 in
2876 2463 3200 2518 monasterio
3226 2466 3430 2536 absque

1844 2539 2059 2594 abbate.
2083 2539 2392 2596 Secundum
2419 2543 2559 2599 scire
2591 2553 2740 2599 tuutu
2771 2555 2826 2600 et
2856 2563 3030 2616 posse,
3059 2551 3196 2608 bene
3221 2563 3271 2609 te
3298 2556 3430 2611 velle

1843 2640 1899 2684 et
1923 2629 2101 2686 facere
2128 2631 2406 2696 adhortor,
2434 2643 2488 2687 et
2510 2651 2724 2690 moneo.
2750 2636 2921 2694 Unius
2941 2644 3066 2696 anni
3091 2645 3190 2698 tria
3216 2646 3427 2702 diversa

1845 2721 2071 2791 imperia
2103 2737 2265 2792 super
2313 2733 2362 2778 te
2389 2725 2586 2779 docent
2625 2743 2747 2797 quze
2789 2731 2958 2798 vides,
3003 2734 3213 2789 fallacia
3257 2748 3311 2792 et
3351 2743 3431 2794 in-

1846 2813 2175 2866 constantia.
2215 2813 2475 2868 Futuram
2507 2819 2919 2886 desolationem,
2952 2839 3054 2877 non
3095 2837 3303 2882 tantum
3337 2847 3431 2900 pa-

1847 2901 2042 2954 rietum
2095 2913 2355 2971 quantum
2405 2904 2709 2960 animarum
2755 2909 3070 2980 ingemisce,
3119 2925 3173 2971 et
3207 2917 3270 2971 dc
3315 2919 3425 2976 Do-

1826 2986 1978 3046 mini
2011 2993 2379 3048 misericordia
2415 2996 2521 3051 noli
2550 2998 2857 3069 desperare.

2396 3130 2729 3188 EI’ISTOLA
2768 3135 2809 3189 X
2822 3136 2860 3188 X
2873 3177 2885 3188 .

2214 3236 2281 3273 AD
2313 3235 2612 3276 ΑοειΑιυιειι
2644 3240 3062 3284 ιιίιδειιλτηιοεκ.

1924 3331 2084 3386 Multa
2109 3333 2326 3402 quidem
2355 3345 2578 3404 peccata
2611 3353 2729 3392 mea
2753 3350 2878 3396 ante
2909 3341 3098 3408 Deum,
3127 3351 3219 3403 sed
3244 3363 3434 3407 contra

1851 3421 2125 3476 dominam
2162 3439 2356 3487 meam,
2405 3426 2496 3494 qui
2548 3435 2666 3482 uta
2707 3431 2930 3486 servitio
2978 3436 3233 3504 repellat,
3277 3440 3436 3495 fidem

1857 3513 2174 3582 promissam
2209 3531 2480 3585 nunquam
2506 3518 2726 3586 violavi,
2752 3525 3041 3579 commissa
3065 3544 3168 3582 non
3200 3534 3437 3599 prodidi,

1855 3606 2110 3675 pietatem
2141 3607 2257 3661 sine
2287 3609 2515 3662 avaritia
2544 3625 2801 3667 exercere
2831 3630 2916 3668 me
2944 3620 3147 3685 putavi.
3176 3620 3229 3676 Si
3260 3627 3439 3679 erravi

1855 3699 1997 3750 circa
2031 3698 2359 3754 voluntatem
2393 3711 2628 3755 vestram
2673 3707 2802 3774 quid
2842 3710 3144 3777 modicum,
3178 3713 3306 3770 fecit
3339 3720 3441 3773 hoc

1859 3788 2297 3857 improvidentia,
2343 3805 2450 3844 non
2482 3791 2800 3849 deliberatio
2829 3814 2840 3848 :
2878 3798 3093 3868 sintque
3123 3805 3280 3858 vobis
3307 3809 3443 3862 satis

1855 3880 2183 3934 continuata:
2236 3879 2350 3947 jam
2422 3882 2474 3936 in
2554 3886 2871 3954 paenitentia
2952 3889 3388 3964 Quadragesimae
3426 3943 3442 3966 ,

1858 3971 2000 4040 quod
2033 3981 2181 4024 certe
2223 3972 2303 4026 sic
2341 3974 2554 4028 confido
2593 3989 2738 4030 esse.
2786 3978 3077 4036 Pratvalnit
3124 3989 3190 4037 ad
3235 3997 3442 4057 tempus

1859 4065 2217 4134 quorumdam
2277 4065 2537 4119 noblium
2596 4082 2893 4138 pauperum
2949 4089 3090 4128 caeca
3143 4081 3440 4147 cupiditas,

1859 4169 2006 4209 nunc
2028 4153 2316 4224 praevaleat
2344 4165 2547 4218 vestra,
2573 4171 2693 4226 quae
2722 4174 2937 4228 semper
2962 4161 3080 4230 fuit,
3104 4166 3251 4222 circa
3273 4172 3444 4235 justi-

1865 4249 1993 4300 tiam
2045 4246 2236 4316 pietas.
2285 4245 2453 4301 Favet
2500 4263 2567 4302 ao
2609 4248 2710 4303 hoc
2758 4251 3034 4319 divinitas,
3082 4273 3245 4327 regna
3289 4265 3445 4320 vobis

1864 4340 2180 4402 concilians,
2206 4351 2259 4394 et
2290 4355 2445 4410 rcges
2466 4349 2712 4410 potentes
2735 4353 2914 4398 vestro
2941 4346 3168 4417 imperio
3189 4353 3444 4411 subdens.

209 4432 296 4470 “0H
323 4418 474 4481 adi“.
516 4415 856 4506 εοιιῑυιῖδίιῑίθ
884 4429 1170 4506 νθῧηοτηηᾚ
1204 4410 1757 4506 Γῗςῖινηδβθξῖίξίῖξίι¹¹θ
1791 4448 1835 4506 ι)
1864 4434 1974 4488 lllea
2018 4433 2283 4487 sententia
2333 4435 2450 4487 haec.
2485 4444 2588 4488 est.
2635 4434 2807 4502 Quam
2852 4410 3161 4497 fidem-tilio
3213 4410 3448 4504 dominae

206 4516 372 4562 contra
399 4524 549 4562 suam
583 4505 876 4562 Ecclesiam
917 4503 1211 4560 commotio
1241 4502 1510 4568 Hcrjberti
1542 4500 1757 4554 Tricas-

211 4597 327 4662 sini,
372 4607 424 4651 et
471 4597 681 4652 Ottonis
717 4595 928 4649 comitis
981 4594 1074 4647 filii
1125 4592 1400 4646 Tedbaldi.
1433 4591 1534 4658 Qui
1584 4601 1759 4645 status

212 4702 475 4756 regnorum
523 4702 688 4758 penes
729 4701 828 4740 vos
857 4686 926 4739 sit
969 4685 1112 4738 scire
1163 4683 1342 4752 cupit,
1386 4691 1441 4736 et
1486 4697 1553 4734 an
1583 4680 1755 4750 litigo.

212 4791 351 4844 quem
397 4787 570 4831 vestra
606 4777 786 4848 lingua
843 4774 1239 4828 abbacomitem
1287 4772 1484 4836 dicitis,
1535 4786 1756 4824 uxorem

213 4868 424 4922 duxerit.
459 4869 583 4936 Quae
629 4884 726 4922 sua
764 4875 890 4920 sunt
922 4876 1104 4944 nostra
1149 4873 1352 4932 putate,
1385 4873 1439 4918 et
1486 4877 1552 4916 ne
1583 4871 1756 4915 vestra

213 4963 364 5030 gratis
405 4974 633 5033 appetat,
678 4961 808 5032 quid
843 4962 923 5015 sui
977 4959 1127 5011 vobis
1176 4956 1383 5026 placeat
1432 4954 1754 5024 significate.

217 5047 317 5107 Hoc
350 5054 513 5124 signo,
555 5070 740 5124 sagum
792 5053 989 5106 Iineum
1045 5062 1332 5118 operosum
1376 5047 1528 5102 vobis
1561 5045 1756 5108 mittit,

222 5147 342 5200 sicut
365 5147 488 5200 olim
528 5163 616 5216 per
654 5155 892 5200 vestrum
923 5142 1207 5195 Airardum
1251 5137 1474 5192 alterum
1515 5137 1754 5199 miserat,

228 5238 305 5290 sed
331 5239 550 5307 planum.
585 5238 656 5291 De
687 5234 1129 5301 multiplicatione
1156 5237 1214 5283 et
1256 5227 1518 5283 divisione
1572 5242 1763 5280 nume-

479 5329 654 5350 I._II__--_
709 5343 732 5350 -
797 5323 978 5350 ἰιηΛιιιι
1030 5321 1268 5350 "Iona-in
1328 5320 1532 5350 A:.:Illl“
1592 5316 1674 5350 ηΙι*
1700 5333 1756 5350 ne

1863 4543 1993 4580 mete
2024 4526 2087 4578 Α.
2116 4527 2345 4584 servavi.
2377 4541 2496 4579 cam
2525 4527 2684 4580 matri
2715 4531 2961 4583 servabo.
2985 4531 3040 4586 Si
3075 4550 3286 4604 nequeo
3310 4555 3449 4607 prae-

1862 4632 2006 4682 setis,
2042 4615 2232 4669 saltem
2277 4617 2473 4670 absens
2519 4616 2656 4671 bene
2700 4617 2991 4689 loquendo,
3024 4621 3160 4680 bene
3186 4631 3447 4696 optando,

1864 4709 2000 4760 bene
2028 4707 2256 4758 orando.

2401 4841 2732 4896 EPISTULA
2775 4842 2913 4898 XXI.

2118 4948 2183 4983 AD
2213 4948 2527 4987 ECEMAXNIJBJ
2562 4951 2863 4991 PALATINUII
2895 4954 3196 4993 ιιῡΝΑείιῖιτιι.

1944 5043 2379 5097 Benevolentiam
2413 5051 2561 5100 tuam
2588 5046 2736 5100 circa
2767 5064 2852 5102 me
2873 5051 3134 5110 sentiens,
3167 5048 3238 5100 mi
3265 5049 3469 5122 frater,

1873 5133 2006 5185 tanti
2039 5131 2282 5186 hominis
2302 5134 2546 5202 gratulor
2573 5136 2846 5192 amicitiae.
2885 5139 3019 5191 Eum
3065 5150 3192 5189 vere
3235 5145 3288 5190 te
3331 5156 3482 5200 con-

1871 5234 2102 5278 stantem
2142 5224 2194 5277 in
2231 5223 2337 5277 [ide
2373 5239 2498 5279 cum
2547 5229 2600 5281 in
2641 5243 2727 5281 me
2769 5239 2881 5282 tum
2915 5230 2967 5282 in
3021 5227 3109 5282 his
3137 5226 3228 5293 qui
3261 5242 3322 5281 se
3371 5234 3488 5294 tibi

1871 5317 2212 5350 nraﬂLInrnnl
2301 5315 2504 5350 Ιῖηιιίιιη
2553 5318 2946 5350 ιΙΛιὶιδοΙιηηι-ι--η
2981 5323 2998 5340 ⁹
3076 5315 3264 5350 Munna
3315 5326 3483 5350 Λαιὲ---
