3948 5350
505 351 611 407 207

1032 483 1367 541 EPISTOLA
1406 479 1569 537 XXII.

1010 594 1079 632 AD
1114 590 1355 632 DOIINAI
1392 588 1599 630 ηιιελκ.

545 693 814 752 'Felicem
866 706 954 747 me
996 689 1183 760 judico
1233 698 1397 746 tantae
1450 687 1666 742 femina
1721 683 1997 757 agnitione
2041 688 2099 735 et

506 786 769 849 amicitia,
790 782 944 851 cujus
965 780 1123 836 (idem
1153 780 1385 844 firmam,
1411 776 1774 834 constantiam
1799 775 2095 843 longzcvam

513 872 771 929 admirari
802 885 909 926 non
935 866 1209 925 suﬂieiunt
1235 868 1372 924 Galli
1405 868 1532 923 mei.
1556 866 1623 921 Et
1648 865 1898 935 quamvis
1918 871 2098 919 vestra

423 1028 431 1041 .
514 960 801 1033 prudentia
844 973 951 1014 non
1000 966 1158 1029 egeat
1200 956 1589 1022 admonitione,
1622 963 1801 1009 tamen
1833 953 1958 1023 quia
2002 966 2099 1007 vos

511 1052 912 1110 collaborantes
939 1059 996 1107 et
1031 1048 1384 1106 condolentes
1414 1056 1601 1103 nostro
1646 1044 1941 1100 infortunio
1973 1058 2097 1099 sen-

513 1143 695 1204 timus,
717 1141 995 1197 dominum
1028 1154 1221 1210 papam
1246 1137 1525 1194 conveniri
1549 1135 1755 1191 nuntiis
1775 1143 1832 1189 et
1856 1131 2102 1203 epistolis

509 1233 710 1291 vestris
736 1232 1007 1297 volumus,
1029 1245 1095 1286 ac
1119 1229 1357 1285 nostris:
1387 1237 1443 1284 et
1472 1227 1517 1283 si
1548 1241 1687 1297 quos
1714 1235 1770 1280 et
1791 1222 2103 1293 specialiter

511 1334 568 1382 et
606 1325 659 1381 in
701 1323 978 1381 communi
1017 1322 1281 1378 habemus
1327 1320 1570 1376 fautores
1613 1327 1668 1374 et
1714 1316 2013 1387 adjutores,
2045 1322 2104 1369 ut

505 1414 604 1485 qui
633 1415 798 1470 simul
840 1413 1124 1469 tristamnr
1153 1412 1385 1482 propitia
1429 1410 1711 1467 divinitate
1747 1408 2100 1479 gaudeamus.

511 1508 799 1567 Dominam
822 1521 1001 1562 meam
1024 1503 1436 1574 Theophaniam
1462 1500 1865 1571 imperatricem
1888 1498 2105 1552 nomine

511 1616 635 1656 meo
679 1599 985 1656 convenite.
1030 1597 1209 1668 Reges
1246 1595 1579 1650 Francorum
1620 1591 1732 1646 filio
1774 1606 1874 1647 suo
1919 1590 2105 1647 favere

511 1691 702 1758 dicite,
745 1690 990 1761 nihilque
1034 1702 1131 1744 eos
1160 1685 1304 1740 aliud
1347 1683 1559 1746 conari,
1608 1682 1712 1738 nisi
1763 1680 2103 1754 tyrannidem

1120 343 1481 402 SILVESTRI
1521 341 1562 397 II
1603 338 1804 396 PAPE
1847 336 1996 394 OPP.
2038 332 2221 390 PARS
2261 332 2347 390 III.
2390 362 2450 372 -
2496 328 2715 385 EPIST.
2765 327 2854 384 ΕΤ
2891 327 3164 385 DIPLOM.

2128 461 2180 518 Α

3669 324 3771 380 208

2643 464 2979 522 EPISTOLA
3016 463 3205 521 XXVI.

2198 596 2264 635 ΔΙ)
2301 594 2587 635 εειικιιτωι
2631 594 3097 635 ΛΒΟΗΙΕΡΙΞΕΟΡῊΙΙ·
3137 591 3503 634 τιιενιιιεαεει
3544 591 3618 631 ΒΧ
3655 592 3772 630 νει·

2700 667 2830 705 δοΝΑ
2877 664 3260 704 Αωωειιοδιε.

2278 739 2407 795 Vide
2446 740 2770 812 Patralogia:
2809 750 2937 796 toni.
2982 737 3306 795 CXXXVII
3345 739 3397 794 in
3426 737 3777 794 Αυωειιοιει

2201 831 2463 897 Βεωεδει,
2492 833 2643 904 epist.
2669 834 2720 888 1.
3422 834 3425 837 ί

2702 943 3037 1000 EPISTOLA
3076 942 3289 999 XXVII.

2201 1051 2269 1090 AD
2299 1050 2618 1091 VILLEGISUI
2650 1050 3000 1092 IOGUNTINUM
3051 1048 3505 1090 ARCHIEPISCOPUH
3552 1049 3622 1089 ει
3655 1047 3775 1087 νει-

2786 1120 2917 1161 8οΝΔ
2952 1122 3005 1161 Β]
3014 1120 3205 1161 USDIZM.

2280 1193 2413 1251 Vide
2440 1196 2591 1264 ibid.,
2621 1197 2774 1270 epist.
2799 1198 2857 1253 2.

2684 1309 3024 1366 EPISTOLA
3062 1307 3297 1365 XXVIII.

2202 1421 2272 1460 εκ
2311 1419 2543 1461 ΡειδοΝΔ
2588 1415 2924 1458 ιιιεειυειιειί
2970 1414 3300 1456 BEVASTATE
3337 1412 3657 1454 UNIVERSALI
3694 1413 3777 1457 EC‘

2893 1486 3117 1527 ςιεδιιε.

2274 1593 2351 1647 Ea
2400 1606 2521 1663 quae
2568 1599 2652 1647 est
2709 1586 3128 1660 Hierosolymis,
3179 1584 3471 1641 universali
3536 1581 3782 1639 Ecclesia:

2205 1685 2434 1756 sceptris
2464 1698 2756 1755 regnorum
2788 1678 3097 1751 imperanti.
3143 1677 3276 1733 Cum
3306 1675 3445 1731 bene
3480 1675 3666 1745 vigeas
3693 1672 3784 1726 im-

513 1780 734 1837 IIenrici
779 1794 962 1851 regem
990 1794 1050 1835 se
1079 1778 1255 1832 facere
1283 1774 1516 1832 volentis
1550 1774 1651 1829 sub
1686 1773 1907 1830 nomine
1934 1773 2101 1828 advo-
2133 1813 2177 1873 Β
2208 1776 2474 1832 maculata
2505 1789 2700 1844 sponsa
2732 1771 2964 1834 Domini,
3011 1768 3166 1839 cuius
3194 1768 3497 1824 membrum
3546 1780 3669 1822 esse
3706 1779 3785 1820 me

508 1872 745 1929 cationis
779 1871 921 1930 velle
946 1871 1253 1928 destruere.

1023 2022 1357 2082 EPISTULA
1398 2020 1586 2076 XXIII.

888 2134 952 2173 Αθ
982 2130 1224 2173 DOIINUI
1257 2128 1496 2170 JOANNEI
1528 2127 1723 2168 PAPAI.

583 2230 839 2289 Graviter
896 2239 954 2285 et
1005 2227 1191 2299 iniquo
1243 2225 1426 2281 animo
1481 2223 1599 2279 fero
1636 2221 1891 2295 pervadi,
1942 2220 2104 2291 diripi

516 2324 886 2378 sanctuarium
926 2319 1142 2377 Domini
1190 2317 1456 2373 creditum
1503 2314 1638 2370 mihi
1691 2329 1721 2369 a
1764 2322 1952 2368 saneta
1984 2310 2101 2367 Ilo-

512 2428 671 2468 mana
718 2421 774 2467 et
803 2409 1098 2482 apostolica
1141 2406 1397 2462 Ecclesia.
1452 2404 1646 2469 Porro,
1696 2401 1823 2474 quid
1852 2402 2106 2471 deinceps

515 2504 844 2569 stabilietur,
867 2503 912 2558 si
942 2503 995 2558 id
1016 2500 1333 2557 dissolvitur
1354 2496 1497 2567 quod
1522 2504 1704 2551 actum
1730 2503 1815 2550 est
1833 2507 2103 2549 consensu

513 2594 797 2667 principis,
829 2593 1207 2665 episcoporum
1236 2587 1518 2649 electione,
1549 2584 1682 2641 cleri
1712 2593 1767 2639 et
1797 2582 1977 2654 populi
2009 2596 2101 2637 vo.

513 2685 744 2752 Iuntate,
782 2692 1060 2754 postremo
1083 2679 1323 2735 omnium
1356 2676 1633 2733 hominum
1662 2670 2101 2731 excellentissimi

512 2790 668 2848 papa:
707 2772 1155 2832 consecratione?
1201 2770 1246 2825 si
1290 2775 1558 2841 praecepta
1604 2764 1897 2827 violantnr,
1929 2760 2100 2833 privi-

512 2865 651 2936 legia
672 2870 1116 2928 contemnuntur,
1141 2860 1340 2915 divina:
1364 2865 1421 2913 et
1447 2857 1701 2911 humana:
1724 2853 1872 2921 leges
1900 2849 2098 2907 sustol-

515 2957 699 3013 luntur
720 2957 744 3011 ?
767 2956 883 3023 Qua
909 2968 1006 3025 spe
1029 2967 1127 3007 vos
1156 2948 1389 3005 adeundi
1436 2945 1735 3017 perieulum
1769 2943 1989 3009 faciam,
2033 2954 2103 2996 ne

517 3045 876 3117 dedignemini
903 3044 1073 3099 sacris
1109 3041 1353 3112 apicibus
1380 3037 1711 3108 significare.
1738 3032 1993 3102 Alioquin
2033 3045 2102 3085 ne

518 3135 786 3191 miremini
833 3133 881 3189 si
932 3134 1016 3188 his
1070 3130 1270 3187 castris
1318 3143 1405 3183 me
1454 3126 1690 3196 applico,
1733 3125 1823 3179 ubi
1863 3123 2100 3179 maxima

516 3230 693 3300 portio
716 3227 851 3296 legis
873 3228 1144 3289 humanm,
1161 3222 1304 3277 nulla
1326 3220 1520 3275 divine
1539 3236 1553 3272 :
1573 3216 1885 3272 humanitas
1906 3214 2105 3285 quippe

519 3321 694 3391 prima
740 3320 794 3373 in
825 3316 1037 3383 activis,
1080 3314 1335 3369 divinitas
1379 3309 1617 3366 secunda
1646 3307 1701 3363 in
1733 3304 2102 3375 speculativis.

518 3410 642 3466 Fiet
677 3411 784 3466 hoc
821 3422 940 3464 mea
984 3404 1451 3478 pusillanimitate,
1484 3409 1666 3456 vestra
1713 3405 1963 3453 cessante
1992 3410 2108 3450 ma-

519 3501 895 3575 gnanimitate.

1033 3626 1370 3687 EPISTOLA
1408 3624 1603 3682 XXIV.

874 3741 942 3782 AD
975 3737 1214 3780 ιυριτυιι
1259 3731 1750 3775 BARCHINONENSEI.

592 3837 746 3896 Licet
773 3835 915 3907 apud
958 3844 1009 3890 te
1058 3831 1202 3888 nulla
1252 3843 1371 3885 mea
1419 3829 1529 3884 sint
1580 3826 1802 3891 merita,
1852 3822 2110 3879 nobilitas

514 3945 703 3992 tamen
757 3947 822 3987 ac
868 3927 1156 3985 affabilitas
1204 3935 1298 3981 tua
1330 3940 1417 3989 me
1469 3921 1689 3976 adducit
1739 3919 1793 3974 in
1838 3927 1892 3972 te
1940 3915 2112 3972 conli-

521 4028 673 4092 dere,
713 4026 779 4082 dé
833 4034 885 4080 te
931 4033 1279 4093 pmsumere.
1320 4016 1509 4086 Itaque
1557 4012 1752 4069 librum
1803 4010 1873 4066 de
1929 4017 2110 4063 astro-

520 4118 663 4191 logia
710 4115 1028 4174 translatum
1076 4126 1107 4167 a
1158 4120 1230 4175 te,
1281 4109 1412 4164 mihi
1465 4104 1669 4178 petenti
1723 4101 1917 4174 dirige,
1960 4108 2017 4156 et
2064 4100 2109 4156 si

521 4207 654 4278 quid
680 4206 786 4262 mei
825 4203 974 4261 voles
1012 4201 1068 4258 in
1101 4197 1661 4271 recompensationem
1691 4194 1993 4250 indubitate
2026 4205 2113 4247 re-

539 4312 722 4370 posce.

1051 4441 1385 4531 EPISTOLA
1421 4440 1589 4495 xxv.

705 4555 775 4595 AD
806 4554 926 4595 BONI
962 4550 1144 4592 FILIAI
1176 4546 1557 4590 GEBUNDENSEI
1587 4543 1903 4585 EPISCOPUII.

599 4653 764 4734 Multa
829 4649 1047 4721 quidem
1126 4645 1424 4702 auctoritas
1501 4641 1671 4697 vestri
1730 4638 1968 4695 nominis
2026 4652 2113 4691 me

529 4729 754 4810 movet,
840 4756 961 4797 cum
1036 4737 1104 4795 ad
1200 4736 1489 4792 videndum
1574 4740 1631 4789 ct
1731 4728 2111 4799 alloquendum

533 4852 649 4897 tum
704 4837 868 4894 etiam
952 4833 1019 4888 ad
1093 4826 1587 4900 obtemperandum
1659 4840 1673 4876 :
1729 4830 1785 4877 et
1850 4821 1954 4876 hoc
2024 4818 2113 4872 diu

2208 1866 2398 1928 fateor,
2426 1879 2550 1935 spes
2574 1863 2704 1918 mihi
2738 1860 2972 1916 maxima
3001 1873 3097 1931 per
3127 1868 3179 1913 te
3199 1867 3358 1929 caput
3380 1855 3660 1913 attollendi
3681 1854 3782 1923 jam

2207 1972 2345 2027 pene
2372 1956 2641 2011 attritum.
2665 1954 2746 2008 An
2777 1953 3073 2023 quidquam
3101 1949 3398 2007 diuiderem
3422 1950 3487 2005 de
3513 1958 3592 2015 te,
3614 1963 3785 2004 rerum

2206 2046 2445 2111 domina,
2473 2045 2518 2101 si
2548 2060 2635 2101 me
2662 2043 3011 2114 recognoscis
3041 2041 3226 2095 tuam?
3253 2039 3555 2109 Quisquam
3585 2055 3653 2093 ne
3679 2046 3784 2091 tuo-

2206 2154 2330 2192 rum
2354 2137 2625 2193 famosam
2670 2134 2878 2191 cladem
2928 2133 3130 2188 illatam
3163 2132 3294 2187 mihi
3343 2141 3537 2202 putare
3581 2128 3787 2184 debebit

2208 2228 2275 2281 ad
2304 2241 2364 2281 se
2390 2224 2612 2280 minime
2637 2224 2933 2296 pertinere,
2962 2231 3127 2291 utque
3155 2236 3336 2276 rerum
3367 2219 3557 2275 infima
3599 2219 3784 2273 abhor-

2208 2318 2370 2373 rere?
2401 2317 2464 2372 Et
2494 2318 2745 2388 quamvis
2787 2330 2931 2370 nunc
2966 2315 3196 2384 deiecta,
3234 2321 3414 2367 tamen
3469 2310 3663 2365 habuit
3707 2324 3785 2363 me

2207 2409 2356 2463 orbis
2390 2416 2657 2464 terrarum
2681 2406 2943 2477 Optimam
2970 2405 3055 2460 sui
3095 2411 3328 2473 partem.
3352 2401 3528 2456 Penes
3560 2415 3646 2455 me
3673 2413 3785 2469 pro-

2205 2500 2492 2571 phetarum
2552 2497 2805 2562 oracula,
2850 2495 3290 2567 patriarcha-rum
3354 2491 3612 2562 insignia.
3660 2488 3785 2543 Hinc

2207 2591 2353 2646 clara
2382 2591 2584 2646 lumina
2613 2590 2797 2644 mundi
2824 2586 3053 2658 apostoli
3081 2586 3417 2656 prodierunt,
3442 2583 3575 2638 hinc
3597 2579 3785 2637 Christi

2208 2685 2368 2740 fidem
2394 2683 2598 2754 reperit
2622 2682 2770 2736 orbis
2793 2690 3082 2745 terrarum,
3104 2679 3244 2749 apud
3272 2692 3357 2732 me
3377 2676 3784 2745 Redemptnrem

2207 2792 2363 2834 suum
2395 2773 2621 2829 invenit.
2647 2772 2858 2827 Etenim
2887 2771 3140 2841 quamvis
3167 2769 3367 2838 ubique
3388 2767 3459 2822 sit
3486 2766 3783 2828 divinitate,

2209 2876 2390 2921 tamen
2423 2865 2512 2919 hic
2549 2862 2886 2919 humanitate
2918 2870 3095 2925 natus,
3133 2874 3346 2930 passus,
3376 2856 3644 2927 sepultus,
3671 2855 3787 2910 hinc

2207 2963 2274 3016 ad
2321 2959 2490 3016 caelos
2527 2958 2725 3014 elatus.
2773 2956 2881 3011 Sed
2923 2970 3050 3010 cum
3091 2953 3355 3024 prepheta
3406 2950 3649 3005 dixerit:
3680 2944 3785 3000 Erit

2206 3050 2504 3123 sepulcrum
2533 3048 2645 3119 ejus
2680 3047 2986 3118 gloriosum,
3020 3044 3248 3115 paganis
3292 3043 3407 3097 loca
3436 3052 3630 3095 sancta
3667 3037 3784 3093 sub-

2206 3141 2569 3206 vertentibus,
2595 3147 2768 3195 tentat
2799 3136 3045 3193 diabolus
3073 3135 3302 3191 reddere
3330 3132 3645 3203 inglorium.
3672 3130 3788 3185 Eni-

2209 3246 2326 3291 tere
2358 3248 2513 3305 ergo,
2539 3232 2696 3287 miles
2733 3228 2959 3297 Christi,
2990 3237 3106 3284 esto
3132 3226 3358 3299 signifer
3384 3235 3439 3282 et
3471 3236 3789 3295 compugna-

2210 3336 2315 3390 tor,
2342 3334 2399 3381 et
2439 3324 2581 3397 quod
2620 3322 2788 3378 armis
2819 3322 3031 3390 nequis,
3057 3319 3271 3375 consilii
3316 3326 3371 3374 et
3400 3332 3567 3388 apum
3601 3312 3790 3371 auxilio

2208 3414 2459 3471 subveni.
2488 3411 2627 3480 Quid
2656 3420 2741 3466 cst
2768 3412 2913 3480 quod
2958 3411 3076 3475 das,
3103 3418 3196 3463 aut
3221 3407 3306 3463 cui
3354 3406 3489 3462 das?
3514 3420 3709 3474 nempe
3732 3417 3790 3456 ex

2209 3504 2381 3561 multo
2420 3504 2716 3569 modicum,
2757 3510 2812 3558 et
2850 3501 2899 3557 ei
2941 3500 3031 3571 qui
3077 3515 3237 3554 omne
3268 3498 3407 3568 quod
3440 3496 3607 3551 habet
3636 3492 3791 3566 gratis

2208 3597 2377 3662 dedit,
2422 3611 2522 3652 nec
2553 3604 2663 3650 tam
2710 3593 2939 3665 ingratis
2969 3592 3195 3661 recepit,
3238 3599 3291 3645 et
3328 3590 3417 3644 hic
3451 3604 3581 3642 eum
3620 3584 3789 3641 midti-

2209 3690 2397 3760 plicat,
2439 3696 2495 3743 et
2534 3687 2589 3742 in
2640 3686 2826 3742 futuro
2875 3692 3204 3739 remunerat.
3245 3679 3349 3735 Per
3398 3695 3487 3735 me
3528 3674 3791 3734 benedicit

2211 3778 2335 3842 tibi,
2370 3786 2430 3833 ut
2476 3775 2755 3847 largiendo
2782 3781 2995 3830 crescat
3031 3781 3086 3829 et
3114 3781 3339 3844 peccata
3370 3769 3603 3834 relaxet,
3634 3776 3691 3822 ut
3713 3780 3790 3820 se.

2210 3887 2332 3927 eum
2365 3869 2645 3938 regnando
2673 3870 2842 3925 vivas.

2715 3981 3055 4038 EPISTOLA
3089 3978 3280 4036 XXIX.

2312 4094 2380 4132 AD
2419 4092 2682 4134 WALONEII
2723 4091 2949 4140 EJUSQUE
2988 4089 3316 4153 PERTINACES
3350 4088 3421 4128 EX
3462 4087 3696 4128 PERSONA

2821 4160 3200 4202 ADALBERONIS.

2291 4256 2421 4313 Vide
2445 4256 2772 4328 Patrologia:
2796 4267 2922 4311 tam.
2950 4254 3150 4313 CXXX
3161 4254 3272 4311 VII
3297 4257 3351 4312 in
3374 4256 3727 4311 ADALBERON!

2747 4327 3009 4392 Renum,
3034 4331 3184 4398 epist.
3213 4330 3267 4383 3.

2749 4437 3085 4495 EPISTOLA
3109 4437 3277 4495 XXX.

2136 4524 2187 4585 υ
2216 4564 2283 4605 Αἰ)
2320 4562 2669 4606 ΝΟΤΕΟΑΙΠῊΙ
2704 4560 2995 4602 ειηεεοιηω
3044 4556 3408 4599 ιεοωοειηειξῑι
3449 4556 3520 4596 εχ
3569 4551 3786 4596 νεκεοκι

2883 4629 3140 4672 Ειυευειι.

2222 4772 2227 4776 ,
2299 4713 2426 4769 Vide
2448 4713 2539 4769 ubi
2567 4729 2756 4784 supra,
2779 4712 2930 4782 epist.
2956 4710 3010 4763 4.

2733 4820 3070 4879 EPISTOLA
3097 4818 3294 4877 XXXI.

531 4938 789 5009 negatum
849 4922 1058 4980 distulit
1116 4928 1309 4991 negata
1368 4917 1594 4972 libertas
1639 4928 1703 4969 ea
1746 4928 1870 4967 cum
1931 4910 2116 4965 dolore
2217 4930 2617 4972 conrnovsnsu
2669 4923 2939 4969 ntsnsmct
2989 4925 3223 4966 Episcom
3281 4922 3545 4963 usrexsxs
3587 4919 3786 4963 coam

528 4998 810 5081 concessa.
863 5011 1094 5070 Domino
1152 5024 1275 5065 meo
1327 5007 1525 5063 Ottone
1573 5002 1787 5059 Cmsare
1837 4998 1949 5070 jam
2001 5014 2107 5053 non

532 5112 827 5152 "mm-ama
880 5108 963 5152 ras
1003 5114 1058 5152 at
1103 5103 1293 5152 amicis
1344 5099 1522 5152 lonui.
1564 5106 1620 5152 et
1653 5110 1842 5150 eorum
1871 5092 2108 5152 imperiis

2875 4997 3145 5039 οΑῐιυιυκ.

2290 5099 2631 5152 Diensnicus.
2646 5112 2833 5152 servus
2852 5110 3129 5151 servorum
3148 5093 3390 5152 Domini.
3415 5094 3787 5152 imperatorum
