3948 5350
188 370 280 428 209

191 582 427 651 regnandi
478 584 814 640 debilitatum
850 590 1121 660 negligere
1161 595 1360 665 coegit.
1398 597 1464 650 Et
1489 599 1620 666 quid
1652 601 1754 654 mi-

189 687 291 725 rum
338 673 383 727 si
433 676 486 728 in
530 687 778 747 nepotem
818 691 1026 750 pestem
1057 686 1133 739 tui
1180 688 1536 744 Snl'tlidiSSillll
1582 693 1762 748 cordis

188 766 395 829 evomis,
432 769 526 836 qui
550 781 775 824 eruenta
809 788 966 826 manu
994 784 1048 829 et
1070 778 1134 831 ad
1161 793 1322 833 omne
1344 781 1521 835 scelus
1548 798 1760 854 semper

188 857 569 925 promptissima
612 876 737 915 cum
770 862 1042 919 latronum
1083 882 1245 937 grege
1278 877 1333 922 et
1364 870 1542 925 furum
1582 875 1757 928 mani-

187 947 325 1017 pulo,
360 948 488 1001 dum
516 949 678 1006 fratri
716 963 806 1008 tuo
835 956 1003 1009 nobili
1036 957 1376 1013 Francorum
1406 963 1517 1032 regi
1553 964 1759 1017 Landu-

189 1052 299 1090 num
319 1039 593 1095 civitatem
618 1057 795 1108 suam,
824 1044 1043 1115 inquam
1067 1062 1243 1115 suam,
1274 1067 1548 1121 nunquam
1573 1055 1757 1124 utique

192 1138 348 1193 tuan],
380 1131 504 1185 dolo
537 1134 681 1189 malo
712 1137 1051 1206 subriperes,
1082 1156 1312 1210 eumque
1345 1158 1509 1214 regno
1536 1145 1752 1199 framla-

189 1232 280 1283 res,
307 1230 356 1273 et
390 1220 801 1291 imperatoriam
834 1240 1113 1292 sororem,
1144 1232 1401 1300 regnique
1426 1234 1510 1287 sui
1534 1250 1756 1290 consor-

190 1317 280 1360 tem
328 1309 652 1375 infamares,
696 1315 913 1385 tuisque
959 1318 1257 1373 mendaciis
1294 1323 1757 1378 commacolares?

188 1396 309 1452 Nihil
338 1417 572 1470 unquam
602 1406 757 1474 pensi
791 1407 1060 1461 habuistis
1080 1449 1095 1473 ,
1140 1409 1392 1476 dilatato,
1428 1412 1754 1479 incrass;ite,

187 1490 516 1562 impinguate,
541 1497 633 1564 qui
653 1513 756 1551 non
783 1510 1005 1553 secutus
1030 1510 1243 1570 patrum
1277 1512 1491 1558 tuorum
1512 1509 1753 1577 vestigia,

187 1584 500 1656 dereliquisti
544 1588 838 1644 Dominum
888 1592 1155 1647 factorem
1221 1604 1391 1649 tuum.
1447 1598 1756 1656 llecordare

185 1691 238 1731 os
284 1685 427 1731 tuum
481 1680 771 1750 impudens
815 1684 1029 1753 quoties
1083 1686 1252 1756 digito
1299 1692 1751 1759 compescuerim,

186 1769 292 1821 dum
325 1772 502 1839 turpia
536 1773 590 1825 in
622 1773 946 1831 Remensem
980 1779 1481 1851 archiepiscopum,
1510 1785 1753 1853 turpiora

1041 376 1285 447 SECTIO
1322 388 1361 452 Ι.
1402 422 1473 433 -
1508 391 1694 450 ANTE
1720 396 2021 455 SUMMUM
2062 400 2598 460 PONTIFICATUM.

190 502 276 542 nec
315 490 363 543 in
413 490 559 545 illam
601 504 811 561 partem
843 494 1004 553 ﬁdem
1040 500 1266 567 habens,
1296 519 1474 559 etcens
1515 515 1566 561 te
1610 525 1764 563 amor
1792 515 1839 572 Α

3335 416 3441 471 210

1925 511 2233 570 iGiavitatis
2245 516 2508 585 siquidem
2525 535 2657 575 mea:
2685 520 2879 587 fuerat,
2908 523 3189 580 maledicta
3210 536 3296 581 tua
3314 534 3448 586 taei-

1867 604 2128 660 tnrnitate
2167 621 2441 675 premere,
2477 626 2577 665 nec
2609 611 2763 682 pensi
2793 612 2995 669 habere
3026 617 3168 686 quod
3200 620 3446 687 petulan-

1864 694 1935 747 tia
1956 696 2126 765 magis
2144 700 2380 767 tyranni,
2406 715 2565 769 quam
2587 702 2850 769 judicium
2878 706 3102 774 protulit
3122 711 3442 766 sacerdotis.

1864 783 1969 837 Sed
1997 800 2063 839 ne
2087 786 2361 841 silentium
2393 781 2497 844 tuis
2520 791 2816 862 conjuratis
2844 794 3087 850 videatur
3111 796 3292 854 facere
3321 816 3448 855 con-

1862 872 2178 939 fessionem,
2210 891 2477 933 summam
2512 890 2729 936 tuorum
2762 882 3029 941 scelerum
3057 890 3247 957 paucis
3285 892 3445 945 attin-

1862 981 2011 1037 gam,
2043 976 2099 1023 et
2131 969 2197 1023 de
2224 971 2477 1025 maximis
2508 975 2729 1028 minima
2758 976 3012 1032 referam.
3054 979 3279 1036 Consilii
3312 998 3447 1052 quo-

1860 1071 1967 1125 que
2002 1058 2107 1113 mei
2142 1060 2401 1114 nonnulla
2436 1064 3059 1136 pnetermittam,utqui
3084 1069 3229 1125 velut
3266 1072 3446 1127 inanis

1861 1157 1983 1202 uter
2003 1149 2195 1217 spiritu
2220 1150 2549 1217 intumuisti,
2578 1167 2699 1208 meo
2736 1164 2797 1210 ut
2824 1165 2878 1210 tu
2906 1158 3105 1228 desipis
3131 1160 3443 1226 incrassati,

1861 1239 2201 1311 impinguati,
2245 1242 2475 1309 dilatati,
2524 1261 2744 1315 pressus
2791 1249 3033 1318 pondere
3076 1252 3439 1307 detumescas.

1858 1329 1969 1384 Cur
2013 1331 2266 1386 domnam
2300 1334 2490 1388 ducem
2531 1336 2837 1393 Bcatriccm
2873 1355 2995 1396 cum
3028 1341 3138 1397 filio
3182 1345 3443 1415 regnique

1860 1420 2183 1489 primatibus
2240 1439 2269 1477 a
2315 1425 2471 1480 nobis
2518 1428 2811 1495 prodendis
2856 1429 3129 1486 delusam?
3165 1431 3240 1486 Te
3277 1435 3444 1488 miser

1860 1526 1968 1565 non
2013 1514 2205 1577 sentis,
2236 1530 2337 1570 nec
2358 1531 2686 1587 quemquam
2714 1534 2852 1589 pene
2888 1521 3003 1577 fore
3050 1531 3154 1577 tute
3194 1522 3436 1590 coniura-

1861 1600 2024 1655 tionis
2064 1603 2407 1675 participem.
2452 1604 2570 1661 Νοιι
2617 1607 2788 1674 solus,
2829 1624 2929 1665 nec
2970 1610 3023 1666 in
3066 1612 3262 1683 angulo
3285 1611 3443 1668 fidem

1859 1690 2263 1762 integerrimam
2304 1696 2415 1751 lilio
2444 1698 2617 1753 nostri
2654 1699 2885 1756 Caesaris
2914 1710 3123 1765 astruo.
3153 1712 3211 1759 ut
3255 1713 3308 1759 tu
3349 1721 3446 1760 no-

1859 1791 2053 1837 cturno
2084 1800 2235 1840 mero
2268 1796 2506 1842 cructas.
2551 1789 2764 1845 Adsunt
2792 1806 3002 1847 mecum
3026 1792 3215 1849 Gallice
3236 1795 3441 1865 princi-

186 1859 229 1912 in
257 1861 489 1932 reginam
532 1863 918 1922 dementiendo
963 1872 1275 1940 serpentino
1306 1872 1464 1928 sibilo
1493 1874 1748 1931 clludisti.
1788 1870 1826 1927 Β
1857 1889 1971 1944 pes,
2004 1890 2160 1944 rcges
2185 1876 2225 1930 F
2234 1893 2547 1944 raucorum,
2584 1880 2715 1937 velis
2739 1882 2878 1937 nolis
2905 1884 3305 1954 prteclarissimi
3338 1886 3448 1941 Lo-

184 1951 301 2016 Quid
352 1953 401 2005 in
434 1952 860 2012 Lauduueusem
892 1961 1201 2031 episc0pum
1234 1964 1432 2019 l'eceris
1462 1966 1576 2036 ipse
1608 1970 1749 2022 nosti

185 2042 369 2096 melius.
396 2046 555 2101 brevi
581 2058 634 2101 tu
660 2048 1098 2107 Lothariensium
1120 2056 1267 2125 regni
1287 2057 1484 2125 angulo
1508 2059 1751 2125 latitans,

185 2134 574 2206 vanissimoque
620 2142 909 2210 supercilio
957 2153 1008 2198 te
1058 2148 1151 2199 ιοιί
1206 2163 1441 2217 prmesse
1472 2150 1748 2219 jactitans.

186 2222 302 2288 Quid
342 2228 525 2296 neptis
568 2231 848 2300 utriusque
894 2244 1137 2288 nostrum
1182 2236 1416 2303 femina,
1452 2249 1503 2294 te
1542 2250 1595 2295 te
1634 2242 1751 2297 viro

186 2319 379 2386 melior,
409 2339 541 2377 eum
576 2326 770 2380 nobilis
798 2326 992 2382 indolis
1030 2329 1140 2383 lilio
1175 2347 1187 2383 :
1220 2332 1348 2401 quid
1379 2334 1750 2402 apostolorum

187 2413 347 2468 vicarii
388 2415 655 2472 Ecclesiae
689 2430 889 2475 sanctze
924 2422 1080 2476 ovilis
1108 2433 1375 2493 pastores,
1408 2442 1545 2495 quos
1584 2436 1635 2482 tu
1668 2444 1752 2481 ca-

185 2506 293 2561 nino
314 2506 477 2563 dente
520 2520 682 2565 noctu
730 2521 783 2566 et
824 2514 1056 2567 interdiu
1093 2515 1285 2570 rodere
1314 2518 1533 2572 conaris
1570 2534 1583 2570 :
1622 2520 1750 2589 quid

186 2597 261 2651 alii
298 2613 561 2668 pnctcrea
609 2604 910 2673 principes,
940 2607 1030 2675 qui
1077 2608 1209 2661 nihil
1256 2618 1344 2662 tuo
1376 2610 1486 2679 juri
1519 2612 1749 2677 debent,

184 2687 393 2757 ejusdem
428 2692 675 2747 habeant
706 2695 1039 2766 Dominoque
1068 2708 1289 2753 auctore
1316 2700 1630 2768 possideant
1663 2717 1750 2755 re-

188 2783 451 2838 miniscere
484 2803 496 2837 :
531 2796 586 2840 et
616 2787 689 2840 ita
733 2790 947 2842 tandem
986 2790 1161 2843 inania
1198 2793 1480 2846 excutiens
1518 2795 1747 2859 sonmia,

193 2872 512 2946 frontemque
542 2879 838 2934 falsissimo
862 2882 1056 2951 poculo
1092 2884 1391 2937 debriatam
1419 2901 1748 2956 expurgatis,

191 2968 367 3033 poteris
396 2970 578 3024 metiri
617 2970 693 3024 nil
728 2986 847 3026 esse
883 2975 1025 3043 quod
1056 2976 1173 3044 agis
1203 2975 1270 3028 ad
1304 2975 1378 3028 nil
1407 2976 1588 3032 divino
1621 2988 1749 3031 nutu

192 3057 554 3114 deveniendum
585 3065 728 3132 quod
761 3064 986 3119 moliris.
1016 3066 1260 3132 Quorum
1302 3082 1433 3137 ergo
1472 3068 1612 3122 haud
1654 3086 1750 3139 pro

196 3150 363 3204 merito
380 3153 650 3221 ascriptus
674 3170 917 3221 numero,
945 3156 1141 3226 ligandi
1158 3158 1507 3228 solvendique
1523 3161 1750 3215 donatus

1859 1965 2159 2022 tharienses
2202 1967 2303 2022 [ide
2338 1970 2535 2025 devoti.
2579 1970 2677 2028 llis
2710 1982 2793 2028 est
2824 1990 2972 2030 cura:
3009 1976 3154 2032 filius
3183 1975 3439 2045 Ctesaris,

1855 2057 1909 2111 lii
1944 2073 2044 2112 nec
2086 2073 2311 2130 regnum
2344 2073 2597 2130 quaerunt
2636 2065 2883 2135 eripere,
2916 2076 2974 2121 ut
3014 2076 3067 2122 tu
3106 2084 3205 2125 nec
3244 2085 3442 2127 conre-

1856 2156 2112 2217 gnantem
2148 2149 2454 2207 instituere.
2485 2152 2563 2208 ’l‘u
2597 2153 2777 2209 divina
2801 2164 2855 2211 et
2882 2157 3117 2212 lnnnana
3148 2158 3451 2215 eonfudist‘}

1847 2237 1994 2306 jura,
2022 2238 2195 2308 deque
2222 2238 2430 2310 legibus
2444 2243 2682 2299 oscitans
2705 2254 2765 2299 ut
2790 2245 2954 2300 limax
2987 2246 3038 2301 in
3069 2262 3167 2302 suo
3194 2248 3439 2303 conclavi

1853 2339 2153 2398 cornupeta
2204 2331 2297 2386 tibi
2352 2333 2571 2388 videris.
2621 2335 2732 2389 (iur
2772 2337 3028 2406 pastorali
3060 2338 3235 2395 ollicio
3266 2339 3442 2394 minas

1856 2420 2124 2477 intendis?
2154 2422 2318 2489 Quasi
2348 2441 2476 2480 vero
2508 2436 2563 2479 tu
2594 2436 2797 2497 pastor,
2832 2440 2887 2483 et
2917 2445 3023 2483 non
3057 2430 3211 2500 lupus
3249 2446 3438 2500 rapax,

1855 2522 1905 2566 et
1945 2515 2121 2583 potius
2150 2516 2287 2570 alter
2310 2516 2506 2583 ludas,
2535 2518 2581 2573 si
2617 2518 2787 2574 .ludas
2806 2520 3104 2589 apostolus,
3130 2523 3219 2592 qui
3252 2522 3439 2578 Domi-

1855 2619 1981 2658 num
2015 2622 2172 2660 suum
2208 2608 2424 2679 triginta
2470 2609 2707 2679 prodidit
2736 2610 3031 2681 argenteis,
3062 2621 3117 2666 et
3143 2623 3195 2665 tu
3228 2614 3443 2683 episco-

1854 2711 1952 2765 pus
1974 2698 2064 2766 qui
2095 2698 2381 2754 Dominum
2413 2710 2563 2754 tuum
2595 2716 2775 2770 regem
2801 2701 3068 2757 lueredem
3096 2704 3245 2774 regni
3274 2720 3440 2773 regno

1853 2788 2103 2857 privasti,
2132 2806 2229 2860 spe
2260 2790 2603 2846 famosissimi
2635 2800 2892 2861 quzestus.
2930 2791 3162 2845 Parvum
3192 2795 3284 2848 tibi
3317 2794 3439 2859 hoc,

1853 2892 2042 2947 poenas
2078 2880 2143 2934 de
2172 2896 2237 2935 eo
2266 2891 2528 2951 quantum
2571 2882 2637 2936 ad
2670 2890 2722 2937 te
2757 2882 2862 2937 line
2903 2894 3158 2938 carentes
3193 2884 3341 2937 velut
3371 2886 3443 2937 de

1854 2970 2009 3025 hoste
2036 2972 2335 3041 sumpsisti.
2378 2971 2594 3029 Siccine
2616 2973 2873 3029 Ottonnm
2902 2986 3316 3044 promcruerunt
3343 2977 3439 3031 bc-

1854 3062 2085 3117 neficia?
2124 3063 2367 3134 Denique
2412 3080 2688 3135 nunquam
2733 3068 2799 3119 ad
2825 3082 2919 3122 eos
2966 3068 3125 3122 fidem
3162 3068 3439 3133 habuisse,

1856 3169 1960 3208 non
1991 3154 2157 3209 solius
2185 3154 2459 3210 liliicausa
2486 3156 2945 3212 convinceris.An
2973 3174 3095 3213 eum
3127 3157 3441 3212 Lolharium

196 3237 393 3305 honore,
439 3243 571 3296 mihi
628 3244 848 3315 indigno
895 3247 1150 3315 pastorali
1207 3249 1355 3318 virga
1403 3251 1749 3305 commissam
1779 3235 1824 3295 Ο
1858 3260 2038 3315 regem
2091 3243 2461 3307 Francorum,
2512 3260 2673 3314 quem
2722 3245 3017 3315 gloriosum
3074 3260 3267 3311 vocas.
3317 3262 3440 3300 cui"

196 3328 485 3387 defensurus
526 3333 860 3390 Ecclesiam:
896 3336 1191 3392 Ecclesiam
1235 3337 1388 3405 dico,
1436 3356 1541 3394 non
1589 3341 1749 3395 aliam

195 3435 333 3488 quam
370 3426 564 3477 summi
604 3427 842 3493 pastoris
883 3430 1145 3498 sanguine
1193 3430 1552 3499 redemptam,
1585 3448 1749 3501 quam

199 3519 263 3575 tu,
294 3513 524 3568 divinum
555 3514 646 3583 jus
688 3526 1061 3583 contemnens,
1095 3535 1217 3573 cum
1244 3504 1363 3575 tuis
1396 3522 1750 3591 complicibus

199 3601 413 3659 lacerare
431 3610 624 3677 _"atque
681 3607 949 3662 dilaniare
989 3627 1087 3679 pro
1116 3627 1274 3681 posse
1306 3622 1397 3666 tuo
1425 3616 1705 3668 contendis
1732 3632 1746 3670 :

200 3692 485 3752 horribilem
527 3712 795 3769 Spernens
833 3701 978 3755 illam
1019 3702 1356 3759 Dominieam
1396 3721 1614 3772 vocem,
1642 3721 1748 3776 qua

203 3792 392 3839 tonatur
424 3804 437 3840 :
468 3786 571 3852 Qui
604 3805 691 3842 ros
721 3791 915 3860 tangit,
941 3794 1106 3862 tangit
1156 3794 1411 3863 pupillam
1443 3796 1581 3849 oculi
1625 3798 1748 3864 mei,

198 3884 243 3927 et
275 3876 422 3929 aliam
454 3894 555 3946 qua
589 3880 779 3933 eodem
810 3882 965 3936 modo
997 3883 1198 3937 dicitur
1224 3902 1236 3938 :
1275 3884 1381 3949 Qui
1413 3902 1498 3939 eos
1530 3888 1748 3955 spernit,

202 3982 267 4018 me
308 3971 512 4036 spernit.
549 3970 666 4023 Tua
716 3972 979 4027 hactenus
1017 3974 1238 4028 vulnera
1275 3991 1471 4031 curare
1502 3977 1746 4042 studens,

202 4056 346 4111 inludi
371 4059 543 4114 oleum
569 4072 624 4115 et
649 4062 854 4128 vinum,
880 4064 1018 4119 idem
1049 4066 1200 4119 mitia
1230 4077 1442 4121 secreto
1469 4083 1565 4136 per
1588 4068 1746 4122 fami-

202 4146 340 4204 liares
373 4162 583 4207 nostros
616 4156 824 4222 asperis
849 4155 1063 4225 publice
1094 4157 1348 4211 miscens.
1395 4158 1609 4213 Abhinc
1639 4160 1744 4213 nisi

203 4241 463 4309 resipiscas
484 4244 717 4313 Spiritus
742 4247 906 4301 sancti
938 4247 1135 4317 gladio,
1156 4248 1246 4317 qui
1271 4249 1399 4302 mihi
1425 4251 1747 4306 commissus

202 4343 287 4397 est,
314 4350 428 4389 cum
474 4338 565 4391 tibi
602 4341 1067 4408 eomputribilibus
1107 4342 1366 4396 membris
1417 4344 1745 4410 rescindam,

205 4430 342 4491 atque
370 4425 477 4494 igni
504 4428 709 4480 tradam
736 4428 1155 4500 inexstinguibili
1181 4446 1192 4481 :
1221 4437 1277 4483 ut
1308 4430 1447 4484 sicut
1476 4431 1609 4487 fides
1633 4444 1745 4501 tua,

205 4512 242 4565 si
286 4530 381 4569 non
431 4528 836 4581 contemneres.
876 4532 1022 4575 esset
1065 4536 1186 4576 cum
1225 4524 1471 4590 superis,
1513 4522 1584 4576 ita
1614 4540 1742 4578 cou—

1856 3337 2089 3389 maxime
2116 3336 2316 3400 oderis,
2360 3336 2503 3390 hunc
2546 3338 2765 3406 inquam
2808 3352 2931 3391 eum
2981 3352 3146 3406 regno
3179 3336 3439 3407 pellebas,

1855 3439 2051 3496 meque
2080 3440 2310 3497 regnare
2340 3427 2594 3497 cogebas,
2630 3427 2860 3483 [idemne
2884 3429 2933 3483 ei
2965 3441 3020 3483 ct
3049 3428 3178 3483 mihi
3210 3428 3445 3499 promis--

1852 3533 1969 3573 sam
2018 3518 2312 3573 servabas?
2353 3517 2484 3571 Mihi
2532 3518 2862 3587 promissam
2907 3516 3030 3573 dico
3079 3528 3205 3572 ante
3253 3534 3439 3581 aram,

1851 3623 2013 3678 quam
2060 3609 2401 3678 impudenter
2431 3608 2703 3662 nominas.
2752 3606 3003 3663 Profecto
3035 3606 3285 3678 intelligis
3309 3608 3439 3676 quid

1850 3701 2066 3756 feceris.
2116 3700 2318 3756 Contra
2356 3699 2582 3755 fratrem
2622 3715 2801 3756 meum
2838 3714 2903 3753 ac
2947 3713 3192 3755 sororem
3231 3698 3437 3752 domini

1856 3794 1931 3847 tui
1994 3806 2081 3847 me
2127 3808 2279 3846 arma
2328 3807 2526 3863 parare
2572 3792 2919 3862 impellehas,
2962 3800 3021 3845 ut
3062 3807 3224 3846 onme
3263 3807 3433 3861 genus

1854 3894 2096 3940 nostrum
2138 3885 2345 3956 regium
2393 3884 2595 3939 mutuis
2638 3883 2953 3939 vulneribus
2982 3880 3320 3944 confoderes,
3356 3892 3437 3952 ty»

1849 3990 2053 4031 mnnos
2080 3976 2297 4030 nomine
2325 3990 2510 4045 regum
2540 3974 2914 4039 substitueres,
2938 3988 3060 4028 cum
3084 3973 3280 4042 quibus
3306 3987 3434 4026 cou-

1852 4077 2055 4137 tempto
2084 4066 2389 4121 sacerdotio
2419 4066 2601 4119 vacuis
2632 4065 2769 4119 aulis
2801 4064 3057 4118 incubare
3080 4077 3287 4132 posses.
3321 4060 3437 4114 Lae-

1849 4162 1979 4215 dcre
2019 4175 2105 4213 me
2135 4167 2316 4228 putas,
2347 4156 2391 4211 si
2418 4170 2513 4209 eos
2558 4153 2762 4209 lmsisse
2798 4154 2946 4207 dicas
2966 4192 2981 4217 ,
3006 4166 3237 4221 quorum
3264 4150 3433 4220 gloria

1853 4251 2080 4323 glorior,
2111 4264 2303 4303 aversa
2345 4247 2600 4317 opinione
2640 4244 2871 4315 allligor.
2907 4242 3105 4299 Verum
3136 4242 3296 4297 aliter
3332 4256 3435 4305 est,

1853 4343 2163 4398 immanitas
2188 4339 2453 4395 scelerum
2471 4347 2684 4392 tuorum
2709 4336 2983 4391 occultare
3007 4345 3056 4389 te
3084 4334 3303 4404 propria
3329 4348 3435 4387 non

1853 4435 2056 4505 patitur
2084 4434 2303 4505 llagitia.
2336 4432 2399 4487 Et
2427 4431 2677 4501 quamvis
2706 4429 3026 4501 purgatione
3055 4428 3130 4482 uti
3163 4427 3316 4491 velis,
3344 4440 3439 4496 per

1848 4526 2174 4581 emotionem
2220 4525 2274 4579 in
2323 4538 2612 4593 personam
2658 4531 2806 4576 tuam
2851 4519 3023 4589 pallor
3060 4518 3322 4582 subinde,
3367 4533 3432 4571 ac

208 4606 442 4660 temnenti
493 4608 561 4661 sit
609 4619 870 4678 perpetuo
914 4627 1039 4665 cum
1088 4585 1307 4666 inferis.-
1352 4612 1581 4677 Quando
1625 4616 1739 4684 jam
1775 4585 1823 4643 Ι)
1851 4617 2078 4673 subinde
2106 4618 2291 4682 rubor,
2320 4616 2596 4670 silentium
2621 4615 2672 4667 in
2697 4611 2966 4682 loquendo
2990 4609 3248 4673 subitum,
3271 4607 3436 4662 verba

206 4698 507 4753 conlirmatis
536 4702 772 4756 vectibus
815 4712 868 4757 et
906 4703 1141 4757 caelestis
1178 4703 1511 4759 Hierusalem
1541 4706 1746 4763 clausis

210 4789 355 4856 portis
393 4806 419 4842 a
454 4790 685 4861 Virginis
717 4794 824 4847 lilio
853 4794 1022 4864 ipsius
1044 4796 1282 4850 civitatis
1311 4811 1513 4865 sponso
1538 4798 1749 4853 dicetur

210 4879 447 4946 rrprobis:
466 4880 715 4937 Discedite
738 4902 767 4937 a
784 4902 886 4950 me,
911 4886 1192 4950 maledicti,
1209 4887 1261 4939 in
1285 4889 1451 4957 ignem
1468 4901 1743 4956 wternunt,

210 4971 281 5035 qui
309 4985 611 5039 prteparntus
656 4986 729 5029 est
758 4976 968 5029 diabolo
995 4987 1041 5029 et
1068 4978 1267 5047 angelis
1291 4979 1430 5047 ejus,
1454 4980 1595 5034 sicut
1620 4985 1750 5036 scri-

212 5068 336 5126 ptum
361 5076 475 5117 est:
505 5063 590 5119 Va:
623 5068 712 5137 qui
737 5068 1029 5138 prwdaris.’
1052 5085 1222 5123 nonne
1249 5080 1295 5121 et
1320 5070 1427 5139 ipse
1467 5072 1745 5138 prun/abe-

214 5156 309 5192 l‘;e9
340 5158 471 5192 Γηυο
517 5174 578 5192 nn
631 5162 680 5192 ἶιι
720 5176 780 5192 an
824 5160 1005 5192 nnmJn
1062 5161 1357 5192 ἶηιιηηῖιισιῖο
1402 5161 1455 5192 ἶη
1512 5177 1613 5192 nun
1650 5168 1741 5192 nn!

1853 4709 2029 4777 subita
2060 4708 2333 4779 prioribus
2361 4722 2466 4760 non
2494 4704 2848 4767 coluerentia,
2869 4701 3033 4755 etiam
3062 4715 3166 4753 non
3191 4712 3437 4768 qumreu-

1856 4801 2000 4855 tibus
2039 4801 2232 4869 ingens
2262 4805 2591 4852 tormentum
2619 4794 2965 4849 conscientiae
3007 4791 3261 4861 produnt.
3298 4789 3435 4842 Eru-

1857 4891 2037 4952 besce,
2065 4888 2249 4950 miser,
2270 4895 2326 4941 et
2344 4886 2489 4955 quod
2520 4896 2571 4938 te
2600 4882 2775 4939 solum
2807 4882 2947 4936 scire
2970 4879 3190 4949 putasti,
3221 4877 3289 4929 ad
3318 4891 3435 4929 om-

1859 4982 2005 5036 nium
2057 4980 2301 5033 notitiam
2341 4977 2657 5046 pervenisse
2699 4985 2986 5043 cognosce.
3037 4966 3282 5022 Peccatis
3335 4967 3441 5018 tuis

1858 5074 2106 5128 innoxios
2146 5072 2254 5125 noli
2290 5068 2803 5130 connnacularc,’ct
2841 5064 2969 5118 vitia
3006 5071 3095 5115 tua
3125 5057 3439 5125 turpissima

2304 5161 2315 5192 :
2382 5159 2631 5192 ..ιηηιιιιιο
2691 5154 2851 5192 ιηιίιια
2908 5149 3140 5192 ηιηνίιιιιίη
3196 5146 3437 5192 nnllntts-

1860 5164 2083 5192 alin-num
2140 5161 2315 5192 ntnl:n:
2382 5159 2631 5192 Innnilulc
