3948 5350
439 368 543 455 2H

1013 369 1057 424 ll
1094 369 1461 426 SIL\'ES'I'RI
1500 369 1704 426 PAPE
1732 368 1881 426 OPP.
1924 368 2032 424 PAI

2142 370 2221 425 lIl.
2261 402 2326 411 —
2361 369 2581 428 EPIST.
2619 372 2709 428 ET
2751 370 3026 429 DIPLOM.

3606 361 3706 416 2H

434 483 609 536 viduae
634 479 889 552 lacrymis
912 495 1151 535 mensam
1182 489 1328 535 tuam
1351 460 1481 535 luxu
1503 480 1811 551 Evangelici
1833 480 2016 536 divitis
2041 486 2090 544 Α
2116 483 2269 537 eritis
2289 522 2303 548 ,
2336 492 2389 538 et
2429 498 2551 540 cum
2590 484 3056 554 imperatricibus,
3092 491 3147 536 et
3188 496 3313 540 cum
3360 479 3446 536 his
3475 480 3545 535 ad
3573 495 3713 551 quos

434 572 741 636 extruxisti,
768 570 1028 638 ejusmodi
1059 571 1293 626 miseriis
1324 580 1537 625 montes
1571 586 1768 627 aureos
1797 586 2019 627 coacer-

433 667 592 720 vasti.
614 666 788 733 Super
805 664 893 718 his
914 661 1099 717 infelix
1123 663 1417 732 ingemisce
1436 663 1687 732 privatim
1708 672 1763 717 et
1786 662 2019 733 publice,

438 756 678 826 alioquin
708 754 834 809 audi
866 754 993 824 quid
1025 754 1121 810 tibi
1152 754 1453 808 intenditur
1482 771 1498 807 :
1530 752 1793 821 Quoniam
1822 744 2022 808 venient

430 848 544 899 dies
573 846 629 898 in
658 852 736 909 te,
784 852 834 897 et
874 843 1273 898 circumdabant
1314 852 1393 907 te,
1429 853 1477 897 et
1512 842 1934 912 coangustabunt
1972 853 2021 898 te

436 934 690 1004 undique,
720 943 770 988 et
804 934 875 987 ad
905 944 1099 987 terram
1122 943 1448 1003 prosternant
1471 943 1540 1000 te,
1562 950 1622 988 eo
1644 934 1785 1004 quod
1808 950 1911 988 non
1931 950 2022 988 co-

431 1027 655 1094 gnovisti
683 1035 885 1095 tempus
906 1024 1216 1079 uisitationis
1242 1036 1366 1079 tute.

508 1115 822 1169 Audiuimus
848 1116 1145 1186 superbiam
1179 1114 1358 1182 Moab,
1399 1117 1651 1185 superbus
1679 1127 1754 1171 est
1782 1116 1950 1171 ualde.

436 1205 694 1269 Superbia
718 1206 832 1275 ejus
860 1217 907 1260 et
937 1206 1245 1275 arrogantia
1280 1205 1394 1274 ejus
1429 1204 1707 1277 plusquam
1744 1206 2022 1276 fortitudo.

927 1316 1261 1372 EPIS'I‘OLA
1297 1316 1537 1371 XXXIII.

436 1406 702 1447 I‘UBGATIO
716 1404 980 1446 GERBER'I‘I
1002 1403 1067 1443 OB
1091 1403 1531 1443 CONTROVERSIAII
1547 1405 1580 1441 Α
1595 1402 1654 1442 SE
1672 1402 2023 1444 DESCRIPTAI.

511 1483 737 1538 Domino
772 1490 829 1537 et
869 1478 1307 1537 reverentissimo
1347 1477 1566 1548 praesuli
1614 1477 1910 1533 Βιευειιιεο
1956 1478 2025 1533 G.

437 1574 616 1630 ﬁdelis
648 1573 900 1629 Caesaris.

507 1666 553 1723 Ο
582 1665 1000 1724 decus-Romani
1027 1665 1237 1736 imperii
1266 1666 1280 1719 !
1325 1672 1606 1719 tantumne
1636 1663 1862 1718 rationis
1886 1663 2026 1733 patri

437 1757 710 1828 quondam
738 1757 947 1828 reipub.
972 1756 1247 1827 deperisse
1275 1755 1540 1821 dicemus,
1567 1763 1627 1808 ut
1652 1752 1878 1823 populus
1905 1768 2026 1808 cum

2121 573 2325 630 relcrre
2368 576 2658 645 putabitis,
2705 590 2793 631 me
2839 590 3058 629 servum
3107 573 3316 628 fidelem
3363 571 3599 627 Caesaris
3646 572 3713 627 ab

2122 666 2312 721 exsilio
2367 667 2723 731 revocabitis,
2781 667 2872 736 qui
2928 665 3063 721 nihil
3112 662 3346 733 deliqui,
3408 661 3513 716 nisi
3571 661 3716 732 quod

2122 757 2320 813 Caesari
2357 750 2541 813 ﬁdelis
2568 757 2773 813 exstiti.
2801 756 2911 811 Vos
2939 771 3069 826 ergo
3093 755 3193 810 soli
3223 769 3362 810 onus
3393 767 3573 808 meum
3605 751 3717 805 fer-

2126 848 2215 913 tis,
2255 847 2397 916 quod
2436 861 2535 901 nec
2570 847 2762 901 amicis
2810 845 3142 916 principibus
3181 843 3588 900 communicare
3622 853 3721 896 cu-

2126 939 2264 1004 ravi,
2289 938 2459 993 donec
2480 938 2760 1009 experirer
2774 937 2904 1008 quid
2926 952 3023 1006 per
3043 952 3166 992 eum
3191 951 3350 1007 quem
3374 932 3719 1006 potissimum

2117 1026 2305 1096 judico
2329 1027 2446 1084 ﬁeri
2474 1038 2681 1098 posset.

2614 1120 2946 1176 EPISTOLA
2994 1118 3213 1175 XXXV.

2358 1229 2426 1268 ΔΙ)
2454 1228 2738 1268 δειῑΔιυυη
2767 1228 3014 1268 ΔΒΒΔΤΕΙ
3042 1225 3484 1267 Αυιιιιιλςεκεειί.

2198 1303 2429 1370 Quantis
2455 1303 2907 1373 occupationibus
2934 1302 3145 1372 reipub.
3174 1301 3482 1357 detineatur
3510 1308 3726 1361 noster,

2129 1406 2187 1450 ut
2220 1397 2290 1450 ita
2313 1396 2580 1462 dicamus,
2610 1395 2925 1451 tiduciarius
2945 1394 3107 1449 Pater
3125 1394 3395 1450 Adalbero
3423 1394 3727 1449 Remorum

2130 1490 2606 1561 archiepiscopus,
2647 1499 2703 1544 et
2731 1490 2960 1545 tarditas
2992 1488 3151 1559 hujus
3191 1488 3352 1559 legati
3386 1488 3627 1552 indicat,
3674 1496 3729 1540 et

2129 1597 2370 1652 praesens
2402 1580 2472 1635 ab
2495 1580 2627 1635 urbe
2648 1580 2904 1638 ltemensi
2934 1580 3201 1636 absentia.
3241 1579 3415 1635 Causa
3443 1579 3731 1651 negotium

2130 1675 2440 1738 continens,
2466 1682 2643 1729 status
2672 1687 2961 1744 regnorum
2991 1680 3096 1726 est.
3136 1671 3270 1726 Nam
3301 1671 3430 1725 dum
3458 1686 3489 1725 a
3517 1669 3730 1725 Letha-

2135 1767 2329 1821 riensis
2365 1765 2517 1837 regni
2554 1765 2881 1835 primatibus
2908 1765 3126 1820 obsides
3166 1763 3385 1832 accipit,
3435 1762 3564 1815 dum
3616 1760 3735 1816 ﬁlio

435 1860 656 1922 pastore
698 1851 844 1907 velut
889 1852 1139 1922 ignavum
1189 1864 1357 1919 pecus
1400 1848 1582 1918 praeda
1628 1848 1700 1901 sit
1746 1844 2029 1900 hostium?

2142 1860 2479 1930 imperatoris
2505 1872 2698 1928 parere
2719 1857 2864 1928 cogit
2891 1857 2993 1912 sub
3023 1856 3166 1927 regis
3198 1855 3532 1910 Francorum
3559 1852 3734 1908 clien-

436 1943 907 2005 Generositatem,
952 1939 1494 2008 magnanimitatem,
1549 1935 1890 2005 prudentiam
1943 1948 2034 1988 ve-

436 2042 630 2096 stram,
665 2042 923 2101 tanquam
956 2038 1071 2085 tres
1104 2028 1430 2087 fortissimas
1455 2027 1695 2098 legiones
1732 2040 1831 2096 pro
1873 2023 2033 2080 domo

437 2121 605 2177 Israel
636 2120 911 2191 opponite,
933 2120 1123 2174 ducem
1150 2117 1236 2175 his
1256 2117 1596 2173 divinitatem
1626 2114 1883 2186 praeticite
1910 2131 1924 2167 :
1965 2129 2034 2168 ne

438 2216 534 2287 qui
574 2215 888 2270 felicitatem
922 2223 1189 2279 vestram,
1216 2213 1442 2283 gloriam
1479 2210 1910 2267 existimavimus
1937 2223 2034 2263 no-

442 2317 638 2372 stram,
670 2307 715 2362 si
746 2308 912 2362 decus
941 2306 1153 2377 imperii
1191 2306 1521 2369 amittimus,
1560 2303 1787 2374 proinde
1818 2302 2033 2373 inglorii

439 2400 757 2456 reddantur.
787 2398 857 2452 Et
891 2412 992 2452 nos
1020 2397 1237 2467 quidem
1270 2397 1385 2450 haec
1414 2395 1678 2460 dicimus,
1716 2408 1821 2447 non
1854 2402 1913 2445 ut
1940 2390 2033 2445 ad-

442 2489 745 2544 monitione
770 2489 999 2556 egeatis,
1027 2486 1123 2542 sed
1152 2495 1212 2541 ut
1232 2497 1468 2541 mentem
1493 2494 1733 2540 nostram
1756 2500 1855 2553 pro
1882 2482 2035 2538 vobis

444 2578 734 2637 sollicitam
777 2577 1221 2647 interpretemur.
1255 2576 1373 2643 Quo
1402 2591 1600 2644 genere
1636 2574 2035 2644 interpretatio-

444 2668 532 2723 nis
553 2683 722 2739 nuper
747 2669 828 2723 usi
853 2683 1059 2731 sumus,
1083 2668 1136 2722 in
1161 2666 1535 2725 controversia
1565 2664 1818 2720 acerrimi
1842 2664 2032 2728 hostis,

442 2773 685 2815 vestram
718 2758 1053 2829 majestatem
1080 2758 1478 2822 exacerbantis,
1516 2756 1607 2812 ubi
1637 2755 1850 2826 culpam
1884 2754 2035 2809 inﬁdi

444 2848 762 2920 interpretis
789 2847 1000 2903 subisse
1019 2861 1294 2913 veremur,
1322 2847 1448 2901 dum
1471 2844 1709 2901 motibus
1731 2844 2035 2899 animorum

444 2943 565 3012 ejus
591 2944 896 2998 orationem
940 2958 1048 2997 non
1092 2941 1446 3010 aequavimus.
1480 2940 1555 2996 At
1590 2940 1633 2995 si
1667 2941 1782 2994 lucc
1810 2936 2036 2993 intentio

450 3037 649 3104 placet,
682 3035 935 3104 deinceps
969 3033 1396 3097 elaborabimus,
1444 3041 1499 3087 et
1539 3032 1836 3086 amicorum
1875 3039 2040 3099 atque

448 3124 796 3181 inimicorum
826 3122 1049 3178 allectus
1074 3123 1385 3192 diligentius
1410 3122 1796 3191 exprimemus,
1824 3129 1882 3173 ut
1908 3120 2038 3189 quid

445 3219 624 3287 sequi,
655 3217 785 3287 quid
820 3216 991 3271 vitare
1015 3214 1283 3279 debeatis,
1322 3229 1420 3284 per
1461 3228 1561 3268 nos
1586 3213 1740 3283 plena
1784 3212 1887 3267 fide
1916 3228 2037 3283 per-
2064 3198 2109 3257 εἰ

448 3310 708 3365 nuscatis.
738 3308 854 3376 Qua
886 3308 940 3363 in
967 3322 1026 3364 re
1050 3307 1203 3364 vobis
1228 3306 1425 3372 lucem,
1457 3306 1597 3361 hosti
1624 3306 1875 3362 tenebras
1903 3303 2037 3362 otis-

451 3399 595 3457 disse
618 3401 931 3475 gaudemus.
957 3400 1163 3458 Valete.

936 3492 1263 3549 EPISTOLA
1308 3493 1546 3550 XXXIV.

592 3601 661 3639 Αἰ)
688 3600 1008 3641 πιιωοιδωι
1036 3598 1386 3640 ΜοῧυΧΤῙΝυΜ
1418 3598 1891 3640 ΔΒΕΠΙΕΡΙεΕΟΡϋΙ.

520 3677 685 3733 Multa
712 3678 919 3732 chartis
947 3691 1051 3731 non
1081 3676 1374 3742 credimus,
1413 3690 1535 3745 qua:
1566 3674 1755 3744 legatis
1783 3672 2032 3730 commit-

451 3771 635 3834 timus,
663 3779 724 3823 ut
750 3768 877 3823 huic
904 3766 1084 3823 abbati
1112 3766 1344 3822 Airardo
1363 3767 1467 3822 sibi
1494 3766 1683 3821 intimo
1702 3766 1865 3821 Pater
1885 3778 2038 3819 meus

446 3861 718 3934 Adalbero
748 3858 1043 3913 Remorum
1072 3857 1535 3929 archiepisc0pus,
1560 3857 1716 3911 vobis
1737 3872 1834 3926 per
1854 3854 2037 3909 omnia

448 3949 610 4015 titius,
643 3948 806 4003 multa
833 3948 1133 4011 commisit,
1174 3948 1240 4002 de
1285 3958 1429 4003 statu
1476 3958 1531 4003 et
1570 3962 1703 4017 pace
1748 3960 2035 4016 regnorum

446 4040 727 4095 vobiscum
774 4039 1046 4094 habenda.
1093 4038 1317 4110 Insuper
1355 4054 1419 4093 ea
1464 4054 1585 4108 quae
1626 4054 1724 4108 per
1751 4036 2035 4107 epistolam

442 4130 603 4185 vobis
649 4128 1003 4199 signiﬁcavit,
1053 4129 1133 4183 sic
1175 4143 1236 4183 se
1280 4129 1478 4183 habere
1520 4128 1805 4182 Dominum
1846 4135 2033 4180 testem

446 4222 682 4274 invocat.
710 4219 783 4275 Ut
808 4220 911 4274 sibi
938 4220 1018 4274 sic
1048 4219 1226 4288 legato
1249 4219 1474 4284 credite,
1501 4228 1556 4273 et
1582 4234 1703 4287 qua:
1739 4218 1891 4272 vobis
1918 4216 2035 4286 pla-

448 4321 611 4368 ceant
634 4352 653 4376 ,
692 4313 735 4366 si
768 4327 873 4366 non
903 4320 988 4365 est
1015 4320 1198 4379 aptum
1241 4311 1478 4379 scriptis,
1512 4311 1562 4365 ei
1601 4310 1736 4363 vivis
1764 4307 2039 4378 rependite

450 4403 657 4457 verbis.
702 4402 841 4467 Sed,
886 4418 920 4457 ο
967 4402 1038 4455 ιιιί
1078 4402 1261 4470 pater!
1305 4415 1541 4455 mmrcns
1577 4399 1743 4453 simili
1781 4400 1847 4452 de
1872 4412 2037 4451 causa

448 4502 775 4547 intercutem
805 4491 1003 4561 quibus
1040 4489 1247 4545 aﬂ‘abor
1268 4488 1450 4543 verbis
1473 4489 1497 4541 ?
1534 4487 1745 4542 Ctesare
1773 4486 2034 4547 destituti.

446 4585 629 4656 praeda
672 4584 910 4638 hostium
954 4581 1485 4648 sumus;C:esarem
1528 4581 1581 4634 in
1622 4579 1730 4633 tilio
1757 4592 2038 4648 superesse

445 4679 779 4748 putavimus.
819 4674 865 4731 Ο
914 4675 1036 4744 quis
1068 4675 1327 4744 prodidit,
1364 4675 1490 4742 quis
1518 4673 1675 4727 nobis
1700 4666 2039 4725 alteramlu-

452 4788 570 4827 cem
601 4768 845 4838 eripuit?
873 4783 1071 4838 agnum
1102 4767 1286 4832 matri,
1311 4781 1417 4821 non
1443 4766 1566 4836 lupo
1586 4764 1852 4820 committi
1874 4778 2036 4834 opor-

450 4863 572 4916 tuit.
603 4860 687 4915 Me
729 4859 946 4924 quidem
994 4858 1196 4912 doloris
1228 4858 1538 4912 immanitas
1582 4857 1711 4911 mihi
1756 4856 2040 4911 consulere

451 4967 560 5007 non
586 4950 827 5020 patitur,
868 4962 1013 5002 nunc
1040 4945 1213 5001 fertur
1240 4948 1453 5003 animus
1480 4962 1718 5017 prreceps
1758 4946 1811 5000 in
1857 4946 2041 5001 hostes

446 5043 644 5106 Italos,
687 5041 778 5108 qui
807 5056 927 5095 mea
954 5039 1195 5096 funditus
1220 5041 1524 5108 diripiunt:
1564 5056 1706 5095 nunc
1730 5040 1885 5094 quasi
1926 5056 2040 5088 ιιιρ..

2136 1953 2264 2018 tela,
2288 1954 2523 2020 dumque
2553 1950 2843 2005 Henricum
2882 1949 2935 2003 in
2962 1947 3135 2003 Gallia
3170 1962 3401 2017 regnare
3438 1945 3732 2015 prohibet,

2133 2053 2320 2099 vestro
2350 2041 2555 2098 nomini
2582 2040 2958 2097 convenientia
2981 2080 2997 2105 ,
3038 2054 3159 2109 qua:
3189 2039 3433 2094 mitteret
3474 2044 3582 2091 nun
3627 2037 3733 2091 ha—

2134 2137 2271 2191 buit.
2299 2134 2371 2190 At
2395 2135 2439 2190 si
2468 2134 2623 2191 vobis
2661 2129 2873 2203 gratum
2916 2130 3033 2188 fore
3073 2130 3328 2194 senserit,
3357 2138 3568 2184 vestem
3595 2143 3735 2182 auro

2136 2237 2360 2293 textam,
2387 2242 2548 2296 quam
2576 2226 2880 2281 verecunde
2909 2232 3146 2279 veterem
3172 2224 3342 2288 misit,
3372 2238 3511 2280 nova
3540 2222 3736 2277 immu-

2134 2319 2289 2385 tabit,
2319 2319 2464 2389 quod
2497 2318 2736 2381 brevitas
2765 2317 3022 2387 temporis
3062 2330 3170 2370 non
3209 2313 3439 2369 habuit:
3470 2312 3614 2369 stola
3647 2312 3735 2367 in-

2135 2426 2297 2480 super
2318 2409 2535 2480 Phrygii
2566 2409 2747 2479 operis
2776 2406 3055 2475 adjuncta,
3095 2420 3218 2462 cum
3249 2404 3463 2460 caeteris
3487 2404 3734 2474 ejusdem

2134 2503 2372 2575 generis.
2402 2500 2615 2556 Statum
2656 2500 2805 2569 regni
2835 2500 3027 2564 nostri,
3057 2499 3257 2569 quidve
3282 2506 3405 2568 agat
3441 2506 3501 2552 et
3541 2496 3737 2551 molia-

2137 2605 2224 2649 tur
2247 2594 2333 2649 ille
2360 2592 2512 2663 Ilugo
2535 2590 2849 2656 Raimundi,
2877 2605 2976 2659 per
3001 2605 3097 2645 vos
3124 2588 3265 2644 scire
3293 2588 3463 2657 cupit.
3492 2587 3549 2640 lu
3586 2603 3737 2641 com-

2136 2699 2297 2741 mune
2328 2684 2430 2737 hoc
2458 2683 2753 2747 sentimus,
2794 2680 2937 2751 quod
2969 2680 3125 2735 vobis
3154 2688 3364 2741 ratum,
3404 2677 3566 2733 nobis
3593 2692 3735 2748 pne-

2139 2775 2559 2831 stantissimum.

2629 2862 2965 2919 EPISTULA
3004 2862 3245 2919 XXXVI.

2137 2976 2206 3014 AD
2237 2975 2486 3015 WIDONEM
2508 2974 2756 3014 ΔΒΒΔΤΕΠ
2776 2972 3179 3022 CANDAVENSEN,
3206 2974 3276 3013 ΕΧ
3298 2972 3537 3012 ηιεοκι
3565 2972 3737 3010 ADL]..-

2811 3044 3053 3084 BERONIS.

2222 3119 2349 3175 Vide
2393 3098 2715 3192 Patrologite
2756 3131 2883 3174 tam.
2926 3116 3127 3173 CXXX
3142 3117 3249 3173 v11
3288 3120 3344 3174 in
3372 3119 3741 3175 summa

2140 3213 2399 3280 Reuensn
2427 3215 2577 3283 epist.
2609 3213 2664 3267 5.

2611 3302 2947 3361 EPISTOLA
2983 3301 3247 3359 XXXVII.

2465 3412 2543 3451 AD
2592 3411 2939 3450 ROBER’I‘CI
2991 3409 3388 3450 PALATINUH.

2209 3491 2507 3548 Plurimum
2537 3506 2587 3549 te
2619 3495 2723 3549 mei
2756 3495 3068 3549 meminisse
3108 3504 3260 3564 puto,
3295 3507 3456 3561 quem
3487 3491 3613 3547 dies
3643 3505 3742 3545 no-

2139 3593 2364 3652 ctesque
2390 3585 2616 3654 privatis
2643 3586 2791 3641 curis
2833 3587 3122 3641 inter-sero.
3161 3586 3348 3656 ltaque
3374 3593 3430 3639 et
3458 3584 3737 3639 dominam

2140 3694 2315 3734 meam
2344 3680 2677 3749 Theuphanu
2708 3677 3158 3750 [Theophaniam]
3202 3679 3305 3731 mei
3346 3677 3630 3731 recordari
3660 3676 3742 3730 fa-

2139 3769 2273 3832 cies,
2316 3784 2477 3838 quam
2508 3784 2723 3838 semper
2750 3769 2908 3838 cupio
2936 3769 3074 3823 bene
3109 3768 3316 3826 valere,
3368 3775 3424 3820 et
3464 3781 3593 3820 cum
3630 3764 3741 3818 ﬁlio

2140 3859 2373 3914 feliciter
2398 3858 2883 3929 imperare..Cujus
2909 3859 3254 3924 memoriam,
3281 3866 3341 3911 ut
3371 3872 3590 3925 :cqunm
3632 3863 3738 3917 est,

2141 3950 2476 4019 frequentem
2503 3948 2696 4013 habeo,
2719 3947 2785 4001 ad
2815 3946 2969 4015 cujus
2997 3947 3255 4000 auxilium
3285 3962 3370 4000 me
3399 3943 3743 4014 quampluri-

2141 4057 2259 4096 mos
2290 4040 2701 4099 declamatores,
2737 4048 2795 4092 ut
2842 4040 3003 4102 nosti,
3035 4038 3316 4093 cxacuisse
3363 4036 3538 4093 Gallia
3586 4037 3744 4090 testis

2143 4141 2245 4185 est.
2274 4132 2413 4201 Ergo
2447 4131 2519 4183 tui
2546 4128 2706 4184 oIIicii
2738 4130 2842 4183 erit
2884 4129 3086 4184 rescire
3113 4138 3170 4183 et
3215 4127 3549 4193 rescribere,
3584 4143 3654 4181 an
3688 4128 3742 4180 in

2142 4220 2372 4277 Francia
2403 4220 2547 4275 velut
2576 4221 2732 4274 miles
2773 4221 3211 4275 succenturiatus
3252 4234 3351 4288 pro
3388 4218 3590 4272 castris
3618 4218 3740 4272 Ca:-

2142 4312 2282 4366 saris
2315 4326 2645 4375 remaneant,
2672 4326 2738 4362 an
2770 4320 2989 4378 paratus
3018 4326 3179 4365 oume
3216 4309 3515 4380 periculum
3550 4309 3742 4364 subire

2142 4414 2239 4453 vos
2267 4400 2479 4461 adeam,
2508 4416 2576 4453 an
2603 4401 2780 4468 potius
2804 4402 2871 4453 ad
2896 4402 2997 4456 iter
3026 4401 3167 4470 quod
3199 4409 3253 4455 tu
3282 4411 3336 4455 et
3368 4400 3588 4454 domina
3619 4414 3740 4453 mea

2145 4489 2282 4544 bene
2308 4490 2529 4554 novisti,
2558 4508 2642 4544 me
2670 4504 2986 4561 praeparent,
3019 4501 3075 4546 ut
3097 4492 3276 4561 Papia:
3306 4494 3358 4545 in
3390 4491 3597 4560 palatio
3627 4491 3740 4545 dis-

2145 4581 2377 4651 positum
2408 4595 2490 4638 est
2519 4603 2531 4636 :
2573 4584 2840 4654 simulque
2871 4602 2977 4639 non
3015 4584 3242 4648 tacebis,
3273 4583 3384 4646 ubi,
3410 4592 3466 4637 et
3490 4582 3738 4652 quando,
3784 4610 3787 4619 ι

2144 4688 2200 4732 et
2227 4680 2353 4749 quid
2388 4689 2442 4733 tu
2476 4682 2541 4735 de
2582 4682 2686 4736 h.c
2722 4696 2778 4735 re
2814 4683 3036 4735 sentias.
3086 4679 3198 4734 Hoc
3243 4694 3459 4748 quoque
3491 4688 3545 4730 te
3576 4692 3741 4731 nosse

2147 4772 2342 4835 velim,
2389 4787 2723 4842 quaecunque
2768 4772 2819 4826 in
2850 4773 3043 4826 eodem
3086 4770 3289 4839 palatio
3336 4770 3467 4824 tutis
3510 4768 3739 4822 auribus

2146 4864 2395 4919 counnisi
2438 4865 2505 4916 de
2554 4863 2689 4926 fide,
2735 4862 2957 4931 pietate,
3004 4862 3303 4917 stabilitate
3349 4861 3495 4914 illius
3539 4858 3739 4913 famosi

2144 4957 2502 5011 Adalherunis
2530 4955 2921 5025 archiepiscopi
2968 4971 3095 5027 erga
3143 4954 3369 5010 herilem
3405 4952 3583 5007 nostri
3621 4951 3739 5007 Ca:-

2174 5051 2278 5082 nnl:.-
2314 5049 2473 5078 RH...»
2548 5058 2592 5072 nl
2644 5051 2673 5070 '3
2701 5049 2759 5068 ,“
2789 5056 2799 5066 ⁸
2848 5064 2865 5065 νί
2954 5047 2990 5063 θ’
3012 5062 3019 5063 ί
3181 5048 3193 5064 ι
3253 5048 3275 5066 ιν
3306 5061 3376 5066 νον-
3423 5043 3573 5074 2³⁸³141
