3948 5350
498 272 606 331 2ιὸ

487 387 777 446 homicidia
803 386 1133 457 exercenda.
1164 385 1468 456 Delegimus
1497 392 1705 439 certmn
1735 385 1905 437 otium
1957 391 2066 436 stu-
2096 385 2147 441 Λ

488 482 720 545 diorum,
745 495 906 549 quam
935 478 1198 533 incertum
1231 477 1505 548 negotium
1537 475 1822 532 bellorum.
1852 474 1917 528 Et
1943 487 2072 544 quo-

488 571 632 626 niam
662 569 889 640 veStigia
926 567 1275 638 philosophiae
1305 568 1430 622 dum
1464 567 1745 638 sequimur
1791 580 1896 620 non
1936 578 2068 619 con-

487 663 794 733 sequimur,
835 652 1067 731 impetus
1105 659 1484 714 tumultuantis
1529 658 1698 713 animi
1733 674 1839 712 non
1879 669 2070 711 omnes

489 752 863 821 repressimus,
909 751 1070 805 modo
1110 750 1441 805 recurrimus
1470 751 1536 805 ad
1579 765 1645 804 ea
1688 765 1808 819 qua:
1850 747 2074 819 reliqui-

452 827 455 829 ’
488 857 623 908 mus,
654 857 796 897 nunc
823 841 1096 912 Hispaniae
1128 842 1398 912 principes
1427 842 1638 896 adimus
1661 841 1944 896 familiaris
1974 855 2070 894 no-

487 934 584 987 stri
637 931 849 987 abbatis
891 931 1118 988 Guarini
1177 933 1554 988 adhortatione
1600 933 1879 998 commoti,
1922 933 2070 988 hunc

486 1026 655 1081 sacris
686 1025 884 1079 litteris
914 1022 1144 1079 domina:
1177 1033 1373 1079 nostra:
1402 1024 1740 1094 Thenphann
1764 1023 2068 1095 imperatri-

487 1118 564 1171 cis
605 1131 821 1187 semper
848 1115 1126 1182 Augusta},
1168 1130 1385 1184 semper
1427 1115 1688 1179 amanda),
1730 1128 1943 1185 semper
1977 1129 2068 1168 cc—

487 1206 680 1268 lcndaz,
718 1205 993 1276 prioribus
1029 1203 1348 1260 divellemur
1370 1205 1586 1275 coeptis.
1612 1204 1669 1258 In
1703 1214 1851 1258 tanta
1885 1218 2065 1258 rerum

487 1296 870 1362 inconstantia,
907 1295 1112 1350 doloris
1152 1304 1352 1362 metus,
1381 1295 1563 1366 gaudii
1594 1295 1884 1365 appetitus,
1927 1295 2068 1349 ﬁdis-

485 1386 607 1440 simi
635 1386 804 1454 patris
829 1385 1071 1454 Gcraldi,
1103 1401 1263 1456 quem
1295 1388 1410 1442 haec
1441 1402 1544 1441 non
1575 1398 1824 1458 tangunt,
1860 1387 2066 1457 specia-

487 1475 551 1528 lis
599 1475 740 1529 ﬁlius
776 1474 1074 1531 Gerbertus
1121 1477 1516 1545 sequendorum
1559 1477 1804 1546 deposcit
1847 1486 2068 1532 sentcn-

485 1565 636 1618 tiam.
686 1562 852 1630 Vale,
901 1568 1079 1621 valeat
1130 1576 1286 1637 pater
1339 1567 1639 1635 Gcraldus,
1683 1567 1858 1623 valeat
1902 1569 2068 1623 frater

487 1657 756 1723 Airaldus,
801 1657 982 1713 valeat
1023 1659 1398 1715 sanctissimus
1438 1662 1593 1723 ordo,
1634 1676 1789 1715 meus
1834 1660 1973 1715 altor
2013 1670 2068 1714 et

486 1748 824 1812 informator,
861 1750 1078 1820 meique
1115 1751 1187 1806 sit
1220 1766 1426 1806 memor
1462 1751 1514 1804 in
1559 1751 1764 1805 sanctis
1791 1751 2064 1821 petitioni-

485 1839 604 1905 bus,
636 1855 701 1894 ac
737 1840 914 1896 Patris
949 1839 1014 1895 Δ.
1065 1843 1460 1914 archiepiscopi
1492 1841 1786 1898 Remorum
1830 1841 1934 1896 sibi
1973 1857 2069 1911 per

485 1929 662 1982 Olltuia
693 1931 896 1985 devoti.

984 2039 1326 2097 EPISTOLA
1368 2040 1552 2097 XLVI.

937 2149 1006 2188 AD
1041 2149 1322 2190 CERALDU)!
1360 2149 1626 2189 ABBATEM.

551 2223 636 2279 An
666 2225 963 2297 quidquam
1005 2227 1199 2283 melius
1241 2228 1432 2283 amicis
1463 2228 1718 2282 divinitas
1747 2228 2068 2283 mortalibus

485 2319 811 2372 concesserit
849 2319 1052 2385 nescio,
1082 2321 1128 2374 si
1160 2320 1320 2376 modo
1347 2321 1383 2375 ii
1419 2329 1547 2376 sunt
1576 2320 1667 2390 qni
1707 2310 1868 2392 digne
1902 2335 2067 2390 expe-

487 2408 567 2462 titi
597 2409 863 2480 digneque
889 2411 1388 2467 videantur-habiti.
1418 2412 1570 2468 Felix
1599 2414 1738 2477 dies,
1763 2414 1888 2468 felix
1911 2415 2062 2479 hora,

486 2516 589 2570 qua
631 2500 784 2556 licuit
815 2504 1031 2559 novisse
1069 2505 1272 2570 virum,
1303 2504 1458 2574 cujus
1501 2506 1738 2562 nominis
1762 2509 2067 2562 recordatio

477 2608 671 2650 ornues
706 2613 734 2649 a
773 2597 929 2652 nobis
962 2597 1237 2654 molestias
1269 2600 1577 2656 deterserit.
1610 2599 1737 2669 Ejus
1761 2601 1806 2655 si
1836 2617 2068 2671 praesen-

485 2687 552 2740 tia
586 2687 667 2742 veI
704 2688 975 2744 interdum
1009 2690 1244 2757 fruerer,
1274 2692 1574 2747 beatiorem
1607 2710 1692 2748 me
1722 2709 1829 2748 non
1862 2693 2066 2749 frustra

486 2790 747 2847 putarem.
785 2780 937 2849 Quod
968 2793 1027 2838 ut
1065 2783 1237 2850 ﬁeret,
1270 2785 1430 2842 sedes
1471 2786 1606 2842 mihi
1654 2802 1762 2842 non
1801 2788 2067 2858 ignobiles

485 2894 533 2930 ιιι
568 2877 716 2931 Italia
774 2879 1192 2938 collocaveram.
1227 2882 1334 2939 Sed
1367 2885 1592 2941 involvit
1624 2887 1882 2941 mundmn
1924 2902 2064 2942 cteea

485 2968 715 3034 lortuna,
745 2987 864 3040 qua:
886 2976 1080 3045 premit
1107 2975 1360 3048 caligine,
1393 2995 1459 3032 an
1489 2981 1814 3050 pnecipitet,
1845 2968 2067 3035 audiri-

486 3068 572 3124 gat
598 3075 682 3114 me
715 3062 874 3116 modo
906 3066 1214 3120 tendentem
1251 3067 1376 3133 bac,
1407 3070 1565 3123 modo
1594 3071 1736 3126 illac.
1773 3073 2063 3127 Adhterent
2089 3103 2134 3164 ρ

486 3148 662 3204 vultus
687 3151 846 3206 amici
873 3153 1020 3208 inﬁxi
1047 3166 1266 3224 pectore
1292 3176 1306 3211 :
1333 3173 1455 3213 eum
1487 3159 1630 3223 dico,
1664 3160 1858 3228 quiest
1885 3160 2059 3215 domi-
2089 3185 2092 3190 -

485 3254 584 3293 nus
626 3251 680 3295 et
717 3251 870 3312 pater
900 3260 1052 3300 meus
1085 3245 1374 3316 Gcraldus,
1405 3247 1562 3318 cujus
1604 3247 1928 3305 deliberatio
1968 3266 2068 3307 no-

487 3341 592 3384 slra
615 3329 709 3386 ﬁet
736 3335 1033 3390 exsecutio.

975 3443 1308 3502 EPISTOLA
1355 3448 1566 3507 XLVII.

536 3549 604 3586 ΔΙ
644 3549 973 3590 Αωωεκοκι
1013 3553 1265 3594 νυελτωι
1311 3557 1603 3596 εριδεοιδωι
1643 3559 2013 3598 ΥΙΒΩΟΝΕΝΞΕΜ

901 3621 970 3662 ΕΤ
1010 3624 1333 3666 IIERDIANNU)!
1372 3629 1636 3668 FRATRES.

551 3713 759 3770 Felices
790 3716 989 3786 quibus
1016 3729 1242 3789 paterna
1273 3723 1446 3778 virtus
1486 3723 1764 3795 exemplar
1790 3726 1860 3780 sit
1887 3725 2069 3780 imita—

483 3806 607 3860 uile.
641 3807 833 3863 Vester
862 3811 1076 3880 genitor
1106 3813 1208 3867 hoc
1236 3815 1394 3884 petit.
1442 3816 1781 3885 Repentinus
1806 3833 1965 3873 casus
1999 3834 2069 3874 ne

486 3911 577 3951 vos
609 3897 904 3964 deterreat,
949 3899 1059 3954 ﬁlio
1087 3900 1322 3959 Caesaris
1357 3903 1520 3957 ﬁdem
1550 3921 1710 3973 quam
1743 3907 2069 3975 promisistis

485 3986 797 4043 .nviolatam
835 4001 1072 4057 servate,
1109 3995 1292 4049 omnia
1334 4006 1512 4051 castra
1557 3999 1627 4053 ab
1668 3999 1918 4054 hostibus
1951 4009 2068 4056 tuc-

486 4077 641 4144 mini,
683 4080 917 4152 denique
964 4100 1064 4140 nec
1096 4084 1493 4157 Scarponnam,
1540 4106 1642 4144 nec
1672 4089 1936 4146 IIaidonis
1974 4107 2065 4147 ca—

487 4168 720 4233 steIIum,
764 4187 864 4227 nec
912 4176 1176 4243 quidlibet
1222 4193 1414 4232 eorum
1461 4197 1584 4249 quae
1626 4181 1780 4236 vobis
1823 4183 2061 4251 reliquit,

486 4261 710 4318 Francis
741 4264 1072 4336 reliqueritis
1102 4287 1114 4322 :
1147 4269 1312 4325 illecti
1337 4281 1430 4325 aut
1449 4287 1584 4327 vana
1607 4287 1701 4341 spe
1729 4288 1840 4327 sua:
1867 4274 2062 4328 libera-

486 4352 666 4420 tinnis,
698 4365 790 4410 aut
827 4366 1037 4414 terrore
1084 4360 1167 4413 sui
1195 4362 1489 4427 cruciatus,
1529 4372 1624 4416 aut
1652 4364 1745 4417 lilii
1773 4363 2058 4419 Friderici.

486 4441 608 4498 llaec
631 4455 898 4516 pmcepta
924 4450 1303 4518 magnanimus
1330 4460 1486 4520 pater
1511 4453 1792 4522 generosis
1821 4453 1944 4508 ﬁliis
1972 4455 2065 4508 de-
2097 4466 2147 4525 ι)

487 4533 580 4588 .lit.
629 4533 879 4593 Sentiant
924 4539 976 4594 in
1014 4539 1164 4596 vobis
1205 4541 1389 4598 hostes
1417 4559 1523 4598 non
1554 4560 1614 4598 se
1651 4553 1820 4599 totum
1849 4545 2060 4615 cepisse

488 4622 853 4692 Bodelridum,
884 4628 1083 4683 auxilia
1115 4632 1353 4702 undique
1375 4644 1710 4704 comparate,
1737 4636 2062 4692 liberatores

487 4715 689 4783 patriae,
740 4733 834 4772 vos
863 4717 1068 4774 similes
1097 4723 1239 4790 patri
1280 4723 1331 4777 in
1356 4722 1610 4780 omnibus
1653 4736 2058 4796 reprmsentate.

487 4821 590 4860 xvn
615 4806 840 4863 Kalend.
872 4812 1074 4881 Aprilis
1106 4830 1192 4870 me
1222 4815 1569 4888 interpretem
1603 4818 1719 4874 ﬁeri
1769 4819 1935 4875 voluit
1959 4821 2061 4877 sibi

488 4899 672 4970 suique
702 4900 1045 4958 ﬁdissimum.

966 5023 1298 5081 EPISTOLA
1350 5026 1576 5083 XLVIII.

1018 5134 1087 5172 AD
1125 5136 1515 5179 ιΝλιοιιιΝΑτωι.

552 5224 849 5282 Obscuram
883 5230 1168 5300 epistolam
1199 5242 1254 5290 et
1285 5234 1401 5290 sine
1427 5237 1643 5292 nomine
1673 5239 1860 5308 paucis
1886 5239 2065 5296 absol-

489 5319 657 5350 ,υἷι-ιηο
740 5321 755 5350 Ι
782 5323 1024 5350 Λιιιηηζιιη
1079 5341 1171 5350 -ιι-
1216 5326 1357 5350 εκ--.
1372 5327 1458 5350 -ε--
1522 5331 1648 5350 ..-.--1

1172 269 1527 326 SILVES’I’RI
1558 267 1599 325 Il
1641 266 1842 324 I‘AI’.-E
1875 266 2026 324 OI‘P.
2065 265 2242 324 PARS
2277 265 2358 322 III.
2393 297 2461 306 —
2499 264 2716 322 εριςτ.
2758 266 2848 323 ΕΤ
2886 267 3156 326 DIPLOM.

2687 381 3021 438 EPISTOLA
3061 381 3244 438 XLIX.

2354 487 2420 526 Δί)
2459 486 2804 528 NOTEGARIUM
2857 489 3148 529 εριεςορωι
3186 487 3572 532 ιεουιςεκεειι.

2245 561 2549 633 Spectabile
2580 561 2786 618 faciunt
2812 578 3006 619 nomen
3037 573 3276 620 vestrum
3307 569 3594 636 przcsentia
3625 578 3760 624 tem-

2171 670 2324 725 pora,
2350 655 2545 724 quibus
2572 671 2868 726 paucorum
2894 657 3146 712 laudatur
3175 659 3438 728 probitas,
3463 661 3757 718 multorum

2172 747 2496 816 praedicatur
2555 746 2890 816 improbitas.
2956 747 3281 819 Speculatur
3346 767 3492 806 nunc
3549 755 3761 810 amicus

2169 843 2350 891 vester
2379 836 2725 903 Godefridus,
2780 839 2871 909 qui
2908 841 3209 894 amicorum
3259 856 3319 896 se
3370 842 3552 911 potius
3592 859 3759 913 quam

2169 941 2268 983 Sua
2316 929 2640 996 amaverint,
2687 930 2778 999 qui
2823 931 2976 984 uxori
3030 947 3096 986 ac
3143 932 3332 988 liberis
3387 933 3548 988 ﬁdem
3596 934 3760 991 Iaturi

2170 1019 2370 1086 forent,
2408 1020 2453 1075 si
2485 1036 2546 1076 se
2585 1021 2775 1076 ultima
2825 1022 3094 1091 rapuisset
3136 1024 3273 1078 dies.
3311 1024 3380 1078 Et
3411 1027 3538 1095 quia
3579 1034 3765 1082 tantus

2168 1111 2254 1164 vir
2279 1111 2346 1166 de
2391 1112 2548 1167 vobis
2588 1112 2792 1182 optime
2833 1113 3020 1179 sentit,
3059 1115 3163 1168 hoc
3196 1116 3370 1170 solum
3404 1117 3606 1172 indicio
3639 1132 3764 1174 esse

2168 1213 2365 1271 potest,
2394 1211 2594 1272 quanta
2621 1203 2672 1257 in
2707 1204 2860 1259 vobis
2885 1205 3093 1260 eniteat
3117 1207 3311 1262 virtus.
3337 1209 3439 1275 Qui
3463 1224 3523 1264 se
3549 1217 3762 1275 amant,

2167 1291 2367 1361 quisque
2410 1293 2492 1347 sui
2540 1303 2687 1359 sunt,
2739 1294 2991 1349 hortatur
3032 1304 3086 1350 et
3129 1297 3388 1353 admonet
3432 1309 3490 1353 ut
3525 1298 3764 1353 domina:

2166 1398 2278 1438 sua:
2302 1381 2624 1454 Teuphanu,
2657 1385 2877 1455 ﬁlioque
2915 1385 3032 1455 ejus
3063 1386 3222 1441 ﬁdem
3254 1388 3508 1456 habeant,
3538 1391 3766 1444 minime

2166 1473 2378 1528 viribus
2410 1474 2647 1528 hostium
2677 1474 2787 1530 sint
2815 1474 3058 1539 infracti,
3093 1476 3241 1531 nullo
3269 1486 3582 1534 terreantur
3606 1494 3762 1534 casu.

2165 1563 2353 1619 Aderit
2386 1564 2507 1620 lazta
2549 1565 2686 1630 dies,
2725 1581 2845 1636 quae
2894 1567 3083 1636 patria:
3113 1569 3419 1636 proditores
3457 1580 3514 1625 et
3555 1570 3763 1624 libera-

2167 1663 2315 1710 tores
2344 1671 2470 1709 vere
2515 1657 2793 1726 suppliciis
2825 1666 2881 1711 et
2919 1657 3157 1726 praemiis
3199 1659 3520 1730 distinguat,
3551 1661 3764 1733 dis-gre-

2169 1755 2278 1814 get.
2311 1745 2659 1801 Fidissimum
2705 1748 2859 1802 vobis
2896 1748 3294 1804 Adalberonem
3343 1751 3638 1806 Remorum
3670 1767 3764 1807 ar-

2173 1837 2570 1908 chiepiscopum
2619 1835 2764 1890 nullo
2813 1835 2972 1891 modo
3019 1837 3208 1892 harum
3253 1854 3434 1894 rerum
3479 1843 3761 1897 conscium

2170 1926 2398 1990 facietis,
2448 1927 2541 1995 qui
2581 1938 2784 1997 quanta
2830 1935 3110 1995 prematur
3170 1929 3452 1998 tyrannide
3489 1940 3765 1987 testantur

2170 2018 2412 2086 epistolae
2438 2019 2504 2073 ad
2541 2019 2980 2089 arcbiepiscopos
3028 2028 3238 2074 vestros
3273 2021 3512 2088 directae,
3557 2023 3611 2077 in
3639 2024 3765 2094 qui-

2167 2109 2271 2164 bus
2318 2109 2453 2164 nihil
2503 2125 2689 2165 eorum
2726 2124 2847 2180 quae
2886 2107 3158 2164 voluerint
3207 2111 3452 2182 scripsit,
3501 2115 3597 2168 sed
3642 2127 3766 2184 qua

2171 2210 2439 2272 tyrannus
2462 2201 2757 2256 extorserit
2779 2198 3060 2256 oscitanti.
3167 2260 3180 2269 ο

2739 2293 3073 2351 EPISTOLA
3109 2295 3171 2351 L.

2562 2401 2629 2440 AD
2670 2401 2984 2441 »ιΑτηιιυΕΜ
3023 2402 3369 2444 (τοιιιτιεδωι.

2239 2476 2479 2545 Deponat
2519 2476 2735 2531 domina
2767 2492 2884 2532 mea
2927 2477 3198 2534 Mathildis
3225 2493 3440 2534 omnem
3481 2481 3760 2549 querimo-

2169 2566 2314 2620 niam
2344 2584 2357 2620 :
2388 2565 2726 2623 clarissimus
2759 2576 2940 2623 vester
2982 2569 3218 2638 conjunx
3252 2569 3579 2625 Godefridns
3623 2572 3764 2627 inter

2168 2670 2328 2726 pares
2361 2657 2693 2726 praecipuus,
2745 2673 2809 2713 ac
2853 2659 2986 2730 ipsis
3041 2661 3336 2716 victoribus
3368 2660 3761 2729 formidabilis,

2169 2747 2273 2802 hoc
2329 2748 2607 2818 praecepit.
2666 2746 2984 2804 Exhilarate
3036 2761 3303 2816 mentem,
3356 2753 3481 2822 quia
3539 2754 3763 2822 spiritus

2171 2838 2340 2893 tristis
2363 2839 2606 2893 exsiccat
2636 2853 2792 2904 ossa,
2830 2839 3056 2895 consilia
3105 2842 3307 2895 turbat.
3347 2843 3591 2898 Domina:
3624 2843 3764 2897 Teu-

2169 2930 2350 2999 phanu
2401 2931 2738 3000 itnperatrici
2795 2945 3013 3002 semper
3066 2932 3324 3003 Augustae
3370 2949 3436 2988 ac
3487 2935 3602 2988 ﬁlio
3649 2934 3765 3003 ejus

2169 3037 2383 3094 semper
2409 3024 2652 3094 Augusto
2690 3039 2815 3080 eum
2847 3024 2972 3080 ﬁliis
3001 3027 3196 3081 vestris
3229 3026 3387 3082 ﬁdem
3410 3027 3766 3097 purissimam

2167 3123 2399 3169 servate.
2425 3113 2644 3170 Pactum
2667 3130 2790 3170 cum
2813 3115 3039 3189 Francis
3061 3116 3308 3173 hostibus
3341 3118 3548 3172 nullum
3573 3117 3766 3183 facite,

2172 3205 2506 3262 Francorum
2551 3222 2708 3278 reges
2738 3209 3090 3263 aversamini.
3121 3209 3316 3264 Castra
3344 3210 3527 3263 omnia
3565 3210 3648 3264 sic
3689 3219 3769 3265 te-

2171 3306 2317 3362 nete,
2349 3298 2431 3351 sic
2459 3296 2752 3363 defendite,
2782 3308 2841 3352 ut
2865 3297 3066 3354 nullam
3098 3298 3149 3352 in
3177 3299 3260 3354 his
3289 3299 3527 3354 habeant
3552 3308 3768 3370 partem

2171 3388 2472 3442 adversarii
2504 3390 2703 3456 vestri,
2730 3389 2938 3446 scilicet
2967 3404 3145 3460 neque
3173 3406 3270 3460 pro
3299 3406 3394 3461 spe
3422 3390 3770 3448 Iiberationis

2171 3481 2388 3545 mariti,
2429 3496 2605 3550 neque
2651 3497 2748 3551 pro
2791 3489 3001 3538 terrore
3039 3483 3428 3554 peremptionis
3465 3482 3620 3552 ejus,
3671 3495 3770 3540 aut

2171 3569 2267 3625 ﬁlii
2287 3569 2575 3627 Friderici.
2606 3573 2732 3628 Haec
2761 3588 2816 3628 χι
2846 3573 2965 3628 Kal.
2994 3574 3196 3645 Aprilis
3221 3575 3288 3630 ad
3319 3575 3518 3631 ﬁmnen
3557 3576 3768 3632 Matro-

2171 3677 2296 3714 nam
2348 3677 2484 3718 mea:
2529 3663 2654 3719 ﬁdei
2706 3664 3014 3732 commisit,
3073 3682 3196 3738 quae
3247 3667 3403 3722 vobis
3448 3665 3607 3738 plena
3661 3669 3769 3726 ﬁde

2171 3753 2348 3807 retuli.

2729 3850 3065 3907 EPISTULA
3103 3851 3191 3905 LI.

2311 3942 2400 4011 (ΔΙ)
2438 3957 2758 3999 ΒΙΕΙΡΒΕῡυδί
2796 3959 3013 4000 εοιιιτιε
3052 3960 3233 4000 Ριιίωι
3269 3961 3602 4002 GERBERTUS.

2242 4035 2480 4090 Nimium
2510 4051 2754 4093 amorem
2782 4037 2926 4092 circa
2948 4047 3204 4107 parentes
3228 4048 3463 4104 vestros,
3487 4040 3579 4110 qui
3617 4057 3764 4097 nunc

2169 4128 2386 4182 exsules
2415 4137 2542 4182 sunt
2566 4127 2828 4182 habentes
2855 4168 2870 4193 ,
2900 4142 2995 4184 eos
3031 4129 3095 4183 ad
3128 4128 3328 4184 ﬁumen
3363 4129 3666 4186 .‘lIatronam
3699 4149 3753 4187 χι

2169 4220 2286 4274 Kal.
2307 4219 2510 4291 Aprilis
2527 4221 2743 4275 allocuti
2767 4235 2974 4276 sumus.
2998 4221 3064 4275 Et
3078 4238 3195 4292 qua:
3213 4223 3491 4278 dominam
3514 4234 3758 4280 nostram

2169 4313 2468 4383 Teuphanu
2495 4315 2561 4368 de
2593 4329 2691 4368 sua
2719 4314 2977 4370 ﬁdelitate
3006 4316 3148 4370 scire
3169 4314 3484 4384 voluerunt,
3520 4331 3619 4386 per
3647 4319 3760 4387 cpi-

2169 4405 2361 4458 stolam
2390 4404 2729 4460 mandamus.
2758 4404 2825 4460 Et
2843 4405 2970 4474 quia
2993 4420 3115 4460 cum
3143 4405 3518 4462 benevolentia
3545 4407 3762 4463 Ottonis

2169 4507 2221 4552 et
2253 4497 2544 4563 IIeriberti,
2577 4512 2806 4567 quorum
2831 4499 3078 4553 custodia
3102 4507 3412 4564 servantur,
3439 4513 3535 4553 eos
3556 4499 3757 4569 alloqui

2172 4591 2452 4658 valemus,
2501 4607 2837 4662 quacunque
2881 4600 2937 4646 et
2985 4608 3082 4648 vos
3111 4601 3167 4648 et
3193 4593 3408 4648 domina
3452 4603 3637 4649 nostra
3679 4595 3760 4650 eis

2171 4683 2429 4738 mandare
2472 4683 2646 4748 volet,
2701 4684 2899 4739 litteris
2945 4699 3046 4740 nos
3098 4685 3300 4741 habere
3357 4686 3590 4741 facietis.
3643 4687 3758 4743 lIoc

2173 4776 2396 4846 insuper
2422 4784 2616 4830 vestrae
2644 4776 2767 4831 ﬁdei
2792 4777 3216 4841 committimus,
3249 4776 3376 4846 quia
3399 4777 3445 4831 si
3473 4775 3754 4846 Hugonem

2173 4867 2326 4921 vobis
2373 4867 2424 4920 in
2478 4866 2773 4920 amicitiam
2823 4866 3238 4938 colligaveritis.
3287 4882 3477 4923 omnes
3524 4867 3755 4938 impetus

2173 4959 2508 5019 Francorum
2536 4959 2694 5014 facile
2719 4959 2962 5013 devitarc
2993 4959 3262 5015 valebitis.

2723 5053 3058 5110 EPISTULA
3095 5054 3202 5110 LII.

2384 5162 2454 5200 AD
2492 5161 2730 5203 ὩΟΜΙΝΑΜ
2770 5162 3083 5202 ΤΗΕυΡΗΔΝυ
3125 5161 3540 5203 IMPERA'I'RICEM.

2245 5237 2498 5308 Cupienti
2545 5238 2677 5291 mihi
2712 5253 2806 5291 vos
2832 5238 2985 5292 adire
3011 5237 3306 5292 secundum
3351 5238 3631 5307 imperium
3663 5253 3754 5293 ve-

2175 5319 2342 5350 !a_.-_--
2399 5343 2501 5350 η-..
2539 5327 2734 5350 f..--..l....
2767 5329 2937 5350 ---.ε--
2979 5337 3051 5350 --ι
3091 5328 3334 5350 .18--ε-.3ι--
3391 5327 3432 5350 ‘I

3257 5337 3334 5350 ι--
3391 5327 3515 5350 \I-_..
3555 5345 3606 5350 __
3634 5327 3726 5350 ΙῙ-1

2440 5343 2501 5350 Α-
2539 5343 2734 5350 --Α--Α-..Α
2767 5343 2822 5350 -Α
